1915 3135
123 164 159 194 5‘5
390 185 394 188 .
901 160 1050 189 NOTITIA‘.
1726 159 1761 189 55

131 231 219 255 uncto
231 245 240 258 ,
254 233 320 261 cap.
339 226 377 254 ΞΘ
389 246 396 258 ,
410 225 507 262 legisse
521 233 551 253 se
565 225 708 266 signiﬁcat,
723 223 924 260 ἑπαπυρήματα
939 225 961 253 Α
1010 219 1160 249 Sermonem
1172 219 1204 246 de
1217 219 1425 266 defectuApIuvite
1444 221 1577 246 memorat
1590 217 1683 247 Hebed
1696 217 1761 248 Iesu

137 273 197 309 περὶ
209 271 259 308 τῆς
270 272 330 299 τῶν
345 273 468 309 ἀρχαιων
483 271 664 307 πολυγαμιας.

172 318 298 353 Epistotte
319 318 537 354 quamplurima.
563 323 660 353 praeter
678 317 753 349 illas,
775 315 810 344 de
827 315 926 351 quibus

144 373 220 401 supra
240 373 318 393 num.
333 365 388 397 21,
405 366 433 392 in
448 365 547 400 quibus
565 364 691 392 omnibus
712 363 874 390 Arianorum
897 370 927 390 se

143 409 269 437 fautorem
282 410 401 445 prodere
418 413 533 445 arguunt
547 409 614 436 Acta
624 408 733 436 concilii
744 408 855 441 Nicaeni,
871 412 925 436 act.

144 462 183 486 vt,
201 459 220 482 t.
236 454 289 487 111,
316 456 383 482 edit.
404 455 541 488 Binianae,
569 461 630 490 pag.
660 453 734 487 662,
763 457 927 489 vertuntque

144 499 191 535 ipsi
216 500 294 532 vitio,
319 500 392 536 quod
404 501 468 528 licet
489 500 595 536 synodo
617 500 734 528 Nicaeum
758 499 928 534 subscripse-

145 545 190 577 rit,
206 551 232 573 et
247 547 314 573 πῡτὲ
332 547 381 582 μὲν
393 546 443 582 τὴν
456 546 583 582 ἀλήθειαν
598 546 807 582 ὑποκρινόμενος
820 545 929 572 ἀποδεί-

145 599 240 625 κνυται,
248 601 438 629 nonnunquam
447 594 580 621 veritatem
588 593 712 621 simulare
720 593 929 628 deprehenditur,

145 641 226 667 tamen
243 647 299 667 non
317 640 426 667 veniam
442 640 548 675 publice
563 640 670 676 petierit
692 639 726 667 de
746 639 856 674 scriptis
871 639 929 666 suis

141 691 220 720 eaque
234 687 450 719 retractaverit,
471 690 498 714 et
513 693 561 721 pro
575 686 700 721 epistolis
717 687 857 721 speciatim
872 686 929 713 suis

136 730 208 766 λόγον
226 731 398 767 Ἀπολογίας
415 740 470 760 non
494 732 694 768 composuerit,
714 732 927 768 vulgaveritque.

978 267 1006 295 in
1020 266 1149 301 Catalogo
1165 265 1290 293 librorum
1307 263 1508 296 Chaldworum,
1525 272 1553 291 ιι.
1570 264 1615 292 20.

1013 312 1214 350 l[Fragmentum
1232 311 1341 340 Eusebii
1352 311 1399 338 τοῦ
1415 311 1553 347 ’ᾼσματος
1567 310 1623 338 τῶν
1633 312 1763 347 ᾀσμάτων

976 360 1061 389 edidit
1088 359 1228 387 Munterus
1248 357 1296 387 Fr.
1317 357 1381 393 PP.,
1399 358 1458 392 Gr.,
1471 358 1481 386 l
1494 378 1502 391 ,
1524 367 1551 395 p.
1574 358 1609 386 ϐο
1635 367 1689 394 sq.;
1709 358 1762 386 alia

976 407 1073 443 fragm.
1083 406 1183 442 ejusd.,
1195 406 1312 433 Matthmi
1327 405 1354 433 in
1368 405 1523 440 Anecdotis,
1540 405 1669 441 Mosqnte,
1684 404 1761 433 1775.

977 454 1007 482 1η
1019 453 1143 481 Galland.
1159 453 1229 480 Bibl.
1253 452 1324 485 PP.,
1342 456 1408 479 tom.
1423 451 1468 483 ιγ,
1488 459 1516 488 p.
1538 451 1590 479 459
1614 459 1668 487 sq.,
1700 454 1765 479 sunt

979 498 1088 526 Eusebii
1115 498 1229 534 Pamph.
1257 497 1380 532 opuscul.
1406 504 1463 529 xtv,
1481 496 1597 532 primum
1623 496 1651 524 in
1676 495 1764 523 lucem

979 545 1050 572 edita
1068 552 1083 572 a
1099 543 1158 572 Jac.
1183 542 1339 571 Sirmondo.
1358 558 1393 563 —
1416 541 1621 570 Praamittuntur
1642 541 1763 577 ejusdem

980 588 1090 620 Eusebii
1113 591 1279 618 Prooemium
1302 594 1329 617 et
1353 597 1413 625 cap.
1440 597 1470 617 ιιι
1496 589 1587 625 priora
1608 589 1684 617 Dem.
1702 588 1769 625 Ευ.,ς

981 647 1035 666 una
1049 646 1110 665 cum
1135 638 1225 673 operis
1245 636 1351 672 epilogo
1379 622 1506 672 evulgata
1520 642 1534 662 a
1549 634 1573 662 J.
1594 635 1617 662 Α
1631 622 1770 663 Fabricio.’

981 684 1010 712 In
1031 685 1154 722 Prolegg.
1173 684 1206 712 de
1229 685 1273 712 his
1287 691 1315 719 p.
1341 690 1398 711 xxu
1420 691 1462 719 sq.
1482 681 1600 710 breviter
1617 680 1765 710 Gallandus

981 731 1061 767 egit.]

138 829 1175 844 =_________—______.=
1202 827 1759 842 ======

398 924 461 982 DE
488 922 597 980 VITA
625 921 926 990 SCRIPTISOUE
961 921 1142 980 EUSEBII
1178 921 1502 979 CMSARIENSIS.

447 1030 493 1067 (ﬂ.
506 1030 652 1064 VALESIUS,
664 1029 773 1067 Proles.
787 1030 822 1058 ad
837 1029 947 1058 Eusebii
962 1029 1066 1059 Hister.
1078 1029 1170 1057 coclea.
1184 1028 1228 1056 ed.
1240 1029 1360 1064 Mogunt.
1376 1027 1470 1062 M72.)

157 1192 196 1222 De
208 1193 272 1221 vita
286 1192 415 1221 Eusebii
430 1192 607 1220 Caesariensis
618 1191 717 1219 librum
730 1192 794 1220 olim
808 1191 933 1220 conscri-
946 1198 969 1226 Β
982 1191 1052 1218 libro
1068 1198 1116 1223 vn,
1140 1197 1256 1217 narrans
1270 1197 1302 1217 ea
1318 1196 1378 1224 quae
1394 1193 1524 1225 regnante
1540 1188 1767 1217 Gallieno'conti-

128 1243 219 1276 pserat
230 1239 374 1270 Aeacius,
388 1239 450 1274 ejus
461 1239 613 1273 discipulus
624 1243 651 1266 et
663 1238 691 1265 in
704 1238 863 1274 episcopatu
876 1237 936 1265 Caeo

135 1286 248 1315 sariensi
274 1292 444 1318 successor,
467 1288 497 1312 ut
512 1288 629 1313 testatur
649 1284 786 1312 Socrates.
804 1283 857 1312 Sed
872 1291 934 1312 cum

138 1332 180 1360 hic
190 1332 262 1360 liber
283 1339 345 1359 una
369 1338 433 1359 cum
448 1330 573 1366 plurimis
597 1330 659 1359 aliis
672 1331 814 1359 vetustatis
830 1330 935 1358 incuria

143 1379 259 1415 perierit,
279 1386 336 1406 nos
353 1377 481 1405 collectis
504 1377 568 1404 hinc
596 1377 659 1405 inde
674 1381 796 1404 veterum
820 1377 936 1412 scripto-

143 1431 202 1458 rum
219 1423 394 1452 testimoniis
410 1423 457 1458 qui
472 1421 505 1450 de
519 1422 642 1450 Eusebio
651 1422 735 1449 locuti
750 1425 824 1454 sunt,
846 1421 936 1456 jactus

143 1462 202 1497 Vram
217 1469 294 1496 illam
315 1476 368 1504 pro
382 1468 456 1496 virili
482 1472 558 1503 parte
579 1468 682 1496 sarcire
695 1467 865 1496 conabimur.
881 1467 936 1503 lgi-

145 1507 191 1544 ‘tur
199 1516 338 1544 Eusebius
351 1521 434 1543 natus
445 1520 486 1543 est
500 1515 527 1542 in
538 1514 682 1542 Palaestina
696 1514 747 1542 sub
762 1518 893 1546 extrema,
906 1517 936 1540 ut

143 1552 265 1596 ’videtur,
287 1562 405 1590 Gallieni
419 1566 549 1596 tempora.
564 1560 601 1587 Ex
617 1560 760 1588 Palaestina
775 1560 883 1595 quidem
905 1561 937 1586 il-

149 1608 203 1639 lum
223 1608 372 1635 oriundum
399 1606 484 1634 fuisse
497 1609 656 1641 argumento
676 1609 728 1637 est,
742 1605 814 1641 quod
831 1613 846 1632 a
865 1610 937 1633 vete-

149 1654 225 1682 ribus
246 1653 304 1681 fere
332 1652 495 1680 Palaestinus
509 1655 632 1679 vocatur.
657 1651 695 1678 Ita
713 1657 786 1679 certe
808 1651 935 1685 Basilius,

150 1699 335 1728 Theodoritus
350 1699 449 1734 aliique
466 1706 527 1726 eum
543 1698 688 1734 appellant.
706 1699 745 1725 Ac
766 1699 889 1733 quamvis
903 1698 938 1725 ob

150 1746 330 1774 Cmsariensis
344 1746 422 1772 urbis
437 1745 622 1780 episcopatum
639 1745 676 1771 ita
693 1744 877 1779 cognominari
891 1752 939 1779 po-

151 1794 214 1824 tuit.
237 1793 332 1820 verius
347 1796 439 1819 tamen
463 1791 529 1818 mihi
550 1791 668 1823 videtur,
686 1791 762 1818 illum
777 1798 793 1818 a
810 1792 895 1826 patria
912 1790 938 1818 id

150 1843 365 1876 cognomentum
379 1838 507 1866 traxisse.
532 1837 613 1866 Certe
635 1837 694 1872 ipse
714 1838 742 1864 in
759 1838 829 1864 libro
850 1838 938 1873 primo

985 1241 1093 1272 gerunt,
1110 1241 1254 1271 antequam
1269 1236 1303 1263 de
1321 1235 1397 1263 Pauli
1413 1235 1616 1265 Samosatcnsis
1628 1241 1722 1265 errare
1735 1245 1767 1265 ac

985 1281 1158 1308 damnatione
1173 1288 1325 1308 sermonem
1340 1280 1475 1312 instituat,
1496 1281 1538 1308 his
1554 1281 1640 1308 utitur
1654 1282 1745 1310 verbis
1758 1291 1767 1310 :

991 1326 1085 1354 Verum
1097 1326 1136 1353 Itis
1144 1326 1202 1361 jam
1217 1326 1353 1361 expositis.
1369 1334 1437 1353 nunc
1451 1325 1554 1354 tandem
1566 1335 1623 1362 quw
1634 1327 1772 1363 qualisque

986 1372 1065 1406 fuerit
1081 1366 1152 1399 wtas‘
1170 1376 1276 1404 nostra,
1302 1376 1466 1406 posterorum
1493 1372 1594 1400 nolitiw
1620 1373 1770 1401 tradamus.

986 1418 1115 1446 Parentes
1131 1426 1201 1453 quos
1228 1418 1364 1452 habuerit,
1387 1418 1468 1446 nobis
1495 1418 1694 1454 incompertum
1716 1424 1771 1454 est,

987 1465 1040 1492 nisi
1054 1465 1126 1500 quod
1143 1464 1311 1499 Nicephorus
1327 1464 1468 1497 Callistus,
1484 1465 1578 1493 nescio
1592 1473 1660 1500 quos
1676 1470 1773 1494 aucto-

987 1519 1031 1539 res
1047 1513 1166 1542 secutus,
1191 1511 1266 1538 illum
1288 1518 1382 1538 sorore
1402 1510 1536 1546 Pamphili
1556 1512 1683 1547 martyris
1696 1512 1773 1547 geni-

987 1561 1045 1585 tum
1058 1565 1119 1584 esse
1130 1556 1230 1591 prodit.
1243 1555 1272 1583 ln
1283 1556 1398 1591 epistola
1409 1560 1498 1584 autem
1511 1556 1568 1583 Arii
1580 1557 1613 1584 ad
1626 1556 1771 1585 Eusebium

987 1603 1233 1636 Nicomediensem,
1251 1602 1335 1630 frater
1351 1602 1462 1631 Eusebii
1477 1602 1692 1630 Nicomediensis
1705 1601 1771 1630 dici-

987 1654 1042 1678 tur.
1061 1651 1099 1677 Ac
1113 1650 1220 1677 tametsi
1245 1653 1357 1684 propter
1373 1649 1520 1676 amicitiam
1546 1648 1629 1677 frater
1656 1649 1710 1676 dici
1725 1655 1774 1685 po-

988 1696 1049 1728 tuit,
1067 1694 1160 1722 verius
1183 1697 1273 1721 tamen
1290 1694 1355 1721 mihi
1371 1694 1490 1726 videtur,
1507 1694 1582 1721 illum
1603 1697 1650 1721 aut
1667 1701 1774 1730 germa-

988 1748 1054 1768 num
1064 1744 1110 1768 aut
1123 1740 1317 1769 consobrinum
1331 1740 1416 1768 fuisse
1426 1739 1642 1768 Nicomediensis
1652 1739 1772 1772 Eusebii,

988 1787 1106 1814 maxime
1117 1794 1178 1813 cum
1190 1786 1270 1814 Arius
1282 1786 1406 1821 plurimis
1420 1786 1480 1813 aliis
1492 1786 1528 1813 ibi
1541 1787 1773 1819 commemoratis,

990 1838 1073 1860 unum
1093 1832 1287 1860 Caesariensem
1300 1832 1409 1859 fratrem
1422 1832 1537 1867 appellet
1547 1831 1773 1861 Nicomediensis.

151 1885 191 1914 De
210 1886 273 1913 Vita
290 1885 458 1913 Constantini
473 1892 503 1912 se
518 1884 607 1911 adhuc
622 1885 822 1912 adolescentem
843 1885 870 1911 in
887 1883 940 1911 Pa-
953 1887 974 1916 ε
990 1879 1092 1907 Deinde
1117 1878 1332 1907 Nicomediensis
1359 1878 1493 1906 Eusebius
1521 1879 1653 1906 oriundus
1675 1878 1726 1906 fuit
1740 1887 1774 1907 ex

150 1932 259 1960 ιπειὶηῆ
272 1931 417 1959 educatum
434 1937 466 1957 ac
478 1934 614 1958 versatum
626 1937 686 1957 esse
701 1933 827 1962 testatur,
848 1929 939 1964 ibique

150 1977 274 2012 primum
290 1983 305 2004 a
319 1984 349 2004 se
361 1977 450 2003 visum
466 1983 527 2004 esse
549 1975 768 2008 Constantinum,
790 1975 854 2003 dum
872 1975 895 2002 is
911 1976 938 2002 in

150 2022 286 2050 comitatu
298 2021 457 2049 Diocletiani
471 2021 583 2057 Augusti
597 2029 645 2057 per
654 2021 825 2048 Palaestinam
838 2021 889 2048 iter
901 2021 942 2048 fa-

150 2071 239 2096 ceret.
257 2067 311 2095 Sed
326 2067 393 2096 etin
406 2067 477 2094 libro
503 2075 523 2094 ιι
541 2067 663 2102 ejusdem
679 2067 779 2102 operis,
796 2066 841 2094 ubi
855 2067 940 2102 legem

151 2112 330 2140 Constantini
345 2111 439 2145 refert,
458 2120 539 2148 quam
556 2113 601 2140 ille
617 2120 666 2148 pro
688 2112 851 2140 Christianis
873 2112 942 2140 scri-

150 2159 209 2194 psit
232 2158 266 2185 ad
291 2158 463 2191 Palazstinos,
476 2158 649 2186 Palaestinutn
665 2166 694 2186 se
706 2158 791 2186 luisse
806 2158 877 2186 haud
892 2159 942 2186 ob-

152 2212 237 2232 scure
248 2204 395 2239 signiﬁcat.
411 2203 557 2239 Postquam
574 2204 646 2231 enim
658 2204 724 2238 legis
741 2203 827 2239 ipsius
840 2203 874 2231 ad
891 2203 942 2230 Pa-

150 2249 279 2277 laestinos
293 2249 383 2277 missa:
396 2249 478 2276 verba
491 2248 595 2280 retulit,
606 2248 664 2275 hac
679 2247 769 2275 addit:
785 2247 835 2275 Ha:
850 2248 942 2283 prima:

150 2295 323 2331 imperatoris
351 2295 446 2322 litterae
468 2294 502 2321 ad
521 2303 568 2322 nos
588 2295 685 2322 ηιξκιε.
719 2293 797 2327 Quod
817 2302 882 2322 vero
898 2301 943 2321 or-

149 2346 212 2370 tum
230 2342 305 2369 illius
317 2341 345 2368 in
356 2345 477 2369 extrema
490 2340 604 2368 Gallieni
619 2345 740 2376 tempora
755 2341 870 2373 contuli,
892 2340 944 2368 hu-

149 2389 198 2425 jus
218 2388 258 2416 rei
277 2391 420 2415 auctorem
440 2386 528 2414 habeo
542 2387 631 2421 ipsum
646 2385 804 2415 Eusebium.
819 2387 851 2414 In
865 2387 943 2415 libris

151 2434 228 2462 enim
254 2433 384 2460 "faterite
405 2432 587 2460 ecclesiastica:
614 2432 729 2468 loquens
755 2433 789 2460 de
814 2431 944 2468 Dionysio

151 2479 406 2508 Alexandrinorum
421 2479 560 2514 episcopo,
582 2479 657 2506 illum
676 2486 726 2506 sua
750 2482 828 2507 aetate
843 2479 946 2508 vixisse

151 2530 284 2558 testatur,
301 2530 332 2553 ut
347 2525 440 2553 videre
456 2530 499 2553 est
519 2527 549 2553 in
569 2526 640 2553 libro
654 2533 696 2558 ιιι,
715 2533 775 2561 cap.
789 2525 835 2554 '28.
854 2526 944 2559 Quare

992 1922 1082 1959 Syria.
1102 1922 1163 1950 Fuit
1177 1923 1249 1950 enim
1263 1923 1351 1958 primo
1365 1923 1509 1958 episcopus
1530 1923 1629 1959 Beryti.
1645 1922 1700 1951 Nec
1715 1931 1774 1952 mos

992 1973 1057 1996 tunc
1072 1973 1140 2002 erat,
1160 1973 1188 1996 ut
1204 1969 1326 1997 extranei
1343 1973 1369 1996 et
1384 1970 1469 2004 ignoti
1485 1969 1519 1997 ad
1538 1970 1669 2005 regendas
1679 1969 1776 1998 Eccle-

991 2023 1046 2043 sxas
1061 2018 1294 2050 promoverentur.
1311 2015 1341 2042 In
1349 2015 1526 2043 saecularibus
1539 2015 1691 2051 disciplinis
1704 2024 1774 2052 quos

991 2062 1140 2097 magistros:
1163 2061 1296 2094 habuerit,
1319 2060 1431 2096 perinde
1454 2062 1621 2097 ignoramus.
1642 2061 1671 2090 1n
1687 2063 1774 2091 sacris

993 2112 1082 2136 autem
1093 2107 1190 2135 litteris
1201 2111 1392 2143 praeceptorem
1402 2107 1497 2135 habuit
1511 2107 1674 2136 Dorotheum
1687 2116 1776 2136 eunti-

992 2154 1084 2186 chum,
1107 2152 1299 2181 Antiochensis
1319 2153 1448 2181 Ecclesia:
1463 2154 1649 2190 presbyterum
1670 2164 1676 2182 :
1695 2155 1775 2190 cujus

992 2201 1074 2228 etiam
1097 2200 1125 2227 in
1151 2200 1221 2227 libro
1244 2208 1282 2227 vit
1305 2199 1486 2228 honorificam
1511 2201 1677 2229 mentionem
1698 2200 1774 2229 facit.

993 2247 1155 2282 Quanquam
1174 2246 1307 2275 Eusebius
1321 2254 1354 2275 eo
1372 2246 1433 2275 loco
1448 2251 1553 2274 tantum
1565 2246 1631 2274 dicit
1646 2255 1661 2274 a
1681 2254 1712 2275 se
1723 2255 1775 2274 au-

993 2292 1080 2320 ditum
1094 2301 1155 2322 esse
1172 2293 1347 2326 Dorotheum,
1362 2293 1425 2321 dum
1442 2301 1536 2322 sacras
1555 2294 1661 2322 litteras
1682 2294 1710 2322 in
1725 2294 1777 2322 Ec-

993 2341 1076 2368 clesia
1102 2347 1156 2367 non
1180 2339 1351 2368 incommode
1376 2344 1533 2375 exponeret.
1557 2340 1585 2368 Si
1610 2341 1671 2376 quis
1686 2345 1777 2368 tamen

994 2394 1027 2414 ex
1040 2386 1083 2414 his
1094 2386 1204 2414 Eusebii
1216 2387 1307 2414 verbis
1320 2394 1380 2413 cum
1393 2386 1544 2414 Trithemio
1554 2387 1620 2414 velit
1639 2387 1776 2423 colligere,

994 2432 1140 2460 Eusebium
1154 2432 1280 2460 Dorothei
1296 2433 1382 2461 fuisse
1395 2433 1570 2469 discipulum,
1583 2433 1708 2468 equidem
1723 2442 1778 2462 non

994 2487 1157 2515 magnopere
1173 2472 1339 2515 repugnabo.

1032 2525 1069 2553 Ea
1096 2530 1257 2561 tempestate
1283 2530 1392 2554 mortuo
1415 2525 1583 2559 Theotecno,
1601 2526 1779 2554 Caesariensis

152 2580 217 2601 cum
232 2576 342 2600 constet
363 2572 523 2608 Dionysium
549 2572 763 2600 Alexandrinum
782 2579 852 2600 anno
867 2573 944 2608 prin-
959 2569 981 2597 D
995 2570 1124 2598 Ecclesiae
1145 2570 1331 2605 episcopatum
1354 2570 1562 2599 administrabat
1583 2569 1713 2606 Agapius,
1736 2570 1780 2597 vir

153 2619 263 2655 cipatus
287 2618 407 2646 Gallieni
433 2617 594 2649 duodecimo
624 2626 639 2646 e
660 2618 730 2645 vivis
756 2617 867 2650 abiisse,
888 2617 944 2646 Eu-

153 2665 262 2694 sebium
275 2665 332 2699 jam
350 2669 408 2691 tum
425 2663 453 2691 in
470 2664 557 2692 lucem
573 2664 675 2692 editum
692 2663 777 2691 fuisse
789 2668 906 2699 oportet,
919 2664 945 2692 si

152 2711 264 2746 quidem
276 2711 338 2746 ejus
348 2714 416 2738 astas
431 2710 459 2737 in
473 2717 505 2738 ea
520 2714 640 2745 tempora
656 2710 750 2738 incidit
765 2710 864 2746 quibus
877 2710 944 2738 vixit

152 2756 313 2793 Dionysius.
338 2756 412 2784 idem
436 2757 517 2784 etiam
539 2756 629 2792 colligi
659 2761 748 2792 potest
771 2765 805 2785 ex
832 2757 901 2784 libro
927 2765 945 2784 ν

155 2804 284 2831 Historia:
296 2803 486 2832 ecclesiastica:
499 2803 550 2831 sub
572 2802 664 2835 ﬁnem,
679 2803 725 2830 ubi
739 2803 772 2830 de
790 2802 945 2830 Artemonis

156 2850 252 2878 haresi
269 2850 354 2878 verba
384 2849 501 2881 faciens,
523 2848 636 2876 Paulum
665 2848 872 2876 Samosatenum
895 2857 945 2876 sua

156 2900 232 2926 State
248 2904 309 2926 eam
335 2895 466 2925 heresim
485 2903 631 2924 renovasse
648 2895 753 2924 scribit.
779 2894 902 2934 Denique
918 2894 945 2923 in

997 2617 1102 2644 eximiae
1116 2616 1280 2649 sanctitatis,
1296 2620 1322 2644 et
1335 2616 1427 2645 effusae
1440 2617 1468 2644 in
1484 2624 1615 2652 pauperes
1632 2616 1780 2643 liberalita-

996 2664 1042 2691 tis.
1058 2664 1100 2690 Ab
1110 2663 1161 2690 hoc
1173 2662 1306 2691 Eusebius
1316 2663 1344 2690 in
1357 2663 1458 2690 clerum
1473 2663 1585 2693 ascitus.
1597 2662 1779 2689 arctissimam

997 2708 1058 2736 iniit
1080 2708 1227 2736 amicitiam
1244 2716 1305 2736 cum
1323 2707 1474 2743 Pamphilo,
1495 2709 1540 2744 qui
1556 2712 1614 2734 tum
1637 2706 1706 2734 inter
1721 2706 1788 2734 (Item

998 2755 1128 2783 sariensis
1144 2755 1269 2782 Ecclesiae
1281 2754 1454 2790 presbyteros
1465 2754 1610 2782 eminebat.
1628 2753 1691 2780 Erat
1703 2752 1781 2780 Pam-

998 2801 1089 2837 philus
1121 2802 1232 2828 natione
1259 2800 1391 2832 Phoenix,
1415 2801 1495 2827 domo
1519 2800 1666 2836 Berytius;
1697 2798 1778 2826 Pierii

999 2847 1189 2875 Alexandrina:
1216 2846 1344 2874 Ecclesia:
1373 2846 1523 2882 presbyteri
1550 2847 1718 2882 discipulus.
1749 2849 1782 2874 ut

1001 2893 1095 2922 seribit
1113 2891 1237 2921 Photius.
1256 2892 1307 2925 Qui
1324 2899 1386 2920 cum
1399 2891 1551 2920 litterarum
1567 2900 1708 2923 sacratum
1722 2891 1786 2921 sin-
