1915 3135
218 138 256 167 55
714 135 884 165 EUSEBIUS
902 134 1140 164 CESARIENSIS
1159 134 1358 164 EPISCOPUS.
1807 138 1840 166 56

222 196 310 231 gulari
330 204 422 225 amore
436 197 574 233 ﬂagraret,
592 204 740 231 omnesque
757 195 1003 224 ecclesiasticorum
1017 197 1042 225 Α
1055 194 1156 227 sobius.
1174 195 1219 230 qui
1243 198 1284 222 tot
1297 194 1365 222 locis
1380 193 1551 230 Pamphilum
1572 195 1704 227 nominat.
1724 196 1842 231 ejusque

221 245 384 280 scriptorum
397 245 480 272 libms
493 252 524 271 ac
537 244 670 279 praecipue
681 243 816 279 Origenis.
829 250 936 271 summo
949 246 1003 270 stu-

220 294 266 320 dio
287 291 470 326 conquireret,
493 290 696 318 celeberrimam
720 289 841 317 scholam
861 297 892 317 ac
906 289 1003 317 biblio-

220 340 327 366 thecam
349 337 467 365 instituit
489 337 628 365 Caesareae.
645 336 730 370 Cujus
752 336 851 363 scholae
873 337 1003 371 magister

219 385 324 420 primus
340 383 425 411 fulsse
443 383 551 411 videtur
565 382 709 411 Eusebius.
730 383 811 410 Certe
825 381 958 409 Eusebius
975 382 1001 409 in

219 431 290 459 libro
306 431 345 458 De
363 430 523 466 martyribus
542 429 695 457 Palestina:
713 429 815 456 diserte
825 429 929 460 scribit,
947 428 1002 463 Ap-

218 476 358 512 phianum,
376 477 422 513 qui
439 477 519 504 tertio
534 475 733 511 persecutionis
754 483 826 503 anno
840 476 1000 511 martyrium

213 523 428 555 consummavit,
453 522 481 550 in
504 523 572 550 urbe
585 522 707 550 Caesarea
723 522 809 550 sacris
833 522 930 550 litteris
942 529 958 549 a
971 530 1001 550 se

212 570 353 597 eruditum
384 569 480 597 fuisse.
506 568 548 596 Ab
579 576 612 597 eo
639 573 759 605 tempore
786 569 921 596 Eusebius
937 576 998 596 cum

212 615 357 651 Pamphilo
375 622 483 651 semper
501 615 725 649 conjunctissime
739 615 817 647 vixit,
830 615 943 650 ejusque
958 614 1000 642 in-

210 659 345 687 dividuus
362 667 454 687 comes
468 659 502 687 ad
513 664 628 687 mortem
644 668 730 695 usque
744 661 894 695 permansit
910 669 916 688 :
932 660 999 687 adeo

215 704 268 739 ipsi
283 704 393 736 charus,
413 709 442 731 ut
457 704 491 732 ab
502 704 562 740 ejus
579 705 699 732 amicitia
715 709 924 740 cognomentum
940 712 999 732 sor-

216 750 282 778 titus
308 751 344 778 sit
368 750 510 784 Pamphili.
531 750 586 778 Nec
610 758 675 778 vero
694 751 782 778 solum
811 751 996 786 superstitem,

215 795 264 822 sed
284 795 365 823 etiam
383 800 517 823 mortuum
540 796 671 832 singulari
686 804 778 824 amore
798 796 893 824 dilexit
914 796 998 824 Eusc-

215 841 277 869 bius
293 851 299 869 :
317 843 355 869 ita
370 847 400 869 ut
415 847 476 877 post
493 847 607 870 mortem
626 843 768 878 Pamphili,
784 851 891 878 semper
906 843 939 870 de
951 843 997 870 illo

215 887 489 917 honoriﬁcentissime
510 889 592 917 simul
620 893 647 917 et
666 889 852 917 amantissime
873 890 997 924 loquere-

214 936 270 960 tur.
283 932 430 961 Testantur
446 933 498 962 hoc
514 938 571 962 tres
583 934 646 962 libri
654 933 693 961 De
712 934 774 961 Vita
786 933 919 969 Pamphili
929 943 997 961 mar-

214 979 282 1014 tyris
300 979 335 1007 ab
356 987 390 1007 eo
403 980 561 1016 conscripti,
585 988 654 1016 quos
678 981 895 1017 elegantissimos
917 985 997 1008 vocat

214 1024 405 1061 Hieronymus.
422 1025 493 1054 Idem
509 1028 591 1054 etiam
603 1027 740 1062 colligitur
749 1035 781 1055 ex
792 1027 916 1062 pluribus
928 1027 996 1055 locis

213 1070 260 1105 qui
285 1070 311 1097 in
341 1070 465 1098 Historia
487 1071 667 1098 ecclesiastica
681 1072 816 1107 leguntur,
838 1075 866 1099 et
882 1071 910 1099 in
926 1071 996 1099 libro

213 1117 252 1144 De
272 1117 432 1152 martyribus
461 1117 624 1145 Palaestinis.
642 1117 763 1153 Denique
778 1118 805 1144 in
828 1117 897 1145 libro
912 1125 930 1145 ιι
948 1118 994 1145 ad-

213 1171 302 1190 versus
317 1161 474 1196 Sabellium,
492 1164 539 1198 qui
560 1167 623 1199 post
640 1163 779 1191 Nicaenum
798 1163 944 1191 concilium
961 1164 995 1191 ab

212 1208 331 1244 Eusebio
359 1210 532 1246 conscriptus
562 1214 620 1243 est,
647 1209 816 1245 Pamphilum
847 1215 993 1246 martyrem

211 1254 368 1291 frequenter
381 1257 521 1292 praedicat,
539 1263 695 1292 quanquam
705 1264 853 1292 suppresso
865 1256 925 1292 ejus
941 1264 994 1284 no-

210 1301 294 1328 mine.
316 1300 385 1328 Nam
398 1305 426 1329 et
445 1302 472 1329 in
490 1302 550 1337 ipso
571 1302 703 1331 orationis
717 1302 828 1330 exordio
849 1303 886 1329 ita
904 1302 970 1330 dicit
985 1312 992 1330 :

210 1345 280 1373 Puto
295 1346 380 1374 adhuc
394 1355 469 1375 aures
484 1347 598 1383 obstrepi
613 1356 684 1376 meas
700 1356 717 1374 ιι
733 1349 860 1375 memoria
876 1348 944 1376 beati
961 1349 994 1375 il-

210 1392 264 1420 lius
281 1393 341 1425 viri,
363 1393 409 1429 qui
423 1393 472 1420 illa
490 1394 614 1428 religiosa
630 1394 777 1429 frequenter
792 1402 855 1421 usus
871 1399 909 1421 est
923 1402 991 1422 voce.

210 1437 283 1465 Nam
299 1443 324 1466 et
338 1447 415 1466 aures
434 1444 526 1467 vestrm
546 1439 632 1467 adhuc
652 1448 746 1467 sonum
762 1440 834 1467 illius
848 1441 915 1467 uocis
932 1441 994 1468 reti-

209 1490 280 1513 nent.
296 1485 366 1514 Puto
379 1486 449 1513 enim
468 1494 509 1514 me
522 1487 614 1514 audire
629 1495 688 1514 eum
701 1487 846 1515 dicentem:
871 1497 880 1513 ι
900 1487 994 1531 Unige-

1054 240 1173 267 amicitia
1197 244 1337 274 tantopere
1352 240 1494 275 gloriatur,
1511 248 1650 276 nunquam
1665 246 1757 269 tamen
1775 249 1842 277 pro-

1052 287 1183 321 pinquum
1194 291 1241 313 aut
1255 286 1360 314 afﬁnem
1369 294 1450 314 suum
1463 291 1553 314 vocat.
1562 287 1619 314 lmo
1632 295 1697 315 vero
1707 296 1740 315 ex
1749 288 1841 323 ipsius

1052 332 1162 361 Eusebii
1186 333 1342 361 testimonio
1365 332 1509 361 manifeste
1533 333 1691 366 conﬁcitur,
1710 333 1840 368 Pamphi-

1052 379 1108 406 lum
1123 384 1268 415 martyrem
1279 379 1387 407 Eusebii
1403 379 1583 414 propinquum
1594 387 1648 407 non
1660 379 1755 407 fuisse.
1768 378 1839 407 Nam

1052 426 1080 453 in
1096 426 1148 453 ﬁne
1164 426 1225 453 libri
1240 433 1278 452 vu
1302 425 1432 457 Historiw
1445 426 1639 459 ecclesiasticae,
1656 425 1702 453 ubi
1717 426 1751 453 de
1766 426 1840 461 Aga-

1051 472 1232 508 pio_Ecclesia:
1239 471 1414 500 Caesariensis
1424 473 1553 508 episcopo
1565 473 1646 500 verba
1657 472 1733 506 facit,
1748 473 1786 499 ita
1800 473 1841 500 lo-

1050 519 1143 554 quitur
1159 529 1165 546 :
1182 519 1270 553 Hujus
1293 524 1406 554 tempore
1426 519 1595 553 Pamphilum
1612 519 1696 546 virum
1713 519 1840 546 disertis-

1050 565 1157 598 simum,
1174 566 1278 600 vitaque
1291 571 1316 592 et
1336 565 1454 600 operibus
1473 574 1530 593 vere
1548 565 1774 600 philosophantem
1792 573 1839 592 ca-

1049 611 1183 646 gnovimus
1191 619 1201 643 ;
1217 612 1242 638 in
1256 611 1347 639 eadem
1360 611 1479 639 Ecclesia
1492 611 1635 646 presbyteri
1648 612 1744 638 honore
1759 612 1839 638 deco—

1050 661 1147 684 ratum.
1161 657 1229 684 Cum
1245 657 1328 692 igitur
1343 657 1477 685 Eusebius
1492 658 1549 692 ipse
1561 661 1686 689 testetur,
1700 665 1716 685 a
1729 665 1759 685 se
1770 661 1838 686 tunc

1050 704 1166 738 primum
1184 705 1323 739 cognitum
1339 712 1400 732 esse
1424 704 1605 739 Pamphilum,
1632 705 1700 732 satis
1721 707 1839 740 apparet

1048 750 1123 777 nulla
1139 750 1342 779 necessitudine
1357 755 1404 778 aut
1422 750 1552 779 aﬂinitatc
1565 758 1613 779 eos
1627 751 1698 778 inter
1719 758 1751 778 se
1768 758 1837 779 con—

1046 796 1156 831 junctos
1172 796 1268 824 fuisse.

1084 841 1136 870 Per
1156 842 1214 870 haec
1235 846 1357 878 tempora
1371 842 1486 878 contigit
1502 843 1663 879 gravissima
1678 843 1724 870 illa
1739 850 1835 878 perite»

1049 889 1122 915 cutio
1147 888 1383 922 Christianorum,
1405 897 1466 925 quae
1481 896 1497 916 a
1518 888 1686 917 Diocletiano
1711 890 1833 925 primum

1047 940 1136 971 empta
1144 956 1151 968 ,
1165 943 1181 963 a
1193 936 1370 970 sequentibus
1380 935 1509 972 deinceps
1525 929 1736 971 imperatoribus
1744 936 1779 963 ad
1788 936 1836 964 de-

1047 981 1146 1009 cimum
1157 989 1243 1017 usque
1252 989 1352 1009 annum
1362 987 1506 1019 prorogata
1513 981 1699 1018 est(a).llujus
1707 989 1836 1017 persecu-

1046 1027 1130 1055 tionis
1138 1032 1259 1063 tempore
1270 1028 1404 1056 Eusebius
1411 1033 1505 1063 utpote
1512 1028 1689 1057 Caesariensis
1703 1028 1836 1056 Ecclesia

1047 1079 1111 1103 tunc
1122 1075 1273 1110 presbyter,
1286 1075 1313 1101 in
1327 1082 1359 1102 ea
1374 1075 1441 1102 urbe
1454 1078 1586 1110 perpetuo
1597 1074 1653 1102 fere
1669 1074 1834 1109 permansit,

1048 1126 1076 1150 et
1091 1121 1229 1149 continuis
1249 1121 1450 1149 hortationibus
1463 1122 1563 1149 multos
1574 1121 1607 1148 ad
1621 1121 1782 1156 martyrium
1792 1121 1834 1148 in-

1045 1169 1155 1197 struxit.
1180 1169 1251 1196 lnter
1273 1176 1341 1203 quos
1368 1168 1420 1195 fuit
1442 1168 1621 1204 Apphianus,
1644 1167 1745 1196 nobilis
1768 1168 1835 1195 ado-

1046 1214 1166 1246 lescens,
1191 1214 1271 1249 cujus
1296 1214 1401 1242 illustre
1427 1218 1565 1242 certamen
1586 1214 1670 1241 refert
1696 1213 1834 1242 Eusebius

1044 1264 1136 1288 noster
1161 1261 1188 1288 in
1204 1261 1273 1288 libro
1295 1260 1335 1287 De
1361 1260 1523 1296 martyribus
1546 1259 1708 1288 Palestina.
1730 1259 1832 1287 Eadem

1043 1307 1234 1342 persecutione
1247 1312 1343 1342 captus
1358 1306 1515 1341 Pamphilus
1529 1311 1556 1334 et
1571 1306 1599 1333 in
1616 1313 1755 1334 carcerem
1771 1312 1834 1333 con-

1042 1353 1146 1388 jectus,
1168 1354 1304 1389 integrum
1323 1354 1462 1382 biennium
1482 1354 1510 1381 in
1524 1354 1640 1381 vinculis
1658 1352 1760 1387 exegit.
1773 1351 1833 1385 Quo

1043 1400 1154 1435 quidem
1182 1404 1305 1435 tempore
1333 1399 1466 1427 Eusebius
1494 1399 1610 1426 amicum
1633 1401 1660 1426 et
1683 1397 1831 1425 contuber-

1043 1446 1133 1473 nalem
1155 1453 1235 1473 suum
1257 1453 1429 1481 nequaquam
1452 1444 1573 1473 deseruit
1595 1454 1602 1471 :
1623 1443 1670 1472 sed
1688 1443 1764 1470 illum
1789 1442 1832 1470 in--

1044 1492 1136 1520 visens
1151 1492 1275 1524 assidue,
1291 1492 1412 1527 quinque
1427 1491 1510 1519 libros
1525 1490 1691 1525 Defensionis
1709 1489 1832 1525 Origenit

210 1532 281 1559 nitus
291 1532 338 1559 Dei
350 1531 450 1560 Filius.
460 1543 470 1559 )
480 1532 544 1561 licet:
557 1534 626 1561 enim
642 1534 763 1569 religiosa
779 1542 828 1562 vox
841 1542 886 1568 per
896 1543 924 1562 os
938 1535 994 1569 ejus
1007 1540 1029 1569 ο
1046 1536 1074 1564 in
1101 1544 1210 1565 carcere
1232 1544 1287 1564 una
1311 1544 1372 1564 cum
1388 1537 1435 1564 illo
1448 1536 1615 1570 elaboravit;
1637 1539 1744 1563 sextum
1767 1543 1833 1562 vero

210 1585 309 1612 semper
324 1578 502 1613 promebatur.
519 1579 648 1607 Memoria
662 1582 729 1607 enim
741 1585 797 1607 erat
815 1580 946 1615 Unigeuiti
961 1581 994 1607 ad

209 1624 323 1660 gloriam
336 1633 388 1653 non
409 1626 465 1653 nati
478 1625 580 1656 Patris.
601 1627 756 1654 Audiuimus
779 1634 865 1654 autem
881 1627 994 1661 Aposto-

210 1670 265 1697 lum
288 1672 480 1707 praecipientem
507 1672 632 1700 honorari
655 1674 755 1708 duplici
782 1671 879 1701 honore
904 1674 995 1701 debere

210 1716 386 1752 presbyteros,
407 1726 451 1745 eos
475 1719 590 1747 maxime
615 1720 660 1755 qui
676 1719 798 1747 laborant
822 1721 850 1747 in
877 1720 952 1747 verbo
969 1725 993 1747 et

209 1762 342 1790 doctrina.
370 1763 403 1791 Et
428 1772 488 1800 pag.
514 1765 549 1793 29
575 1765 673 1794 iterum
691 1766 725 1794 de
746 1774 779 1794 eo
803 1767 842 1793 ita
853 1767 992 1801 loquitur:

209 1808 275 1836 Hac
302 1817 354 1836 non
370 1817 416 1837 nos
439 1810 578 1843 extollunt,
606 1811 732 1838 memoria
747 1811 815 1838 beati
838 1811 911 1838 illius
933 1812 992 1839 viri.

212 1854 320 1883 Utinam
337 1861 423 1884 autem
434 1858 473 1884 ita
483 1858 581 1892 possim
595 1858 692 1890 dicere,
707 1863 735 1885 ut
746 1857 880 1885 vobiscum
894 1866 995 1892 semper

209 1902 242 1929 ab
251 1903 339 1930 eodem
352 1904 500 1931 audiebam.
518 1903 570 1932 Sed
579 1912 610 1931 ea
627 1913 686 1940 quae
716 1913 784 1932 nunc
797 1905 931 1936 dicuntur,
952 1905 993 1933 illi

208 1949 307 1983 placita
327 1950 413 1984 fuisse
439 1951 569 1978 videntur.
586 1951 678 1979 Gloria
700 1952 770 1979 enim
788 1957 827 1979 est
851 1953 992 1986 proborum

206 2003 350 2031 seruorum,
377 2006 437 2025 vera
459 1997 491 2024 de
518 1998 628 2025 Domino
650 1998 751 2030 dicere;
767 2003 792 2026 et
806 1999 888 2026 honor
903 2007 993 2026 eorum

207 2041 321 2070 Patrum
335 2044 379 2077 qui
392 2043 454 2070 bene
471 2043 626 2076 docuerunt,
640 2045 664 2072 si
676 2049 827 2079 repetantur
841 2053 931 2072 eorum
945 2045 993 2071 do-

208 2088 310 2116 ctrinae.
328 2089 360 2115 Et
374 2098 469 2117 rursus
483 2090 510 2116 in
525 2091 618 2117 eodem
632 2091 710 2123 libro,
723 2099 784 2126 pag.
794 2090 828 2118 57
841 2100 848 2118 :
866 2090 931 2118 Hac
944 2099 993 2117 au-

208 2134 344 2162 diebamus
359 2144 457 2169 semper
471 2144 487 2162 ιι
498 2135 572 2162 beato
587 2136 632 2162 illo
649 2137 714 2167 viro.
730 2136 805 2171 Saepe
820 2137 888 2164 enim
898 2137 936 2167 ita
950 2136 993 2163 di-

209 2178 334 2206 cebantur
349 2180 380 2206 ab
397 2189 437 2212 eo,
464 2185 492 2207 ut
508 2180 615 2215 quidam
629 2181 826 2216 suspicarentur
835 2190 878 2212 ore
889 2181 992 2216 quidem

1044 1586 1072 1611 et
1086 1582 1210 1610 ultimum
1231 1583 1353 1617 ejusdem
1370 1583 1461 1618 operis
1478 1583 1579 1610 librum
1596 1585 1703 1609 mortuo
1720 1581 1832 1609 demum

1045 1628 1162 1656 absolvit
1175 1628 1327 1665 Pamphilo.
1343 1629 1441 1656 Totum
1458 1636 1523 1656 vero
1538 1628 1603 1656 illud
1621 1636 1689 1664 opus
1699 1649 1706 1661 ,
1721 1627 1833 1655 confes

1045 1675 1153 1703 soribus
1173 1675 1201 1702 in
1215 1676 1331 1703 metallis
1350 1674 1501 1703 Palaestina:
1515 1674 1677 1710 degentibus
1696 1673 1731 1701 ab
1746 1673 1833 1701 Euse-

1044 1720 1090 1748 bio
1103 1725 1130 1748 et
1149 1721 1291 1756 Pamphilo
1312 1725 1498 1757 nuncupatum
1521 1725 1577 1753 est,
1599 1720 1831 1756 quemadmodum

1044 1766 1138 1794 scribit
1151 1766 1265 1794 Photius
1284 1766 1311 1793 in
1327 1765 1503 1798 Bibliotheca,
1525 1765 1614 1800 capite
1628 1765 1689 1792 118.
1699 1764 1831 1799 Ejusdem

1043 1813 1240 1848 persecutionis
1248 1817 1368 1847 tempore
1375 1832 1383 1845 ,
1396 1812 1432 1839 ob
1441 1811 1584 1846 quasdam,
1596 1816 1625 1838 ut
1635 1811 1766 1839 credibile
1776 1815 1830 1843 est,

1043 1858 1172 1886 Ecclesia:
1186 1858 1374 1890 necessitates,
1390 1857 1418 1885 in
1430 1857 1532 1893 Tyrum
1548 1856 1687 1892 profectus
1700 1862 1751 1885 est.
1769 1856 1830 1890 Qua

1043 1904 1071 1933 in
1087 1905 1153 1931 urbe
1164 1904 1230 1935 dum
1246 1903 1370 1939 degeret,
1385 1904 1506 1938 quinque
1519 1902 1709 1938 Egyptiorum
1724 1908 1830 1939 marty-

1042 1958 1103 1978 rum
1118 1950 1235 1985 gloriosa
1250 1949 1399 1977 certamina
1413 1948 1462 1977 abs
1481 1956 1511 1976 se
1524 1949 1582 1976 visa
1596 1956 1658 1976 esse
1670 1952 1788 1976 testatur
1800 1950 1830 1977 in

1043 1996 1112 2024 libro
1125 2003 1188 2028 vm,
1205 2003 1266 2030 cap.
1284 1995 1310 2022 7.
1327 1994 1379 2022 Sed
1399 1998 1425 2022 et
1440 1995 1467 2021 in
1484 1994 1606 2029 ejusdem
1617 1994 1679 2021 libri
1689 2001 1750 2029 cap.
1760 1994 1787 2028 9,
1800 2002 1829 2022 se

1042 2042 1070 2069 in
1081 2040 1226 2077 Egyptum
1237 2049 1270 2068 ac
1278 2040 1443 2068 Thebaidem
1453 2040 1562 2068 venisse
1570 2041 1676 2072 scribit,
1684 2045 1830 2076 grassante

1043 2088 1132 2115 adhuc
1151 2086 1349 2123 persecutionis
1372 2087 1484 2119 furore;
1501 2089 1582 2121 atque
1598 2086 1654 2113 illic
1676 2086 1828 2114 multorum

1042 2134 1185 2169 utriusque
1194 2141 1276 2162 sexus
1287 2138 1434 2168 martyrum
1447 2132 1634 2160 admirabilem
1643 2133 1828 2160 constantiam

1043 2181 1130 2208 oculis
1145 2180 1203 2208 suis
1217 2179 1403 2214 conspexisse.
1428 2177 1498 2206 Sunt
1518 2179 1565 2214 qui
1588 2178 1725 2210 scribant,
1742 2177 1829 2206 Euse-

207 2233 267 2252 eum
280 2226 333 2253 ἰδία
346 2226 472 2260 proferre,
490 2226 567 2253 corde
583 2231 671 2256 autem
685 2227 762 2254 aliter
775 2225 877 2254 habere.
890 2226 924 2254 Et
934 2228 992 2262 qui-
1008 2219 1029 2246 D
1045 2227 1119 2255 bium
1140 2227 1167 2253 in
1183 2234 1215 2254 ea
1231 2226 1418 2260 persecutione
1432 2228 1462 2252 ut
1476 2224 1594 2252 carceris
1611 2224 1744 2252 molestiis
1760 2224 1828 2252 libe-

206 2272 266 2299 dem
277 2281 376 2299 memor
389 2273 458 2300 vobis
471 2281 541 2307 sum,
553 2273 684 2301 audivisse
697 2281 737 2300 me
749 2273 782 2300 ab
795 2282 825 2301 eo
839 2279 930 2301 sancto
944 2283 992 2302 no-

208 2318 247 2345 bis
262 2318 414 2352 iuramento
431 2319 600 2352 satisfecisse,
613 2320 676 2354 quia
694 2328 746 2346 non
761 2319 835 2346 aliud
849 2320 876 2347 in
891 2320 990 2355 lingua,

207 2368 233 2391 et
247 2364 320 2392 aliud
334 2369 400 2392 esset
416 2366 443 2392 in
458 2366 535 2393 corde
544 2365 612 2399 eius.
624 2365 656 2392 Et
667 2366 747 2400 paulo
758 2370 820 2401 post
837 2377 843 2394 :
857 2366 908 2394 Sed
922 2376 991 2394 nunc

206 2410 310 2446 quidem
325 2412 417 2444 paucis
433 2411 463 2438 ob
479 2412 631 2438 memoriam
641 2416 665 2438 et
680 2411 804 2438 honorent
817 2411 906 2440 Patris
917 2412 989 2440 illius

207 2458 302 2488 nostri,
320 2458 357 2484 ita
375 2457 446 2489 boni.
471 2459 509 2485 ita
527 2458 663 2490 laboriosi,
679 2463 703 2485 et
716 2466 764 2493 pro
779 2458 905 2486 Eccleriis
932 2460 990 2486 ubi—

205 2512 254 2538 que
274 2503 407 2538 vigilantis
426 2503 498 2530 dicta
512 2504 565 2530 sint
590 2503 673 2531 nobis.
694 2503 785 2539 Neque
799 2505 868 2531 enim
887 2505 989 2539 generis

204 2549 261 2584 ejus
275 2549 430 2576 memoriam
448 2549 568 2584 fecimus,
586 2558 665 2585 neque
677 2550 851 2582 educationis,
868 2555 913 2577 aut
927 2559 989 2577 eru-

204 2595 323 2627 ditionis,
341 2600 387 2622 aut
400 2595 508 2623 alterius
525 2596 584 2624 vitae
596 2601 620 2623 et
635 2597 771 2631 propositi.
789 2596 863 2630 Quos
880 2596 989 2632 quidem

207 2639 315 2669 Eusebii
326 2641 401 2669 locos
417 2649 451 2668 ne
474 2650 553 2676 quem
569 2649 618 2669 sua
639 2642 718 2670 laude
733 2642 901 2674 defraudem,
918 2642 990 2669 indi-

205 2688 277 2714 cavit
294 2688 360 2715 mihi
374 2688 417 2716 vir
427 2688 603 2717 doctissimus
617 2688 782 2716 Franciscus
794 2688 918 2723 Ogerius.
932 2688 990 2715 Cre-

206 2736 292 2760 terum
308 2741 342 2762 ex
366 2734 409 2762 his
432 2742 493 2771 qua:
518 2735 573 2762 dixi
591 2735 659 2763 satis
673 2735 820 2771 colligitur,
841 2734 989 2762 Eusebium

206 2779 281 2806 nullo
296 2781 506 2817 propinquitatis
520 2782 592 2817 jure,
609 2782 658 2810 sed
668 2785 775 2809 tantum
790 2781 917 2808 amicitiae
927 2782 989 2808 vin-

205 2826 268 2854 culo
283 2834 344 2853 cum
362 2826 502 2863 Pamphilo
525 2828 702 2863 conjunctum
726 2827 819 2856 fuisse.
840 2828 919 2855 Certe
934 2827 989 2855 Eu-

1043 2279 1166 2306 raretur,
1182 2273 1263 2300 idolis
1284 2272 1467 2305 sacriﬁcasse;
1482 2271 1563 2305 idque
1577 2271 1615 2298 illi
1630 2271 1768 2306 objectum
1785 2275 1829 2298 est

1042 2320 1078 2348 ab
1094 2319 1230 2354 episcopis
1250 2322 1277 2345 et
1296 2317 1501 2345 confessoribus
1515 2316 1651 2352 Egyptiis
1670 2316 1697 2343 in
1720 2316 1828 2352 synodo

1042 2366 1138 2402 Tyria.
1153 2370 1182 2392 ut
1196 2364 1266 2393 infra
1288 2363 1571 2391 commemorabimus.
1591 2362 1643 2390 Sed
1660 2370 1714 2390 non
1731 2363 1828 2390 dubito

1042 2413 1107 2447 quin
1119 2412 1144 2440 id
1157 2411 1254 2438 falsum
1269 2411 1305 2438 sit
1319 2415 1346 2437 et
1361 2410 1395 2437 ab
1416 2409 1534 2437 inimicis
1544 2409 1654 2436 Eusebii
1665 2408 1826 2436 conﬁctum.

1041 2457 1107 2484 Nam
1123 2457 1146 2484 si
1160 2460 1267 2484 tantum
1283 2456 1387 2482 crimen
1402 2462 1495 2482 revera
1510 2454 1659 2482 admissum
1674 2454 1771 2482 fuisset
1792 2455 1827 2482 ab

1042 2504 1158 2532 Eusebio
1167 2523 1175 2535 ,
1194 2501 1330 2537 quomodo
1343 2500 1520 2529 Caesariensis
1532 2500 1660 2528 Ecclesiae
1671 2504 1766 2536 postea
1784 2501 1827 2528 fa-

1041 2555 1101 2579 ctus
1115 2550 1211 2578 fuisset
1223 2548 1382 2584 episcopus?
1393 2547 1532 2581 Quomodo
1547 2548 1580 2575 ab
1595 2547 1775 2577 Antioclienis
1791 2548 1824 2575 ad

1041 2596 1244 2631 suscipiendum
1272 2595 1345 2622 illius
1369 2594 1444 2621 urbis
1474 2593 1656 2621 sacerdotium
1676 2593 1827 2621 evocatus!

1041 2643 1074 2670 Et
1093 2647 1183 2670 tamen
1207 2641 1354 2670 cardinalis
1373 2640 1507 2668 Baronius
1523 2640 1590 2668 illud
1613 2640 1692 2675 quasi
1718 2644 1825 2668 certum

1041 2693 1186 2723 ratumque
1207 2688 1338 2723 arripuit,
1360 2687 1432 2723 quod
1454 2686 1572 2714 Eusebio
1588 2693 1637 2722 per
1653 2686 1775 2721 jurgium
1798 2689 1825 2713 et

1041 2734 1243 2761 altercationem
1256 2734 1391 2769 objectum
1406 2737 1448 2761 est
1463 2733 1497 2760 ab
1508 2732 1567 2768 ejus
1581 2731 1756 2765 adversariis,
1773 2739 1826 2760 nec

1040 2781 1123 2808 ullius
1140 2780 1295 2808 testimonio
1308 2780 1507 2807 conﬁrmatum.

1076 2827 1126 2855 Pcr
1150 2829 1218 2857 idem
1241 2832 1346 2864 tempus
1373 2826 1489 2862 scriptus
1505 2829 1546 2853 est
1565 2825 1600 2854 ab
1616 2825 1734 2854 Eusebio
1753 2824 1825 2853 libet

242 2883 280 2911 ἰοὶ
291 2881 422 2912 Eusebius
435 2883 461 2911 in
475 2883 592 2920 Epistola
603 2883 634 2911 ad
649 2883 828 2912 Caesarienses
840 2884 872 2912 dc
884 2885 987 2918 synodo
1006 2886 1122 2915 Ficana.
