1915 3135
78 125 109 154 5⁸1
840 127 862 155 Ν

915 127 988 156 lTlA.
1667 131 1701 158 58

79 186 201 214 adversus
220 183 388 213 Hieroclem.
400 184 515 213 Causam
530 183 665 212 scribendi
682 183 796 220 praebuit
810 183 872 212 Hie-
885 187 908 216 Α
922 185 1007 213 drinae
1027 183 1104 212 urbis
1118 184 1269 221 presbyter,
1283 191 1345 212 cum
1359 191 1428 212 nova
1441 185 1563 220 quaedam
1578 190 1604 214 et
1620 186 1701 223 impia

80 232 165 260 rocles
178 229 417 264 Nicomediensis,
432 231 478 267 qui
497 232 548 259 sub
568 231 675 258 initium
694 231 754 266 ejus
775 238 867 266 perse-

81 277 196 306 cutionis
211 283 279 303 cum
296 276 515 304 Christianorum
526 277 625 311 ubique
632 277 732 311 templa
746 276 870 304 destrue-

81 327 182 355 rentur,
208 326 325 351 vexatae
362 323 486 358 religioni
513 323 592 358 quasi
624 322 776 355 insultans,
800 322 870 350 duos

81 369 209 396 adversus
233 368 323 396 ﬁdem
347 368 448 396 Christi
467 368 495 395 in
516 369 584 396 urbe
609 368 764 396 Nicomedia
787 368 870 396 edidit

81 415 171 446 libros,
197 422 273 450 quos
289 415 471 447 Φιλαλήθεις
495 414 680 449 inscripserat.
707 413 736 441 In
771 413 869 448 quibus

81 461 147 489 inter
161 464 265 488 caetera
291 460 323 488 id
344 461 499 492 asserebat,
523 460 696 495 Apollonium
721 459 868 495 Tyanaaum

81 508 160 534 multo
175 507 258 542 plura
272 511 303 534 et
318 507 421 542 majora
446 506 543 534 fecisse
562 513 644 540 quam
669 505 805 533 Christum
815 525 823 536 ,
840 508 869 532 ut

80 556 192 580 testatur
206 552 372 580 Lactantius
385 553 412 579 in
425 551 495 578 libro
504 559 554 578 vu.
566 551 618 578 Sed
634 550 768 578 Eusebius
783 550 870 577 homi-

81 605 138 626 nem
161 598 341 633 despiciens,
358 601 503 625 contentus
522 597 573 624 luit
596 604 658 624 eum
684 596 757 624 brevi
778 596 869 623 libello

82 642 230 670 confutare.

115 688 183 716 Inter
192 688 253 716 haec
262 692 377 716 mortuo
387 687 500 724 Agapio,
510 686 718 715 Cacsariensium
729 686 868 722 episcopo,

84 739 141 759 cum
163 734 329 768 persecutio
351 733 407 768 jam
431 732 523 760 sedata
549 736 576 760 et
590 740 643 767 pax
668 732 774 760 reddita
797 735 870 760 esSi-t

84 777 206 805 Ecclesiae
217 797 225 810 ,
249 778 390 806 Eusebius
404 778 541 806 communi
558 778 678 805 omnium
693 785 828 806 consensu
842 778 868 804 in

83 823 139 858 ejus
159 824 251 850 locum
274 824 463 851 substituitur.
488 823 542 850 Alii
567 830 753 851 successorem
771 823 868 858 Agapii

83 871 180 903 ponunt
194 868 355 903 Agricolam
366 888 374 900 ,
387 869 433 903 qui
449 868 599 903 Ancyrante
623 867 726 903 synodo
747 867 869 895 interfuit

84 920 113 939 ac
130 913 297 948 subscripsit
309 933 316 946 ,
340 921 412 940 anno
435 913 537 940 Christi
551 913 613 941 5M.
633 913 673 940 Ita
694 913 826 941 Baronius
841 913 867 940 in

83 959 242 991 Annalibus,
257 959 293 987 ad
315 967 418 986 annttm
429 959 531 987 Christi
548 959 617 992 514,
632 963 659 987 et
671 958 826 987 Biondellus
841 959 868 986 in

84 1005 207 1040 Apologia
221 1013 268 1040 pro
282 1005 416 1033 sententia
431 1005 464 1032 Β.
482 1004 655 1040 Hieronymi,
678 1012 738 1040 cap.
755 1004 799 1032 l9.
817 1003 868 1032 Ubi

85 1048 224 1077 Eusebium
252 1058 330 1078 anno
353 1050 455 1078 Christi
477 1051 586 1078 circiter
607 1050 677 1083 515,
693 1050 867 1077 administra-

84 1096 179 1123 tionem
195 1095 377 1124 Cazsariensis
396 1096 523 1124 Ecclesiae
537 1101 599 1131 post
610 1099 724 1124 mortem
735 1096 867 1131 Agricolae

85 1141 232 1176 suscepisse
244 1142 357 1169 scribit.
374 1141 473 1171 Verum
480 1142 750 1178 subscriptionesillaa
761 1141 867 1176 episco-

87 1195 173 1222 porum
194 1195 256 1223 quae
271 1189 302 1215 in
316 1188 422 1217 Latinis
433 1188 575 1216 Canonum
591 1187 799 1216 collectionibus
818 1187 866 1214 ha-

87 1233 193 1267 bentur,
224 1242 326 1270 parum
356 1239 437 1262 certae
464 1236 530 1262 mihi
555 1234 681 1263 videntur
709 1241 742 1261 ac
770 1233 864 1260 ﬁrmae.

90 1278 150 1306 Nam
166 1288 254 1315 neque
269 1281 298 1308 in
313 1280 418 1308 Graecis
431 1281 582 1313 codicibus,
596 1287 646 1308 nec
658 1280 686 1307 in
700 1278 795 1306 Latina
805 1287 867 1306 ver-

89 1325 158 1353 sione
177 1325 304 1361 Dionysii
316 1326 412 1362 Exigui
425 1327 560 1362 leguntur.
573 1325 675 1354 Deinde
688 1325 821 1353 Eusebius
838 1324 866 1350 in

89 1371 150 1398 libro
161 1379 197 1399 vn
212 1371 347 1399 Historia:
361 1372 543 1400 ecclesiastica:
555 1378 703 1399 recensens
716 1370 866 1405 praecipua-

89 1423 141 1443 rum
150 1418 254 1446 aedium
278 1419 443 1454 episcopos,
471 1419 523 1446 sub
541 1418 641 1453 quibus
659 1420 719 1444 orta
737 1421 764 1444 et
785 1423 862 1452 gras-

91 1467 140 1491 sata
157 1470 196 1493 est
206 1466 382 1500 persecutio,
398 1465 425 1492 in
446 1465 549 1500 Agapio
569 1463 777 1492 Caesariensium
801 1462 859 1497 epi-

919 229 953 258 de
962 229 1008 258 Dei
1019 229 1088 257 Filio
1099 229 1223 265 dogmata
1235 230 1343 266 publice
1357 230 1384 257 in
1399 230 1519 260 Ecclesia
1533 233 1701 268 praedicaret,

919 275 997 302 etab
1019 274 1173 303 Alexandro
1199 277 1327 311 episcopo
1351 276 1506 312 frequenter
1529 278 1701 311 admonitus,

919 319 1098 348 nihilominus
1113 321 1140 347 in
1166 320 1261 348 iisdem
1284 322 1481 350 assertionibus
1499 328 1702 358 perseveraret,

919 365 1027 393 tandem
1041 373 1093 392 una
1109 373 1170 393 cum
1190 367 1292 394 erroris
1311 367 1353 394 sui
1370 367 1452 395 sociis
1469 368 1631 401 damnatus,
1647 370 1705 404 pul-

920 419 1021 446 susque
1035 411 1156 439 Ecclesia
1171 411 1270 439 fuerat.
1280 412 1365 445 Quain
1376 413 1576 441 damnationem
1589 415 1703 442 moleste

920 457 1025 489 ferens,
1041 458 1144 486 litteras
1161 466 1223 485 cum
1245 460 1367 494 exemplo
1389 459 1449 487 ﬁdei
1473 467 1528 487 suae
1553 460 1586 487 ad
1607 468 1702 489 omnes

919 503 1070 530 vicinarum
1085 504 1190 531 urbium
1210 504 1353 539 episcopos
1372 505 1445 532 misit
1461 514 1467 532 :
1488 506 1585 539 quibus
1605 515 1702 541 quere-

920 549 999 576 batur
1019 549 1155 577 immerito
1178 557 1207 577 se
1231 550 1383 585 depositum
1401 551 1434 578 ab
1454 551 1623 584 Alexandro,
1637 560 1699 581 cum

919 595 1011 622 eadem
1028 595 1084 630 ipse
1098 603 1157 630 qua:
1172 597 1268 631 reliqui
1284 596 1402 624 Orientis
1418 598 1551 625 antistites
1574 599 1702 632 praedica-

919 644 970 667 ret.
981 639 1030 667 His
1042 641 1146 669 artibus
1157 641 1260 676 decepti
1277 642 1368 676 plures
1382 642 1514 677 episcopi.
1526 647 1553 670 et
1567 644 1600 669 ab
1615 643 1699 671 Euse-

919 687 965 714 bio
979 687 1176 716 Nicomediensi
1191 689 1307 716 maxime
1317 689 1432 720 incitati.
1445 689 1491 724 qui
1508 689 1564 716 Arii
1578 690 1700 724 partibus

919 734 1008 769 palam
1024 734 1139 766 favebat,
1154 735 1258 762 litteras
1272 743 1321 770 pro
1334 735 1399 762 Ario
1413 736 1581 770 scripserunt
1594 735 1627 762 ad
1640 735 1700 764 Ale-

919 781 1052 809 xandrum
1068 781 1254 808 Alexandrina:
1269 781 1345 808 urbis
1360 781 1521 813 antistitem,
1543 785 1653 808 orantes
1671 785 1701 808 ut

919 825 1013 852 Arium
1030 826 1057 853 in
1082 826 1225 861 pristinum
1250 826 1338 853 locum
1358 826 1522 854 restitueret.
1547 826 1585 853 Ex
1605 834 1699 854 eorum

919 879 1032 899 numero
1059 871 1111 898 fuit
1138 871 1270 899 Eusebius
1296 875 1406 904 noster,
1432 872 1512 906 cujus
1539 872 1635 899 litterie
1666 872 1699 898 ad

917 916 1099 944 Alexandrum
1116 917 1223 952 scriptae
1238 921 1346 944 exstant
1367 917 1393 944 in
1414 917 1489 945 Actis
1513 918 1634 952 septima:
1653 925 1699 952 syw

917 962 982 989 nodi
1004 963 1197 994 mcumenicae,
1217 967 1243 990 et
1267 963 1338 990 inter
1361 967 1482 990 veterum
1505 963 1659 992 testimonia
1684 973 1699 993 a

916 1009 996 1036 nobis
1014 1001 1106 1036 relatae
1123 1012 1197 1036 sunt.
1214 1008 1323 1036 Eusebii
1346 1009 1523 1038 Caesariensis
1543 1012 1696 1046 exemplum

918 1061 981 1081 mox
996 1055 1083 1081 secuti
1097 1053 1255 1081 Theodotus
1267 1061 1299 1081 ac
1313 1053 1454 1085 Paulinus,
1465 1055 1533 1081 alter
1547 1055 1698 1088 Laodiceae,

916 1100 986 1127 alter
1012 1098 1157 1135 Tyriorum
1185 1099 1339 1134 episcopus,
1363 1107 1412 1134 pro
1439 1100 1612 1128 restitutione
1640 1101 1698 1129 Arii

916 1145 987 1180 apud
1004 1145 1186 1173 Alexandrqu
1204 1145 1393 1172 intercessere.
1412 1146 1533 1178 Quorum
1556 1147 1698 1182 epistolas,

916 1193 1010 1224 utpote
1026 1189 1202 1225 dogmatibus
1215 1190 1273 1217 suis
1287 1191 1501 1225 patrocinantes,
1521 1198 1583 1218 cum
1600 1192 1700 1227 ubique

915 1238 1066 1262 ostentaret
1082 1235 1175 1267 Arius,
1193 1238 1220 1261 et
1236 1238 1375 1262 tantorum
1391 1235 1513 1262 virorum
1535 1237 1697 1264 auctoritate

915 1281 1016 1308 multos
1047 1280 1075 1307 iu
1111 1279 1268 1307 societatem
1302 1280 1404 1307 eri‘mis
1435 1280 1477 1308 sui
1508 1282 1698 1316 pcrtraheret,

914 1325 1068 1352 Alexander
1086 1329 1114 1352 et
1129 1324 1186 1360 ipse
1201 1329 1313 1352 coactus
1326 1329 1369 1352 est
1384 1324 1417 1351 ad
1436 1325 1556 1360 reliqttos
1577 1325 1698 1353 Orientis

914 1372 1057 1407 episcopos
1084 1371 1189 1398 litteras
1219 1371 1337 1403 mittere,
1368 1371 1468 1406 quibus
1494 1372 1583 1406 palam
1611 1371 1697 1404 ﬁeret,

914 1417 1008 1444 Arium
1024 1424 1078 1444 una
1099 1424 1160 1444 cum
1180 1417 1262 1445 sociis
1282 1417 1345 1451 jure
1365 1417 1523 1444 damnatum
1543 1426 1576 1445 ac
1591 1419 1698 1453 deposi.

915 1467 972 1490 tum
990 1463 1083 1490 fuisse.
1096 1461 1211 1490 Exstant
1224 1463 1305 1490 hodie
1321 1463 1466 1490 Alexandri
1482 1464 1604 1498 epistolae
1615 1464 1674 1491 dua:
1689 1474 1696 1491 :

89 1518 161 1545 scopo
189 1511 310 1543 desinit,
340 1518 420 1546 quem
440 1511 477 1537 ait
497 1510 525 1537 in
544 1517 577 1538 ea
595 1509 786 1544 persecutione
811 1515 862 1543 pro
880 1523 902 1552 ο
919 1510 1001 1537 altera
1026 1510 1059 1536 ad
1081 1509 1266 1536 Alexandrum
1285 1509 1617 1544 Constantinopolitanum
1641 1511 1698 1546 epi-

91 1555 207 1584 Ecclesiaa
231 1565 294 1584 suae
309 1555 459 1584 commodis
483 1555 630 1590 plurimum
654 1553 802 1582 laborasse.
818 1552 868 1580 Hic

89 1607 146 1636 ergo
157 1601 188 1629 ad
204 1601 290 1629 ﬁnem
307 1609 394 1636 usque
409 1599 607 1635 persecutionis
624 1597 804 1633 permanserit
820 1605 868 1624 ne-

91 1653 156 1674 cesse
171 1651 222 1675 est.
237 1647 324 1682 Atqui
341 1646 474 1674 Eusebius
491 1646 583 1673 statim
601 1646 662 1679 post
682 1643 762 1671 linem
776 1650 867 1678 perse-

91 1693 196 1722 cutionis
215 1694 311 1721 lactus
336 1699 378 1721 est
394 1693 551 1728 episcopus.
573 1690 642 1719 Nam
659 1698 719 1718 cum
736 1689 866 1716 Paulinus

91 1738 219 1774 episcopus
229 1739 310 1776 Tyri,
323 1738 403 1774 paulo
413 1742 473 1773 post
486 1737 619 1765 redditam
632 1735 761 1764 Ecclesiae
772 1743 865 1771 pacem

91 1783 214 1812 basilicam
229 1785 389 1817 dedicaret,
402 1784 436 1811 ad
450 1784 509 1819 ejus
521 1783 719 1811 dedicationem
735 1789 788 1809 una
801 1789 864 1809 cuin

92 1829 190 1864 reliquis
203 1831 344 1866 episcopis
354 1838 369 1856 a
380 1828 494 1857 Paulino
505 1832 634 1857 evocatus
647 1831 705 1860 est,
719 1831 746 1854 et
757 1827 866 1862 elegan-

91 1875 209 1903 tissimam
226 1881 324 1904 coram
349 1869 396 1903 illo
411 1874 505 1902 habuit
519 1874 680 1906 orationem,
698 1873 769 1901 sicut
782 1873 864 1901 disci-

92 1927 146 1948 mus
165 1929 195 1948 ex
216 1922 291 1949 libro
316 1929 332 1948 x
359 1919 485 1947 Historia;
509 1919 703 1947 ecclesiasticae.
725 1917 754 1946 ld
775 1923 864 1946 autem

93 1967 192 2002 contigit
207 1973 354 2002 antequam
371 1965 492 1994 Licinius
507 1965 638 1993 adversus
656 1964 864 1992 Constantinum

93 2012 219 2041 rebellaret
230 2033 239 2043 .
259 2014 337 2049 quod
353 2013 453 2040 factum
470 2015 512 2040 est
527 2019 598 2038 anno
612 2011 715 2039 Natalis
732 2010 864 2038 Dominici

95 2057 147 2085 515.
158 2058 233 2086 Circa
251 2060 313 2087 haec
327 2063 448 2094 tempora
462 2057 597 2088 Eusebius
614 2057 735 2092 insignes
750 2056 811 2084 illos
825 2054 864 2082 De

94 2102 302 2133 demonstratione
314 2109 342 2133 et
356 2105 394 2132 De
406 2104 599 2140 praeparatione
612 2103 760 2139 euangelica
779 2103 863 2131 libros

97 2149 256 2182 elucubravit.
270 2152 346 2186 Quos
362 2151 473 2187 quidem
487 2154 549 2178 ante
565 2150 709 2178 concilium
725 2149 861 2177 Niczenum

918 1562 1042 1589 scopum,
1060 1554 1087 1581 in
1104 1561 1156 1589 qua
1179 1554 1304 1589 queritur
1319 1554 1470 1582 Alexander
1487 1555 1520 1582 de
1535 1555 1622 1583 tribus
1643 1556 1696 1590 cpi-

916 1600 1007 1635 scopis
1021 1599 1116 1635 Syriae,
1129 1599 1175 1635 qui
1190 1600 1256 1626 Ario
1269 1600 1481 1633 consentientes,
1494 1601 1696 1628 contentionem

916 1654 997 1681 quam
1013 1645 1110 1674 sedare
1123 1646 1213 1681 potius
1231 1646 1400 1677 debuissent,
1417 1646 1504 1681 magis
1520 1654 1600 1680 quam
1618 1651 1696 1673 antea

915 1691 1158 1719 inﬂammaverant.
1177 1690 1210 1718 lli
1237 1694 1301 1719 sunt
1316 1690 1460 1724 Eusebius,
1484 1691 1641 1719 Theodotus
1665 1699 1697 1718 ac

915 1737 1056 1770 Paulinus,
1072 1737 1145 1765 sicut
1159 1744 1191 1765 ex
1202 1736 1260 1764 Arii
1271 1737 1388 1772 epistola
1401 1737 1433 1764 ad
1446 1736 1594 1765 Eusebium
1613 1737 1696 1764 Nico-

915 1784 1082 1812 mediensem
1098 1783 1201 1818 scripta
1218 1783 1282 1810 licet
1292 1783 1430 1818 colligere.
1446 1783 1566 1810 Alteram
1579 1783 1697 1810 Alexan-

914 1829 957 1857 dri
968 1829 1111 1865 epistolam
1128 1828 1162 1855 ad
1179 1835 1273 1855 omnes
1287 1827 1387 1862 ubique
1402 1832 1535 1855 terrarum
1554 1829 1697 1863 episcopos

913 1874 1006 1901 datam
1018 1873 1103 1901 refert
1117 1872 1243 1900 Socrates
1260 1872 1287 1899 in
1305 1872 1374 1899 libro
1386 1880 1404 1899 ι.
1420 1871 1468 1900 His
1486 1872 1633 1899 Alexandri
1653 1873 1697 1899 lit-

913 1918 981 1946 teris
996 1925 1064 1953 pene
1080 1924 1175 1945 omnes
1186 1915 1305 1944 Orientis
1320 1917 1541 1950 subscripserunt
1557 1918 1694 1951 episcopi:

913 1963 983 1990 inter
996 1970 1065 1998 quos
1080 1961 1231 1997 principem
1246 1961 1334 1988 locum
1349 1961 1506 1988 obtinebant
1521 1961 1696 1996 Philogonius

913 2008 1073 2040 Antiochiae,
1092 2007 1252 2035 Eustathius
1271 2006 1388 2034 Berroazc
1401 2010 1428 2033 et
1448 2005 1584 2034 Macarius
1600 2006 1690 2033 Hiero-

913 2055 1080 2090 solymorum
1092 2053 1237 2081 antistites.
1252 2053 1378 2088 Episcopi
1391 2059 1455 2080 vero
1471 2052 1510 2079 illi
1525 2052 1571 2087 qui
1588 2052 1622 2079 ab
1636 2052 1694 2079 Arii

913 2100 1038 2136 partibus
1055 2104 1129 2127 stare
1148 2099 1322 2130 videbantur,
1340 2106 1401 2125 cum
1426 2097 1572 2125 Alexandri
1596 2097 1697 2124 litteris

914 2154 944 2174 se
962 2146 1124 2182 perstrictos
1141 2144 1275 2177 viderent,
1292 2145 1382 2172 acrius
1404 2144 1490 2171 multo
1506 2151 1538 2170 ac
1551 2143 1696 2170 vehemen-

97 2197 197 2232 scriptos
205 2198 293 2227 fuisse
302 2201 419 2230 constat,
431 2205 492 2226 cum
505 2197 533 2224 in
547 2196 668 2224 Historia
677 2196 862 2227 ecclesiastica,
879 2194 900 2220 D
917 2193 970 2220 tius
985 2193 1011 2220 in
1029 2192 1215 2220 defensionem
1236 2192 1294 2218 Arii
1310 2191 1458 2218 incubuere
1474 2199 1480 2217 :
1497 2191 1631 2226 praecipue
1646 2197 1697 2216 au-

96 2249 144 2276 qute
163 2248 222 2272 ante
242 2245 312 2272 illud
333 2244 478 2271 concilium
496 2244 530 2271 ab
545 2243 663 2271 Eusebio
681 2243 783 2277 scripta
803 2245 862 2274 est,

96 2289 235 2317 nominatim
250 2290 382 2321 citentur,
395 2289 624 2325 quemadmodum
642 2290 670 2316 in
682 2287 863 2316 adnotationi-

98 2331 138 2360 bus
150 2337 323 2364 ostendimus.
340 2335 445 2363 lnterea
466 2334 606 2368 Licinius,
624 2335 670 2370 qui
693 2335 721 2361 in
743 2334 863 2362 Orientis

97 2379 202 2410 Partibus
231 2381 439 2418 Rempublicam
467 2379 696 2412 administrabat,
723 2379 862 2414 repentino

98 2421 174 2453 furore
188 2427 316 2455 incitatus
331 2427 503 2456 Christianos
518 2426 643 2462 persequi
659 2426 740 2460 cmpit
750 2445 756 2457 ,
771 2424 865 2460 przeci-

98 2475 140 2502 pue
155 2479 212 2500 vero
224 2473 372 2505 antistites,
385 2481 454 2508 quos
465 2473 645 2502 Constantino
661 2471 747 2506 magis
759 2471 860 2503 lavere,

100 2516 122 2538 el
132 2521 173 2548 pro
183 2516 225 2545 illo
237 2522 302 2546 vota
321 2518 411 2546 facere
424 2519 624 2553 suspicabatur.
639 2517 692 2544 Sed
707 2516 862 2546 Constanti—

100 2565 151 2593 nus,
164 2570 284 2600 suscepta
301 2565 431 2593 adversus
444 2565 577 2592 Licinittm
590 2564 771 2599 expeditione.
787 2562 862 2590 brevi

103 2601 164 2632 illum
175 2607 274 2637 duobus
286 2610 390 2645 proeliis
401 2614 471 2637 terra
485 2609 608 2644 marique
618 2609 717 2636 victum
734 2608 766 2635 ad
785 2607 861 2634 dedi-

102 2647 184 2679 tionem
202 2655 341 2691 compulit.
359 2655 447 2691 Atque
467 2656 504 2682 ita
517 2654 681 2682 Christianis
704 2654 732 2681 in
752 2652 861 2681 Oriente

105 2693 239 2730 deibantibus
263 2709 316 2737 pax
339 2709 389 2737 per
411 2701 619 2730 Constantinum
643 2701 732 2729 denuo
756 2700 861 2728 reddita

105 2744 137 2767 est

134 2785 217 2818 Verum
225 2793 294 2821 inter
304 2793 379 2828 ipsos
387 2792 556 2820 Christianos
566 2792 644 2827 longe
651 2791 758 2827 gravior
766 2791 859 2818 eodem

108 2832 205 2866 tempore
218 2839 348 2867 tumultus
362 2839 473 2867 exarsit.
490 2838 610 2874 Namque
634 2838 729 2869 Arius,
745 2836 860 2865 Alexan-

914 2241 968 2266 tem
991 2237 1207 2265 Nicomediensis
1231 2236 1374 2264 Eusebius.
1395 2235 1493 2263 Noster
1509 2235 1581 2262 enim
1604 2234 1696 2261 Caesa—

913 2284 1014 2312 riensis
1034 2283 1178 2315 Eusebius,
1195 2290 1248 2310 una
1270 2290 1331 2309 cum
1348 2281 1504 2316 Patrophilo
1521 2288 1552 2307 ac
1569 2279 1693 2309 Paulino,

913 2330 1029 2364 aliisque
1056 2329 1142 2365 Syria:
1165 2328 1302 2363 episcopis
1331 2327 1358 2354 id
1379 2331 1483 2354 tantum
1508 2326 1637 2357 decrevit,
1666 2329 1695 2351 ut

912 2375 978 2403 Ario
997 2375 1154 2410 presbytero
1182 2378 1331 2401 conventus
1356 2373 1382 2399 in
1403 2372 1520 2400 ecclesia
1545 2379 1593 2399 sua
1615 2379 1695 2407 agerc

900 2453 901 2456 η
914 2422 1026 2455 liceret;
1042 2421 1182 2456 subjectus
1198 2424 1288 2447 tamen
1303 2419 1373 2446 idem
1385 2424 1457 2446 esset
1469 2417 1621 2445 Alexandro
1636 2417 1695 2452 epi-

912 2474 1006 2501 scopo,
1023 2467 1058 2493 ab
1071 2473 1158 2500 eoque
1172 2465 1304 2500 ﬂagitaret
1324 2467 1354 2490 ut
1373 2462 1406 2490 ad
1426 2470 1518 2498 pacem
1532 2465 1559 2489 et
1569 2469 1693 2489 commu-

913 2512 1022 2539 nionem
1042 2511 1241 2539 admitteretur.
1260 2509 1301 2536 Ad
1316 2510 1389 2536 hunc
1409 2508 1519 2534 modum
1534 2507 1691 2534 dissidenti-

914 2559 965 2586 bus
981 2558 1053 2585 inter
1070 2565 1099 2584 se
1115 2556 1262 2592 episcopis,
1279 2561 1306 2583 et
1321 2556 1362 2582 his
1383 2553 1542 2584 Alexandri,
1566 2551 1619 2579 illis
1634 2551 1693 2578 Arii

912 2608 1005 2641 partes
1020 2603 1185 2635 foventibus,
1205 2602 1343 2630 contentio
1360 2608 1442 2636 supra
1455 2599 1564 2626 modum
1579 2604 1693 2631 exaspe-

912 2656 971 2678 rata
986 2655 1038 2678 est.
1061 2649 1111 2677 Cui
1129 2650 1201 2677 malo
1214 2652 1243 2676 ut
1257 2649 1411 2676 mederetur
1425 2644 1631 2675 Constantinus,
1649 2651 1693 2677 ge-

912 2696 1032 2723 neralem
1048 2695 1238 2730 episcoporum
1262 2693 1406 2730 synodum,
1421 2691 1528 2727 qualem
1544 2689 1618 2716 nulla
1641 2697 1693 2715 llll-

911 2750 992 2778 quam
1007 2745 1074 2769 aetas
1090 2742 1204 2772 viderat,
1221 2748 1254 2768 ex
1274 2740 1402 2767 universo
1413 2738 1479 2765 orbe
1489 2736 1612 2764 Romano
1627 2743 1694 2762 con-

911 2789 1032 2825 gregavit
1046 2789 1072 2816 in
1086 2788 1153 2815 urbe
1168 2787 1299 2822 Bithynia:
1318 2785 1418 2813 Nicaea.
1435 2783 1522 2819 Hujus
1535 2782 1644 2810 maximi
1660 2789 1692 2808 ac

911 2834 1080 2864 celeberrimi
1097 2833 1206 2862 concilii
1233 2840 1287 2860 non
1310 2832 1422 2860 minima
1445 2837 1508 2866 pars
1532 2828 1582 2856 fuit
1604 2827 1689 2856 Eusa—
