1915 3135
252 214 315 243 bius
338 218 441 243 noster.
461 215 526 243 Nam
542 219 569 244 et.
587 216 615 243 iu
640 216 736 243 dextro
752 223 838 242 cornu
860 214 978 250 primum
994 213 1033 240 lo—
1047 215 1069 243 Α

256 266 320 286 eum
345 259 477 291 obtinuit,
503 264 531 288 et
550 261 613 295 imp.
641 260 867 291 Constantinum,
893 260 941 296 qui
961 260 1033 286 inter

250 304 321 332 duos
344 304 542 333 considentium
563 306 674 335 ordines
697 307 803 335 medius
821 307 848 334 in
870 314 951 347 aurea
965 306 1031 334 sella

219 346 225 356 '
249 349 396 382 residebat,
413 351 497 379 totius
513 353 608 387 synodi
625 353 737 381 nomine
755 346 938 388 compellavit,
959 353 1031 381 sicut

248 395 306 430 ipse
324 399 438 423 testatur
455 397 483 424 in
500 399 613 426 exordio
627 399 688 426 libri
703 407 712 426 1
727 399 765 426 De
779 399 838 426 Vita
851 399 1028 432 Constantini,

247 444 275 467 et
291 441 317 468 in
332 442 378 469 lib.
399 450 429 469 Ill
444 443 568 478 ejusdem
581 445 683 479 operis.
699 440 770 472 Idem
789 446 870 473 etiam
885 446 1030 473 conﬁrmat

247 484 415 516 Sozomenus
430 488 458 515 in
470 489 540 517 libro
554 498 561 517 ι
575 490 703 518 Historia:
715 491 908 519 ecclesiasticaz.
926 492 1029 520 Deinde

245 537 308 558 cum
325 532 396 560 inter
410 535 556 570 episcopos
572 537 689 564 maxima
703 542 777 566 esSet
793 539 979 566 controversia
995 539 1028 566 de

245 578 361 606 formula
374 580 447 613 ﬁdei,
465 581 600 611 Eusebius
616 589 709 612 noster
725 585 869 612 formulam
885 587 1027 621 proposuit

244 625 391 653 admodum
413 631 514 655 rectam
538 633 565 656 et
588 630 749 665 simplicem,
774 635 800 658 et
826 640 886 667 quae
905 633 1025 660 omnium

243 669 446 705 episcoporum,
465 673 604 710 ipsiusque
621 676 688 704 adeo
704 677 875 712 imperatoris
889 686 1025 706 consensu

244 715 352 743 laudata
378 722 429 746 est.
456 718 509 747 Sed
535 729 596 748 cum
619 723 644 749 ei
668 723 790 750 formula:
812 724 914 758 aliquid
931 724 1026 753 deesse

243 760 384 788 videretur
398 764 431 790 ad
446 764 641 794 confutandam
661 768 724 795 novi
747 768 882 803 dogmatis
899 769 1025 804 impieta-

243 809 307 837 tem,
323 806 417 835 Patres
429 810 525 844 synodi
540 810 655 840 Nicaeum
670 813 718 841 bas
732 818 863 849 praeterea
877 822 959 843 voces
975 816 1024 842 ad-

242 850 346 878 dendas
361 860 421 880 esse
438 861 604 883 censuerunt
618 866 626 884 :
639 858 722 885 Deum
734 867 821 886 verum
831 859 863 886 de
877 859 930 887 Deo
945 869 1003 888 vero
1013 860 1033 888 :'

728 156 896 185 EUSEBIUS
913 152 1152 183 CESARIENSIS
1172 153 1369 182 EPISCOPUS.

1831 158 1864 186 ϐο

1083 219 1146 238 nam
1162 215 1300 246 tueretur;
1318 214 1480 241 concinnato
1492 217 1622 248 praterea
1637 215 1772 244 adversus
1789 217 1864 244 illum

1083 258 1171 293 stupri
1195 258 1319 291 crimine,
1345 260 1379 287 de
1393 260 1457 288 sede
1477 268 1526 288 sua
1545 261 1701 296 depellitur.
1718 261 1808 295 Quam
1830 264 1862 291 ob

1082 311 1193 331 causam
1207 305 1386 339 gravissimus
1406 305 1556 334 Antiochiae
1570 308 1705 335 tumultus
1725 312 1771 336 est
1791 310 1860 336 exci-

1081 353 1169 382 tatus;
1185 350 1285 384 populo
1302 350 1372 378 duas
1386 352 1415 378 in
1434 355 1526 386 partes
1541 353 1639 383 diviso.
1656 361 1718 380 eum
1741 354 1789 381 alii
1805 354 1855 382 ϐω

1080 395 1230 424 sariensem
1246 395 1393 424 Eusebium
1409 398 1436 425 in
1455 397 1589 426 Eustathii
1610 399 1698 426 locum
1717 400 1860 435 substitui,

1080 442 1125 469 alii
1146 441 1317 470 Eustatliium
1342 444 1393 471 sibi
1409 444 1568 480 episcoputn
1591 446 1669 474 reddi
1694 446 1860 482 ﬂagitarent.

1079 486 1251 523 Ventumque
1270 493 1343 516 esset
1360 489 1394 516 ad
1415 497 1522 522 manus,
1538 490 1592 518 nisi
1612 491 1789 526 imperatoris
1806 501 1861 521 me-

1078 535 1124 560 tus
1143 536 1170 560 et
1182 533 1305 568 judicum
1330 535 1481 562 auctoritas
1496 542 1545 562 eos
1561 535 1740 564 cohibuisset.
1759 536 1860 564 Pacata

1076 579 1187 606 tandem
1205 579 1351 613 seditione,
1367 581 1500 616 pulsoque
1516 582 1543 608 in
1557 582 1683 609 exsilium
1697 582 1857 614 Eustathio,

1076 623 1210 652 Eusebius
1228 629 1323 653 noster
1344 627 1451 654 tametsi
1466 631 1494 654 et
1510 635 1525 654 a
1540 628 1640 663 populo
1658 634 1684 655 et
1698 628 1732 655 ab
1747 628 1857 664 episco-

1075 670 1119 705 pis
1133 671 1177 706 qui
1195 672 1318 704 aderant,
1333 677 1444 709 rogatus
1465 678 1495 700 ut
1517 674 1710 703 Antiochensis
1726 675 1857 704 Ecclesite

1074 716 1337 746 administrationem
1359 720 1521 755 susciperet,
1544 720 1570 748 id
1595 713 1684 748 lacere
1706 722 1856 749 recusavit.

1074 760 1195 796 Cumque
1210 763 1331 798 episcopi
1350 765 1458 799 scriptis
1469 765 1502 793 ad
1518 765 1729 793 Constantinum
1745 767 1855 800 litteris,

1073 809 1100 834 et
1116 815 1196 834 suum
1212 811 1238 836 et
1256 809 1347 843 populi
1364 811 1448 838 totius
1461 810 1619 847 suffragium
1639 812 1664 840 ei
1680 813 1852 845 retulissent,

1075 852 1210 882 Eusebius
1227 863 1292 883 suas
1310 863 1419 892 quoque
1437 857 1542 885 litteras
1555 858 1630 886 dedit
1649 859 1682 886 ad
1698 859 1855 888 Constanti-

240 897 356 930 gcnitum
371 907 422 926 non
438 899 550 934 factum,
566 903 816 932 consubstantialem
831 905 917 934 Patri.
940 907 1022 942 Adje-
1038 894 1058 921 Β
1072 906 1149 926 “um'
1163 899 1269 932 Qum“
1283 902 1441 930 “scribens
1461 903 1527 938 imi"
1543 904 1750 938 c°“5la““““5'
1766 906 1852 934 Euse‘

240 947 336 969 cet-unt
351 943 432 972 etiam
448 947 689 977 anathematismos
711 950 841 979 adversus
855 959 902 980 eos
917 952 963 988 qui
980 952 1022 980 di-

239 993 332 1016 cerent
347 988 446 1018 Filium
462 991 510 1019 Dei
525 993 559 1020 de
572 1002 626 1021 non
641 996 813 1024 exstantibus
834 997 935 1025 factum
948 1006 1019 1031 esse,

239 1036 266 1059 et
282 1032 368 1062 fuisse
382 1039 490 1071 tempus
503 1046 564 1065 cum
588 1047 641 1067 non
662 1045 745 1069 esset.
763 1042 796 1069 Et
816 1043 894 1071 initio
910 1044 1020 1079 quidem

237 1076 372 1107 Eusebius
391 1085 483 1110 noster
505 1085 739 1114 consubstantialis
759 1095 854 1116 vocem
877 1089 1020 1118 admittere

236 1125 389 1153 recusabat.
408 1127 461 1155 Sed
481 1135 574 1164 postea
590 1131 703 1161 edoctus
721 1141 736 1159 a
757 1134 870 1169 reliquis
885 1136 1018 1171 episcopis

236 1177 359 1203 quamam
373 1177 445 1200 esset
461 1173 544 1208 hujus
556 1176 630 1203 verbi
646 1177 688 1204 vis
704 1182 785 1212 atque
800 1180 944 1213 sententia,
956 1180 1018 1208 huic

236 1215 298 1243 ﬁdei
313 1218 420 1246 tandem
435 1222 575 1248 consensit
599 1229 631 1249 ac
651 1223 826 1259 subscripsit,
842 1225 1018 1260 quemadmo-

234 1261 298 1289 dum
322 1263 379 1298 ipse
394 1265 476 1292 tradit
497 1266 524 1293 in
543 1268 658 1302 epistola
675 1268 709 1296 ad
732 1270 926 1301 Caesarienses.
944 1272 1018 1300 Non-

233 1308 300 1334 nulli
323 1314 451 1337 asserunt
476 1311 622 1340 Eusebium
647 1316 812 1344 necessitate
833 1317 970 1350 adactum,
990 1325 1016 1347 et

232 1352 405 1388 imperatoris
420 1360 492 1384 metu
507 1358 598 1391 potius
609 1367 690 1393 quam
703 1367 734 1387 ex
748 1361 832 1388 animi
846 1362 889 1389 sui
906 1368 1015 1391 sentcn-

231 1398 280 1430 tia,
304 1399 418 1429 Nic-.ente
441 1401 502 1430 fidei
520 1403 729 1439 subscripsisse.
745 1406 801 1441 Ego
821 1415 886 1434 vero
900 1407 933 1436 de
953 1410 1015 1437 aliis

230 1445 341 1479 quidem
370 1448 416 1481 qui
440 1447 622 1476 interfuerunt
645 1450 709 1477 huic
737 1452 851 1487 synodo,
882 1453 910 1480 id
935 1454 1015 1482 facile

231 1490 406 1519 crediderim.
427 1492 464 1520 De
479 1492 641 1523 Caesariensi
655 1501 744 1524 autem
764 1497 880 1527 Eusebio
897 1500 932 1526 ita
952 1509 1015 1528 sen—

231 1535 283 1562 tire
299 1544 352 1563 non
367 1545 488 1572 possum.
504 1539 571 1567 Nam
592 1541 727 1571 Eusebius
740 1548 801 1578 post
813 1546 947 1580 synodum
966 1547 1012 1575 Ni-

230 1588 342 1614 catnam,
361 1591 467 1619 semper
483 1585 621 1614 damnavit
642 1595 688 1616 eos
702 1589 749 1624 qui
774 1590 896 1619 dicerent
912 1592 1008 1621 Filium

229 1625 277 1653 Dei
294 1635 327 1655 ex
349 1629 436 1656 nihilo
461 1630 561 1658 factum
579 1640 649 1664 esse,
670 1639 699 1661 ut
715 1639 788 1669 patet
807 1644 840 1663 ex
859 1637 935 1666 libris
950 1639 1010 1673 eius

227 1677 320 1698 contra
344 1673 510 1707 Marcellum,
533 1681 559 1704 et
580 1678 740 1706 nominatim
760 1688 793 1708 ex
819 1689 880 1716 cap.
897 1683 913 1711 9
936 1687 963 1711 et
977 1685 1010 1711 10

228 1716 290 1746 libri
306 1726 314 1746 ι
329 1718 367 1746 De
379 1720 557 1749 ecclesiastica
578 1723 716 1759 theologia.
734 1725 807 1753 Idem
818 1728 899 1755 etiam
917 1729 950 1757 de
963 1731 1009 1758 illo

226 1767 343 1791 testatur
364 1765 540 1796 Athanasius.
565 1768 614 1802 Qui
634 1778 695 1797 eum
718 1773 868 1806 saepissime
885 1776 1008 1804 retulerit

226 1808 372 1839 Eusebium
398 1811 594 1843 Caesariensem
618 1816 733 1845 Nicamaa
756 1820 861 1854 synodo
886 1822 1008 1850 subscri-

224 1855 322 1889 psisse,
344 1864 483 1892 nunquam
507 1863 597 1888 tamen
620 1861 646 1888 id
661 1863 694 1890 ab
714 1864 761 1891 illo
784 1865 911 1894 simulate
933 1873 960 1895 e'.
979 1869 1006 1896 in

223 1901 342 1935 speciem
357 1902 490 1931 duntaxat
502 1904 603 1933 factum
615 1915 677 1936 esse
693 1910 792 1944 prodit.
810 1911 890 1940 Certe
909 1913 931 1940 si
948 1912 1003 1941 Eu-

223 1945 315 1974 sebius
338 1954 392 1974 non
407 1955 441 1975 ex
459 1950 560 1982 animo,
580 1952 626 1979 sed
643 1961 690 1987 per
704 1953 826 1983 fraudem
847 1965 879 1985 ac
896 1959 1006 1987 simula-

222 1991 325 2018 tionem
344 1991 453 2021 Niczcno
470 1996 589 2024 concilio
610 1998 784 2035 subscripsit.
799 2010 848 2029 cur
865 2004 898 2031 ad
912 2004 1003 2033 Caesa-

219 2038 325 2067 rienscs
353 2040 426 2067 illam
445 2050 527 2076 quam
553 2044 609 2071 dixi
634 2050 728 2080 postea
751 2049 824 2075 misit
845 2050 1002 2086 epistolam,

219 2091 272 2118 qua
293 2085 409 2119 ingenue
428 2087 568 2122 professus
588 2095 631 2118 est
653 2099 683 2118 se
707 2092 786 2120 ﬁdem
805 2095 877 2122 illam
894 2103 954 2131 quae
975 2098 1002 2124 in

1025 1569 1046 1598 C

171 2144 180 2150 ι
220 2130 335 2157 concilio
359 2131 467 2160 Nicazno
491 2134 563 2161 edita
597 2136 695 2169 fuerat,
725 2139 879 2174 amplexum
902 2142 1006 2170 fuisse?

217 2174 283 2203 Post
304 2178 436 2212 synodum
461 2178 609 2214 Nicaenam,
625 2182 718 2209 Ariani
737 2189 810 2212 metu
827 2186 999 2221 imperatoris

216 2222 414 2257 aliquantulum
431 2225 567 2259 quievere.
585 2226 647 2254 Mox
662 2235 798 2264 resumpta
812 2231 919 2265 fiducia,
934 2241 995 2261 cum
1013 2239 1034 2266 ι)

216 2266 244 2293 in
259 2268 405 2296 amicitiam
423 2271 554 2306 principis
576 2273 673 2301 callide
694 2275 882 2312 irrepsissent,
905 2281 998 2308 catho-

215 2311 282 2339 licos
304 2313 440 2341 antistites
457 2316 584 2343 omnibus
601 2317 689 2346 modis
707 2323 787 2354 atque
809 2311 912 2349 artibus
934 2331 997 2358 per—

215 2356 292 2391 sequi
307 2357 492 2387 instituerunt.
508 2359 616 2388 Primus
633 2363 739 2391 illorum
758 2365 874 2400 impetus
893 2368 920 2395 in
942 2368 996 2395 Eu-

214 2403 343 2430 stathium
368 2405 500 2437 incubuit,
526 2406 703 2436 Antiochenaa
727 2411 803 2440 urbis
821 2413 993 2449 episcopum,

213 2449 258 2483 qui
272 2453 298 2477 et
312 2450 493 2480 confessionis
511 2453 596 2487 gloria
612 2454 737 2489 illustris,
752 2462 778 2485 et
791 2458 864 2486 inter
877 2459 994 2488 Nicaeum

212 2493 272 2522 fidei
296 2500 447 2524 assertores
468 2499 620 2534 prmeipuus
641 2501 800 2530 habebatur.
814 2504 893 2533 Hunc
909 2507 993 2542 igitur

211 2540 281 2575 apud
299 2541 490 2576 imperatorem
512 2550 641 2573 accusant
656 2548 727 2582 quod
743 2548 853 2577 Sabellii
867 2540 993 2586 impieta-

209 2592 261 2612 tem
277 2590 424 2620 astrueret,
442 2589 568 2624 quodque
584 2596 697 2620 matrem
715 2594 846 2630 principis
860 2595 990 2624 Helenam

209 2628 356 2665 Augustam
370 2635 534 2662 contumelia
549 2636 693 2665 aﬁ‘ecisset.
707 2639 750 2666 Fit
761 2641 857 2675 ingens
871 2649 990 2669 conven-

208 2680 252 2703 tus
268 2678 458 2714 episcoporum
478 2681 505 2708 in
524 2682 592 2709 urbe
615 2683 771 2718 Antiochia,
795 2686 840 2713 cui
861 2687 989 2721 praesedit

208 2721 338 2753 Eusebius
354 2725 581 2761 Nicomediensis,
598 2730 682 2758 totius
698 2731 824 2760 factionis
840 2738 936 2760 auctor
956 2741 986 2761 ac

208 2768 326 2803 signifer.
346 2772 471 2801 Interfuit
493 2774 575 2801 etiam
596 2775 661 2803 huic
683 2777 788 2812 synodo
808 2778 986 2808 Caesariensis

207 2812 345 2844 Eusebius.
370 2817 453 2853 igitur
469 2819 627 2849 Eustathius
650 2828 665 2848 a
691 2821 763 2858 Cyro
785 2822 984 2852 Berrceensium

208 2859 328 2895 episcopo
354 2869 496 2891 accusatus
518 2866 590 2896 quod
616 2866 724 2900 impiam
750 2866 859 2895 Sabellii
886 2869 984 2897 doctri-

1071 944 1109 971 bii
1121 946 1265 973 consilium
1285 954 1449 982 magnopere
1462 949 1591 976 laudavit.
1611 949 1721 985 Deiecto
1736 952 1766 980 in
1782 953 1853 980 hunc

1070 989 1180 1016 modum
1202 989 1355 1023 Eustathio,
1379 992 1451 1026 quod
1475 1000 1547 1020 anno
1561 994 1662 1022 Christi
1678 996 1731 1023 550
1744 1001 1851 1033 gestum

1069 1042 1130 1063 esse
1146 1037 1174 1063 in
1194 1036 1421 1066 Adnotationibus
1435 1040 1587 1073 observavi,
1609 1041 1703 1069 Ariani
1720 1044 1749 1070 in
1768 1043 1851 1072 Atha~

1069 1080 1176 1108 nasium
1198 1081 1298 1109 furoris
1324 1084 1366 1110 sui
1389 1085 1518 1119 impetum
1547 1090 1667 1115 vertunt.
1696 1088 1736 1115 Ac
1762 1090 1850 1124 primo

1070 1126 1177 1161 quidem
1203 1128 1402 1157 ordinationem
1423 1130 1483 1165 ejus
1507 1136 1636 1160 accusant
1653 1134 1725 1169 apud
1748 1136 1851 1170 princi-

1068 1178 1128 1205 pem
1143 1180 1150 1198 :
1167 1172 1264 1200 deinde
1280 1174 1352 1208 quod
1372 1174 1449 1203 lineae
1463 1177 1546 1204 vestis
1565 1185 1696 1206 canonem
1713 1186 1729 1205 a
1740 1181 1851 1214 provin-

1067 1220 1183 1248 cialibus
1208 1222 1326 1257 exigeret
1346 1232 1352 1250 :
1373 1224 1447 1258 quod
1471 1232 1580 1252 sacrum
1606 1227 1720 1255 calicem
1744 1229 1850 1255 confre-

1065 1265 1149 1300 gisset
1162 1276 1168 1294 :
1184 1271 1321 1302 postremo
1334 1270 1406 1304 quod
1418 1270 1562 1298 Arsenium
1581 1274 1727 1307 quemdam
1738 1275 1848 1309 episco-

1065 1318 1128 1345 pum
1138 1311 1330 1341 interemisset.
1341 1314 1431 1350 ltaque
1439 1315 1634 1346 Constantinus
1643 1319 1848 1347 molestissimis

1064 1363 1158 1384 eorum
1181 1358 1363 1388 delationibus
1383 1360 1523 1396 fatigatus,
1541 1363 1686 1390 concilium
1701 1364 1803 1392 indixit
1822 1366 1848 1392 in

1064 1401 1131 1430 urbe
1141 1402 1223 1438 Tyro,
1235 1412 1321 1439 eoque
1333 1405 1509 1434 Athanasium
1520 1408 1677 1444 episcopum
1687 1410 1721 1437 ad
1735 1418 1846 1438 causam

1063 1447 1205 1475 dicendam
1217 1450 1309 1478 venire
1321 1451 1414 1485 jussit.
1428 1451 1458 1486 in
1470 1460 1501 1480 ea
1513 1454 1707 1489 synodojudex
1720 1457 1795 1483 sedit
1806 1457 1842 1484 iu-

1063 1498 1105 1521 ter
1119 1498 1231 1522 cieterus
1245 1496 1377 1524 Eusebius
1389 1498 1577 1532 Caesariensis,
1590 1508 1670 1535 quem
1686 1500 1844 1529 Constanti-

1063 1547 1116 1567 nus
1128 1541 1153 1568 ei
1172 1542 1290 1569 concilio
1303 1543 1434 1571 interesse
1444 1545 1577 1574 voluerat.
1590 1545 1668 1574 Hunc
1681 1547 1709 1574 in
1723 1549 1844 1576 concilio

1062 1585 1200 1613 sedentem
1227 1588 1401 1623 consplcatus
1429 1589 1542 1618 Potamo
1571 1591 1842 1627 Heracleopolitanus

1060 1631 1217 1666 episcopus,
1235 1633 1281 1668 qui
1303 1641 1364 1661 cum
1379 1634 1530 1664 Athanasio
1553 1637 1681 1673 episeopo
1696 1642 1724 1665 et
1739 1640 1842 1675 aliquot

1060 1675 1169 1712 Egypti
1197 1679 1385 1707 sacerdotibus
1409 1681 1474 1709 illuc
1492 1681 1650 1716 advenerat,
1680 1684 1725 1712 his
1749 1687 1841 1714 verbis

1059 1723 1236 1757 compellasse
1251 1724 1352 1752 dicitur
1365 1735 1371 1752 :
1386 1725 1464 1759 Tene,
1480 1726 1590 1761 Eusebi,
1606 1729 1705 1761 sedere,
1721 1735 1747 1757 et
1764 1732 1835 1759 inno-

1057 1772 1156 1794 centem
1176 1768 1353 1796 Athanasium
1379 1776 1451 1798 stare
1475 1780 1491 1798 a
1510 1778 1533 1799 te
1551 1773 1752 1807 judicandum?
1775 1776 1842 1810 Qui:

1057 1814 1112 1841 [nec
1129 1816 1186 1849 pati
1201 1818 1304 1851 possit?
1320 1817 1414 1846 Nonne
1436 1821 1623 1854 persecutionis
1647 1827 1763 1857 tempore
1788 1833 1841 1852 me-

1055 1868 1114 1887 cum
1131 1862 1158 1888 in
1179 1863 1297 1904 custodia
1317 1864 1415 1898 fuisti?
1437 1866 1519 1901 Atque
1537 1876 1582 1903 ego
1605 1868 1710 1904 quidem
1732 1871 1840 1898 oculum

1054 1914 1100 1940 pro
1112 1908 1219 1935 veritate
1230 1903 1349 1943 perdidi;
1368 1917 1395 1937 ια
1413 1912 1486 1938 nulla
1502 1914 1620 1948 corporis
1634 1919 1708 1949 parte
1726 1917 1840 1945 mutila-

1055 1957 1096 1979 tus
1110 1961 1147 1985 es,
1163 1962 1244 1989 neque
1260 1956 1417 1990 martyrium
1440 1958 1554 1991 subiisti,
1572 1959 1616 1986 sed
1629 1960 1702 1987 vivus
1719 1961 1839 1998 integer-

1053 2007 1100 2034 (μισ
1125 2001 1256 2028 consistit.
1279 2001 1401 2035 Quanam
1425 2004 1527 2031 ratione
1546 2013 1560 2032 e
1580 2014 1684 2034 carcere
1705 2009 1837 2038 evasisti.

1051 2046 1103 2072 nisi
1128 2045 1196 2079 quod
1209 2048 1417 2080 persecutoribus
1432 2051 1528 2076 nostris
1543 2052 1707 2085 spopondisti
1729 2058 1754 2080 te
1780 2062 1835 2081 rem

1052 2090 1181 2124 nefariam
1196 2092 1386 2128 admissurum,
1409 2103 1440 2123 ac
1462 2096 1576 2130 fortasse
1589 2098 1669 2124 etiam
1687 2099 1840 2128 admisisti?

1051 2133 1113 2162 Haec
1128 2135 1295 2171 Epiphanius
1307 2139 1343 2166 ita
1355 2144 1448 2167 narrat
1461 2141 1487 2168 in
1500 2141 1596 2169 haeresi
1609 2142 1832 2171 Meletianorum.

1049 2178 1089 2206 Ex
1104 2181 1204 2215 quibus
1219 2183 1307 2210 obiter
1330 2189 1451 2219 apparet,
1476 2185 1533 2214 falli
1550 2194 1597 2215 eos
1619 2188 1665 2223 qui
1681 2188 1833 2217 Eusebium

1049 2228 1175 2252 nostrum
1203 2226 1283 2255 idolis
1310 2229 1457 2264 aliquando
1484 2232 1656 2260 sacriﬁcasse
1683 2235 1832 2268 scribunt,

1048 2270 1130 2305 idque
1145 2271 1183 2298 illi
1204 2272 1232 2299 in
1252 2275 1357 2309 synodo
1379 2275 1460 2311 Tyria
1475 2277 1563 2311 palam
1579 2278 1714 2313 obiectum
1733 2281 1830 2310 fuisse.

1047 2315 1140 2352 Neque
1154 2319 1226 2345 enim
1250 2319 1396 2348 Eusebium
1423 2322 1591 2351 insimulavit
1612 2325 1739 2358 Potamo,
1755 2329 1830 2364 quod

1047 2362 1128 2390 idolis
1147 2364 1355 2399 immolavisset,
1381 2367 1428 2394 sed
1454 2371 1560 2396 tantum
1582 2370 1656 2405 quod
1683 2362 1779 2401 salvus
1801 2379 1828 2402 et

1045 2407 1150 2444 integer
1165 2417 1197 2437 ex
1213 2418 1322 2439 carcere
1336 2412 1477 2446 dimissus,
1498 2414 1525 2441 id
1542 2415 1576 2443 de
1589 2415 1650 2451 ipso
1666 2419 1827 2452 suspicandi

1045 2461 1138 2481 ansam
1155 2455 1324 2490 praebuisset.
1334 2456 1405 2486 Fieri
1422 2462 1512 2487 tamen
1528 2465 1629 2495 potest,
1647 2466 1676 2489 ut
1690 2462 1827 2492 Eusebius

1043 2501 1097 2527 alio
1108 2503 1236 2538 quopiam
1252 2503 1333 2530 modo
1346 2503 1476 2533 dimissus
1490 2506 1572 2535 fuerit
1583 2516 1598 2536 e
1607 2516 1730 2544 carcere,
1742 2519 1825 2546 quam

1044 2546 1090 2573 illo
1115 2555 1195 2581 quem
1213 2549 1305 2575 retulit
1321 2548 1443 2579 Potamo.
1459 2552 1593 2581 Caeterum
1617 2563 1651 2582 ex
1676 2555 1826 2591 Epiphanii

1043 2593 1133 2620 verbis
1150 2594 1240 2629 colligi
1256 2595 1373 2629 videtur,
1387 2597 1532 2625 Eusebium
1548 2600 1746 2630 Caesariensem
1759 2603 1824 2630 huic

1042 2638 1147 2673 synodo
1159 2640 1328 2673 praesedisse.
1354 2642 1436 2669 Addit
1454 2644 1527 2670 enim
1541 2644 1688 2673 Eusebium
1711 2647 1755 2675 his
1771 2656 1837 2684 au-q

1039 2683 1106 2710 ditis
1120 2685 1239 2719 graviter
1253 2692 1428 2719 commotum,
1454 2689 1593 2718 dimisisse
1607 2692 1766 2719 concilium.
1783 2692 1822 2720 Ex

1039 2731 1101 2758 aliis
1117 2736 1205 2758 tamen
1222 2733 1400 2768 scriptoribus
1417 2741 1585 2769 compertum
1607 2737 1751 2770 habemus,
1765 2746 1822 2766 non

1037 2777 1244 2811 Caesariensem,
1260 2781 1307 2807 sed
1321 2780 1553 2809 Nicomediensem
1569 2782 1717 2811 Eusebium
1730 2783 1822 2821 Tyriae

1036 2824 1139 2858 synodo
1156 2825 1304 2859 praefuisse.

1073 2871 1092 2897 P
1113 2878 1134 2898 sl
1159 2873 1305 2900 concilium
1331 2873 1393 2900 Trri
1414 2874 1546 2907 habitum,
1572 2876 1692 2909 episcopi
1720 2886 1821 2906 omnes
