1915 3135
88 144 118 172 ὓΙ
816 147 965 175 ΝΟἸῚΤΙΔ.

1670 147 1705 174 62

89 205 133 241 qui
149 204 208 232 illic
223 205 424 238 consederant.
447 205 526 240 jussu
546 206 676 241 principis
692 206 879 242 Hierosolyma
894 213 917 240 Α
930 217 990 243 qum
1002 212 1163 244 congregata
1177 212 1219 237 est
1232 208 1377 236 consulatu
1390 207 1544 235 Constantii
1563 211 1590 234 et
1605 206 1704 239 Albini,

91 258 120 278 se
134 251 295 283 contulere,
313 252 347 279 ad
367 251 528 279 celebranda
543 252 662 279 encasnia
679 260 781 287 magna;
808 253 880 281 illius

89 296 224 328 basilicae,
242 305 332 332 quam
349 297 377 324 in
403 297 532 325 honorem
556 297 658 326 Christi
682 297 876 326 Constantinus

90 344 188 371 ibidem
215 347 409 371 exatruxerat.
436 344 493 371 Illic
520 344 654 372 Eusebius
679 349 771 372 noster
794 346 876 373 variis

91 389 276 417 concionibus
303 390 333 417 in
349 390 466 417 ecclesia
493 390 591 417 habitis
610 390 782 418 festivitatem
800 391 880 418 deco-

93 435 204 462 raverit.
234 435 366 470 Cumque
399 435 545 469 imperator
569 435 754 463 acerbissimis
783 436 880 463 litteris

94 480 241 516 episcopos
256 481 293 508 ad
307 481 466 507 comitatum
483 488 562 507 suum
581 485 731 512 evocasset,
745 485 774 507 ut
786 489 880 508 eorum

93 534 151 561 quae
169 526 313 553 adversus
334 526 512 553 Athanasium
530 534 578 561 per
597 526 718 553 fraudem
735 533 767 553 ac
784 526 879 554 simul-

93 576 174 600 tatem
190 577 353 607 gesserant,
366 573 496 599 rationem
515 580 606 599 coram
619 573 776 605 redderent;
793 572 880 600 Euse-

95 619 158 647 bius.
169 622 270 646 noster
286 626 341 645 una
357 626 418 645 cum
440 619 559 654 quinque
580 619 639 646 aliis
654 619 727 645 venit
742 618 876 645 Constan-

95 664 250 699 tinopolim,
273 665 365 699 deque
388 665 515 692 omnibus
535 665 617 699 gestis
642 665 791 700 principem
815 672 876 692 cer-

97 710 191 737 tiorem
209 710 290 738 fecit.
318 710 396 737 Tune
421 711 501 737 etiam
528 711 703 737 tricennalem
727 711 876 738 orationem

97 762 186 782 coram
202 755 267 790 ipso
293 755 459 790 imperatore
484 754 510 781 in
527 755 627 789 palatio
641 755 776 782 recitavit.
793 755 879 788 Quam

99 801 201 836 quidem
218 801 375 835 imperator
391 807 497 828 summo
511 807 573 827 cum
596 800 692 834 gaudio
707 800 878 832 auscultarit,

97 854 147 874 non
158 850 213 872 tam
231 846 270 873 ob
290 853 368 878 suas,
388 853 470 880 quam
490 845 525 872 ob
543 845 588 872 Dei
606 845 709 875 laudes,
727 853 806 880 quem
825 844 878 871 Eu-

931 262 1003 281 anno
1016 255 1070 281 555
1085 254 1189 282 Natalis
1214 253 1359 282 Dominici.
1385 253 1465 281 Certe
1480 252 1614 280 Eusebius
1627 252 1656 279 in
1671 253 1704 279 li-
1724 284 1726 286 τ

931 298 981 325 bro
995 307 1003 325 ι
1021 297 1120 326 Contra
1144 298 1299 326 Marcellum
1323 300 1354 326 de
1368 298 1547 326 ecclesiastica
1564 298 1704 333 theologia,

932 351 991 378 cap.
1010 343 1054 376 M,
1076 343 1176 371 diserte
1198 344 1302 376 scribit,
1326 343 1483 371 Marcellum
1501 343 1598 371 merito
1612 343 1646 371 ab
1660 342 1724 381 Ec-j

930 389 1013 416 clesia
1026 389 1182 416 damnatum
1199 389 1293 416 fuisse.
1307 388 1457 416 Damnatus
1482 392 1571 416 autem
1589 391 1630 416 est
1654 389 1708 424 pri-

929 440 1002 460 mum
1018 433 1160 460 Marcellus
1180 433 1206 460 in
1224 433 1328 469 synodo
1342 433 1654 468 Constantinopolitana.
1673 434 1708 460 ab

931 479 984 507 illis
1000 480 1067 514 ipsis
1079 479 1214 514 episcopis
1234 479 1280 514 qui
1296 479 1436 506 basilicam
1451 478 1707 506 Constantinianam

930 525 1125 560 Hierosolymis
1145 525 1347 556 dedicaverunt,
1376 524 1427 552 hoc
1451 529 1493 552 est
1513 533 1583 552 anno
1605 525 1707 552 Christi

930 571 992 602 355,
1009 571 1050 598 vel
1065 575 1137 598 certe
1151 570 1212 603 336,
1241 574 1270 597 ut
1291 570 1407 598 Baronio
1421 570 1517 605 placet.
1535 570 1568 597 Et
1584 569 1709 598 Socrates

930 617 1038 652 quidem
1053 621 1108 644 tres
1119 620 1224 643 tantum
1245 616 1368 652 agnoscit
1382 616 1491 643 Eusebii
1518 616 1602 643 libros
1617 621 1709 643 contra

930 663 1098 694 Marcellam,
1113 670 1160 690 eos
1177 663 1282 691 scilicet
1297 663 1343 698 qui
1364 662 1401 689 De
1416 662 1595 690 ecclesiastica
1610 663 1709 690 theolo-

930 710 973 743 gia
991 709 1202 737 inscribuntur:
1221 717 1281 737 cum
1304 714 1393 736 tamen
1415 712 1500 736 totum
1523 715 1591 743 opus
1615 713 1709 735 contra

930 754 1098 786 Marcellum,
1117 756 1237 790 quinque
1252 755 1329 782 libris
1345 755 1379 781 ab
1395 754 1511 782 Eusebio
1526 755 1561 781 sit
1583 762 1708 789 compre-

930 801 1057 829 hensum.
1068 800 1152 828 Porro
1164 800 1284 828 omnium
1297 800 1407 828 Eusobii
1423 800 1564 832 librorum,
1579 801 1709 836 postremi

931 847 1058 874 videntur
1075 855 1136 874 esse
1150 851 1267 882 quatuor
1283 846 1322 872 illi
1350 845 1389 873 De
1422 845 1482 872 Vita
1503 846 1566 880 imp.
1582 845 1710 873 Constan-

99 891 186 919 sebius
202 895 262 918 tota
280 891 329 918 illa
347 878 468 918 oratione
483 890 676 917 celebraverat.
697 878 772 916 Hanc
784 897 879 916 secun-
896 878 917 908 Β
932 894 990 920 (ini,
1020 893 1118 927 scripti
1144 878 1207 920 simi
1224 892 1296 920 enim
1325 895 1384 927 post
1411 895 1526 919 mortem
1539 878 1607 927 imp.
1625 892 1709 924 illius,

98 938 158 965 dam
172 938 328 964 orationem
340 937 367 964 in
380 937 479 973 palatio
491 943 506 962 a
517 943 546 964 se
556 936 655 963 dictam
669 935 753 963 fuisse
765 938 880 962 testatur

100 983 234 1011 Eusebius
248 983 276 1010 in
296 983 368 1010 libro
394 982 432 1009 De
447 982 500 1009 vita
513 981 689 1009 Constantini.
707 980 766 1008 Jam
782 981 881 1016 quippe

100 1032 178 1056 antea
194 1028 351 1056 orationem
366 1027 400 1055 de
415 1027 540 1062 sepulcro
563 1026 671 1053 Domini
698 1026 831 1054 habuerat
853 1027 880 1054 in

99 1075 213 1110 palatio;
241 1082 330 1109 quam
347 1073 457 1109 quidem
479 1073 627 1109 imperator
653 1076 729 1100 stans
746 1073 879 1104 audierat,

99 1128 147 1148 nec
160 1128 297 1155 unquam.
312 1120 375 1147 licet
389 1119 472 1147 semel
497 1123 578 1154 atque
594 1119 691 1146 iterum
707 1119 740 1145 ab
764 1118 880 1146 Eusebio

100 1170 217 1201 rogatus,
234 1166 336 1194 sedere
362 1165 389 1193 in
412 1166 477 1193 sella
492 1165 543 1192 sibi
561 1165 682 1200 apposita
697 1165 879 1197 sustinuerat;

102 1219 202 1247 aequum
216 1219 280 1240 esse
300 1212 406 1244 dicens,
422 1218 562 1238 sermones
587 1210 621 1238 de
645 1210 700 1237 Deo
717 1218 731 1237 a
746 1210 880 1238 stantibus

103 1257 228 1290 exaudiri,
248 1261 279 1284 ut
297 1256 383 1284 refert
396 1256 528 1284 Eusebius
543 1256 571 1283 in
585 1256 674 1291 capite
699 1256 733 1283 55
756 1256 879 1291 ejusdem

102 1303 168 1329 libri.

133 1346 214 1375 Porro
230 1355 318 1382 quam
335 1347 435 1374 cbarus
445 1350 628 1382 acceptusque
651 1346 733 1374 fuerit
747 1345 880 1373 Constan-

104 1394 154 1420 tino
167 1396 261 1420 noster
275 1392 424 1424 Eusebius,
442 1396 499 1419 tum
511 1399 542 1419 ex
556 1392 599 1419 his
613 1399 674 1427 qua:
687 1391 753 1424 dixi.
771 1396 827 1418 tum
847 1399 880 1418 ex

104 1439 189 1466 multis
205 1439 268 1466 aliis
288 1439 354 1465 licet
377 1438 537 1472 intelligere.
551 1437 619 1464 Nam
633 1441 661 1465 et
676 1437 830 1472 frequentes
846 1438 880 1464 ab

105 1491 133 1511 eo
145 1483 249 1518 accepit
266 1484 386 1514 litteras,
403 1491 463 1518 qua:
475 1483 502 1509 in
519 1483 683 1518 supradictis
698 1482 774 1510 libris
792 1483 881 1509 intex-

105 1529 279 1564 taileguntur.
295 1528 352 1556 Nec
366 1536 427 1556 raro
443 1528 476 1555 ad
491 1529 622 1563 palatium
644 1528 748 1555 accitus
770 1531 797 1555 et
818 1535 881 1555 con-

107 1574 170 1602 vivio
186 1578 332 1609 exceptus,
359 1577 386 1601 et
414 1573 542 1600 familiari
567 1573 705 1609 colloquio
729 1573 878 1600 honoratus

106 1625 151 1650 est.
166 1621 237 1654 Quin
265 1622 350 1649 etiam
375 1620 508 1648 visionem
534 1620 608 1646 illam
635 1619 726 1647 crucis
748 1627 829 1654 quam
851 1619 879 1645 in

107 1668 169 1696 ctelo
197 1667 401 1696 Constantinus
423 1666 529 1694 viderat
557 1669 624 1693 tunc
654 1673 716 1692 cum
749 1664 879 1692 adversus

108 1714 263 1742 Maxentium
283 1712 514 1748 proﬁcisceretur,
529 1712 646 1740 Eusebio
670 1715 767 1739 nostro
784 1718 878 1738 narra.

109 1761 157 1793 vit;
171 1764 196 1788 et
207 1760 346 1788 Labarum
360 1759 432 1794 quod
443 1758 476 1786 ad
486 1759 577 1786 crucis
590 1758 663 1785 illius
676 1757 879 1792 similitudinem

109 1810 281 1841 expresserat,
306 1806 392 1833 eidem
415 1805 544 1837 ostendit,
570 1803 880 1839 quemadmodumipse

110 1854 214 1877 testatur
228 1850 376 1878 Eusebius.
389 1849 511 1884 Cumque
526 1856 594 1884 opus
610 1849 722 1876 haberet
739 1847 879 1875 codicibus

110 1896 187 1923 sacris
203 1896 235 1923 ad
253 1903 336 1923 usum
353 1895 529 1923 ecclesiarum
553 1902 621 1929 quas
644 1893 879 1927 Constantinopoli

113 1940 294 1974 mdiﬁcaverat,
305 1947 398 1968 eorum
411 1940 652 1968 describendorum
664 1947 757 1967 curam
776 1947 807 1966 ac
823 1939 879 1966 sol-

111 1983 269 2012 licitudinem
285 1983 425 2011 mandavit
443 1983 576 2014 Eusebio:
601 1985 700 2019 quippe
724 1991 805 2019 quem
831 1983 880 2010 ha-

111 2035 164 2055 rum
177 2037 265 2057 rerum
278 2029 474 2064 peritissimum
486 2037 547 2057 esse
558 2030 642 2064 probe
652 2030 743 2057 sciret.
758 2028 880 2064 Denique

112 2082 164 2101 cum
178 2074 313 2103 Eusebius
327 2078 420 2103 noster
433 2075 533 2102 librum
547 2075 585 2103 De
602 2076 667 2110 festo
682 2075 801 2111 paschali
819 2075 878 2109 ejus

112 2121 204 2148 nomini
216 2124 413 2157 nuncupasset,
432 2122 498 2148 adeo
508 2121 658 2156 jucundum
676 2121 704 2148 id
719 2129 817 2149 munus
830 2121 879 2148 fuit

112 2165 294 2199 Constantino,
317 2171 347 2194 ut
362 2167 460 2194 librum
488 2168 563 2195 illum
587 2168 678 2196 statim
697 2167 725 2195 in
751 2167 877 2195 Latinum

931 938 976 965 cui
1003 945 1058 964 non
1082 938 1128 965 diu
1154 941 1295 972 superstes
1320 937 1388 964 vixit
1416 936 1560 964 Eusebius.
1587 937 1710 964 Mortuus

930 982 1029 1017 quippe
1036 987 1077 1009 est
1086 982 1136 1010 sub
1143 983 1252 1009 exordia
1261 982 1429 1017 principatus
1437 981 1589 1009 Constantii
1596 981 1710 1017 Augusti

929 1028 1011 1062 paulo
1025 1032 1087 1055 ante
1102 1030 1216 1055 mortem
1230 1027 1402 1055 Constantini
1419 1026 1551 1058 Junioris,
1569 1035 1629 1062 qua:
1640 1034 1708 1054 con-

931 1073 991 1108 tigit
1005 1072 1146 1108 Acindyno
1159 1076 1187 1100 et
1201 1072 1318 1100 Proculo
1334 1073 1504 1104 consulibus,
1521 1081 1593 1100 anno
1607 1073 1709 1101 Christi

930 1119 993 1151 540,
1011 1123 1040 1146 ut
1051 1119 1186 1154 colligitur
1201 1127 1235 1147 ex
1253 1119 1375 1147 Socratis
1390 1120 1460 1147 libro
1485 1119 1615 1147 secundo.
1631 1119 1708 1153 Quod

930 1164 1154 1200 autem'Scaliger
1177 1165 1205 1192 in
1231 1165 1519 1192 Animadversionibus
1537 1165 1708 1198 Ensebiauis,

929 1210 1056 1238 editionis
1071 1211 1172 1238 ultimm
1196 1218 1257 1246 pag.
1270 1211 1332 1242 250,
1345 1211 1383 1238 ait
1394 1210 1502 1238 Eusebii
1519 1211 1602 1238 libros
1617 1216 1710 1238 contra

931 1256 1107 1292 Porphyrium
1119 1257 1238 1292 scriptos
1248 1265 1309 1285 esse
1319 1257 1370 1284 sub
1385 1257 1557 1289 Constantio,
1573 1257 1709 1285 Constan-

928 1302 979 1329 tini
1008 1302 1096 1338 Magni
1120 1303 1185 1336 ﬁlio,
1215 1310 1276 1330 cum
1307 1303 1409 1331 nullius
1436 1303 1541 1338 antiqui
1564 1303 1709 1338 scriptoris

929 1349 1086 1376 testimonio
1101 1348 1288 1381 conﬁrmetur,
1312 1357 1327 1376 a
1341 1349 1419 1377 nobis
1435 1353 1489 1376 tam
1507 1349 1585 1377 facile
1602 1349 1709 1376 admitti

930 1402 984 1421 non
1001 1398 1097 1430 potest.
1115 1393 1167 1421 Sed
1182 1395 1258 1430 quod
1271 1395 1368 1422 ibidem
1386 1395 1496 1429 subjicit
1511 1394 1641 1430 Scaliger,
1652 1398 1709 1422 tres

932 1444 1086 1475 postremos
1101 1440 1264 1476 Evangelicaz
1287 1441 1518 1468 demonstrationis
1545 1441 1640 1472 libros,
1659 1448 1708 1468 oc—

932 1488 1022 1512 tavum
1039 1485 1174 1512 decimum
1186 1486 1301 1519 scilicet,
1319 1494 1420 1514 nonum
1441 1486 1576 1513 decimum
1592 1493 1624 1513 ac
1638 1486 1710 1513 vice-

932 1531 1042 1563 simum,
1055 1531 1088 1558 ab
1104 1531 1220 1560 Eusebio
1237 1532 1352 1566 scriptos
1378 1540 1439 1560 esse
1468 1537 1564 1559 contra
1588 1531 1708 1568 Porphy-

893 1564 913 1592 (ἶ
929 1576 1012 1607 rium,
1027 1576 1054 1603 in
1069 1584 1101 1604 eo
1115 1577 1258 1605 manifeste
1274 1564 1468 1604 hallucinatur.
1486 1577 1587 1604 Scribit
1600 1564 1708 1612 quidem

929 1621 1120 1657 Hieronymus,
1145 1622 1291 1650 Eusebium
1314 1623 1404 1650 tribus
1429 1622 1624 1655 voluminibus,
1655 1623 1708 1650 hoc

928 1673 979 1700 est,
989 1675 1066 1700 xvnr,
1076 1675 1120 1694 XIX
1131 1672 1157 1695 et
1165 1675 1210 1701 xx,
1222 1667 1396 1702 respondisse
1403 1667 1564 1703 Porphyrio,
1573 1667 1619 1702 qui
1634 1668 1661 1694 in
1676 1667 1710 1694 li-

930 1713 979 1741 bro
990 1719 1027 1739 xu
1039 1716 1067 1740 et
1087 1720 1137 1739 xm
1152 1720 1246 1740 eorum
1262 1720 1330 1748 quos
1356 1717 1451 1739 contra
1467 1711 1638 1743 Christianos
1649 1712 1709 1740 edi-

929 1759 980 1790 dit,
998 1758 1098 1786 librum
1113 1757 1233 1785 Dauielis
1249 1758 1388 1793 propheta
1413 1759 1567 1786 convellere
1585 1763 1708 1786 tentare-

929 1808 982 1832 rat.
999 1803 1051 1832 Sed
1066 1804 1246 1840 Hieronymus
1269 1812 1322 1831 non
1347 1804 1431 1831 libros
1459 1803 1569 1831 Eusebii
1595 1803 1634 1831 De
1663 1804 1707 1831 de-

930 1851 1119 1878 monstratione
1134 1850 1283 1885 evangelica
1297 1850 1433 1884 intelligit.
1456 1854 1484 1876 ut
1499 1849 1602 1884 putavit
1620 1848 1708 1877 Scali—

929 1903 986 1931 ger,
998 1896 1045 1923 sed
1056 1896 1140 1922 libros
1162 1895 1196 1923 ab
1214 1902 1246 1922 eo
1276 1899 1367 1921 contra
1394 1894 1570 1929 Porphyrium
1587 1894 1708 1921 elabora-

929 1946 987 1975 tos;
1004 1941 1049 1976 qui
1069 1940 1210 1975 Ἐλέγχου
1223 1940 1272 1967 καὶ
1294 1941 1461 1975 Ἀπολογίας
1477 1941 1706 1973 inscribebantur,

929 1987 968 2020 uti
987 1987 1114 2020 colligere
1135 1989 1176 2013 est
1198 1993 1231 2013 ex
1258 1985 1423 2013 Bibliotheca
1446 1985 1548 2013 Pbotii.
1572 1985 1707 2014 Caeterum

929 2033 979 2060 hos
996 2033 1079 2059 libros
1095 2035 1157 2067 post
1174 2031 1392 2058 Ecclesiasticam
1409 2031 1556 2059 Historiam
1572 2033 1606 2059 ab
1623 2032 1708 2060 Euse-

928 2079 972 2106 bio
986 2079 1102 2114 scriptos
1116 2078 1199 2106 fuisse
1214 2079 1320 2113 Opinor.
1353 2077 1435 2114 ldque
1460 2087 1493 2106 ex
1516 2086 1549 2106 co
1577 2080 1706 2114 conjicio,

928 2125 1000 2160 quod
1017 2124 1150 2153 Eusebius
1167 2128 1260 2152 noster
1271 2125 1298 2152 in
1310 2125 1380 2152 libro
1392 2133 1418 2151 v1
1435 2124 1629 2153 Ecclesiasticw
1643 2126 1707 2153 His-

929 2172 1013 2204 ιογὶιε,
1031 2171 1077 2198 ubi
1091 2171 1225 2205 insignem
1236 2171 1325 2198 locum
1336 2170 1413 2198 affert
1423 2179 1455 2198 ex
1472 2171 1552 2198 tertio
1564 2170 1707 2208 Porphyrii

114 2217 253 2240 sermonem
272 2213 395 2240 converti
411 2212 535 2248 jusserit,
564 2213 729 2249 scriptisque
743 2213 776 2240 ad
795 2213 877 2241 Euse-
894 2229 915 2256 D
930 2217 998 2244 libro
1012 2221 1104 2243 contra
1121 2216 1298 2248 Christianos,
1327 2217 1428 2243 nullam
1449 2216 1514 2244 facit
1542 2218 1707 2244 mentionem

113 2256 178 2286 bium
202 2259 302 2288 litteris
316 2267 378 2287 eum
394 2259 517 2288 hortatus
532 2260 578 2292 sit,
593 2264 623 2287 ut
647 2260 780 2296 ejusmodi
797 2267 877 2295 opera

115 2311 166 2339 quae
175 2305 200 2332 in
213 2306 343 2333 manibus
356 2305 481 2338 habebat,
498 2314 589 2334 rerum
613 2314 752 2334 sacrarum
772 2307 879 2334 studio-

116 2350 147 2378 sis
156 2354 351 2389 quamprimum
367 2352 588 2380 communicaret.

145 2396 196 2426 Sub
209 2400 280 2428 idem
297 2404 405 2435 tempus
418 2399 551 2428 Eusebius
572 2400 782 2435 descriptionem
805 2400 878 2428 basi-

117 2442 166 2471 lica:
178 2443 437 2482 Hierosolymitame,
452 2450 478 2473 et
494 2446 670 2474 denariorum
686 2454 745 2481 qua
763 2446 817 2474 illic
834 2453 879 2474 sa-

117 2493 181 2516 crata
193 2491 308 2525 fuerant,
324 2491 398 2519 brevi
408 2491 499 2519 libello
511 2492 732 2527 comprehensam
744 2491 878 2520 Constan-

117 2533 165 2562 tino
178 2536 291 2572 principi
305 2537 482 2572 nuncupavit.
511 2537 597 2570 Quam
621 2537 730 2573 quidem
746 2546 799 2565 una
815 2546 876 2565 cum

118 2581 221 2609 oratione
246 2583 390 2610 tricennali
414 2582 448 2610 ad
475 2583 577 2610 calcem
606 2583 737 2611 librorum
756 2583 795 2611 De
822 2585 876 2611 vita

119 2622 268 2656 Constantini
282 2629 445 2663 subjecerat.
470 2628 570 2656 Verum
586 2629 630 2656 hic
647 2629 715 2657 liber
727 2630 808 2658 hodie
823 2638 876 2658 non

119 2675 201 2699 exstat.
215 2673 314 2701 Eodem
330 2675 410 2701 etiam
428 2678 549 2709 tempore
564 2676 657 2711 scripti
684 2680 748 2704 sunt
774 2676 808 2704 ab
823 2676 878 2704 Eu-

120 2713 254 2745 sebiolibri
279 2719 401 2754 quinque
429 2725 521 2747 contra
543 2719 700 2748 Marcellum
724 2730 734 2749 :
759 2730 876 2757 quorum

120 2764 252 2792 Postremos
267 2769 324 2793 tres
349 2765 387 2792 De
410 2766 586 2794 ecclesiastica
605 2767 732 2802 theologia
749 2767 876 2796 Flaccillo

121 2802 323 2838 Antioehensium
355 2811 483 2846 episcopo
514 2812 660 2847 inscripsit.
695 2813 757 2840 lniit
787 2819 875 2842 autem

123 2850 286 2890 θρῖεεορπιυω
307 2854 450 2886 Flaccillus
466 2858 545 2893 paulo
560 2862 621 2886 ante
646 2859 777 2894 synodum
799 2860 872 2897 Tyri,

929 2269 1022 2289 eorum
1040 2262 1174 2288 librorum
1188 2261 1288 2296 quibus
1318 2261 1375 2296 ipse
1395 2260 1545 2297 Porphyrio
1560 2262 1708 2296 responde-

929 2312 989 2334 rat:
1008 2311 1172 2334 cumtamen
1188 2306 1254 2335 satis
1271 2307 1387 2341 diligens
1402 2307 1527 2334 laudator
1537 2315 1599 2335 esse
1621 2308 1708 2336 soleat

928 2361 1040 2389 operum
1060 2361 1183 2386 suorum,
1201 2357 1228 2381 et
1245 2354 1278 2380 ad
1295 2361 1389 2381 eorum
1407 2354 1549 2381 lectionem
1571 2354 1708 2382 studiosos

929 2399 1043 2428 subinde
1059 2399 1176 2433 rejiciat.

965 2445 1018 2473 Sed
1048 2445 1177 2480 quoniam
1206 2450 1358 2480 opportuna
1388 2453 1448 2473 sese
1477 2445 1555 2474 oﬁ‘ert
1587 2447 1705 2479 occasio,

927 2500 1014 2528 pauca
1027 2492 1109 2520 etiam
1130 2491 1164 2519 de
1183 2491 1376 2519 Ecclesiaslicw
1389 2492 1516 2521 Historia:
1544 2493 1622 2521 libris
1654 2494 1707 2520 hoc

927 2539 988 2565 loco
998 2537 1128 2566 adnotare
1136 2537 1214 2578 libet.
1230 2537 1332 2565 Horum
1348 2539 1420 2566 enim
1436 2539 1608 2574 potissimum
1623 2547 1705 2566 causa

926 2586 984 2611 tota
995 2583 1052 2611 haec
1080 2591 1095 2610 a
1120 2583 1200 2611 nobis
1229 2583 1353 2611 instituta
1371 2588 1413 2612 est
1441 2585 1606 2612 lucubratio.
1623 2584 1707 2612 Multa

927 2630 1035 2666 quidem
1051 2630 1085 2657 ab
1096 2629 1214 2657 Eusebio
1229 2634 1323 2658 nostro
1339 2630 1439 2665 scripta
1454 2634 1518 2658 sunt
1531 2630 1565 2657 ad
1580 2629 1706 2657 Ecclesia:

927 2676 1066 2704 catholicae
1077 2676 1230 2708 utilitatem,
1239 2679 1264 2704 et
1280 2676 1313 2703 ad
1324 2676 1535 2704 conﬁrmandam
1543 2675 1707 2704 Christiana‘

927 2722 988 2750 lidei
1004 2721 1144 2750 veritatem
1157 2741 1165 2754 ,
1191 2723 1289 2757 partim
1315 2722 1445 2750 adversus
1463 2721 1571 2751 Judteos
1585 2745 1591 2758 ,
1606 2724 1705 2758 partim

926 2772 1020 2796 contra
1031 2768 1153 2804 gentiles.
1172 2768 1244 2796 inter
1258 2775 1352 2796 omnes
1367 2772 1457 2796 tamen
1468 2769 1528 2804 ejus
1543 2769 1628 2798 libros
1648 2778 1703 2797 me-

926 2814 978 2841 rito
987 2814 1103 2849 palmam
1117 2813 1168 2842 fert
1178 2813 1364 2840 Ecclesiastica
1372 2813 1503 2842 Historia.
1519 2815 1594 2843 Multi
1605 2816 1705 2852 quippe

926 2864 988 2889 ante
1002 2859 1147 2889 Eusebium
1165 2868 1213 2894 pro
1223 2860 1384 2889 Christiana).
1415 2861 1476 2890 ﬁdei
1501 2862 1658 2892 defensione
1673 2864 1706 2892 li-
