  <div class='ocr_page' id='page_1' title='image "/cluster/home/n/w/nwhite01/storage/ocr_20150623/19/njp.32101077772463/039.png"; bbox 0 0 1915 3135; ppageno 0'>
   <div class='ocr_carea' id='block_1_1' title="bbox 217 122 1336 155">
    <p class='ocr_par' dir='ltr' id='par_1_1' title="bbox 217 122 1336 155">
     <span class='ocr_line' id='line_1_1' title="bbox 217 122 1336 155; baseline -0.004 0"><span class='ocrx_word' id='word_1_1' title='bbox 217 127 254 155; x_wconf 72' lang='lat'><strong>63</strong></span> <span class='ocrx_word' id='word_1_2' title='bbox 692 124 860 152; x_wconf 82' lang='lat' dir='ltr'><strong>EUSEBIUS</strong></span> <span class='ocrx_word' id='word_1_3' title='bbox 880 122 1118 152; x_wconf 61' lang='lat' dir='ltr'><strong>CESABIENSIS</strong></span> <span class='ocrx_word' id='word_1_4' title='bbox 1139 122 1336 151; x_wconf 80' lang='lat' dir='ltr'><strong>EPISCOPUS.</strong></span> 
     </span>
    </p>
   </div>
   <div class='ocr_carea' id='block_1_2' title="bbox 1794 123 1840 150">
    <p class='ocr_par' dir='ltr' id='par_1_2' title="bbox 1794 123 1840 150">
     <span class='ocr_line' id='line_1_2' title="bbox 1794 123 1840 150; baseline 0 0"><span class='ocrx_word' id='word_1_5' title='bbox 1794 123 1840 150; x_wconf 62' lang='lat'><strong>65</strong></span> 
     </span>
    </p>
   </div>
   <div class='ocr_carea' id='block_1_3' title="bbox 218 168 1836 220">
    <p class='ocr_par' dir='ltr' id='par_1_3' title="bbox 218 168 1836 220">
     <span class='ocr_line' id='line_1_3' title="bbox 218 168 1836 220; baseline -0.002 -7"><span class='ocrx_word' id='word_1_6' title='bbox 218 187 284 214; x_wconf 79' lang='lat' dir='ltr'><strong>bros</strong></span> <span class='ocrx_word' id='word_1_7' title='bbox 306 185 535 220; x_wconf 83' lang='lat' dir='ltr'><strong>conscripserant,</strong></span> <span class='ocrx_word' id='word_1_8' title='bbox 559 188 587 211; x_wconf 87' lang='lat' dir='ltr'><strong>et</strong></span> <span class='ocrx_word' id='word_1_9' title='bbox 614 183 769 211; x_wconf 67' lang='lat' dir='ltr'><strong>Judzorum</strong></span> <span class='ocrx_word' id='word_1_10' title='bbox 797 184 994 212; x_wconf 75' lang='lat' dir='ltr'><strong>contumaciam</strong></span> <span class='ocrx_word' id='word_1_11' title='bbox 1011 168 1160 214; x_wconf 60' lang='grc' dir='ltr'><strong>ΑΝἱοξωιεε</strong></span> <span class='ocrx_word' id='word_1_12' title='bbox 1187 183 1409 210; x_wconf 74' lang='lat' dir='ltr'><strong>commemoratio</strong></span> <span class='ocrx_word' id='word_1_13' title='bbox 1435 182 1479 209; x_wconf 86' lang='lat' dir='ltr'><strong>hic</strong></span> <span class='ocrx_word' id='word_1_14' title='bbox 1505 183 1593 211; x_wconf 83' lang='lat' dir='ltr'><strong>alieno</strong></span> <span class='ocrx_word' id='word_1_15' title='bbox 1615 183 1676 210; x_wconf 92' lang='lat' dir='ltr'><strong>loco</strong></span> <span class='ocrx_word' id='word_1_16' title='bbox 1708 184 1836 217; x_wconf 84' lang='lat' dir='ltr'><strong>ponitur,</strong></span> 
     </span>
    </p>
   </div>
   <div class='ocr_carea' id='block_1_4' title="bbox 217 229 998 265">
    <p class='ocr_par' dir='ltr' id='par_1_4' title="bbox 217 229 998 265">
     <span class='ocr_line' id='line_1_4' title="bbox 217 229 998 265; baseline -0.001 -7"><span class='ocrx_word' id='word_1_17' title='bbox 217 238 394 265; x_wconf 87' lang='lat' dir='ltr'><strong>erroremque</strong></span> <span class='ocrx_word' id='word_1_18' title='bbox 408 230 548 265; x_wconf 70' lang='lat' dir='ltr'><strong>gentilium</strong></span> <span class='ocrx_word' id='word_1_19' title='bbox 565 229 740 257; x_wconf 82' lang='lat' dir='ltr'><strong>validissimis</strong></span> <span class='ocrx_word' id='word_1_20' title='bbox 755 230 907 258; x_wconf 81' lang='lat' dir='ltr'><strong>rationibus</strong></span> <span class='ocrx_word' id='word_1_21' title='bbox 932 238 998 257; x_wconf 88' lang='lat' dir='ltr'><strong>con-</strong></span> 
     </span>
    </p>
   </div>
   <div class='ocr_carea' id='block_1_5' title="bbox 218 275 997 310">
    <p class='ocr_par' dir='ltr' id='par_1_5' title="bbox 218 275 997 310">
     <span class='ocr_line' id='line_1_5' title="bbox 218 275 997 310; baseline -0.001 -7"><span class='ocrx_word' id='word_1_22' title='bbox 218 277 351 303; x_wconf 85' lang='lat' dir='ltr'><strong>vicerant.</strong></span> <span class='ocrx_word' id='word_1_23' title='bbox 366 275 418 303; x_wconf 88' lang='lat' dir='ltr'><strong>Sed</strong></span> <span class='ocrx_word' id='word_1_24' title='bbox 433 276 478 310; x_wconf 92' lang='lat' dir='ltr'><strong>qui</strong></span> <span class='ocrx_word' id='word_1_25' title='bbox 492 283 583 302; x_wconf 86' lang='lat' dir='ltr'><strong>rerum</strong></span> <span class='ocrx_word' id='word_1_26' title='bbox 592 275 838 303; x_wconf 83' lang='lat' dir='ltr'><strong>ecclesiasticarum</strong></span> <span class='ocrx_word' id='word_1_27' title='bbox 855 276 997 303; x_wconf 83' lang='lat' dir='ltr'><strong>historiam</strong></span> 
     </span>
    </p>
   </div>
   <div class='ocr_carea' id='block_1_6' title="bbox 218 319 995 355">
    <p class='ocr_par' dir='ltr' id='par_1_6' title="bbox 218 319 995 355">
     <span class='ocr_line' id='line_1_6' title="bbox 218 319 995 355; baseline 0.001 -8"><span class='ocrx_word' id='word_1_28' title='bbox 218 321 337 355; x_wconf 86' lang='lat' dir='ltr'><strong>posteris</strong></span> <span class='ocrx_word' id='word_1_29' title='bbox 348 320 475 351; x_wconf 85' lang='lat' dir='ltr'><strong>traderet,</strong></span> <span class='ocrx_word' id='word_1_30' title='bbox 498 327 578 347; x_wconf 86' lang='lat' dir='ltr'><strong>nemo</strong></span> <span class='ocrx_word' id='word_1_31' title='bbox 602 323 664 347; x_wconf 83' lang='lat' dir='ltr'><strong>ante</strong></span> <span class='ocrx_word' id='word_1_32' title='bbox 679 319 826 348; x_wconf 82' lang='lat' dir='ltr'><strong>Eusebium</strong></span> <span class='ocrx_word' id='word_1_33' title='bbox 844 321 995 348; x_wconf 72' lang='lat' dir='ltr'><strong>esstiterat.</strong></span> 
     </span>
    </p>
   </div>
   <div class='ocr_carea' id='block_1_7' title="bbox 219 365 998 401">
    <p class='ocr_par' dir='ltr' id='par_1_7' title="bbox 219 365 998 401">
     <span class='ocr_line' id='line_1_7' title="bbox 219 365 998 401; baseline -0.001 -8"><span class='ocrx_word' id='word_1_34' title='bbox 219 366 279 399; x_wconf 84' lang='lat' dir='ltr'><strong>Quo</strong></span> <span class='ocrx_word' id='word_1_35' title='bbox 292 366 376 401; x_wconf 79' lang='lat' dir='ltr'><strong>magis</strong></span> <span class='ocrx_word' id='word_1_36' title='bbox 392 365 543 392; x_wconf 85' lang='lat' dir='ltr'><strong>laudandus</strong></span> <span class='ocrx_word' id='word_1_37' title='bbox 572 368 614 393; x_wconf 89' lang='lat' dir='ltr'><strong>est</strong></span> <span class='ocrx_word' id='word_1_38' title='bbox 634 365 766 393; x_wconf 79' lang='lat' dir='ltr'><strong>Eusebius</strong></span> <span class='ocrx_word' id='word_1_39' title='bbox 794 369 897 398; x_wconf 87' lang='lat' dir='ltr'><strong>noster,</strong></span> <span class='ocrx_word' id='word_1_40' title='bbox 911 366 957 401; x_wconf 89' lang='lat' dir='ltr'><strong>qui</strong></span> <span class='ocrx_word' id='word_1_41' title='bbox 971 370 998 393; x_wconf 90' lang='lat' dir='ltr'><strong>et</strong></span> 
     </span>
    </p>
   </div>
   <div class='ocr_carea' id='block_1_8' title="bbox 218 412 997 448">
    <p class='ocr_par' dir='ltr' id='par_1_8' title="bbox 218 412 997 448">
     <span class='ocr_line' id='line_1_8' title="bbox 218 412 997 448; baseline 0 -10"><span class='ocrx_word' id='word_1_42' title='bbox 218 413 322 448; x_wconf 82' lang='lat' dir='ltr'><strong>primus</strong></span> <span class='ocrx_word' id='word_1_43' title='bbox 344 412 394 439; x_wconf 89' lang='lat' dir='ltr'><strong>hoc</strong></span> <span class='ocrx_word' id='word_1_44' title='bbox 408 415 597 446; x_wconf 82' lang='lat' dir='ltr'><strong>argumentum</strong></span> <span class='ocrx_word' id='word_1_45' title='bbox 622 412 799 447; x_wconf 78' lang='lat' dir='ltr'><strong>excogitavit;</strong></span> <span class='ocrx_word' id='word_1_46' title='bbox 818 417 844 440; x_wconf 92' lang='lat' dir='ltr'><strong>et</strong></span> <span class='ocrx_word' id='word_1_47' title='bbox 855 420 917 440; x_wconf 91' lang='lat' dir='ltr'><strong>cum</strong></span> <span class='ocrx_word' id='word_1_48' title='bbox 932 412 997 439; x_wconf 89' lang='lat' dir='ltr'><strong>illud</strong></span> 
     </span>
    </p>
   </div>
   <div class='ocr_carea' id='block_1_9' title="bbox 217 458 997 494">
    <p class='ocr_par' dir='ltr' id='par_1_9' title="bbox 217 458 997 494">
     <span class='ocr_line' id='line_1_9' title="bbox 217 458 997 494; baseline 0.001 -9"><span class='ocrx_word' id='word_1_49' title='bbox 217 465 360 493; x_wconf 72' lang='lat' dir='ltr'><strong>aggressus</strong></span> <span class='ocrx_word' id='word_1_50' title='bbox 373 458 480 491; x_wconf 79' lang='lat' dir='ltr'><strong>fuisset,</strong></span> <span class='ocrx_word' id='word_1_51' title='bbox 494 458 622 485; x_wconf 90' lang='lat' dir='ltr'><strong>omnibus</strong></span> <span class='ocrx_word' id='word_1_52' title='bbox 642 459 762 494; x_wconf 82' lang='lat' dir='ltr'><strong>numeris</strong></span> <span class='ocrx_word' id='word_1_53' title='bbox 777 459 931 485; x_wconf 90' lang='lat' dir='ltr'><strong>absolutum</strong></span> <span class='ocrx_word' id='word_1_54' title='bbox 955 467 997 486; x_wconf 89' lang='lat' dir='ltr'><strong>re-</strong></span> 
     </span>
    </p>
   </div>
   <div class='ocr_carea' id='block_1_10' title="bbox 216 503 995 540">
    <p class='ocr_par' dir='ltr' id='par_1_10' title="bbox 216 503 995 540">
     <span class='ocr_line' id='line_1_10' title="bbox 216 503 995 540; baseline 0.003 -10"><span class='ocrx_word' id='word_1_55' title='bbox 216 503 305 538; x_wconf 85' lang='lat' dir='ltr'><strong>liquit.</strong></span> <span class='ocrx_word' id='word_1_56' title='bbox 316 503 395 531; x_wconf 84' lang='lat' dir='ltr'><strong>Certe</strong></span> <span class='ocrx_word' id='word_1_57' title='bbox 405 511 468 531; x_wconf 91' lang='lat' dir='ltr'><strong>cum</strong></span> <span class='ocrx_word' id='word_1_58' title='bbox 484 504 560 531; x_wconf 92' lang='lat' dir='ltr'><strong>multi</strong></span> <span class='ocrx_word' id='word_1_59' title='bbox 587 509 647 539; x_wconf 83' lang='lat' dir='ltr'><strong>post</strong></span> <span class='ocrx_word' id='word_1_60' title='bbox 662 512 724 531; x_wconf 89' lang='lat' dir='ltr'><strong>eum</strong></span> <span class='ocrx_word' id='word_1_61' title='bbox 751 505 851 540; x_wconf 85' lang='lat' dir='ltr'><strong>reperti</strong></span> <span class='ocrx_word' id='word_1_62' title='bbox 870 506 936 537; x_wconf 89' lang='lat' dir='ltr'><strong>sint,</strong></span> <span class='ocrx_word' id='word_1_63' title='bbox 951 505 995 540; x_wconf 89' lang='lat' dir='ltr'><strong>qui</strong></span> 
     </span>
    </p>
   </div>
   <div class='ocr_carea' id='block_1_11' title="bbox 216 549 997 584">
    <p class='ocr_par' dir='ltr' id='par_1_11' title="bbox 216 549 997 584">
     <span class='ocr_line' id='line_1_11' title="bbox 216 549 997 584; baseline 0.003 -8"><span class='ocrx_word' id='word_1_64' title='bbox 216 549 288 576; x_wconf 85' lang='lat' dir='ltr'><strong>illius</strong></span> <span class='ocrx_word' id='word_1_65' title='bbox 315 550 438 584; x_wconf 87' lang='lat' dir='ltr'><strong>exemplo</strong></span> <span class='ocrx_word' id='word_1_66' title='bbox 472 549 575 577; x_wconf 86' lang='lat' dir='ltr'><strong>incitati</strong></span> <span class='ocrx_word' id='word_1_67' title='bbox 600 558 645 578; x_wconf 90' lang='lat' dir='ltr'><strong>res</strong></span> <span class='ocrx_word' id='word_1_68' title='bbox 666 550 867 578; x_wconf 83' lang='lat' dir='ltr'><strong>ecclesiasticas</strong></span> <span class='ocrx_word' id='word_1_69' title='bbox 889 551 997 584; x_wconf 80' lang='lat' dir='ltr'><strong>scriptis</strong></span> 
     </span>
    </p>
   </div>
   <div class='ocr_carea' id='block_1_12' title="bbox 215 595 998 630">
    <p class='ocr_par' dir='ltr' id='par_1_12' title="bbox 215 595 998 630">
     <span class='ocr_line' id='line_1_12' title="bbox 215 595 998 630; baseline 0.003 -9"><span class='ocrx_word' id='word_1_70' title='bbox 215 595 330 629; x_wconf 84' lang='lat' dir='ltr'><strong>prodere</strong></span> <span class='ocrx_word' id='word_1_71' title='bbox 350 596 572 630; x_wconf 77' lang='lat' dir='ltr'><strong>aggrederentur,</strong></span> <span class='ocrx_word' id='word_1_72' title='bbox 592 604 687 624; x_wconf 88' lang='lat' dir='ltr'><strong>omnes</strong></span> <span class='ocrx_word' id='word_1_73' title='bbox 710 601 799 624; x_wconf 89' lang='lat' dir='ltr'><strong>tamen</strong></span> <span class='ocrx_word' id='word_1_74' title='bbox 832 596 864 623; x_wconf 87' lang='lat' dir='ltr'><strong>ab</strong></span> <span class='ocrx_word' id='word_1_75' title='bbox 880 597 913 624; x_wconf 93' lang='lat' dir='ltr'><strong>iis</strong></span> <span class='ocrx_word' id='word_1_76' title='bbox 929 601 998 623; x_wconf 78' lang='lat' dir='ltr'><strong>tem-</strong></span> 
     </span>
    </p>
   </div>
   <div class='ocr_carea' id='block_1_13' title="bbox 214 640 997 676">
    <p class='ocr_par' dir='ltr' id='par_1_13' title="bbox 214 640 997 676">
     <span class='ocr_line' id='line_1_13' title="bbox 214 640 997 676; baseline 0.001 -10"><span class='ocrx_word' id='word_1_77' title='bbox 214 640 328 675; x_wconf 88' lang='lat' dir='ltr'><strong>poribus</strong></span> <span class='ocrx_word' id='word_1_78' title='bbox 343 640 485 668; x_wconf 86' lang='lat' dir='ltr'><strong>historiam</strong></span> <span class='ocrx_word' id='word_1_79' title='bbox 497 649 575 668; x_wconf 89' lang='lat' dir='ltr'><strong>suam</strong></span> <span class='ocrx_word' id='word_1_80' title='bbox 599 642 689 669; x_wconf 81' lang='lat' dir='ltr'><strong>exorsi</strong></span> <span class='ocrx_word' id='word_1_81' title='bbox 706 645 770 669; x_wconf 90' lang='lat' dir='ltr'><strong>sunt</strong></span> <span class='ocrx_word' id='word_1_82' title='bbox 787 641 814 668; x_wconf 96' lang='lat' dir='ltr'><strong>in</strong></span> <span class='ocrx_word' id='word_1_83' title='bbox 830 641 929 676; x_wconf 86' lang='lat' dir='ltr'><strong>quibus</strong></span> <span class='ocrx_word' id='word_1_84' title='bbox 943 640 997 667; x_wconf 85' lang='lat' dir='ltr'><strong>Eu-</strong></span> 
     </span>
    </p>
   </div>
   <div class='ocr_carea' id='block_1_14' title="bbox 214 684 996 720">
    <p class='ocr_par' dir='ltr' id='par_1_14' title="bbox 214 684 996 720">
     <span class='ocr_line' id='line_1_14' title="bbox 214 684 996 720; baseline -0.001 -8"><span class='ocrx_word' id='word_1_85' title='bbox 214 684 308 712; x_wconf 74' lang='lat' dir='ltr'><strong>sebius</strong></span> <span class='ocrx_word' id='word_1_86' title='bbox 323 690 415 712; x_wconf 89' lang='lat' dir='ltr'><strong>noster</strong></span> <span class='ocrx_word' id='word_1_87' title='bbox 431 693 500 720; x_wconf 89' lang='lat' dir='ltr'><strong>opus</strong></span> <span class='ocrx_word' id='word_1_88' title='bbox 511 694 590 713; x_wconf 90' lang='lat' dir='ltr'><strong>suum</strong></span> <span class='ocrx_word' id='word_1_89' title='bbox 604 686 809 718; x_wconf 85' lang='lat' dir='ltr'><strong>terminaverat;</strong></span> <span class='ocrx_word' id='word_1_90' title='bbox 825 685 996 720; x_wconf 84' lang='lat' dir='ltr'><strong>superiorum</strong></span> 
     </span>
    </p>
   </div>
   <div class='ocr_carea' id='block_1_15' title="bbox 214 730 997 765">
    <p class='ocr_par' dir='ltr' id='par_1_15' title="bbox 214 730 997 765">
     <span class='ocr_line' id='line_1_15' title="bbox 214 730 997 765; baseline 0.003 -9"><span class='ocrx_word' id='word_1_91' title='bbox 214 737 280 756; x_wconf 87' lang='lat' dir='ltr'><strong>vero</strong></span> <span class='ocrx_word' id='word_1_92' title='bbox 295 735 446 764; x_wconf 85' lang='lat' dir='ltr'><strong>temporum</strong></span> <span class='ocrx_word' id='word_1_93' title='bbox 477 730 629 762; x_wconf 86' lang='lat' dir='ltr'><strong>historiam,</strong></span> <span class='ocrx_word' id='word_1_94' title='bbox 646 738 727 765; x_wconf 81' lang='lat' dir='ltr'><strong>quam</strong></span> <span class='ocrx_word' id='word_1_95' title='bbox 744 731 789 757; x_wconf 90' lang='lat' dir='ltr'><strong>ille</strong></span> <span class='ocrx_word' id='word_1_96' title='bbox 815 730 908 758; x_wconf 87' lang='lat' dir='ltr'><strong>decem</strong></span> <span class='ocrx_word' id='word_1_97' title='bbox 919 730 997 758; x_wconf 86' lang='lat' dir='ltr'><strong>libris</strong></span> 
     </span>
    </p>
   </div>
   <div class='ocr_carea' id='block_1_16' title="bbox 214 775 997 811">
    <p class='ocr_par' dir='ltr' id='par_1_16' title="bbox 214 775 997 811">
     <span class='ocr_line' id='line_1_16' title="bbox 214 775 997 811; baseline 0.001 -9"><span class='ocrx_word' id='word_1_98' title='bbox 214 779 389 810; x_wconf 80' lang='lat' dir='ltr'><strong>exposuerat,</strong></span> <span class='ocrx_word' id='word_1_99' title='bbox 412 776 544 810; x_wconf 83' lang='lat' dir='ltr'><strong>integram</strong></span> <span class='ocrx_word' id='word_1_100' title='bbox 564 775 589 802; x_wconf 89' lang='lat' dir='ltr'><strong>ei</strong></span> <span class='ocrx_word' id='word_1_101' title='bbox 610 779 691 811; x_wconf 90' lang='lat' dir='ltr'><strong>atque</strong></span> <span class='ocrx_word' id='word_1_102' title='bbox 720 776 850 803; x_wconf 81' lang='lat' dir='ltr'><strong>intactam</strong></span> <span class='ocrx_word' id='word_1_103' title='bbox 880 776 997 810; x_wconf 90' lang='lat' dir='ltr'><strong>relique-</strong></span> 
     </span>
    </p>
   </div>
   <div class='ocr_carea' id='block_1_17' title="bbox 214 820 998 856">
    <p class='ocr_par' dir='ltr' id='par_1_17' title="bbox 214 820 998 856">
     <span class='ocr_line' id='line_1_17' title="bbox 214 820 998 856; baseline 0.001 -9"><span class='ocrx_word' id='word_1_104' title='bbox 214 824 290 848; x_wconf 87' lang='lat' dir='ltr'><strong>runt.</strong></span> <span class='ocrx_word' id='word_1_105' title='bbox 309 820 491 854; x_wconf 88' lang='lat' dir='ltr'><strong>Quamobrem</strong></span> <span class='ocrx_word' id='word_1_106' title='bbox 507 822 528 848; x_wconf 91' lang='lat' dir='ltr'><strong>si</strong></span> <span class='ocrx_word' id='word_1_107' title='bbox 540 821 602 856; x_wconf 87' lang='lat' dir='ltr'><strong>quis</strong></span> <span class='ocrx_word' id='word_1_108' title='bbox 616 821 691 848; x_wconf 92' lang='lat' dir='ltr'><strong>illum</strong></span> <span class='ocrx_word' id='word_1_109' title='bbox 705 821 896 849; x_wconf 71' lang='lat' dir='ltr'><strong>ecclesiastica:</strong></span> <span class='ocrx_word' id='word_1_110' title='bbox 911 821 998 849; x_wconf 90' lang='lat' dir='ltr'><strong>histo-</strong></span> 
     </span>
    </p>
   </div>
   <div class='ocr_carea' id='block_1_18' title="bbox 215 861 1038 902">
    <p class='ocr_par' dir='ltr' id='par_1_18' title="bbox 215 861 1038 902">
     <span class='ocr_line' id='line_1_18' title="bbox 215 861 1038 902; baseline 0 -9"><span class='ocrx_word' id='word_1_111' title='bbox 215 867 263 893; x_wconf 70' lang='lat' dir='ltr'><strong>ria:</strong></span> <span class='ocrx_word' id='word_1_112' title='bbox 277 865 384 894; x_wconf 87' lang='lat' dir='ltr'><strong>Patrem</strong></span> <span class='ocrx_word' id='word_1_113' title='bbox 393 870 420 894; x_wconf 89' lang='lat' dir='ltr'><strong>et</strong></span> <span class='ocrx_word' id='word_1_114' title='bbox 435 867 602 894; x_wconf 83' lang='lat' dir='ltr'><strong>conditorem</strong></span> <span class='ocrx_word' id='word_1_115' title='bbox 614 868 750 902; x_wconf 86' lang='lat' dir='ltr'><strong>appellare</strong></span> <span class='ocrx_word' id='word_1_116' title='bbox 762 868 886 899; x_wconf 86' lang='lat' dir='ltr'><strong>voluerit,</strong></span> <span class='ocrx_word' id='word_1_117' title='bbox 900 868 923 895; x_wconf 89' lang='lat' dir='ltr'><strong>is</strong></span> <span class='ocrx_word' id='word_1_118' title='bbox 939 875 1001 902; x_wconf 87' lang='lat' dir='ltr'><strong>pro-</strong></span> <span class='ocrx_word' id='word_1_119' title='bbox 1018 861 1038 888; x_wconf 84' lang='grc' dir='ltr'><strong><em>Β</em></strong></span> 
     </span>
    </p>
   </div>
   <div class='ocr_carea' id='block_1_19' title="bbox 215 911 998 948">
    <p class='ocr_par' dir='ltr' id='par_1_19' title="bbox 215 911 998 948">
     <span class='ocr_line' id='line_1_19' title="bbox 215 911 998 948; baseline 0.001 -10"><span class='ocrx_word' id='word_1_120' title='bbox 215 911 288 938; x_wconf 86' lang='lat' dir='ltr'><strong>fecto</strong></span> <span class='ocrx_word' id='word_1_121' title='bbox 299 919 354 938; x_wconf 88' lang='lat' dir='ltr'><strong>non</strong></span> <span class='ocrx_word' id='word_1_122' title='bbox 372 912 490 939; x_wconf 85' lang='lat' dir='ltr'><strong>absurde</strong></span> <span class='ocrx_word' id='word_1_123' title='bbox 520 919 571 939; x_wconf 89' lang='lat' dir='ltr'><strong>nec</strong></span> <span class='ocrx_word' id='word_1_124' title='bbox 591 913 725 939; x_wconf 89' lang='lat' dir='ltr'><strong>immerito</strong></span> <span class='ocrx_word' id='word_1_125' title='bbox 739 913 765 939; x_wconf 90' lang='lat' dir='ltr'><strong>id</strong></span> <span class='ocrx_word' id='word_1_126' title='bbox 790 920 939 948; x_wconf 79' lang='lat' dir='ltr'><strong>cognomen</strong></span> <span class='ocrx_word' id='word_1_127' title='bbox 960 913 998 939; x_wconf 95' lang='lat' dir='ltr'><strong>illi</strong></span> 
     </span>
    </p>
   </div>
   <div class='ocr_carea' id='block_1_20' title="bbox 215 957 999 992">
    <p class='ocr_par' dir='ltr' id='par_1_20' title="bbox 215 957 999 992">
     <span class='ocr_line' id='line_1_20' title="bbox 215 957 999 992; baseline 0.004 -9"><span class='ocrx_word' id='word_1_128' title='bbox 215 957 395 992; x_wconf 82' lang='lat' dir='ltr'><strong>impositurus</strong></span> <span class='ocrx_word' id='word_1_129' title='bbox 406 957 522 985; x_wconf 86' lang='lat' dir='ltr'><strong>videtur.</strong></span> <span class='ocrx_word' id='word_1_130' title='bbox 534 957 656 990; x_wconf 85' lang='lat' dir='ltr'><strong>Quanam</strong></span> <span class='ocrx_word' id='word_1_131' title='bbox 671 963 760 984; x_wconf 87' lang='lat' dir='ltr'><strong>autem</strong></span> <span class='ocrx_word' id='word_1_132' title='bbox 773 959 879 986; x_wconf 87' lang='lat' dir='ltr'><strong>ratione</strong></span> <span class='ocrx_word' id='word_1_133' title='bbox 895 959 927 986; x_wconf 90' lang='lat' dir='ltr'><strong>ad</strong></span> <span class='ocrx_word' id='word_1_134' title='bbox 947 959 999 986; x_wconf 91' lang='lat' dir='ltr'><strong>hoc</strong></span> 
     </span>
    </p>
   </div>
   <div class='ocr_carea' id='block_1_21' title="bbox 215 1003 999 1038">
    <p class='ocr_par' dir='ltr' id='par_1_21' title="bbox 215 1003 999 1038">
     <span class='ocr_line' id='line_1_21' title="bbox 215 1003 999 1038; baseline 0.003 -8"><span class='ocrx_word' id='word_1_135' title='bbox 215 1007 404 1038; x_wconf 69' lang='lat' dir='ltr'><strong>argumentum</strong></span> <span class='ocrx_word' id='word_1_136' title='bbox 433 1003 581 1031; x_wconf 79' lang='lat' dir='ltr'><strong>accesserit</strong></span> <span class='ocrx_word' id='word_1_137' title='bbox 598 1003 743 1035; x_wconf 85' lang='lat' dir='ltr'><strong>Eusebius,</strong></span> <span class='ocrx_word' id='word_1_138' title='bbox 760 1012 813 1031; x_wconf 92' lang='lat' dir='ltr'><strong>non</strong></span> <span class='ocrx_word' id='word_1_139' title='bbox 830 1003 938 1032; x_wconf 86' lang='lat' dir='ltr'><strong>dillicile</strong></span> <span class='ocrx_word' id='word_1_140' title='bbox 957 1009 999 1032; x_wconf 87' lang='lat' dir='ltr'><strong>est</strong></span> 
     </span>
    </p>
   </div>
   <div class='ocr_carea' id='block_1_22' title="bbox 213 1049 998 1084">
    <p class='ocr_par' dir='ltr' id='par_1_22' title="bbox 213 1049 998 1084">
     <span class='ocr_line' id='line_1_22' title="bbox 213 1049 998 1084; baseline 0.004 -9"><span class='ocrx_word' id='word_1_141' title='bbox 213 1049 359 1083; x_wconf 87' lang='lat' dir='ltr'><strong>conjicere.</strong></span> <span class='ocrx_word' id='word_1_142' title='bbox 372 1049 438 1075; x_wconf 83' lang='lat' dir='ltr'><strong>Nam</strong></span> <span class='ocrx_word' id='word_1_143' title='bbox 455 1056 516 1076; x_wconf 88' lang='lat' dir='ltr'><strong>cum</strong></span> <span class='ocrx_word' id='word_1_144' title='bbox 529 1049 556 1075; x_wconf 93' lang='lat' dir='ltr'><strong>in</strong></span> <span class='ocrx_word' id='word_1_145' title='bbox 577 1053 697 1076; x_wconf 81' lang='lat' dir='ltr'><strong>extrema</strong></span> <span class='ocrx_word' id='word_1_146' title='bbox 718 1055 795 1084; x_wconf 86' lang='lat' dir='ltr'><strong>parte</strong></span> <span class='ocrx_word' id='word_1_147' title='bbox 809 1049 998 1078; x_wconf 81' lang='lat' dir='ltr'><strong>Chronicorum</strong></span> 
     </span>
    </p>
   </div>
   <div class='ocr_carea' id='block_1_23' title="bbox 214 1093 998 1129">
    <p class='ocr_par' dir='ltr' id='par_1_23' title="bbox 214 1093 998 1129">
     <span class='ocr_line' id='line_1_23' title="bbox 214 1093 998 1129; baseline 0.003 -7"><span class='ocrx_word' id='word_1_148' title='bbox 214 1093 362 1127; x_wconf 71' lang='lat' dir='ltr'><strong>Cortonam,</strong></span> <span class='ocrx_word' id='word_1_149' title='bbox 383 1099 488 1129; x_wconf 89' lang='lat' dir='ltr'><strong>tempus</strong></span> <span class='ocrx_word' id='word_1_150' title='bbox 508 1095 640 1123; x_wconf 76' lang='lat' dir='ltr'><strong>adventus</strong></span> <span class='ocrx_word' id='word_1_151' title='bbox 655 1095 761 1123; x_wconf 89' lang='lat' dir='ltr'><strong>Domini</strong></span> <span class='ocrx_word' id='word_1_152' title='bbox 785 1097 870 1124; x_wconf 89' lang='lat' dir='ltr'><strong>nostri</strong></span> <span class='ocrx_word' id='word_1_153' title='bbox 887 1100 914 1124; x_wconf 89' lang='lat' dir='ltr'><strong>et</strong></span> <span class='ocrx_word' id='word_1_154' title='bbox 932 1095 998 1124; x_wconf 81' lang='lat' dir='ltr'><strong>Pas-</strong></span> 
     </span>
    </p>
   </div>
   <div class='ocr_carea' id='block_1_24' title="bbox 215 1140 997 1176">
    <p class='ocr_par' dir='ltr' id='par_1_24' title="bbox 215 1140 997 1176">
     <span class='ocr_line' id='line_1_24' title="bbox 215 1140 997 1176; baseline 0.003 -10"><span class='ocrx_word' id='word_1_155' title='bbox 215 1140 301 1167; x_wconf 79' lang='lat' dir='ltr'><strong>sionis</strong></span> <span class='ocrx_word' id='word_1_156' title='bbox 323 1140 384 1173; x_wconf 83' lang='lat' dir='ltr'><strong>ejus</strong></span> <span class='ocrx_word' id='word_1_157' title='bbox 410 1143 537 1167; x_wconf 83' lang='lat' dir='ltr'><strong>accurate</strong></span> <span class='ocrx_word' id='word_1_158' title='bbox 553 1144 685 1171; x_wconf 87' lang='lat' dir='ltr'><strong>notasset.</strong></span> <span class='ocrx_word' id='word_1_159' title='bbox 714 1141 824 1168; x_wconf 90' lang='lat' dir='ltr'><strong>nomina</strong></span> <span class='ocrx_word' id='word_1_160' title='bbox 843 1141 923 1168; x_wconf 90' lang='lat' dir='ltr'><strong>etiam</strong></span> <span class='ocrx_word' id='word_1_161' title='bbox 939 1143 997 1176; x_wconf 89' lang='lat' dir='ltr'><strong>epi-</strong></span> 
     </span>
    </p>
   </div>
   <div class='ocr_carea' id='block_1_25' title="bbox 215 1185 999 1220">
    <p class='ocr_par' dir='ltr' id='par_1_25' title="bbox 215 1185 999 1220">
     <span class='ocr_line' id='line_1_25' title="bbox 215 1185 999 1220; baseline 0.005 -10"><span class='ocrx_word' id='word_1_162' title='bbox 215 1191 360 1218; x_wconf 81' lang='lat' dir='ltr'><strong>scoporum</strong></span> <span class='ocrx_word' id='word_1_163' title='bbox 372 1185 418 1219; x_wconf 89' lang='lat' dir='ltr'><strong>qui</strong></span> <span class='ocrx_word' id='word_1_164' title='bbox 439 1185 466 1211; x_wconf 90' lang='lat' dir='ltr'><strong>in</strong></span> <span class='ocrx_word' id='word_1_165' title='bbox 482 1189 599 1220; x_wconf 84' lang='lat' dir='ltr'><strong>quatuor</strong></span> <span class='ocrx_word' id='word_1_166' title='bbox 620 1185 764 1220; x_wconf 69' lang='lat' dir='ltr'><strong>praecipuis</strong></span> <span class='ocrx_word' id='word_1_167' title='bbox 780 1185 908 1214; x_wconf 86' lang='lat' dir='ltr'><strong>Ecclesiis</strong></span> <span class='ocrx_word' id='word_1_168' title='bbox 922 1186 999 1214; x_wconf 87' lang='lat' dir='ltr'><strong>sede-</strong></span> 
     </span>
    </p>
   </div>
   <div class='ocr_carea' id='block_1_26' title="bbox 215 1230 999 1265">
    <p class='ocr_par' dir='ltr' id='par_1_26' title="bbox 215 1230 999 1265">
     <span class='ocr_line' id='line_1_26' title="bbox 215 1230 999 1265; baseline 0.004 -9"><span class='ocrx_word' id='word_1_169' title='bbox 215 1234 288 1262; x_wconf 84' lang='lat' dir='ltr'><strong>rant,</strong></span> <span class='ocrx_word' id='word_1_170' title='bbox 301 1233 328 1257; x_wconf 87' lang='lat' dir='ltr'><strong>et</strong></span> <span class='ocrx_word' id='word_1_171' title='bbox 350 1230 496 1257; x_wconf 89' lang='lat' dir='ltr'><strong>illustrium</strong></span> <span class='ocrx_word' id='word_1_172' title='bbox 521 1230 696 1265; x_wconf 88' lang='lat' dir='ltr'><strong>virorumqui</strong></span> <span class='ocrx_word' id='word_1_173' title='bbox 724 1231 751 1258; x_wconf 89' lang='lat' dir='ltr'><strong>in</strong></span> <span class='ocrx_word' id='word_1_174' title='bbox 768 1230 887 1259; x_wconf 85' lang='lat' dir='ltr'><strong>Ecclesia</strong></span> <span class='ocrx_word' id='word_1_175' title='bbox 903 1231 999 1259; x_wconf 83' lang='lat' dir='ltr'><strong>ﬂorue-</strong></span> 
     </span>
    </p>
   </div>
   <div class='ocr_carea' id='block_1_27' title="bbox 214 1276 997 1313">
    <p class='ocr_par' dir='ltr' id='par_1_27' title="bbox 214 1276 997 1313">
     <span class='ocr_line' id='line_1_27' title="bbox 214 1276 997 1313; baseline 0.005 -12"><span class='ocrx_word' id='word_1_176' title='bbox 214 1279 276 1302; x_wconf 90' lang='lat' dir='ltr'><strong>rant</strong></span> <span class='ocrx_word' id='word_1_177' title='bbox 296 1284 303 1302; x_wconf 89' lang='lat'><strong>:</strong></span> <span class='ocrx_word' id='word_1_178' title='bbox 320 1276 436 1304; x_wconf 70' lang='lat' dir='ltr'><strong>haereses</strong></span> <span class='ocrx_word' id='word_1_179' title='bbox 460 1276 577 1312; x_wconf 74' lang='lat' dir='ltr'><strong>denique</strong></span> <span class='ocrx_word' id='word_1_180' title='bbox 606 1283 639 1303; x_wconf 89' lang='lat' dir='ltr'><strong>ac</strong></span> <span class='ocrx_word' id='word_1_181' title='bbox 663 1277 866 1311; x_wconf 82' lang='lat' dir='ltr'><strong>persecutiones</strong></span> <span class='ocrx_word' id='word_1_182' title='bbox 897 1278 997 1313; x_wconf 84' lang='lat' dir='ltr'><strong>quibus</strong></span> 
     </span>
    </p>
   </div>
   <div class='ocr_carea' id='block_1_28' title="bbox 214 1322 998 1359">
    <p class='ocr_par' dir='ltr' id='par_1_28' title="bbox 214 1322 998 1359">
     <span class='ocr_line' id='line_1_28' title="bbox 214 1322 998 1359; baseline 0.006 -11"><span class='ocrx_word' id='word_1_183' title='bbox 214 1326 311 1349; x_wconf 84' lang='lat' dir='ltr'><strong>vexata</strong></span> <span class='ocrx_word' id='word_1_184' title='bbox 329 1322 417 1349; x_wconf 78' lang='lat' dir='ltr'><strong>fuerat</strong></span> <span class='ocrx_word' id='word_1_185' title='bbox 438 1322 570 1354; x_wconf 88' lang='lat' dir='ltr'><strong>Ecclesia,</strong></span> <span class='ocrx_word' id='word_1_186' title='bbox 596 1331 647 1351; x_wconf 90' lang='lat' dir='ltr'><strong>suo</strong></span> <span class='ocrx_word' id='word_1_187' title='bbox 670 1327 791 1359; x_wconf 85' lang='lat' dir='ltr'><strong>tempore</strong></span> <span class='ocrx_word' id='word_1_188' title='bbox 807 1328 888 1359; x_wconf 89' lang='lat' dir='ltr'><strong>atque</strong></span> <span class='ocrx_word' id='word_1_189' title='bbox 902 1325 998 1353; x_wconf 88' lang='lat' dir='ltr'><strong>ordine</strong></span> 
     </span>
    </p>
   </div>
   <div class='ocr_carea' id='block_1_29' title="bbox 213 1367 997 1403">
    <p class='ocr_par' dir='ltr' id='par_1_29' title="bbox 213 1367 997 1403">
     <span class='ocr_line' id='line_1_29' title="bbox 213 1367 997 1403; baseline 0.004 -8"><span class='ocrx_word' id='word_1_190' title='bbox 213 1367 383 1403; x_wconf 80' lang='lat' dir='ltr'><strong>digessisset,</strong></span> <span class='ocrx_word' id='word_1_191' title='bbox 398 1369 528 1403; x_wconf 85' lang='lat' dir='ltr'><strong>paulatim</strong></span> <span class='ocrx_word' id='word_1_192' title='bbox 560 1369 593 1396; x_wconf 89' lang='lat' dir='ltr'><strong>ad</strong></span> <span class='ocrx_word' id='word_1_193' title='bbox 614 1369 757 1398; x_wconf 84' lang='lat' dir='ltr'><strong>historiam</strong></span> <span class='ocrx_word' id='word_1_194' title='bbox 783 1371 997 1399; x_wconf 89' lang='lat' dir='ltr'><strong>ecclesiasticam</strong></span> 
     </span>
    </p>
   </div>
   <div class='ocr_carea' id='block_1_30' title="bbox 214 1414 997 1452">
    <p class='ocr_par' dir='ltr' id='par_1_30' title="bbox 214 1414 997 1452">
     <span class='ocr_line' id='line_1_30' title="bbox 214 1414 997 1452; baseline 0.006 -12"><span class='ocrx_word' id='word_1_195' title='bbox 214 1414 451 1447; x_wconf 86' lang='lat' dir='ltr'><strong>conscribendam,</strong></span> <span class='ocrx_word' id='word_1_196' title='bbox 466 1415 544 1451; x_wconf 88' lang='lat' dir='ltr'><strong>quasi</strong></span> <span class='ocrx_word' id='word_1_197' title='bbox 567 1423 647 1442; x_wconf 88' lang='lat' dir='ltr'><strong>manu</strong></span> <span class='ocrx_word' id='word_1_198' title='bbox 662 1417 794 1445; x_wconf 90' lang='lat' dir='ltr'><strong>deductus</strong></span> <span class='ocrx_word' id='word_1_199' title='bbox 809 1421 849 1444; x_wconf 90' lang='lat' dir='ltr'><strong>est</strong></span> <span class='ocrx_word' id='word_1_200' title='bbox 868 1425 875 1443; x_wconf 90' lang='lat'>:</span> <span class='ocrx_word' id='word_1_201' title='bbox 895 1422 924 1444; x_wconf 91' lang='lat' dir='ltr'><strong>ut</strong></span> <span class='ocrx_word' id='word_1_202' title='bbox 938 1425 997 1452; x_wconf 65' lang='lat' dir='ltr'><strong>quae</strong></span> 
     </span>
    </p>
   </div>
   <div class='ocr_carea' id='block_1_31' title="bbox 216 1459 996 1498">
    <p class='ocr_par' dir='ltr' id='par_1_31' title="bbox 216 1459 996 1498">
     <span class='ocr_line' id='line_1_31' title="bbox 216 1459 996 1498; baseline 0.004 -11"><span class='ocrx_word' id='word_1_203' title='bbox 216 1460 244 1487; x_wconf 90' lang='lat' dir='ltr'><strong>in</strong></span> <span class='ocrx_word' id='word_1_204' title='bbox 257 1459 394 1487; x_wconf 71' lang='lat' dir='ltr'><strong>Chronicia</strong></span> <span class='ocrx_word' id='word_1_205' title='bbox 413 1459 566 1488; x_wconf 70' lang='lat' dir='ltr'><strong>(Iunonibus</strong></span> <span class='ocrx_word' id='word_1_206' title='bbox 590 1462 668 1496; x_wconf 85' lang='lat' dir='ltr'><strong>quasi</strong></span> <span class='ocrx_word' id='word_1_207' title='bbox 692 1462 853 1496; x_wconf 89' lang='lat' dir='ltr'><strong>compendio</strong></span> <span class='ocrx_word' id='word_1_208' title='bbox 879 1464 996 1498; x_wconf 86' lang='lat' dir='ltr'><strong>quodam</strong></span> 
     </span>
    </p>
   </div>
   <div class='ocr_carea' id='block_1_32' title="bbox 215 1505 997 1543">
    <p class='ocr_par' dir='ltr' id='par_1_32' title="bbox 215 1505 997 1543">
     <span class='ocr_line' id='line_1_32' title="bbox 215 1505 997 1543; baseline 0.006 -12"><span class='ocrx_word' id='word_1_209' title='bbox 215 1505 422 1540; x_wconf 79' lang='lat' dir='ltr'><strong>perstrinxerat,</strong></span> <span class='ocrx_word' id='word_1_210' title='bbox 435 1506 463 1533; x_wconf 92' lang='lat' dir='ltr'><strong>in</strong></span> <span class='ocrx_word' id='word_1_211' title='bbox 481 1506 667 1534; x_wconf 74' lang='lat' dir='ltr'><strong>Ecclesiastt&#39;ca</strong></span> <span class='ocrx_word' id='word_1_212' title='bbox 683 1507 804 1534; x_wconf 78' lang='lat' dir='ltr'><strong>Historia</strong></span> <span class='ocrx_word' id='word_1_213' title='bbox 821 1508 901 1536; x_wconf 86' lang='lat' dir='ltr'><strong>latius</strong></span> <span class='ocrx_word' id='word_1_214' title='bbox 917 1514 997 1543; x_wconf 88' lang='lat' dir='ltr'><strong>atque</strong></span> 
     </span>
    </p>
   </div>
   <div class='ocr_carea' id='block_1_33' title="bbox 215 1550 996 1589">
    <p class='ocr_par' dir='ltr' id='par_1_33' title="bbox 215 1550 996 1589">
     <span class='ocr_line' id='line_1_33' title="bbox 215 1550 996 1589; baseline 0.006 -12"><span class='ocrx_word' id='word_1_215' title='bbox 215 1550 328 1579; x_wconf 88' lang='lat' dir='ltr'><strong>uberius</strong></span> <span class='ocrx_word' id='word_1_216' title='bbox 343 1556 530 1586; x_wconf 86' lang='lat' dir='ltr'><strong>pertractaret.</strong></span> <span class='ocrx_word' id='word_1_217' title='bbox 551 1553 609 1589; x_wconf 91' lang='lat' dir='ltr'><strong>lpse</strong></span> <span class='ocrx_word' id='word_1_218' title='bbox 625 1558 697 1582; x_wconf 86' lang='lat' dir='ltr'><strong>certe</strong></span> <span class='ocrx_word' id='word_1_219' title='bbox 710 1554 737 1581; x_wconf 91' lang='lat' dir='ltr'><strong>in</strong></span> <span class='ocrx_word' id='word_1_220' title='bbox 751 1555 882 1589; x_wconf 70' lang='lat' dir='ltr'><strong>protemio</strong></span> <span class='ocrx_word' id='word_1_221' title='bbox 905 1555 996 1582; x_wconf 81' lang='lat' dir='ltr'><strong>Histo-</strong></span> 
     </span>
    </p>
   </div>
   <div class='ocr_carea' id='block_1_34' title="bbox 220 1597 996 1636">
    <p class='ocr_par' dir='ltr' id='par_1_34' title="bbox 220 1597 996 1636">
     <span class='ocr_line' id='line_1_34' title="bbox 220 1597 996 1636; baseline 0.01 -14"><span class='ocrx_word' id='word_1_222' title='bbox 220 1597 268 1623; x_wconf 69' lang='lat' dir='ltr'><strong>ria</strong></span> <span class='ocrx_word' id='word_1_223' title='bbox 283 1597 465 1625; x_wconf 63' lang='lat' dir='ltr'><strong>ecclesiastica:</strong></span> <span class='ocrx_word' id='word_1_224' title='bbox 488 1603 580 1634; x_wconf 86' lang='lat' dir='ltr'><strong>aperte</strong></span> <span class='ocrx_word' id='word_1_225' title='bbox 605 1600 706 1626; x_wconf 86' lang='lat' dir='ltr'><strong>indicat</strong></span> <span class='ocrx_word' id='word_1_226' title='bbox 729 1600 756 1627; x_wconf 86' lang='lat' dir='ltr'><strong>id</strong></span> <span class='ocrx_word' id='word_1_227' title='bbox 775 1602 846 1636; x_wconf 89' lang='lat' dir='ltr'><strong>quod</strong></span> <span class='ocrx_word' id='word_1_228' title='bbox 863 1602 928 1629; x_wconf 86' lang='lat' dir='ltr'><strong>dixi.</strong></span> <span class='ocrx_word' id='word_1_229' title='bbox 944 1603 996 1630; x_wconf 81' lang='lat' dir='ltr'><strong>Ubi</strong></span> 
     </span>
    </p>
   </div>
   <div class='ocr_carea' id='block_1_35' title="bbox 215 1643 995 1682">
    <p class='ocr_par' dir='ltr' id='par_1_35' title="bbox 215 1643 995 1682">
     <span class='ocr_line' id='line_1_35' title="bbox 215 1643 995 1682; baseline 0.005 -12"><span class='ocrx_word' id='word_1_230' title='bbox 215 1643 297 1670; x_wconf 89' lang='lat' dir='ltr'><strong>etiam</strong></span> <span class='ocrx_word' id='word_1_231' title='bbox 307 1643 340 1670; x_wconf 91' lang='lat' dir='ltr'><strong>ab</strong></span> <span class='ocrx_word' id='word_1_232' title='bbox 352 1644 436 1678; x_wconf 61' lang='lat' dir='ltr'><strong>aequis</strong></span> <span class='ocrx_word' id='word_1_233' title='bbox 450 1644 596 1672; x_wconf 88' lang='lat' dir='ltr'><strong>lectoribus</strong></span> <span class='ocrx_word' id='word_1_234' title='bbox 614 1645 718 1673; x_wconf 87' lang='lat' dir='ltr'><strong>veniam</strong></span> <span class='ocrx_word' id='word_1_235' title='bbox 728 1645 780 1674; x_wconf 85' lang='lat' dir='ltr'><strong>sibi</strong></span> <span class='ocrx_word' id='word_1_236' title='bbox 794 1647 852 1674; x_wconf 87' lang='lat' dir='ltr'><strong>dari</strong></span> <span class='ocrx_word' id='word_1_237' title='bbox 867 1648 995 1682; x_wconf 88' lang='lat' dir='ltr'><strong>postulat,</strong></span> 
     </span>
    </p>
   </div>
   <div class='ocr_carea' id='block_1_36' title="bbox 214 1689 997 1727">
    <p class='ocr_par' dir='ltr' id='par_1_36' title="bbox 214 1689 997 1727">
     <span class='ocr_line' id='line_1_36' title="bbox 214 1689 997 1727; baseline 0.008 -12"><span class='ocrx_word' id='word_1_238' title='bbox 214 1689 304 1716; x_wconf 87' lang='lat' dir='ltr'><strong>sicubi</strong></span> <span class='ocrx_word' id='word_1_239' title='bbox 322 1689 438 1718; x_wconf 88' lang='lat' dir='ltr'><strong>fortasse</strong></span> <span class='ocrx_word' id='word_1_240' title='bbox 465 1691 519 1718; x_wconf 87' lang='lat' dir='ltr'><strong>hoc</strong></span> <span class='ocrx_word' id='word_1_241' title='bbox 546 1697 735 1727; x_wconf 82' lang='lat' dir='ltr'><strong>argumentum</strong></span> <span class='ocrx_word' id='word_1_242' title='bbox 751 1694 842 1721; x_wconf 93' lang='lat' dir='ltr'><strong>minus</strong></span> <span class='ocrx_word' id='word_1_243' title='bbox 860 1695 997 1722; x_wconf 87' lang='lat' dir='ltr'><strong>cumttlate</strong></span> 
     </span>
    </p>
   </div>
   <div class='ocr_carea' id='block_1_37' title="bbox 216 1735 997 1774">
    <p class='ocr_par' dir='ltr' id='par_1_37' title="bbox 216 1735 997 1774">
     <span class='ocr_line' id='line_1_37' title="bbox 216 1735 997 1774; baseline 0.008 -13"><span class='ocrx_word' id='word_1_244' title='bbox 216 1735 297 1762; x_wconf 91' lang='lat' dir='ltr'><strong>fuerit</strong></span> <span class='ocrx_word' id='word_1_245' title='bbox 306 1741 450 1764; x_wconf 80' lang='lat' dir='ltr'><strong>exsecutus</strong></span> <span class='ocrx_word' id='word_1_246' title='bbox 469 1746 476 1764; x_wconf 86' lang='lat'><strong>:</strong></span> <span class='ocrx_word' id='word_1_247' title='bbox 493 1745 522 1765; x_wconf 87' lang='lat' dir='ltr'><strong>se</strong></span> <span class='ocrx_word' id='word_1_248' title='bbox 538 1739 609 1765; x_wconf 89' lang='lat' dir='ltr'><strong>enim</strong></span> <span class='ocrx_word' id='word_1_249' title='bbox 622 1739 744 1766; x_wconf 81' lang='lat' dir='ltr'><strong>omnium</strong></span> <span class='ocrx_word' id='word_1_250' title='bbox 761 1739 876 1774; x_wconf 93' lang='lat' dir='ltr'><strong>primum</strong></span> <span class='ocrx_word' id='word_1_251' title='bbox 893 1740 926 1766; x_wconf 88' lang='lat' dir='ltr'><strong>ad</strong></span> <span class='ocrx_word' id='word_1_252' title='bbox 945 1741 997 1767; x_wconf 90' lang='lat' dir='ltr'><strong>hoc</strong></span> 
     </span>
    </p>
   </div>
   <div class='ocr_carea' id='block_1_38' title="bbox 215 1781 997 1817">
    <p class='ocr_par' dir='ltr' id='par_1_38' title="bbox 215 1781 997 1817">
     <span class='ocr_line' id='line_1_38' title="bbox 215 1781 997 1817; baseline 0.005 -9"><span class='ocrx_word' id='word_1_253' title='bbox 215 1781 352 1809; x_wconf 84' lang='lat' dir='ltr'><strong>scribendi</strong></span> <span class='ocrx_word' id='word_1_254' title='bbox 369 1790 454 1817; x_wconf 78' lang='lat' dir='ltr'><strong>genus</strong></span> <span class='ocrx_word' id='word_1_255' title='bbox 470 1784 610 1815; x_wconf 86' lang='lat' dir='ltr'><strong>accedere,</strong></span> <span class='ocrx_word' id='word_1_256' title='bbox 628 1788 655 1811; x_wconf 88' lang='lat' dir='ltr'><strong>et</strong></span> <span class='ocrx_word' id='word_1_257' title='bbox 669 1783 720 1811; x_wconf 90' lang='lat' dir='ltr'><strong>iter</strong></span> <span class='ocrx_word' id='word_1_258' title='bbox 736 1786 836 1812; x_wconf 89' lang='lat' dir='ltr'><strong>nullius</strong></span> <span class='ocrx_word' id='word_1_259' title='bbox 853 1788 931 1812; x_wconf 85' lang='lat' dir='ltr'><strong>antea</strong></span> <span class='ocrx_word' id='word_1_260' title='bbox 947 1786 997 1812; x_wconf 87' lang='lat' dir='ltr'><strong>tri-</strong></span> 
     </span>
    </p>
   </div>
   <div class='ocr_carea' id='block_1_39' title="bbox 213 1829 996 1865">
    <p class='ocr_par' dir='ltr' id='par_1_39' title="bbox 213 1829 996 1865">
     <span class='ocr_line' id='line_1_39' title="bbox 213 1829 996 1865; baseline 0.006 -12"><span class='ocrx_word' id='word_1_261' title='bbox 213 1831 271 1854; x_wconf 90' lang='lat' dir='ltr'><strong>tum</strong></span> <span class='ocrx_word' id='word_1_262' title='bbox 287 1829 408 1864; x_wconf 84' lang='lat' dir='ltr'><strong>vestigiis</strong></span> <span class='ocrx_word' id='word_1_263' title='bbox 420 1829 523 1864; x_wconf 84' lang='lat' dir='ltr'><strong>ingredi</strong></span> <span class='ocrx_word' id='word_1_264' title='bbox 547 1830 664 1864; x_wconf 90' lang='lat' dir='ltr'><strong>primum</strong></span> <span class='ocrx_word' id='word_1_265' title='bbox 683 1831 810 1865; x_wconf 69' lang='lat' dir='ltr'><strong>coepisse.</strong></span> <span class='ocrx_word' id='word_1_266' title='bbox 826 1830 926 1858; x_wconf 77' lang='lat' dir='ltr'><strong>Verum</strong></span> <span class='ocrx_word' id='word_1_267' title='bbox 940 1831 996 1859; x_wconf 64' lang='lat' dir='ltr'><strong>hate</strong></span> 
     </span>
    </p>
   </div>
   <div class='ocr_carea' id='block_1_40' title="bbox 213 1875 997 1912">
    <p class='ocr_par' dir='ltr' id='par_1_40' title="bbox 213 1875 997 1912">
     <span class='ocr_line' id='line_1_40' title="bbox 213 1875 997 1912; baseline 0.008 -13"><span class='ocrx_word' id='word_1_268' title='bbox 213 1880 268 1900; x_wconf 88' lang='lat' dir='ltr'><strong>non</strong></span> <span class='ocrx_word' id='word_1_269' title='bbox 280 1877 334 1900; x_wconf 87' lang='lat' dir='ltr'><strong>tam</strong></span> <span class='ocrx_word' id='word_1_270' title='bbox 345 1875 485 1902; x_wconf 83' lang='lat' dir='ltr'><strong>excusatio</strong></span> <span class='ocrx_word' id='word_1_271' title='bbox 503 1882 535 1902; x_wconf 89' lang='lat' dir='ltr'><strong>ac</strong></span> <span class='ocrx_word' id='word_1_272' title='bbox 556 1875 642 1903; x_wconf 63' lang='lat' dir='ltr'><strong>venite</strong></span> <span class='ocrx_word' id='word_1_273' title='bbox 663 1876 827 1911; x_wconf 88' lang='lat' dir='ltr'><strong>deprecatio,</strong></span> <span class='ocrx_word' id='word_1_274' title='bbox 844 1885 924 1912; x_wconf 91' lang='lat' dir='ltr'><strong>quam</strong></span> <span class='ocrx_word' id='word_1_275' title='bbox 939 1878 997 1905; x_wconf 89' lang='lat' dir='ltr'><strong>lau-</strong></span> 
     </span>
    </p>
   </div>
   <div class='ocr_carea' id='block_1_41' title="bbox 213 1918 996 1958">
    <p class='ocr_par' dir='ltr' id='par_1_41' title="bbox 213 1918 996 1958">
     <span class='ocr_line' id='line_1_41' title="bbox 213 1918 996 1958; baseline 0.008 -12"><span class='ocrx_word' id='word_1_276' title='bbox 213 1918 256 1947; x_wconf 85' lang='lat' dir='ltr'><strong>dis</strong></span> <span class='ocrx_word' id='word_1_277' title='bbox 269 1924 295 1947; x_wconf 92' lang='lat' dir='ltr'><strong>et</strong></span> <span class='ocrx_word' id='word_1_278' title='bbox 305 1920 398 1954; x_wconf 79' lang='lat' dir='ltr'><strong>gloriae</strong></span> <span class='ocrx_word' id='word_1_279' title='bbox 408 1921 528 1956; x_wconf 84' lang='lat' dir='ltr'><strong>captatio</strong></span> <span class='ocrx_word' id='word_1_280' title='bbox 543 1922 704 1955; x_wconf 88' lang='lat' dir='ltr'><strong>quibusdam</strong></span> <span class='ocrx_word' id='word_1_281' title='bbox 711 1923 795 1950; x_wconf 89' lang='lat' dir='ltr'><strong>videri</strong></span> <span class='ocrx_word' id='word_1_282' title='bbox 806 1923 902 1958; x_wconf 88' lang='lat' dir='ltr'><strong>possit.</strong></span> <span class='ocrx_word' id='word_1_283' title='bbox 912 1923 996 1953; x_wconf 89' lang='lat' dir='ltr'><strong>Porro</strong></span> 
     </span>
    </p>
   </div>
   <div class='ocr_carea' id='block_1_42' title="bbox 214 1967 998 2003">
    <p class='ocr_par' dir='ltr' id='par_1_42' title="bbox 214 1967 998 2003">
     <span class='ocr_line' id='line_1_42' title="bbox 214 1967 998 2003; baseline 0.008 -11"><span class='ocrx_word' id='word_1_284' title='bbox 214 1973 276 1993; x_wconf 91' lang='lat' dir='ltr'><strong>cum</strong></span> <span class='ocrx_word' id='word_1_285' title='bbox 304 1969 411 1994; x_wconf 89' lang='lat' dir='ltr'><strong>constet</strong></span> <span class='ocrx_word' id='word_1_286' title='bbox 431 1975 464 1994; x_wconf 84' lang='lat' dir='ltr'><strong>ex</strong></span> <span class='ocrx_word' id='word_1_287' title='bbox 489 1967 598 1994; x_wconf 88' lang='lat' dir='ltr'><strong>Eusebii</strong></span> <span class='ocrx_word' id='word_1_288' title='bbox 626 1968 712 2003; x_wconf 88' lang='lat' dir='ltr'><strong>ipsius</strong></span> <span class='ocrx_word' id='word_1_289' title='bbox 727 1969 892 2002; x_wconf 88' lang='lat' dir='ltr'><strong>testimonio,</strong></span> <span class='ocrx_word' id='word_1_290' title='bbox 907 1969 998 1998; x_wconf 81' lang='lat' dir='ltr'><strong>Eccle-</strong></span> 
     </span>
    </p>
   </div>
   <div class='ocr_carea' id='block_1_43' title="bbox 213 2012 997 2050">
    <p class='ocr_par' dir='ltr' id='par_1_43' title="bbox 213 2012 997 2050">
     <span class='ocr_line' id='line_1_43' title="bbox 213 2012 997 2050; baseline 0.006 -12"><span class='ocrx_word' id='word_1_291' title='bbox 213 2012 351 2040; x_wconf 75' lang='lat' dir='ltr'><strong>siasticam</strong></span> <span class='ocrx_word' id='word_1_292' title='bbox 375 2012 523 2040; x_wconf 79' lang='lat' dir='ltr'><strong>Historiam</strong></span> <span class='ocrx_word' id='word_1_293' title='bbox 540 2018 602 2048; x_wconf 79' lang='lat' dir='ltr'><strong>post</strong></span> <span class='ocrx_word' id='word_1_294' title='bbox 617 2015 813 2050; x_wconf 78' lang='lat' dir='ltr'><strong>chronologicos</strong></span> <span class='ocrx_word' id='word_1_295' title='bbox 827 2015 946 2043; x_wconf 65' lang='lat' dir='ltr'><strong>Conone:</strong></span> <span class='ocrx_word' id='word_1_296' title='bbox 962 2017 997 2043; x_wconf 89' lang='lat' dir='ltr'><strong>ab</strong></span> 
     </span>
    </p>
   </div>
   <div class='ocr_carea' id='block_1_44' title="bbox 213 2058 997 2096">
    <p class='ocr_par' dir='ltr' id='par_1_44' title="bbox 213 2058 997 2096">
     <span class='ocr_line' id='line_1_44' title="bbox 213 2058 997 2096; baseline 0.005 -12"><span class='ocrx_word' id='word_1_297' title='bbox 213 2064 247 2084; x_wconf 90' lang='lat' dir='ltr'><strong>eo</strong></span> <span class='ocrx_word' id='word_1_298' title='bbox 262 2059 390 2092; x_wconf 86' lang='lat' dir='ltr'><strong>scriptam</strong></span> <span class='ocrx_word' id='word_1_299' title='bbox 418 2058 513 2090; x_wconf 86' lang='lat' dir='ltr'><strong>fuisse,</strong></span> <span class='ocrx_word' id='word_1_300' title='bbox 541 2060 639 2086; x_wconf 91' lang='lat' dir='ltr'><strong>mirum</strong></span> <span class='ocrx_word' id='word_1_301' title='bbox 667 2063 756 2087; x_wconf 90' lang='lat' dir='ltr'><strong>tamen</strong></span> <span class='ocrx_word' id='word_1_302' title='bbox 774 2065 827 2091; x_wconf 83' lang='lat' dir='ltr'><strong>est.</strong></span> <span class='ocrx_word' id='word_1_303' title='bbox 853 2065 997 2096; x_wconf 91' lang='lat' dir='ltr'><strong>utrumque</strong></span> 
     </span>
    </p>
   </div>
   <div class='ocr_carea' id='block_1_45' title="bbox 214 2103 997 2141">
    <p class='ocr_par' dir='ltr' id='par_1_45' title="bbox 214 2103 997 2141">
     <span class='ocr_line' id='line_1_45' title="bbox 214 2103 997 2141; baseline 0.006 -12"><span class='ocrx_word' id='word_1_304' title='bbox 214 2110 283 2138; x_wconf 87' lang='lat' dir='ltr'><strong>opus</strong></span> <span class='ocrx_word' id='word_1_305' title='bbox 309 2103 342 2130; x_wconf 87' lang='lat' dir='ltr'><strong>ad</strong></span> <span class='ocrx_word' id='word_1_306' title='bbox 363 2112 444 2131; x_wconf 86' lang='lat' dir='ltr'><strong>unam</strong></span> <span class='ocrx_word' id='word_1_307' title='bbox 467 2104 642 2140; x_wconf 85' lang='lat' dir='ltr'><strong>eamdemque</strong></span> <span class='ocrx_word' id='word_1_308' title='bbox 658 2110 756 2133; x_wconf 86' lang='lat' dir='ltr'><strong>metam</strong></span> <span class='ocrx_word' id='word_1_309' title='bbox 785 2107 941 2141; x_wconf 88' lang='lat' dir='ltr'><strong>procedere,</strong></span> <span class='ocrx_word' id='word_1_310' title='bbox 963 2107 997 2134; x_wconf 86' lang='lat' dir='ltr'><strong>ad</strong></span> 
     </span>
    </p>
   </div>
   <div class='ocr_carea' id='block_1_46' title="bbox 214 2148 997 2186">
    <p class='ocr_par' dir='ltr' id='par_1_46' title="bbox 214 2148 997 2186">
     <span class='ocr_line' id='line_1_46' title="bbox 214 2148 997 2186; baseline 0.006 -12"><span class='ocrx_word' id='word_1_311' title='bbox 214 2155 316 2174; x_wconf 85' lang='lat' dir='ltr'><strong>annum</strong></span> <span class='ocrx_word' id='word_1_312' title='bbox 332 2148 436 2175; x_wconf 86' lang='lat' dir='ltr'><strong>scilicet</strong></span> <span class='ocrx_word' id='word_1_313' title='bbox 448 2148 797 2182; x_wconf 87' lang='lat' dir='ltr'><strong>vicesimumConstantini,</strong></span> <span class='ocrx_word' id='word_1_314' title='bbox 809 2151 855 2186; x_wconf 90' lang='lat' dir='ltr'><strong>qui</strong></span> <span class='ocrx_word' id='word_1_315' title='bbox 882 2151 932 2178; x_wconf 87' lang='lat' dir='ltr'><strong>fuit</strong></span> <span class='ocrx_word' id='word_1_316' title='bbox 950 2160 997 2179; x_wconf 86' lang='lat' dir='ltr'><strong>an-</strong></span> 
     </span>
    </p>
   </div>
   <div class='ocr_carea' id='block_1_47' title="bbox 1049 228 1838 264">
    <p class='ocr_par' dir='ltr' id='par_1_47' title="bbox 1049 228 1838 264">
     <span class='ocr_line' id='line_1_47' title="bbox 1049 228 1838 264; baseline 0 -8"><span class='ocrx_word' id='word_1_317' title='bbox 1049 229 1112 264; x_wconf 92' lang='lat' dir='ltr'><strong>quis</strong></span> <span class='ocrx_word' id='word_1_318' title='bbox 1125 236 1242 263; x_wconf 87' lang='lat' dir='ltr'><strong>unquam</strong></span> <span class='ocrx_word' id='word_1_319' title='bbox 1255 228 1359 260; x_wconf 86' lang='lat' dir='ltr'><strong>credat,</strong></span> <span class='ocrx_word' id='word_1_320' title='bbox 1377 228 1521 256; x_wconf 86' lang='lat' dir='ltr'><strong>Eusebium</strong></span> <span class='ocrx_word' id='word_1_321' title='bbox 1536 229 1569 257; x_wconf 93' lang='lat' dir='ltr'><strong>de</strong></span> <span class='ocrx_word' id='word_1_322' title='bbox 1583 229 1647 256; x_wconf 80' lang='lat' dir='ltr'><strong>Ario</strong></span> <span class='ocrx_word' id='word_1_323' title='bbox 1657 229 1694 256; x_wconf 88' lang='lat' dir='ltr'><strong>ita</strong></span> <span class='ocrx_word' id='word_1_324' title='bbox 1710 229 1838 256; x_wconf 87' lang='lat' dir='ltr'><strong>locutum</strong></span> 
     </span>
    </p>
   </div>
   <div class='ocr_carea' id='block_1_48' title="bbox 1051 273 1839 306">
    <p class='ocr_par' dir='ltr' id='par_1_48' title="bbox 1051 273 1839 306">
     <span class='ocr_line' id='line_1_48' title="bbox 1051 273 1839 306; baseline 0 -4"><span class='ocrx_word' id='word_1_325' title='bbox 1051 275 1144 306; x_wconf 88' lang='lat' dir='ltr'><strong>fuisse,</strong></span> <span class='ocrx_word' id='word_1_326' title='bbox 1162 278 1206 301; x_wconf 89' lang='lat' dir='ltr'><strong>aut</strong></span> <span class='ocrx_word' id='word_1_327' title='bbox 1233 273 1362 302; x_wconf 71' lang='lat' dir='ltr'><strong>Hoxocsu</strong></span> <span class='ocrx_word' id='word_1_328' title='bbox 1385 275 1545 302; x_wconf 89' lang='lat' dir='ltr'><strong>vocabulum</strong></span> <span class='ocrx_word' id='word_1_329' title='bbox 1573 274 1704 302; x_wconf 82' lang='lat' dir='ltr'><strong>Chronico</strong></span> <span class='ocrx_word' id='word_1_330' title='bbox 1721 283 1772 302; x_wconf 91' lang='lat' dir='ltr'><strong>suo</strong></span> <span class='ocrx_word' id='word_1_331' title='bbox 1788 275 1839 302; x_wconf 85' lang='lat' dir='ltr'><strong>in—</strong></span> 
     </span>
    </p>
   </div>
   <div class='ocr_carea' id='block_1_49' title="bbox 1050 319 1839 355">
    <p class='ocr_par' dir='ltr' id='par_1_49' title="bbox 1050 319 1839 355">
     <span class='ocr_line' id='line_1_49' title="bbox 1050 319 1839 355; baseline 0 -8"><span class='ocrx_word' id='word_1_332' title='bbox 1050 320 1168 348; x_wconf 81' lang='lat' dir='ltr'><strong>texuisse</strong></span> <span class='ocrx_word' id='word_1_333' title='bbox 1180 340 1188 352; x_wconf 91' lang='lat'><strong>,</strong></span> <span class='ocrx_word' id='word_1_334' title='bbox 1204 320 1276 354; x_wconf 90' lang='lat' dir='ltr'><strong>quod</strong></span> <span class='ocrx_word' id='word_1_335' title='bbox 1294 327 1400 354; x_wconf 89' lang='lat' dir='ltr'><strong>semper</strong></span> <span class='ocrx_word' id='word_1_336' title='bbox 1421 319 1459 346; x_wconf 92' lang='lat' dir='ltr'><strong>illi</strong></span> <span class='ocrx_word' id='word_1_337' title='bbox 1474 319 1612 355; x_wconf 84' lang='lat' dir='ltr'><strong>displicuit</strong></span> <span class='ocrx_word' id='word_1_338' title='bbox 1634 324 1663 347; x_wconf 91' lang='lat' dir='ltr'><strong>ut</strong></span> <span class='ocrx_word' id='word_1_339' title='bbox 1677 323 1775 355; x_wconf 89' lang='lat' dir='ltr'><strong>postea</strong></span> <span class='ocrx_word' id='word_1_340' title='bbox 1791 320 1839 347; x_wconf 88' lang='lat' dir='ltr'><strong>vi-</strong></span> 
     </span>
    </p>
   </div>
   <div class='ocr_carea' id='block_1_50' title="bbox 1050 366 1840 399">
    <p class='ocr_par' dir='ltr' id='par_1_50' title="bbox 1050 366 1840 399">
     <span class='ocr_line' id='line_1_50' title="bbox 1050 366 1840 399; baseline -0.001 -6"><span class='ocrx_word' id='word_1_341' title='bbox 1050 366 1191 394; x_wconf 83' lang='lat' dir='ltr'><strong>debimus?</strong></span> <span class='ocrx_word' id='word_1_342' title='bbox 1211 366 1350 399; x_wconf 88' lang='lat' dir='ltr'><strong>Quomodo</strong></span> <span class='ocrx_word' id='word_1_343' title='bbox 1381 366 1514 394; x_wconf 85' lang='lat' dir='ltr'><strong>Eusebius</strong></span> <span class='ocrx_word' id='word_1_344' title='bbox 1541 367 1609 394; x_wconf 88' lang='lat' dir='ltr'><strong>dixit</strong></span> <span class='ocrx_word' id='word_1_345' title='bbox 1635 370 1774 393; x_wconf 81' lang='lat' dir='ltr'><strong>trecentos</strong></span> <span class='ocrx_word' id='word_1_346' title='bbox 1805 369 1840 392; x_wconf 79' lang='lat' dir='ltr'><strong>et</strong></span> 
     </span>
    </p>
   </div>
   <div class='ocr_carea' id='block_1_51' title="bbox 1050 411 1832 446">
    <p class='ocr_par' dir='ltr' id='par_1_51' title="bbox 1050 411 1832 446">
     <span class='ocr_line' id='line_1_51' title="bbox 1050 411 1832 446; baseline -0.001 -7"><span class='ocrx_word' id='word_1_347' title='bbox 1050 411 1199 439; x_wconf 85' lang='lat' dir='ltr'><strong>octodecim</strong></span> <span class='ocrx_word' id='word_1_348' title='bbox 1217 411 1360 446; x_wconf 82' lang='lat' dir='ltr'><strong>episcopos</strong></span> <span class='ocrx_word' id='word_1_349' title='bbox 1383 411 1498 438; x_wconf 60' lang='lat' dir='ltr'><strong>Nicena:</strong></span> <span class='ocrx_word' id='word_1_350' title='bbox 1522 411 1626 446; x_wconf 81' lang='lat' dir='ltr'><strong>synodo</strong></span> <span class='ocrx_word' id='word_1_351' title='bbox 1651 411 1832 442; x_wconf 81' lang='lat' dir='ltr'><strong>interfuisse.</strong></span> 
     </span>
    </p>
   </div>
   <div class='ocr_carea' id='block_1_52' title="bbox 1050 451 1862 485">
    <p class='ocr_par' dir='ltr' id='par_1_52' title="bbox 1050 451 1862 485">
     <span class='ocr_line' id='line_1_52' title="bbox 1050 451 1862 485; baseline 0.001 -2"><span class='ocrx_word' id='word_1_352' title='bbox 1050 465 1110 484; x_wconf 91' lang='lat' dir='ltr'><strong>cum</strong></span> <span class='ocrx_word' id='word_1_353' title='bbox 1127 457 1153 483; x_wconf 90' lang='lat' dir='ltr'><strong>in</strong></span> <span class='ocrx_word' id='word_1_354' title='bbox 1168 457 1247 484; x_wconf 88' lang='lat' dir='ltr'><strong>tertio</strong></span> <span class='ocrx_word' id='word_1_355' title='bbox 1262 457 1331 483; x_wconf 84' lang='lat' dir='ltr'><strong>libro</strong></span> <span class='ocrx_word' id='word_1_356' title='bbox 1355 456 1391 483; x_wconf 81' lang='lat' dir='ltr'><strong>De</strong></span> <span class='ocrx_word' id='word_1_357' title='bbox 1404 457 1457 484; x_wconf 73' lang='lat' dir='ltr'><strong>vita</strong></span> <span class='ocrx_word' id='word_1_358' title='bbox 1467 456 1634 485; x_wconf 68' lang='lat' dir='ltr'><strong>Constantini</strong></span> <span class='ocrx_word' id='word_1_359' title='bbox 1647 457 1839 485; x_wconf 85' lang='lat' dir='ltr'><strong>disertissime</strong></span> <span class='ocrx_word' id='word_1_360' title='bbox 1859 451 1862 454; x_wconf 53' lang='grc'><strong>’</strong></span> 
     </span>
    </p>
   </div>
   <div class='ocr_carea' id='block_1_53' title="bbox 1051 502 1837 538">
    <p class='ocr_par' dir='ltr' id='par_1_53' title="bbox 1051 502 1837 538">
     <span class='ocr_line' id='line_1_53' title="bbox 1051 502 1837 538; baseline -0.003 -8"><span class='ocrx_word' id='word_1_361' title='bbox 1051 503 1160 534; x_wconf 87' lang='lat' dir='ltr'><strong>scribat,</strong></span> <span class='ocrx_word' id='word_1_362' title='bbox 1175 502 1254 537; x_wconf 88' lang='lat' dir='ltr'><strong>paulo</strong></span> <span class='ocrx_word' id='word_1_363' title='bbox 1267 502 1327 536; x_wconf 87' lang='lat' dir='ltr'><strong>plus</strong></span> <span class='ocrx_word' id='word_1_364' title='bbox 1341 510 1421 537; x_wconf 87' lang='lat' dir='ltr'><strong>quam</strong></span> <span class='ocrx_word' id='word_1_365' title='bbox 1449 502 1580 530; x_wconf 78' lang='lat' dir='ltr'><strong>ducentos</strong></span> <span class='ocrx_word' id='word_1_366' title='bbox 1595 506 1621 530; x_wconf 89' lang='lat' dir='ltr'><strong>et</strong></span> <span class='ocrx_word' id='word_1_367' title='bbox 1631 502 1837 538; x_wconf 81' lang='lat' dir='ltr'><strong>quinquaginta</strong></span> 
     </span>
    </p>
   </div>
   <div class='ocr_carea' id='block_1_54' title="bbox 1051 547 1837 583">
    <p class='ocr_par' dir='ltr' id='par_1_54' title="bbox 1051 547 1837 583">
     <span class='ocr_line' id='line_1_54' title="bbox 1051 547 1837 583; baseline -0.001 -8"><span class='ocrx_word' id='word_1_368' title='bbox 1051 549 1077 575; x_wconf 84' lang='lat' dir='ltr'><strong>ir.</strong></span> <span class='ocrx_word' id='word_1_369' title='bbox 1092 556 1123 576; x_wconf 88' lang='lat' dir='ltr'><strong>ea</strong></span> <span class='ocrx_word' id='word_1_370' title='bbox 1138 548 1311 575; x_wconf 82' lang='lat' dir='ltr'><strong>consedisse?</strong></span> <span class='ocrx_word' id='word_1_371' title='bbox 1328 548 1387 575; x_wconf 77' lang='lat' dir='ltr'><strong>Non</strong></span> <span class='ocrx_word' id='word_1_372' title='bbox 1412 548 1507 575; x_wconf 89' lang='lat' dir='ltr'><strong>dubito</strong></span> <span class='ocrx_word' id='word_1_373' title='bbox 1527 553 1615 579; x_wconf 70' lang='lat' dir='ltr'><strong>tamen</strong></span> <span class='ocrx_word' id='word_1_374' title='bbox 1644 549 1711 583; x_wconf 87' lang='lat' dir='ltr'><strong>quin</strong></span> <span class='ocrx_word' id='word_1_375' title='bbox 1738 547 1837 575; x_wconf 85' lang='lat' dir='ltr'><strong>Eccle-</strong></span> 
     </span>
    </p>
   </div>
   <div class='ocr_carea' id='block_1_55' title="bbox 1050 593 1837 628">
    <p class='ocr_par' dir='ltr' id='par_1_55' title="bbox 1050 593 1837 628">
     <span class='ocr_line' id='line_1_55' title="bbox 1050 593 1837 628; baseline 0 -8"><span class='ocrx_word' id='word_1_376' title='bbox 1050 594 1159 620; x_wconf 74' lang='lat' dir='ltr'><strong>siastica</strong></span> <span class='ocrx_word' id='word_1_377' title='bbox 1175 593 1295 620; x_wconf 81' lang='lat' dir='ltr'><strong>Historia</strong></span> <span class='ocrx_word' id='word_1_378' title='bbox 1313 593 1347 620; x_wconf 89' lang='lat' dir='ltr'><strong>ab</strong></span> <span class='ocrx_word' id='word_1_379' title='bbox 1368 593 1486 621; x_wconf 85' lang='lat' dir='ltr'><strong>Eusebio</strong></span> <span class='ocrx_word' id='word_1_380' title='bbox 1518 594 1643 621; x_wconf 84' lang='lat' dir='ltr'><strong>absoluta</strong></span> <span class='ocrx_word' id='word_1_381' title='bbox 1663 594 1700 621; x_wconf 91' lang='lat' dir='ltr'><strong>sit</strong></span> <span class='ocrx_word' id='word_1_382' title='bbox 1727 593 1837 628; x_wconf 84' lang='lat' dir='ltr'><strong>aliquot.</strong></span> 
     </span>
    </p>
   </div>
   <div class='ocr_carea' id='block_1_56' title="bbox 1049 638 1836 674">
    <p class='ocr_par' dir='ltr' id='par_1_56' title="bbox 1049 638 1836 674">
     <span class='ocr_line' id='line_1_56' title="bbox 1049 638 1836 674; baseline 0.001 -9"><span class='ocrx_word' id='word_1_383' title='bbox 1049 639 1128 666; x_wconf 90' lang='lat' dir='ltr'><strong>annis</strong></span> <span class='ocrx_word' id='word_1_384' title='bbox 1144 644 1205 674; x_wconf 92' lang='lat' dir='ltr'><strong>post</strong></span> <span class='ocrx_word' id='word_1_385' title='bbox 1223 639 1354 674; x_wconf 76' lang='lat' dir='ltr'><strong>synodum</strong></span> <span class='ocrx_word' id='word_1_386' title='bbox 1377 638 1522 667; x_wconf 62' lang='lat' dir='ltr'><strong>Nicenam.</strong></span> <span class='ocrx_word' id='word_1_387' title='bbox 1539 639 1592 667; x_wconf 86' lang='lat' dir='ltr'><strong>Sed</strong></span> <span class='ocrx_word' id='word_1_388' title='bbox 1616 648 1677 666; x_wconf 88' lang='lat' dir='ltr'><strong>cum</strong></span> <span class='ocrx_word' id='word_1_389' title='bbox 1696 640 1836 668; x_wconf 84' lang='lat' dir='ltr'><strong>Eusebius</strong></span> 
     </span>
    </p>
   </div>
   <div class='ocr_carea' id='block_1_57' title="bbox 1050 686 1836 721">
    <p class='ocr_par' dir='ltr' id='par_1_57' title="bbox 1050 686 1836 721">
     <span class='ocr_line' id='line_1_57' title="bbox 1050 686 1836 721; baseline 0 -9"><span class='ocrx_word' id='word_1_390' title='bbox 1050 693 1115 720; x_wconf 86' lang='lat' dir='ltr'><strong>pace</strong></span> <span class='ocrx_word' id='word_1_391' title='bbox 1131 686 1176 712; x_wconf 92' lang='lat' dir='ltr'><strong>illa</strong></span> <span class='ocrx_word' id='word_1_392' title='bbox 1190 693 1251 720; x_wconf 74' lang='lat' dir='ltr'><strong>quae</strong></span> <span class='ocrx_word' id='word_1_393' title='bbox 1265 689 1326 721; x_wconf 89' lang='lat' dir='ltr'><strong>post</strong></span> <span class='ocrx_word' id='word_1_394' title='bbox 1342 686 1556 721; x_wconf 88' lang='lat' dir='ltr'><strong>persecutionem</strong></span> <span class='ocrx_word' id='word_1_395' title='bbox 1582 686 1743 714; x_wconf 85' lang='lat' dir='ltr'><strong>Diocletiani</strong></span> <span class='ocrx_word' id='word_1_396' title='bbox 1753 687 1836 714; x_wconf 59' lang='lat' dir='ltr'><strong>caeli-</strong></span> 
     </span>
    </p>
   </div>
   <div class='ocr_carea' id='block_1_58' title="bbox 1049 731 1833 764">
    <p class='ocr_par' dir='ltr' id='par_1_58' title="bbox 1049 731 1833 764">
     <span class='ocr_line' id='line_1_58' title="bbox 1049 731 1833 764; baseline 0 -5"><span class='ocrx_word' id='word_1_397' title='bbox 1049 737 1093 760; x_wconf 88' lang='lat' dir='ltr'><strong>tus</strong></span> <span class='ocrx_word' id='word_1_398' title='bbox 1107 732 1207 760; x_wconf 79' lang='lat' dir='ltr'><strong>ati‘ulsit</strong></span> <span class='ocrx_word' id='word_1_399' title='bbox 1220 732 1357 764; x_wconf 55' lang='lat' dir='ltr'><strong>Ecclesia),</strong></span> <span class='ocrx_word' id='word_1_400' title='bbox 1375 731 1522 758; x_wconf 71' lang='lat' dir='ltr'><strong>Historiam</strong></span> <span class='ocrx_word' id='word_1_401' title='bbox 1542 739 1619 759; x_wconf 91' lang='lat' dir='ltr'><strong>suam</strong></span> <span class='ocrx_word' id='word_1_402' title='bbox 1631 732 1760 759; x_wconf 87' lang='lat' dir='ltr'><strong>claudere</strong></span> <span class='ocrx_word' id='word_1_403' title='bbox 1782 732 1833 759; x_wconf 87' lang='lat' dir='ltr'><strong>de-</strong></span> 
     </span>
    </p>
   </div>
   <div class='ocr_carea' id='block_1_59' title="bbox 1049 777 1834 814">
    <p class='ocr_par' dir='ltr' id='par_1_59' title="bbox 1049 777 1834 814">
     <span class='ocr_line' id='line_1_59' title="bbox 1049 777 1834 814; baseline -0.003 -8"><span class='ocrx_word' id='word_1_404' title='bbox 1049 779 1195 811; x_wconf 87' lang='lat' dir='ltr'><strong>crevisset,</strong></span> <span class='ocrx_word' id='word_1_405' title='bbox 1213 779 1438 814; x_wconf 90' lang='lat' dir='ltr'><strong>quemadmodum</strong></span> <span class='ocrx_word' id='word_1_406' title='bbox 1460 778 1517 813; x_wconf 89' lang='lat' dir='ltr'><strong>ipse</strong></span> <span class='ocrx_word' id='word_1_407' title='bbox 1534 781 1650 805; x_wconf 83' lang='lat' dir='ltr'><strong>testatur</strong></span> <span class='ocrx_word' id='word_1_408' title='bbox 1665 778 1693 804; x_wconf 93' lang='lat' dir='ltr'><strong>in</strong></span> <span class='ocrx_word' id='word_1_409' title='bbox 1716 777 1834 805; x_wconf 87' lang='lat' dir='ltr'><strong>exordio</strong></span> 
     </span>
    </p>
   </div>
   <div class='ocr_carea' id='block_1_60' title="bbox 1048 824 1834 860">
    <p class='ocr_par' dir='ltr' id='par_1_60' title="bbox 1048 824 1834 860">
     <span class='ocr_line' id='line_1_60' title="bbox 1048 824 1834 860; baseline -0.003 -8"><span class='ocrx_word' id='word_1_410' title='bbox 1048 825 1139 860; x_wconf 88' lang='lat' dir='ltr'><strong>operis</strong></span> <span class='ocrx_word' id='word_1_411' title='bbox 1153 825 1206 856; x_wconf 86' lang='lat' dir='ltr'><strong>sui,</strong></span> <span class='ocrx_word' id='word_1_412' title='bbox 1228 825 1343 852; x_wconf 66' lang='lat' dir='ltr'><strong>Nicaeum</strong></span> <span class='ocrx_word' id='word_1_413' title='bbox 1366 825 1461 860; x_wconf 80' lang='lat' dir='ltr'><strong>synodi</strong></span> <span class='ocrx_word' id='word_1_414' title='bbox 1489 824 1775 852; x_wconf 85' lang='lat' dir='ltr'><strong>commemorationem</strong></span> <span class='ocrx_word' id='word_1_415' title='bbox 1799 824 1834 850; x_wconf 86' lang='lat' dir='ltr'><strong>de</strong></span> 
     </span>
    </p>
   </div>
   <div class='ocr_carea' id='block_1_61' title="bbox 1050 870 1831 905">
    <p class='ocr_par' dir='ltr' id='par_1_61' title="bbox 1050 870 1831 905">
     <span class='ocr_line' id='line_1_61' title="bbox 1050 870 1831 905; baseline -0.001 -7"><span class='ocrx_word' id='word_1_416' title='bbox 1050 871 1184 899; x_wconf 89' lang='lat' dir='ltr'><strong>industria</strong></span> <span class='ocrx_word' id='word_1_417' title='bbox 1203 872 1307 904; x_wconf 87' lang='lat' dir='ltr'><strong>vitavit,</strong></span> <span class='ocrx_word' id='word_1_418' title='bbox 1325 879 1359 899; x_wconf 89' lang='lat' dir='ltr'><strong>ne</strong></span> <span class='ocrx_word' id='word_1_419' title='bbox 1371 871 1518 899; x_wconf 89' lang='lat' dir='ltr'><strong>seditiones</strong></span> <span class='ocrx_word' id='word_1_420' title='bbox 1531 878 1562 897; x_wconf 90' lang='lat' dir='ltr'><strong>ac</strong></span> <span class='ocrx_word' id='word_1_421' title='bbox 1576 871 1709 897; x_wconf 91' lang='lat' dir='ltr'><strong>tumultus</strong></span> <span class='ocrx_word' id='word_1_422' title='bbox 1720 870 1831 905; x_wconf 64' lang='lat' dir='ltr'><strong>episco~</strong></span> 
     </span>
    </p>
   </div>
   <div class='ocr_carea' id='block_1_62' title="bbox 1050 917 1830 953">
    <p class='ocr_par' dir='ltr' id='par_1_62' title="bbox 1050 917 1830 953">
     <span class='ocr_line' id='line_1_62' title="bbox 1050 917 1830 953; baseline -0.003 -9"><span class='ocrx_word' id='word_1_423' title='bbox 1050 925 1145 953; x_wconf 90' lang='lat' dir='ltr'><strong>porum</strong></span> <span class='ocrx_word' id='word_1_424' title='bbox 1175 918 1244 945; x_wconf 88' lang='lat' dir='ltr'><strong>inter</strong></span> <span class='ocrx_word' id='word_1_425' title='bbox 1276 925 1306 946; x_wconf 91' lang='lat' dir='ltr'><strong>se</strong></span> <span class='ocrx_word' id='word_1_426' title='bbox 1337 917 1485 945; x_wconf 75' lang='lat' dir='ltr'><strong>rixantium</strong></span> <span class='ocrx_word' id='word_1_427' title='bbox 1514 924 1649 952; x_wconf 85' lang='lat' dir='ltr'><strong>exponere</strong></span> <span class='ocrx_word' id='word_1_428' title='bbox 1673 920 1830 951; x_wconf 84' lang='lat' dir='ltr'><strong>cogeretur.</strong></span> 
     </span>
    </p>
   </div>
   <div class='ocr_carea' id='block_1_63' title="bbox 1049 961 1832 998">
    <p class='ocr_par' dir='ltr' id='par_1_63' title="bbox 1049 961 1832 998">
     <span class='ocr_line' id='line_1_63' title="bbox 1049 961 1832 998; baseline 0 -10"><span class='ocrx_word' id='word_1_429' title='bbox 1049 961 1155 996; x_wconf 85' lang='lat' dir='ltr'><strong>Quippe</strong></span> <span class='ocrx_word' id='word_1_430' title='bbox 1170 961 1345 989; x_wconf 87' lang='lat' dir='ltr'><strong>historiarum</strong></span> <span class='ocrx_word' id='word_1_431' title='bbox 1366 963 1514 998; x_wconf 88' lang='lat' dir='ltr'><strong>scriptores</strong></span> <span class='ocrx_word' id='word_1_432' title='bbox 1530 962 1555 989; x_wconf 89' lang='lat' dir='ltr'><strong>id</strong></span> <span class='ocrx_word' id='word_1_433' title='bbox 1571 961 1706 998; x_wconf 74' lang='lat' dir='ltr'><strong>praecipue</strong></span> <span class='ocrx_word' id='word_1_434' title='bbox 1733 969 1832 989; x_wconf 84' lang='lat' dir='ltr'><strong>curare</strong></span> 
     </span>
    </p>
   </div>
   <div class='ocr_carea' id='block_1_64' title="bbox 1049 1007 1830 1043">
    <p class='ocr_par' dir='ltr' id='par_1_64' title="bbox 1049 1007 1830 1043">
     <span class='ocr_line' id='line_1_64' title="bbox 1049 1007 1830 1043; baseline 0 -9"><span class='ocrx_word' id='word_1_435' title='bbox 1049 1015 1081 1034; x_wconf 90' lang='lat' dir='ltr'><strong>ac</strong></span> <span class='ocrx_word' id='word_1_436' title='bbox 1094 1007 1233 1042; x_wconf 87' lang='lat' dir='ltr'><strong>providere</strong></span> <span class='ocrx_word' id='word_1_437' title='bbox 1244 1009 1350 1039; x_wconf 86' lang='lat' dir='ltr'><strong>debent,</strong></span> <span class='ocrx_word' id='word_1_438' title='bbox 1370 1013 1399 1036; x_wconf 91' lang='lat' dir='ltr'><strong>ut</strong></span> <span class='ocrx_word' id='word_1_439' title='bbox 1423 1016 1492 1043; x_wconf 89' lang='lat' dir='ltr'><strong>opus</strong></span> <span class='ocrx_word' id='word_1_440' title='bbox 1511 1016 1590 1036; x_wconf 92' lang='lat' dir='ltr'><strong>suum</strong></span> <span class='ocrx_word' id='word_1_441' title='bbox 1611 1008 1712 1036; x_wconf 84' lang='lat' dir='ltr'><strong>illustri</strong></span> <span class='ocrx_word' id='word_1_442' title='bbox 1726 1011 1756 1035; x_wconf 86' lang='lat' dir='ltr'><strong>et</strong></span> <span class='ocrx_word' id='word_1_443' title='bbox 1771 1009 1830 1043; x_wconf 79' lang='lat' dir='ltr'><strong>glo-</strong></span> 
     </span>
    </p>
   </div>
   <div class='ocr_carea' id='block_1_65' title="bbox 1049 1054 1832 1090">
    <p class='ocr_par' dir='ltr' id='par_1_65' title="bbox 1049 1054 1832 1090">
     <span class='ocr_line' id='line_1_65' title="bbox 1049 1054 1832 1090; baseline 0 -9"><span class='ocrx_word' id='word_1_444' title='bbox 1049 1055 1122 1082; x_wconf 88' lang='lat' dir='ltr'><strong>rioso</strong></span> <span class='ocrx_word' id='word_1_445' title='bbox 1145 1055 1217 1082; x_wconf 87' lang='lat' dir='ltr'><strong>exitu</strong></span> <span class='ocrx_word' id='word_1_446' title='bbox 1244 1055 1417 1087; x_wconf 85' lang='lat' dir='ltr'><strong>concludant,</strong></span> <span class='ocrx_word' id='word_1_447' title='bbox 1446 1055 1516 1082; x_wconf 90' lang='lat' dir='ltr'><strong>sicut</strong></span> <span class='ocrx_word' id='word_1_448' title='bbox 1533 1054 1696 1090; x_wconf 79' lang='lat' dir='ltr'><strong>jampridem</strong></span> <span class='ocrx_word' id='word_1_449' title='bbox 1721 1055 1832 1082; x_wconf 83' lang='lat' dir='ltr'><strong>monuit</strong></span> 
     </span>
    </p>
   </div>
   <div class='ocr_carea' id='block_1_66' title="bbox 1049 1099 1830 1136">
    <p class='ocr_par' dir='ltr' id='par_1_66' title="bbox 1049 1099 1830 1136">
     <span class='ocr_line' id='line_1_66' title="bbox 1049 1099 1830 1136; baseline 0 -9"><span class='ocrx_word' id='word_1_450' title='bbox 1049 1100 1193 1136; x_wconf 79' lang='lat' dir='ltr'><strong>Dionysius</strong></span> <span class='ocrx_word' id='word_1_451' title='bbox 1209 1101 1456 1129; x_wconf 84' lang='lat' dir='ltr'><strong>Halicarnassensis</strong></span> <span class='ocrx_word' id='word_1_452' title='bbox 1474 1100 1501 1127; x_wconf 86' lang='lat' dir='ltr'><strong>in</strong></span> <span class='ocrx_word' id='word_1_453' title='bbox 1522 1100 1724 1135; x_wconf 85' lang='lat' dir='ltr'><strong>comparatione</strong></span> <span class='ocrx_word' id='word_1_454' title='bbox 1742 1099 1830 1127; x_wconf 79' lang='lat' dir='ltr'><strong>Hem-</strong></span> 
     </span>
    </p>
   </div>
   <div class='ocr_carea' id='block_1_67' title="bbox 1049 1145 1831 1182">
    <p class='ocr_par' dir='ltr' id='par_1_67' title="bbox 1049 1145 1831 1182">
     <span class='ocr_line' id='line_1_67' title="bbox 1049 1145 1831 1182; baseline -0.001 -8"><span class='ocrx_word' id='word_1_455' title='bbox 1049 1147 1105 1174; x_wconf 87' lang='lat' dir='ltr'><strong>doti</strong></span> <span class='ocrx_word' id='word_1_456' title='bbox 1125 1154 1157 1174; x_wconf 83' lang='lat' dir='ltr'><strong>ac</strong></span> <span class='ocrx_word' id='word_1_457' title='bbox 1173 1145 1351 1182; x_wconf 84' lang='lat' dir='ltr'><strong>Thucydidis.</strong></span> <span class='ocrx_word' id='word_1_458' title='bbox 1375 1145 1443 1179; x_wconf 84' lang='lat' dir='ltr'><strong>Quis</strong></span> <span class='ocrx_word' id='word_1_459' title='bbox 1459 1153 1541 1181; x_wconf 89' lang='lat' dir='ltr'><strong>porro</strong></span> <span class='ocrx_word' id='word_1_460' title='bbox 1565 1150 1679 1173; x_wconf 88' lang='lat' dir='ltr'><strong>eventus</strong></span> <span class='ocrx_word' id='word_1_461' title='bbox 1694 1146 1831 1173; x_wconf 81' lang='lat' dir='ltr'><strong>illustrior</strong></span> 
     </span>
    </p>
   </div>
   <div class='ocr_carea' id='block_1_68' title="bbox 1048 1191 1830 1227">
    <p class='ocr_par' dir='ltr' id='par_1_68' title="bbox 1048 1191 1830 1227">
     <span class='ocr_line' id='line_1_68' title="bbox 1048 1191 1830 1227; baseline 0 -9"><span class='ocrx_word' id='word_1_462' title='bbox 1048 1192 1083 1219; x_wconf 89' lang='lat' dir='ltr'><strong>ab</strong></span> <span class='ocrx_word' id='word_1_463' title='bbox 1099 1191 1216 1219; x_wconf 88' lang='lat' dir='ltr'><strong>Eusebio</strong></span> <span class='ocrx_word' id='word_1_464' title='bbox 1240 1192 1327 1226; x_wconf 90' lang='lat' dir='ltr'><strong>potuit</strong></span> <span class='ocrx_word' id='word_1_465' title='bbox 1342 1193 1440 1227; x_wconf 87' lang='lat' dir='ltr'><strong>optari,</strong></span> <span class='ocrx_word' id='word_1_466' title='bbox 1457 1198 1538 1226; x_wconf 86' lang='lat' dir='ltr'><strong>quam</strong></span> <span class='ocrx_word' id='word_1_467' title='bbox 1555 1198 1605 1226; x_wconf 78' lang='lat' dir='ltr'><strong>pax</strong></span> <span class='ocrx_word' id='word_1_468' title='bbox 1628 1191 1674 1217; x_wconf 88' lang='lat' dir='ltr'><strong>illa</strong></span> <span class='ocrx_word' id='word_1_469' title='bbox 1689 1199 1751 1225; x_wconf 74' lang='lat' dir='ltr'><strong>quae</strong></span> <span class='ocrx_word' id='word_1_470' title='bbox 1768 1196 1830 1226; x_wconf 83' lang='lat' dir='ltr'><strong>post</strong></span> 
     </span>
    </p>
   </div>
   <div class='ocr_carea' id='block_1_69' title="bbox 1048 1235 1829 1271">
    <p class='ocr_par' dir='ltr' id='par_1_69' title="bbox 1048 1235 1829 1271">
     <span class='ocr_line' id='line_1_69' title="bbox 1048 1235 1829 1271; baseline 0 -8"><span class='ocrx_word' id='word_1_471' title='bbox 1048 1236 1265 1264; x_wconf 82' lang='lat' dir='ltr'><strong>cruentissimam</strong></span> <span class='ocrx_word' id='word_1_472' title='bbox 1295 1235 1508 1271; x_wconf 77' lang='lat' dir='ltr'><strong>persecutionem</strong></span> <span class='ocrx_word' id='word_1_473' title='bbox 1534 1244 1549 1263; x_wconf 90' lang='lat' dir='ltr'><strong>a</strong></span> <span class='ocrx_word' id='word_1_474' title='bbox 1573 1235 1754 1264; x_wconf 69' lang='lat' dir='ltr'><strong>Constantino</strong></span> <span class='ocrx_word' id='word_1_475' title='bbox 1767 1237 1829 1264; x_wconf 83' lang='lat' dir='ltr'><strong>red-</strong></span> 
     </span>
    </p>
   </div>
   <div class='ocr_carea' id='block_1_70' title="bbox 1047 1281 1830 1317">
    <p class='ocr_par' dir='ltr' id='par_1_70' title="bbox 1047 1281 1830 1317">
     <span class='ocr_line' id='line_1_70' title="bbox 1047 1281 1830 1317; baseline -0.001 -8"><span class='ocrx_word' id='word_1_476' title='bbox 1047 1281 1103 1310; x_wconf 89' lang='lat' dir='ltr'><strong>dita</strong></span> <span class='ocrx_word' id='word_1_477' title='bbox 1119 1282 1206 1310; x_wconf 87' lang='lat' dir='ltr'><strong>fuerat</strong></span> <span class='ocrx_word' id='word_1_478' title='bbox 1221 1281 1395 1314; x_wconf 84' lang='lat' dir='ltr'><strong>Christianis,</strong></span> <span class='ocrx_word' id='word_1_479' title='bbox 1415 1290 1478 1309; x_wconf 88' lang='lat' dir='ltr'><strong>cum</strong></span> <span class='ocrx_word' id='word_1_480' title='bbox 1491 1283 1634 1310; x_wconf 83' lang='lat' dir='ltr'><strong>exstinctis</strong></span> <span class='ocrx_word' id='word_1_481' title='bbox 1649 1282 1750 1317; x_wconf 71' lang='lat' dir='ltr'><strong>ubique</strong></span> <span class='ocrx_word' id='word_1_482' title='bbox 1767 1291 1830 1317; x_wconf 89' lang='lat' dir='ltr'><strong>per-</strong></span> 
     </span>
    </p>
   </div>
   <div class='ocr_carea' id='block_1_71' title="bbox 1048 1327 1828 1363">
    <p class='ocr_par' dir='ltr' id='par_1_71' title="bbox 1048 1327 1828 1363">
     <span class='ocr_line' id='line_1_71' title="bbox 1048 1327 1828 1363; baseline -0.003 -7"><span class='ocrx_word' id='word_1_483' title='bbox 1048 1328 1229 1360; x_wconf 87' lang='lat' dir='ltr'><strong>secutoribus,</strong></span> <span class='ocrx_word' id='word_1_484' title='bbox 1255 1336 1286 1356; x_wconf 89' lang='lat' dir='ltr'><strong>ac</strong></span> <span class='ocrx_word' id='word_1_485' title='bbox 1301 1332 1437 1363; x_wconf 90' lang='lat' dir='ltr'><strong>postremo</strong></span> <span class='ocrx_word' id='word_1_486' title='bbox 1453 1329 1572 1355; x_wconf 91' lang='lat' dir='ltr'><strong>omnium</strong></span> <span class='ocrx_word' id='word_1_487' title='bbox 1588 1327 1693 1355; x_wconf 87' lang='lat' dir='ltr'><strong>Licinio</strong></span> <span class='ocrx_word' id='word_1_488' title='bbox 1706 1328 1828 1360; x_wconf 82' lang='lat' dir='ltr'><strong>sublato,</strong></span> 
     </span>
    </p>
   </div>
   <div class='ocr_carea' id='block_1_72' title="bbox 1047 1373 1827 1408">
    <p class='ocr_par' dir='ltr' id='par_1_72' title="bbox 1047 1373 1827 1408">
     <span class='ocr_line' id='line_1_72' title="bbox 1047 1373 1827 1408; baseline 0 -8"><span class='ocrx_word' id='word_1_489' title='bbox 1047 1374 1200 1408; x_wconf 84' lang='lat' dir='ltr'><strong>nullusjam</strong></span> <span class='ocrx_word' id='word_1_490' title='bbox 1211 1374 1408 1408; x_wconf 64' lang='lat' dir='ltr'><strong>praeteritorum</strong></span> <span class='ocrx_word' id='word_1_491' title='bbox 1417 1373 1547 1400; x_wconf 89' lang='lat' dir='ltr'><strong>malorum</strong></span> <span class='ocrx_word' id='word_1_492' title='bbox 1561 1377 1714 1408; x_wconf 83' lang='lat' dir='ltr'><strong>superesset</strong></span> <span class='ocrx_word' id='word_1_493' title='bbox 1724 1377 1827 1400; x_wconf 92' lang='lat' dir='ltr'><strong>metus.</strong></span> 
     </span>
    </p>
   </div>
   <div class='ocr_carea' id='block_1_73' title="bbox 1047 1419 1830 1455">
    <p class='ocr_par' dir='ltr' id='par_1_73' title="bbox 1047 1419 1830 1455">
     <span class='ocr_line' id='line_1_73' title="bbox 1047 1419 1830 1455; baseline 0 -9"><span class='ocrx_word' id='word_1_494' title='bbox 1047 1419 1104 1446; x_wconf 79' lang='lat' dir='ltr'><strong>Hac</strong></span> <span class='ocrx_word' id='word_1_495' title='bbox 1126 1420 1208 1455; x_wconf 87' lang='lat' dir='ltr'><strong>igitur</strong></span> <span class='ocrx_word' id='word_1_496' title='bbox 1224 1427 1290 1455; x_wconf 89' lang='lat' dir='ltr'><strong>pace</strong></span> <span class='ocrx_word' id='word_1_497' title='bbox 1307 1420 1447 1448; x_wconf 88' lang='lat' dir='ltr'><strong>historiam</strong></span> <span class='ocrx_word' id='word_1_498' title='bbox 1468 1427 1544 1447; x_wconf 90' lang='lat' dir='ltr'><strong>suam</strong></span> <span class='ocrx_word' id='word_1_499' title='bbox 1566 1419 1711 1447; x_wconf 89' lang='lat' dir='ltr'><strong>terminare</strong></span> <span class='ocrx_word' id='word_1_500' title='bbox 1730 1420 1830 1446; x_wconf 91' lang='lat' dir='ltr'><strong>maluit</strong></span> 
     </span>
    </p>
   </div>
   <div class='ocr_carea' id='block_1_74' title="bbox 1048 1463 1827 1500">
    <p class='ocr_par' dir='ltr' id='par_1_74' title="bbox 1048 1463 1827 1500">
     <span class='ocr_line' id='line_1_74' title="bbox 1048 1463 1827 1500; baseline 0.001 -10"><span class='ocrx_word' id='word_1_501' title='bbox 1048 1463 1192 1497; x_wconf 86' lang='lat' dir='ltr'><strong>Eusebius,</strong></span> <span class='ocrx_word' id='word_1_502' title='bbox 1208 1472 1289 1500; x_wconf 90' lang='lat' dir='ltr'><strong>quam</strong></span> <span class='ocrx_word' id='word_1_503' title='bbox 1305 1463 1420 1492; x_wconf 69' lang='lat' dir='ltr'><strong>Nictenaa</strong></span> <span class='ocrx_word' id='word_1_504' title='bbox 1435 1464 1531 1500; x_wconf 87' lang='lat' dir='ltr'><strong>synodi</strong></span> <span class='ocrx_word' id='word_1_505' title='bbox 1557 1465 1827 1492; x_wconf 85' lang='lat' dir='ltr'><strong>commemoratione.</strong></span> 
     </span>
    </p>
   </div>
   <div class='ocr_carea' id='block_1_75' title="bbox 1048 1507 1829 1544">
    <p class='ocr_par' dir='ltr' id='par_1_75' title="bbox 1048 1507 1829 1544">
     <span class='ocr_line' id='line_1_75' title="bbox 1048 1507 1829 1544; baseline 0.001 -10"><span class='ocrx_word' id='word_1_506' title='bbox 1048 1507 1084 1534; x_wconf 90' lang='lat' dir='ltr'><strong>Ea</strong></span> <span class='ocrx_word' id='word_1_507' title='bbox 1102 1509 1201 1543; x_wconf 87' lang='lat' dir='ltr'><strong>quippe</strong></span> <span class='ocrx_word' id='word_1_508' title='bbox 1228 1508 1332 1544; x_wconf 83' lang='lat' dir='ltr'><strong>synodo</strong></span> <span class='ocrx_word' id='word_1_509' title='bbox 1348 1516 1402 1535; x_wconf 89' lang='lat' dir='ltr'><strong>non</strong></span> <span class='ocrx_word' id='word_1_510' title='bbox 1424 1514 1478 1536; x_wconf 90' lang='lat' dir='ltr'><strong>tam</strong></span> <span class='ocrx_word' id='word_1_511' title='bbox 1501 1509 1588 1544; x_wconf 87' lang='lat' dir='ltr'><strong>sopita</strong></span> <span class='ocrx_word' id='word_1_512' title='bbox 1601 1507 1727 1540; x_wconf 88' lang='lat' dir='ltr'><strong>discidia,</strong></span> <span class='ocrx_word' id='word_1_513' title='bbox 1745 1517 1829 1544; x_wconf 87' lang='lat' dir='ltr'><strong>quam</strong></span> 
     </span>
    </p>
   </div>
   <div class='ocr_carea' id='block_1_76' title="bbox 1049 1552 1828 1588">
    <p class='ocr_par' dir='ltr' id='par_1_76' title="bbox 1049 1552 1828 1588">
     <span class='ocr_line' id='line_1_76' title="bbox 1049 1552 1828 1588; baseline 0.001 -8"><span class='ocrx_word' id='word_1_514' title='bbox 1049 1557 1174 1581; x_wconf 86' lang='lat' dir='ltr'><strong>renovata</strong></span> <span class='ocrx_word' id='word_1_515' title='bbox 1183 1561 1243 1582; x_wconf 85' lang='lat' dir='ltr'><strong>esse</strong></span> <span class='ocrx_word' id='word_1_516' title='bbox 1257 1553 1426 1581; x_wconf 84' lang='lat' dir='ltr'><strong>videbantur.</strong></span> <span class='ocrx_word' id='word_1_517' title='bbox 1449 1552 1532 1588; x_wconf 82' lang='lat' dir='ltr'><strong>quue</strong></span> <span class='ocrx_word' id='word_1_518' title='bbox 1551 1561 1605 1581; x_wconf 91' lang='lat' dir='ltr'><strong>non</strong></span> <span class='ocrx_word' id='word_1_519' title='bbox 1625 1553 1828 1588; x_wconf 51' lang='lat' dir='ltr'><strong>synodi’ipsius</strong></span> 
     </span>
    </p>
   </div>
   <div class='ocr_carea' id='block_1_77' title="bbox 1047 1599 1830 1634">
    <p class='ocr_par' dir='ltr' id='par_1_77' title="bbox 1047 1599 1830 1634">
     <span class='ocr_line' id='line_1_77' title="bbox 1047 1599 1830 1634; baseline 0 -8"><span class='ocrx_word' id='word_1_520' title='bbox 1047 1599 1145 1634; x_wconf 87' lang='lat' dir='ltr'><strong>culpa;</strong></span> <span class='ocrx_word' id='word_1_521' title='bbox 1163 1599 1209 1627; x_wconf 84' lang='lat' dir='ltr'><strong>sed</strong></span> <span class='ocrx_word' id='word_1_522' title='bbox 1225 1599 1356 1634; x_wconf 86' lang='lat' dir='ltr'><strong>pertinaci</strong></span> <span class='ocrx_word' id='word_1_523' title='bbox 1373 1599 1554 1627; x_wconf 86' lang='lat' dir='ltr'><strong>obstinatione</strong></span> <span class='ocrx_word' id='word_1_524' title='bbox 1573 1606 1668 1626; x_wconf 90' lang='lat' dir='ltr'><strong>eorum</strong></span> <span class='ocrx_word' id='word_1_525' title='bbox 1691 1599 1738 1634; x_wconf 94' lang='lat' dir='ltr'><strong>qui</strong></span> <span class='ocrx_word' id='word_1_526' title='bbox 1753 1600 1830 1626; x_wconf 85' lang='lat' dir='ltr'><strong>salu-</strong></span> 
     </span>
    </p>
   </div>
   <div class='ocr_carea' id='block_1_78' title="bbox 1047 1645 1830 1680">
    <p class='ocr_par' dir='ltr' id='par_1_78' title="bbox 1047 1645 1830 1680">
     <span class='ocr_line' id='line_1_78' title="bbox 1047 1645 1830 1680; baseline 0 -8"><span class='ocrx_word' id='word_1_527' title='bbox 1047 1645 1171 1672; x_wconf 89' lang='lat' dir='ltr'><strong>berrimis</strong></span> <span class='ocrx_word' id='word_1_528' title='bbox 1198 1645 1365 1673; x_wconf 87' lang='lat' dir='ltr'><strong>sacrosancti</strong></span> <span class='ocrx_word' id='word_1_529' title='bbox 1387 1645 1494 1673; x_wconf 90' lang='lat' dir='ltr'><strong>concilii</strong></span> <span class='ocrx_word' id='word_1_530' title='bbox 1516 1645 1633 1672; x_wconf 81' lang='lat' dir='ltr'><strong>decretis</strong></span> <span class='ocrx_word' id='word_1_531' title='bbox 1653 1645 1830 1680; x_wconf 87' lang='lat' dir='ltr'><strong>acquiescere</strong></span> 
     </span>
    </p>
   </div>
   <div class='ocr_carea' id='block_1_79' title="bbox 1046 1689 1827 1726">
    <p class='ocr_par' dir='ltr' id='par_1_79' title="bbox 1046 1689 1827 1726">
     <span class='ocr_line' id='line_1_79' title="bbox 1046 1689 1827 1726; baseline 0.001 -9"><span class='ocrx_word' id='word_1_532' title='bbox 1046 1691 1219 1718; x_wconf 87' lang='lat' dir='ltr'><strong>recusabant.</strong></span> <span class='ocrx_word' id='word_1_533' title='bbox 1236 1690 1322 1726; x_wconf 81' lang='lat' dir='ltr'><strong>Atque</strong></span> <span class='ocrx_word' id='word_1_534' title='bbox 1340 1691 1397 1718; x_wconf 73' lang='lat' dir='ltr'><strong>hzec</strong></span> <span class='ocrx_word' id='word_1_535' title='bbox 1411 1690 1445 1717; x_wconf 90' lang='lat' dir='ltr'><strong>de</strong></span> <span class='ocrx_word' id='word_1_536' title='bbox 1462 1692 1518 1718; x_wconf 90' lang='lat' dir='ltr'><strong>vita</strong></span> <span class='ocrx_word' id='word_1_537' title='bbox 1533 1690 1697 1725; x_wconf 88' lang='lat' dir='ltr'><strong>scriptisque</strong></span> <span class='ocrx_word' id='word_1_538' title='bbox 1714 1689 1827 1718; x_wconf 86' lang='lat' dir='ltr'><strong>Eusebii</strong></span> 
     </span>
    </p>
   </div>
   <div class='ocr_carea' id='block_1_80' title="bbox 1047 1735 1829 1772">
    <p class='ocr_par' dir='ltr' id='par_1_80' title="bbox 1047 1735 1829 1772">
     <span class='ocr_line' id='line_1_80' title="bbox 1047 1735 1829 1772; baseline 0.001 -9"><span class='ocrx_word' id='word_1_539' title='bbox 1047 1744 1063 1763; x_wconf 94' lang='lat' dir='ltr'><strong>a</strong></span> <span class='ocrx_word' id='word_1_540' title='bbox 1079 1736 1157 1764; x_wconf 88' lang='lat' dir='ltr'><strong>nobis</strong></span> <span class='ocrx_word' id='word_1_541' title='bbox 1168 1737 1239 1764; x_wconf 92' lang='lat' dir='ltr'><strong>dicta</strong></span> <span class='ocrx_word' id='word_1_542' title='bbox 1256 1736 1398 1764; x_wconf 72' lang='lat' dir='ltr'><strong>sudiciant.</strong></span> <span class='ocrx_word' id='word_1_543' title='bbox 1417 1735 1546 1772; x_wconf 87' lang='lat' dir='ltr'><strong>Superest</strong></span> <span class='ocrx_word' id='word_1_544' title='bbox 1564 1739 1593 1763; x_wconf 90' lang='lat' dir='ltr'><strong>ut</strong></span> <span class='ocrx_word' id='word_1_545' title='bbox 1617 1736 1651 1764; x_wconf 91' lang='lat' dir='ltr'><strong>de</strong></span> <span class='ocrx_word' id='word_1_546' title='bbox 1664 1735 1724 1770; x_wconf 88' lang='lat' dir='ltr'><strong>ejus</strong></span> <span class='ocrx_word' id='word_1_547' title='bbox 1737 1736 1829 1764; x_wconf 81' lang='lat' dir='ltr'><strong>ﬂdeet</strong></span> 
     </span>
    </p>
   </div>
   <div class='ocr_carea' id='block_1_81' title="bbox 1048 1782 1828 1818">
    <p class='ocr_par' dir='ltr' id='par_1_81' title="bbox 1048 1782 1828 1818">
     <span class='ocr_line' id='line_1_81' title="bbox 1048 1782 1828 1818; baseline -0.003 -8"><span class='ocrx_word' id='word_1_548' title='bbox 1048 1782 1185 1818; x_wconf 78' lang='grc' dir='ltr'><strong>ὸρθοδοξίᾳ</strong></span> <span class='ocrx_word' id='word_1_549' title='bbox 1198 1791 1281 1818; x_wconf 84' lang='lat' dir='ltr'><strong>pauca</strong></span> <span class='ocrx_word' id='word_1_550' title='bbox 1296 1783 1430 1810; x_wconf 88' lang='lat' dir='ltr'><strong>dicamus.</strong></span> <span class='ocrx_word' id='word_1_551' title='bbox 1444 1782 1484 1810; x_wconf 82' lang='lat' dir='ltr'><strong>Ac</strong></span> <span class='ocrx_word' id='word_1_552' title='bbox 1504 1783 1620 1817; x_wconf 90' lang='lat' dir='ltr'><strong>primum</strong></span> <span class='ocrx_word' id='word_1_553' title='bbox 1637 1782 1752 1809; x_wconf 75' lang='lat' dir='ltr'><strong>lectores</strong></span> <span class='ocrx_word' id='word_1_554' title='bbox 1768 1790 1828 1809; x_wconf 88' lang='lat' dir='ltr'><strong>mo-</strong></span> 
     </span>
    </p>
   </div>
   <div class='ocr_carea' id='block_1_82' title="bbox 1047 1827 1826 1862">
    <p class='ocr_par' dir='ltr' id='par_1_82' title="bbox 1047 1827 1826 1862">
     <span class='ocr_line' id='line_1_82' title="bbox 1047 1827 1826 1862; baseline -0.001 -7"><span class='ocrx_word' id='word_1_555' title='bbox 1047 1830 1119 1856; x_wconf 86' lang='lat' dir='ltr'><strong>nitos</strong></span> <span class='ocrx_word' id='word_1_556' title='bbox 1136 1829 1226 1862; x_wconf 87' lang='lat' dir='ltr'><strong>velim,</strong></span> <span class='ocrx_word' id='word_1_557' title='bbox 1252 1837 1286 1856; x_wconf 92' lang='lat' dir='ltr'><strong>ne</strong></span> <span class='ocrx_word' id='word_1_558' title='bbox 1310 1829 1379 1856; x_wconf 87' lang='lat' dir='ltr'><strong>bica</strong></span> <span class='ocrx_word' id='word_1_559' title='bbox 1403 1828 1483 1856; x_wconf 87' lang='lat' dir='ltr'><strong>nobis</strong></span> <span class='ocrx_word' id='word_1_560' title='bbox 1508 1828 1616 1855; x_wconf 86' lang='lat' dir='ltr'><strong>Eusebii</strong></span> <span class='ocrx_word' id='word_1_561' title='bbox 1639 1827 1826 1855; x_wconf 85' lang='lat' dir='ltr'><strong>defensionem</strong></span> 
     </span>
    </p>
   </div>
   <div class='ocr_carea' id='block_1_83' title="bbox 1046 1873 1827 1910">
    <p class='ocr_par' dir='ltr' id='par_1_83' title="bbox 1046 1873 1827 1910">
     <span class='ocr_line' id='line_1_83' title="bbox 1046 1873 1827 1910; baseline -0.001 -8"><span class='ocrx_word' id='word_1_562' title='bbox 1046 1878 1211 1910; x_wconf 82' lang='lat' dir='ltr'><strong>exspectent.</strong></span> <span class='ocrx_word' id='word_1_563' title='bbox 1226 1873 1318 1909; x_wconf 84' lang='lat' dir='ltr'><strong>Neque</strong></span> <span class='ocrx_word' id='word_1_564' title='bbox 1338 1874 1410 1901; x_wconf 89' lang='lat' dir='ltr'><strong>enim</strong></span> <span class='ocrx_word' id='word_1_565' title='bbox 1426 1878 1548 1902; x_wconf 89' lang='lat' dir='ltr'><strong>nostrum</strong></span> <span class='ocrx_word' id='word_1_566' title='bbox 1565 1878 1607 1901; x_wconf 90' lang='lat' dir='ltr'><strong>est</strong></span> <span class='ocrx_word' id='word_1_567' title='bbox 1623 1873 1656 1901; x_wconf 89' lang='lat' dir='ltr'><strong>de</strong></span> <span class='ocrx_word' id='word_1_568' title='bbox 1668 1873 1827 1908; x_wconf 88' lang='lat' dir='ltr'><strong>bujusmodi</strong></span> 
     </span>
    </p>
   </div>
   <div class='ocr_carea' id='block_1_84' title="bbox 1047 1919 1828 1955">
    <p class='ocr_par' dir='ltr' id='par_1_84' title="bbox 1047 1919 1828 1955">
     <span class='ocr_line' id='line_1_84' title="bbox 1047 1919 1828 1955; baseline 0.001 -8"><span class='ocrx_word' id='word_1_569' title='bbox 1047 1920 1128 1947; x_wconf 88' lang='lat' dir='ltr'><strong>rebus</strong></span> <span class='ocrx_word' id='word_1_570' title='bbox 1139 1921 1324 1955; x_wconf 88' lang='lat' dir='ltr'><strong>pronuntiare,</strong></span> <span class='ocrx_word' id='word_1_571' title='bbox 1335 1927 1397 1947; x_wconf 93' lang='lat' dir='ltr'><strong>cum</strong></span> <span class='ocrx_word' id='word_1_572' title='bbox 1413 1919 1541 1947; x_wconf 81' lang='lat' dir='ltr'><strong>Ecclesiae</strong></span> <span class='ocrx_word' id='word_1_573' title='bbox 1565 1920 1697 1955; x_wconf 89' lang='lat' dir='ltr'><strong>judicium</strong></span> <span class='ocrx_word' id='word_1_574' title='bbox 1711 1923 1738 1948; x_wconf 89' lang='lat' dir='ltr'><strong>et</strong></span> <span class='ocrx_word' id='word_1_575' title='bbox 1755 1921 1828 1948; x_wconf 88' lang='lat' dir='ltr'><strong>anti-</strong></span> 
     </span>
    </p>
   </div>
   <div class='ocr_carea' id='block_1_85' title="bbox 1046 1964 1827 2001">
    <p class='ocr_par' dir='ltr' id='par_1_85' title="bbox 1046 1964 1827 2001">
     <span class='ocr_line' id='line_1_85' title="bbox 1046 1964 1827 2001; baseline 0 -8"><span class='ocrx_word' id='word_1_576' title='bbox 1046 1973 1161 2001; x_wconf 88' lang='lat' dir='ltr'><strong>quorum</strong></span> <span class='ocrx_word' id='word_1_577' title='bbox 1173 1965 1282 1993; x_wconf 87' lang='lat' dir='ltr'><strong>Patrum</strong></span> <span class='ocrx_word' id='word_1_578' title='bbox 1303 1965 1464 1994; x_wconf 86' lang='lat' dir='ltr'><strong>sententiam</strong></span> <span class='ocrx_word' id='word_1_579' title='bbox 1480 1965 1507 1992; x_wconf 92' lang='lat' dir='ltr'><strong>in</strong></span> <span class='ocrx_word' id='word_1_580' title='bbox 1532 1964 1566 1993; x_wconf 92' lang='lat' dir='ltr'><strong>iis</strong></span> <span class='ocrx_word' id='word_1_581' title='bbox 1580 1965 1669 2000; x_wconf 92' lang='lat' dir='ltr'><strong>potius</strong></span> <span class='ocrx_word' id='word_1_582' title='bbox 1682 1965 1760 2000; x_wconf 89' lang='lat' dir='ltr'><strong>sequi</strong></span> <span class='ocrx_word' id='word_1_583' title='bbox 1776 1965 1827 1993; x_wconf 84' lang='lat' dir='ltr'><strong>de-</strong></span> 
     </span>
    </p>
   </div>
   <div class='ocr_carea' id='block_1_86' title="bbox 1047 2010 1828 2046">
    <p class='ocr_par' dir='ltr' id='par_1_86' title="bbox 1047 2010 1828 2046">
     <span class='ocr_line' id='line_1_86' title="bbox 1047 2010 1828 2046; baseline -0.001 -8"><span class='ocrx_word' id='word_1_584' title='bbox 1047 2012 1169 2039; x_wconf 86' lang='lat' dir='ltr'><strong>beamus.</strong></span> <span class='ocrx_word' id='word_1_585' title='bbox 1187 2010 1302 2039; x_wconf 89' lang='lat' dir='ltr'><strong>Proinde</strong></span> <span class='ocrx_word' id='word_1_586' title='bbox 1312 2011 1432 2046; x_wconf 71' lang='lat' dir='ltr'><strong>quaadam</strong></span> <span class='ocrx_word' id='word_1_587' title='bbox 1448 2010 1672 2045; x_wconf 81' lang='lat' dir='ltr'><strong>duntaxatcapita</strong></span> <span class='ocrx_word' id='word_1_588' title='bbox 1684 2010 1728 2038; x_wconf 90' lang='lat' dir='ltr'><strong>hic</strong></span> <span class='ocrx_word' id='word_1_589' title='bbox 1738 2010 1828 2038; x_wconf 64' lang='lat' dir='ltr'><strong>adno-</strong></span> 
     </span>
    </p>
   </div>
   <div class='ocr_carea' id='block_1_87' title="bbox 1047 2055 1828 2092">
    <p class='ocr_par' dir='ltr' id='par_1_87' title="bbox 1047 2055 1828 2092">
     <span class='ocr_line' id='line_1_87' title="bbox 1047 2055 1828 2092; baseline 0 -8"><span class='ocrx_word' id='word_1_590' title='bbox 1047 2057 1174 2089; x_wconf 79' lang='lat' dir='ltr'><strong>labimus,</strong></span> <span class='ocrx_word' id='word_1_591' title='bbox 1186 2057 1285 2092; x_wconf 90' lang='lat' dir='ltr'><strong>quibus</strong></span> <span class='ocrx_word' id='word_1_592' title='bbox 1297 2056 1374 2092; x_wconf 85' lang='lat' dir='ltr'><strong>quasi</strong></span> <span class='ocrx_word' id='word_1_593' title='bbox 1388 2055 1571 2084; x_wconf 82' lang='lat' dir='ltr'><strong>fundamentis</strong></span> <span class='ocrx_word' id='word_1_594' title='bbox 1582 2055 1679 2089; x_wconf 87' lang='lat' dir='ltr'><strong>innixi,</strong></span> <span class='ocrx_word' id='word_1_595' title='bbox 1693 2056 1726 2084; x_wconf 90' lang='lat' dir='ltr'><strong>de</strong></span> <span class='ocrx_word' id='word_1_596' title='bbox 1740 2055 1828 2084; x_wconf 86' lang='lat' dir='ltr'><strong>Euse-</strong></span> 
     </span>
    </p>
   </div>
   <div class='ocr_carea' id='block_1_88' title="bbox 1047 2101 1548 2136">
    <p class='ocr_par' dir='ltr' id='par_1_88' title="bbox 1047 2101 1548 2136">
     <span class='ocr_line' id='line_1_88' title="bbox 1047 2101 1548 2136; baseline -0.004 -6"><span class='ocrx_word' id='word_1_597' title='bbox 1047 2102 1084 2130; x_wconf 90' lang='lat' dir='ltr'><strong>bii</strong></span> <span class='ocrx_word' id='word_1_598' title='bbox 1095 2101 1147 2130; x_wconf 86' lang='lat' dir='ltr'><strong>fide</strong></span> <span class='ocrx_word' id='word_1_599' title='bbox 1161 2102 1260 2130; x_wconf 90' lang='lat' dir='ltr'><strong>certius</strong></span> <span class='ocrx_word' id='word_1_600' title='bbox 1270 2106 1388 2130; x_wconf 87' lang='lat' dir='ltr'><strong>statuere</strong></span> <span class='ocrx_word' id='word_1_601' title='bbox 1402 2101 1548 2136; x_wconf 88' lang='lat' dir='ltr'><strong>possimus.</strong></span> 
     </span>
    </p>
   </div>
   <div class='ocr_carea' id='block_1_89' title="bbox 1081 2143 1827 2185">
    <p class='ocr_par' dir='ltr' id='par_1_89' title="bbox 1081 2143 1827 2185">
     <span class='ocr_line' id='line_1_89' title="bbox 1081 2143 1827 2185; baseline -0.003 -9"><span class='ocrx_word' id='word_1_602' title='bbox 1081 2143 1149 2176; x_wconf 89' lang='lat' dir='ltr'><strong>Cum</strong></span> <span class='ocrx_word' id='word_1_603' title='bbox 1165 2148 1248 2185; x_wconf 89' lang='lat' dir='ltr'><strong>igitur</strong></span> <span class='ocrx_word' id='word_1_604' title='bbox 1263 2148 1297 2175; x_wconf 91' lang='lat' dir='ltr'><strong>de</strong></span> <span class='ocrx_word' id='word_1_605' title='bbox 1321 2147 1439 2176; x_wconf 89' lang='lat' dir='ltr'><strong>Eusebio</strong></span> <span class='ocrx_word' id='word_1_606' title='bbox 1461 2151 1556 2174; x_wconf 89' lang='lat' dir='ltr'><strong>nostro</strong></span> <span class='ocrx_word' id='word_1_607' title='bbox 1571 2146 1653 2174; x_wconf 72' lang='lat' dir='ltr'><strong>variae</strong></span> <span class='ocrx_word' id='word_1_608' title='bbox 1679 2147 1735 2175; x_wconf 89' lang='lat' dir='ltr'><strong>sint</strong></span> <span class='ocrx_word' id='word_1_609' title='bbox 1753 2147 1827 2174; x_wconf 89' lang='lat' dir='ltr'><strong>anti-</strong></span> 
     </span>
    </p>
   </div>
   <div class='ocr_carea' id='block_1_90' title="bbox 214 2192 1825 2232">
    <p class='ocr_par' dir='ltr' id='par_1_90' title="bbox 214 2192 1825 2232">
     <span class='ocr_line' id='line_1_90' title="bbox 214 2192 1825 2232; baseline 0.001 -13"><span class='ocrx_word' id='word_1_610' title='bbox 214 2200 267 2220; x_wconf 90' lang='lat' dir='ltr'><strong>nus</strong></span> <span class='ocrx_word' id='word_1_611' title='bbox 285 2192 385 2220; x_wconf 88' lang='lat' dir='ltr'><strong>Christi</strong></span> <span class='ocrx_word' id='word_1_612' title='bbox 399 2194 462 2221; x_wconf 72' lang='lat'><strong>525.</strong></span> <span class='ocrx_word' id='word_1_613' title='bbox 480 2193 546 2222; x_wconf 83' lang='lat' dir='ltr'><strong>illud</strong></span> <span class='ocrx_word' id='word_1_614' title='bbox 570 2199 698 2229; x_wconf 66' lang='lat' dir='ltr'><strong>praeterea</strong></span> <span class='ocrx_word' id='word_1_615' title='bbox 713 2195 805 2222; x_wconf 88' lang='lat' dir='ltr'><strong>mirari</strong></span> <span class='ocrx_word' id='word_1_616' title='bbox 825 2197 907 2228; x_wconf 87' lang='lat' dir='ltr'><strong>subit,</strong></span> <span class='ocrx_word' id='word_1_617' title='bbox 923 2197 994 2232; x_wconf 89' lang='lat' dir='ltr'><strong>quod</strong></span> <span class='ocrx_word' id='word_1_618' title='bbox 1011 2197 1034 2227; x_wconf 94' lang='lat' dir='ltr'><strong>D</strong></span> <span class='ocrx_word' id='word_1_619' title='bbox 1047 2202 1162 2231; x_wconf 76' lang='lat' dir='ltr'><strong>quorum</strong></span> <span class='ocrx_word' id='word_1_620' title='bbox 1173 2194 1328 2227; x_wconf 63' lang='lat' dir='ltr'><strong>sententiae,</strong></span> <span class='ocrx_word' id='word_1_621' title='bbox 1340 2197 1366 2221; x_wconf 88' lang='lat' dir='ltr'><strong>et</strong></span> <span class='ocrx_word' id='word_1_622' title='bbox 1382 2193 1491 2228; x_wconf 88' lang='lat' dir='ltr'><strong>quidam</strong></span> <span class='ocrx_word' id='word_1_623' title='bbox 1503 2201 1564 2220; x_wconf 91' lang='lat' dir='ltr'><strong>eum</strong></span> <span class='ocrx_word' id='word_1_624' title='bbox 1581 2193 1762 2225; x_wconf 85' lang='lat' dir='ltr'><strong>Catholicum,</strong></span> <span class='ocrx_word' id='word_1_625' title='bbox 1779 2193 1825 2220; x_wconf 89' lang='lat' dir='ltr'><strong>alii</strong></span> 
     </span>
    </p>
   </div>
   <div class='ocr_carea' id='block_1_91' title="bbox 213 2238 995 2275">
    <p class='ocr_par' dir='ltr' id='par_1_91' title="bbox 213 2238 995 2275">
     <span class='ocr_line' id='line_1_91' title="bbox 213 2238 995 2275; baseline 0.009 -11"><span class='ocrx_word' id='word_1_626' title='bbox 213 2245 275 2265; x_wconf 85' lang='lat' dir='ltr'><strong>cum</strong></span> <span class='ocrx_word' id='word_1_627' title='bbox 297 2238 402 2266; x_wconf 71' lang='lat' dir='ltr'><strong>Nicena</strong></span> <span class='ocrx_word' id='word_1_628' title='bbox 433 2241 551 2275; x_wconf 82' lang='lat' dir='ltr'><strong>synodus</strong></span> <span class='ocrx_word' id='word_1_629' title='bbox 579 2241 713 2267; x_wconf 80' lang='lat' dir='ltr'><strong>celebrata</strong></span> <span class='ocrx_word' id='word_1_630' title='bbox 744 2241 780 2268; x_wconf 89' lang='lat' dir='ltr'><strong>sit</strong></span> <span class='ocrx_word' id='word_1_631' title='bbox 809 2241 995 2271; x_wconf 86' lang='lat' dir='ltr'><strong>viccnnalibus</strong></span> 
     </span>
    </p>
   </div>
   <div class='ocr_carea' id='block_1_92' title="bbox 213 2284 995 2320">
    <p class='ocr_par' dir='ltr' id='par_1_92' title="bbox 213 2284 995 2320">
     <span class='ocr_line' id='line_1_92' title="bbox 213 2284 995 2320; baseline 0.008 -10"><span class='ocrx_word' id='word_1_632' title='bbox 213 2284 397 2316; x_wconf 81' lang='lat' dir='ltr'><strong>Constantini,</strong></span> <span class='ocrx_word' id='word_1_633' title='bbox 414 2287 487 2312; x_wconf 89' lang='lat' dir='ltr'><strong>nulla</strong></span> <span class='ocrx_word' id='word_1_634' title='bbox 513 2289 602 2313; x_wconf 88' lang='lat' dir='ltr'><strong>tamen</strong></span> <span class='ocrx_word' id='word_1_635' title='bbox 614 2286 673 2320; x_wconf 81' lang='lat' dir='ltr'><strong>ejus</strong></span> <span class='ocrx_word' id='word_1_636' title='bbox 695 2286 740 2313; x_wconf 83' lang='lat' dir='ltr'><strong>fiat</strong></span> <span class='ocrx_word' id='word_1_637' title='bbox 767 2288 878 2319; x_wconf 90' lang='lat' dir='ltr'><strong>mentio,</strong></span> <span class='ocrx_word' id='word_1_638' title='bbox 904 2290 995 2316; x_wconf 88' lang='lat' dir='ltr'><strong>necin</strong></span> 
     </span>
    </p>
   </div>
   <div class='ocr_carea' id='block_1_93' title="bbox 215 2329 995 2368">
    <p class='ocr_par' dir='ltr' id='par_1_93' title="bbox 215 2329 995 2368">
     <span class='ocr_line' id='line_1_93' title="bbox 215 2329 995 2368; baseline 0.006 -12"><span class='ocrx_word' id='word_1_639' title='bbox 215 2329 354 2362; x_wconf 83' lang='lat' dir='ltr'><strong>Chronico,</strong></span> <span class='ocrx_word' id='word_1_640' title='bbox 371 2339 419 2358; x_wconf 89' lang='lat' dir='ltr'><strong>nec</strong></span> <span class='ocrx_word' id='word_1_641' title='bbox 438 2332 464 2358; x_wconf 94' lang='lat' dir='ltr'><strong>in</strong></span> <span class='ocrx_word' id='word_1_642' title='bbox 487 2331 673 2359; x_wconf 76' lang='lat' dir='ltr'><strong>Ecclesiastica</strong></span> <span class='ocrx_word' id='word_1_643' title='bbox 696 2332 824 2360; x_wconf 82' lang='lat' dir='ltr'><strong>Historia.</strong></span> <span class='ocrx_word' id='word_1_644' title='bbox 841 2333 906 2360; x_wconf 85' lang='lat' dir='ltr'><strong>Nam</strong></span> <span class='ocrx_word' id='word_1_645' title='bbox 923 2335 995 2368; x_wconf 86' lang='lat' dir='ltr'><strong>quod</strong></span> 
     </span>
    </p>
   </div>
   <div class='ocr_carea' id='block_1_94' title="bbox 216 2374 996 2416">
    <p class='ocr_par' dir='ltr' id='par_1_94' title="bbox 216 2374 996 2416">
     <span class='ocr_line' id='line_1_94' title="bbox 216 2374 996 2416; baseline 0.008 -15"><span class='ocrx_word' id='word_1_646' title='bbox 216 2375 244 2402; x_wconf 96' lang='lat' dir='ltr'><strong>in</strong></span> <span class='ocrx_word' id='word_1_647' title='bbox 259 2374 352 2403; x_wconf 86' lang='lat' dir='ltr'><strong>Latino</strong></span> <span class='ocrx_word' id='word_1_648' title='bbox 362 2377 421 2411; x_wconf 86' lang='lat' dir='ltr'><strong>ejus</strong></span> <span class='ocrx_word' id='word_1_649' title='bbox 435 2377 562 2405; x_wconf 83' lang='lat' dir='ltr'><strong>Chronico</strong></span> <span class='ocrx_word' id='word_1_650' title='bbox 573 2378 606 2405; x_wconf 85' lang='lat' dir='ltr'><strong>ad</strong></span> <span class='ocrx_word' id='word_1_651' title='bbox 613 2386 712 2406; x_wconf 84' lang='lat' dir='ltr'><strong>annum</strong></span> <span class='ocrx_word' id='word_1_652' title='bbox 727 2379 898 2407; x_wconf 87' lang='lat' dir='ltr'><strong>Constantini</strong></span> <span class='ocrx_word' id='word_1_653' title='bbox 915 2381 996 2416; x_wconf 82' lang='lat' dir='ltr'><strong>quiu-</strong></span> 
     </span>
    </p>
   </div>
   <div class='ocr_carea' id='block_1_95' title="bbox 214 2422 994 2459">
    <p class='ocr_par' dir='ltr' id='par_1_95' title="bbox 214 2422 994 2459">
     <span class='ocr_line' id='line_1_95' title="bbox 214 2422 994 2459; baseline 0.008 -12"><span class='ocrx_word' id='word_1_654' title='bbox 214 2424 271 2448; x_wconf 80' lang='lat' dir='ltr'><strong>tuln</strong></span> <span class='ocrx_word' id='word_1_655' title='bbox 285 2422 419 2449; x_wconf 89' lang='lat' dir='ltr'><strong>decimum</strong></span> <span class='ocrx_word' id='word_1_656' title='bbox 435 2423 489 2450; x_wconf 73' lang='lat' dir='ltr'><strong>hzec</strong></span> <span class='ocrx_word' id='word_1_657' title='bbox 503 2425 637 2459; x_wconf 70' lang='lat' dir='ltr'><strong>leguntur,</strong></span> <span class='ocrx_word' id='word_1_658' title='bbox 651 2425 838 2453; x_wconf 73' lang='lat' dir='ltr'><strong>Alexandrina:</strong></span> <span class='ocrx_word' id='word_1_659' title='bbox 870 2425 994 2454; x_wconf 67' lang='lat' dir='ltr'><strong>Ecclesia:</strong></span> 
     </span>
    </p>
   </div>
   <div class='ocr_carea' id='block_1_96' title="bbox 213 2467 996 2507">
    <p class='ocr_par' dir='ltr' id='par_1_96' title="bbox 213 2467 996 2507">
     <span class='ocr_line' id='line_1_96' title="bbox 213 2467 996 2507; baseline 0.005 -12"><span class='ocrx_word' id='word_1_660' title='bbox 213 2467 298 2496; x_wconf 68' lang='lat' dir='ltr'><strong>XIX&quot;!</strong></span> <span class='ocrx_word' id='word_1_661' title='bbox 309 2470 446 2496; x_wconf 83' lang='lat' dir='ltr'><strong>ordinatur</strong></span> <span class='ocrx_word' id='word_1_662' title='bbox 455 2471 588 2505; x_wconf 66' lang='lat' dir='ltr'><strong>episcopus</strong></span> <span class='ocrx_word' id='word_1_663' title='bbox 597 2471 753 2503; x_wconf 66' lang='lat' dir='ltr'><strong>Alexander,</strong></span> <span class='ocrx_word' id='word_1_664' title='bbox 764 2480 780 2498; x_wconf 90' lang='lat' dir='ltr'><strong>a</strong></span> <span class='ocrx_word' id='word_1_665' title='bbox 792 2479 842 2507; x_wconf 81' lang='lat' dir='ltr'><strong>quo</strong></span> <span class='ocrx_word' id='word_1_666' title='bbox 852 2472 931 2499; x_wconf 77' lang='lat' dir='ltr'><strong>Arius</strong></span> <span class='ocrx_word' id='word_1_667' title='bbox 939 2480 996 2506; x_wconf 83' lang='lat' dir='ltr'><strong>pre-</strong></span> 
     </span>
    </p>
   </div>
   <div class='ocr_carea' id='block_1_97' title="bbox 213 2514 994 2551">
    <p class='ocr_par' dir='ltr' id='par_1_97' title="bbox 213 2514 994 2551">
     <span class='ocr_line' id='line_1_97' title="bbox 213 2514 994 2551; baseline 0.004 -10"><span class='ocrx_word' id='word_1_668' title='bbox 213 2514 301 2549; x_wconf 72' lang='lat' dir='ltr'><strong>sbyter</strong></span> <span class='ocrx_word' id='word_1_669' title='bbox 315 2515 346 2541; x_wconf 83' lang='lat' dir='ltr'><strong>de</strong></span> <span class='ocrx_word' id='word_1_670' title='bbox 364 2514 480 2542; x_wconf 73' lang='lat' dir='ltr'><strong>Ecclesia</strong></span> <span class='ocrx_word' id='word_1_671' title='bbox 497 2516 603 2549; x_wconf 79' lang='lat' dir='ltr'><strong>ejectus,</strong></span> <span class='ocrx_word' id='word_1_672' title='bbox 617 2517 711 2544; x_wconf 76' lang='lat' dir='ltr'><strong>multos</strong></span> <span class='ocrx_word' id='word_1_673' title='bbox 734 2525 788 2544; x_wconf 69' lang='lat' dir='ltr'><strong>sua:</strong></span> <span class='ocrx_word' id='word_1_674' title='bbox 810 2518 937 2551; x_wconf 86' lang='lat' dir='ltr'><strong>impietati</strong></span> <span class='ocrx_word' id='word_1_675' title='bbox 950 2526 994 2545; x_wconf 79' lang='lat' dir='ltr'><strong>so-</strong></span> 
     </span>
    </p>
   </div>
   <div class='ocr_carea' id='block_1_98' title="bbox 213 2559 994 2597">
    <p class='ocr_par' dir='ltr' id='par_1_98' title="bbox 213 2559 994 2597">
     <span class='ocr_line' id='line_1_98' title="bbox 213 2559 994 2597; baseline 0.005 -12"><span class='ocrx_word' id='word_1_676' title='bbox 213 2560 275 2586; x_wconf 86' lang='lat' dir='ltr'><strong>ciat.</strong></span> <span class='ocrx_word' id='word_1_677' title='bbox 300 2559 341 2586; x_wconf 75' lang='lat' dir='ltr'><strong>Ad</strong></span> <span class='ocrx_word' id='word_1_678' title='bbox 354 2568 465 2595; x_wconf 87' lang='lat' dir='ltr'><strong>quorum</strong></span> <span class='ocrx_word' id='word_1_679' title='bbox 487 2561 624 2595; x_wconf 78' lang='lat' dir='ltr'><strong>perﬁdiam</strong></span> <span class='ocrx_word' id='word_1_680' title='bbox 648 2561 851 2597; x_wconf 76' lang='lat' dir='ltr'><strong>coarguendam,</strong></span> <span class='ocrx_word' id='word_1_681' title='bbox 879 2562 994 2597; x_wconf 73' lang='lat' dir='ltr'><strong>synodus</strong></span> 
     </span>
    </p>
   </div>
   <div class='ocr_carea' id='block_1_99' title="bbox 212 2607 995 2644">
    <p class='ocr_par' dir='ltr' id='par_1_99' title="bbox 212 2607 995 2644">
     <span class='ocr_line' id='line_1_99' title="bbox 212 2607 995 2644; baseline 0.004 -12"><span class='ocrx_word' id='word_1_682' title='bbox 212 2611 328 2632; x_wconf 81' lang='lat' dir='ltr'><strong>cccxvut</strong></span> <span class='ocrx_word' id='word_1_683' title='bbox 350 2607 529 2640; x_wconf 73' lang='lat' dir='ltr'><strong>episcoporum</strong></span> <span class='ocrx_word' id='word_1_684' title='bbox 552 2608 578 2634; x_wconf 85' lang='lat' dir='ltr'><strong>in</strong></span> <span class='ocrx_word' id='word_1_685' title='bbox 605 2607 725 2635; x_wconf 74' lang='lat' dir='ltr'><strong>Nicwam</strong></span> <span class='ocrx_word' id='word_1_686' title='bbox 747 2608 837 2635; x_wconf 79' lang='lat' dir='ltr'><strong>urbem</strong></span> <span class='ocrx_word' id='word_1_687' title='bbox 863 2609 995 2644; x_wconf 67' lang='lat' dir='ltr'><strong>Bithyniae</strong></span> 
     </span>
    </p>
   </div>
   <div class='ocr_carea' id='block_1_100' title="bbox 213 2653 994 2686">
    <p class='ocr_par' dir='ltr' id='par_1_100' title="bbox 213 2653 994 2686">
     <span class='ocr_line' id='line_1_100' title="bbox 213 2653 994 2686; baseline 0.006 -9"><span class='ocrx_word' id='word_1_688' title='bbox 213 2657 370 2686; x_wconf 80' lang='lat' dir='ltr'><strong>congregata</strong></span> <span class='ocrx_word' id='word_1_689' title='bbox 381 2673 387 2683; x_wconf 89' lang='lat'><strong>,</strong></span> <span class='ocrx_word' id='word_1_690' title='bbox 407 2661 494 2679; x_wconf 78' lang='lat' dir='ltr'><strong>omnes</strong></span> <span class='ocrx_word' id='word_1_691' title='bbox 511 2654 689 2681; x_wconf 75' lang='lat' dir='ltr'><strong>hazrett&#39;corum</strong></span> <span class='ocrx_word' id='word_1_692' title='bbox 710 2654 845 2681; x_wconf 80' lang='lat' dir='ltr'><strong>machinas</strong></span> <span class='ocrx_word' id='word_1_693' title='bbox 862 2653 994 2682; x_wconf 77' lang='lat' dir='ltr'><strong>Honousu</strong></span> 
     </span>
    </p>
   </div>
   <div class='ocr_carea' id='block_1_101' title="bbox 215 2698 994 2735">
    <p class='ocr_par' dir='ltr' id='par_1_101' title="bbox 215 2698 994 2735">
     <span class='ocr_line' id='line_1_101' title="bbox 215 2698 994 2735; baseline 0.006 -13"><span class='ocrx_word' id='word_1_694' title='bbox 215 2698 375 2731; x_wconf 67' lang='lat' dir='ltr'><strong>oppositione</strong></span> <span class='ocrx_word' id='word_1_695' title='bbox 385 2698 487 2726; x_wconf 81' lang='lat' dir='ltr'><strong>delevit.</strong></span> <span class='ocrx_word' id='word_1_696' title='bbox 505 2698 576 2727; x_wconf 83' lang='lat' dir='ltr'><strong>Satis</strong></span> <span class='ocrx_word' id='word_1_697' title='bbox 603 2700 775 2735; x_wconf 90' lang='lat' dir='ltr'><strong>perspicuum</strong></span> <span class='ocrx_word' id='word_1_698' title='bbox 791 2703 843 2731; x_wconf 91' lang='lat' dir='ltr'><strong>est,</strong></span> <span class='ocrx_word' id='word_1_699' title='bbox 872 2700 924 2727; x_wconf 88' lang='lat' dir='ltr'><strong>ista</strong></span> <span class='ocrx_word' id='word_1_700' title='bbox 940 2708 994 2728; x_wconf 91' lang='lat' dir='ltr'><strong>non</strong></span> 
     </span>
    </p>
   </div>
   <div class='ocr_carea' id='block_1_102' title="bbox 216 2743 994 2780">
    <p class='ocr_par' dir='ltr' id='par_1_102' title="bbox 216 2743 994 2780">
     <span class='ocr_line' id='line_1_102' title="bbox 216 2743 994 2780; baseline 0.008 -12"><span class='ocrx_word' id='word_1_701' title='bbox 216 2743 249 2769; x_wconf 91' lang='lat' dir='ltr'><strong>ab</strong></span> <span class='ocrx_word' id='word_1_702' title='bbox 263 2743 377 2772; x_wconf 83' lang='lat' dir='ltr'><strong>Eusebio</strong></span> <span class='ocrx_word' id='word_1_703' title='bbox 391 2746 502 2780; x_wconf 88' lang='lat' dir='ltr'><strong>scripta,</strong></span> <span class='ocrx_word' id='word_1_704' title='bbox 517 2745 565 2774; x_wconf 90' lang='lat' dir='ltr'><strong>sed</strong></span> <span class='ocrx_word' id='word_1_705' title='bbox 575 2747 609 2773; x_wconf 90' lang='lat' dir='ltr'><strong>ab</strong></span> <span class='ocrx_word' id='word_1_706' title='bbox 621 2745 785 2780; x_wconf 87' lang='lat' dir='ltr'><strong>Hieronymo</strong></span> <span class='ocrx_word' id='word_1_707' title='bbox 798 2745 889 2772; x_wconf 89' lang='lat' dir='ltr'><strong>addita</strong></span> <span class='ocrx_word' id='word_1_708' title='bbox 899 2745 994 2780; x_wconf 85' lang='lat' dir='ltr'><strong>fuisse,</strong></span> 
     </span>
    </p>
   </div>
   <div class='ocr_carea' id='block_1_103' title="bbox 216 2788 995 2824">
    <p class='ocr_par' dir='ltr' id='par_1_103' title="bbox 216 2788 995 2824">
     <span class='ocr_line' id='line_1_103' title="bbox 216 2788 995 2824; baseline 0.005 -11"><span class='ocrx_word' id='word_1_709' title='bbox 216 2789 261 2822; x_wconf 90' lang='lat' dir='ltr'><strong>qui</strong></span> <span class='ocrx_word' id='word_1_710' title='bbox 279 2788 459 2818; x_wconf 86' lang='lat' dir='ltr'><strong>Eusebianum</strong></span> <span class='ocrx_word' id='word_1_711' title='bbox 478 2791 636 2819; x_wconf 82' lang='lat' dir='ltr'><strong>Chronicum</strong></span> <span class='ocrx_word' id='word_1_712' title='bbox 658 2791 752 2818; x_wconf 92' lang='lat' dir='ltr'><strong>multis</strong></span> <span class='ocrx_word' id='word_1_713' title='bbox 765 2790 799 2818; x_wconf 89' lang='lat' dir='ltr'><strong>de</strong></span> <span class='ocrx_word' id='word_1_714' title='bbox 817 2798 867 2818; x_wconf 86' lang='lat' dir='ltr'><strong>suo</strong></span> <span class='ocrx_word' id='word_1_715' title='bbox 881 2790 995 2824; x_wconf 88' lang='lat' dir='ltr'><strong>adjectis</strong></span> 
     </span>
    </p>
   </div>
   <div class='ocr_carea' id='block_1_104' title="bbox 219 2833 993 2871">
    <p class='ocr_par' dir='ltr' id='par_1_104' title="bbox 219 2833 993 2871">
     <span class='ocr_line' id='line_1_104' title="bbox 219 2833 993 2871; baseline 0.001 -11"><span class='ocrx_word' id='word_1_716' title='bbox 219 2833 400 2869; x_wconf 80' lang='lat' dir='ltr'><strong>interpolavit.</strong></span> <span class='ocrx_word' id='word_1_717' title='bbox 417 2835 452 2863; x_wconf 81' lang='lat' dir='ltr'><strong>Ut</strong></span> <span class='ocrx_word' id='word_1_718' title='bbox 467 2836 538 2864; x_wconf 74' lang='lat' dir='ltr'><strong>enim</strong></span> <span class='ocrx_word' id='word_1_719' title='bbox 563 2835 630 2862; x_wconf 85' lang='lat' dir='ltr'><strong>illud</strong></span> <span class='ocrx_word' id='word_1_720' title='bbox 656 2835 789 2868; x_wconf 89' lang='lat' dir='ltr'><strong>omittam,</strong></span> <span class='ocrx_word' id='word_1_721' title='bbox 811 2835 881 2871; x_wconf 90' lang='lat' dir='ltr'><strong>quod</strong></span> <span class='ocrx_word' id='word_1_722' title='bbox 899 2835 993 2870; x_wconf 78' lang='lat' dir='ltr'><strong>synodi</strong></span> 
     </span>
    </p>
   </div>
   <div class='ocr_carea' id='block_1_105' title="bbox 1046 2238 1826 2274">
    <p class='ocr_par' dir='ltr' id='par_1_105' title="bbox 1046 2238 1826 2274">
     <span class='ocr_line' id='line_1_105' title="bbox 1046 2238 1826 2274; baseline -0.001 -7"><span class='ocrx_word' id='word_1_723' title='bbox 1046 2240 1200 2267; x_wconf 69' lang='lat' dir='ltr'><strong>htereticum</strong></span> <span class='ocrx_word' id='word_1_724' title='bbox 1210 2249 1217 2273; x_wconf 90' lang='lat'><strong>;</strong></span> <span class='ocrx_word' id='word_1_725' title='bbox 1229 2239 1349 2267; x_wconf 88' lang='lat' dir='ltr'><strong>nonnulli</strong></span> <span class='ocrx_word' id='word_1_726' title='bbox 1362 2238 1518 2274; x_wconf 83' lang='grc' dir='ltr'><strong>δίγλωττον,</strong></span> <span class='ocrx_word' id='word_1_727' title='bbox 1529 2238 1557 2266; x_wconf 87' lang='lat' dir='ltr'><strong>id</strong></span> <span class='ocrx_word' id='word_1_728' title='bbox 1572 2243 1628 2271; x_wconf 89' lang='lat' dir='ltr'><strong>est,</strong></span> <span class='ocrx_word' id='word_1_729' title='bbox 1640 2239 1729 2266; x_wconf 65' lang='lat' dir='ltr'><strong>dubiae</strong></span> <span class='ocrx_word' id='word_1_730' title='bbox 1743 2243 1826 2274; x_wconf 84' lang='lat' dir='ltr'><strong>atque</strong></span> 
     </span>
    </p>
   </div>
   <div class='ocr_carea' id='block_1_106' title="bbox 1047 2285 1826 2321">
    <p class='ocr_par' dir='ltr' id='par_1_106' title="bbox 1047 2285 1826 2321">
     <span class='ocr_line' id='line_1_106' title="bbox 1047 2285 1826 2321; baseline -0.003 -8"><span class='ocrx_word' id='word_1_731' title='bbox 1047 2286 1173 2321; x_wconf 85' lang='lat' dir='ltr'><strong>ancipitis</strong></span> <span class='ocrx_word' id='word_1_732' title='bbox 1186 2285 1248 2313; x_wconf 89' lang='lat' dir='ltr'><strong>lidei</strong></span> <span class='ocrx_word' id='word_1_733' title='bbox 1263 2285 1347 2313; x_wconf 85' lang='lat' dir='ltr'><strong>fuisse</strong></span> <span class='ocrx_word' id='word_1_734' title='bbox 1360 2285 1525 2317; x_wconf 87' lang='lat' dir='ltr'><strong>censuerint,</strong></span> <span class='ocrx_word' id='word_1_735' title='bbox 1538 2285 1727 2318; x_wconf 88' lang='lat' dir='ltr'><strong>inquirendum</strong></span> <span class='ocrx_word' id='word_1_736' title='bbox 1743 2292 1759 2311; x_wconf 85' lang='lat' dir='ltr'><strong>a</strong></span> <span class='ocrx_word' id='word_1_737' title='bbox 1774 2293 1826 2312; x_wconf 90' lang='lat' dir='ltr'><strong>no-</strong></span> 
     </span>
    </p>
   </div>
   <div class='ocr_carea' id='block_1_107' title="bbox 1046 2331 1825 2365">
    <p class='ocr_par' dir='ltr' id='par_1_107' title="bbox 1046 2331 1825 2365">
     <span class='ocr_line' id='line_1_107' title="bbox 1046 2331 1825 2365; baseline 0 -7"><span class='ocrx_word' id='word_1_738' title='bbox 1046 2331 1088 2359; x_wconf 91' lang='lat' dir='ltr'><strong>bis</strong></span> <span class='ocrx_word' id='word_1_739' title='bbox 1111 2335 1153 2358; x_wconf 92' lang='lat' dir='ltr'><strong>est</strong></span> <span class='ocrx_word' id='word_1_740' title='bbox 1168 2331 1213 2358; x_wconf 92' lang='lat' dir='ltr'><strong>cui</strong></span> <span class='ocrx_word' id='word_1_741' title='bbox 1226 2331 1396 2365; x_wconf 88' lang='lat' dir='ltr'><strong>potissimum</strong></span> <span class='ocrx_word' id='word_1_742' title='bbox 1415 2331 1554 2358; x_wconf 74' lang='lat' dir='ltr'><strong>sententiae</strong></span> <span class='ocrx_word' id='word_1_743' title='bbox 1575 2331 1722 2358; x_wconf 88' lang='lat' dir='ltr'><strong>debeamus</strong></span> <span class='ocrx_word' id='word_1_744' title='bbox 1745 2338 1825 2358; x_wconf 82' lang='lat' dir='ltr'><strong>acce-</strong></span> 
     </span>
    </p>
   </div>
   <div class='ocr_carea' id='block_1_108' title="bbox 1046 2375 1823 2410">
    <p class='ocr_par' dir='ltr' id='par_1_108' title="bbox 1046 2375 1823 2410">
     <span class='ocr_line' id='line_1_108' title="bbox 1046 2375 1823 2410; baseline -0.001 -7"><span class='ocrx_word' id='word_1_745' title='bbox 1046 2376 1119 2403; x_wconf 88' lang='lat' dir='ltr'><strong>dere.</strong></span> <span class='ocrx_word' id='word_1_746' title='bbox 1130 2375 1263 2404; x_wconf 86' lang='lat' dir='ltr'><strong>Constaus</strong></span> <span class='ocrx_word' id='word_1_747' title='bbox 1277 2376 1346 2410; x_wconf 90' lang='lat' dir='ltr'><strong>juris</strong></span> <span class='ocrx_word' id='word_1_748' title='bbox 1357 2376 1448 2410; x_wconf 82' lang='lat' dir='ltr'><strong>regula</strong></span> <span class='ocrx_word' id='word_1_749' title='bbox 1462 2381 1513 2407; x_wconf 87' lang='lat' dir='ltr'><strong>est,</strong></span> <span class='ocrx_word' id='word_1_750' title='bbox 1529 2376 1555 2402; x_wconf 94' lang='lat' dir='ltr'><strong>in</strong></span> <span class='ocrx_word' id='word_1_751' title='bbox 1577 2376 1666 2403; x_wconf 88' lang='lat' dir='ltr'><strong>dubiis</strong></span> <span class='ocrx_word' id='word_1_752' title='bbox 1675 2375 1823 2410; x_wconf 67' lang='lat' dir='ltr'><strong>aequiorem</strong></span> 
     </span>
    </p>
   </div>
   <div class='ocr_carea' id='block_1_109' title="bbox 1045 2421 1821 2457">
    <p class='ocr_par' dir='ltr' id='par_1_109' title="bbox 1045 2421 1821 2457">
     <span class='ocr_line' id='line_1_109' title="bbox 1045 2421 1821 2457; baseline 0.001 -9"><span class='ocrx_word' id='word_1_753' title='bbox 1045 2423 1136 2456; x_wconf 87' lang='lat' dir='ltr'><strong>potius</strong></span> <span class='ocrx_word' id='word_1_754' title='bbox 1161 2429 1193 2449; x_wconf 91' lang='lat' dir='ltr'><strong>ac</strong></span> <span class='ocrx_word' id='word_1_755' title='bbox 1205 2422 1338 2449; x_wconf 90' lang='lat' dir='ltr'><strong>mitiorem</strong></span> <span class='ocrx_word' id='word_1_756' title='bbox 1361 2421 1522 2448; x_wconf 88' lang='lat' dir='ltr'><strong>sententiam</strong></span> <span class='ocrx_word' id='word_1_757' title='bbox 1546 2423 1672 2457; x_wconf 80' lang='lat' dir='ltr'><strong>amplecti</strong></span> <span class='ocrx_word' id='word_1_758' title='bbox 1685 2427 1821 2456; x_wconf 88' lang='lat' dir='ltr'><strong>oportere.</strong></span> 
     </span>
    </p>
   </div>
   <div class='ocr_carea' id='block_1_110' title="bbox 1046 2467 1823 2504">
    <p class='ocr_par' dir='ltr' id='par_1_110' title="bbox 1046 2467 1823 2504">
     <span class='ocr_line' id='line_1_110' title="bbox 1046 2467 1823 2504; baseline 0.003 -10"><span class='ocrx_word' id='word_1_759' title='bbox 1046 2467 1146 2495; x_wconf 84' lang='lat' dir='ltr'><strong>Deinde</strong></span> <span class='ocrx_word' id='word_1_760' title='bbox 1161 2476 1222 2496; x_wconf 91' lang='lat' dir='ltr'><strong>cum</strong></span> <span class='ocrx_word' id='word_1_761' title='bbox 1245 2467 1430 2496; x_wconf 89' lang='lat' dir='ltr'><strong>Occidentales</strong></span> <span class='ocrx_word' id='word_1_762' title='bbox 1450 2475 1613 2500; x_wconf 86' lang='lat' dir='ltr'><strong>omnes,uno</strong></span> <span class='ocrx_word' id='word_1_763' title='bbox 1629 2468 1684 2496; x_wconf 89' lang='lat' dir='ltr'><strong>fere</strong></span> <span class='ocrx_word' id='word_1_764' title='bbox 1709 2472 1823 2504; x_wconf 81' lang='lat' dir='ltr'><strong>excepto</strong></span> 
     </span>
    </p>
   </div>
   <div class='ocr_carea' id='block_1_111' title="bbox 1046 2513 1823 2549">
    <p class='ocr_par' dir='ltr' id='par_1_111' title="bbox 1046 2513 1823 2549">
     <span class='ocr_line' id='line_1_111' title="bbox 1046 2513 1823 2549; baseline 0.004 -8"><span class='ocrx_word' id='word_1_765' title='bbox 1046 2515 1221 2549; x_wconf 77' lang='lat' dir='ltr'><strong>Hieronymo.</strong></span> <span class='ocrx_word' id='word_1_766' title='bbox 1246 2515 1279 2542; x_wconf 90' lang='lat' dir='ltr'><strong>de</strong></span> <span class='ocrx_word' id='word_1_767' title='bbox 1302 2513 1418 2541; x_wconf 88' lang='lat' dir='ltr'><strong>Eusebio</strong></span> <span class='ocrx_word' id='word_1_768' title='bbox 1440 2519 1535 2542; x_wconf 90' lang='lat' dir='ltr'><strong>nostro</strong></span> <span class='ocrx_word' id='word_1_769' title='bbox 1561 2515 1708 2542; x_wconf 88' lang='lat' dir='ltr'><strong>honorifice</strong></span> <span class='ocrx_word' id='word_1_770' title='bbox 1729 2524 1823 2544; x_wconf 81' lang='lat' dir='ltr'><strong>sense-</strong></span> 
     </span>
    </p>
   </div>
   <div class='ocr_carea' id='block_1_112' title="bbox 1045 2559 1822 2594">
    <p class='ocr_par' dir='ltr' id='par_1_112' title="bbox 1045 2559 1822 2594">
     <span class='ocr_line' id='line_1_112' title="bbox 1045 2559 1822 2594; baseline 0.003 -7"><span class='ocrx_word' id='word_1_771' title='bbox 1045 2560 1115 2591; x_wconf 84' lang='lat' dir='ltr'><strong>rint,</strong></span> <span class='ocrx_word' id='word_1_772' title='bbox 1131 2567 1246 2594; x_wconf 89' lang='lat' dir='ltr'><strong>cumque</strong></span> <span class='ocrx_word' id='word_1_773' title='bbox 1259 2559 1520 2587; x_wconf 85' lang='lat' dir='ltr'><strong>EcclesiaGallicana</strong></span> <span class='ocrx_word' id='word_1_774' title='bbox 1535 2564 1691 2587; x_wconf 87' lang='lat' dir='ltr'><strong>sanctorum</strong></span> <span class='ocrx_word' id='word_1_775' title='bbox 1707 2569 1822 2590; x_wconf 87' lang='lat' dir='ltr'><strong>numero</strong></span> 
     </span>
    </p>
   </div>
   <div class='ocr_carea' id='block_1_113' title="bbox 1046 2604 1820 2640">
    <p class='ocr_par' dir='ltr' id='par_1_113' title="bbox 1046 2604 1820 2640">
     <span class='ocr_line' id='line_1_113' title="bbox 1046 2604 1820 2640; baseline 0.005 -10"><span class='ocrx_word' id='word_1_776' title='bbox 1046 2612 1107 2631; x_wconf 90' lang='lat' dir='ltr'><strong>eum</strong></span> <span class='ocrx_word' id='word_1_777' title='bbox 1119 2605 1285 2638; x_wconf 86' lang='lat' dir='ltr'><strong>ascripserit,</strong></span> <span class='ocrx_word' id='word_1_778' title='bbox 1301 2607 1330 2631; x_wconf 91' lang='lat' dir='ltr'><strong>ut</strong></span> <span class='ocrx_word' id='word_1_779' title='bbox 1348 2613 1379 2632; x_wconf 89' lang='lat' dir='ltr'><strong>ex</strong></span> <span class='ocrx_word' id='word_1_780' title='bbox 1389 2604 1510 2632; x_wconf 87' lang='lat' dir='ltr'><strong>Victorio</strong></span> <span class='ocrx_word' id='word_1_781' title='bbox 1520 2605 1666 2640; x_wconf 83' lang='lat' dir='ltr'><strong>Aquitano,</strong></span> <span class='ocrx_word' id='word_1_782' title='bbox 1683 2605 1820 2639; x_wconf 80' lang='lat' dir='ltr'><strong>Usuardo,</strong></span> 
     </span>
    </p>
   </div>
   <div class='ocr_carea' id='block_1_114' title="bbox 1046 2649 1819 2685">
    <p class='ocr_par' dir='ltr' id='par_1_114' title="bbox 1046 2649 1819 2685">
     <span class='ocr_line' id='line_1_114' title="bbox 1046 2649 1819 2685; baseline 0.003 -8"><span class='ocrx_word' id='word_1_783' title='bbox 1046 2651 1159 2685; x_wconf 89' lang='lat' dir='ltr'><strong>aliisque</strong></span> <span class='ocrx_word' id='word_1_784' title='bbox 1173 2649 1317 2684; x_wconf 81' lang='lat' dir='ltr'><strong>colligitur,</strong></span> <span class='ocrx_word' id='word_1_785' title='bbox 1328 2651 1413 2678; x_wconf 89' lang='lat' dir='ltr'><strong>satius</strong></span> <span class='ocrx_word' id='word_1_786' title='bbox 1428 2650 1487 2677; x_wconf 84' lang='lat' dir='ltr'><strong>sine</strong></span> <span class='ocrx_word' id='word_1_787' title='bbox 1497 2650 1581 2678; x_wconf 91' lang='lat' dir='ltr'><strong>dubio</strong></span> <span class='ocrx_word' id='word_1_788' title='bbox 1598 2655 1648 2682; x_wconf 75' lang='lat' dir='ltr'><strong>est.</strong></span> <span class='ocrx_word' id='word_1_789' title='bbox 1665 2655 1694 2678; x_wconf 88' lang='lat' dir='ltr'><strong>ut</strong></span> <span class='ocrx_word' id='word_1_790' title='bbox 1709 2651 1819 2679; x_wconf 80' lang='lat' dir='ltr'><strong>Patrum</strong></span> 
     </span>
    </p>
   </div>
   <div class='ocr_carea' id='block_1_115' title="bbox 1045 2695 1819 2731">
    <p class='ocr_par' dir='ltr' id='par_1_115' title="bbox 1045 2695 1819 2731">
     <span class='ocr_line' id='line_1_115' title="bbox 1045 2695 1819 2731; baseline 0.003 -7"><span class='ocrx_word' id='word_1_791' title='bbox 1045 2699 1211 2727; x_wconf 90' lang='lat' dir='ltr'><strong>nostrorum,</strong></span> <span class='ocrx_word' id='word_1_792' title='bbox 1241 2704 1320 2731; x_wconf 83' lang='lat' dir='ltr'><strong>quam</strong></span> <span class='ocrx_word' id='word_1_793' title='bbox 1338 2700 1366 2724; x_wconf 89' lang='lat' dir='ltr'><strong>ut</strong></span> <span class='ocrx_word' id='word_1_794' title='bbox 1383 2695 1560 2724; x_wconf 89' lang='lat' dir='ltr'><strong>Orientalium</strong></span> <span class='ocrx_word' id='word_1_795' title='bbox 1581 2697 1819 2726; x_wconf 86' lang='lat' dir='ltr'><strong>schismaticorum</strong></span> 
     </span>
    </p>
   </div>
   <div class='ocr_carea' id='block_1_116' title="bbox 1043 2741 1821 2777">
    <p class='ocr_par' dir='ltr' id='par_1_116' title="bbox 1043 2741 1821 2777">
     <span class='ocr_line' id='line_1_116' title="bbox 1043 2741 1821 2777; baseline 0.005 -9"><span class='ocrx_word' id='word_1_796' title='bbox 1043 2742 1146 2777; x_wconf 88' lang='lat' dir='ltr'><strong>judicio</strong></span> <span class='ocrx_word' id='word_1_797' title='bbox 1172 2742 1384 2770; x_wconf 90' lang='lat' dir='ltr'><strong>subscribamus.</strong></span> <span class='ocrx_word' id='word_1_798' title='bbox 1400 2741 1520 2777; x_wconf 89' lang='lat' dir='ltr'><strong>Denique</strong></span> <span class='ocrx_word' id='word_1_799' title='bbox 1543 2750 1656 2777; x_wconf 91' lang='lat' dir='ltr'><strong>quorum</strong></span> <span class='ocrx_word' id='word_1_800' title='bbox 1671 2745 1821 2773; x_wconf 76' lang='lat' dir='ltr'><strong>auctoritas</strong></span> 
     </span>
    </p>
   </div>
   <div class='ocr_carea' id='block_1_117' title="bbox 1046 2787 1821 2823">
    <p class='ocr_par' dir='ltr' id='par_1_117' title="bbox 1046 2787 1821 2823">
     <span class='ocr_line' id='line_1_117' title="bbox 1046 2787 1821 2823; baseline 0.003 -8"><span class='ocrx_word' id='word_1_801' title='bbox 1046 2788 1097 2815; x_wconf 88' lang='lat' dir='ltr'><strong>hac</strong></span> <span class='ocrx_word' id='word_1_802' title='bbox 1111 2787 1138 2815; x_wconf 90' lang='lat' dir='ltr'><strong>in</strong></span> <span class='ocrx_word' id='word_1_803' title='bbox 1155 2796 1183 2815; x_wconf 92' lang='lat' dir='ltr'><strong>re</strong></span> <span class='ocrx_word' id='word_1_804' title='bbox 1198 2788 1283 2823; x_wconf 87' lang='lat' dir='ltr'><strong>major</strong></span> <span class='ocrx_word' id='word_1_805' title='bbox 1294 2795 1354 2816; x_wconf 92' lang='lat' dir='ltr'><strong>esse</strong></span> <span class='ocrx_word' id='word_1_806' title='bbox 1365 2787 1442 2815; x_wconf 90' lang='lat' dir='ltr'><strong>debet</strong></span> <span class='ocrx_word' id='word_1_807' title='bbox 1452 2795 1532 2822; x_wconf 83' lang='lat' dir='ltr'><strong>quam</strong></span> <span class='ocrx_word' id='word_1_808' title='bbox 1548 2788 1705 2822; x_wconf 72' lang='lat' dir='ltr'><strong>pontificum</strong></span> <span class='ocrx_word' id='word_1_809' title='bbox 1720 2788 1821 2817; x_wconf 83' lang='lat' dir='ltr'><strong>Roma-</strong></span> 
     </span>
    </p>
   </div>
   <div class='ocr_carea' id='block_1_118' title="bbox 1047 2833 1819 2869">
    <p class='ocr_par' dir='ltr' id='par_1_118' title="bbox 1047 2833 1819 2869">
     <span class='ocr_line' id='line_1_118' title="bbox 1047 2833 1819 2869; baseline 0.003 -8"><span class='ocrx_word' id='word_1_810' title='bbox 1047 2835 1209 2862; x_wconf 84' lang='lat' dir='ltr'><strong>mauorum?</strong></span> <span class='ocrx_word' id='word_1_811' title='bbox 1225 2834 1303 2869; x_wconf 82' lang='lat' dir='ltr'><strong>Atqui</strong></span> <span class='ocrx_word' id='word_1_812' title='bbox 1314 2834 1436 2862; x_wconf 87' lang='lat' dir='ltr'><strong>Gelasius</strong></span> <span class='ocrx_word' id='word_1_813' title='bbox 1452 2834 1477 2860; x_wconf 92' lang='lat' dir='ltr'><strong>in</strong></span> <span class='ocrx_word' id='word_1_814' title='bbox 1495 2834 1562 2862; x_wconf 88' lang='lat' dir='ltr'><strong>libro</strong></span> <span class='ocrx_word' id='word_1_815' title='bbox 1572 2833 1610 2862; x_wconf 68' lang='lat' dir='ltr'><strong>De</strong></span> <span class='ocrx_word' id='word_1_816' title='bbox 1623 2834 1724 2862; x_wconf 74' lang='lat' dir='ltr'><strong>duabus</strong></span> <span class='ocrx_word' id='word_1_817' title='bbox 1741 2842 1819 2863; x_wconf 76' lang='lat' dir='ltr'><strong>natu-</strong></span> 
     </span>
    </p>
   </div>
  </div>
