1915 3135
79 117 115 145 65

818 119 968 148 ΝΟΤΙΤΙΑ.

1675 127 1710 155 66

81 179 132 208 vis,
155 176 314 205 Eusebium
336 181 461 206 nostrum
484 177 554 206 inter
568 177 720 206 catholicos
733 178 880 213 scriptores
894 182 916 209 Α
933 178 989 209 bat,
1005 177 1059 205 imo
1073 178 1119 212 qui
1133 186 1164 207 ex
1181 179 1253 209 illius
1267 179 1378 215 scriptis
1394 184 1535 217 tantopere
1546 184 1709 217 profecerat;

83 221 191 253 retulit,
207 221 323 256 duoque
346 230 380 249 ex
401 222 460 256 ejus
477 222 554 250 libris
580 222 733 250 testimonia
746 223 878 250 recitavit.

83 266 139 294 Sed
157 270 186 294 et
210 266 345 302 Pelagius
374 267 426 295 PP.
444 275 506 295 eum
531 268 601 295 inter
628 267 774 296 historicos
790 268 872 295 bono-

80 312 260 340 ratissimutn
273 313 410 345 nominat,
430 316 457 341 et
471 313 505 340 ab
522 314 595 341 omni
612 313 746 341 haereseos
757 314 816 341 labe
828 314 879 341 im-

81 365 198 385 munem
214 366 280 386 esse
295 359 465 393 pronuntiat,
491 359 599 387 tametsi
614 358 757 394 Origenem
767 360 879 387 'hmreti-

82 411 147 430 cum
163 404 285 431 summis
306 404 434 431 laudibus
462 405 613 432 extulisset.
627 405 662 431 At
685 405 757 432 dicet
780 405 877 440 aliquis

82 449 272 478 Orientalium
311 451 402 486 potius
432 451 598 486 sequendum
631 459 692 480 esse
724 452 875 487 judicium,

83 503 146 522 cum
164 495 324 525 Orientales
338 496 496 528 Eusebium,
507 501 600 532 utpote
620 497 756 526 hominem
779 498 876 534 linguae

82 550 151 575 suae,
171 544 275 570 melius
302 551 384 572 nosse
398 544 544 578 potuerint.
577 543 629 571 Sed
654 545 812 580 responderi
826 553 875 580 po-

81 592 148 621 test,
167 596 226 615 non
241 589 340 617 deesse
371 589 503 625 quosdam
525 597 559 617 ex
574 588 768 624 Orientalibus,
781 592 827 627 qui
841 592 875 619 de

81 634 207 662 Eusebio
225 639 322 662 nostro
337 635 405 663 bene
419 630 565 663 senserint.
598 635 670 663 Inter
684 644 753 672 quos
767 641 808 665 est
823 637 875 664 So-

81 685 176 708 crates
188 684 217 708 et
238 681 365 709 Gelasius
376 681 536 717 Cyzicenus.
550 680 627 716 Quod
655 682 677 710 si
694 683 814 718 septimae
833 691 874 719 sy-

82 727 149 754 nodi
166 728 347 755 meumenicte
376 728 508 762 judicium
544 728 622 756 nobis
654 733 816 764 opponatur,
845 730 873 756 in

82 777 215 807 promptu
230 776 274 800 est
287 773 439 808 responsio.
455 773 547 808 Neque
563 774 636 801 enim
652 773 685 802 de
700 773 808 802 Eusebii
822 775 873 803 fide

82 817 218 851 agebatur
233 816 261 844 in
275 817 320 844 illa
335 817 449 853 synodo,
465 817 512 845 sed
527 817 560 845 de
572 817 718 852 imaginum
732 818 816 846 cultu.
830 818 872 845 Ad

929 223 974 257 qui
989 222 1145 251 Chronicum
1158 225 1217 259 ejus
1227 234 1351 253 canonem
1366 232 1392 254 et
1406 227 1503 255 librum
1520 228 1557 256 De
1572 230 1635 256 locis
1653 231 1710 257 lle-

929 270 1025 296 braicis
1037 270 1063 296 in
1081 269 1206 297 Latinum
1219 278 1372 299 sermonem
1385 278 1566 306 converterat,
1589 275 1640 303 hoc
1657 275 1711 303 Eu-

927 315 1032 342 sebium
1046 315 1160 342 infamat
1179 316 1279 352 elogio,
1304 318 1376 352 quod
1391 326 1424 345 ne
1449 317 1627 348 infensissimi
1647 322 1709 356 qui-

927 360 986 388 dem
1002 361 1093 389 hostes
1110 369 1230 397 unquam
1251 363 1288 390 illi
1305 364 1468 391 tribuerunt.
1486 366 1570 400 Cujus
1585 368 1623 394 rei
1643 375 1710 394 cau-

926 414 983 434 sam
997 408 1119 435 invenire
1144 415 1199 435 non
1223 417 1347 444 possum,
1361 411 1412 438 nisi
1428 412 1499 446 quod
1526 412 1709 449 Hieronymus

925 458 1054 490 suscepto
1082 455 1213 483 adversus
1240 455 1382 492 Origenem
1413 458 1486 491 odio,
1509 464 1623 488 cunctos
1647 461 1709 495 ejus

925 498 1082 533 dogmatum
1097 500 1267 534 defensores,
1294 510 1326 530 ac
1343 504 1477 538 praecipue
1493 504 1640 533 Eusebium
1655 515 1707 534 no-

924 550 1010 573 strum
1026 547 1170 575 immodice
1181 552 1222 576 est
1234 553 1403 584 persecutus.
1421 549 1568 578 Fatendum
1593 552 1704 587 quidem

923 595 974 623 est,
991 591 1137 620 Eusebium
1163 597 1299 627 nostrum,
1325 595 1377 622 etsi
1398 594 1560 623 Arianorum
1589 597 1704 632 signifer

929 637 1092 665 merito-dici
1108 646 1162 666 non
1178 639 1274 674 possit,
1292 644 1382 667 tamen
1403 648 1464 668 cum
1490 641 1652 670 Arianorum
1669 644 1707 671 si—

922 682 1035 718 gniferis
1049 688 1110 719 post
1123 684 1258 712 Nicaenam
1281 686 1413 721 synodum
1427 691 1557 721 perpetuo
1568 692 1706 715 versatum

923 729 1017 762 luisse,
1031 733 1057 756 et
1070 738 1123 758 una
1138 738 1198 758 cum
1214 731 1266 759 illis
1297 732 1471 767 impugnasse
1488 733 1637 760 catholicos
1648 734 1706 768 epi-

923 781 1031 810 scopos,
1050 775 1221 804 Eustathium
1236 777 1340 805 scilicet
1356 782 1383 805 et
1403 778 1592 809 Athanasium,
1610 779 1706 813 praeci-

922 828 991 854 puos
1009 820 1140 849 Houocsn
1163 821 1332 850 defensores.
1351 822 1418 850 Illud
1438 831 1548 858 quoque
1575 824 1602 850 in
1620 824 1706 853 Euse-

83 870 168 896 qucm
184 862 401 890 subvertendum
416 870 478 891 cum
505 863 654 891 adversarii
668 864 748 898 paulo
769 867 832 892 ante
843 864 871 891 in
885 861 907 888 Β
921 866 966 894 Μο
979 868 1232 901 reprehendendum
1242 869 1359 901 vitietur,
1369 869 1441 904 quod
1455 869 1518 896 licet
1526 870 1704 897 aeternitatem

83 908 153 935 urbe
166 907 252 944 Regia
265 909 432 944 congregati,
448 909 633 937 testimonium
652 916 685 937 ex
700 908 809 936 Eusebii
835 909 869 937 ad

80 952 279 980 Constantiam
294 953 410 988 epistola
425 953 614 988 protulissent,
641 961 727 988 eoque
753 953 870 981 maxime

82 1000 260 1033 niterentur;
279 999 374 1028 Patres
401 1000 521 1035 septimae
547 1000 643 1036 synodi
667 1000 700 1026 ad
713 999 869 1027 elevandam

81 1045 171 1080 hujus
184 1046 333 1074 testimonii
356 1046 545 1074 auctoritatem
574 1046 769 1077 acclamarunt,
783 1045 870 1072 Euse-

85 1092 162 1118 bium
176 1091 312 1120 Arianum
326 1092 420 1120 fuisse.
437 1091 535 1119 Verum
553 1092 580 1120 id
599 1092 687 1119 obiter
704 1095 820 1124 tantum,
835 1100 868 1120 ex

82 1138 234 1166 occasione
249 1142 278 1166 et
293 1138 357 1166 odio
376 1138 450 1166 illius
468 1138 589 1173 epistolae
602 1139 636 1166 ab
644 1140 684 1166 eis
698 1139 799 1166 factum
813 1143 866 1171 est,

81 1192 137 1212 non
161 1188 255 1211 autem
283 1184 347 1212 data
371 1191 469 1219 opera,
497 1188 543 1212 aut
566 1191 648 1213 causa
671 1186 746 1220 prius
774 1186 868 1221 cogni-

85 1235 124 1257 ta.
148 1229 297 1257 Proferunt
319 1230 426 1265 quidem
448 1230 507 1257 loca
537 1230 659 1265 quaedam
685 1239 719 1259 ex
738 1231 865 1264 Eusebio,

84 1273 187 1307 quibus
207 1273 359 1308 approbent
376 1273 450 1300 illum
461 1273 563 1301 Ariano
575 1274 694 1310 dogmati
707 1275 864 1304 adhaesisse.

82 1317 136 1346 Sed
150 1319 258 1346 nullum
286 1319 434 1348 discrimen
463 1320 593 1348 adhibent
618 1321 688 1348 inter
707 1322 790 1350 libros
805 1329 866 1350 ante

81 1366 231 1394 concilium
244 1365 394 1399 Nicaenum,
412 1371 439 1394 et
453 1367 523 1395 inter
530 1375 576 1396 eos
586 1368 632 1403 qui
645 1372 706 1403 post
720 1369 785 1397 illud
801 1377 867 1398 con-

82 1412 174 1439 cilium
192 1412 229 1440 ab
243 1412 362 1440 Eusebio
375 1417 439 1440 sunt
450 1413 595 1446 elaborati,
622 1414 692 1449 quod
707 1418 795 1442 tamen
808 1415 865 1442 ﬁeri

81 1459 194 1487 omnino
210 1459 352 1491 debuerat,
368 1463 398 1487 ut
410 1459 444 1486 dc
459 1459 568 1488 Eusebii
593 1460 644 1487 ﬁde
661 1464 763 1488 certum
776 1469 809 1488 ac
827 1462 866 1490 le-

81 1505 206 1539 gitimum
233 1505 368 1540 judicium
392 1509 571 1540 promeretur.
597 1505 770 1541 Quaecunque
792 1508 864 1535 enim

80 1555 142 1579 ante
154 1550 295 1579 Nicanam
313 1551 445 1587 synodum
462 1553 562 1587 scripta
589 1556 662 1585 sunt,
681 1552 797 1581 Eusebio
815 1554 865 1582 ob-

78 1597 126 1632 jici
136 1603 162 1625 et
176 1599 308 1634 imputari
322 1606 375 1626 non
389 1599 496 1627 debent.
512 1598 598 1626 Porro
621 1600 729 1627 Eusebii
750 1601 863 1636 epistola

81 1645 113 1670 ad
130 1645 334 1676 Alexandrum,
361 1652 414 1680 qua
440 1653 490 1680 pro
518 1646 583 1673 Ario
608 1646 683 1672 illum
700 1646 862 1682 interpellat,

81 1691 181 1725 scripta
200 1696 243 1718 est
269 1691 364 1726 prccul
376 1691 458 1718 dubio
484 1696 547 1719 ante
561 1692 694 1725 synodum
716 1692 862 1720 Niczenam.

79 1735 197 1764 Proinde
209 1737 397 1764 testimonium
414 1737 479 1765 illud
495 1737 605 1765 Patrum
629 1739 750 1773 septima:
765 1738 862 1774 synodi

80 1781 211 1809 adversus
226 1781 384 1814 Eusebium,
400 1783 602 1814 etsimaximam
618 1783 698 1810 habet
712 1784 861 1811 auctorita-

80 1831 144 1858 tem,
165 1831 257 1854 tamen
270 1827 458 1862 praajudicium
475 1829 566 1863 potius
579 1836 659 1863 quam
675 1829 804 1864 synodale
816 1829 862 1864 ju-

79 1872 180 1899 dicium
196 1873 276 1900 nobis
289 1873 405 1900 videtur.
423 1873 475 1901 Sed
490 1873 591 1902 Graecis
604 1875 684 1902 liceat
697 1875 730 1902 de
745 1874 862 1903 Eusebio

80 1923 176 1946 nostro
193 1919 229 1946 ita
252 1919 364 1952 sentire,
383 1928 499 1955 eumque
518 1920 623 1948 aﬂincm
646 1921 754 1948 Arianm
775 1921 862 1949 haere-

79 1965 114 1995 si,
134 1969 182 1991 aut
197 1966 276 1992 etiam
303 1966 433 1992 Arianum
461 1973 570 1993 vocare.
589 1966 781 2003 Hieronymum
797 1975 861 1996 vero

79 2010 140 2044 quis
157 2012 293 2045 patienter
307 2011 385 2045 ferat,
399 2012 445 2046 qui
464 2019 518 2039 non
535 2017 679 2040 contentus
704 2013 860 2041 hatreticum

80 2056 153 2084 illum
165 2060 193 2084 et
208 2058 338 2084 Arianum
355 2058 454 2090 dicere,
466 2058 628 2085 Arianorum
638 2059 797 2094 signiferum
806 2067 860 2086 non

80 2102 162 2129 semel
180 2103 326 2130 nominat?
343 2102 470 2131 Potestne
495 2105 658 2131 Arianorum
680 2105 792 2140 signifer
808 2113 861 2132 me-

81 2147 129 2175 rito
142 2147 209 2180 dici,
224 2149 248 2176 is
264 2149 310 2183 qui
325 2149 487 2176 Arianorum
509 2150 606 2186 dogma
634 2155 696 2186 post
723 2150 859 2178 Nicainam

878 1536 898 1566 C

920 911 981 938 Filii
1003 911 1050 940 Dei
1062 912 1193 941 adversus
1204 913 1321 941 Arianos
1337 921 1444 949 semper
1472 916 1630 945 asseruerit.
1649 915 1705 942 Ilo-

919 962 1009 983 IOUSH
1024 959 1113 983 tamen
1139 964 1232 984 vocem
1248 965 1386 992 nunquam
1404 966 1438 986 ex
1454 959 1545 987 animo
1566 960 1700 994 probavit.

919 998 998 1026 Certe
1014 1007 1063 1027 nec
1077 999 1104 1027 in
1119 1000 1197 1027 libris
1216 1007 1307 1028 contra
1324 1001 1490 1033 Marcellum,
1500 1011 1549 1030 nec
1561 1004 1588 1030 in
1601 1005 1702 1032 oratio-

919 1045 1000 1073 nibus
1013 1045 1045 1072 de
1060 1045 1111 1081 ﬁde
1130 1046 1254 1073 Maerens
1277 1046 1433 1081 Sabellium,
1453 1055 1485 1075 ea
1499 1056 1564 1076 voce
1583 1057 1703 1085 unquam

920 1098 986 1118 usus
1000 1096 1052 1118 est.
1064 1090 1121 1119 lmo
1144 1099 1209 1119 vero
1223 1092 1251 1119 in
1281 1092 1350 1120 libro
1372 1093 1492 1120 secundo
1511 1093 1634 1122 adversus
1648 1094 1701 1123 Sa-

919 1136 1036 1169 bellium,
1050 1145 1105 1164 non
1120 1137 1238 1166 obscure
1253 1138 1388 1173 signiﬁcat
1406 1146 1466 1166 eam
1483 1148 1586 1172 vocem,
1609 1145 1703 1176 utpote

918 1190 978 1217 qua:
994 1183 1022 1210 in
1038 1182 1188 1218 Scripturis
1207 1192 1261 1212 non
1279 1184 1394 1219 legatur,
1410 1185 1461 1212 sibi
1483 1185 1638 1221 displicere.
1656 1186 1702 1213 Sic

917 1228 989 1255 enim
1003 1227 1041 1255 ait
1055 1237 1061 1256 :
1082 1227 1155 1255 Sicut
1169 1236 1228 1264 ergo
1244 1229 1276 1256 de
1285 1229 1325 1256 his
1342 1238 1399 1264 qua:
1408 1235 1516 1264 possunt
1531 1232 1613 1265 qiuari
1628 1232 1702 1259 incr-

918 1273 982 1299 tium
993 1278 1031 1300 est
1046 1281 1096 1300 non
1107 1282 1222 1308 querere
1234 1282 1243 1301 :
1258 1275 1296 1301 ita
1311 1274 1342 1301 de
1356 1275 1396 1301 his
1410 1282 1468 1310 quw
1479 1284 1531 1302 non
1550 1284 1651 1303 necesse
1660 1281 1701 1304 est

917 1319 1009 1353 quaeri,
1024 1319 1139 1346 audacia
1153 1325 1191 1347 est
1202 1320 1344 1355 qutcrendi.
1362 1321 1426 1353 Qua:
1440 1329 1501 1356 ergo
1521 1322 1613 1348 debent
1625 1331 1698 1357 qutt-

916 1364 940 1390 ri
947 1364 1034 1397 .9Qua:
1049 1365 1193 1392 invenimus
1204 1366 1231 1392 in
1259 1365 1403 1400 Scripturis
1423 1367 1518 1400 posita.
1537 1368 1698 1401 Qua'autem

916 1410 944 1437 in
958 1410 1101 1445 Scripturis
1114 1420 1165 1438 non
1181 1412 1335 1445 invenimus,
1351 1421 1402 1440 non
1412 1421 1570 1447 quwramus.
1590 1414 1619 1442 Si
1629 1416 1697 1442 enim

917 1462 1046 1491 oporteret
1061 1458 1134 1486 nobis
1148 1467 1205 1485 esse
1217 1460 1332 1494 cognita,
1348 1460 1436 1494 utique
1449 1459 1564 1494 Spiritus
1591 1465 1698 1488 sanctus

915 1504 1042 1537 posuisset
1054 1504 1082 1530 in
1106 1504 1261 1538 Scripturis.
1282 1504 1314 1531 Et
1336 1505 1482 1540 aliquando
1504 1510 1565 1540 post
1581 1506 1638 1533 haec
1650 1507 1698 1533 ha-

916 1549 983 1576 bet:
1004 1549 1065 1576 Non
1086 1550 1124 1577 ita
1150 1550 1337 1584 periclitentur,
1359 1551 1404 1578 sed
1430 1556 1483 1578 tute
1503 1552 1651 1586 loquamur.
1668 1553 1698 1580 Si

914 1594 976 1630 quid
987 1600 1074 1622 autem
1089 1596 1216 1630 scriptum
1229 1601 1278 1628 est,
1297 1604 1328 1623 ne
1339 1596 1466 1623 deleatur.
1489 1598 1517 1624 In
1540 1598 1592 1626 line
1606 1603 1696 1626 autem

914 1641 1047 1668 orationis
1071 1641 1108 1668 ita
1133 1641 1272 1676 loquitur:
1292 1641 1358 1674 ρυω
1377 1642 1474 1676 scripta
1487 1648 1547 1669 sunt
1569 1643 1658 1674 dicito,
1670 1647 1696 1670 ct

914 1686 1106 1721 derelinquetur
1121 1686 1163 1713 lis.
1178 1686 1282 1720 Quibus
1300 1688 1389 1714 verbis
1402 1687 1557 1715 Houousron
1572 1690 1631 1716 sine
1642 1689 1695 1716 du-

914 1731 959 1760 bio
972 1732 1132 1767 perstringit
1150 1732 1293 1760 Eusebius.
1313 1732 1366 1760 Sed
1392 1741 1477 1767 nunc,
1493 1734 1516 1762 si
1539 1735 1636 1768 placet,
1650 1742 1695 1761 ve-

913 1783 1001 1807 terum
1018 1779 1052 1807 de
1067 1778 1186 1807 Eusebio
1201 1780 1357 1808 testimonia
1382 1780 1535 1807 audiamus.
1550 1779 1580 1807 ln
1595 1780 1695 1815 quibus

914 1826 980 1853 illud
993 1826 1111 1854 maxime
1126 1826 1324 1854 observandum
1342 1831 1393 1858 est,
1418 1826 1469 1854 etsi
1488 1827 1561 1854 varia
1586 1827 1695 1855 fuerunt

912 1872 1052 1900 hominum
1067 1872 1101 1900 de
1118 1872 1236 1907 Eusebio
1248 1876 1343 1899 nostro
1364 1873 1474 1907 judicia,
1499 1871 1573 1907 quod
1583 1872 1694 1908 quidem

912 1922 1017 1953 spectat
1038 1917 1073 1945 ad
1098 1918 1344 1945 ccclesiasticorum
1365 1917 1520 1953 dogmatum
1536 1917 1692 1952 puritatem,

912 1972 1007 1992 omnes
1024 1970 1114 1992 tamen
1133 1971 1246 1991 summa:
1263 1963 1422 1991 eruditionis
1440 1963 1544 1990 laudem
1558 1971 1613 1991 uno
1627 1970 1694 1990 con-

912 2018 993 2038 sensu
1011 2010 1036 2038 ei
1061 2010 1198 2038 tribuisse.
1215 2009 1290 2037 Unus
1313 2009 1425 2036 Patrum
1442 2010 1572 2036 memoria
1589 2009 1693 2036 exstitit

910 2056 1045 2092 Iosephus
1070 2055 1202 2091 Scaliger,
1217 2056 1263 2090 qui
1291 2055 1424 2090 praecipiti
1439 2055 1556 2090 quadam
1578 2054 1692 2082 audacia

911 2111 943 2131 ac
963 2102 1143 2131 maledicendi
1163 2102 1274 2129 libidine
1298 2102 1437 2136 abreptus,
1468 2101 1538 2128 hanc
1563 2101 1694 2128 doctrinae

911 2150 1035 2185 gloriam,
1044 2156 1125 2184 quam
1135 2147 1337 2175 necadversarii
1344 2147 1459 2174 Eusebio
1465 2154 1583 2181 unquam
1590 2146 1693 2173 invide-

81 2194 212 2229 synodum
225 2200 356 2230 perpetuo
369 2195 522 2223 damnavit?
550 2196 687 2232 Legantur
711 2197 772 2232 ejus
798 2197 857 2224 libri
873 2205 898 2234 ι)
911 2200 984 2227 runt,
998 2195 1022 2222 ei
1035 2195 1155 2222 adimere
1167 2196 1281 2222 conatus
1296 2197 1347 2221 est.
1361 2192 1426 2228 Ejus
1437 2193 1517 2220 verba
1532 2192 1631 2235 silquis
1644 2199 1694 2219 cu-

81 2240 303 2269 Deuclesiastica
322 2242 459 2278 theologia,
483 2251 551 2279 quos
582 2248 676 2271 contra
699 2244 855 2272 Marcellum

80 2288 188 2322 scripsit
201 2289 250 2316 diu
276 2292 337 2324 post
352 2290 496 2317 concilium
515 2289 666 2318 Nicaeuum.
685 2290 858 2318 Inveniemus

80 2334 104 2360 id
119 2334 191 2369 quod
207 2334 273 2366 dixi,
291 2334 433 2363 damnatos
449 2335 484 2362 ab
504 2343 537 2363 eo
558 2335 642 2363 fuisse
667 2336 710 2371 qui
737 2337 859 2364 dicerent

81 2379 174 2407 Filium
187 2379 237 2407 Dei
251 2380 286 2408 de
300 2388 354 2407 non
368 2381 539 2409 exstantibus
556 2389 617 2410 esse
628 2381 740 2413 factum,
752 2386 778 2410 et
790 2382 858 2410 fuisv

80 2433 107 2452 se
118 2429 225 2460 tempus
245 2433 308 2452 cum
322 2434 376 2454 non
395 2430 479 2454 esset.
496 2425 568 2454 Idem
592 2427 673 2454 ctiam
693 2427 727 2455 de
740 2427 857 2456 Eusebio

80 2475 193 2499 testatur
209 2472 376 2500 Athanasius
404 2473 433 2499 in
449 2472 570 2507 Epistola
591 2472 623 2500 de
635 2472 745 2501 decretis
764 2474 858 2509 synodi

82 2517 194 2546 Nicena
208 2518 253 2546 his
279 2519 386 2546 verbis:
406 2518 440 2546 Et
455 2519 570 2554 profecto
586 2519 678 2554 infelix
700 2519 727 2546 in
750 2528 780 2547 eo
795 2520 855 2555 fuit.

84 2561 114 2588 Ut
126 2564 194 2590 enim
207 2564 321 2598 “ipsum
336 2568 470 2598 purgaret,
485 2564 617 2591 accusavit
632 2564 750 2598 deinceps
777 2564 856 2591 Aria-

81 2617 134 2640 nos,
147 2609 215 2645 quod
230 2618 291 2637 cum
309 2610 424 2637 dicerent
446 2609 546 2637 Filium
573 2610 621 2637 Dei
651 2619 702 2638 non
726 2611 858 2638 exstitisse

82 2659 212 2690 antequam
233 2656 394 2690 gigneretur,
407 2655 454 2681 hoc
468 2660 544 2690 pacto
558 2661 680 2691 negarent
694 2664 752 2683 eum
776 2657 858 2683 exsti-

82 2701 138 2727 tisse
164 2707 225 2728 ante
245 2701 466 2728 incarnationem.
496 2700 529 2727 Et
553 2702 718 2729 Athanasius
736 2702 855 2737 quidem,

82 2746 121 2780 qui
143 2747 264 2781 privatas
290 2746 449 2774 inimicitias
471 2755 532 2773 cum
546 2746 663 2774 Eusebio
691 2749 786 2782 gessit,
805 2748 857 2774 hoc

83 2790 188 2820 Eusebio
216 2792 342 2828 perhibet
365 2792 560 2819 testimonium.
589 2792 769 2827 Hieronymus
792 2800 856 2819 vero

81 2838 120 2873 qui
133 2839 222 2865 nullas
247 2838 306 2866 odii
336 2845 434 2865 causas
449 2837 579 2865 adversus
612 2837 757 2865 Eusebium
773 2838 856 2866 liabe-

910 2243 950 2278 pit
969 2249 1142 2277 cognoscere,
1160 2241 1230 2269 inter
1239 2240 1394 2268 testimonia
1414 2244 1535 2267 veterum
1551 2239 1693 2266 collocavi-

908 2296 992 2316 mus:
1019 2295 1076 2315 non
1091 2287 1163 2322 quod
1180 2286 1240 2321 ejus
1263 2285 1397 2321 judicium
1423 2285 1473 2312 hac
1501 2285 1650 2319 praesertim
1663 2283 1691 2311 in

909 2338 987 2370 parte
1017 2334 1108 2369 magni
1137 2333 1287 2364 faciamus,
1310 2331 1356 2359 sed
1371 2338 1403 2358 eo
1416 2331 1507 2366 potius
1519 2329 1645 2360 consilio,
1662 2333 1691 2355 ut

908 2381 1063 2415 importuna
1077 2379 1137 2414 ejus
1152 2377 1340 2406 maledicentia
1357 2377 1477 2404 omnium
1508 2375 1593 2403 oculis
1605 2375 1690 2409 subji~

908 2431 1025 2454 ceretur.
1041 2425 1093 2458 Qui
1107 2432 1170 2452 cum
1199 2425 1227 2452 in
1243 2423 1401 2452 Chronicum
1431 2422 1541 2449 Eusebii
1558 2421 1690 2449 Cononem

908 2473 1124 2502 Commentarios
1138 2471 1258 2499 scribere
1279 2470 1452 2501 instituisset,
1480 2469 1507 2496 in
1527 2470 1586 2504 ipso
1595 2468 1691 2503 operis

907 2519 1019 2548 exordio
1036 2519 1209 2554 reprehendit
1225 2517 1431 2552 Hieronymum,
1447 2516 1518 2550 quod
1541 2514 1687 2542 Eusebium

907 2566 995 2593 virum
1008 2565 1223 2593 eruditissimum
1236 2562 1418 2598 appellaverit.
1433 2563 1472 2588 Ac
1482 2560 1614 2596 principio
1627 2560 1687 2594 qui-

907 2611 968 2639 dem
987 2616 1134 2639 statueram
1160 2611 1290 2637 adversus
1317 2608 1482 2644 Scaligerum
1495 2607 1617 2642 pluribus
1631 2605 1687 2631 dis-

907 2663 1012 2693 putare,
1027 2657 1140 2692 ejusque
1168 2655 1328 2684 sententiam
1341 2654 1479 2689 prolixiori
1511 2650 1690 2686 responsione

908 2704 1073 2730 subvertere.
1086 2703 1138 2730 Sed
1164 2702 1291 2737 quoniam
1311 2707 1342 2728 ea
1364 2707 1408 2726 res
1425 2698 1534 2737 majoris
1559 2700 1601 2724 est
1625 2696 1687 2726 otii,

907 2757 939 2776 ac
964 2750 1078 2777 fortasse
1100 2749 1210 2776 taedium
1236 2748 1350 2774 allatura
1387 2748 1458 2772 esset
1487 2743 1644 2774 lectoribus,
1658 2741 1688 2769 in

907 2795 980 2822 aliud
995 2799 1100 2830 tempus
1113 2793 1292 2829 opportunius
1306 2792 1455 2819 dilferetur.
