1915 3135
199 192 1817 213 W

416 283 702 329 VETERUM
740 279 1113 328 TESTIMONIA
1147 279 1267 326 PRO
1306 279 1584 326 EUSEBIO.

308 455 350 481 Ex
372 455 483 489 epistola
497 453 666 481 Constantini
686 453 776 488 Magni
791 455 825 481 ad
835 454 1021 487 Antiochenos,
1038 463 1116 490 quam
1128 454 1208 490 refert
1220 454 1348 482 Eusebius
1359 454 1387 481 in
1399 453 1457 488 ejus
1471 453 1543 487 Vita,
1559 461 1619 489 pag.
1632 452 1697 481 516.

227 525 327 555 Fateor
343 527 414 555 enim
432 527 579 563 perlegisse
601 533 644 553 me
659 525 726 553 Acta
741 525 768 552 in
779 525 878 560 quibus
893 532 925 552 ex
940 523 1098 552 honoriﬁcis
1119 523 1282 552 testimoniis
1295 532 1327 552 ac
1342 526 1487 560 praeconiis
1507 527 1604 556 vestris
1619 527 1646 554 in
1663 526 1821 555 Eusebium

192 575 390 603 Cmsariensem
411 576 582 610 episcopum,
598 582 677 609 quem
693 581 743 607 ego
754 580 861 607 quoque
873 577 900 600 et
914 572 1044 600 doctrinae
1060 576 1087 600 et
1100 572 1239 600 modestiae
1257 579 1339 600 causa
1351 572 1512 606 jamdudum
1528 575 1611 609 probe
1632 575 1706 606 novi,
1723 582 1772 602 vos
1787 575 1821 601 in

192 630 255 649 eum
271 629 420 657 propensos
433 629 505 652 esse,
519 628 635 655 eumque
651 620 727 647 vobis
740 620 880 647 vindicare
895 621 964 647 velle
978 619 1109 655 comperi.
1129 619 1163 646 Et
1184 620 1262 652 paulo
1278 624 1336 654 post
1348 628 1357 646 :
1377 619 1508 654 Equidem
1525 621 1612 648 virum
1629 622 1706 648 illum
1733 628 1821 656 quem

192 676 242 696 vos
256 672 284 695 et
301 668 405 695 honore
419 673 445 695 et
461 667 646 696 benevolentia
658 667 770 701 dignum
783 667 924 701 judicatis,
941 667 1088 702 plurimum
1105 665 1197 694 laudo.
1212 665 1271 693 Non
1287 671 1376 693 tamen
1393 666 1460 693 adeo
1472 667 1572 702 despici
1581 670 1689 703 oportet
1703 667 1730 694 id
1742 668 1822 702 quod

193 713 265 748 apud
283 714 405 748 singulos
422 718 509 740 ratum
528 713 689 748 ﬁrmumque
700 721 809 741 manere
822 712 964 744 debuerat.
982 717 1010 739 ut
1021 713 1121 748 singuli
1139 714 1259 740 contenti
1277 720 1331 740 non
1346 713 1401 740 sint
1416 714 1558 741 sententiis
1574 714 1642 744 suis,
1657 718 1711 741 etc.

194 771 236 798 ΕΞ
257 770 374 805 ejusdem
401 771 569 799 Constantini
591 771 625 798 ad
653 771 793 798 Eusebium
812 770 935 806 epistola,
959 779 1095 832 quamegm
1108 770 1217 802 laudat,
1238 771 1306 806 quod
1326 771 1514 799 Antiochenam
1534 771 1620 798 sedem
1644 771 1818 804 recusaverit,

932 814 991 832 nan.
1070 827 1076 832 .

931 814 991 840 pag.
1014 814 1076 833 aus.

228 864 375 900 Epistolam
391 869 466 892 tuam
481 866 581 900 saepius
604 865 667 900 legi,
689 869 715 892 et
734 865 926 893 ecclesiastica:
939 865 1090 900 disciplina:
1114 865 1238 900 regulam
1266 866 1475 894 accuratissime
1501 867 1672 894 observatam
1690 873 1706 893 a
1721 870 1749 894 te
1764 873 1820 894 co-

193 912 283 946 gnovi.
301 911 378 938 Enim
392 919 459 939 vero
475 912 502 938 in
517 919 547 938 ea
561 912 694 939 sententia
706 915 838 946 perstare,
853 919 913 946 quae
929 915 955 938 et
967 911 1022 939 Deo
1037 915 1158 946 accepta.
1173 915 1199 939 et
1209 912 1364 946 apostolica:
1377 913 1516 940 traditioni
1529 919 1650 948 congrua
1659 920 1722 940 esse
1732 911 1824 939 videa-

194 961 256 987 llll'.
283 966 395 986 summa:
408 959 516 993 pietatis
539 964 591 986 est.
613 958 652 985 Tu
667 959 776 993 quidem
794 959 902 985 beatum
919 963 945 985 te
960 959 987 985 in
1013 959 1065 986 hoc
1086 959 1146 993 ipso
1160 959 1317 986 existimare
1333 960 1428 991 debes,
1443 959 1491 994 qui
1508 959 1593 986 totius
1618 958 1818 993 propemodum

193 1001 269 1029 orbis
284 1003 450 1034 testimonio,
461 1003 559 1038 dignus
570 1003 703 1030 universae
714 1003 842 1030 Ecclesia:
849 1003 1004 1038 episcopatu
1018 1003 1157 1037 judicatus
1171 1003 1219 1031 sis.
1229 1003 1295 1030 Nam
1307 1011 1368 1031 cum
1384 1013 1480 1032 Olllllcs
1491 1009 1517 1032 te
1531 1004 1602 1040 apud
1612 1011 1641 1031 se
1655 1004 1818 1038 episcopum

193 1056 254 1077 esse
268 1050 399 1081 ambiant,
416 1050 485 1076 hanc
498 1054 572 1076 tuam
595 1049 748 1076 felicitatem
766 1049 825 1076 sine
843 1050 1028 1076 controversia
1044 1049 1188 1084 adaugent.
1209 1048 1307 1077 Verum
1331 1051 1485 1078 rectissime
1501 1050 1565 1078 fecit
1587 1049 1732 1085 prudentia
1758 1054 1818 1082 tua,

194 1102 257 1128 qua:
267 1100 294 1122 et
310 1095 439 1122 mandata
454 1095 513 1127 Dei,
531 1100 557 1122 et
570 1095 747 1130 apostolicam
778 1099 860 1129 atque
883 1093 1098 1121 ecclesiasticam
1127 1095 1248 1130 regulam
1270 1096 1409 1123 custodire
1424 1096 1519 1124 statuit
1537 1105 1545 1129 ;
1559 1097 1746 1132 episcopatum
1761 1095 1821 1122 An-

193 1141 343 1169 tiochensis
360 1140 489 1169 Ecclesia:
512 1141 667 1176 repudians,
681 1145 708 1168 et
718 1140 747 1168 in
763 1148 796 1168 eo
813 1140 904 1176 potius
915 1148 1072 1176 permanere
1086 1141 1263 1174 desiderans,
1277 1150 1358 1178 quem
1375 1142 1422 1170 Dei
1434 1143 1592 1170 mandatum
1606 1144 1641 1171 ab
1656 1143 1735 1170 initio
1752 1150 1819 1172 sus.

194 1187 323 1223 cepisset.

494 1244 536 1271 EI.
547 1244 662 1279 ejusdem
677 1244 848 1272 Constantini
859 1244 970 1279 epistola
983 1245 1018 1271 ad
1027 1244 1154 1279 synodum
1165 1245 1366 1279 Antiochenam,
1379 1255 1442 1282 pag.
1452 1246 1514 1274 5|9.

229 1303 294 1340 Legi
302 1305 408 1332 litteras
422 1311 437 1330 a
457 1308 548 1331 vestra
558 1303 702 1331 sanctitate
713 1302 842 1337 scriptas,
855 1306 882 1330 et
898 1302 1006 1330 Eusebii
1024 1302 1133 1337 collega:
1149 1303 1233 1330 vestri
1249 1303 1369 1338 prudens
1381 1304 1548 1339 propositum
1560 1305 1677 1332 laudavi.
1694 1306 1822 1341 Cumque

196 1356 295 1379 cuncta
318 1359 378 1386 qua:
395 1354 471 1386 gesta
497 1354 572 1383 sunt,
599 1349 698 1384 partim
716 1357 748 1375 ex
766 1349 873 1380 vestris,
905 1348 1003 1382 partim
1024 1356 1056 1374 ex
1081 1348 1342 1382 perfectissimorum
1365 1350 1506 1383 vivorum,
1530 1350 1622 1377 Acacii
1646 1355 1673 1378 et
1689 1351 1821 1387 Strategii

199 1399 329 1426 comitum
345 1398 442 1425 litteris
459 1397 659 1431 cognovisscm,
676 1402 788 1429 remque
805 1398 835 1421 ut
860 1393 973 1421 decebat
987 1397 1115 1422 accurate
1129 1395 1320 1429 expendissem
1331 1417 1338 1428 ,
1360 1396 1458 1431 scripsi
1473 1397 1506 1424 ad
1524 1397 1652 1432 populum
1670 1398 1821 1426 Antioche-

197 1454 275 1478 nnm,
289 1445 354 1480 quid
368 1444 425 1472 Deo
439 1447 580 1478 acceptum
597 1445 624 1469 et
639 1441 767 1468 Ecclesia:
788 1447 937 1475 congruum
952 1445 1034 1467 esset.
1053 1439 1118 1474 Ejus
1143 1441 1264 1475 epistolae
1287 1442 1442 1475 exemplum
1460 1441 1501 1469 his
1516 1442 1613 1469 litteris
1629 1443 1727 1478 subjici
1750 1452 1823 1479 pra-

197 1495 267 1531 cepi,
298 1498 328 1522 ut
347 1501 396 1521 vos
413 1498 579 1527 cognoscere
595 1490 717 1525 possitis,
736 1489 866 1524 quidnam
882 1497 932 1523 ego
946 1489 1017 1523 juris
1042 1490 1147 1516 ratione
1162 1494 1325 1523 provocatus
1339 1490 1495 1524 scripserim
1518 1490 1552 1517 ad
1577 1492 1706 1526 populum
1723 1492 1822 1519 Antio-

194 1542 313 1569 chenum
330 1550 337 1567 :
357 1537 577 1575 quandoquidem
593 1537 644 1562 hoc
663 1535 762 1562 litteris
781 1535 880 1562 vestris
899 1534 1102 1566 continebatur,
1122 1538 1152 1561 ut
1175 1535 1252 1569 juxta
1278 1535 1369 1570 populi
1396 1539 1423 1562 et
1440 1535 1591 1570 prudentia:
1608 1541 1704 1563 vestra:
1720 1537 1823 1564 suifra-

195 1588 270 1623 gium
284 1595 315 1614 ac
333 1587 512 1616 voluntatem,
544 1583 678 1610 Eusebius
704 1582 897 1610 sanctissimus
913 1581 1121 1609 Caesariensium
1140 1582 1285 1617 cpiscopus
1309 1582 1483 1610 Antiocheme
1497 1582 1626 1610 Ecclesia:
1651 1585 1822 1618 praesideret,

195 1634 309 1670 ejusque
333 1639 427 1659 curam
454 1630 614 1665 susciperet.
637 1629 674 1656 Ac
695 1629 793 1656 littera:
819 1628 928 1663 quidem
951 1627 1061 1655 Eusebii
1105 1627 1299 1655 ecclesiasticae
1320 1628 1371 1662 legi
1394 1629 1510 1656 maxime
1536 1630 1668 1658 inhaerere
1690 1631 1823 1659 videban-

197 1685 252 1711 tur,
273 1683 328 1706 etc.

284 1735 325 1763 Ex
336 1735 452 1770 ejusdem
464 1734 633 1762 Constantini
650 1733 684 1760 ad
700 1732 844 1760 Eusebium
869 1731 992 1767 epistola,
1009 1732 1036 1758 in
1047 1740 1099 1767 qua
1116 1731 1211 1758 librum
1226 1732 1297 1759 illius
1311 1732 1349 1760 De
1363 1733 1468 1760 Pascha
1482 1734 1587 1768 laudat,
1597 1743 1657 1771 pag.
1671 1737 1733 1765 543.

233 1795 367 1823 Eximiam
381 1799 456 1822 tuam
471 1794 623 1822 doctrinam
636 1798 663 1821 et
675 1793 757 1821 studii
773 1792 975 1820 contentionem
990 1793 1116 1827 equidem
1132 1800 1214 1827 supra
1226 1792 1336 1820 modum
1353 1793 1504 1821 admiratus
1518 1803 1590 1827 sum,
1601 1796 1706 1832 legique
1722 1797 1823 1825 librum

196 1846 275 1872 tuum
297 1842 478 1878 perlibenter:
509 1845 593 1876 utque
608 1840 635 1867 in
649 1841 794 1867 multorum
809 1839 856 1874 qui
871 1839 968 1866 divinat
992 1839 1132 1874 religionis
1143 1840 1344 1867 observantiam
1366 1841 1472 1868 sincere
1487 1841 1658 1877 proﬁtentur,
1675 1850 1775 1872 manus
1791 1851 1822 1871 ac

198 1890 321 1917 notitiam
342 1888 508 1924 perveniret,
522 1887 752 1922 quemadmodum
782 1892 936 1921 optaveras.
962 1887 1098 1914 mandavi.
1117 1886 1185 1914 Cum
1201 1887 1283 1922 igitur
1300 1887 1435 1922 intelligas
1449 1909 1456 1920 ,
1484 1893 1586 1924 quanta
1604 1897 1665 1916 cum
1683 1891 1824 1926 voluptate

199 1937 354 1972 bujusmodi
372 1943 485 1964 munera
500 1943 515 1962 a
531 1936 639 1963 solertia
657 1938 703 1961 tua
719 1934 797 1961 nobis
811 1934 901 1961 oblata
926 1935 1102 1970 suscipimus,
1120 1941 1187 1962 cura
1207 1938 1237 1961 ut
1257 1934 1488 1970 frequentioribus
1513 1937 1628 1971 posthac
1650 1939 1824 1966 sermonibus

198 1982 298 2017 quibus
311 1985 338 2009 te
352 1982 514 2008 innutritum
530 1988 591 2008 esse
605 1979 740 2015 profiteris
750 1999 757 2012 ,
771 1979 893 2006 animum
909 1984 1034 2007 nostrum
1049 1980 1198 2007 exhilares.

270 2037 311 2065 Ea:
322 2038 435 2073 epistola
444 2037 562 2073 ejusdem
575 2037 743 2066 Constantini
756 2037 791 2064 ad
804 2037 944 2064 Eusebium
963 2037 994 2064 de
1015 2036 1182 2072 conﬁciendis
1194 2045 1279 2064 saera
1295 2036 1440 2072 Scriptura'
1453 2038 1595 2071 codicibus,
1614 2048 1673 2076 pag.
1686 2041 1750 2068 545.

237 2094 330 2122 Visum
344 2099 385 2122 est
398 2096 471 2122 enim
486 2095 512 2122 id
528 2094 682 2129 signiﬁcare
696 2094 847 2129 prudentiae
872 2097 941 2124 tum.
957 2097 987 2119 ut
1007 2094 1206 2129 quinquaginta
1222 2085 1332 2122 codices
1349 2095 1502 2122 divinarum
1521 2095 1738 2132 Scripturarum.
1751 2107 1821 2134 qua-

201 2149 261 2169 rum
273 2145 431 2177 apparatum
442 2145 470 2169 et
485 2148 564 2168 usum
579 2141 696 2167 maxime
711 2139 897 2168 necessarium
915 2139 1044 2167 Ecclesiae
1059 2147 1119 2167 esse
1138 2140 1277 2175 intelligis,
1291 2140 1319 2167 in
1339 2142 1505 2169 membranis
1520 2143 1603 2177 probe
1620 2145 1773 2178 apparatis,
1790 2145 1825 2172 ab

202 2187 355 2215 artiﬁcibus
371 2187 533 2223 antiquariis
547 2190 662 2214 venuste
677 2186 815 2214 scribendi
830 2186 1005 2221 peritissimis
1017 2186 1136 2215 describi
1148 2187 1241 2220 facias,
1255 2187 1302 2223 qui
1316 2192 1343 2216 et
1355 2189 1405 2224 legi
1418 2188 1513 2221 facile,
1529 2193 1556 2216 et
1576 2190 1610 2217 ad
1625 2198 1733 2218 omnem
1744 2198 1825 2219 usum
1871 2197 1875 2200 '

202 2236 373 2264 circumferri
389 2237 506 2272 possint.

204 2294 247 2322 Ex
257 2293 366 2322 Eusebii
386 2293 596 2322 Nicomediensis
609 2293 721 2328 epistola
734 2292 768 2320 ad
776 2292 937 2331 __Pauli_num
952 2294 1100 2331 episcopum
1127 2294 1201 2329 Tyri,
1217 2302 1297 2330 quam
1323 2294 1402 2329 refert
1421 2294 1594 2323 Theodoritus
1606 2297 1632 2324 in
1647 2295 1715 2323 libro
1737 2296 1824 2331 primo

776 2328 903 2356 Historia:
925 2329 1128 2362 ecclesiasticae,
1144 2328 1201 2364 cap.
1219 2328 1245 2366 5.

240 2389 297 2417 Nec
316 2388 418 2416 domini
435 2388 487 2416 mei
499 2388 608 2416 Eusebii
620 2395 669 2423 pro
680 2386 779 2414 tuenda
797 2387 909 2415 veritate
922 2387 1042 2415 studium
1059 2387 1170 2414 silentio
1183 2389 1341 2414 mandatum
1355 2391 1408 2421 est,
1421 2395 1471 2416 nec
1484 2391 1543 2420 tua,
1558 2387 1680 2420 domine,
1695 2387 1724 2415 in
1731 2388 1825 2417 eadem

203 2443 236 2464 re
248 2436 430 2463 taciturnitas.
442 2435 483 2463 Ad
498 2443 547 2463 nos
563 2437 635 2463 enim
651 2435 684 2463 de
700 2440 816 2471 utroque
832 2434 903 2462 fama
919 2435 1042 2471 pervenit
1060 2445 1067 2462 :
1086 2439 1112 2463 et
1134 2435 1206 2471 quod
1222 2442 1394 2469 consequens
1419 2438 1492 2468 erat,
1514 2434 1624 2463 Eusebii
1638 2435 1743 2462 domini
1772 2436 1827 2464 mei

204 2488 289 2510 causa
303 2480 434 2513 laetitiam,
452 2483 500 2508 tua
515 2488 579 2508 vero
595 2480 716 2507 dolorem
730 2481 863 2516 cepimus.

548 2540 590 2568 Ex
609 2540 675 2568 libra
687 2539 782 2568 Basilii
797 2539 831 2567 ad
847 2539 1058 2574 Amphilochium
1070 2538 1106 2566 De
1119 2537 1222 2575 Spiritu
1239 2543 1346 2572 sancto,
1356 2547 1414 2574 cap.
1432 2539 1478 2568 29.

242 2598 320 2632 Quod
330 2599 353 2627 si
363 2599 406 2626 cui
415 2598 574 2626 Palaestinus
582 2597 714 2626 Eusebius
722 2601 831 2633 propter
843 2598 989 2625 multarum

1079 2598 1110 2624 Et
1130 2597 1159 2624 δέ
1174 2606 1213 2633 τῳ
1235 2598 1282 2624 καὶ
1295 2599 1310 2624 ὁ
1329 2598 1505 2631 Παλαιστινὺς
1528 2598 1657 2631 Εὐσέϐιος
1672 2599 1827 2632 ἀξιόπιστα

207 2651 299 2673 rerum
327 2645 454 2681 peritiam
485 2645 598 2673 idoneus
625 2644 751 2676 videtur,
780 2644 824 2672 cui
856 2643 963 2671 habeatl

1071 2644 1086 2670 ὰ
1102 2643 1295 2680 πολυπειρίαν,
1315 2645 1440 2673 κάκείνου
1466 2645 1515 2677 τὰς
1538 2645 1622 2677 αὐτὰς
1653 2646 1744 2680 φωνὰς
1765 2647 1827 2674 ἐπι-

210 2688 288 2721 ﬁdes,
306 2690 380 2718 illius
405 2698 512 2726 quoque
533 2690 642 2718 easdem
661 2698 742 2718 voces
765 2689 937 2718 ostendimus
963 2690 966 2717 i

1069 2690 1187 2726 :txvuttsv
1203 2691 1233 2718 ὲν
1254 2692 1309 2724 τοῖς
1325 2692 1519 2728 ὲπαπορὴμασι
1535 2693 1605 2727 Περὶ
1628 2691 1685 2727 τῆς
1700 2692 1762 2721 τῶν
1774 2693 1825 2730 ἀρ’

210 2736 406 2770 quaestionibus
419 2736 458 2764 De
467 2737 615 2771 priscorum
626 2736 776 2772 polygamia
786 2735 834 2771 (a).

591 2745 615 2764 nt
626 2736 776 2772 polygamia
786 2735 834 2771 (a).
1044 2737 1138 2771 χαίων
1151 2737 1345 2772 πολυγαμιας.

247 2823 285 2860 (a)
302 2823 387 2860 Hujus
398 2826 459 2854 libri
476 2828 598 2855 meminit
606 2826 740 2854 Eusebius
754 2826 780 2853 in
796 2825 843 2854 lib.
857 2834 894 2854 vn
912 2826 1132 2861 Praparatiania,
1144 2834 1205 2862 cap.
1218 2827 1244 2855 8.
