1915 3135
75 109 103 137 (.9
566 108 729 137 VETEHUM
749 109 955 151 TESTIMONIA
978 110 1046 139 PRO
1066 111 1222 143 EUSEBIO.
1668 117 1701 144 70

141 165 183 192 ει
198 165 274 193 libro
294 166 483 200 Quaestionum
499 165 604 195 Veteris
617 176 648 195 ac
660 168 728 196 Novi
746 168 914 196 Testamenti
931 170 975 204 qui
985 171 1052 198 inter
1073 171 1213 208 Augustini
1234 171 1321 206 Opera
1332 176 1370 199 est
1384 173 1479 207 editus,
1492 181 1550 208 cap.
1567 173 1628 201 125.

107 224 287 252 Meminimus
306 226 338 252 in
353 225 468 259 quodam
484 226 574 254 libello
592 226 843 262 Eusebiiquondam
853 228 954 263 egregii
969 228 995 255 in
1012 229 1123 264 reliquis
1135 231 1184 257 viri
1198 230 1305 265 legisse.
1319 231 1383 266 quia
1391 238 1441 259 nec
1452 230 1570 267 Spiritus
1585 235 1699 260 sanctus

75 270 142 296 sciat
157 270 330 304 mysterium
345 270 498 298 Nativitatis
513 270 620 298 Domini
635 273 721 300 nostri
734 271 798 300 Jesu
809 272 921 305 Christi,
939 277 965 301 et
978 273 1100 302 admiror
1116 279 1198 303 tantae
1214 276 1346 304 doctrina:
1364 276 1452 304 virum
1477 277 1547 304 hanc
1563 278 1701 305 maculam

74 315 184 349 Spiritui
202 321 307 343 saneto
323 315 468 344 inﬁixisse.

463 373 505 401 Ex
532 375 643 410 epistola
657 375 692 403 65
707 375 872 411 Hieronymi,
898 377 932 404 ad
948 377 1148 406 Pammachium
1161 383 1186 406 et
1202 378 1345 408 Oceanum.

104 426 290 457 Fortissimos
315 429 400 457 libros
415 434 507 457 contra
524 430 701 466 Porphyrium
716 432 812 459 scribit
835 433 1030 468 Apollinarius,
1045 435 1249 462 ecclesiasticam
1264 436 1377 471 pulchre
1398 437 1531 467 Eusebius
1546 437 1697 465 Historiam

75 476 163 503 texuit.
180 476 261 503 Alter
275 484 375 504 eorum
391 477 560 506 dimidiatam
571 478 673 507 Christi
692 480 842 508 introduxit
860 483 1038 510 mconomiam
1056 484 1145 518 ,altcr
1158 485 1304 519 impietatis
1320 485 1377 512 Arii
1393 486 1583 521 apertissimus
1595 492 1698 521 propu-

75 526 164 556 gnator
173 527 228 550 est.

483 569 525 598 Ex
538 570 704 606 Apologetico
719 572 834 606 ejusdem
851 573 1005 610 Hieronymi
1023 575 1148 603 adversus
1161 575 1297 611 Ruﬁnum.

104 627 153 654 Sex
165 627 266 660 libros,
285 633 319 655 ut.
335 633 397 656 ante
412 628 466 664 jam
481 629 549 660 dixi,
564 628 699 658 Eusebius
715 630 891 660 Caesariensis
905 634 1050 668 episcopus
1064 653 1071 665 ,
1094 633 1201 661 Ariona:
1220 634 1357 669 quondam
1369 633 1483 669 signifer
1498 633 1631 666 factionis,
1647 642 1697 670 pro

77 675 187 709 Origene
211 676 345 709 scripsit,
362 677 523 704 latissimum
537 680 563 704 et
579 677 746 704 elaboratum
762 685 849 713 opus:
867 679 959 706 multis
970 679 1133 707 testimoniis
1161 680 1330 715 approbavit.
1359 679 1496 716 Originem
1510 680 1588 715 juxta
1603 688 1633 708 se
1645 680 1698 708 Ca-

76 718 211 753 tholiéum,
236 721 264 749 id
279 725 336 754 est,
351 723 428 757 juxta
449 729 511 755 nos,
526 722 658 750 Arianum
677 730 749 751 esse.

764 768 806 795 Ea:
828 769 917 797 eodem
935 770 1012 798 libro.

108 823 164 857 lpse
176 823 252 850 enim
269 823 417 856 Eusebius,
431 828 536 852 amator
559 828 586 852 et
616 831 705 859 prazco
720 828 746 852 et
765 826 970 854 contubernalis
996 826 1141 863 Pamphili.
1163 832 1218 856 tres
1235 828 1319 855 libros
1336 828 1446 863 scripsit
1463 829 1694 865 elegantissimos,

76 865 157 894 Vitam
172 867 316 903 Pamphili
332 870 514 897 continentes.
531 869 558 896 In
575 869 676 904 quibus
691 876 753 896 cum
764 874 862 897 caatera
878 871 955 898 miris
969 871 1094 899 laudibus
1107 871 1276 906 praedicaret,
1291 872 1526 907 humilitatemque
1537 872 1597 907 ejus
1612 871 1696 900 ferret

76 915 100 940 in
122 916 232 948 cmlum,
260 917 349 944 etiam
365 917 417 944 hoc
431 917 460 943 in
477 917 558 944 tertio
586 917 656 944 libro
679 916 794 949 addidit,
810 921 863 944 etc.
882 917 916 944 El
927 923 986 952 post
997 926 1082 952 pauca
1095 919 1122 945 in
1139 919 1228 946 eodem
1244 920 1328 946 libro:
1364 918 1484 946 Laudavi
1505 919 1651 947 EuSebium
1666 919 1696 946 in

75 961 257 991 Ecclesiastica
270 963 407 998 Historia,
420 965 447 991 in
461 964 611 1000 digestione
621 969 783 999 temporum,
795 964 822 991 in
838 965 1018 1000 descriptione
1035 970 1136 994 sanctae
1151 971 1230 994 terra:
1243 976 1250 994 :
1263 972 1290 994 et
1305 967 1361 994 inec
1370 967 1428 1002 ipsa
1437 967 1568 1002 opuscula
1579 967 1606 994 in
1621 966 1697 994 Lati-

75 1016 137 1035 num
151 1014 274 1044 vertens,
294 1017 365 1038 meae
375 1010 472 1046 lingua:
481 1009 636 1038 hominibus
650 1009 722 1037 dedi.
731 1009 803 1037 vNum
816 1017 848 1038 ex
860 1017 893 1038 eo
903 1011 1020 1038 Arianus
1032 1019 1103 1043 sum,
1117 1012 1181 1047 quia
1197 1011 1332 1041 Eusebius
1345 1013 1392 1047 qui
1407 1012 1456 1040 hos
1467 1012 1552 1039 libros
1563 1011 1693 1044 condidit,

75 1054 187 1084 Arianus
201 1059 253 1083 est.

567 1102 609 1130 Ea;
623 1102 779 1138 Hieronymi
796 1102 863 1130 libro
878 1101 900 1129 ll
921 1103 1052 1131 adversus
1069 1102 1206 1131 Ruﬁnum.

106 1157 151 1186 Vir
165 1158 349 1188 doctissimus
366 1159 501 1188 Eusebius
521 1159 722 1195 (doctissimum
738 1159 806 1192 dixi,
822 1168 877 1187 non
902 1160 1072 1188 Catholicum
1086 1182 1093 1194 ,
1109 1169 1144 1188 ne
1160 1168 1236 1188 more
1253 1161 1335 1188 solito
1354 1161 1420 1188 mihi
1435 1166 1462 1189 et
1475 1162 1503 1189 in
1520 1161 1572 1189 hoc
1587 1161 1693 1189 calum-

78 1206 142 1232 niam
163 1206 267 1240 struas)
284 1214 335 1241 per
360 1214 407 1234 sex
421 1206 559 1234 volumina
575 1205 642 1233 nihil
658 1206 731 1233 aliud
755 1207 825 1241 agit,
854 1207 906 1233 nisi
931 1211 960 1234 ut
978 1207 1110 1242 originem
1128 1214 1185 1234 sum
1210 1207 1336 1234 ostendat
1361 1207 1442 1242 ﬁdei,
1464 1207 1492 1234 id
1517 1211 1560 1236 est
1585 1208 1694 1236 Arians

77 1251 196 1286 perﬁdia.

495 1307 538 1334 Ea:
565 1307 692 1335 Prommio
706 1307 768 1333 libri
782 1307 813 1335 Β.
826 1307 979 1343 Hieronymi
995 1308 1031 1336 De
1043 1309 1111 1336 locis
1123 1308 1275 1338 Hebraicis.

109 1368 248 1402 Eusebius,
265 1369 343 1405 quia
360 1368 439 1396 beato
456 1367 597 1403 Pamphilo
616 1372 736 1402 martyre
751 1372 960 1403 cognomentum
976 1368 1089 1396 sortitus
1101 1372 1155 1400 est,
1169 1373 1230 1404 post
1246 1369 1340 1397 decem
1353 1369 1546 1398 Ecclesiastica:
1565 1369 1693 1399 Historias

79 1416 162 1449 libros,
178 1422 240 1452 post
257 1423 404 1451 temporum
429 1415 559 1448 Canones,
576 1423 644 1450 quos
661 1423 711 1443 nos
732 1414 829 1442 Latina
858 1415 950 1450 lingua
965 1415 1111 1447 edidimus,
1127 1419 1189 1450 post
1202 1415 1374 1443 diversarum
1391 1417 1524 1444 vocabula
1539 1418 1692 1450 nationum,

81 1470 132 1496 quae
142 1471 194 1498 quo
214 1463 302 1490 modo
325 1462 397 1497 apud
422 1460 549 1488 Hebraeos
568 1461 633 1488 olim
648 1461 720 1488 dicta
748 1461 814 1494 sint,
834 1464 860 1488 et
876 1469 948 1488 nunc
976 1460 1115 1493 dicantur,
1145 1462 1273 1496 exposuit
1290 1470 1297 1496 ;
1318 1467 1380 1497 post
1395 1463 1600 1498 topographiam
1613 1467 1694 1492 terra:

79 1508 176 1542 Iudaeae,
189 1515 216 1537 et
242 1510 393 1537 distinctas
409 1508 528 1535 tribuum
553 1511 651 1540 sortes,
677 1507 764 1542 ipsius
779 1515 888 1542 quoque
902 1506 1084 1539 Hierusalem,
1100 1508 1249 1543 templique
1266 1508 1293 1535 in
1308 1515 1340 1535 ea
1356 1516 1417 1536 cum
1433 1509 1595 1536 brevissima
1611 1517 1694 1545 expo-

81 1556 167 1584 sitione
180 1557 330 1592 picturam,
346 1556 380 1583 ad
391 1559 541 1584 extremum
556 1556 583 1582 in
597 1558 647 1582 hoc
663 1555 794 1590 opusculo
819 1555 962 1586 laboravit,
976 1559 1006 1581 ut
1018 1559 1195 1592 congregaret
1218 1556 1296 1583 nobis
1312 1557 1345 1583 de
1366 1561 1460 1583 sancta
1475 1555 1618 1592 Scriptura
1633 1565 1694 1585 om-

80 1603 145 1628 nium
162 1609 229 1637 pene
244 1603 370 1633 urbium,
394 1601 538 1633 montium,
564 1600 723 1633 ﬂuminum,
748 1599 900 1627 viculorum
922 1604 948 1627 et
967 1600 1137 1627 diversorum
1156 1601 1277 1629 locorum
1293 1601 1423 1629 vocabula
1443 1611 1450 1629 :
1467 1610 1527 1638 quat
1542 1603 1584 1631 vel
1596 1603 1692 1631 eadem

82 1653 188 1680 manent,
201 1649 243 1676 vel
261 1650 408 1676 immutata
424 1652 489 1676 sunt
501 1651 606 1684 postea,
626 1647 669 1675 vel
684 1647 775 1682 aliqua
790 1655 824 1674 ex
841 1651 916 1682 parte
930 1652 1069 1683 corrupta.
1086 1647 1162 1676 Unde
1178 1653 1205 1676 et
1224 1657 1274 1678 nos
1290 1650 1457 1678 admirabilis
1478 1651 1530 1678 viri
1548 1655 1693 1688 sequentes

81 1697 196 1730 studium,
212 1702 265 1725 etc.

465 1753 507 1781 Ea:
523 1754 590 1781 libro
612 1754 645 1782 B.
662 1753 818 1789 Hieronymi
834 1752 872 1780 De
890 1753 1071 1788 scriptoribus
1088 1754 1292 1782 ecclesiasticis.

111 1808 275 1847 Hippolytus,
288 1812 430 1847 cujusdam
446 1812 574 1840 Ecclesia:
589 1813 733 1848 episcopus
744 1811 853 1847 (nomen
868 1812 968 1847 quippe
983 1812 1059 1840 urbis
1074 1813 1145 1840 scire
1158 1820 1212 1840 non
1226 1811 1313 1848 potui)
1329 1811 1462 1839 rationem
1476 1810 1599 1843 Pascha,
1620 1815 1692 1838 tem-

83 1861 217 1892 porumque
231 1866 356 1886 canones
368 1858 476 1893 scripsit
488 1866 576 1893 usque
590 1858 622 1885 ad
638 1859 754 1893 primum
769 1865 870 1885 annum
886 1858 1032 1886 Alexandri
1045 1858 1111 1894 imp.
1133 1862 1161 1885 et
1176 1858 1294 1886 sedecim
1316 1865 1449 1885 annorum
1460 1857 1592 1884 circulum
1608 1865 1689 1892 quem

82 1898 157 1929 Grui
171 1903 450 1938 ἑκκαιδεκαετηρίδα
470 1908 586 1936 vocant,
613 1903 733 1939 reperit;
748 1906 774 1929 et
787 1902 904 1929 Eusebio
918 1903 963 1937 qui
973 1910 1054 1937 super
1069 1903 1163 1930 eodem
1178 1902 1283 1930 Pascha
1298 1909 1430 1930 canonem
1444 1902 1535 1929 decem
1552 1905 1579 1929 et
1591 1910 1689 1930 novent

83 1954 200 1977 annorum
214 1951 363 1983 circulum,
381 1950 407 1978 id
422 1955 474 1983 est,
495 1949 775 1984 ἐννεαδεκαετηρίδα
787 1957 839 1978 con

495 1949 775 1984 ἐννεαδεκαετηρίδα
787 1949 951 1984 composuit,
975 1950 1148 1977 occasionem
1163 1949 1245 1977 dedit.

749 2007 792 2034 Ea:
820 2005 910 2034 eodem
931 2006 1009 2034 libro.

112 2063 247 2099 Eusebius,
261 2066 395 2094 Cazsareze
410 2065 560 2094 Palaestinae
575 2065 730 2101 episcopus,
745 2065 772 2092 in
785 2065 934 2102 Scripturis
946 2065 1045 2093 divinis
1055 2064 1285 2096 studiosissimus,
1293 2067 1320 2090 et
1330 2062 1502 2090 Bibliotheca;
1513 2062 1612 2091 divinat
1623 2070 1686 2090 cum

86 2110 209 2148 Pamphilo
227 2118 350 2149 martyre
363 2113 592 2149 diligentissimus
613 2113 820 2148 pervestigator,
834 2113 919 2141 edidit
935 2112 1040 2140 inlinita
1055 2112 1203 2139 volumina.
1225 2111 1263 2139 De
1277 2110 1378 2146 quibus
1394 2111 1450 2137 haec
1478 2115 1542 2138 sunt
1559 2119 1566 2138 :
1592 2111 1688 2146 Εὐαγ-

86 2159 189 2193 γελικῆς
203 2160 385 2192 ἀποδείξεως
399 2159 458 2190 libri
474 2158 580 2194 viginti,
597 2158 792 2193 εὺαγγελικῆς
800 2162 842 2193 ηρ

930 2157 1059 2192 κσκευῆς
1072 2157 1132 2184 libri
1149 2156 1315 2192 quindecim,
1329 2156 1508 2191 Θεοφανείας
1523 2156 1585 2184 libri
1605 2157 1686 2192 quin-

86 2211 138 2238 que.
154 2204 345 2233 Ecclesiasticaa
365 2205 490 2233 Historia:
506 2204 567 2231 libri
587 2204 692 2231 decem.
719 2203 907 2232 Chronicorum
926 2212 1056 2231 canonum
1076 2203 1227 2231 omnimoda
1247 2203 1373 2236 historia,
1387 2206 1413 2230 et
1433 2210 1528 2230 eorum
1550 2202 1684 2237 ἐπιτομὴ.

87 2248 113 2277 Et
128 2251 161 2279 De
174 2252 376 2289 Euangeliorum
388 2251 541 2287 diaphonia.
558 2249 591 2277 In
602 2249 704 2277 Isaiam
721 2250 781 2279 libri
797 2250 901 2284 decem,
913 2255 941 2278 et
950 2255 1042 2277 contra
1052 2249 1237 2285 Porphyrium,
1247 2249 1294 2284 qui
1308 2249 1403 2277 eodem
1418 2252 1539 2284 tempore
1550 2248 1686 2276 scribebat

89 2298 112 2325 in
126 2298 221 2333 Sicilia,
235 2305 266 2328 ut
283 2300 393 2336 quidam
407 2303 513 2335 putant,
527 2298 590 2326 libri
603 2298 713 2333 triginta
725 2307 733 2331 ;
752 2297 785 2325 de
795 2298 896 2333 quibus
906 2299 940 2326 ad
954 2306 998 2326 me
1013 2299 1109 2334 viginti
1133 2301 1238 2325 tantum
1256 2302 1447 2333 pervenerunt.
1468 2296 1599 2324 Τοπικῶν
1618 2297 1687 2325 liber

88 2355 160 2381 unus;
179 2349 350 2383 Ἀπολογίας
367 2355 417 2383 pro
431 2346 547 2382 Origene
561 2345 621 2373 libri
635 2354 702 2379 sex;
719 2345 759 2372 De
779 2347 832 2373 vita
849 2346 981 2381 Pamphili
996 2346 1058 2374 libri
1073 2351 1138 2374 tres.
1155 2346 1193 2373 De
1204 2346 1366 2381 martyribus
1386 2346 1439 2372 alia
1452 2346 1595 2381 opuscula.
1611 2345 1644 2373 Et
1657 2345 1686 2374 in

87 2399 115 2419 ct.
127 2392 237 2422 Psatmos
266 2394 444 2422 eruditissimi
457 2392 656 2421 Commentarii.
675 2391 708 2418 Et
724 2390 808 2418 multa
828 2392 891 2419 alia.
907 2391 1013 2419 Floruit
1033 2392 1150 2419 maxime
1165 2392 1217 2419 sub
1229 2391 1410 2420 Constantino
1429 2393 1494 2427 imp.
1508 2396 1536 2421 et
1549 2392 1684 2421 Constan-

89 2438 133 2472 tio;
146 2440 215 2475 et_oh
239 2440 389 2467 amicitiam
408 2437 540 2473 Pamphili
556 2435 694 2472 martyris,
707 2436 740 2463 ab
758 2444 791 2464 eo
805 2444 1014 2472 cognomentum
1028 2438 1141 2465 sortitus
1152 2441 1202 2465 est.

750 2491 793 2519 Ex
813 2494 901 2521 eodem
927 2493 1004 2520 libro.

118 2540 249 2578 Eusebius,
258 2543 370 2570 natione
384 2541 498 2571 Sardus,
512 2544 539 2568 et
549 2548 581 2567 ex
593 2539 695 2566 lectore
705 2538 782 2566 urbis
794 2537 934 2570 Romane.
949 2537 1133 2566 Vercellensis
1148 2538 1307 2574 episcopus;
1327 2539 1364 2567 ob
1377 2539 1578 2569 confessionem
1592 2540 1654 2570 ﬁdei
1672 2551 1688 2583 ῃ

91 2581 229 2617 Constantio
241 2589 365 2625 principe
383 2586 567 2622 Scythopolim
580 2589 607 2613 et
623 2585 687 2612 inde
699 2584 898 2620 Cappadociam
910 2586 1056 2621 relegatus,
1069 2585 1122 2613 sub
1134 2584 1318 2622 Julianoimp.
1333 2587 1367 2614 ad
1382 2586 1532 2616 Ecclesiam
1543 2595 1687 2624 reversus,

91 2632 161 2662 edidit
169 2636 194 2663 in
206 2636 330 2665 Psalmos
344 2635 553 2664 Commentarios
564 2633 674 2661 Eusebii
687 2632 875 2664 Caesariensis,
888 2641 958 2668 quos
970 2633 1003 2661 de
1017 2633 1111 2661 Gratco
1126 2635 1154 2661 in
1169 2632 1297 2662 Latinum
1308 2638 1436 2662 verterat.

400 2693 476 2721 Idem
488 2692 664 2728 Hieronymus
674 2693 702 2720 in
711 2692 872 2728 Pra'fatione
882 2691 1147 2721 Commentariorum
1163 2694 1192 2720 in
1205 2692 1352 2721 Danielem.

119 2748 206 2779 Contra
216 2753 373 2789 prophetam
385 2752 525 2779 Danielem
541 2751 732 2779 duodecimum
748 2751 845 2778 librum
861 2748 957 2778 scribit
969 2750 1147 2786 Porphyrius,
1161 2751 1258 2779 nolens
1275 2758 1337 2778 eum
1356 2751 1390 2778 ab
1407 2750 1466 2785 ipso
1482 2750 1563 2785 cujus
1582 2750 1666 2780 inseri

98 2799 145 2828 Ρωι
158 2802 194 2825 est
210 2800 327 2834 nomine,
341 2807 402 2827 esse
414 2798 604 2832 compositum,
621 2800 672 2825 etc.
686 2806 692 2830 ;
712 2796 755 2824 cui
768 2796 945 2823 solertissime
960 2797 1156 2830 responderunt
1174 2795 1316 2826 Eusebius.
1333 2795 1509 2824 Cresarieusis
1524 2796 1672 2832 episcopus
