1915 3135
219 153 249 182 τι
688 154 853 182 VETERUM
871 155 1080 183 TESTIMONIA
1100 156 1166 184 PRO
1186 155 1340 185 EUSEBIO.
1802 160 1834 186 Ἠ

216 212 305 241 tribus
322 212 514 245 voluminibus,
529 213 555 240 id
570 217 622 245 est,
636 221 715 246 xvtn,
732 222 779 241 xix
791 219 817 241 et
832 223 876 242 xx.
892 214 1074 249 Apollinarius
1089 223 1197 252 quoque
1213 224 1268 244 uno
1278 216 1373 252 grandi
1385 216 1464 249 libro,
1474 216 1526 244 hoc
1537 221 1589 249 est,
1601 217 1732 245 vicesimo
1745 220 1833 247 sexto.

216 265 243 287 et
261 265 323 288 ante
337 258 386 288 hos
401 269 433 289 ex
445 266 521 297 parte
537 261 698 290 Methodius.

721 330 795 358 Idem
811 331 984 367 Hieronymus
998 331 1025 359 in
1041 336 1119 365 caput
1134 339 1199 358 xxtv
1212 330 1344 359 Matt/mi.

251 385 289 414 De
303 386 354 414 hoc
369 387 437 418 loco,
452 386 479 414 id
493 391 535 414 est
542 387 576 414 de
583 387 785 415 abominatione
799 388 974 416 desolationis
990 397 1051 424 quia»,
1065 388 1136 416 dicta
1153 392 1196 416 est
1210 396 1224 416 a
1240 387 1351 416 Daniele
1367 389 1498 424 propheta
1510 409 1518 421 ,
1537 393 1627 417 stante
1647 389 1676 417 in
1692 389 1755 417 loco
1772 395 1834 416 san-

214 437 268 465 cto,
289 434 372 461 multa
388 433 555 470 Porphyrius
569 436 650 462 tertio
663 435 769 463 decimo
783 437 874 471 operis
887 436 930 463 sui
946 437 1081 463 volumine
1095 441 1189 463 contra
1202 443 1253 463 nos
1268 435 1477 471 blasphemavit.
1511 435 1562 464 Cui
1577 435 1724 468 Eusebius.
1742 435 1834 463 Caesa-

214 478 312 506 riensis
325 479 479 514 episcopus,
494 480 581 508 tribus
593 480 731 515 respondit
748 482 930 508 voluminibus
943 489 1020 514 xvtu,
1035 489 1082 508 xix
1098 486 1125 508 et
1135 489 1182 508 xx.

771 538 845 565 Idem
861 539 886 565 in
896 539 1007 574 epistola
1025 539 1069 570 84,
1086 539 1121 565 ad
1133 538 1270 574 Magnum.

248 590 422 628 Scripserunt
444 598 539 620 contra
558 602 608 622 nos
621 594 717 622 Celsus
747 600 828 630 atque
850 595 1037 631 Porphyrius:
1065 594 1150 630 priori
1177 593 1333 629 Origenes;
1355 594 1431 621 alteri
1458 594 1610 622 Methodius
1622 615 1629 626 ,
1647 594 1781 622 Eusebius
1798 600 1826 623 et

214 639 397 673 Apollinarius
426 640 574 668 fortissime
599 643 806 677 responderunt.
828 642 950 676 Quorum
965 643 1095 678 Origenes
1116 647 1179 670 octo
1198 643 1308 678 scripsit
1323 642 1429 670 libros:
1452 642 1603 671 Methodius
1623 651 1709 678 usque
1732 644 1765 670 ad
1783 644 1832 671 de-

213 692 271 712 cem
288 685 372 711 millia
391 685 512 720 procedit
526 693 676 714 versuum:
706 686 840 714 Eusebius
862 692 890 715 et
912 688 1097 723 Apollinarius
1112 687 1207 723 viginti
1231 688 1351 722 quinque
1375 691 1403 715 et
1428 689 1539 724 triginta
1567 689 1706 716 volumina
1732 689 1830 717 condi-

212 730 322 757 derunt.

643 787 717 814 Idem
727 789 754 815 in
770 789 880 822 epistola
890 789 935 820 65,
948 789 983 816 ad
999 784 1199 818 Paminachium
1211 795 1235 818 et
1253 790 1397 818 Oceanum.

248 839 317 874 Quis
329 841 498 876 prudentior.
510 843 625 878 doctior,
649 846 820 881 eloquentior
836 847 952 875 Eusebio
965 851 992 875 et
1007 847 1131 883 Didyme,
1147 849 1328 877 aSSertoribus
1341 847 1467 884 Origenis
1486 849 1602 876 inveniri
1622 853 1713 884 potest
1727 849 1740 877 τ
1755 848 1830 884 Quo-

213 892 273 913 rum
284 887 353 915 alter
364 895 411 916 sex
423 889 604 919 voluminibus
620 893 669 928 τῆς
683 893 854 929 Ἀπολογίας
869 894 906 922 ita
919 902 980 922 eum
991 914 998 927 .
1016 898 1044 922 ut
1058 903 1097 927 se,
1111 895 1231 924 sensisse
1242 895 1394 924 conﬁrmat.

562 957 635 985 Idem
649 958 822 995 Hieronymus
837 961 864 988 in
880 960 1041 995 Prwfatione
1053 960 1315 989 Commentariorum
1327 961 1354 989 in
1369 960 1476 990 Isaiam.

247 1020 380 1050 Eusebius
394 1031 502 1060 quoque
516 1023 659 1060 Pamphili,
673 1026 750 1061 juxta
764 1026 921 1055 historicam
934 1028 1151 1063 explanationem
1161 1028 1316 1064 quindecim
1331 1028 1417 1057 edidit
1430 1029 1579 1058 volumina.

562 1081 637 1109 Idem
649 1082 676 1108 in
689 1082 852 1117 Pntfatione
868 1083 931 1110 libri
945 1085 1030 1119 quinti
1043 1084 1306 1112 Commentariorum
1320 1086 1347 1112 in
1364 1085 1473 1113 Isaiam.

247 1135 399 1166 Subeamne
409 1146 487 1174 opus,
500 1139 527 1166 in
540 1140 611 1174 quod
629 1139 679 1167 viri
693 1141 870 1169 eruditissimi
884 1142 1050 1170 sudaverunt
1059 1143 1071 1170 ?
1081 1142 1224 1178 Origenem
1240 1144 1338 1179 loquor
1351 1147 1377 1172 et
1389 1143 1534 1172 Eusebium
1546 1143 1690 1179 Pamphili.
1701 1144 1827 1177 Quorum

214 1182 289 1210 alter
305 1182 398 1211 liberis
421 1184 556 1221 allegoriae
576 1185 673 1220 spatiis
694 1191 847 1222 evagatur;
877 1190 905 1215 et
920 1188 1103 1224 interpretatis
1117 1190 1274 1217 nominibus
1299 1191 1479 1226 singulorum,
1495 1191 1633 1235 inigenium
1652 1199 1733 1218 suum
1759 1191 1826 1218 facit

215 1226 343 1256 Ecclesiae
361 1235 540 1257 sacramenta.
557 1230 632 1259 Alter
648 1232 804 1261 historicam
817 1235 1015 1269 expositionem
1028 1236 1108 1264 titulo
1125 1237 1327 1272 repromittens,
1349 1237 1484 1265 interdum
1507 1230 1678 1265 obliviscitur
1694 1239 1825 1273 popositi,

216 1278 243 1301 et
254 1274 281 1301 in
296 1273 420 1310 Origenis
435 1276 503 1303 scita
515 1277 649 1306 concedit.

649 1334 722 1363 Idem
730 1336 758 1363 in
772 1336 840 1364 libro
853 1339 943 1373 quinto
957 1338 1218 1366 Commentariorum
1232 1339 1260 1367 in
1273 1339 1382 1367 Isaiam.

243 1389 377 1419 Eusebius
403 1391 580 1421 Cresariensis
605 1393 765 1423 historicam
793 1395 1044 1432 interpretationem
1060 1397 1139 1425 titulo
1163 1398 1356 1433 repromittens
1367 1418 1375 1431 ,
1392 1397 1507 1426 diversis
1522 1398 1649 1426 sensibus
1665 1403 1800 1433 evagatur
1814 1406 1822 1424 :

206 1435 292 1469 Cujus
305 1445 367 1465 cum
386 1439 471 1466 libros
496 1440 622 1474 legerem,
640 1441 713 1468 aliud
728 1442 814 1470 multo
834 1443 922 1478 reperi
940 1450 1022 1478 quam
1041 1444 1130 1471 indice
1141 1444 1325 1480 promittebat.
1344 1444 1504 1480 Ubicunque
1514 1445 1585 1472 enim
1604 1444 1718 1472 historia
1742 1443 1820 1471 defe-

207 1484 285 1513 cerit.
303 1484 403 1511 transit
419 1484 451 1511 ad
468 1485 624 1520 allegoriam
641 1495 648 1520 ;
663 1491 690 1513 et
706 1487 744 1514 ita
759 1493 884 1523 separata
906 1490 1063 1524 consociat;
1091 1493 1121 1518 ut
1136 1490 1222 1519 mirer
1238 1499 1301 1519 eum
1323 1499 1394 1519 nova
1410 1492 1545 1520 sermonis
1567 1491 1669 1519 fabrica
1688 1493 1715 1519 in
1737 1500 1822 1519 unum

207 1537 308 1564 corpus
321 1530 437 1565 lapidem
453 1531 611 1568 ferrumque
625 1534 800 1571 conjungere.

743 1593 811 1621 Item
826 1594 1004 1632 Hieronymus
1018 1597 1044 1624 in
1057 1602 1135 1632 caput
1149 1605 1158 1625 l
1172 1597 1302 1627 Mummi.

243 1641 330 1677 Super
347 1643 398 1670 hoc
414 1647 442 1671 et
463 1644 609 1674 Africanus
627 1650 780 1684 temporum
802 1651 934 1686 scriptor;
956 1655 983 1678 et
1002 1651 1136 1679 Eusebius
1158 1652 1337 1681 Caesariensis
1362 1653 1388 1681 in
1413 1654 1491 1682 libris
1507 1655 1670 1689 Διαφωνιας
1690 1654 1822 1691 Edam-

208 1689 283 1716 .Uwr
305 1689 412 1724 plenius
423 1690 607 1725 disputarunt.

654 1749 764 1785 Ruﬁnus
780 1754 808 1780 in
821 1754 932 1788 epistola
955 1755 989 1781 ad
1007 1754 1188 1783 Chromatium
1206 1758 1367 1793 episcopum.

240 1801 361 1837 lnjungis
377 1803 441 1831 mihi
453 1807 483 1830 ut
500 1803 876 1850 Ecclesiarticamnistoriam,
892 1818 973 1846 quam
987 1812 1026 1839 vir
1034 1811 1237 1841 eruditissimus
1247 1813 1381 1843 Eusebius
1395 1814 1572 1844 Czesariensis
1583 1817 1676 1845 Graeco
1691 1826 1821 1848 sermone

204 1848 418 1883 conscripserat,
437 1849 464 1876 in
479 1849 605 1878 Latinum
619 1848 818 1882 converterem.

685 1916 847 1952 Augustinus
857 1919 884 1946 in
897 1920 964 1948 libro
979 1920 1017 1949 De
1033 1922 1194 1957 batresibus,
1211 1932 1270 1960 cap.
1283 1925 1328 1954 85.

236 1978 304 2006 Cum
321 1978 428 2007 Eusebii
446 1980 592 2008 Historiam
603 1987 790 2018 perscrutatus
805 1993 903 2019 essem,
919 1987 963 2014 cui
976 1987 1092 2017 Ruﬁnus
1106 1990 1123 2016 a‘
1131 1997 1160 2017 se
1173 1991 1200 2017 in
1215 1990 1339 2019 Latinam
1355 1992 1474 2029 linguam
1490 1995 1628 2024 translatae
1643 1997 1817 2034 subsequen-

201 2026 268 2052 tium
288 2026 368 2053 etiam
379 2030 529 2062 temporum
544 2028 614 2056 duos
628 2030 711 2058 libros
725 2031 838 2066 addidit,
848 2041 902 2061 non
916 2034 1006 2062 inveni
1019 2035 1137 2070 aliquam
1153 2037 1276 2064 haeresim
1289 2046 1370 2073 quam
1386 2047 1441 2067 non
1454 2041 1563 2076 legerim
1575 2044 1645 2079 apud
1659 2026 1744 2078 istos;-
1761 2047 1815 2075 nisi

201 2080 281 2108 quam
293 2074 319 2100 in
327 2079 403 2102 sexto
412 2075 482 2102 libro
492 2076 568 2110 ponit
579 2076 722 2111 Eusebius,
732 2087 848 2108 narrans
859 2089 918 2108 eam
930 2083 1069 2111 exstitisse
1079 2083 1107 2110 in
1116 2084 1224 2112 Arabia.
1241 2085 1331 2121 itaque
1346 2087 1396 2115 hos
1407 2074 1558 2122 haereticos,
1567 2074 1694 2125 quoniam
1709 2093 1816 2123 nullum

200 2125 293 2145 eorum
305 2119 380 2153 ponit
394 2124 544 2153 auctorem,
561 2121 691 2151 Arabicos
706 2132 852 2159 possumus
863 2134 1032 2162 nuncupare,
1052 2128 1098 2162 qui
1115 2128 1241 2156 dixerunt
1259 2131 1363 2160 animas
1380 2140 1442 2160 cum
1467 2136 1628 2170 corporibus
1642 2139 1712 2166 mori
1730 2143 1816 2174 atque

205 2164 309 2174 LM...
344 2169 363 2174 -.
424 2165 438 2174 ι
466 2173 470 2174 ,
565 2167 581 2174 ..
617 2172 621 2174 _
917 2172 930 2174 _
961 2173 987 2174 η

200 2164 322 2196 dissolvi,
340 2169 367 2191 et
381 2165 408 2192 in
423 2165 475 2194 ﬁne
490 2167 583 2194 saeculi
596 2172 742 2205 utrumque
752 2178 904 2207 resurgere.
915 2172 967 2200 Sed
981 2173 1032 2202 bos
1046 2175 1229 2210 disputatione
1238 2175 1362 2212 Origenis
1374 2164 1555 2214 praesentis-et
1569 2190 1617 2211 eos
1634 2164 1811 2221 alloquentlis,

202 2211 345 2239 celerrime
357 2211 423 2239 dicit
438 2213 521 2241 fuisse
535 2218 686 2243 correctos.

234 2278 380 2312 Antipater,
393 2278 541 2307 Bostrensis
551 2281 731 2316 episcapus,in
743 2283 809 2310 libro
821 2285 906 2319 primo
918 2285 1046 2314 adversus
1059 2286 1262 2323 Apologeticum
1276 2289 1385 2318 Eusebii
1395 2290 1570 2323 Caesariensis
1584 2303 1633 2330 pro
1647 2297 1775 2334 Origene.

232 2345 300 2372 Nam
314 2346 440 2380 quoniam
460 2347 501 2374 vir
518 2348 564 2376 ille
578 2348 722 2384 (Eusebius
746 2352 861 2388 scilicet)
892 2354 977 2387 pluri-
991 2357 1013 2386 Α

1069 2355 1176 2392 Ἐπειδὴ
1190 2357 1343 2394 πολυῖστωρ
1355 2361 1369 2386 ὁ
1383 2359 1451 2397 ἀνὴρ
1466 2363 1569 2397 γέγονε,
1585 2365 1675 2398 πάσας
1691 2367 1741 2400 τὰς
1757 2370 1812 2397 τῶν

201 2399 306 2419 marum
327 2399 417 2419 rerum
439 2393 552 2422 scientia
575 2396 723 2425 instructus
738 2397 798 2432 fuit,
811 2399 911 2435 quippe
927 2401 974 2436 qui

195 2444 292 2464 omnes
304 2441 423 2464 veterum
441 2439 603 2474 scriptorum
622 2441 705 2469 libros
725 2450 757 2470 ac
772 2443 974 2473 lucubrationes

195 2481 438 2516 investigaverit.et
446 2484 565 2511 omnium
580 2484 635 2512 fere
648 2486 821 2521 antiquorum
831 2489 974 2524 opiniones

194 2533 226 2553 ac
237 2527 388 2553 sententias
396 2529 551 2561 exposuerit
568 2539 575 2556 :
591 2530 707 2565 plurima
723 2538 804 2560 etiam
818 2535 916 2570 ingenii
930 2537 971 2562 sui

192 2576 368 2599 monumenta
397 2574 513 2608 posteris
540 2576 689 2612 reliquerit,
708 2586 824 2613 quorum
839 2582 970 2608 nonnulla

192 2621 226 2644 ab
237 2618 366 2646 omnibus
379 2619 440 2653 jure
453 2621 548 2648 merito
563 2623 775 2658 comprobantur
791 2635 797 2653 :
814 2626 970 2661 hujusmodi

191 2662 224 2690 de
250 2664 297 2691 illo
314 2665 372 2691 viro
397 2666 597 2696 existimatione
623 2670 776 2704 abutentes,
795 2673 926 2708 quosdam
943 2674 969 2701 in

192 2715 311 2736 errorem
339 2709 467 2738 inducere
491 2718 647 2747 conantur;
665 2715 830 2745 atl'irmantes
853 2718 968 2751 scilicet,

193 2752 337 2782 Eusebium
368 2765 507 2792 nunquam
539 2758 596 2787 haec
626 2761 745 2789 scribere
775 2769 971 2798 aggressurum

193 2797 287 2829 fuisse.
303 2801 356 2828 nisi
372 2803 499 2838 antiquos
517 2811 611 2832 omnes
635 2806 706 2833 idem
733 2797 834 2835 sentire
855 2816 968 2836 accura-

191 2843 296 2885 tissime
320 2849 500 2882 cognovisset.
520 2849 574 2883 Ego
590 2859 654 2878 vero
679 2851 825 2880 Eusebium
855 2855 965 2883 cuidem

1027 2401 1210 2437 ἀρχαιοτέρων
1230 2403 1337 2438 βίϐλους
1358 2414 1387 2432 τε
1407 2407 1452 2434 καὶ
1477 2411 1678 2446 συγγράμματα
1699 2413 1810 2450 ἐξερευ-

1026 2447 1109 2480 νήσας
1126 2448 1172 2474 ml.
1194 2449 1361 2484 ἀνιχνεύσας,
1377 2453 1423 2478 καὶ
1437 2453 1485 2486 τὰς
1505 2456 1611 2483 πάντων
1633 2459 1732 2494 μικροῦ
1746 2447 1809 2489 -δεῖν

1025 2492 1102 2525 δόξας
1121 2493 1281 2529 ἐκθέμενος,
1298 2496 1344 2522 καὶ
1365 2496 1477 2526 πλεῖστα
1500 2492 1702 2538 συγγράμματᾷ
1721 2514 1810 2534 κατα-

1025 2538 1116 2573 λείψας
1133 2540 1170 2575 τῷ
1186 2540 1246 2576 βίῳ,
1270 2538 1308 2569 ὧν
1329 2543 1387 2571 ἔνια
1408 2546 1455 2572 καὶ
1476 2547 1566 2583 πάσης
1588 2549 1722 2586 ἀποδοχῆς
1745 2552 1810 2586 ἄξια

1024 2585 1166 2620 τυγχάνει·
1182 2588 1214 2622 τῇ
1229 2588 1338 2626 τοιαύτῃ
1351 2590 1398 2617 τοῦ
1408 2592 1503 2628 ἀνδρὸς
1515 2593 1646 2630 ὑπολήψει
1658 2585 1807 2633 χρώμενοι,

1024 2631 1206 2667 συναρπάζειν
1218 2634 1400 2672 ἐπιχειροῦσιν
1415 2639 1512 2671 ἐνίους,
1526 2640 1564 2673 ὡς
1579 2642 1620 2669 ὅτι
1637 2631 1735 2678 (passive
1747 2643 1807 2673 θύκ

1023 2676 1055 2703 ἂν
1066 2677 1151 2705 εἵλετο
1165 2679 1292 2713 Εὐσέϐιος
1303 2683 1349 2709 ἐπὶ
1360 2684 1436 2712 τοῦτο
1450 2685 1523 2718 ἰδεῖν,
1538 2687 1561 2713 ει
1576 2688 1612 2724 μὴ
1625 2676 1715 2721 πάσας
1726 2691 1807 2728 ἀκριο

1024 2721 1078 2754 ϐὡς
1094 2723 1225 2758 ἠπίστατο
1242 2726 1296 2754 τῶν
1312 2730 1433 2758 παλαιῶν
1453 2731 1502 2764 τὰς
1517 2721 1596 2765 δόξάς
1607 2721 1690 2762 γτοῦτο
1709 2721 1805 2770 βουλο-

1024 2767 1116 2801 μένοις.
1136 2769 1205 2804 Ἐγὼ
1226 2771 1270 2803 δὲ,
1290 2773 1329 2800 ὄτι
1356 2775 1405 2810 μὲν
1429 2776 1582 2813 πολυτστωρ
1603 2780 1617 2805 ὁ
1644 2767 1730 2815 ἀνὴρ,
1757 2783 1805 2808 καὶ

1020 2813 1096 2839 οὐδέν
1105 2823 1130 2840 τι
1142 2815 1195 2842 τῶν
1208 2818 1391 2854 παλαιοτέρων
1401 2823 1622 2857 συγγραμμάτων
1636 2825 1684 2861 τὴν
1696 2827 1803 2855 ἐκείνου

1019 2858 1122 2887 διέλαθε
1136 2861 1244 2900 γνῶσιν,
1258 2865 1383 2901 σύμφημι
1399 2867 1446 2893 καὶ
1458 2868 1593 2903 ὁμολογῶ·
1608 2858 1734 2906 βασιλιχῆ
1747 2873 1803 2907 γὰρ
