1915 3135
107 117 139 144 75

612 126 781 157 VETERUM
802 131 1010 162 TESTIMONIA
1030 136 1098 164 PRO
1118 137 1274 166 EUSEBIO.

1702 146 1738 174 Ἠ

105 178 234 214 συνεργίᾳ
248 180 406 215 χρώμενος,
420 183 516 218 ῥᾳδίως
528 185 561 211 τὰ
576 186 712 221 πανταχοῦ
725 187 791 222 πρὸς
806 189 881 215 ἑαυτί

954 192 1132 226 plurimarum
1150 203 1239 222 rerum
1254 196 1368 224 scientia
1383 198 1627 230 instructissimum
1651 203 1736 231 fuisse

104 223 229 257 συνάγειν
246 225 380 260 ἠδύνατο.

954 237 1051 270 fateor,
1077 247 1128 266 nec
1154 247 1188 268 ex
1207 247 1329 269 veterum
1362 245 1473 279 scriptis
1490 247 1637 282 quidquam
1664 249 1738 277 illius

1363 269 1471 279 ΝΤ.-
1491 269 1637 282 .,,..η,ι.ι....
1665 269 1738 277 ........

103 269 308 305 subter-fugisse
318 273 454 300 notitiam.
474 273 545 302 Usus
556 275 629 303 enim
643 277 816 312 imperatoris
830 280 952 308 subsidio
960 286 1042 318 atque
1052 283 1192 320 suffragio.
1204 291 1303 314 cuncta
1315 297 1376 322 quae
1389 291 1489 325 ubique
1504 296 1593 326 erant,
1610 293 1740 323 facillime

103 316 186 351 potuit
198 324 386 354 congregare.

442 377 484 404 Ea:
498 379 566 406 libro
580 382 667 414 primo
681 387 861 416 euerptorum
875 382 1002 410 Historim
1015 382 1212 413 Ecclesiastiete
1228 386 1409 425 Pltiloslorgt'i.

135 432 195 458 Ὀτι
225 433 262 460 τά
285 443 318 460 τε
351 436 434 468 ἄλλα,
451 439 498 464 καὶ
513 439 563 465 ὅσα
584 440 652 475 πρὸς
670 440 812 474 Ἱστορίας
833 441 895 476 ἥκει

99 479 191 515 λόγων,
203 483 434 520 ὁΦιλοο-τόργιος,
451 485 496 512 τὸν
513 487 656 522 Παμφίλου
671 489 800 514 Εὑσέϐιον
815 489 894 515 ἐπαι-

99 526 158 557 νῶν,
175 528 242 563 περὶ
258 529 312 563 τὴν
332 529 472 557 εὐσέϐειαν
487 532 681 568 διαμαρτάνειν
702 535 781 569 φησί’
798 535 843 561 καὶ
863 535 894 561 τὸ

99 572 249 608 ἁμάρτημα
269 574 284 599 6
301 574 436 612 δυσσεϐὴς
451 577 627 612 διηγούμενος
638 599 645 611 ,
670 579 736 606 διότι
758 580 894 614 ἄγνωστον

99 618 126 644 τδ
148 618 220 645 Θεῖον
243 620 294 646 καὶ
314 621 508 657 ἀκατάληπτον
531 625 631 659 ἡγοῖτο.
662 625 741 651 Ἀλλὰ
764 626 810 651 καὶ
831 626 896 653 ἄλλα

98 663 203 691 τοιαῦτα
227 673 317 699 φησιν
347 667 427 694 αὑτὸν
452 668 630 704 πλημμελεῖν.
659 671 840 698 Καταπαῧσαι
864 673 892 698 δὲ

100 710 175 736 αὐτὸν
189 710 240 742 τὰς
267 712 377 745 οἰκείας
399 713 448 748 τῆς
470 714 610 749 Ἱστορίας
629 717 737 751 μνήμας
753 718 833 753 μέχρι
843 718 892 754 τῆς

98 754 147 780 τῶν
161 755 266 781 παίδων
277 756 407 798 διαδρχῆς
421 757 467 784 τοῦ
480 760 597 794 μεγάλου
613 761 817 788 Κωνσταντίνου
831 771 891 789 συν-

99 809 179 836 επιμα
183 809 230 836 ρτυ
235 803 290 836 ρετ.

986 442 1184 479 l'hilostorgius
1212 444 1358 474 Eusebium
1387 451 1495 481 quidem
1514 452 1660 490 Pamphili,
1677 463 1734 487 tum

949 487 984 514 ob
1005 489 1058 514 alia
1083 490 1184 522 multa,
1211 495 1268 518 tum
1293 493 1328 520 ob
1343 494 1492 524 Historiam
1518 487 1736 533 Ecclesiasticam

949 534 1075 562 laudibus
1092 535 1182 562 aﬂicit.
1205 536 1336 565 Eumdem
1351 543 1440 568 tamen
1455 542 1482 569 in
1495 544 1528 572 iis
1540 553 1600 580 qua:
1614 549 1649 576 ad
1670 551 1734 578 reli-

947 579 1054 614 gionem
1083 581 1230 615 pertinent,
1247 582 1352 618 lapsum
1374 594 1436 614 esse
1462 579 1555 618 dicit;
1569 589 1670 630 quippe
1686 598 1732 632 qui

952 625 1035 653 Deum
1053 629 1182 662 cognosci
1203 633 1231 656 et
1246 633 1441 666 comprehendi
1459 642 1513 663 non
1536 645 1616 672 posse
1639 643 1734 670 existi-

947 671 1070 698 maverit.
1087 672 1165 700 Hune
1180 675 1253 701 enim
1271 676 1330 709 eius
1346 685 1467 707 errorem
1481 681 1580 717 impius
1596 685 1648 713 iste
1662 695 1734 715 eom-

947 722 1088 745 memorat.
1120 718 1172 746 Sed
1188 724 1214 747 et
1234 721 1392 756 hujusmodi
1413 725 1481 753 alios
1511 736 1621 759 errores
1636 733 1732 762 abillo

945 763 1108 791 commissos
1138 773 1199 793 esse
1229 766 1354 797 aliirmat.
1384 770 1519 799 Caeterum
1542 779 1570 802 et
1591 775 1649 812 ipse
1670 787 1731 806 cum

944 807 1005 836 aliis
1022 813 1138 836 testatur
1161 811 1308 840 Eusebium
1325 814 1475 844 Historiam
1499 827 1576 848 suam
1595 830 1682 858 usque
1698 826 1731 853 ad

944 857 1068 889 tempora
1082 855 1230 885 liberorum
1243 858 1416 890 Constantini
1435 864 1531 901 Magni
1540 855 1711 902 perduxisse.

543 905 666 934 Socrates
678 907 705 933 in
717 907 784 935 libro
800 909 885 942 primo
901 908 1028 938 Historiae
1041 910 1250 944 Ecclesiasticaz.

131 959 256 992 Εὐσέϐιος
274 963 289 987 6
317 962 472 998 Παμφίλου,
494 964 523 989 ὲν
537 963 608 996 ὅλοις
634 964 699 991 δέκα
715 965 828 1015 βιϐλίοις
841 968 881 1003 τὴε

979 967 1114 998 Eusebius
1128 970 1262 1008 Pamphili
1277 981 1322 1002 res
1338 975 1365 1002 in
1381 976 1504 1006 Ecclesia
1519 985 1612 1015 gestas
1634 982 1728 1012 decem

103 1002 377 1040 Ἐκκλησιαστικὴν
398 1008 544 1042 Ἱστορίαν
553 1009 708 1044 ἐκθέμενος,
718 1011 888 1039 κατέπαυσεν

96 1049 134 1080 είς
143 1050 204 1082 τοὺς
217 1051 338 1085 χρόνους
357 1053 404 1080 τοῦ
426 1054 556 1090 βασιλέως
573 1057 789 1091 Κωνσταντίνου,
801 1058 829 1085 ἐν
847 1056 887 1090 οἷς

95 1095 161 1122 καὶὸ
176 1097 251 1133 παρὰ
263 1099 315 1125 τοῦ
334 1099 525 1135 Διοκλητιανοῦ
540 1101 610 1128 κατὰ
627 1102 797 1139 Χριστιανῶν
809 1104 886 1138 γενό-

97 1150 169 1176 μενος
183 1143 305 1179 πόλεμος
323 1145 505 1174 ἀνεπαύσατο.
525 1147 640 1183 Γράφων
661 1148 689 1174 δὲ
712 1150 726 1176 6
741 1149 820 1181 αὐτὸς
833 1151 885 1182 Εἰς

97 1187 144 1213 τὸν
155 1188 225 1220 βίον
238 1191 488 1225 Κωνσταντίνου,
499 1193 552 1219 τῶν
568 1194 629 1220 κατ’
642 1194 749 1229 Ἀρειον
765 1196 884 1231 μερικῶς

98 1234 199 1270 μνήμην
216 1237 385 1272 πεποίηται,
400 1238 454 1265 τῶν
471 1239 589 1265 ἐπαίνων
605 1239 652 1265 τοῦ
671 1240 801 1276 βασιλέως
813 1262 820 1273 ,
839 1243 884 1270 καὶ

97 1277 142 1313 τῆς
165 1282 361 1317 πανηγυρικῆς
379 1283 529 1319 ὑψηγορίας
551 1284 605 1311 τῶν
627 1285 713 1320 λόγων
733 1286 831 1321 μᾶλλον
847 1288 885 1319 ὡς

97 1323 121 1348 ἐν
133 1324 259 1361 ἐγκωμίῳ
273 1328 432 1364 φροντίσας,
447 1330 518 1365 ἤπερ
529 1330 576 1356 τοῦ
593 1330 712 1366 ἀκριϐῶς
726 1332 882 1367 περιλαϐεῖν

98 1366 127 1393 τὰ
139 1370 281 1404 γενόμενα.

98 1431 161 1461 Idem
174 1435 302 1466 Socrates
326 1439 354 1466 in
372 1440 460 1468 eodem
479 1441 554 1476 libro,
568 1443 664 1477 cap.7,
681 1443 713 1491 d‘e
724 1445 835 1485 Sabino,
852 1446 1105 1491 Haced‘on‘ianortt'm
1128 1461 1141 1479 ε

678 1480 790 1507 storiam
806 1482 958 1516 scripserat,
976 1485 1014 1511 ita
1027 1485 1093 1513 dicit
1109 1495 1119 1513 :

126 1525 175 1552 Καὶ
190 1527 298 1555 ἐπαινεῖ
317 1530 366 1564 μὲν
382 1531 428 1557 τὸν
448 1532 590 1567 Παμφίλου
607 1535 736 1562 Εὐσέϐιον
752 1537 790 1568 ὡς
803 1537 876 1569 ἀξιό-

98 1576 180 1596 πιστον
194 1572 321 1608 μάρτυρα.
331 1582 337 1589 ·
357 1575 463 1602 ἐπαινεῖ
478 1577 505 1603 δὲ
525 1579 572 1605 καὶ
587 1580 632 1606 τὸν
649 1580 774 1615 βασιλέα,
792 1583 830 1612 ὡς
841 1584 874 1612 τὰ

97 1614 253 1650 Χριστιανῶν
271 1619 447 1654 δογματίζειν
463 1622 626 1660 δυνάμενον·

97 1658 122 1684 ἐν
139 1660 234 1698 Νικαία
261 1665 405 1702 ὲκτεθείσῃ
430 1668 530 1700 πίστει,
554 1670 592 1702 ὡς
616 1671 669 1698 ὑπὸ
693 1673 805 1700 ἰδιωτῶν
829 1676 875 1702 καὶ

97 1703 161 1731 οὐδὲν
175 1707 365 1745 ἐπισταμένων
381 1712 556 1751 ἐκδεδομὲνῃ’
576 1717 623 1743 καὶ
636 1717 665 1743 ὃν
681 1718 718 1750 ὡς
734 1720 814 1753 σοφὸν
828 1722 875 1747 καὶ

98 1748 186 1786 ἀψευδῆ
203 1754 279 1781 καλεῖ
293 1756 435 1794 μάρτυρα,
453 1759 548 1787 τούτου
569 1762 618 1794 τὰς
634 1764 726 1797 φωνὰς
744 1766 873 1799 ἑκουσίως

98 1793 213 1834 ὑπερορᾷ.

645 1628 784 1678 μέμφεται
794 1629 822 1656 δὲ
840 1631 871 1678 τῇ
890 1648 911 1678 c

942 1013 1018 1042 libris
1033 1017 1202 1050 complexus.
1219 1019 1372 1055 principatu
1389 1013 1560 1053 Constantini
1579 1027 1728 1056 Historiam

941 1067 1018 1087 suam
1039 1063 1205 1096 terminavit,
1218 1073 1272 1100 quo
1299 1071 1420 1103 tempore
1444 1073 1599 1105 persecutio
1621 1074 1728 1104 Diocle-

940 1106 1007 1133 tiani
1030 1108 1161 1137 adversus
1178 1111 1351 1142 Christianos
1377 1115 1456 1143 ﬁnem
1478 1119 1593 1154 accepit.
1609 1120 1681 1148 ldem
1699 1122 1726 1149 in

939 1151 1016 1180 libris
1031 1162 1101 1187 quos
1119 1155 1155 1182 De
1171 1157 1224 1184 vita
1236 1158 1298 1193 imp.
1318 1159 1487 1190 Constantini
1502 1167 1677 1202 conscripsit,
1694 1175 1726 1195 ca

938 1204 999 1231 qua:
1015 1199 1050 1225 ad
1064 1199 1160 1227 Arium
1190 1204 1346 1238 pertinent,
1374 1207 1531 1243 singillatim
1557 1199 1726 1242 minimeest

937 1249 1093 1277 exsecutus,
1116 1247 1216 1282 quippe
1234 1251 1279 1284 qui
1296 1255 1325 1278 ut
1350 1253 1377 1279 in
1404 1256 1538 1284 encomiis
1562 1258 1620 1286 ﬁeri
1643 1261 1723 1292 solet,

937 1288 1111 1324 imperatoris
1128 1293 1222 1322 laudes
1238 1302 1265 1323 et
1280 1301 1471 1335 panegyricam
1483 1305 1636 1333 orationem
1653 1315 1721 1334 cou-

937 1338 1027 1363 texere
1050 1339 1137 1373 magis
1152 1339 1177 1366 in
1194 1342 1286 1370 animo
1313 1345 1436 1379 haberet,
1461 1356 1543 1383 quam
1570 1359 1614 1379 res
1630 1357 1722 1387 gestas

935 1387 1064 1410 accurate
1079 1392 1305 1417 commemorare.

1142 1453 1257 1489 piscopo,
1272 1456 1390 1492 loquens,
1411 1461 1456 1495 qui
1478 1461 1652 1498 Synodorum
1669 1466 1717 1495 Hi—

964 1540 998 1568 Et
1014 1541 1159 1572 Eusebium
1172 1548 1282 1582 quidem
1307 1551 1449 1588 Pamphili,
1471 1561 1600 1593 tanquam
1619 1564 1715 1590 testem

928 1585 980 1614 ﬁde
1006 1588 1194 1624 dignissimum
1223 1595 1314 1624 laudat
1341 1607 1347 1625 :
1373 1585 1709 1642 imperatot'equu‘oque

928 1632 1017 1666 ipsum
1033 1638 1178 1670 praeconiis
1191 1640 1284 1674 alIicit,
1303 1647 1398 1679 utpote
1413 1632 1459 1681 qui
1473 1632 1638 1679 Christiana:
1654 1632 1716 1680 tich

928 1678 1055 1714 dogmata
1070 1683 1192 1718 apprime
1208 1678 1341 1717 calleret;
1354 1678 1448 1719 Fidein
1465 1701 1530 1721 vero
1546 1695 1642 1724 Nicm
1667 1705 1715 1725 ex-

927 1726 1045 1759 positam
1061 1729 1245 1764 reprehendit,
1267 1737 1396 1769 tanquam
1416 1737 1450 1764 ab
1465 1738 1569 1773 ignaris
1582 1746 1609 1769 et
1629 1742 1715 1777 impe-

926 1769 988 1797 ritis
1001 1770 1157 1802 hominibus
1169 1778 1361 1812 conscriptam.
1374 1780 1406 1806 Et
1418 1769 1498 1816 quem
1515 1786 1714 1820 sapientemvi-

925 1821 986 1842 rum
1002 1823 1034 1843 ac
1045 1825 1169 1847 veracem
1183 1824 1280 1850 testem
1303 1826 1434 1860 nominat,
1449 1828 1508 1863 ejus
1520 1831 1602 1858 verba
1618 1832 1709 1860 sciens

925 1866 957 1886 ac
968 1861 1087 1895 prudens
1098 1871 1148 1898 pro
1159 1866 1245 1894 nihilo
1256 1868 1341 1895 ducit.

642 1905 717 1934 Idem
729 1907 852 1936 Socrates
866 1911 895 1938 in
912 1912 979 1940 libro
992 1922 1022 1947 il,
1039 1925 1097 1951 cap.
1110 1918 1156 1947 2L

133 1948 229 1987 Ἐπειδὴ
243 1954 272 1980 δέ
296 1963 368 1987 τινες
389 1956 569 1993 ἐπεχείρησαν
592 1960 639 1987 καὶ
653 1963 733 1988 αὑτὸν
750 1963 871 2000 λοιδορῆ-

98 2001 144 2027 σιι,
157 1999 222 2033 φημὶ
234 2001 267 2036 δὴ
277 2001 324 2029 τὸν
336 2003 477 2039 Παμφίλου
486 2005 625 2039 Εὑσέϐιον,
634 2007 671 2040 ὡς
683 1999 870 2044 ἀρειανίζοντα

98 2039 122 2065 ἐν
136 2039 171 2073 οἷς
188 2044 273 2079 λόγοις
292 2048 415 2081 ἐξέδωκε,
431 2050 516 2085 μικρὰ
535 2052 581 2078 καὶ
602 2054 664 2089 περὶ
683 2055 765 2082 αὐτοῦ
783 2058 868 2084 εἰπεῖν

97 2085 138 2134 ῗῦκ
150 2088 253 2125 ἄκαιρον
269 2093 402 2129 ἡγοῦμαι.
414 2095 525 2130 Πρῶτον
541 2097 591 2132 μὲν
607 2085 670 2134 γάρ,
687 2109 713 2127 κ.
726 2110 750 2127 τ.
763 2101 787 2128 λ.

99 2128 202 2162 Primum
217 2137 302 2172 igitur
315 2128 558 2170 concilio-Nicaeae
573 2128 628 2180 quo
644 2128 751 2173 .Filium
773 2146 847 2175 Patri
861 2157 911 2176 con

99 2183 228 2211 consensit.
248 2185 281 2212 ln
292 2188 372 2215 tertio
388 2197 452 2217 vero
466 2189 536 2218 libro
550 2198 630 2225 quem
648 2191 687 2218 De
712 2193 765 2220 vita
782 2194 952 2223 Constantini

99 2229 254 2258 concordiam
272 2233 406 2267 incitavit,
428 2236 515 2264 donec
532 2237 675 2265 universos
702 2239 730 2265 in
755 2240 788 2268 iis
801 2241 835 2268 de
850 2243 948 2276 quibus

101 2274 262 2306 pmstitisset.
281 2279 356 2307 Adeo
375 2286 403 2308 ut
419 2282 434 2309 li

99 2369 251 2402 conspirasse
271 2376 446 2409 sententiam,
459 2378 524 2412 quid
544 2386 634 2407 causa:
649 2385 691 2407 est
702 2389 751 2408 cur
761 2385 886 2412 nonnulli

960 1968 1013 1997 Sed
1027 1973 1155 2005 quoniam
1170 1975 1244 2003 hunc
1267 1985 1385 2013 quoque,
1405 1980 1552 2009 Eusebium
1574 1984 1708 2020 Pamphili

923 2013 1052 2050 intelligoI
1071 2020 1194 2047 nonnulli
1211 2023 1350 2051 criminari
1376 2027 1466 2054 conati
1494 2032 1569 2062 s‘unt,
1597 2032 1708 2065 perinde

921 2060 998 2094 quasi
1015 2062 1146 2091 Arianum
1157 2065 1254 2102 dogma
1272 2069 1299 2096 in
1316 2070 1393 2099 libris
1407 2073 1464 2100 suis
1480 2078 1590 2103 secutus
1606 2075 1700 2110 fuerit.

920 2112 1102 2140 opportunum
1133 2110 1191 2139 fore
1210 2120 1309 2142 censeo
1334 2125 1420 2151 pauca
1447 2118 1480 2145 de
1495 2127 1528 2147 co
1557 2120 1703 2150 disserere.

915 2152 1120 2182 substantialem

1145 2156 1229 2185 fuisse
1254 2160 1394 2189 decretum
1421 2170 1473 2198 est,
1490 2170 1516 2193 et
1539 2167 1663 2195 interfuit
1677 2173 1703 2195 et

978 2201 1099 2234 scripsit,
1126 2203 1162 2229 ila
1187 2204 1328 2239 loquitur:
1348 2217 1357 2233 ι
1381 2209 1481 2238 Omnes
1507 2202 1655 2248 imperator
1669 2215 1702 2243 ad

966 2250 1044 2272 antea
1059 2247 1269 2284 dissentiebant,
1294 2256 1443 2284 concordes
1461 2262 1542 2293 atque
1557 2260 1701 2288 unanimes

1436 2283 1441 2284 ,
1481 2283 1542 2293 Ἶφ-
1560 2283 1700 2288 ,..κ......ν,

437 2283 485 2311 des
496 2283 618 2310 omnium
633 2291 754 2313 consona
773 2289 843 2323 apud
854 2288 972 2318 Nicaeam
987 2292 1145 2321 obtinuerit.
1162 2306 1170 2320 ι
1181 2296 1249 2324 Cum
1264 2300 1347 2335 igitur
1358 2302 1491 2332 Eusebius
1507 2305 1578 2334 illius
1590 2308 1700 2335 concilii

791 2322 794 2323 ν
1186 2322 1193 2324 ν
1207 2322 1249 2324 ﬁ...
1264 2322 1341 2335 ,εγ-ι..
1358 2322 1491 2332 vuum-nuo
1508 2322 1578 2334 nulla
1590 2322 1699 2335 LUllCllll

101 2322 245 2353 mentionem
255 2327 370 2363 facienS,
383 2335 496 2357 cunctas
512 2332 665 2359 animorum
676 2333 863 2365 dissensiones
874 2339 977 2373 sopitas
994 2348 1055 2368 esse
1071 2342 1153 2376 dicat,
1170 2350 1197 2372 et
1213 2347 1357 2376 universos
1369 2350 1395 2376 in
1414 2358 1496 2378 unam
1521 2356 1699 2391 eamdemque

101 2369 251 2391 [ξοηεηίωεαρ
271 2376 434 2391 εηηΙιὶοιΙῖηΜ
461 2378 523 2391 ι---ἶι1
546 2386 633 2391 ι-ιι--ι-λλ
652 2385 689 2391 υλ·
706 2389 750 2391 -νντ
858 2385 885 2391 “““
1010 2387 1015 2391 ’
1048 2389 1052 2391 ’

899 2393 961 2413 eum
974 2387 1131 2416 existiment
1149 2391 1251 2420 Ariano
1264 2394 1381 2429 dogmati
1394 2400 1567 2428 consentire?
1586 2401 1698 2429 Fallun-

1020 2413 1131 2416 μνεία-.-
1149 2413 1250 2420 .-η-...ν
1264 2413 1381 2429 uua-mu:
1394 2413 1565 2428 μυηθωιιιηςε
1586 2413 1695 2429 rultun-

99 2413 136 2437 llﬂ‘
144 2414 216 2444 etiam
233 2419 393 2457 Ariani,qui
406 2423 482 2450 illum
495 2425 617 2459 opinioni
639 2434 695 2454 sua:
709 2428 853 2465 suffragari
875 2431 1055 2460 arbitrantur.
1073 2434 1124 2462 Sed
1141 2436 1213 2465 dicet
1233 2439 1349 2468 fortasse
1372 2443 1482 2477 aliquis,
1499 2445 1576 2472 illum
1601 2447 1695 2475 Ariani

99 2455 213 2477 ηησηνιιεη
227 2471 359 2477 ,μη-.-γ
381 2475 388 2477 .
486 2470 492 2475 -
594 2475 598 2477 -
745 2475 752 2477 -
770 2475 775 2477 -
825 2476 829 2477 ν

99 2455 214 2492 dogmatis
227 2455 391 2495 assertorem
407 2469 505 2502 videri,
522 2475 665 2506 propterea

101 2507 292 2544 msPﬂﬂdemus,
309 2516 336 2539 et
356 2512 406 2539 hac
424 2514 449 2540 lo

460 2545 468 2548 _
690 2545 695 2546 γ
768 2545 789 2546 γε
807 2545 878 2555 η-ν,-‹

100 2545 228 2587 designant,
241 2557 444 2586 ecclesiasticos
459 2561 606 2595 scriptores
621 2563 660 2589 uti
672 2565 849 2593 consuevisse
869 2565 878 2602 (

101 2595 193 2625 Vocibus
212 2608 289 2629 usum
315 2602 411 2635 fuisse,
427 2605 473 2639 qui
491 2609 582 2634 tamen
599 2609 720 2643 perversi
735 2609 870 2645 dogmatis

100 2637 165 2668 Arius
176 2643 265 2675 Filium
277 2649 325 2676 Dei
339 2655 493 2679 creaturam
512 2654 624 2686 perinde
635 2662 667 2681 ac
683 2658 780 2683 caetera
803 2665 862 2691 qua

102 2690 202 2718 ιιιιωιηω
216 2693 247 2721 de
263 2694 314 2721 hac
329 2703 359 2722 re
374 2695 457 2723 fuerit
471 2696 581 2725 Eusebii
598 2701 733 2727 sententia
749 2701 777 2727 in
803 2690 874 2729 libro

681 2475 752 2508 quod
770 2475 797 2503 in
813 2476 891 2504 libris
907 2478 964 2506 suis
981 2480 1079 2507 crebro
1095 2481 1185 2510 dicere
1198 2485 1276 2518 solet,
1296 2494 1345 2513 rsn
1363 2496 1509 2518 cnmsrtnt.
1531 2493 1580 2519 Cui
1598 2501 1649 2521 nos
1667 2495 1694 2521 id

452 2515 552 2548 qttendi
564 2516 669 2545 ratione
685 2522 712 2546 et
729 2519 790 2546 aliis
807 2521 964 2555 huiusmodi
990 2531 1050 2558 qua:
1067 2515 1299 2560 dispensationem
1323 2531 1499 2562 immanitatis
1512 2536 1577 2564 Jesu
1589 2537 1695 2567 ChrlSti

881 2567 908 2602 α)
925 2577 931 2595 ;
951 2572 978 2595 et
993 2573 1056 2598 ante
1081 2571 1131 2599 hos
1157 2580 1251 2602 omnes
1279 2574 1392 2604 Paulum
1416 2581 1568 2614 apostolum
1596 2582 1693 2610 iisdem

890 2613 1021 2648 magister
1042 2624 1183 2652 nunquam
1206 2623 1247 2646 est
1268 2621 1451 2653 existimatus.
1482 2626 1614 2654 Ceterum
1628 2637 1692 2657 cum

878 2666 893 2685 a
910 2658 965 2687 Deo
983 2667 1073 2689 creata
1095 2668 1169 2697 sunt,
1189 2673 1272 2693 ausus
1287 2668 1322 2694 sit
1338 2669 1437 2704 dicere,
1454 2671 1527 2704 audi,
1544 2673 1568 2699 si
1592 2675 1690 2708 placet,

891 2704 981 2738 primo
999 2706 1037 2733 De
1049 2708 1229 2737 ecclesiastica
1246 2711 1375 2747 theologia
1391 2714 1461 2750 (cap.
1479 2716 1505 2748 9,
1525 2716 1578 2751 10).
1623 2704 1690 2746 1.Ῐηὶἐ

891 2732 900 2738 _
1027 2732 1032 2733 ,
1051 2732 1229 2737 _,,.--._-..-..
1246 2732 1374 2747 ...νυ-νυ...
1391 2732 1461 2750 μαμ-
1480 2732 1505 2748 υ,
1526 2732 1578 2751 ιυ].
1593 2732 1602 2744 ι
1623 2732 1689 2746 utu-

102 2732 198 2768 Kenilus,
212 2737 308 2774 inquit,
320 2739 374 2767 ‘Dei
397 2740 483 2770 Filius
497 2743 572 2771 solus
588 2745 646 2779 ipse
660 2749 686 2773 et
698 2754 753 2774 non
766 2747 836 2774 alius
855 2752 883 2775 et
899 2750 1064 2784 prasdicatur
1073 2757 1100 2781 et
1117 2758 1167 2782 est.
1194 2754 1270 2784 Unde
1287 2759 1382 2786 merito
1403 2762 1464 2795 quis
1484 2764 1689 2798 reprehenderit

131 2819 162 2857 (α)
177 2824 349 2860 Theodoritus
366 2832 394 2859 in
407 2842 464 2868 cap.
481 2837 593 2869 ιρι-ἕηκε
611 2837 737 2874 Ερὶδιοίω
749 2840 784 2867 ad
802 2840 922 2870 Corinth.

234 2886 369 2919 Ρηιιοι.
394 2888 454 2924 Gn.
478 2889 563 2923 XIX.
