1915 3135
200 160 235 189 75
675 158 841 188 YETERUM
861 158 1070 187 Tt-LSTHlONlA
1089 158 1158 186 PRO
1174 159 1330 187 EUSEBIO.
1792 162 1825 186 ’Ih

197 217 301 252 eosqui
316 223 470 246 creaturam
493 218 566 244 illum
592 216 684 244 dicere
711 225 766 244 non
782 217 955 248 dubitarunt,
968 225 1000 243 ex
1013 217 1099 244 nihilo
1114 217 1254 244 conditum
1270 216 1382 252 perinde
1394 224 1426 244 ac
1445 217 1565 252 reliquas
1577 220 1735 244 creaturas.
1751 215 1825 249 Quo-

197 263 280 290 modo
290 263 362 291 enim
386 262 469 290 Filius
485 262 575 293 fuerit,
592 262 730 296 quomodo
748 261 917 297 Unigenitus,
933 263 957 290 si
978 263 1101 290 eamdem
1126 270 1188 290 cum
1207 263 1312 289 exteris
1327 263 1460 290 creaturis
1478 267 1602 290 naturam
1629 257 1749 290 sortitus
1771 269 1824 293 est.

197 317 325 343 unusque
339 313 380 336 est
393 316 408 336 e
423 315 535 335 numero
547 315 638 334 rerum
651 312 817 339 rreatarum,
837 313 931 344 utpote
945 309 991 344 qui
1007 317 1060 336 una
1073 317 1134 336 curn
1151 309 1205 336 illis
1220 314 1297 335 ortus
1314 309 1350 336 sit
1363 317 1397 336 ex
1417 309 1513 336 nihilo.
1532 308 1633 336 Verum
1650 309 1747 336 divina
1762 315 1826 336 ora-

196 356 259 382 cula
277 362 330 381 non
343 354 379 380 ita
394 353 428 380 de
445 353 492 379 illo
508 353 670 387 praedicant.
691 363 701 379 ι
722 353 824 381 Deinde
836 355 931 389 paucis
945 354 1096 388 interjectis
1111 355 1167 382 hate
1181 355 1291 389 subjicit
1308 363 1315 380 :
1333 363 1342 379 ι
1359 354 1491 390 Quisquis
1508 356 1592 390 igitur
1610 354 1711 382 Filium
1728 356 1777 383 Dei
1791 363 1826 383 ex

201 402 288 429 nihilo
299 400 430 435 genitum.
446 403 472 426 et
486 403 640 427 creaturam
653 407 668 426 e
681 407 735 426 non
752 404 877 428 exstante
893 400 1056 436 productam
1072 409 1133 428 esse
1149 402 1257 433 asserit,
1270 402 1293 429 is
1308 410 1362 429 non
1373 401 1575 433 animadvertit.
1591 410 1622 429 se
1637 401 1745 429 nudum
1760 402 1824 436 qui-

200 447 261 475 dem
281 453 380 474 nomen
396 444 456 472 Filii
473 445 497 472 ei
513 445 673 476 concedere,
686 453 780 472 revera
795 450 885 473 tamen
897 454 958 474 eum
975 445 1072 473 Filium
1095 455 1252 482 pernegare.
1266 447 1317 480 Qui
1333 448 1404 475 enim
1425 455 1457 474 ex
1471 448 1556 474 nihilo
1571 448 1681 483 genitus
1695 455 1751 480 est,
1762 454 1826 475 vero

195 494 280 522 Filius
296 492 342 520 Dei
359 499 422 520 esse
436 499 490 518 non
504 495 603 525 potest,
620 491 692 518 sicut
705 498 754 518 nec
770 491 878 526 quidvis
894 491 967 518 aliud
984 491 1056 526 quod
1068 492 1188 526 genitum
1209 493 1254 519 sit.
1270 491 1355 520 Verus
1370 495 1460 518 autem
1482 491 1568 520 Filius
1590 492 1649 525 Dei,
1666 497 1764 527 utpote
1775 492 1823 528 qui

194 550 227 570 ex
248 541 294 568 illo
309 544 442 575 tanquam
457 547 491 566 ex
514 539 593 566 Patre
615 539 724 574 genitus
750 543 802 570 est,
822 539 978 574 unigenitus
995 543 1022 566 ct
1037 539 1154 567 dilectus
1168 539 1258 566 Patris
1275 540 1373 567 merito
1384 539 1494 566 dicitur.
1523 539 1564 566 0b
1592 540 1719 566 eamdem
1739 540 1825 567 etiam

194 594 306 615 causam
318 585 390 613 Deus
408 585 466 619 ipse
478 589 531 613 cst.
551 584 618 617 Quis
633 585 706 611 enim
724 585 796 611 alius
811 584 858 612 Dei
872 584 944 612 fetus
960 593 1021 612 esse
1036 586 1132 619 possit,
1149 591 1230 620 quam
1244 585 1282 612 illi
1302 585 1353 620 ipsi
1371 593 1419 620 per
1429 585 1522 612 omnia
1538 585 1712 612 simillimus?
1721 586 1825 613 Condit

193 631 303 666 quidem
317 631 412 658 urbem
429 631 589 666 imperator,
606 630 654 658 sed
665 638 725 658 eam
738 638 794 657 non
808 630 895 666 gignit
909 640 915 657 :
934 630 1019 657 ﬁlium
1035 635 1125 658 autem
1142 631 1251 666 gignere
1258 631 1370 662 dicitur,
1383 639 1437 658 non
1453 632 1580 658 condere.
1598 631 1705 659 Artifex
1717 637 1824 664 autem,

193 679 272 707 faber
289 679 391 706 dicitur
404 678 464 713 ejus
477 679 548 714 quod
564 679 713 706 fabricatus
729 682 783 709 est,
797 686 851 705 non
872 683 958 713 pater.
981 677 1042 705 Filii
1058 686 1123 706 vero
1147 679 1189 706 sui
1215 686 1386 714 nequaquam
1414 678 1492 706 faber
1514 679 1625 706 dicitur.
1653 679 1691 706 Ita
1710 688 1824 715 quoque

194 733 319 752 summus
333 725 414 759 hujus
432 725 552 752 universi
570 725 653 754 Deus.
672 724 732 751 Filii
747 725 858 760 quidem
873 725 915 752 sui
930 729 1016 760 pater,
1037 725 1130 752 mundi
1146 733 1210 752 vero
1223 725 1298 752 faber
1313 730 1340 752 et
1356 725 1482 752 conditor
1499 726 1596 753 merito
1610 725 1724 753 dicitur.
1744 726 1824 760 Quod

193 771 218 800 si
236 771 320 799 semel
335 772 361 798 in
376 771 525 806 Scripturis
540 771 692 798 inveniatur
706 771 820 802 dictum,
834 770 962 798 Dominus
981 772 1078 798 crearit
1087 780 1126 798 me
1139 773 1243 798 initium
1255 773 1357 799 ciarum
1369 781 1478 799 suarum
1491 773 1526 799 ad
1540 781 1618 808 opera
1632 781 1694 805 sua,
1707 781 1824 800 scnsum

194 818 285 853 ipsum
302 818 446 844 verborum
467 817 602 852 inspicere
624 817 768 848 debemus,
786 824 866 852 quem
883 817 964 852 paulo
981 822 1040 852 post
1069 825 1223 852 exponam:
1241 825 1302 850 nec,
1323 823 1352 845 ut
1376 818 1520 846 Marcellus
1543 818 1620 851 facit,
1645 820 1682 846 ob
1707 819 1823 846 unicum

196 864 394 896 testimonium,
411 864 578 900 praecipuum
599 862 730 891 Ecclesia
745 862 842 898 dogma
864 863 1028 892 convellere.
1050 873 1060 889 .-
1078 863 1140 891 Haec
1156 868 1184 891 et
1199 864 1251 891 alia
1268 865 1385 899 plurima
1402 865 1436 892 ab
1456 864 1575 892 Eusebio
1591 865 1729 900 Pamphili
1747 866 1823 893 dicta

195 916 260 940 sunt
279 912 306 938 in
322 911 390 938 libro
406 912 529 940 adeum:
544 909 713 938 Marcellum.
734 910 763 936 In
781 910 864 936 tertio
879 914 968 936 autem
984 910 1106 945 ejusdem
1119 911 1209 945 operis
1222 911 1302 943 libro,
1317 910 1418 938 docens
1434 911 1572 946 quomodo
1589 912 1769 946 intelligenda
1786 912 1824 939 sit

197 958 255 985 hate
270 966 319 984 vox
336 957 448 992 κτίσμα,
465 958 501 983 ita
518 957 638 992 loquitur
654 966 660 983 :
679 964 688 980 ι
709 954 757 982 llis
775 956 811 981 ita
827 956 996 987 constitutis,
1013 963 1185 991 consequens
1200 961 1254 987 est,
1270 961 1311 989 ut,
1325 956 1555 992 quemadmodum
1569 957 1615 984 illa
1630 966 1691 992 quae
1702 966 1824 993 praeces-

198 1008 304 1034 serunt,
321 1004 362 1030 sic
387 1003 469 1030 etiam
494 1003 551 1030 hate
565 1002 646 1029 verba
665 1010 671 1028 :
690 1001 819 1028 Dominus
846 1001 963 1028 condidit
981 1010 1020 1028 me
1042 1002 1147 1028 initium
1174 1003 1275 1029 uiarum
1299 1011 1410 1029 auarum
1427 1003 1461 1028 ad
1476 1010 1554 1036 opera
1574 1012 1625 1030 sua
1640 1005 1662 1035 ί,
1677 1003 1713 1031 de
1726 1004 1823 1032 eadem

195 1059 313 1087 persona
331 1051 404 1079 dicta
421 1052 486 1078 sint.
505 1049 582 1082 Quod
596 1049 619 1076 si
636 1052 759 1075 creatum
771 1055 800 1074 se
819 1055 881 1074 esse
894 1047 972 1079 dicit.
991 1055 1044 1075 non
1069 1048 1106 1074 ita
1124 1049 1314 1084 accipiendum
1329 1054 1382 1080 est,
1396 1049 1474 1084 quasi
1501 1049 1584 1083 dicat,
1601 1058 1631 1078 se
1650 1049 1685 1078 de
1698 1059 1755 1078 non
1773 1059 1823 1078 ex-

196 1100 332 1129 stantibus
347 1099 379 1126 ad
390 1098 415 1126 id
432 1097 505 1133 quod
521 1100 563 1124 est
574 1096 741 1131 pervenisse.
758 1100 785 1122 ct
800 1095 913 1129 perinde
929 1103 961 1121 ac
978 1095 1098 1130 reliquas
1113 1101 1254 1123 creaturas
1268 1104 1302 1123 ex
1319 1097 1406 1123 nihilo
1418 1096 1559 1124 conditus.
1575 1105 1647 1129 esse,
1666 1098 1741 1125 sicut
1755 1106 1825 1125 non-

195 1148 263 1177 nulli
276 1153 416 1183 perperam
433 1145 634 1172 existimarunt.
650 1141 703 1170 Sed
720 1142 745 1168 id
761 1142 836 1174 dicit,
853 1146 946 1177 utpote
957 1142 1003 1176 qui
1024 1143 1155 1170 subsistat
1175 1150 1206 1170 ac
1223 1143 1393 1178 pmexsistat
1405 1148 1468 1172 ante
1491 1145 1716 1172 constitutionem
1738 1146 1824 1172 totius

196 1194 306 1227 mundi;
327 1200 342 1219 a
360 1192 438 1219 Patre
448 1195 538 1219 autem
545 1198 600 1218 suo
619 1197 650 1216 ac
663 1188 778 1215 Domino
794 1187 925 1222 Princeps
937 1195 968 1215 ac
981 1187 1081 1215 ﬂector
1097 1188 1178 1222 hujus
1194 1189 1315 1216 universi
1331 1190 1498 1218 constitutus
1510 1190 1546 1218 sit
1559 1199 1566 1217 :
1581 1190 1650 1217 adeo
1666 1194 1697 1217 ut
1709 1191 1825 1218 verbum

195 1241 248 1268 hoc
267 1241 384 1269 ἔκτισεν,
397 1238 516 1274 positqu
535 1237 571 1265 sit
583 1237 634 1264 hoc
646 1238 707 1262 loco
724 1242 774 1270 pro
790 1234 939 1260 constituit.
952 1233 1033 1261 Certe
1048 1234 1189 1268 apostolus
1203 1234 1313 1266 Petrus,
1334 1236 1474 1270 principes
1489 1240 1517 1263 ct
1529 1241 1651 1264 rectores
1666 1237 1716 1272 qui
1732 1237 1825 1264 homi-

194 1289 276 1316 nibus
285 1289 415 1322 przesunt,
433 1284 536 1312 diserte
549 1287 703 1310 creaturam
719 1281 848 1316 appellat,
871 1280 914 1308 his
936 1280 1050 1307 verbis:
1068 1279 1187 1315 Subjecti
1211 1286 1294 1308 estote
1319 1283 1392 1309 omni
1415 1283 1537 1309 humana
1561 1288 1693 1310 creaturae
1717 1289 1827 1318 propter

194 1336 348 1364 Dominum.
362 1332 414 1360 sire
426 1333 480 1367 regi
495 1331 572 1366 quasi
583 1329 753 1364 prttcellenti,
768 1328 821 1354 sive
842 1327 988 1354 rectoribus
1003 1332 1127 1362 tanquam
1140 1329 1172 1354 ab
1187 1327 1235 1354 illo
1247 1329 1334 1355 missis
1345 1329 1368 1356 ‘.
1383 1328 1518 1364 Propheta
1534 1337 1644 1364 quoque
1655 1336 1718 1356 cum
1731 1328 1802 1356 dicit
1818 1338 1825 1355 ς

194 1383 325 1418 Ρητραω
340 1387 374 1412 te,
392 1379 490 1410 Israel,
506 1378 539 1405 ad
553 1376 728 1404 invocantium
745 1374 830 1402 Deum
848 1379 932 1406 tuum,
946 1375 1070 1409 quoniam
1084 1383 1140 1401 ecce
1151 1375 1195 1408 qui
1213 1375 1304 1409 ﬁrmat
1332 1376 1444 1408 tonitru,
1473 1381 1498 1402 et
1525 1377 1570 1411 qui
1591 1381 1663 1403 creat
1679 1376 1826 1411 Spiritum,

193 1430 238 1466 qui
265 1427 406 1455 annuntiat
431 1424 579 1451 hominibus
598 1423 733 1450 Christum
750 1421 860 1453 suum’;
877 1420 928 1446 hoc
950 1421 1061 1447 verbum
1078 1419 1188 1452 κτίζων,
1200 1428 1255 1448 non
1269 1421 1374 1456 accepit
1387 1429 1436 1456 pro
1451 1429 1483 1449 eo
1493 1421 1566 1457 quod
1584 1422 1686 1449 factum
1702 1427 1747 1450 est
1761 1431 1827 1450 cum

195 1480 276 1505 antea
290 1481 347 1502 non
361 1476 443 1500 esset.
459 1470 553 1505 Neque
569 1470 641 1497 enim
653 1474 718 1496 tunc
736 1468 808 1496 Deus
825 1467 929 1494 creavit
955 1466 1097 1502 Spiritum,
1113 1475 1176 1494 cum
1192 1467 1332 1495 Christum
1347 1476 1427 1496 suum
1445 1477 1493 1504 per
1510 1469 1587 1497 illum
1604 1470 1714 1497 cunctis
1731 1470 1825 1498 homi-

195 1523 279 1550 nibus
306 1518 487 1546 annuntiavit.
516 1515 588 1542 Nihil
603 1515 703 1550 quippe
727 1514 779 1541 sub
801 1514 858 1541 sole
877 1521 977 1540 novum
1003 1518 1054 1540 est.
1073 1512 1125 1540 Sed
1143 1517 1201 1540 crat
1215 1513 1324 1548 quidem
1347 1518 1426 1541 antea
1451 1513 1570 1549 Spiritus
1586 1519 1613 1542 et
1628 1515 1802 1543 subsistebat
1818 1524 1826 1543 :

195 1569 295 1597 Missus
309 1572 347 1594 est
359 1570 448 1593 autem
462 1569 522 1591 tant:
545 1571 603 1590 cum
619 1562 731 1597 apostoli
742 1562 891 1596 congregati
905 1566 1001 1594 essent,
1020 1561 1125 1596 quando
1142 1569 1222 1588 sonus
1238 1561 1325 1588 instar
1338 1562 1448 1588 tonitrui
1467 1562 1554 1596 fucus
1572 1567 1612 1590 est
1632 1562 1664 1590 de
1680 1563 1748 1590 caelo
1765 1568 1828 1589 tan-

194 1623 273 1651 quam
288 1612 436 1649 ingruentis
453 1609 569 1644 Spiritus
595 1608 749 1636 vehementis
764 1614 808 1635 :et
821 1608 913 1642 repleti
934 1612 996 1634 sunt
1013 1605 1113 1641 Spiritu
1131 1612 1233 1634 sancto.
1251 1607 1340 1642 Atque
1366 1607 1402 1634 ita
1425 1607 1566 1635 Christum
1594 1607 1641 1636 Dei
1662 1608 1827 1636 hominibus

194 1661 389 1697 praedicarunt,
403 1658 480 1693 juxta
498 1655 665 1691 prophetiam
682 1662 742 1689 quae
757 1654 823 1682 dicit
840 1665 846 1681 :
865 1654 932 1681 Ecce
941 1655 965 1681 is
975 1654 1019 1689 qui
1030 1654 1120 1688 ﬁrmat
1133 1655 1233 1680 tonitru
1246 1658 1271 1680 et
1287 1654 1331 1689 qui
1345 1659 1417 1681 creat
1431 1654 1605 1696 Spiritum,“
1617 1656 1662 1691 qui
1677 1659 1826 1685 annuntiat

193 1706 344 1734 hominibus
359 1704 494 1732 Christum
507 1711 594 1730 suum.
613 1701 664 1729 Ubi
678 1701 841 1729 vocabulum
856 1701 922 1728 illud
944 1709 1038 1728 creatis
1052 1701 1171 1736 positum
1189 1706 1231 1728 est
1244 1708 1294 1736 pro
1314 1702 1430 1733 mittens,
1445 1702 1488 1729 vel
1511 1710 1560 1737 pro
1581 1703 1725 1736 disponens
1741 1699 1827 1740 ’atque

195 1755 366 1782 constituens.
386 1752 500 1779 Tonitru
522 1758 587 1778 vero
611 1750 737 1778 sitniliter
754 1749 892 1784 Evangelii
911 1749 1133 1784 praedicationem
1159 1748 1305 1783 signiﬁcat.
1334 1748 1418 1776 David
1444 1757 1553 1784 quoque
1581 1757 1642 1776 cum
1658 1750 1728 1777 dicit
1747 1761 1754 1778 ε
1770 1750 1827 1778 εον

194 1799 323 1827 mundum
336 1806 397 1825 crea
409 1798 435 1824 in
450 1805 500 1827 me.
518 1795 588 1823 Deus
599 1796 621 1829 ⁸,
633 1803 688 1822 non
708 1795 759 1822 hoc
771 1794 841 1822 dixit
855 1794 933 1829 quasi
949 1801 998 1820 cor
1015 1798 1093 1820 antea
1107 1801 1162 1820 non
1178 1793 1289 1822 haberet
1305 1804 1311 1822 :
1327 1795 1374 1822 sed
1394 1794 1489 1822 orabat
1504 1799 1533 1821 ut
1548 1802 1627 1822 mens
1644 1803 1714 1830 pura
1727 1796 1757 1824 in
1779 1805 1826 1824 se-

195 1849 255 1883 ipso
270 1845 458 1882 perﬁceretur.
474 1844 575 1871 Eadem
589 1843 696 1870 ratione
707 1841 810 1868 dictum
826 1847 868 1868 est
881 1840 958 1870 illud,
970 1844 998 1866 ut
1013 1839 1080 1867 duos
1095 1841 1122 1867 in
1134 1849 1215 1867 unum
1229 1849 1322 1868 novum
1333 1841 1465 1868 hominem
1477 1846 1590 1874 crearet,
1606 1841 1632 1869 id
1650 1847 1693 1869 est
1705 1844 1826 1877 conjun-

194 1897 280 1928 gerct.
294 1891 360 1919 Vide
372 1895 462 1918 autem
477 1897 568 1916 annon
584 1888 706 1923 ejusdem
724 1887 833 1922 generis
847 1888 883 1914 sit
895 1890 922 1914 et
937 1886 1004 1913 illud
1020 1896 1027 1913 ε
1045 1886 1199 1913 Induamini
1210 1895 1304 1914 novum
1315 1886 1444 1914 hominem
1465 1887 1509 1921 qui
1527 1893 1565 1914 est
1581 1888 1725 1915 secundum
1738 1888 1825 1916 Deum

194 1941 327 1969 creatut'.
341 1939 407 1966 Item
425 1937 508 1966 illud:
526 1936 556 1964 Si
571 1944 622 1971 qua
634 1935 716 1970 igitur
729 1935 755 1961 in
771 1933 877 1961 Christo
891 1941 957 1960 nom
969 1939 1090 1960 creatura
1102 1941 1111 1965 ;
1122 1937 1149 1960 et
1164 1941 1332 1968 quacunque
1350 1933 1402 1960 alia
1425 1932 1559 1966 ejusmodi
1576 1935 1689 1968 reperiri
1704 1940 1826 1969 possunt.

193 1987 230 2015 ab
244 1986 278 2014 iis
290 1986 336 2022 qui
351 1985 514 2020 .Scripturas
530 1983 664 2010 divinitus
679 1982 828 2018 inspiratas
843 1981 953 2009 curiose
975 1985 1145 2008 scrutantur.
1161 1981 1199 2008 Ne
1222 1981 1331 2008 mireris
1349 1989 1414 2016 ergo
1430 1981 1453 2007 si
1471 1980 1498 2007 in
1518 1980 1571 2008 hoc
1592 1981 1664 2014 loco,
1689 1982 1824 2010 Dominus

193 2033 292 2062 creavit
305 2041 345 2059 me
357 2032 464 2059 initium
478 2031 581 2058 uiarum
593 2037 714 2059 suarum.
731 2028 846 2055 verbum
862 2027 958 2054 creavit
974 2026 1136 2054 translative
1150 2026 1270 2061 positum
1284 2031 1327 2054 est
1340 2034 1390 2061 pro
1405 2027 1541 2053 constituit
1556 2031 1585 2054 et
1600 2032 1732 2054 rectorem
1748 2028 1825 2054 ordi-

194 2078 357 2106 navitJHtec
369 2077 503 2105 Eusebius
518 2075 614 2103 scribit
631 2076 658 2102 in
676 2074 754 2101 libris
767 2079 860 2101 contra
876 2072 1046 2099 Marcdlum.
1068 2071 1133 2104 Qua:
1156 2079 1207 2100 nos
1235 2072 1278 2098 hic
1303 2071 1468 2099 adduximus
1490 2076 1601 2107 propter
1613 2081 1662 2100 eos
1678 2073 1726 2108 qui
1744 2073 1823 2100 illum

195 2126 299 2153 frustra
313 2124 453 2152 criminari
469 2129 496 2150 et
512 2122 655 2150 traducere
672 2125 819 2148 conantur.
834 2119 928 2154 Neque
948 2119 1020 2146 enim
1037 2119 1152 2154 probare
1167 2123 1292 2153 possunt,
1313 2118 1461 2146 Eusebium
1477 2119 1586 2146 initium
1604 2121 1734 2147 essentia:
1751 2120 1824 2148 Filio

195 2171 339 2203 tribuisse,
351 2170 458 2197 tametsi
472 2168 686 2204 dispensationis
701 2166 842 2193 vocabulis
860 2166 961 2200 passim
980 2165 1008 2192 in
1027 2166 1104 2192 libris
1119 2165 1177 2193 suis
1189 2169 1281 2192 utatttr
1298 2174 1305 2192 ε
1322 2165 1473 2199 praesertim
1494 2172 1555 2192 cum
1571 2166 1738 2200 scriptorum
1755 2166 1821 2194 Ori-

195 2218 273 2253 genis
284 2216 406 2244 imitator
421 2219 448 2242 et
464 2214 615 2242 admirator
624 2213 772 2244 exstiterit,
790 2213 818 2238 in
837 2212 937 2246 quibus
954 2211 1052 2238 Filium
1076 2219 1108 2238 ex
1135 2210 1215 2237 Patre
1231 2211 1351 2245 genitum
1368 2219 1477 2246 semper
1504 2211 1648 2246 praedicari
1672 2212 1824 2246 reperient,

191 2262 350 2296 quicunque
371 2260 536 2288 reconditam
560 2261 686 2297 Origenis
705 2261 859 2290 doctrinam
877 2259 1052 2294 intelligentia
1070 2259 1178 2294 assequi
1198 2262 1324 2295 possunt.
1341 2258 1429 2292 Atque
1444 2257 1502 2285 lucc
1514 2256 1603 2284 obiter
1617 2256 1691 2284 dicta
1708 2257 1777 2291 sint,
1794 2260 1826 2286 ut

191 2297 303 2325 Eusebii
320 2296 549 2324 obtrectatoribus
565 2296 756 2333 respondeam.

679 2353 844 2381 .Sozomcnus
857 2353 883 2379 in
897 2351 963 2380 libro
981 2359 989 2379 ι
1004 2352 1131 2382 Historiae
1143 2353 1347 2382 ecclesiasticae.

235 2407 324 2442 Atque
345 2405 454 2433 animus
476 2403 585 2439 quidem
609 2405 679 2433 erat.
703 2401 755 2428 hoc
773 2408 843 2436 opus
863 2399 898 2427 ab
925 2399 984 2435 ipso

1076 2400 1212 2437 Ὠρμήθην
1227 2400 1256 2428 δὲ
1275 2400 1306 2427 τὸ
1329 2399 1457 2436 ἀπαρχῆς
1476 2399 1578 2435 ταύτην
1595 2399 1756 2435 συγγράψαι
1777 2402 1830 2435 τὴν

199 2454 362 2483 Christianae
380 2451 521 2488 religionis
537 2449 649 2478 exordio
675 2451 807 2482 repetere.
840 2446 894 2474 Sed
920 2453 983 2474 cuiu

1039 2446 1226 2483 πραγματείαν
1237 2455 1245 2463 ο
1267 2446 1441 2481 λογισάμενος
1457 2445 1486 2472 δὲ
1507 2445 1545 2477 ὡς
1567 2445 1614 2472 καὶ
1631 2445 1707 2473 ἄλλοι
1725 2446 1831 2482 ταύτης

200 2501 446 2530 animadverterent
471 2497 542 2525 alios
559 2495 719 2531 scriptores,
735 2493 902 2521 Clementem
922 2491 985 2519 dico

1039 2493 1221 2529 ἐπειράθησαν
1239 2493 1319 2528 μέχρι
1329 2492 1382 2518 τῶν
1397 2493 1456 2519 κατ’
1469 2491 1567 2523 αὐτοὺς
1580 2492 1695 2528 χρόνων,
1709 2493 1831 2528 Κλήμης

197 2551 227 2574 et
240 2545 435 2580 Hegesippum,
454 2543 528 2570 viros
545 2539 772 2577 sapientissimos,
789 2538 835 2573 qui
848 2537 986 2572 apostolo-

198 2600 259 2620 rum
275 2590 446 2626 temporibus
462 2588 584 2624 proxime
605 2588 810 2615 successerunt.
826 2583 985 2610 Africanum

197 2642 331 2666 praetcrea
357 2635 537 2665 historicum.
565 2637 592 2660 et
617 2632 781 2662 Eusebium,
805 2631 986 2664 cognomento

197 2683 369 2719 Pamphilum
385 2682 485 2718 (virum
504 2685 560 2707 tum
580 2680 607 2706 in
630 2677 718 2706 sacris
744 2675 854 2705 litteris,
879 2672 986 2719 tumin

198 2718 286 2757 metis
303 2729 419 2763 aliisque
439 2726 620 2762 scriptoribus
647 2722 795 2759 gentilibus
814 2718 986 2747 exercitatis-

199 2775 322 2809 simum),
339 2775 408 2802 idem
425 2774 514 2809 ipsum
529 2771 564 2799 ad
577 2779 626 2799 sua
645 2771 767 2805 ipsorum
779 2773 901 2802 tempora
916 2764 986 2792 scri-

200 2821 264 2849 bere
277 2828 429 2856 aggressos,
441 2824 495 2847 etc.

1036 2549 1067 2567 τε
1080 2541 1128 2567 καὶ
1149 2540 1327 2574 Ἡγήσιππος,
1349 2538 1443 2574 ἄνδρες
1465 2537 1624 2572 σοφώτατοι,
1643 2539 1676 2574 τῇ
1691 2538 1748 2566 τῶν
1762 2540 1832 2567 ἁπο-

1041 2587 1138 2614 στόλων
1153 2586 1259 2621 διαδοχῇ
1279 2584 1574 2620 παρακολουθήσαντες,
1600 2585 1647 2612 καὶ
1664 2585 1832 2621 Ἀφρικανὸς

1038 2634 1052 2659 ὁ
1072 2632 1256 2667 συγγραψεὺς,
1281 2631 1328 2657 καὶ
1352 2624 1478 2662 Εὐσέϐιος
1501 2631 1515 2656 ὸ
1535 2630 1650 2666 ἐπίκλην
1670 2631 1831 2666 Παμφίλου,

1039 2677 1109 2713 ἀνὴρ
1125 2677 1178 2703 τῶν
1197 2676 1274 2702 θείων
1289 2676 1401 2711 Γραφῶν
1415 2676 1461 2702 καὶ
1475 2676 1529 2701 τῶν
1543 2677 1607 2711 παρ’
1622 2676 1738 2711 Ἕλλησι
1753 2685 1832 2714 1:th-

1039 2723 1092 2749 τῶν
1105 2722 1152 2749 καὶ
1167 2722 1343 2757 συγγρεφέων
1365 2721 1600 2756 πολυμαθέστατος
1620 2722 1715 2758 ἴστωρ.

230 2877 339 2905 ‘I’rov.
358 2878 472 2913 vut,22.
510 2879 519 2894 '
537 2877 552 2904 1
573 2876 646 2904 Petr.
669 2883 700 2908 lt,
721 2874 762 2902 li.
787 2873 812 2913 1'
826 2872 906 2899 Amos
930 2879 966 2903 tv,

1054 2869 1079 2911 “
1094 2868 1167 2896 Psal.
1183 2875 1208 2900 L,
1228 2867 1270 2895 12.
1308 2867 1318 2882 ³
1337 2865 1432 2901 Ephes.
1451 2872 1488 2897 iv,
1502 2863 1548 2891 ει.
