1915 3135
90 151 124 179 ῗἹ
600 155 770 184 VETERUM
791 155 1001 183 TESTIMONIA
1020 155 1088 183 PRO
1105 155 1266 185 EUSEBIO.
1706 156 1739 182 78

703 215 836 243 Victorius
849 217 876 242 in
889 215 1001 244 Canone
1019 215 1155 244 Paschali.

130 258 299 289 Recensitis
310 262 399 298 igitur
414 262 539 290 lldelibus
550 262 674 290 historiis
685 268 817 295 veterum,
829 262 903 290 beati
914 262 1018 291 scilicet
1031 262 1139 290 Eusebii
1150 262 1328 290 Caesariensis
1340 261 1491 289 Palaestina
1500 261 1619 289 civitatis
1632 260 1738 295 cpisco-

103 308 205 343 pi,viri
223 308 253 335 in
272 309 377 343 primis
405 310 583 338 eruditissimi
613 315 694 345 atque
726 310 889 343 doctissimi,
913 310 1050 338 Chronicis
1074 310 1257 346 prologoque;
1283 318 1315 337 ac
1330 309 1442 345 perinde
1464 309 1507 337 his
1523 317 1584 344 quae
1606 316 1622 336 a
1639 313 1740 336 sancta:

105 353 247 382 inemoria:
263 354 438 392 Hieronymo
452 356 557 384 hisdem
572 356 710 384 Chronicis
723 361 788 384 sunt
801 356 916 391 adjecta.

107 411 293 447 Hieronymus
315 413 343 440 in
357 413 481 449 Epistola
495 413 530 441 ad
544 412 728 441 Chromatium
740 417 765 441 et
779 412 963 445 Heliodorum,
986 421 1043 448 qua:
1061 412 1208 447 prta/igitur
1225 411 1417 448 Martyrologio
1433 413 1502 448 quod
1524 412 1556 440 Β.
1582 412 1740 448 Hieronymi

519 482 524 492 Ι
761 449 916 482 inscriptum
928 453 967 475 est
982 449 1096 475 nomine.
1377 483 1384 489 I

143 506 265 535 Constat
282 506 428 535 Dominum
442 511 566 535 nostrum
590 506 683 534 Jesum
703 507 843 535 Christum
857 507 931 535 omni
948 507 992 534 die
1009 510 1160 543 martyrum
1177 514 1290 534 suorum
1304 507 1457 542 triumphos
1471 507 1607 541 excipere,
1622 513 1739 541 quorum

107 553 290 588 passionesa
306 558 404 582 sancto
419 554 536 582 Eusebio
550 554 713 582 Caesariensi
725 554 855 589 episcopo
875 554 993 589 scriptas
1014 554 1176 589 reperimus.
1197 553 1265 581 Nam
1286 553 1485 581 Constantinus
1510 553 1658 589 Augustus,
1676 558 1738 579 cum

106 601 270 629 Caesaream
286 599 384 629 fuisset
403 601 553 636 ingressus.
570 604 597 627 et
608 600 712 628 diceret
723 604 872 627 memorato
885 600 1010 633 antistiti,
1027 603 1056 626 ut
1067 603 1170 634 peteret
1182 599 1273 634 aliqua
1287 599 1416 626 beneficia
1434 599 1595 626 Caesariensi
1612 597 1739 626 Ecclesia:

111 646 277 684 profutura,
297 646 399 682 legitur
413 646 587 683 respondisse
599 646 747 673 Eusebium
766 654 771 672 :
789 646 893 682 Opibus
910 646 968 673 suis
983 645 1134 673 Ecclesium
1146 645 1271 677 dilatam,
1287 645 1362 672 nulia
1373 645 1481 680 petendi
1496 645 1626 672 beneﬁcia
1641 652 1737 673 neces-

106 697 195 724 sitate
212 694 362 729 compelli:
382 694 434 722 sibi
449 698 540 723 tamen
549 693 715 722 desiderium
732 693 871 721 immobile
882 693 1029 725 exstitisse,
1047 696 1076 719 ut
1092 692 1224 728 quidquid
1239 692 1267 719 in
1285 691 1422 727 republica
1438 691 1560 719 Romana
1580 695 1685 727 gestum
1703 692 1738 720 sit

105 746 176 776 erga
193 745 308 768 sanctos
323 740 370 768 Dei
385 748 433 775 per
453 740 563 776 judices
576 740 716 776 iudicibus
732 739 909 767 succedentes
929 739 956 766 in
972 738 1100 766 universo
1121 739 1187 766 orbe
1209 737 1344 770 Romano,
1374 737 1490 766 sollicita
1517 739 1735 773 perscrutatione

106 790 295 813 monumenta
312 787 420 822 publica
436 786 610 813 discutienda
624 785 829 823 perquirerent;
845 789 872 812 et
891 784 938 820 qui
965 789 1113 820 martyrum
1129 791 1144 810 a
1164 791 1219 819 quo
1229 784 1332 818 judice,
1345 784 1372 811 in
1388 791 1441 819 qua
1465 784 1605 819 pr0vincia
1615 784 1657 812 vel
1672 785 1740 812 civi-

107 835 181 863 tate,
193 840 248 868 qua
265 832 310 860 die
322 840 410 868 quave
423 832 636 867 perseverantia,
652 831 787 866 passionis
808 838 865 858 sum
881 829 1050 857 obtinuerint
1063 830 1192 865 palmam,
1209 830 1243 858 de
1257 830 1324 866 ipsis
1338 830 1456 858 archivis
1473 830 1590 859 sublata.
1611 831 1662 866 ipsi
1684 830 1740 858 Eu-

108 877 192 905 sebio
209 878 288 913 regio
297 878 378 913 jussu
395 878 554 913 dirigerent.
570 877 649 905 Unde
673 877 776 905 factum
790 881 843 909 est,
857 881 887 903 ut
909 875 1024 903 idoneus
1043 876 1143 903 relator
1157 876 1304 908 exsistens,
1316 882 1342 904 et
1356 876 1573 904 Ecclesiaslicam
1586 877 1738 905 Historiam

107 928 232 956 texeret,
244 927 273 951 et
287 924 409 951 omnium
430 931 499 959 pene
519 927 670 959 martyrum
691 923 894 958 provinciarum
915 921 1037 948 omnium
1054 922 1237 950 Romanarum
1253 927 1352 958 tropzea
1367 923 1483 957 diligens
1500 922 1739 959 historiograpbus

107 970 280 998 declararet.

596 1002 716 1031 Gelasiua
729 1011 798 1037 papa
812 1004 839 1030 in
848 1002 951 1030 decreto
966 1001 998 1029 de
1017 1002 1092 1029 libris
1105 1002 1270 1037 apocryphis.

149 1063 219 1090 hem
237 1063 368 1091 Chronica
386 1062 495 1090 Eusebii
506 1061 695 1093 Caesariensis.
711 1064 738 1088 et
751 1059 875 1094 ejusdem
895 1059 1088 1086 Ecclesiaslicw
1101 1058 1218 1086 historice
1229 1059 1312 1087 libros
1323 1082 1330 1093 ,
1352 1059 1477 1094 quamvis
1487 1060 1514 1087 in
1538 1059 1626 1095 primo
1642 1065 1737 1088 narra-

107 1110 199 1137 tionis
216 1117 275 1137 sute
288 1109 359 1137 libro
372 1109 498 1144 tepuerit,
514 1113 541 1136 et
556 1112 650 1144 postea
667 1107 695 1134 in
712 1106 840 1135 laudibus
855 1110 938 1140 atque
954 1106 1131 1133 excusatione
1141 1104 1265 1140 Origenis
1282 1105 1451 1133 schismatici
1464 1114 1547 1133 unum
1563 1107 1737 1142 conscripsev

109 1155 150 1182 rit
167 1155 283 1186 librum,
295 1158 407 1189 propter
420 1161 510 1181 rerum
528 1157 617 1180 tamen
628 1152 753 1180 notitiam
765 1151 943 1186 singularem,
959 1147 1019 1185 quae
1035 1150 1069 1178 ad
1086 1150 1293 1178 instructionem
1308 1151 1454 1186 pertinent,
1471 1160 1667 1189 usquequaque
1682 1163 1736 1183 non

109 1200 235 1229 dicimus
253 1199 418 1228 renuendos.

672 1242 746 1270 Idem
763 1242 791 1269 in
802 1241 870 1269 libro
885 1241 922 1268 De
937 1241 1044 1268 duabus
1061 1241 1177 1269 naturis.

149 1303 319 1339 Utidipsum
336 1302 458 1330 dicentes
470 1309 525 1329 uno
536 1301 629 1334 corde,
651 1307 760 1335 unaque
773 1307 830 1331 ore,
847 1302 874 1327 et
895 1297 1040 1326 credamus
1055 1298 1127 1333 quod
1143 1306 1158 1325 a
1171 1298 1320 1333 majoribus
1340 1300 1442 1328 nostris
1465 1301 1628 1336 accepimus,
1645 1307 1672 1330 et
1688 1304 1737 1331 do-

112 1354 199 1379 nante
210 1349 330 1377 Domino
342 1347 484 1376 tradamus
499 1348 616 1384 posteris
634 1346 829 1377 conﬁtendum.
845 1353 906 1372 cum
926 1345 1027 1381 quibus
1044 1345 1147 1373 unitam
1160 1345 1240 1373 ﬁdem
1258 1346 1313 1374 Deo
1324 1344 1440 1382 propitio
1455 1348 1602 1382 perdurare
1616 1349 1737 1379 Catholi-

113 1400 212 1424 corutn
228 1394 353 1430 subjecta
367 1394 519 1422 testimonia
535 1393 728 1429 magistrorum
738 1392 873 1420 recensita
885 1395 1030 1419 testantur.
1045 1390 1079 1418 Et
1090 1392 1169 1426 paulo
1184 1391 1374 1426 post-‘Eusebii
1384 1394 1504 1429 episcopi
1521 1394 1737 1431 Palaestinensis,

111 1444 299 1478 cognomento
313 1439 460 1476 Pamphili,
476 1448 510 1468 ex
527 1440 697 1476 expositione
709 1440 808 1476 psalmi
832 1439 952 1474 septimi,
969 1444 1022 1466 etc.
1050 1439 1114 1467 Item
1137 1439 1260 1474 ejusdem
1284 1447 1316 1467 ex
1345 1439 1504 1475 Evangetica
1532 1444 1735 1478 praeparatione,

112 1490 163 1518 ιώ.
179 1496 231 1516 νη.
308 1524 430 1559 pelagias
439 1523 471 1551 11
482 1530 551 1557 papa
565 1522 591 1549 in
606 1521 727 1557 Epistola
737 1521 764 1554 5,
780 1521 815 1548 ad
827 1520 917 1548 Etiam
927 1518 1119 1554 Aquileiensem
1126 1525 1151 1547 et
1165 1520 1232 1548 alios
1247 1520 1381 1556 episcopos
1398 1521 1498 1550 Istriaz.

149 1582 222 1616 Quid
234 1589 354 1617 namque
364 1582 391 1609 in
404 1581 593 1609 haeresiarchis
604 1580 722 1617 Origene
737 1582 870 1616 deterius,
886 1588 914 1612 et
929 1583 995 1620 quid
1015 1583 1042 1610 in
1064 1581 1292 1618 bistoriographis
1314 1581 1429 1610 inveniri
1451 1582 1569 1611 Eusebio
1591 1584 1738 1614 honorabi-

113 1629 168 1656 lius
184 1629 295 1664 potest?
306 1628 339 1655 Et
351 1629 414 1664 quis
426 1632 550 1656 nostrum
567 1628 665 1660 nescit.
679 1629 707 1656 in
727 1629 806 1658 libris
832 1631 890 1658 suis
907 1630 1018 1666 quantis
1037 1628 1181 1665 Origenem
1209 1629 1343 1657 Eusebius
1365 1630 1509 1664 praeconiis
1536 1631 1664 1660 attollat?
1684 1629 1737 1661 Sed

112 1676 179 1711 quia
194 1679 292 1703 sancta
308 1675 429 1703 Ecclesia
444 1682 556 1702 suorum
571 1675 689 1703 ﬁdelium
719 1675 802 1703 corda
818 1677 963 1712 benignius
978 1684 1059 1712 quam
1073 1676 1158 1703 verba
1183 1675 1336 1703 districtius
1354 1680 1460 1711 pensat,
1483 1685 1533 1705 nec
1550 1678 1577 1705 in
1603 1678 1737 1708 haereticis

113 1730 228 1751 sensum
240 1722 382 1758 proprium
396 1723 506 1751 testatio
518 1720 629 1749 Eusebii
647 1721 789 1750 absolvere
808 1723 896 1758 potuit
910 1733 917 1751 :
933 1731 984 1751 nec
1000 1730 1111 1750 rursum
1125 1721 1273 1749 Eusebium
1287 1721 1391 1749 laudati
1415 1722 1542 1759 Origenis
1565 1725 1645 1760 culpa
1659 1726 1736 1753 datu-

114 1774 200 1798 nant.
674 1803 814 1839 Euagrius,
833 1804 901 1832 lib.t
919 1803 1056 1836 Historiae,
1073 1811 1131 1838 cap.
1145 1803 1172 1830 1.

149 1861 275 1897 Εὐσεϐίῳ
287 1860 325 1896 τῷ
339 1861 493 1896 Παμφίλου,
505 1861 573 1897 ἀνὴρ
585 1862 614 1888 δὲ
627 1862 655 1893 ὲς
673 1861 706 1889 τὰ
731 1861 847 1897 μάλιστα
860 1861 902 1888 λό-

989 1860 1126 1888 Eusebius
1140 1860 1287 1896 Pamphili,
1299 1861 1342 1888 vir
1353 1869 1416 1888 cum
1429 1861 1457 1889 in
1471 1862 1533 1890 aliis
1551 1863 1634 1892 rebus
1650 1864 1737 1897 diser-

112 1915 173 1942 τιος
185 1907 199 1934 ὁ
215 1906 357 1942 Παμφίλου
374 1906 409 1933 τά
419 1914 449 1932 τε
465 1906 541 1938 ἄλλα,
559 1906 606 1933 καὶ
624 1906 692 1932 ὥστε
706 1904 761 1938 οἷός
783 1915 812 1933 τε
833 1904 868 1932 εἴη

981 1907 1086 1939 ssimus,
1098 1910 1155 1934 tum
1171 1907 1198 1934 in
1209 1907 1354 1935 scribendo
1365 1912 1471 1936 tantum
1489 1909 1591 1943 valens,
1607 1915 1636 1938 ut
1651 1913 1737 1947 possit

113 1953 218 1979 πείθειν
227 1952 265 1988 (α)
273 1953 336 1985 τοὺς
342 1952 550 1988 ἐντυγχάνοντας
556 1952 569 1978 θ
574 1952 688 1988 ρησκεύε
693 1961 715 1979 ιν
723 1951 757 1979 τὰ
769 1953 785 1987 ἡ
789 1952 869 1988 μέτερ

980 1957 1070 1980 ctores
1087 1960 1161 1985 suos,
1180 1954 1203 1981 si
1221 1961 1274 1980 non
1292 1953 1411 1989 perfecte
1425 1953 1531 1983 edicere
1552 1955 1734 1992 Christianos,

112 2000 138 2026 ει
155 2000 202 2026 καὶ
220 2000 258 2036 μὴ
271 1999 331 2026 λίαν
344 1999 465 2035 ἀκριϐεῖς
479 1998 531 2026 οἶδε
549 2000 644 2026 ποιεῖν.

980 2007 991 2026 a
1005 2003 1095 2026 tamen
1118 1999 1264 2034 impellere,
1279 2003 1307 2026 ut
1320 2004 1412 2027 nostra
1433 2000 1548 2028 libenter
1570 2003 1736 2038 amplectan-

954 2048 1009 2071 tur.

399 2102 539 2138 Gregorius
552 2101 665 2137 Magnus
683 2102 709 2128 in
725 2101 836 2136 epistola
853 2101 888 2128 ad
908 2102 1050 2138 Eulogium
1066 2103 1277 2130 Alexandrinum
1292 2105 1452 2137 episcopum.

151 2148 191 2176 Ex
202 2149 371 2189 audientium
383 2157 497 2177 numero
509 2156 583 2176 nunc
598 2147 688 2176 iactus
701 2155 774 2180 sum,
794 2149 838 2176 cui
855 2149 1029 2177 sanctissima
1044 2154 1135 2178 vestra
1151 2150 1293 2178 beatitudo
1307 2151 1428 2179 scribere
1445 2153 1562 2185 studuit,
1577 2157 1606 2181 ut
1622 2158 1736 2182 cuncto-

114 2204 175 2224 rum
191 2199 341 2232 martyrum
356 2201 432 2232 gesta
452 2205 512 2233 qua;
531 2197 583 2232 pia.-
608 2197 748 2225 memoriae
771 2197 944 2226 Constantini
969 2198 1139 2234 temporibus
1154 2199 1188 2227 ab
1213 2198 1330 2228 Eusebio
1352 2200 1513 2229 Caesariensi
1528 2201 1643 2229 collecta
1659 2207 1734 2234 sunt,

114 2243 301 2271 transmittere
315 2243 473 2270 debeamus.
490 2242 543 2270 Sed
551 2242 607 2271 haec
614 2251 702 2278 neque
716 2243 740 2271 si
751 2243 867 2271 collecta
882 2251 936 2271 non
952 2245 1017 2276 sint,
1034 2254 1123 2280 neque
1136 2247 1159 2273 si
1174 2247 1239 2278 sint.
1256 2250 1319 2274 ante
1333 2252 1430 2275 vestra:
1440 2248 1617 2276 beatitudinis
1631 2249 1734 2284 scripta

114 2287 241 2323 cognovi.
254 2286 311 2322 Ago
327 2294 394 2322 ergo
410 2287 523 2322 gratias,
540 2287 604 2322 quia
625 2287 807 2315 sanctissimae
827 2292 925 2316 vestra!
940 2288 1071 2317 doctrina
1089 2291 1201 2326 scriptis
1218 2291 1353 2322 eruditus.
1372 2293 1443 2327 ccepi
1459 2294 1530 2320 scire
1543 2293 1615 2328 quod
1630 2295 1736 2322 nescie-

114 2332 186 2360 bam.
201 2331 305 2359 Praater
319 2332 364 2359 illa
374 2332 447 2359 enim
463 2339 524 2366 quae
539 2332 566 2359 in
580 2331 704 2366 ejusdem
720 2331 831 2360 Eusebii
847 2332 925 2361 libris
940 2333 979 2360 De
993 2335 1072 2369 gestis
1092 2340 1244 2363 sanctorum
1259 2342 1406 2372 martyrum
1420 2338 1606 2372 continentur,
1622 2341 1695 2368 nulla
1707 2341 1735 2368 in

114 2378 227 2405 archivo
239 2377 320 2412 hujus
333 2381 434 2404 uostne
449 2377 588 2410 Ecclesiae,
603 2379 646 2406 vel
669 2379 696 2406 in
722 2377 851 2406 Romanae
879 2380 956 2408 urbis
974 2381 1148 2410 bibliothecis
1170 2390 1232 2410 esse
1247 2384 1372 2419 cognovi.
1387 2385 1438 2413 nisi
1465 2393 1551 2420 pauca
1567 2387 1689 2422 quaedam
1706 2387 1734 2417 iu

115 2424 197 2451 unius
209 2423 312 2451 codicis
327 2423 464 2452 volumine
480 2425 603 2452 collecta.

451 2482 573 2511 Galasius
588 2484 733 2519 Cyzicenus
747 2486 775 2513 in
787 2486 855 2514 libro
868 2488 982 2516 secundo
994 2489 1031 2517 De
1044 2489 1148 2525 synodo
1162 2488 1282 2523 Niczena,
1298 2498 1356 2525 cap.
1374 2491 1400 2518 l.

153 2537 328 2573 ’Δκοὺσωμεν
343 2539 375 2575 δὴ
393 2540 419 2566 τί
440 2541 557 2569 ἐνταῦθα
572 2542 647 2577 λέγει
670 2544 717 2571 καὶ
738 2544 752 2570 ὁ
770 2545 872 2582 ἀροτὴρ
887 2547 901 2573 ὁ

987 2547 1137 2575 Audiamus
1154 2554 1220 2575 sane
1243 2547 1309 2583 quid
1334 2548 1379 2575 hic
1391 2548 1465 2576 dicat
1492 2550 1735 2584 praestantissimus

114 2584 251 2617 κάλλιστος
267 2585 318 2620 τῆς
333 2585 561 2623 ὲκκλησιαστικῆς
583 2589 729 2624 γεωργίας,
748 2591 762 2617 ὁ
782 2590 870 2625 φιλαλτ

977 2593 1129 2621 :clesiastici
1148 2592 1225 2620 fundi
1249 2597 1352 2626 arator,
1376 2594 1421 2621 ille
1441 2594 1498 2621 veri
1515 2595 1733 2626 studiosissimus

114 2629 237 2674 θέσταῖος
260 2631 390 2663 Εὐσέϐιος
411 2633 425 2658 ὁ
447 2632 495 2659 τοῦ
521 2634 672 2669 παμφήμου
695 2636 845 2671 Παμφίλου.
868 2639 870 2645 ‘

978 2638 1096 2670 usebius,
1116 2638 1285 2666 celeberrimi
1302 2637 1436 2673 Pamphili
1461 2643 1641 2674 cognomento
1668 2641 1734 2669 insi-

115 2675 159 2710 μὲν
172 2673 219 2703 οὖν
227 2677 359 2709 Λικίνιος,
375 2677 451 2712 φησι,
462 2679 511 2714 τὴν
522 2679 617 2714 ὁμοίαν
628 2681 682 2712 τοῖς
694 2681 783 2713 ἀθέοις
796 2682 871 2719 τυράν

978 2684 1019 2712 Iis.
1037 2683 1158 2711 Licinius
1172 2683 1292 2718 quidem,
1307 2684 1404 2719 inquit,
1420 2673 1542 2711 eamdem
1557 2692 1637 2720 quam
1653 2693 1734 2722 supe-

113 2730 163 2754 νοις
177 2722 226 2758 τῆς
242 2723 372 2755 ἀσεϐείας
385 2724 520 2759 μετελθὼν
539 2725 607 2758 ὁδὸν,
620 2727 666 2753 ἐπὶ
677 2727 721 2754 τὸν
736 2727 791 2755 ἴσον
804 2729 869 2756 αὐτο

976 2738 1036 2758 ores
1066 2730 1105 2758 illi
1132 2731 1203 2757 viam
1234 2731 1382 2765 impietatis
1414 2731 1560 2763 insistens,
1587 2733 1685 2760 merito
1704 2733 1732 2761 in

113 2767 218 2814 Mixto;
232 2769 399 2805 περιηνέχθη
419 2771 549 2806 κρημνόν,
566 2775 631 2804 etc.,
651 2781 711 2808 quze
726 2773 850 2809 leguntur

974 2775 1076 2803 imdem
1096 2783 1157 2803 eum
1179 2776 1232 2803 illis
1257 2775 1334 2803 exitii
1363 2777 1496 2811 gurgitem
1524 2780 1566 2804 est
1593 2777 1730 2814 delapsus.

114 2813 159 2842 tiae
176 2814 240 2842 libri
257 2814 359 2842 decimi
384 2815 512 2844 Ηίδιονὶω
535 2817 731 2846 ecclesiastica.
745 2820 869 2847 Τοσαῦτα
881 2821 896 2848 ὁ
948 2825 1001 2849 etc.
1016 2821 1155 2849 Hactenus
1167 2825 1288 2849 veterum
1309 2821 1505 2849 ecclesiasticae
1526 2821 1647 2851 historiae
1656 2813 1730 2852 scri-

107 2911 110 2919 Ι
143 2873 314 2910 ίαλΠδίθειν
328 2874 410 2909 τούς.
431 2875 478 2904 Sic
492 2877 644 2906 mutatione
655 2879 860 2908 emendavimus

989 2881 1037 2910 'ius
1053 2881 1124 2910 male
1138 2881 1278 2917 legebatur
1292 2882 1355 2914 τοὺς
1375 2882 1491 2912 πείθειν.
1515 2881 1594 2913 Ευιτ.
1609 2882 1694 2912 Pan.
