1915 3135
183 150 218 178 79
665 145 833 175 VETERUM
854 146 971 174 TESTIN

1025 145 1061 172 ἸᾹ
1081 144 1149 172 P80
1169 144 1324 173 EUSEBIO.

1767 145 1812 172 80

184 214 293 245 ptorum
318 207 369 235 tide
393 207 568 243 dignissimus
594 205 726 232 Eusobius
759 205 902 240 Pamphili.
919 205 964 240 qui

1025 204 1070 231 τῶν
1082 204 1201 240 ἀρχαίων
1215 203 1444 238 έκκλησιαστικῶν
1461 203 1638 238 συγγραφέων
1650 203 1811 235 ἀξιοπιστό-

185 253 393 290 quamplurimis
411 255 556 287 martyrum
582 250 779 278 certaminibus
805 250 967 285 conquisitis

186 299 459 335 atqueinvestigatis,
474 305 506 324 ex
523 297 556 324 iis
571 305 632 332 quae
645 297 762 332 simplici
777 305 807 324 ac
821 297 881 324 rudi
897 297 967 332 stylo

187 348 288 382 scripta
302 346 408 373 fuerant
430 345 532 379 eligens
550 350 631 380 atque
655 351 815 378 excerpens,
833 335 966 370 Ecclesiu-

186 392 278 418 sticam
304 389 442 416 historian:
470 389 562 417 decem
593 389 706 415 omnino
738 387 816 414 libris
841 391 968 414 accttrate

185 434 365 469 conscriptam
395 434 473 460 nobis
493 433 613 468 reliquit,
639 433 771 467 incipiens
799 432 906 467 quidem
933 432 967 458 ab

185 482 300 508 adventu
318 479 434 511 Domini.
455 486 617 515 progressus
641 486 705 506 vero
729 478 763 506 ad
785 485 815 505 ea
838 485 897 513 quze
912 478 967 505 dixi

184 530 319 561 tempora,
335 533 389 553 non
404 526 462 552 sine
488 525 590 560 ingenti
613 525 715 552 labore.
739 523 881 557 Quomodo
895 523 968 551 enim

185 575 262 602 aliter
276 573 334 601 ﬁeri
351 573 438 609 potuit
451 572 485 599 ah
500 579 544 603 eo,
559 571 605 606 qui
628 575 732 598 tantam
757 578 851 598 curam
874 578 968 598 susce-

184 621 235 656 pit,
259 623 289 647 ut
314 618 470 654 hujusmodi
497 617 666 645 collectionis
691 616 860 644 harmoniam
888 616 968 643 nobis

185 669 360 694 conservaret
368 664 380 689 ’ί
402 665 456 691 imo
477 671 542 691 vero
555 670 702 695 summum,
714 663 820 694 utdixi,
837 663 967 695 studium,

185 716 212 740 et
222 711 407 739 incredibilem
423 709 525 737 laboris
540 709 645 743 copiam
657 709 690 736 ad
706 708 732 735 id
747 709 871 735 contulit.
885 708 968 736 Nemo

186 765 267 792 porro
281 756 417 784 existimet
435 763 466 782 ex
482 754 515 782 iis
531 761 591 788 quae
614 753 647 781 de
662 753 708 780 illo
728 754 966 785 circumferuntur,

187 803 275 830 virum
288 802 360 830 hunc
376 802 403 828 in
418 800 476 827 Arii
498 799 663 834 impietatem
680 807 798 834 unquam
815 799 968 827 concessis-

187 857 217 877 se
234 859 241 876 :
259 849 308 876 sed
325 847 428 878 credat,
444 846 467 873 si
493 845 626 880 quaepiam
647 845 760 880 protttlit
781 849 828 872 aut
845 845 965 880 scripsit,

1019 260 1097 283 τατος
1121 251 1247 282 Εὐσέϐιος
1269 252 1283 277 ὁ
1309 251 1355 278 τοῦ
1379 251 1532 286 Παμφίλου,
1562 250 1704 282 πλείστους
1725 251 1812 283 ὅσους

1019 298 1126 332 ἀγῶνας
1141 297 1252 333 θέμενος
1268 298 1314 324 καὶ
1327 297 1576 332 διερευνησάμενος,
1596 297 1629 323 ὲκ
1641 296 1694 322 τῶν
1710 297 1811 328 ἁπλῶς

1019 345 1133 380 ἐχόντων
1148 343 1197 379 τὴν
1217 343 1349 379 ἀναλογὴν
1374 344 1564 379 ποιησάμενος,
1585 343 1613 369 ἐν
1629 343 1694 370 δέκα
1711 343 1810 378 τόμοις

1018 390 1088 420 ὅλοις
1100 389 1133 416 τὰ
1140 391 1188 426 τῆς
1196 390 1424 423 Ἐκκλησιαστικ
1431 389 1464 423 ἧς
1470 389 1487 424 ἡ
1492 390 1536 424 μῖν
1543 391 1674 424 ἱστορίας
1683 389 1811 424 ἀκριϐῶς

1019 436 1229 462 καταλέλοιπεν·
1251 435 1401 471 ἀρξάμενος
1420 435 1467 470 μὲν
1489 434 1543 461 ἀπὸ
1562 435 1612 469 τῆς
1633 434 1680 461 τοῦ
1699 435 1808 469 Κυρίου

1020 482 1179 518 παρουσίας,
1194 481 1339 517 πληρώσας
1352 480 1379 507 δὲ
1392 481 1431 512 είς
1445 480 1537 507 τούσδε
1554 480 1617 512 τοὺς
1629 480 1740 516 χρόνους
1755 481 1809 507 οὐκ

1019 528 1137 560 ἀπόνως.
1155 528 1213 559 πῶς
1228 527 1282 562 γὰρ
1295 525 1351 553 οἷόν
1365 535 1394 552 τε
1411 524 1443 562 ἦν
1458 526 1589 562 τοσαύτην
1608 526 1810 562 ἀναδεξάμενον

1019 573 1146 608 φροντίδα
1161 572 1207 599 τοῦ
1221 571 1404 598 διασώσασθαι
1417 571 1465 606 τῆς
1485 571 1590 598 τοιᾶσδε
1607 571 1736 607 συλλογῆς
1755 571 1810 607 τὴν

1020 618 1168 654 ἁρμονίαν;
1188 618 1245 645 ἀλλ’
1263 618 1300 650 ὡς
1316 618 1415 653 ἀρτίως
1435 617 1512 652 ἔφην,
1533 617 1632 654 πολλὴν
1648 618 1809 652 εἰσενεγκά-

1021 673 1100 699 μενος
1113 663 1161 700 τὴν
1174 663 1291 699 σπουδὴν
1305 664 1353 690 καὶ
1370 663 1482 690 πλοῦτον
1497 663 1597 698 ἄφατον
1612 663 1702 690 πόνου.
1724 663 1808 690 Ἀλλὰ

1020 710 1114 746 μηδεὶς
1121 710 1218 736 οἰέσθω
1230 710 1275 736 τὸν
1289 710 1371 745 ἄνδρα
1384 710 1416 736 ἐκ
1425 709 1479 735 τῶν
1493 710 1554 745 περὶ
1569 710 1650 737 αὐτοῦ
1666 712 1808 746 ἐπιπεφη-

1021 756 1168 791 μισμένων,
1191 755 1228 787 ὡς
1248 756 1296 792 τῆς
1315 757 1418 791 ’Λρείου
1439 756 1610 791 βλασφημίας
1623 757 1686 783 ποτέ
1703 766 1730 783 τι
1754 766 1807 783 πε-

1020 801 1148 837 φρονήκει
1159 809 1165 816 ’
1180 801 1247 827 ἀλλὰ
1256 801 1403 834 πεπείσθω,
1415 803 1483 834 ὼςεί
1497 803 1543 830 καί
1556 804 1606 829 τιν’
1619 803 1651 829 ἂν
1662 803 1808 839 ἐλάλησεν,

1019 847 1036 882 ἢ
1052 846 1154 882 ἔγραψε
1171 847 1266 882 μικρόν
1281 856 1306 873 τι
1322 847 1356 873 τὰ
1375 848 1477 884 Ἀρείου
1495 848 1689 884 ὐπονοούμενα,
1703 849 1733 875 οὐ
1752 851 1807 885 μὴν

185 896 244 923 Arii
261 895 358 930 dogma
374 894 508 921 tantillum
525 892 687 923 subolentia,
705 899 736 918 ea
755 899 810 918 non
825 899 857 918 ex
883 891 966 926 impio

1025 878 1092 920 ιίατθι¹
1103 878 1152 929 την
1168 878 1254 928 διστιθῆ
1275 878 1504 930 ἐκείνουλὲννοιαν,
1520 895 1575 921 ἀλλ’
1596 878 1624 928 ἐξ
1640 878 1807 931 ἀπεριέργου

187 942 260 969 illius
278 949 360 968 sensu
378 940 525 975 protulisse
541 945 660 973 unquam
681 940 727 963 aut
745 936 900 971 scripsisse,
918 937 965 963 sed

186 995 220 1014 ex
234 986 326 1014 minus
341 985 450 1012 curiosa
466 991 616 1019 parumque
638 982 756 1009 sollicita
781 981 966 1017 simplicitate,

188 1036 218 1060 ut
234 1032 292 1067 ipse
314 1032 341 1058 in
359 1031 428 1058 libro
450 1029 616 1066 Apotagetico
637 1036 716 1064 quem
742 1027 775 1054 ad
799 1027 967 1056 orthodoxos

187 1085 283 1106 omnes
294 1077 437 1112 episcopos
454 1076 545 1108 misit,
564 1075 670 1111 plenius
686 1073 856 1110 approbavit.

1021 937 1180 974 ἁπλότητος,
1195 938 1285 970 καθὼς
1307 939 1353 965 καὶ
1374 939 1453 971 αὐτὸς
1472 941 1500 965 ὲν
1523 939 1561 974 τῷ
1582 939 1805 975 Ἁπολογητικῷ,

1021 980 1043 1017 ᾧ
1054 984 1220 1020 διεπέμψατο
1234 984 1301 1020 πρὸς
1317 985 1346 1011 τὸ
1361 985 1413 1012 τῶν
1425 985 1570 1020 ὀρθοδόξων
1583 986 1738 1013 ἐπισκόπων
1749 995 1808 1012 κοι-

1022 1030 1076 1062 νὸν,
1091 1031 1296 1066 μαρτυράμενος
1312 1030 1396 1057 ταῦτα
1409 1031 1622 1067 ὲπληροφόρησε.

706 1143 805 1169 Auctor
821 1141 948 1170 Chronici
963 1141 1149 1173 Alexandrini,
1164 1150 1223 1177 pag.
1241 1141 1303 1169 582.

223 1210 357 1238 Eusebius
370 1218 435 1238 vero
447 1209 580 1244 Pamphili
604 1214 631 1236 et
653 1209 712 1244 ipse
737 1208 968 1243 prudentissimus

187 1257 303 1292 scriptor
316 1257 343 1283 in
364 1257 436 1283 hunc
464 1256 573 1282 modum
592 1258 686 1282 narrat
705 1253 861 1287 :Quoniam
882 1253 967 1281 ,ἰυόωί

187 1301 325 1330 Christum
351 1302 394 1329 die
422 1301 491 1328 festo
517 1300 544 1327 in
569 1308 677 1328 crucem
701 1303 830 1336 egerunt,
847 1300 966 1327 vicissim

188 1347 240 1383 ipsi
252 1347 346 1376 eodem
359 1347 402 1374 die
412 1345 525 1382 periere.

1062 1207 1091 1234 '0
1112 1208 1141 1234 δὲ
1159 1208 1313 1242 σοφώτατος
1330 1208 1456 1240 Εὐσέϐιος
1475 1210 1489 1235 ὁ
1509 1209 1651 1244 Παμφίλου
1674 1211 1808 1246 συνεγρά-

1021 1253 1089 1289 ψατο
1103 1254 1188 1286 οὕτως
1198 1263 1204 1269 ·
1218 1255 1278 1280 Ὅτι
1293 1255 1322 1281 ὲν
1336 1255 1368 1290 τῇ
1385 1256 1464 1290 ἑορτῇ
1480 1255 1525 1281 τὸν
1542 1255 1658 1290 Χριστὸν
1670 1256 1810 1292 ἐσταύρω-

1022 1308 1070 1326 σαν
1094 1301 1118 1326 οῐ
1142 1299 1269 1332 Ἰουδαῖοι,
1292 1300 1321 1326 ὲν
1341 1301 1374 1335 τῇ
1398 1300 1486 1326 αὐτῶν
1517 1301 1596 1335 ἑορτῇ
1622 1301 1721 1332 πάντες
1753 1302 1809 1328 ἁπ-

1019 1345 1126 1373 ώλοντο.

684 1413 848 1448 Nicephorus
862 1414 889 1440 in
904 1412 971 1440 libro
986 1421 1012 1441 vt
1037 1413 1172 1448 Historiae,
1191 1423 1250 1450 cap.
1263 1415 1307 1444 37.

225 1483 323 1510 Eodem
339 1487 470 1517 tempore,
482 1482 719 1516 cruditionejuxta
733 1485 759 1509 ct
770 1482 832 1509 vitm
845 1482 970 1509 instituto

1065 1484 1121 1518 Ἐφ’
1134 1481 1163 1510 οὗ
1177 1484 1246 1520 λόγῳ
1262 1484 1309 1511 καὶ
1324 1484 1459 1520 φιλοσόφῳ
1478 1484 1527 1521 βίῳ
1546 1484 1689 1516 διαζῶντα.
1701 1485 1810 1512 καὶτοῦ

189 1527 380 1564 philosophum
402 1526 599 1559 Christianum,
615 1531 641 1553 et
666 1526 818 1561 presbyteri
839 1527 971 1561 dignitate

1025 1530 1115 1557 αὐτόθι
1144 1530 1287 1565 πρεσϐείου
1313 1530 1474 1566 ἠξιωμένον,
1501 1531 1545 1556 τὸν
1573 1530 1643 1557 θεῖον
1667 1531 1812 1566 Πάμφιλον

191 1578 310 1606 auctum,
326 1573 446 1600 divinum
461 1572 630 1607 Pamphilum
645 1572 769 1599 ﬂoruisse
790 1572 902 1600 scimus.
918 1573 973 1600 Cu-

187 1620 234 1654 jus
246 1621 329 1647 vitam
341 1622 369 1646 et
383 1622 460 1646 actus
475 1626 579 1650 omnes,
596 1619 729 1645 celebrem
742 1619 825 1646 etiam
840 1626 921 1653 quam
936 1619 972 1646 ibi

190 1665 309 1693 instituit
327 1664 448 1700 profana:
468 1664 621 1699 divinmque
644 1664 822 1699 philosophia
840 1665 972 1697 scholam,

190 1716 320 1747 pmterea
346 1714 517 1738 constantem
558 1710 586 1737 in
618 1710 701 1737 variis
736 1710 973 1745 persecutionibus

191 1757 403 1788 confessionem,
419 1759 445 1783 et
463 1756 613 1784 certamina
627 1755 820 1791 egregiumque
833 1763 882 1790 pro
895 1756 974 1783 Chri-

191 1803 226 1832 sti
240 1803 350 1831 nomine
364 1803 536 1838 martyrium,
547 1801 682 1830 Eusebius
695 1803 798 1830 sororis
812 1802 872 1837 ejus
891 1803 972 1835 lilius,

190 1850 334 1885 eidemque
356 1849 424 1877 adeo
442 1849 545 1876 charus
558 1853 588 1876 ut
600 1849 634 1876 ab
646 1856 680 1876 eo
692 1856 842 1884 cognomen
858 1855 973 1884 accepe-

190 1895 238 1928 rit,
256 1894 386 1930 peculiari
411 1894 514 1929 scripto
538 1893 649 1928 copiose
668 1897 710 1921 est
736 1896 900 1927 prosecutus
917 1901 923 1919 :
940 1892 974 1919 ad

191 1949 272 1977 quem
288 1948 335 1969 eos
345 1941 392 1976 qui
408 1940 564 1968 accuratius
578 1940 635 1967 haec
647 1947 814 1974 cognoscere
827 1939 972 1971 voluerint,

190 1986 342 2021 rejicimus.
368 1985 503 2013 Eusebius
526 1985 578 2013 iste
600 1984 753 2019 disciplinis
767 1984 893 2012 omnibus
911 1991 974 2018 per-

191 2032 288 2067 ceptis,
307 2039 445 2060 sacrarum
468 2031 584 2058 maxime
599 2030 751 2058 litterarum
779 2029 891 2057 scientia
916 2030 975 2057 eni-

191 2079 255 2110 tuit,
272 2082 299 2105 et
313 2077 346 2104 ad
361 2077 512 2105 Constantii
530 2084 618 2112 usque
633 2080 755 2111 tempora
772 2075 847 2103 vixit.
865 2075 897 2102 Et
912 2083 974 2103 cum

192 2123 355 2152 Christiana:
370 2122 549 2158 professionis
564 2122 784 2150 studiosissimus
799 2126 882 2153 esset,
898 2129 976 2156 egre-

192 2170 319 2205 giamque
330 2176 380 2204 pro
394 2167 496 2195 Christi
514 2168 617 2195 honore
633 2168 831 2195 aemulationem
846 2167 973 2202 spiraret,

1024 1575 1160 1612 ἔγνωμεν
1179 1573 1209 1603 οὗ
1221 1576 1265 1603 τὸν
1283 1576 1340 1611 βίον
1354 1577 1401 1602 καὶ
1418 1576 1453 1602 τὰ
1469 1576 1529 1603 καθ’
1541 1577 1655 1603 ἕκαστον
1668 1577 1742 1612 αὐτῷ
1758 1585 1810 1603 πε-

1024 1622 1177 1657 πραγμένα,
1198 1622 1238 1648 ἔτι
1257 1622 1285 1648 δὲ
1307 1623 1353 1649 καὶ
1378 1622 1442 1657 περὶ
1461 1621 1495 1658 ἧς
1519 1624 1698 1659 συνεστήσατο
1720 1624 1810 1649 ἐκεῖσε

1023 1667 1108 1702 λόγων
1125 1667 1204 1694 θείων
1222 1668 1268 1694 καὶ
1285 1667 1436 1702 φιλοσόφων
1453 1668 1605 1704 διατριϐῆς,
1620 1669 1687 1704 πρὸς
1703 1668 1734 1704 δὴ
1748 1669 1812 1695 τού-

1023 1722 1080 1745 τοις
1100 1713 1147 1740 καὶ
1175 1713 1224 1748 τὴν
1251 1714 1320 1749 ὑπὲρ
1343 1713 1482 1745 εὐσεϐείας
1507 1714 1602 1740 τούτου
1625 1715 1652 1740 ὲν
1672 1714 1812 1750 διαφόροις

1024 1759 1152 1794 διωγμοῖς
1167 1759 1324 1794 ὁμολογίαν*
1343 1759 1405 1791 τούς
1429 1769 1457 1786 τε
1480 1759 1588 1794 ἀγῶνας
1610 1761 1700 1792 αὐτοῦ,
1718 1761 1764 1788 καὶ
1779 1760 1811 1787 τὸ

1024 1805 1176 1832 τελευταῖον
1195 1806 1232 1838 ὠς
1247 1805 1292 1832 τὸν
1313 1806 1359 1832 τοῦ
1377 1806 1524 1842 μαρτυρίου
1545 1807 1691 1842 ἀνεδήσατο
1708 1806 1810 1840 στέφα-

1024 1859 1078 1883 νον,
1106 1850 1235 1882 Εὐσέϐιος
1257 1851 1272 1877 ὁ
1294 1851 1387 1877 τούτου
1416 1851 1581 1885 ἀδελφιδοῦς,
1609 1852 1656 1878 καὶ
1684 1851 1810 1878 τοσοῦτον

1025 1895 1120 1930 ἐκείνῳ
1137 1895 1306 1930 φιλούμενος,
1326 1895 1364 1927 ὼς
1383 1896 1430 1923 καὶ
1448 1896 1496 1932 τὴν
1516 1895 1618 1922 ἐκείνου
1638 1896 1732 1931 κλῆσιν
1748 1896 1809 1923 επί-

1026 1940 1101 1968 θετον
1112 1941 1194 1976 σχεῖν,
1210 1941 1249 1972 εἰς
1259 1940 1354 1967 λεπτὸν
1364 1941 1392 1967 ἓν
1407 1942 1463 1977 ἰδίῳ
1474 1942 1640 1976 συντάγματι
1653 1942 1809 1977 περιέλαϐε·

1026 1987 1072 2012 καὶ
1090 1987 1153 2018 τοὺς
1175 1987 1295 2022 ἀκριϐῶς
1316 1987 1491 2022 βουλομένους
1514 1987 1547 2014 τὰ
1571 1988 1674 2013 ἐκείνου
1699 1988 1811 2020 ετδέναι,

1025 2031 1098 2066 αὐτῷ
1112 2031 1340 2066 παραπέμπομεν.
1358 2033 1404 2064 Ὃς
1416 2032 1482 2067 δῆτα
1499 2033 1626 2064 Εὐσέϐιος
1641 2032 1684 2059 διὰ
1703 2033 1812 2062 πάντων

1026 2075 1120 2107 ἐλθὼν,
1140 2076 1254 2112 μάλιστα
1269 2078 1302 2112 τῇ
1325 2077 1435 2112 περὶτὰ
1451 2077 1509 2103 θεῖα
1529 2078 1628 2112 σπουδῇ
1650 2078 1809 2113 ἐνακμάζει.

1028 2122 1108 2156 Ἀχρι
1123 2121 1150 2147 δὲ
1169 2122 1215 2149 καὶ
1231 2123 1417 2148 Κωνσταντίου
1432 2123 1477 2149 τὸν
1493 2123 1541 2158 τῆς
1555 2123 1627 2158 ζωῆς
1645 2125 1809 2159 παρείλκυσε

1027 2167 1130 2202 χρόνον.
1147 2167 1309 2203 Χριστιανὸς
1325 2167 1398 2194 δὲτὰ
1412 2167 1526 2203 μάλιστα
1545 2168 1593 2201 ὢν,
1610 2169 1655 2196 καὶ
1669 2170 1752 2197 πολὺν
1765 2171 1809 2198 τὸν

192 2214 347 2250 quindecim
361 2214 442 2242 tomis
451 2213 635 2248 Evangelicam
650 2212 878 2247 praeparationem,
888 2215 914 2239 et
929 2212 971 2239 dc-

1029 2210 1108 2246 ζῆλον
1125 2211 1195 2247 ὑπὲρ
1208 2212 1325 2248 Χριστοῦ
1340 2212 1437 2244 πνέων,
1453 2213 1481 2238 ἐν
1503 2213 1648 2240 δεκαπέντε
1660 2214 1751 2249 τόμοις
1761 2215 1810 2251 τὴν

192 2268 252 2288 cem
268 2260 329 2289 aliis
345 2259 529 2295 Evangeticam
556 2259 806 2286 demonstrationem
834 2262 876 2286 est
898 2266 974 2285 com-

193 2306 299 2343 plexus.
314 2306 347 2332 Et
361 2306 465 2341 primus
481 2305 538 2340 ipse
552 2312 661 2332 manum
678 2304 803 2340 praesenti
816 2307 976 2339 argumento

193 2352 322 2384 admovit,
332 2351 490 2387 primusque
504 2350 588 2378 libros
604 2357 651 2377 eos
666 2349 882 2376 Ecclesiasticam
894 2349 977 2375 Ιιὶειοι

193 2399 264 2436 rian!
277 2397 430 2433 appellavit,
449 2397 596 2431 decemque
607 2404 667 2424 eam
690 2396 771 2423 tomis
787 2395 913 2423 absolvit.
928 2394 977 2422 Est

194 2447 221 2470 et
240 2442 314 2470 aliud
333 2442 392 2477 ejus
415 2442 552 2473 volumen,
577 2442 604 2469 in
622 2449 676 2476 quo
698 2444 850 2476 temporum
876 2444 976 2468 certam

195 2494 404 2523 accuratamque
416 2489 548 2515 rationem
568 2487 691 2523 digessit,
708 2492 735 2514 et
744 2494 823 2521 quem
843 2486 977 2513 Canonem

194 2534 349 2570 appellavit.
366 2533 482 2568 Scripsit
497 2540 605 2568 quoque
621 2532 659 2559 De
686 2531 853 2560 Constantini
874 2533 928 2560 vita
944 2531 976 2557 li—

194 2582 259 2611 bros
275 2582 406 2618 quinque.
432 2581 523 2608 Edidit
538 2584 566 2607 et
583 2580 664 2607 alium
687 2579 722 2606 ad
745 2579 869 2606 eumdem
895 2585 976 2613 quem

196 2628 376 2656 Tricennalem
391 2628 539 2663 inscripsit.
556 2627 595 2654 Ad
619 2626 785 2661 Stephanum
800 2625 864 2652 item
882 2625 976 2657 alium,

195 2673 229 2701 de
240 2674 274 2702 iis
287 2682 347 2710 quas
362 2675 390 2703 in
412 2673 566 2708 Evangeliis
584 2673 613 2700 in
626 2672 738 2699 dubium
755 2679 803 2699 seu
815 2671 978 2706 disputatio-

196 2727 258 2747 nem
272 2724 413 2748 vocantur.
435 2718 486 2747 Sed
508 2723 535 2747 et
556 2719 609 2745 alia
635 2718 711 2744 varia
729 2716 841 2752 reliquit
866 2716 976 2750 scripta,

197 2771 257 2798 qua:
283 2765 397 2792 multum
421 2764 550 2792 Ecclesia:
579 2763 697 2791 ali'erunt
716 2762 853 2789 utilitatis.
877 2761 977 2789 Verum

196 2809 335 2837 enimvero
346 2811 454 2838 etiamsi
469 2811 532 2838 talis
548 2809 630 2838 fuerit
640 2829 648 2842 ,
662 2809 690 2836 in
705 2808 798 2836 multis
816 2811 907 2836 tamen
928 2815 977 2844 ap-

199 2858 285 2888 paret,
297 2863 359 2886 eum
373 2855 430 2882 Arii
445 2855 608 2884 sententiam
621 2855 824 2890 comprobasse,
836 2857 894 2895 etc.

1026 2256 1232 2291 Εὐαγγελικὴν
1254 2256 1405 2293 συγγράφει
1430 2258 1695 2292 προπαρασκευὴν,
1715 2260 1763 2286 καὶ
1781 2259 1810 2286 ἐν

1026 2302 1091 2329 δέκα
1106 2302 1184 2329 πάλιν
1204 2303 1253 2340 τὴν
1268 2304 1475 2339 Εὐαγγελικὴν
1490 2304 1652 2336 ἀπόδειξιν.
1669 2305 1722 2331 Καὶ
1737 2305 1811 2340 πρῶ-

1026 2357 1072 2380 τος
1084 2345 1161 2381 οὗτος
1181 2350 1214 2385 τῇ
1237 2350 1307 2385 μετὰ
1322 2352 1415 2386 χεῖρας
1436 2351 1561 2377 ὑποθέσει
1586 2351 1725 2383 ἐπέϐαλεν,
1748 2352 1809 2379 Ἐκ-

1027 2395 1249 2429 κλησιαστικὴν
1268 2397 1402 2430 ἱστορίαν
1419 2397 1525 2432 πρῶτος
1548 2397 1683 2432 ὀνομάσας
1700 2397 1749 2432 τὴν
1768 2397 1809 2432 βί-

1028 2439 1089 2467 ϐλον
1099 2449 1106 2456 ’
1118 2440 1183 2467 δέκα
1197 2440 1219 2466 δ’
1232 2441 1260 2467 ἐν
1271 2441 1365 2476 τόμοις
1381 2442 1459 2468 τοῦτο
1474 2443 1504 2469 τὸ
1517 2442 1657 2477 σύνταγμα
1673 2443 1810 2478 περικλεί-

1027 2493 1095 2512 εται.
1110 2485 1164 2512 Καὶ
1183 2485 1247 2521 ἄλλη
1270 2486 1297 2512 δὲ
1322 2486 1403 2512 αὐτοῦ
1424 2486 1512 2521 βίϐλος
1531 2488 1687 2522 ἐμφέρεται,
1706 2489 1738 2522 ἥν
1753 2490 1810 2514 Ka-

1027 2531 1102 2558 νόνα
1117 2531 1267 2567 ἐπέγραψε,
1282 2531 1331 2564 τὰς
1351 2533 1405 2559 τῶν
1423 2534 1524 2569 χρόνων
1545 2533 1728 2569 ἁκριϐουμένη
1745 2541 1811 2569 γρα-

1028 2577 1090 2610 φάς.
1099 2577 1152 2604 Καὶ
1161 2579 1206 2609 Εἰς
1215 2575 1382 2608 τὸνβίονδὲ
1388 2579 1616 2606 Κωνσταντίνοιι·
1625 2579 1703 2605 πέντε
1717 2579 1811 2612 λόγους

1028 2622 1156 2655 ἐξέδωκε*
1175 2623 1222 2649 καὶ
1239 2623 1331 2659 ἕτερον
1351 2624 1378 2650 δὲ
1398 2625 1465 2660 πρὸς
1484 2625 1574 2658 αὐτὸν,
1589 2624 1618 2650 ὃν
1643 2626 1811 2658 Τριακοντα-

1027 2668 1164 2702 smptu/ir
1179 2669 1339 2704 ἐπιγράφει·
1355 2671 1400 2697 καὶ
1419 2671 1546 2705 Στεφάνῳ
1561 2671 1625 2706 περὶ
1640 2670 1696 2697 τῶν
1712 2671 1741 2697 ὲν
1757 2673 1811 2704 τοῖς

1029 2714 1112 2749 ἱεροῖς
1135 2714 1309 2749 Εὐαγγελίοις
1325 2716 1517 2752 ἀπορουμένων
1537 2716 1629 2751 ἕτερον
1653 2716 1810 2751 ἀνατίθησι’

1028 2760 1075 2786 καὶ
1088 2759 1154 2787 ἄλλα
1167 2761 1281 2797 διάφορα
1296 2763 1497 2798 συγγράμματα
1510 2763 1697 2796 καταλέλοιπε,
1713 2762 1811 2798 πολλὴν

1027 2806 1119 2841 ὄνησιν
1139 2809 1171 2843 τῇ
1190 2808 1336 2844 Ἐκκλησία
1353 2809 1522 2844 εἰσφέροντα.
1543 2809 1616 2844 Πλὴν
1628 2809 1748 2841 τοιοῦτος
1763 2808 1810 2842 ὢν,

1029 2853 1056 2880 ἐν
1070 2854 1175 2887 πολλοῖς
1188 2855 1310 2890 φαίνεται
1326 2855 1359 2882 τὰ
1380 2855 1482 2891 Ἀρείου
1497 2856 1664 2892 πρεσῦεύων,
1679 2865 1705 2885 κ.
1718 2856 1762 2883 τ.)
