1915 3135
105 114 134 141 81
593 118 772 149 lVETERUM
792 118 1001 147 TESTIMONIA
1020 119 1089 148 PRO
1105 121 1259 150 EUSEBIO.
1710 119 1744 146 εἳ

602 166 644 193 E1;
656 167 729 194 Actis
747 168 933 201 nmuuscriptis
951 169 1036 195 sancti
1049 168 1169 197 Silvestri
1184 179 1268 205 papae.

139 238 281 272 Εὐσέϐιος
296 242 312 268 ὁ
326 241 475 277 Παμφίλου,
489 242 537 278 τὴν
556 243 827 278 Ἑκκλησιαστικὴν
848 253 911 279 συγ-
926 247 947 276 Α

106 285 225 319 γράφων
248 286 415 322 Ἱστορίαν,
425 289 556 324 παρέλιπε
568 290 631 326 περὶ
647 291 761 317 ἑκάστου
777 291 860 318 ταῦτα
873 293 911 318 εἰ-

105 331 176 361 πεῖν,
186 331 266 366 ἅπερ
273 333 307 358 ὲν
317 333 404 364 ἄλλοις
414 333 596 368 συντάγμασιν
603 335 729 369 ἔφρασεν
738 337 910 373 ἐνέοεικεν(α)

106 375 159 411 γὰρ
177 376 287 404 ἕνδεκα.
302 378 393 412 λόγοις
403 379 437 405 τὰ
450 379 597 415 παθήματα
613 382 703 416 σχεδὸν
713 383 766 409 τῶν
776 384 804 410 ὲν
813 384 911 415 πάσαις

105 424 164 453 ταῖς
180 424 342 459 ἐπαρχίαις
362 426 536 462 ὰθλησάντων
562 428 708 464 μαρτύρων
733 430 779 456 καὶ
802 429 910 456 ἐπισκό-

106 477 174 499 πων,
201 471 255 496 καὶ
277 471 477 507 ὁμολογητῶν⁵
491 474 520 500 οὺ
546 473 597 509 μὴν
618 474 686 501 ἀλλὰ
708 475 843 509 γυναικῶν
864 476 911 502 καὶ

104 514 268 549 παρθένων,
284 517 347 544 ὅσαι
361 519 474 554 ἀνδρείῳ
494 520 646 555 φρονήματι
660 521 703 547 διὰ
717 521 761 547 τὸν
772 520 910 556 Δεσπότην

103 560 285 594 ἠγωνίσαντο
309 564 437 599 Χριστὸν,
459 565 640 601 ἀνεγράψατο.
657 567 712 592 Καὶ
733 563 810 598 οὗτος
833 567 911 602 μόνος

105 606 159 632 τῶν
181 607 354 636 ἐπισκόπων
373 610 426 636 ἀπὸ
442 611 488 637 τοῦ
509 611 657 638 ἀποστόλου
669 613 784 648 Πέτρου,
798 613 844 639 καὶ
858 622 909 640 κα-

104 650 196 686 θεξῆς,
215 653 254 679 τὰ
277 654 430 691 παθήματα
450 656 518 683 κατὰ
535 657 611 689 τάξιν
629 658 788 694 ἐξηγήσατο.
803 659 911 685 Τούτων

103 696 131 722 δὲ
146 697 204 724 τῶν
222 699 337 726 πόλεων
349 702 396 727 xui.
406 702 589 729 ἁποστολικῶν
602 703 704 739 θρόνων
717 705 766 740 τὴν
779 704 912 740 ἀρχιερω-

106 742 189 778 σύνην
205 745 403 779 ἐπεσπάσατο,
414 747 536 774 τουτέστι
551 749 600 784 τῆς
612 749 731 784 μεγάλης
743 749 797 776 τῶν
808 750 911 776 πόλεων

112 788 235 825 Ῥώμης,
259 791 467 828 ’Δλεξανδρείας
484 802 513 820 τε
530 795 577 820 καὶ
598 795 772 830 Ἀντιοχείας,
788 795 838 831 τῆς
852 804 910 821 κοι-

107 834 155 869 νῆς
170 835 272 862 ἕνεκεν
290 838 434 872 ὠφελείας.
452 839 498 865 Ἐκ
514 839 561 866 τοῦ
575 839 691 875 ἀριθμοῦ
708 841 798 867 τοίνυν
809 841 911 867 τούτων

108 876 145 906 ὧν
169 881 253 918 μέχρι
280 884 329 911 τοῦ
349 884 427 920 δεῦρο
450 886 545 920 χρόνου
559 887 572 912 ὁ
589 885 754 921 προρῤηθεὶς
767 887 800 921 τῇ
817 886 910 921 Ἐλλη-

998 243 1240 278 liistoriographus
1250 245 1344 269 noster
1358 236 1492 269 Eusebius
1506 240 1682 269 Caesariensis
1696 241 1742 269 Pa-

962 290 1074 318 lzestime
1090 289 1165 316 urbis
1179 289 1331 323 episcopus.
1344 296 1405 315 cum
1427 287 1571 314 Historiam
1586 287 1745 315 ecclesiasti-

962 344 1018 363 cam
1038 336 1179 366 scriberet.
1199 335 1370 370 praetermisit
1394 341 1426 361 ea
1452 341 1512 368 qua:
1540 338 1604 361 sunt
1633 337 1660 361 in
1686 335 1745 362 aliis

962 382 1113 416 opusculis,
1129 381 1171 408 vel
1187 388 1249 415 quae
1266 389 1295 408 se
1315 380 1436 407 meminit
1457 380 1596 407 retulisse.
1616 379 1683 407 Nam
1704 380 1745 408 vi-

962 428 1028 464 ginti
1058 427 1152 458 libros,
1167 427 1195 453 id
1216 431 1258 454 est
1285 426 1353 453 duas
1379 426 1506 458 decadas.
1536 427 1657 453 omnium
1675 434 1745 461 pene

962 473 1165 509 provinciarum
1180 473 1321 507 passiones
1333 477 1481 507 martyrum
1493 491 1500 502 ,
1515 473 1704 507 episcoporum
1718 477 1746 500 et

961 519 1150 547 conl‘cssorum
1171 522 1197 546 et
1219 526 1358 546 sacrarum
1378 517 1522 544 mulierum
1551 524 1583 545 ac
1608 517 1744 552 virginum

962 565 1103 593 continere
1120 564 1192 592 fecit.
1216 563 1318 592 Deinde
1335 569 1446 592 secutus
1464 567 1491 591 et
1507 563 1541 591 ab
1556 563 1679 598 apostolo
1692 563 1744 591 Pe-

962 615 1016 643 tro,
1032 610 1153 637 omnium
1178 610 1370 645 episcoporum
1389 610 1499 637 nomina
1522 613 1549 637 et
1574 613 1649 644 gesta
1677 617 1745 637 con-

962 656 1073 691 scripsit
1092 665 1098 683 :
1116 659 1143 683 et
1154 663 1247 682 earum
1265 655 1372 682 urbium
1387 662 1447 690 qua:
1466 662 1555 681 arcem
1571 654 1745 689 pontiﬁcatus

961 711 1009 738 per
1021 702 1183 737 apostolicas
1195 700 1272 729 sedes
1284 705 1375 728 tenere
1389 703 1552 733 noscuntur,
1570 699 1634 726 urbs
1647 698 1744 731 Roma,

961 749 1116 782 Antiochia,
1134 748 1333 783 Hierosolyma,
1354 747 1489 783 Ephesus,
1505 746 1678 778 Alexandria,
1698 745 1746 772 ha-

961 803 1022 822 rum
1048 795 1157 822 urbium
1181 796 1372 829 episcoporum
1400 793 1522 820 omnium
1547 791 1746 827 praeteritorum

961 849 1047 876 usque
1063 841 1098 868 ad
1111 846 1217 875 tempus
1231 847 1310 868 suum
1321 839 1415 866 Grzcco
1430 846 1556 867 sermone
1570 837 1745 872 conscripsit.

962 887 1001 915 Ex
1011 895 1126 922 quorum
1136 894 1250 914 numero
1259 894 1343 913 unum
1352 885 1543 921 episcoporum
1554 885 1630 912 urbis
1642 883 1746 915 Romat,

107 928 169 962 νικῇ
184 930 382 965 συνεγράψατο
393 933 478 967 φωνῇ,
490 931 584 958 τούτου
594 932 639 958 τὸν
651 932 706 967 βίον
714 932 763 959 οὐκ
769 932 860 967 ὲξίσχυ

990 938 1087 960 ηηςιυηι
1117 932 1279 960 Silvestrum
1309 940 1353 960 me
1375 931 1410 959 de
1433 931 1527 958 Graeco
1561 931 1603 958 in‘
1619 930 1746 957 Latinum

112 974 303 1009 μεταφράσαι,
317 977 440 1004 τουτέστι
463 977 509 1004 τοῦ
520 978 597 1013 ἁγίου
607 978 767 1014 Σιλὸἐστρου
776 999 783 1011 ,
806 987 833 1005 κ.
846 988 871 1006 τ.
882 979 907 1006 λ.

961 978 1110 1006 transferre
1126 978 1289 1013 pracepisti.

117 1028 197 1057 Vetus
218 1037 320 1060 auctor
341 1035 369 1060 in
383 1034 515 1062 Passione
538 1037 626 1065 sancti
645 1036 865 1098 Valeriani,qu§
888 1041 927 1077 est
948 1036 1048 1078 decimo
1065 1034 1129 1063 Kal.
1152 1035 1288 1067 Januarii,
1303 1040 1331 1062 ut
1355 1035 1464 1062 habetur
1490 1036 1517 1062 in
1540 1035 1618 1062 veteri
1658 1035 1746 1062 codice

869 1080 1023 1098 osctacensi.

869 1080 1023 1099 oactacenst.

146 1110 381 1141 Beatissimorum
395 1120 544 1152 martyrum
557 1117 676 1151 gloriosa
693 1117 853 1149 certamina,
870 1117 904 1144 ob
919 1117 1050 1144 honorem
1063 1116 1164 1144 Christi
1180 1115 1287 1144 Domini
1316 1124 1348 1143 ac
1363 1115 1408 1143 Dei
1423 1116 1510 1144 nostri
1528 1115 1646 1144 assiduis
1661 1115 1744 1142 culti—

114 1154 164 1183 bus
180 1161 208 1184 et.
221 1158 404 1187 solemnitate
428 1167 518 1188 annua
542 1162 726 1193 celebrantur,
744 1166 774 1189 ut
789 1162 854 1190 dum
879 1161 959 1189 ﬁdem
977 1165 1128 1197 martyrum
1146 1162 1224 1197 plebs
1240 1162 1338 1189 devota
1362 1162 1502 1197 cognoscit
1518 1164 1546 1188 et
1572 1161 1634 1189 illos
1649 1161 1745 1188 trium~

117 1202 216 1236 phasse
230 1204 366 1239 gaudeat,
381 1210 409 1234 et
426 1215 455 1234 se
472 1207 624 1242 patrocinio
638 1215 732 1236 eorum
749 1207 944 1244 protegendam
962 1215 1024 1235 esse
1040 1207 1170 1235 conlidat.
1181 1207 1295 1235 Celebre
1308 1208 1381 1235 enim
1396 1208 1522 1240 habetur,
1538 1213 1639 1236 sanclze
1652 1216 1744 1235 recor-

116 1248 235 1277 dationis
255 1250 407 1279 Eusebium
426 1252 597 1286 historicum,
611 1254 790 1283 Caesariensis
804 1254 882 1282 urbis
895 1254 1066 1289 episcopum,
1080 1254 1195 1288 egregiae
1214 1254 1276 1281 vita:
1293 1254 1480 1281 beatissimum
1503 1255 1682 1287 sacerdotem,
1698 1261 1743 1280 ec—

115 1293 274 1324 clesiastica
290 1305 402 1333 quoque
418 1298 589 1331 institutione
604 1299 793 1329 doctissimum
810 1304 838 1328 et
854 1299 993 1335 praecipua
1005 1298 1192 1326 sollicitudine
1202 1298 1398 1331 venerandum,
1412 1307 1460 1334 per
1474 1307 1582 1327 omnem
1597 1299 1701 1332 orbem,
1712 1299 1743 1326 in

116 1346 249 1375 quantum
265 1343 364 1371 divino
379 1346 559 1374 annuntiante
572 1346 687 1382 Spiritu,
706 1351 735 1374 ut
746 1350 851 1382 gestum
867 1351 919 1378 est,
936 1346 976 1373 rei
987 1345 1087 1373 veritas
1107 1345 1222 1373 decursa
1239 1345 1323 1372 valuit
1339 1345 1464 1380 reperiri,
1478 1350 1559 1380 prout
1571 1345 1740 1380 singularum

117 1389 326 1422 provinciarum
342 1392 434 1425 urbes,
451 1393 509 1420 loca
529 1394 569 1422 vel
586 1394 684 1429 oppida
716 1392 849 1422 illustrari
865 1392 1010 1428 triumphis
1027 1397 1176 1427 martyrum
1195 1392 1352 1419 cmlestihus
1378 1395 1553 1425 meruerunt,
1572 1398 1742 1426 quorumque

119 1434 275 1470 principum
290 1441 413 1473 tempore
420 1439 545 1466 ordinata
558 1437 708 1468 ciliciorum
723 1439 854 1468 instantia
870 1440 1019 1466 innumerae
1042 1438 1247 1473 persecutiones
1262 1437 1340 1465 facta:
1356 1438 1474 1469 fuerant,
1491 1438 1657 1466 declarasse.
1675 1437 1738 1470 Qui,

117 1481 165 1508 etsi
192 1487 353 1518 martyrqu
373 1485 542 1520 singulorum
568 1487 689 1522 integras
710 1494 765 1514 non
789 1486 917 1520 explicuit
932 1485 1085 1520 passiones,
1101 1489 1193 1512 tamen
1207 1485 1371 1512 Christianis
1387 1485 1492 1512 devotis
1508 1488 1588 1520 atque
1605 1485 1740 1517 ﬁdelibus,

116 1527 185 1554 unde
198 1528 327 1556 describi
339 1530 381 1556 vel
397 1531 529 1558 Celebrari
546 1532 662 1559 debeant
677 1532 811 1560 veraciter
822 1531 967 1559 inthnavit.
984 1531 1031 1558 Dei
1049 1531 1140 1565 itaque
1157 1531 1272 1566 gratiam
1285 1535 1342 1558 toto
1359 1532 1425 1558 orbe
1442 1530 1569 1558 dilTusam
1583 1530 1670 1558 ﬁdelis
1683 1532 1742 1558 cul—

117 1577 158 1600 tor
171 1575 309 1607 excoluit,
327 1575 392 1602 dum
415 1577 486 1604 velut
503 1578 601 1613 exiguo
617 1579 699 1606 tritici
715 1578 820 1606 semine
835 1579 954 1613 copiosa:
978 1585 1082 1605 messes
1098 1577 1156 1612 agri
1182 1576 1322 1604 fertilitate
1346 1577 1504 1612 gignuntur,
1521 1580 1547 1603 et
1562 1575 1742 1609 multiplicata

118 1619 239 1647 ubertate
251 1621 411 1656 proﬁciunt.
428 1623 464 1650 Ita
476 1631 523 1659 per
540 1625 692 1660 supradicti
709 1625 760 1653 viri
775 1625 935 1653 relationem
950 1625 984 1652 ab
1004 1624 1086 1651 unius
1100 1623 1207 1651 codicis
1231 1623 1305 1653 fonte
1319 1624 1461 1657 diffusam,
1480 1624 1590 1659 scriptis
1603 1626 1741 1651 mananti-

118 1662 166 1692 bus
181 1664 317 1699 ﬁdelium,
336 1671 421 1694 totutu
436 1667 530 1695 orbem
545 1669 714 1696 celebranda:
729 1669 871 1704 passiones
885 1673 1034 1704 martyrum
1051 1669 1218 1705 rigaverunt.
1393 1662 1395 1664 ’

737 1729 874 1758 Usuardtts
893 1730 921 1757 in
943 1729 1144 1765 Martyrologio.

151 1779 242 1809 Die2l
259 1784 366 1812 mensis
378 1785 462 1813 Junii.
481 1786 640 1819 Palaestinm,
657 1787 745 1814 sancti
762 1786 871 1814 Eusebii
889 1786 1008 1822 episcopi
1025 1789 1052 1813 ct
1075 1785 1254 1817 confessoris,
1280 1786 1331 1812 viri
1359 1785 1580 1813 excellentissimi
1596 1785 1694 1820 ingenii
1713 1786 1740 1810 et

118 1825 341 1866 historiographi.

737 1868 867 1896 Notkerus
879 1869 907 1895 in
923 1868 1125 1903 Martyrologio.

153 1908 198 1937 Die
208 1910 240 1937 2!
259 1912 364 1939 mensis
377 1912 461 1941 Junii.
480 1913 506 1940 In
517 1913 639 1942 Cmsarea
657 1914 790 1950 depositio
803 1914 890 1942 sancti
900 1913 1010 1942 Eusebii
1027 1914 1156 1948 episcopi.

122 1962 310 1994 illanec/larius
325 1967 352 1994 in
367 1969 478 2001 epistola
498 1970 532 1996 ad
542 1970 899 2006 CerauniumParisiensem
920 1971 1080 2006 episcopum,
1098 1978 1176 2006 quam
1198 1969 1312 2006 pra-ﬁxit
1327 1968 1451 1996 Passioui
1463 1973 1617 1996 sanctorum
1639 1970 1726 2002 marty

632 2013 692 2033 rum
706 2005 860 2041 Speusippi,
881 2005 999 2041 Elasippi
1015 2010 1041 2034 et
1061 2005 1228 2039 Meleusippi.

154 2043 304 2081 Przecipuis
315 2048 535 2077 beatissimorum
546 2052 735 2086 episcoporum
745 2052 868 2087 personis
880 2051 990 2079 assidue
1004 2051 1140 2087 coaequari
1152 2051 1256 2078 meritis
1272 2058 1326 2077 non
1344 2049 1490 2082 desistens,
1504 2050 1532 2076 in
1541 2049 1613 2083 omni
1625 2055 1739 2075 conver-

120 2090 222 2119 satione
236 2093 397 2126 saccrdotii,
422 2100 515 2123 sancta
539 2097 660 2131 quotidie
672 2098 799 2125 exornari
814 2098 944 2133 religione
973 2097 1118 2129 festinans,
1134 2096 1288 2124 divinarum
1304 2094 1508 2130 Scripturarum
1527 2093 1631 2130 legendi
1648 2093 1738 2120 studio

123 2137 246 2166 universa
268 2139 395 2174 dogmata
411 2143 570 2179 peragrasti.
587 2142 664 2170 Nunc
684 2147 840 2171 sanctorum
853 2149 1001 2179 martyrum
1016 2147 1092 2179 gesta
1108 2142 1141 2170 ad
1159 2141 1247 2169 laudis
1262 2145 1316 2168 tum
1338 2140 1476 2168 cumulum
1491 2147 1540 2175 pro
1564 2147 1655 2167 amore
1672 2139 1736 2166 reli-

123 2182 208 2215 gionis
219 2193 389 2221 congregare
405 2187 431 2214 in
448 2189 514 2215 urbe
535 2188 673 2217 Parisiaca
693 2190 808 2218 devotus
822 2191 950 2218 intendis.
972 2189 1049 2217 Unde
1067 2192 1163 2217 saneto
1183 2187 1300 2215 Eusebio
1329 2186 1490 2215 Cwsariensi
1513 2187 1539 2213 in
1557 2185 1737 2213 aemulationis

125 2229 210 2258 atudio
226 2233 413 2267 coaequaudus
431 2242 472 2267 es,
490 2239 517 2262 ct
541 2235 598 2270 pari
615 2236 708 2270 gloriae
731 2237 803 2263 dono
817 2237 1011 2271 pcrpetualiter
1024 2235 1226 2263 memorandus.

497 2291 538 2317 Ea:
557 2291 635 2318 veteri
650 2291 785 2319 Breviario
803 2294 981 2327 manuscripto
999 2291 1125 2319 Ecclesia:
1149 2289 1349 2318 Lemovicenst’s.

659 2338 752 2364 Sancti
763 2337 870 2366 Eusebii
884 2339 1004 2374 episcopi
1022 2337 1197 2366 confessoris.

157 2377 258 2407 Lscno
272 2380 297 2406 1.
313 2379 447 2409 Eusebius
463 2381 594 2410 Catsareec
605 2382 753 2411 Palaestina:
768 2385 912 2420 episcopus
926 2386 961 2413 ob
976 2385 1110 2420 Pamphili
1118 2384 1244 2419 martyris
1264 2382 1411 2410 amicitiam
1429 2380 1561 2415 Pamphili
1576 2387 1674 2407 nomen
1689 2387 1735 2407 ac-

126 2423 203 2457 cepit,
219 2434 252 2453 eo
271 2426 344 2461 quod
359 2434 420 2454 cum
432 2428 527 2455 eodem
544 2428 684 2464 Pamphilo
699 2430 797 2457 divinae
808 2431 983 2459 Bibliotheca:
992 2431 1169 2467 investigator
1180 2431 1406 2467 diligentissimus
1416 2428 1561 2456 exstiterit.
1573 2426 1619 2454 Vir
1626 2426 1734 2461 quidem

127 2472 180 2494 erat
194 2475 347 2498 memoratu
361 2471 537 2506 dignissimus
555 2481 603 2508 per
617 2474 673 2501 haec
689 2478 821 2510 tempora,
841 2480 896 2503 tum
910 2477 1056 2503 multarum
1072 2484 1163 2504 rerum
1179 2477 1286 2512 peritia,
1302 2480 1358 2502 tum
1368 2474 1476 2509 ingenio
1490 2473 1648 2501 mirabili.et
1663 2471 1735 2506 apud

127 2516 232 2558 gentiles
242 2522 271 2545 et;
288 2518 359 2552 apud
367 2518 548 2551 Christianos,
567 2521 636 2548 inter
651 2522 826 2556 philosophos
839 2523 991 2558 praecipuus
1008 2527 1036 2550 et
1053 2523 1240 2551 nobilissimus
1254 2522 1364 2550 habitus
1379 2526 1430 2549 est.
1444 2520 1493 2547 Hic
1512 2527 1575 2546 cum
1588 2517 1735 2552 aliquando

129 2557 222 2610 A'riaua
236 2563 334 2591 haeresi
355 2564 515 2594 laborasset.
533 2565 566 2591 ad
589 2566 721 2601 synodum
750 2567 885 2595 Nicaeuam
911 2557 1054 2602 accedens,
1075 2568 1178 2603 Spiritu
1193 2572 1288 2596 sancto
1306 2567 1469 2601 inspiratus,
1488 2565 1599 2592 Patrum
1626 2571 1733 2591 semen-

131 2608 188 2634 tiam
213 2614 326 2637 secutus
339 2614 392 2642 est,
409 2618 440 2637 ac
455 2611 583 2647 deinceps
600 2621 684 2648 usque
704 2614 737 2641 ad
757 2619 870 2642 mortem
889 2615 1063 2643 sanctissime
1079 2623 1140 2642 cum
1163 2615 1313 2642 orthodoxa
1326 2615 1379 2642 ﬁde
1394 2613 1470 2641 vixit.

161 2652 258 2683 LECTIO
272 2657 299 2683 ΕΞ.
317 2655 378 2683 Fuit
393 2662 482 2684 autem
499 2658 527 2685 in
548 2659 647 2686 divinis
676 2659 824 2694 Scripturis
851 2660 1069 2688 studiosissimus
1085 2679 1092 2692 ,
1125 2668 1157 2687 ac
1183 2659 1356 2687 Bibliotheca:
1380 2658 1477 2685 divina:
1504 2665 1565 2683 eum
1591 2656 1733 2692 Pamphilo

133 2704 238 2736 martyre
255 2703 481 2738 diligentissimus
499 2705 686 2741 investigator.
705 2705 788 2733 Multa
813 2705 915 2733 eisdem
927 2706 1095 2741 temporibus
1108 2706 1229 2740 scripsit,
1245 2705 1360 2732 maxime
1376 2711 1438 2732 vero
1454 2704 1537 2730 libros
1570 2703 1731 2739 Evngelica'

157 2806 190 2842 (ιι)
208 2807 380 2836 Ἐγέθεικειε.
398 2806 551 2843 Lugendum
570 2808 677 2836 videtur
693 2807 819 2842 ἐνέθηκεν
834 2808 874 2836 vel
888 2809 913 2836 ὲκ.

521 2815 551 2834 im
570 2808 677 2836 videtur
693 2807 819 2842 ἐνέθηκεν
834 2808 874 2836 vel
888 2809 1050 2837 ἐντέθεικεν.
1073 2810 1151 2839 Enn.
1165 2811 1251 2840 Pun,
1276 2822 1277 2825 η
