1915 3135
185 137 220 165 83
600 136 765 166 VETERUM
785 136 996 166 TESTIMONIA
1015 137 1156 166 CONTRA
1174 137 1360 167 EUSEBIUM.
1755 135 1800 163 84

177 193 390 228 ρνιεραναιίοηὶε,
407 192 599 221 Εεειεδίαειὶεω
628 193 777 226 Ilistoriw;
795 194 828 220 In
861 193 1048 229 Porphyrium,
1075 194 1290 223 Christianorum
1311 195 1417 223 bouem
1445 193 1608 222 acerrimum
1626 203 1632 221 :
1650 193 1801 228 Apologia:

179 241 242 267 item
256 248 302 267 sex
316 248 364 275 pro
380 239 490 276 Origene
507 240 676 274 composuit;
695 241 731 267 De
742 241 796 267 vita
813 240 949 275 Pamphili
961 243 1098 277 martyris,
1114 249 1186 277 aquo
1194 243 1573 278 obamoremcognomentum
1581 239 1800 274 accepuJibros

170 295 233 318 tres
247 298 253 316 :
266 288 329 316 item
347 288 554 316 Commentarios
567 287 769 315 eruditissimos
799 288 826 315 in
842 293 945 315 centum
958 293 983 316 et
994 289 1182 324 quinquaginta
1202 288 1335 316 Psalmos.

213 333 312 361 LECTIO
327 333 352 361 5.
365 332 512 364 Prmterea,
527 336 557 359 ut
572 332 681 368 legitur,
703 332 824 360 omnium
842 332 1045 367 provinciarum
1062 341 1124 360 cum
1141 334 1288 360 multorum
1301 337 1457 360 sanctorum
1474 336 1623 367 martyrum
1649 332 1800 366 passiones

175 382 203 406 et
218 379 404 406 Confessorum
420 378 503 405 vitam
529 385 561 405 ac
574 377 710 413 virginum
726 379 909 413 cognovisset,
925 379 1020 413 viginti
1032 378 1118 407 libros
1133 377 1167 407 de
1183 379 1284 407 eisdem
1297 379 1400 406 sanctis
1412 378 1591 413 scriptitavit;
1607 377 1642 405 ob
1654 378 1703 406 hos
1730 377 1799 405 ideo

175 430 202 453 et
216 426 349 461 precipue
365 425 548 460 Evangelicam
561 426 792 459 ρντιιραναιὶοηεηι,
806 432 869 452 cum
886 424 957 460 apud
974 429 1068 461 gentes
1080 427 1232 462 praecipuus
1253 425 1408 457 haberetur,
1425 429 1565 460 paternam
1595 425 1706 452 deorum
1726 424 1800 453 reli—

175 472 282 507 gionem
294 472 329 500 ob
342 472 466 500 veritatis
480 479 600 500 amorem
613 473 786 507 contempsit.
802 471 917 508 Scripsit
931 481 1040 509 quoque
1053 472 1240 501 Chronicarum
1254 473 1392 500 historiam
1407 479 1421 498 a
1436 472 1523 508 primo
1537 480 1609 500 anno
1621 472 1738 500 Abrahae
1745 479 1799 500 us-

174 526 227 553 que
244 518 277 545 ad
297 526 398 546 annum
410 519 629 546 trecentesimum
642 538 650 551 ,
667 525 748 554 quam
762 517 794 544 D.
809 516 990 554 Hieronymus
1005 523 1167 554 prosecutus
1191 523 1242 547 est.
1272 519 1334 547 Fuit
1354 520 1470 554 denique
1496 519 1628 548 Eusebius
1652 520 1696 548 hic
1727 527 1792 556 post

174 564 377 592 conversionem
391 565 564 593 Constantini
582 564 681 600 Magni,
697 565 785 592 eidem
800 565 889 600 quoad
904 566 981 598 vixit,
999 567 1083 595 multa
1098 566 1287 595 benevolentia
1303 566 1477 601 conjunctus.

172 622 207 649 In
221 621 366 648 Breviario
385 621 577 648 Lemovicensis
596 621 732 654 Ecrlesiw,
748 622 818 649 edito
832 631 912 684 an";
924 623 1007 686 ιὲῗῚῙ
1024 632 1070 665 per
1087 623 1222 658 Hugonem
1237 623 1354 656 Barbam,
1375 623 1485 650 habetur
1495 623 1549 650 lucc
1567 623 1688 657 collecta,
1700 624 1794 652 eodem

904 667 927 686 te
1012 667 1077 685 tum.
1711 673 1713 675 -

904 667 927 686 ιε
943 667 974 686 21
991 667 1077 685 Juntt.
1711 673 1713 675 -

208 703 398 738 Omnipotens,
415 703 579 738 sempiterne
595 701 676 733 Deus,
699 701 746 737 qui
759 710 809 730 nos
823 702 953 730 concedis
968 702 1055 730 sancti
1071 701 1178 729 Eusebii
1192 702 1358 730 confessoris
1386 703 1423 730 tui
1441 707 1523 738 atque
1552 703 1687 738 pontiﬁcis
1710 711 1794 740 agere

174 749 357 780 festivitatem,
373 749 461 777 deduc
477 757 537 782 nos,
554 757 720 784 qumsumus,
736 750 796 785 ejus
809 750 937 785 precibus
955 749 989 776 ad
1006 749 1158 776 caelestium
1170 749 1328 783 gaudiowm
1345 749 1510 777 societatem.
1524 749 1725 778 PerDominum
1743 757 1792 778 no-

173 801 260 822 strum
276 794 369 823 Jesum
384 795 533 826 Christum.
549 799 602 824 etc.

209 841 243 868 1n
255 842 361 876 antiquo
377 841 483 868 tllissali
497 842 613 876 ejusdem
629 840 763 874 Ecclesia,
778 841 847 868 edito
863 850 932 868 anno
952 840 1031 872 1485,
1049 839 1175 872 Parisiis,
1190 840 1228 867 sit:
1242 840 1352 867 habetur
1370 849 1378 868 :
1394 839 1451 868 Sub
1465 840 1560 868 eodem
1575 840 1618 869 die
1634 841 1723 868 sancti~
1735 839 1793 868 Eu-

173 888 241 915 sebii
255 888 376 923 episcopi
392 887 517 915 ollicium.
537 886 635 914 Statuit
647 887 683 919 ei,
696 891 745 914 etc.
765 887 869 915 Oratio.
889 887 941 920 Da,
958 893 1126 922 quaesumus.
1144 886 1276 923 Epistola.
1290 886 1434 915 Testiﬁcor
1461 894 1553 914 coram
1581 886 1646 915 Deo.
1670 887 1791 923 Evange-

169 939 246 967 lium.
263 938 387 974 Vigilate.
407 937 473 969 Qum
487 937 576 963 omnia
590 936 617 962 in
632 935 765 962 communi
780 934 938 970 confessoris
951 935 1075 969 episcopi.
1090 933 1124 961 Et
1141 933 1248 961 dicatur
1272 935 1415 968 residuum,
1431 941 1460 962 ut
1473 938 1550 964 unius
1561 939 1685 974 episcopi.

406 991 438 1018 In
458 992 536 1018 veteri
549 990 711 1019 Kalendario
726 993 905 1028 manuscripto
917 992 1033 1026 ejusdem
1046 991 1170 1020 Ecclesitz
1186 992 1295 1020 habetur
1308 994 1334 1020 in
1347 1002 1433 1021 mense
1446 993 1541 1022 Iunio.

204 1057 231 1076 ιι
248 1049 360 1076 Kalend.
382 1048 457 1076 Julii.
469 1048 579 1076 Eusebii
597 1049 807 1084 archiepiscopi.

168 1095 256 1123 Codex
269 1104 320 1123 ms.
336 1096 493 1123 Parisieusis
509 1094 631 1123 Erclesiw
645 1101 705 1122 ante
720 1096 883 1133 octingentos
891 1104 973 1123 annos
987 1103 1122 1128 exaratus,
1134 1097 1268 1124 continens
1278 1096 1385 1125 Eusebii
1398 1098 1544 1127 Historiam
1560 1100 1786 1133 ecclesiasticam.

766 1131 861 1165 Ruﬁno
874 1132 1022 1166 interprete,
1038 1133 1076 1159 sit:
1087 1133 1196 1166 incipit:

202 1180 232 1208 lu
247 1180 357 1208 nomine
371 1180 417 1208 Dei
431 1181 540 1213 suuttni,
553 1180 647 1216 incipit
666 1180 785 1207 Historia
799 1180 884 1208 sancti
903 1180 1012 1208 Eusebii
1027 1181 1204 1209 Cmsariensis
1220 1181 1351 1217 episcopi,
1373 1181 1400 1209 id
1413 1185 1455 1209 est
1470 1181 1531 1209 libri
1547 1189 1661 1210 numero
1675 1190 1716 1210 xta

204 1240 247 1268 Ea:
275 1240 342 1268 libro
358 1239 396 1267 De
421 1239 604 1267 luminaribus
636 1240 775 1273 Ecclesite,
804 1240 849 1275 qui
875 1239 985 1301 lugetur
1004 1239 1031 1266 in
1047 1239 1212 1280 collectaneis
1238 1239 1327 1273 Beda,
1351 1245 1376 1267 et
1406 1241 1474 1267 inter
1496 1248 1575 1275 opera
1595 1241 1686 1275 spuria
1715 1239 1748 1268 Β.

927 1282 1064 1301 teromnm.

927 1282 1064 1309 teronyrm.

201 1321 335 1350 Eusebius
347 1320 537 1355 Caesariensis,
553 1321 638 1349 clavis
650 1319 866 1357 Scripturarum,
883 1325 1030 1356 custosque
1045 1320 1113 1348 Novi
1126 1321 1305 1355 Testamenti,
1320 1322 1412 1349 multis
1442 1322 1529 1358 major
1556 1324 1583 1351 in
1607 1322 1789 1358 conscriptio—

165 1367 247 1395 nibus
263 1375 324 1395 esse
339 1367 543 1402 comprobatur.
566 1366 630 1394 Tria
650 1371 714 1396 sunt
728 1368 869 1403 praeclara,
882 1375 942 1403 quae
954 1367 1006 1394 hoc
1017 1367 1045 1394 in
1062 1367 1191 1402 operibus
1205 1367 1266 1402 ejus
1279 1375 1343 1395 vere
1353 1372 1491 1395 testantur
1505 1378 1511 1395 :
1528 1367 1645 1395 (Iunones
1672 1373 1788 1403 quatuor

167 1412 381 1448 Evangeliorum,
396 1412 441 1447 qui
461 1412 565 1440 Novum
582 1412 784 1440 Testamentum
799 1416 912 1440 narrant
928 1417 1010 1447 atque
1029 1412 1196 1444 custodiunt,
1218 1412 1311 1441 decem
1328 1413 1390 1440 libri
1423 1412 1550 1441 Historia:
1579 1413 1785 1446 Ecclesiastt‘cw,

165 1464 193 1485 ct
206 1457 365 1490 Chronican,
389 1457 416 1484 id
433 1461 484 1490 est,
502 1463 654 1493 temporum
672 1458 847 1487 breviarium.
862 1457 894 1485 Et
906 1466 956 1485 nos
971 1458 1063 1485 omnia
1073 1458 1133 1493 ejus
1149 1458 1263 1493 vestigia
1284 1458 1330 1493 qui
1348 1458 1448 1486 imitari
1478 1459 1620 1493 potuisset,
1644 1466 1786 1494 nunquam

166 1503 329 1538 reperimus.

166 1558 208 1586 Ex
233 1559 409 1587 Miscellaneis
433 1568 482 1587 ms.
501 1559 629 1587 Theodori
651 1558 811 1597 Melae/tilia,
836 1568 868 1587 ex
898 1569 922 1587 cn

1031 1560 1094 1597 :jus_
1108 1560 1200 1597 titulus
1227 1564 1267 1597 est
1290 1570 1299 1587 :
1322 1560 1381 1587 ’Ὁτι
1404 1560 1504 1591 πάντες
1528 1560 1584 1587 ὅσοι
1605 1560 1633 1587 ὲν
1657 1560 1787 1597 Αἰγύπτῳ

619 1595 856 1630 ὲνεποιιδεύϐησαν,
873 1594 1040 1631 τραχύτερον
1061 1594 1100 1630 τῷ
1112 1595 1200 1629 λέγειν
1215 1595 1343 1630 χρῶνται.

202 1643 336 1671 Eusebius
351 1642 415 1670 item
441 1641 585 1677 Pamphili,
613 1650 644 1670 ex
673 1641 817 1670 Palaestina
847 1643 954 1678 quidem

1041 1643 1096 1669 Καὶ
1111 1643 1124 1669 ό
1134 1642 1179 1669 τοῦ
1196 1642 1337 1678 Παμφίλου
1353 1641 1480 1674 Εὐσέϐιος
1493 1642 1525 1669 ὲκ
1539 1642 1720 1677 Παλαιστίνης
1736 1643 1786 1679 μὲν

165 1689 299 1718 oriundus
315 1689 375 1721 fuit,
389 1689 436 1716 sed
452 1689 478 1715 in
497 1688 625 1724 Egypto,
641 1693 669 1715 ut
688 1689 747 1724 ipse
762 1689 866 1722 scribit,
889 1689 921 1716 dit

1030 1701 1033 1713 ι
1059 1689 1146 1722 γένος,
1164 1688 1221 1715 ἀλλ’
1244 1689 1281 1720 ὡς
1307 1688 1386 1720 αὑτός
1415 1696 1492 1723 φησι,
1513 1690 1567 1720 τοῖς
1588 1688 1631 1714 ἐπ’
1646 1688 1786 1722 Αἰγύπτου

165 1736 272 1764 tissime
291 1740 414 1763 versatus
445 1743 453 1761 :
479 1734 522 1762 vir
546 1735 727 1769 undecunque
761 1733 921 1763 doctissimu

1029 1734 1073 1761 ίινυ
1090 1743 1114 1761 τι
1129 1735 1242 1770 χρονῐως
1260 1734 1450 1769 συνεφοίτησε·
1472 1733 1630 1770 πολυμαθὴς
1642 1733 1721 1770 ἀνὴρ,
1737 1734 1785 1761 καὶ

165 1780 393 1817 quemadmodum
423 1784 536 1816 apparet
561 1787 595 1808 ex
616 1781 742 1816 plurimis
770 1789 839 1816 quos
865 1780 921 1809 edid

1030 1779 1080 1814 ιλὸς
1099 1787 1131 1813 γε
1145 1779 1244 1811 πολλὰς
1256 1779 1374 1811 ἐκδόσεις
1387 1778 1569 1815 προενεγκὼν,
1585 1779 1631 1805 καὶ
1647 1778 1786 1814 χρώμενος

166 1828 254 1861 libris,
277 1827 396 1856 dictione
422 1831 512 1855 tamen
535 1831 625 1860 utens,
648 1832 677 1854 ut
708 1827 776 1860 dixi,
799 1827 895 1854 scabra

497 1834 512 1854 n
535 1831 625 1860 utens,
648 1832 677 1854 ut
708 1827 776 1860 dixi,
799 1827 895 1854 scabra
923 1830 951 1855 et
1003 1827 1073 1854 οὕτω
1088 1828 1120 1862 τῇ
1135 1826 1253 1864 γλώττῃ.

165 1881 271 1909 aspera.

167 1968 1778 1983 _______—___________—________.____._.__

306 2053 594 2102 VETERUM
632 2053 1002 2100 TESTIMONIA
1039 2052 1274 2099 CONTRA
1309 2049 1637 2096 EUSEBIUM.

649 2185 692 2213 Ea:
708 2186 776 2214 libra
792 2186 912 2214 Marcelli
931 2187 1065 2223 Ancyrani
1079 2190 1170 2214 contra
1181 2185 1308 2212 Arianos.

201 2245 285 2273 Incidi
298 2245 445 2280 aliquando
456 2245 484 2272 in
495 2244 635 2279 epistolam
648 2253 663 2272 a
673 2245 800 2273 Narcisso
808 2245 948 2280 scriptam,

1045 2242 1176 2278 Ἐντυχὼν
1192 2241 1346 2277 Ναρκίσσου
1361 2240 1407 2266 τοῦ
1430 2238 1598 2275 Νερωνιάδος
1615 2237 1784 2273 προεστῶτος

165 2290 328 2320 Neroniadis
340 2291 478 2327 episcopo,
490 2298 570 2326 quam
586 2291 622 2319 ad.
635 2291 780 2319 Chrestum
804 2291 920 2326 quetnda

1029 2288 1140 2325 ιιστολῇ,
1160 2289 1193 2323 ἢν
1207 2287 1329 2323 γέγραφε
1349 2287 1417 2322 πρὸς
1439 2286 1562 2322 Χρηστόν
1580 2294 1650 2317 τινα,
1668 2285 1714 2312 καὶ
1732 2285 1785 2312 Εὑ-

165 2342 193 2365 ct
206 2338 392 2373 Euphronium
403 2341 429 2366 et
439 2337 585 2365 Eusebium
598 2337 706 2368 direxit,
719 2337 797 2372 quasi
808 2337 920 2371 proposi

1026 2335 1121 2372 ρόνιον,
1150 2335 1196 2361 καὶ
1218 2334 1357 2365 Εὑσέϐιον,
1384 2333 1421 2365 ὡς
1451 2333 1539 2359 Ὀσίου
1563 2331 1610 2359 τοῦ
1634 2331 1782 2358 ἐπισκόπου

165 2384 218 2418 ipsi
225 2383 260 2411 ab
268 2383 351 2411 Hosio
363 2384 493 2419 episcopo
505 2384 664 2418 quaestione,
682 2386 773 2409 utrum
788 2383 856 2417 ipse,
866 2382 921 2409 velu

1028 2382 1189 2416 »ωτήσαντος
1213 2379 1304 2411 αὑτὸν,
1330 2380 1364 2411 εἰ,
1380 2379 1473 2414 ὥσπερ
1493 2378 1621 2410 Εὐσέϐιος
1635 2379 1649 2404 ὁ
1667 2378 1716 2412 τῆς
1729 2378 1784 2404 Πα-

166 2428 301 2458 Eusebius
322 2429 494 2461 Palaestinus,
521 2429 589 2456 tluas
617 2428 783 2456 substantias
807 2427 920 2455 fateretu

1028 2427 1149 2461 ιιστίνης,
1164 2425 1210 2452 δύο
1227 2425 1318 2456 οὐσίας
1345 2422 1414 2451 εἶναι
1444 2432 1534 2459 φησιν,
1549 2423 1620 2450 οὕτω
1643 2423 1690 2450 καὶ
1705 2422 1784 2453 αὐτὸς

166 2475 241 2504 Hanc
257 2476 304 2503 ubi
325 2476 462 2512 legissem,
479 2474 658 2502 animadverti
679 2477 706 2500 et
732 2474 819 2508 ipsum
845 2474 922 2508 scripi

1027 2473 1075 2507 Ξγοι
1085 2481 1091 2487 ·
1108 2472 1191 2506 ἔγνων
1220 2470 1299 2498 αὒτδν
1313 2470 1365 2497 ἀπὸ
1378 2470 1431 2496 τῶν
1448 2470 1617 2506 γραφέντων,
1629 2469 1702 2504 τρεῖς
1716 2465 1783 2494 εἶναι

165 2521 213 2548 illo
230 2529 282 2550 suo
293 2526 349 2550 tres
366 2521 533 2550 substantias
548 2520 660 2547 omnino
675 2519 809 2547 conﬁteri.

723 2519 809 2547 Iﬁteri.
1004 2517 1141 2545 πιστεύειν
1152 2517 1245 2549 οὐσίας
1258 2515 1479 2552 ἀποκρινόμενον.

167 2579 209 2607 Ea:
227 2580 339 2615 epistola
353 2579 479 2615 synodica
489 2578 668 2613 episcoporum
685 2575 793 2615 {Egypti
804 2581 1019 2615 congregatarum
1029 2576 1059 2615 in
1076 2575 1138 2615 urbe
1149 2574 1325 2615 Alexandria,
1342 2573 1375 2600 ad
1394 2582 1481 2615 omnes
1502 2572 1627 2600 Ecclesia
1649 2569 1786 2598 catholica:

392 2609 538 2649 episcopos,
556 2609 635 2648 qnam
652 2609 908 2647 refert’At/ranasius
924 2613 952 2638 in
969 2611 1144 2647 Apologetico
1157 2610 1277 2638 secundo
1295 2610 1423 2636 adversus
1435 2609 1560 2636 Arianos.

196 2671 276 2705 Quod
289 2670 360 2698 enim
381 2669 526 2696 concilium
537 2667 740 2703 episcoporum,
757 2672 803 2695 aut
819 2668 865 2703 qui
883 2675 948 2694 con-

1038 2667 1106 2693 Ποέοι
1126 2667 1180 2702 γὰρ
1199 2666 1245 2692 καὶ
1265 2666 1372 2697 σύνοδος
1393 2666 1547 2692 ἐπισκόπων
1565 2663 1599 2700 ἦν
1615 2664 1691 2695 τότε;
1709 2665 1784 2691 ποῖον

161 2726 252 2745 iessus
272 2718 328 2745 veri
348 2715 556 2744 studiosusillic
571 2715 639 2741 fuit?
656 2715 750 2743 Nonne
772 2715 894 2750 plerique

1027 2713 1137 2748 δνέδριον
1156 2712 1282 2748 ἀληθείας
1306 2712 1450 2747 ὲχόμενον;
1467 2712 1515 2743 Τίς
1535 2710 1589 2737 τῶν
1608 2710 1737 2737 πλειόνων
1754 2710 1783 2737 ἐν

165 2765 252 2790 Iotauu
271 2763 374 2791 inimici
391 2763 471 2790 nobis
497 2761 625 2790 fuerunt?
648 2761 744 2789 Nonne
764 2760 921 2788 Eusebiust

1026 2760 1093 2790 ὓτοῖς
1109 2759 1157 2785 οὐκ
1173 2757 1267 2793 ἐχθρὸς
1283 2757 1416 2793 ἡμέτερος
1436 2754 1469 2792 ἦν
1479 2766 1486 2790 ;
1498 2757 1535 2782 Οὐ
1551 2755 1595 2783 διὰ
1608 2754 1657 2790 τὴν
1679 2755 1782 2790 Ἀρείου

165 2810 223 2836 Arii
237 2809 370 2837 insaniam
397 2807 528 2836 adversus
543 2815 592 2835 uos
619 2807 710 2838 irruit,
728 2810 754 2834 ct
778 2806 846 2834 alios
877 2805 919 2833 ide

1027 2814 1099 2832 ινιαν
1112 2806 1136 2831 oi
1155 2804 1217 2840 περὶ
1244 2804 1380 2830 Ἐυσέὄιον
1404 2803 1464 2829 καθ’
1485 2802 1563 2829 ’ἡμῶν
1584 2801 1734 2838 ὥρμησαν;
1752 2801 1783 2827 οὐ

168 2864 229 2886 cum
243 2856 302 2892 ipso
325 2856 474 2885 sentientes
490 2854 620 2884 adduxit?
636 2854 730 2882 Nonne
756 2852 865 2883 assidue
881 2860 924 2881 cet

1028 2852 1064 2883 ὡς
1090 2851 1184 2883 ἄλλους
1209 2849 1429 2885 συμφρονοῦντας
1449 2848 1539 2880 αὐτοῖς
1560 2849 1709 2884 ὲπήγοντο;
1728 2847 1784 2874 οὑκ
