1915 3135
106 136 135 165 85
538 129 705 158 VETEBUM
725 126 937 155 TESTIMONlA
955 125 1094 154 CONTRA
1112 121 1298 153 EUSEBIUM.
1702 118 1736 146 86

107 193 146 222 set
154 191 212 220 κατ’
225 191 319 219 αὐτῶν
331 190 492 227 ὲγράφμεν
501 190 538 222 ὡς
551 189 585 216 τὰ
597 189 702 224 Ἀρείου
712 187 896 224 φρονούντωνς

968 194 990 213 'a
1011 193 1058 214 eos
1083 185 1243 220 scripsimus
1271 188 1398 218 unquam
1423 181 1555 209 adversus
1579 179 1671 208 Ariani
1690 179 1739 207 do-

108 240 160 268 οὐκ
181 239 313 270 Εὐσέϐιος
336 225 398 265 δίεν
423 225 574 272 Καισαρείᾳ
595 235 643 271 τῆς
661 233 841 268 Παλαιστίνης
853 232 899 259 ἐπὶ

970 231 1049 258 matis
1065 230 1233 258 assertores?
1247 229 1341 257 Nonne
1357 227 1502 260 Eusebius,
1517 227 1647 255 Caesarea:
1666 225 1741 252 Pale-

108 287 138 322 τῇ
167 285 248 321 θυσίᾳ.
279 285 463 320 κατηγορεῖτο
490 282 542 310 ὑπὸ
569 283 623 309 τῶν
652 282 700 309 σὺν
717 281 782 316 ἡμῖν
804 278 898 314 ὁμολο-

968 278 1029 305 ῑὶιιω
1043 277 1199 312 episcopus,
1214 284 1229 303 a
1247 276 1349 303 nostris
1365 273 1570 302 confessoribus
1594 277 1740 300 aCCusatus

109 332 197 370 γητῶν
211 340 221 364 ς

969 328 1005 358 st,
1017 323 1090 360 quod
1106 323 1187 351 idolis
1199 322 1382 350 sacriﬁcasset
1395 321 1405 347 ἲ

651 407 815 443 Epiphanius
834 405 861 432 in
879 401 970 431 heresi
987 396 1201 426 Meietianorum.

141 480 236 509 Ταῦτα
261 480 277 506 ὁ
304 478 431 515 βασιλεὺς
456 476 584 508 ἀκούσας,
609 475 715 511 αἴρεται
737 473 786 510 μὲν
808 471 897 507 θυμῷ.

108 527 214 557 κελεύει
230 527 259 554 δὲ
273 524 492 562 συγκροτηθῆναι
505 522 612 550 σύνοδον
628 520 700 548 κατὰ
708 520 758 556 τὴν
773 518 899 552 Φοινίκην

108 577 137 602 ιν
150 575 234 610 τύρῳ
245 575 279 609 τῇ
294 572 384 599 πόλει·
398 571 524 598 ἐκέλευσε
539 570 566 596 δὲ
582 567 701 600 δικάζειν
715 566 842 593 Εὑσέόιον
855 565 900 591 τὸν

108 608 282 655 Καισαρείας
304 618 352 645 καὶ
367 616 464 647 ἄλλους
483 615 573 647 τινάς·
597 611 666 649 ἦσαν
687 612 715 639 δὲ
738 608 901 647 προσκεκλι-

111 667 188 702 μένοι
199 663 273 693 οὗτοι
289 663 379 695 ποσῶς
396 662 494 699 μᾶλλον
513 663 546 697 τῇ
563 660 617 687 τῶν
638 657 784 695 Ἀρειανῶν
796 656 903 692 χυδαιο-

109 713 199 748 λογία.
223 711 279 738 Καὶ
302 709 457 746 ἐκλήθησαν
472 708 616 735 ἐπίσκοποι
638 706 687 741 τῆς
703 703 841 738 Αἰγύπτου
855 702 905 736 τῆς

109 758 269 793 καθολικῆς,
286 756 334 783 καὶ⁸
351 756 404 782 ὑπὸ
427 753 584 781 Ἀθανάσιον
607 750 757 787 ἀκρέμονές
773 757 843 780 τινες
859 748 905 775 ἄν-

110 805 173 841 δρες
195 805 244 830 καὶ
268 801 387 838 μείζους,
400 800 446 827 καὶ
468 800 496 826 ὲν
522 798 582 834 Θεῷ
604 797 711 832 ἔχοντες
733 794 847 830 διαφανῆ
862 793 907 820 τὸν

111 839 168 886 βίον
177 860 184 866 ·
200 851 230 876 ὲν
241 846 282 880 οἷς
293 846 327 884 ἦν
344 848 358 873 6
375 846 528 882 μακαρίτης
539 844 673 878 Ποτάμων
689 844 703 869 ὁ
721 842 818 877 μέγας,
828 841 842 866 6
854 839 903 874 τῆς

116 899 280 935 Ἡρακλείας
297 897 444 927 ἐπίσκοπος
468 894 514 921 καὶ
535 892 718 928 ὀμολογητὴς·
737 889 803 916 ἀλλὰ
824 889 871 914 καὶ
882 888 906 914 οἱ
922 887 944 917 Β

110 946 165 974 τῶν
177 943 363 974 Μελετιανῶν,
380 943 494 979 μάλιστα
510 941 533 966 οἱ
543 939 590 966 τοῦ
613 937 772 964 Ἀθανασίου
787 943 904 970 κατηγο-

112 992 237 1028 ροῦντες.
266 989 394 1026 Ζηλωτὴς
414 988 443 1015 δὲ
457 987 494 1014 ὣν
510 986 579 1021 ὑπὲρ
608 983 737 1019 ἀληθείας
765 982 812 1009 καὶ
829 981 906 1017 ὀρθο-

112 1027 206 1071 δοξίας
227 1038 241 1064 6
262 1034 460 1073 προειρημένος
480 1033 613 1068 Ποτάμων
629 1032 642 1057 6
658 1027 820 1065 μακαρίτης,
832 1027 906 1053 ἐλευ-

111 1082 305 1120 θεροστομῶν,
329 1081 359 1113 ὃς
387 1080 513 1107 οὐδέποτε
536 1077 629 1112 εἴληφε
651 1073 796 1112 πρόσωπόν
817 1078 904 1103 τινος·

111 1119 159 1158 τὸν
190 1129 330 1164 ὀφθαλμδν
363 1127 417 1162 γὰρ
436 1127 464 1153 ὲν
482 1125 520 1160 τῷ
535 1122 647 1159 διωγμῷ
664 1122 707 1149 διὰ
718 1121 766 1156 τὴν
780 1119 907 1155 ἀλήθειαν

113 1175 259 1210 ἐτυφλώθη
270 1183 276 1190 ·
293 1172 424 1208 ἑωρακὼς
445 1171 491 1198 τὸν
516 1169 644 1197 Εὑσέϐιον
663 1166 844 1202 καθεζόμενον
861 1164 907 1191 καὶ

113 1221 271 1254 δικάζοντα,
298 1219 346 1246 καὶ
379 1217 535 1244 Ἀθανάσιον
562 1215 684 1245 ἑστῶτα,
710 1211 908 1247 καταπονηθεὶς

114 1269 147 1303 τῇ
161 1267 246 1303 λύπῃ,
274 1265 321 1292 καὶ
348 1264 495 1300 δακρύσας,
510 1260 553 1289 οἵα
572 1261 676 1296 γίνεται
691 1259 766 1294 παρὰ
777 1259 832 1289 τοῖς
843 1257 908 1291 άλη-

116 1313 204 1345 οέσιν,
218 1312 381 1339 άπετείνατο
397 1311 472 1346 φωνῇ
489 1308 594 1345 μεγάλῃ
603 1305 829 1341 Εὐσεϐίῳλὲγων·
847 1313 856 1329 t
871 1303 906 1329 Σὺ

117 1359 232 1394 καθίζῃ,
249 1357 373 1389 Εὐσὲὁιε,
388 1356 437 1383 καὶ
459 1354 616 1384 Ἀθανάσιος
627 1351 713 1383 ὰθῶος
725 1350 761 1377 ὢν
775 1348 849 1385 παρὰ
862 1349 908 1375 σοῦ

116 1404 240 1440 κρίνεται
254 1412 260 1418 ·
283 1403 326 1434 τίς
350 1402 455 1435 ἐνέγκοι
477 1399 513 1426 τὰ
524 1397 656 1429 τοιαῦτα;
679 1396 749 1430 Λέγε
767 1395 796 1422 δέ
810 1403 854 1430 μοι
865 1394 908 1424 σὺ,

171 1451 221 1476 σὺν
249 1449 312 1484 ἐμοὶ
335 1446 408 1483 ἦσθα
427 1447 455 1472 ὲν
477 1447 510 1481 τῇ
526 1444 633 1479 φυλακῇ
652 1442 698 1468 ἐπὶ
709 1441 757 1468 τοῦ
770 1438 910 1474 διωγμοῦ;

117 1494 204 1530 Κάγὼ
223 1495 272 1530 μὲν
289 1492 428 1528 ὀφθαλμὸν
436 1489 611 1524 άπεὸαλὸμην
627 1488 698 1523 ὑπὲρ
715 1485 842 1522 ἀληθείας
853 1493 860 1500 ·
877 1483 910 1510 σὺ

116 1540 225 1568 δὲόὖτε
254 1539 337 1575 φαίνῃ
361 1536 549 1572 λελωϐημένον
565 1544 591 1562 τι
609 1534 678 1570 ἔχων
691 1534 720 1560 ὲν
735 1531 774 1567 τῷ
792 1531 909 1566 σώματι,

117 1587 180 1616 οὔτε
194 1585 399 1622 ἐμαρτύρησας,
418 1583 486 1611 ἀλλὰ
505 1582 623 1617 ἕστηκας
638 1579 703 1613 ζῶν,
723 1578 805 1614 μηδὲν
820 1578 911 1613 ἠκρω-

118 1633 314 1670 τηριασμένος.
330 1631 393 1662 Πῶς
409 1629 586 1665 ἀνεχώρηοας
602 1626 656 1653 άπὸ
675 1625 724 1660 τῆς
738 1623 872 1658 φυλακῆς,
889 1624 913 1649 εί

120 1668 161 1716 μη
173 1680 215 1706 ὃτι
229 1678 348 1712 ὑπέσχου
365 1677 421 1707 τοῖς
440 1675 490 1711 τὴν
512 1673 634 1708 ἀνάγκην
651 1670 698 1697 τοῦ
712 1668 833 1705 διωγμοῦ
847 1669 914 1704 ἡμῖν

119 1726 286 1761 ἰπενέγκασι
299 1724 329 1751 τὸ
342 1723 471 1758 ἀθέμιτον
482 1720 595 1756 πρᾶξαι,
612 1718 628 1754 ἢ
646 1716 783 1753 ἔπραξας
809 1724 818 1741 ι

985 464 1034 492 His
1050 460 1151 489 auditis
1167 459 1316 493 imperator
1332 463 1494 491 magnopere
1511 454 1667 482 excanduit.
1687 451 1741 490 1ςὶ-

950 517 995 541 tur
1009 509 1073 545 Tyri
1094 507 1121 534 in
1137 503 1268 532 Phoenice
1284 501 1429 530 convocari
1445 501 1578 537 synodum
1601 500 1689 535 jubet,
1704 498 1742 527 ci-

953 565 1006 592 que
1020 553 1124 590 judicio
1141 558 1258 586 praeesse
1266 557 1327 576 cum
1342 548 1503 583 quibusdam
1516 547 1576 575 aliis
1588 545 1740 574 Caesarien-

953 610 1010 630 sem
1026 598 1185 629 Eusebium,
1201 596 1246 631 qui
1261 602 1355 622 omnes
1376 595 1403 621 in
1418 594 1582 621 Arianorum
1611 591 1741 620 inanissi-

954 655 1027 676 mum
1051 645 1149 680 dogma
1176 641 1368 678 propensiores
1392 644 1480 667 erant.
1519 638 1587 665 Cum
1626 638 1670 665 bis
1707 644 1742 665 ex

956 690 1090 720 catholica
1102 688 1211 724 [Egypti
1236 686 1369 717 Ecclesia,
1393 689 1418 712 et
1430 683 1581 711 Athanasio
1607 683 1741 717 subjecta,

956 736 1077 773 episcopi
1093 735 1204 770 quidam
1220 732 1342 759 advocati
1356 734 1430 763 sunt,
1448 729 1569 765 primarii
1587 728 1696 763 quidem
1710 735 1743 756 ac

958 788 1118 821 praestantes
1135 781 1195 812 viri,
1214 783 1296 815 atque
1307 778 1407 806 eximia
1430 778 1491 804 vita:
1513 776 1659 803 sanctitate
1674 781 1744 809 pras-

957 820 1022 864 diti;
1037 831 1107 857 inter
1125 834 1195 863 quos
1209 826 1296 854 felicis
1315 823 1454 852 memoriae
1470 829 1586 857 magnus
1600 821 1646 848 ille
1663 820 1745 847 Pota-

958 885 1003 906 mo
1018 877 1078 908 fuit,
1094 874 1232 902 Heracleae
1244 872 1391 907 episcopus
1414 874 1444 897 et
1454 867 1608 896 confessor.
1625 866 1746 895 Aderant

955 930 983 953 et
996 922 1144 954 Meletiani,
1158 919 1301 948 Athanasii
1320 916 1472 953 praesertim
1499 916 1687 943 accusatores.
1709 911 1746 939 At

956 972 1053 999 beatus
1068 969 1184 996 Potamo
1198 965 1323 993 veritatis
1351 970 1383 990 ac
1402 966 1484 990 rectae
1514 960 1575 988 ﬁdei
1602 959 1746 986 ardorem-

957 1021 1063 1048 stuans,
1077 1015 1120 1042 vir
1131 1020 1238 1041 summa
1253 1009 1383 1046 loquendi
1411 1008 1546 1039 libertate,
1572 1005 1618 1042 qui
1643 1004 1747 1032 nullius

957 1068 1076 1096 unquam
1098 1065 1222 1094 personat
1235 1056 1369 1084 rationem
1402 1053 1545 1084 habuerat,
1565 1055 1593 1078 et
1604 1057 1654 1086 pro
1675 1049 1748 1077 veri-

958 1095 1021 1135 tatis
1031 1105 1204 1134 confessione
1225 1103 1341 1130 alterum
1369 1100 1398 1127 in
1424 1097 1615 1135 persecutione
1636 1095 1747 1124 oculum

958 1153 1098 1184 amiserat,
1123 1150 1270 1178 Eusebium
1288 1147 1427 1176 sedentem
1439 1144 1654 1180 etjudicantem,
1671 1146 1748 1169 stano

958 1204 1013 1227 tem
1025 1206 1091 1226 vero
1099 1195 1279 1224 Athanasium
1295 1192 1484 1228 conspicatus,
1497 1191 1591 1218 dolore
1606 1187 1748 1216 confectus

959 1249 986 1273 et
1003 1245 1188 1280 illacrymans,
1207 1242 1280 1269 sicut
1297 1239 1413 1267 sinceris
1433 1236 1592 1265 hominibus
1610 1243 1660 1262 usu
1676 1233 1750 1261 veni-

959 1299 990 1319 re
1004 1291 1084 1322 solet,
1102 1295 1201 1324 magna
1215 1294 1282 1314 voce
1297 1286 1428 1313 adversus
1456 1281 1605 1310 Eusebium
1627 1281 1750 1323 invectus

959 1342 1011 1365 est.
1029 1336 1071 1369 Et,
1090 1345 1100 1362 ί
1119 1318 1203 1367 Tene,
1219 1332 1317 1368 inquit,
1337 1330 1447 1362 Eusebi,
1462 1328 1567 1360 sedere,
1584 1331 1610 1354 et
1624 1318 1752 1353 innocen.

959 1388 1014 1411 tem
1028 1381 1208 1409 Athanasium
1224 1387 1239 1406 a
1255 1376 1429 1413 tejudicari?
1447 1374 1515 1409 Quis
1536 1374 1588 1402 ista
1614 1372 1751 1400 sustinere

961 1428 1068 1466 possit?
1082 1427 1131 1454 Dic
1145 1426 1223 1458 mihi,
1239 1432 1329 1452 nonne
1342 1429 1448 1450 mecum
1467 1418 1667 1456 persecutionis
1683 1422 1752 1444 tem-

961 1463 1027 1510 pore
1045 1474 1072 1501 in
1085 1472 1212 1501 custodia
1227 1470 1419 1503 fuisti?Atque
1440 1475 1490 1502 ego
1510 1465 1619 1502 quidem
1640 1463 1750 1492 oculum

964 1508 1014 1557 pro
1024 1520 1141 1549 veritate
1157 1517 1273 1554 perdidi.
1294 1521 1324 1544 tu
1343 1514 1417 1543 nulla
1432 1513 1555 1548 corporis
1574 1514 1651 1546 parte
1674 1508 1755 1536 muti-

925 1568 948 1599 C
963 1556 1038 1595 latus
1054 1575 1096 1600 es,
1108 1573 1197 1601 neque
1211 1563 1372 1599 martyrium
1389 1561 1510 1592 subiisti,
1523 1559 1571 1588 sed
1593 1558 1672 1585 vivus
1683 1556 1755 1583 inte-

967 1621 1070 1651 gerque
1084 1611 1225 1640 consislis.
1244 1610 1367 1643 Quanam
1380 1609 1485 1636 ratione
1496 1614 1511 1634 e
1531 1611 1642 1633 carcere
1665 1601 1755 1630 evasi-

968 1649 1015 1693 sti,
1027 1649 1084 1688 nisi
1100 1662 1245 1694 propterea
1258 1656 1330 1692 quod
1349 1653 1569 1691 persecutoribus
1583 1649 1686 1679 nostris
1695 1656 1756 1683 spo-

967 1705 1089 1743 pondisti
1100 1693 1127 1732 te
1152 1703 1372 1732 sacriﬁcaturum
1388 1708 1419 1728 ac
1436 1700 1552 1728 fortasse
1570 1698 1651 1725 etiam
1668 1693 1755 1723 sacri-

966 1750 1073 1781 ﬁcasti?
1090 1761 1099 1777 ι

124 1834 167 1862 Ea;
177 1833 291 1869 epistola
311 1832 492 1867 episcoporum
505 1827 701 1856 catholicorum
717 1824 830 1860 Egypti
846 1823 888 1894 ιᾸιῖ)
907 1822 1037 1885 fynoldum
1054 1821 1130 1856 Tyri,
1160 1828 1239 1855 quam
1267 1818 1347 1853 refert
1369 1814 1534 1844 Athanasius
1550 1814 1579 1840 in
1604 1809 1757 1846 supradicto

889 1867 904 1886 ο
917 1866 965 1893 oge
981 1865 1032 1885 ico.

889 1865 1032 1893 otogeuco.

159 1938 216 1965 Καὶ
229 1937 283 1972 γὰρ
301 1936 380 1962 πάλιν
396 1934 495 1965 οἴδατε,
513 1933 550 1964 ὡς
572 1930 748 1968 προείπομεν,
768 1928 806 1960 ὡς
825 1926 916 1962 ἐχθροί

125 1986 195 2012 εἰσιν
211 1984 300 2020 ἡμῶν,
317 1982 363 2009 καὶ
381 1981 424 2008 διὰ
442 1980 468 2007 τί
489 1978 618 2010 Εὐσέϐιος
639 1977 653 2003 ὁ
666 1977 715 2012 τῆς
740 1973 918 2009 Καισαρείας,

125 2019 227 2067 ἐχθρὸς
240 2029 351 2064 γέγονεν
362 2019 417 2054 ἀπὸ
433 2025 557 2061 πέρυσιν.

1007 1926 1090 1954 Scitis
1112 1925 1196 1956 enim,
1217 1920 1447 1959 quemadmodum
1476 1915 1601 1952 superius
1627 1914 1757 1946 diximus,

973 1979 1021 1999 eos
1034 1976 1144 1998 nostros
1159 1969 1286 1996 inimicos
1307 1973 1384 1999 eSse;
1410 1968 1437 1992 et
1461 1971 1511 1991 cur
1532 1969 1587 1989 non
1598 1960 1636 1987 ita
1653 1959 1757 1995 pridem

974 2016 1109 2044 Eusebius
1123 2013 1300 2042 Caesariensis
1313 2009 1470 2039 inimicitias
1479 2007 1619 2036 adversus
1640 2013 1691 2034 nos
1699 2014 1759 2034 sus—

976 2062 1087 2096 ceperit.

559 2147 722 2177 Atlmnasins
745 2146 772 2173 in
783 2143 896 2179 epistola
912 2142 949 2169 De
961 2139 1079 2168 decretis
1091 2136 1186 2174 synodi
1206 2124 1335 2163 Nicena:
1353 2156 1356 2160 .

167 2225 223 2254 Καὶ
232 2224 263 2250 τό
279 2231 309 2258 γε
333 2220 492 2257 παράδοξον,
507 2218 636 2249 Εὐσέὸιος
652 2218 666 2244 6
681 2216 735 2243 ἀπὸ
757 2214 925 2250 Καισαρείας

131 2273 182 2308 τῆς
198 2268 389 2303 Παλαιστίνης,
407 2266 495 2293 καίτοι
509 2265 563 2300 πρὸ
583 2264 646 2300 μιᾶς
662 2261 837 2298 ἀρνούμενος,
851 2259 926 2294 ὅμως

132 2318 247 2353 ὕστερον
260 2313 432 2350 ὑπογράψας,
444 2310 582 2337 ἐπέστειλε
598 2309 632 2344 τῇ
650 2307 798 2341 Ἐκκλησία
816 2304 923 2335 ἑαυτοῦ,
942 2322 963 2348 D

132 2364 223 2399 λέγων
252 2360 320 2388 εἶναι
334 2361 384 2396 τῆς
414 2357 575 2394 Ἐκχλησίας
593 2355 642 2390 τὴν
666 2354 775 2385 πίστιν,
801 2352 848 2378 καὶ
870 2350 924 2376 τῶν

133 2410 265 2444 Πατέρων
283 2407 331 2442 τὴν
351 2404 500 2440 παράδοσιν
511 2411 517 2418 ·
536 2400 602 2428 πᾶσί
619 2409 648 2427 τε
666 2397 790 2434 φανερῶς
814 2395 923 2428 ἔδειξεν,

133 2456 176 2483 ὅτι
196 2441 328 2490 πρότερον
356 2449 535 2485 ἐσφάλλοντο,
561 2447 609 2474 καὶ
632 2445 719 2481 μάτην
743 2441 926 2477 ἐφιλονείκουν

135 2501 205 2537 πρὸς
219 2487 268 2535 τὴν
285 2487 428 2533 άλήθειαν·
447 2495 471 2521 εἰ
482 2494 536 2529 γὰρ
550 2493 595 2519 καὶ
609 2490 729 2527 ᾐσχύνθη
744 2489 805 2516 τότε
815 2487 927 2517 ταύταις

135 2534 196 2578 ταῖς
213 2534 303 2579 λέξεσι
318 2543 441 2578 γράψαι,
459 2542 505 2568 καὶ
521 2540 559 2571 ὡς
576 2539 707 2574 ἠθέλησεν
725 2535 806 2566 αὐτὸς
829 2534 927 2560 ἀπελο-

135 2596 240 2628 γήσατο
253 2593 286 2626 τῇ
305 2588 466 2624 Ἐκκλησία,
480 2586 548 2614 ἀλλά
562 2594 594 2620 γε
613 2585 656 2611 διὰ
675 2584 725 2619 τῆς
742 2581 885 2616 ἐπιστολῆς
901 2579 932 2606 τὸ

136 2639 281 2676 ὁμοούσιον
299 2638 346 2664 καὶ
372 2636 402 2663 τὸ
420 2636 452 2662 ὲκ
474 2634 524 2669 τῆς
545 2633 638 2664 οὐσίας
663 2631 700 2667 μὴ
726 2629 930 2664 ἀρνησάμενος,

138 2686 264 2722 φανερῶς
284 2683 364 2712 τοῦτο
387 2683 506 2717 σημᾶναι
537 2679 677 2715 βούλεται,
701 2678 748 2704 καὶ
765 2674 882 2702 πέπονθὲ
905 2681 931 2699 τι

138 2719 240 2761 δεινόν·
258 2731 297 2762 ὡς
319 2729 374 2765 γάρ
402 2727 617 2762 ἀπολογούμενος
643 2723 817 2758 κατηγόρησε
842 2719 933 2747 λοιπὸν

137 2779 191 2806 τῶν
218 2776 378 2814 ’Δρειανῶν,
396 2775 436 2801 ὅτι
454 2773 617 2809 γράψαντες,
638 2770 695 2797 Οὐκ
711 2767 746 2804 ἦν
758 2769 772 2795 6
785 2767 849 2798 Υἱὸς
869 2765 932 2801 πρὶν

136 2810 298 2860 γενηθῆναι,
315 2821 367 2849 οὐκ
385 2819 479 2856 ἧθελον
496 2818 561 2845 αὑτὸ
576 2814 643 2844 εἶναι
655 2814 713 2842 οὐδὲ
730 2813 782 2848 πρὸ
797 2812 847 2847 τῆς
863 2810 934 2838 κατὰ

139 2872 229 2908 σάρκα
247 2868 392 2904 γενέσεως.

1011 2210 1045 2238 Et
1058 2208 1130 2245 quod
1142 2206 1297 2235 mirandum
1313 2207 1366 2237 est,
1388 2201 1523 2230 Eusebius
1542 2200 1688 2236 episcopus
1702 2197 1764 2225 Ca:-

977 2263 1062 2284 sareae
1075 2253 1229 2283 Palestina,
1244 2249 1369 2286 quamvis
1383 2247 1472 2283 pridie
1484 2247 1651 2276 recusasset,
1666 2242 1765 2279 postri-

977 2302 1020 2330 die
1032 2305 1122 2328 tamen
1148 2296 1322 2331 subscripsit,
1341 2298 1368 2322 et
1384 2293 1418 2321 ad
1433 2291 1585 2322 Ecclesiam
1606 2297 1683 2318 suam
1694 2289 1766 2315 litte-

978 2355 1023 2374 ras
1038 2345 1122 2378 dedit,
1137 2349 1264 2371 asserens
1277 2342 1347 2368 hanc
1363 2346 1425 2368 esse
1440 2337 1567 2365 Ecclesia;
1584 2334 1662 2362 ﬁdem
1678 2337 1705 2361 et
1716 2332 1767 2360 Pa-

979 2397 1052 2420 trum
1068 2390 1254 2418 traditionem.
1273 2386 1461 2420 Omnibusque
1485 2381 1630 2410 manifesto
1645 2379 1767 2408 declara-

980 2439 1029 2471 vit,
1044 2438 1105 2465 illos
1121 2436 1198 2471 prius
1209 2441 1316 2462 errasse
1326 2437 1353 2459 et
1371 2432 1473 2458 frustra
1484 2430 1517 2457 de
1530 2428 1644 2456 veritate
1659 2430 1769 2454 conten-

981 2484 1066 2512 disse.
1079 2483 1135 2510 Etsi
1144 2482 1215 2509 enim
1224 2481 1257 2507 iis
1266 2484 1330 2506 tunc.
1339 2477 1428 2505 verbis
1438 2476 1479 2503 uti
1493 2482 1549 2510 prie
1559 2473 1663 2509 pudore
1669 2471 1766 2499 noluit.

982 2536 1009 2559 et
1020 2532 1101 2566 prout
1116 2529 1175 2564 ipse
1194 2527 1278 2554 voluit
1295 2524 1427 2553 satisfecit
1444 2522 1583 2552 Ecclesiae,
1606 2519 1634 2546 in
1653 2517 1768 2552 epistola

984 2564 1074 2603 tamen
1087 2576 1115 2602 in
1144 2581 1197 2609 qua
1211 2572 1259 2599 Dei
1279 2570 1378 2598 Filium
1402 2564 1663 2596 consubstantialem
1688 2566 1715 2590 et
1737 2569 1770 2589 ex

985 2620 1137 2651 substantia
1152 2619 1243 2646 Patris
1264 2617 1395 2644 exsistere
1422 2621 1478 2641 non
1503 2611 1650 2642 inﬁciatur,
1679 2611 1772 2642 aperte

985 2669 1012 2696 id
1027 2665 1177 2702 quoddixi,
1193 2663 1337 2699 signiﬁcat.
1363 2661 1402 2688 Ac
1415 2658 1537 2695 profecto
1563 2655 1657 2683 infelix
1686 2654 1715 2681 in
1739 2660 1772 2680 eo

985 2714 1047 2745 fuit,
1068 2717 1098 2740 ut
1128 2712 1199 2739 enim
1218 2709 1337 2744 seipsum
1364 2709 1503 2742 purgaret,
1530 2701 1670 2730 accusavit
1696 2699 1773 2728 dein-

986 2768 1050 2796 ceps
1066 2759 1194 2789 Arianos,
1207 2755 1279 2791 quod
1299 2761 1363 2782 cum
1382 2752 1505 2779 dicerent
1527 2749 1624 2776 Filium
1647 2747 1694 2775 Dei
1718 2753 1773 2774 non

986 2806 1124 2836 exstitisse
1141 2807 1286 2838 antequam
1314 2800 1470 2835 gigneretur
1484 2818 1492 2830 ,
1519 2796 1571 2823 hoc
1592 2798 1672 2830 pacto
1693 2800 1776 2828 nega-

987 2856 1049 2882 rent
1062 2858 1124 2880 cum
1135 2848 1273 2878 exstitisse
1293 2850 1355 2875 ante
1368 2843 1597 2873 incarnationem.
