1915 3135
176 130 212 158 87
582 110 747 157 VETERUIR
766 127 977 156 TESTlMONlA
997 127 1139 156 CONTRA
1158 126 1341 156 EUSEBIUM.

1759 125 1806 152 88

607 187 679 214 Idem
696 187 724 214 in
740 191 857 214 tractatu
869 187 906 214 De
922 188 1033 223 synodis
1048 188 1163 215 Arimini
1177 192 1204 215 et
1218 186 1358 214 Seleucire.

210 247 348 284 Praecipue
363 253 450 276 autem
462 247 589 280 Aeacius,
605 248 670 282 quid
684 248 800 275 Eusebio
827 249 957 283 magistro
972 252 987 279 Α

1042 248 1167 276 Μάλιστα
1188 248 1216 273 δὲ
1237 247 1362 278 ’Δκάκιος
1378 245 1403 271 τί
1430 243 1462 271 ἂν
1483 244 1554 270 εἴποι
1578 243 1643 278 πρὸς
1665 241 1806 269 Εὑσέὸιον

174 302 225 323 suo
237 303 418 331 responsurus
428 295 487 321 est?
506 294 557 326 Qui
572 302 626 321 non
649 295 735 322 solum
749 295 854 330 synodo
869 295 955 323 Nicae-

174 347 215 367 nae
231 340 401 374 subscripsit,
415 338 460 365 sed
474 342 501 365 et
527 346 575 373 per
601 338 744 373 epistolam
766 341 874 375 populis
898 340 956 367 suis

173 386 356 420 signiﬁcavit,
390 391 449 411 eam
490 391 558 412 esse:
583 393 673 412 veram
697 385 775 412 ﬁdem
798 394 858 421 quae
884 387 955 420 apud

171 429 288 457 Nicaeam
314 438 346 457 ex
371 429 511 457 communi
530 437 666 458 consensu
691 431 791 458 tradita
821 435 872 459 est.
899 431 957 459 Etsi

170 476 241 504 enim
259 483 291 503 eo
315 484 368 511 quo
387 476 430 503 vol
444 477 475 502 ait
502 477 593 509 modo,
607 478 747 505 excusavit
763 485 793 504 se
818 485 865 513 per
883 478 955 505 illam

170 522 329 556 Epistulam,
341 530 391 560 voc
403 531 421 550 ts
435 528 526 550 tamen
539 523 635 559 synodi
645 531 698 550 non
717 523 880 558 repudiavit.
898 523 954 551 lmo

169 565 286 593 Ariauos
306 567 454 599 accusavit,
482 567 554 602 quod
571 575 634 595 cum
655 569 798 596 dicerent:
815 568 874 596 Non
895 573 953 596 erat

170 610 254 639 Filius
265 615 410 647 antequam
423 613 580 648 gigneretur
591 635 599 647 ,
614 622 675 641 eum
700 622 734 641 ne
761 617 823 642 ante
845 619 952 649 partum

170 657 278 691 quidem
295 657 386 685 Mariae
400 660 538 687 exstitisse
557 660 733 687 aflirmarent.

1004 295 1050 321 τὸν
1069 295 1165 321 ἑαυτοῦ
1186 293 1360 324 διδάσκαλον;
1378 293 1426 323 Ὃς
1447 291 1475 318 οὐ
1496 291 1573 326 μόνον
1594 289 1748 324 ὑπέγραψεν
1766 288 1804 314 ἐν
1842 322 1844 324 γ

1005 342 1038 376 τῇ
1062 339 1132 366 κατὰ
1157 340 1273 365 Νίκαιαν
1296 338 1413 372 συνόδῳ,
1435 337 1501 363 ἀλλὰ
1526 336 1571 362 καὶ
1597 335 1630 360 δι’
1650 333 1802 368 ἐπιστολῆς

1007 386 1123 421 ἐδήλωσε
1149 386 1203 416 τοῖς
1218 385 1263 411 ὑπ’
1285 383 1366 410 αὐτὸν
1381 384 1471 414 λαοῖς,
1490 382 1592 417 ταύτην
1611 379 1680 407 εἶναι
1701 380 1802 406 πίστιν

1006 431 1102 466 ἀληθῆ,
1120 431 1170 465 τὴν
1189 430 1398 465 ὁμολογηθεῖσαν
1412 430 1440 455 ὲν
1460 430 1492 463 τῇ
1511 428 1580 455 κατὰ
1598 427 1713 453 Νίκαιαν
1728 434 1800 452 συν-

1006 478 1058 513 όδῳ
1070 486 1076 492 ·
1095 479 1119 504 εἰ
1134 477 1188 512 γὰρ
1199 478 1245 503 καὶ
1263 476 1301 507 ὡς
1318 475 1449 511 ἠθέλησεν
1473 474 1658 510 ἀπελογήσατο
1677 473 1720 499 διὰ
1742 472 1798 506 τῆς

1008 523 1162 558 ἐπιστολῆς,
1183 523 1251 550 ἀλλά
1271 531 1301 556 γε
1318 522 1367 554 τὰς
1387 521 1473 554 λέξεις
1491 522 1540 548 οὐκ
1554 521 1704 556 ἠρνήσατο·
1724 518 1800 545 ἀλλὰ

1007 570 1053 596 καὶ
1070 570 1242 605 κατηγόρησε
1257 569 1310 595 τῶν
1331 568 1492 603 Ἀρειανῶν,
1509 568 1549 594 ὅτι
1574 567 1712 601 λέγοντες,
1734 566 1798 591 Οὐκ

1005 614 1039 652 ἦν
1058 617 1121 653 πρὶν
1138 617 1284 652 γενηθῆναι
1309 618 1322 643 ὀ
1340 616 1419 648 Υἱὸς,
1435 616 1494 642 οὐδὲ
1510 615 1563 650 πρὸ
1587 614 1694 650 Μαρίας
1710 613 1798 640 αὐτὸν

1006 662 1099 697 ῆθελον
1115 660 1194 689 εἶναι.

689 707 763 734 Idem
777 708 803 735 in
818 709 930 743 epistola
949 709 983 735 ad
997 710 1132 745 episcopos
1151 710 1260 744 Africw.

201 762 294 800 Neque
307 765 366 799 ejus
383 766 423 793 rei
438 766 548 802 ignarus
572 770 632 794 erat
647 766 780 795 Eusebius
807 768 951 802 episcopus

166 809 354 839 Caesariensis.
370 812 421 844 Qui
438 820 500 839 cum
515 813 592 848 prius
613 813 953 848 suﬁ‘ragareturArianicae

1040 770 1095 796 Καὶ
1119 770 1197 796 τοῦτο
1220 769 1365 803 ἐγίνωσκεν
1384 767 1512 799 Εὐσέϐιος
1527 769 1541 794 ὁ
1562 766 1705 801 γενόμενος
1731 764 1795 791 ἐπί-

1006 824 1104 847 σκοπος
1122 816 1173 850 τῆς
1188 816 1364 851 Καισαρείας,
1382 815 1511 850 πρότερον
1526 814 1574 849 μὲν
1592 812 1744 847 συντρέχων
1755 812 1790 846 τῇ

166 860 259 890 secta,
271 861 365 891 postea
380 863 470 886 tamen
481 858 581 886 Nicaeni
606 861 715 887 concilii
744 861 862 888 decretis
887 860 952 888 sub-
972 855 987 882 Ε

1012 862 1165 896 Ἀρειανικῇ
1187 861 1301 896 αἱρέσει,
1320 860 1432 895 ὕστερον
1445 860 1472 886 δὲ
1493 858 1653 894 ὑπογράψας
1669 859 1697 884 ἐν
1719 857 1789 892 αὐτῇ

166 902 288 938 scripsit,
303 907 330 931 et
342 904 413 939 apud
428 913 494 933 suos
511 905 628 941 idipsum
644 907 764 942 propriis
793 907 893 934 litteris
916 907 954 934 al-

167 947 293 981 ﬁrmavit,
309 950 388 984 cujus
404 951 460 978 haec
479 953 560 978 verba
579 957 642 979 sunt
660 952 809 980 :Novimus
821 953 954 988 quosdam

165 1003 199 1022 ex
215 995 315 1030 priscis
327 997 450 1025 eruditos
467 1001 494 1025 et
508 999 654 1033 praeclaros
670 999 815 1032 antistites,
831 1000 953 1034 aliosque

166 1041 326 1076 scriptores,
344 1050 407 1070 cum
421 1043 454 1071 de
470 1045 559 1072 Patris
572 1049 598 1072 et
613 1045 673 1072 Filii
687 1045 792 1073 Deitate
807 1046 953 1081 loqueren-

166 1089 220 1119 tur,
232 1094 299 1115 voce
313 1089 606 1118 consubstantialitatis
617 1098 683 1118 usos
694 1098 764 1118 esse.

1004 908 1037 942 τῇ
1054 908 1082 933 ὲν
1093 907 1195 942 Νικαίᾳ
1215 906 1323 940 συνόδῳ,
1343 905 1444 941 ἔγραψε
1460 906 1516 936 τοῖς
1533 904 1606 935 ἰδίοις
1622 902 1792 929 διαῢεὸαιοὺ-

1007 960 1096 987 μενος,
1108 952 1149 977 ὅτι
1165 951 1210 977 καὶ
1225 950 1277 976 τῶν
1291 949 1411 976 παλαιῶν
1423 949 1498 980 τινὰς
1510 948 1615 982 λογίους
1631 948 1677 974 καὶ
1691 948 1792 981 ἐπιφα-

1003 999 1058 1028 νεῖς
1075 997 1238 1028 ἐπισκόπους
1263 997 1311 1022 καὶ
1337 995 1510 1031 συγγραφέας
1534 994 1654 1029 ἔγνωμεν
1676 994 1721 1019 ἐπὶ
1741 993 1792 1028 τῆς

1002 1043 1049 1070 τοῦ
1063 1043 1168 1078 Πατρὺς
1183 1042 1229 1069 καῖ
1238 1041 1304 1069 Υἱοῦ
1319 1042 1444 1076 θεότητος
1456 1040 1494 1076 τῷ
1509 1040 1555 1067 τοῦ
1569 1039 1710 1075 ὁμοουσίου
1724 1047 1791 1074 χρη-

1005 1087 1136 1123 σαμένους
1147 1087 1267 1122 ὀνόματι.

586 1149 659 1177 Idem
676 1151 702 1176 in
718 1154 834 1177 tractatu
850 1149 887 1177 De
899 1148 1016 1185 Synodis
1039 1147 1154 1174 Arimini
1170 1151 1197 1174 et
1211 1146 1350 1174 Seleuciae.

200 1200 332 1230 Eusebius
347 1212 454 1240 quoque
466 1214 497 1234 ex
515 1206 636 1234 Catsarea
652 1207 807 1240 Palestina},
828 1209 855 1235 in
884 1209 950 1235 litte:

165 1248 202 1275 ris
218 1249 250 1276 ad
266 1249 477 1285 Enphrationem
495 1253 652 1289 episcopum
665 1262 718 1281 non
729 1255 832 1282 veritus
846 1259 887 1283 est
900 1263 949 1290 pa-

163 1293 217 1321 lam
227 1295 330 1331 dicere,
344 1297 483 1327 Christum
496 1308 551 1327 non
567 1307 628 1328 esse
639 1308 731 1327 verum
747 1300 842 1328 Deum.

1045 1207 1074 1232 '0
1090 1206 1117 1232 δὲ
1138 1205 1192 1232 ἀπὸ
1207 1205 1374 1240 Καισαρείας
1388 1204 1439 1239 τῆς
1454 1203 1634 1237 Παλαιστίνης
1651 1201 1789 1232 Εὐσέϐιος,

1003 1253 1117 1288 γράφων
1131 1252 1199 1287 πρὸς
1211 1251 1389 1287 Εὐφρατίωνα
1402 1251 1447 1277 τὸν
1460 1250 1617 1280 ἐπίσκοπον,
1630 1248 1680 1274 οὐκ
1690 1247 1788 1282 ἐφοϐή-

1003 1299 1035 1333 Θη
1053 1297 1178 1333 φανερῶς
1192 1298 1278 1324 εἰπεῖν
1294 1298 1334 1324 ὃτι
1351 1298 1365 1324 ὁ
1385 1297 1500 1332 Χριστὸς
1516 1296 1565 1322 οὐκ
1579 1295 1651 1321 ἐστιν
1664 1294 1789 1329 ἀληθινὸς

1002 1343 1077 1375 Θεός.

517 1389 695 1425 Hieronymus
713 1391 740 1418 in
757 1391 868 1425 cpistola
883 1391 918 1417 ad
926 1390 1118 1425 Ctesiphontem
1133 1391 1257 1418 adversus
1271 1390 1440 1426 Pelagianos.

200 1431 311 1461 Fecerat
325 1435 375 1462 hoc
392 1440 419 1463 et
434 1437 460 1463 in
472 1439 559 1465 sancti
574 1437 708 1472 Pamphili
721 1438 849 1473 martyris
864 1438 984 1470 nomine,
999 1439 1139 1467 utlibrum
1163 1439 1281 1474 primum
1304 1447 1352 1466 sex
1381 1439 1512 1465 librorum
1537 1435 1705 1464 defensionis
1725 1435 1787 1464 Ori-

163 1483 240 1516 genis
254 1482 363 1510 Eusebii
378 1483 565 1520 Caesariensis,
580 1494 661 1521 quem
687 1486 772 1514 fuisse
798 1487 948 1518 Arianum,‘
963 1494 1044 1514 nemo
1075 1491 1118 1515 est
1142 1487 1189 1523 qui
1218 1487 1331 1520 nesciat,
1360 1486 1470 1514 nomine
1496 1485 1631 1520 Pamphili
1657 1484 1787 1520 martyris

163 1534 335 1564 praenotaret.

662 1579 736 1607 Idem
750 1580 776 1606 ἰη
792 1579 858 1606 libro
873 1579 986 1607 secundo
999 1580 1139 1608 Adversus
1149 1580 1287 1608 Ruﬁnum.

198 1624 295 1651 Statim
308 1624 341 1652 de
356 1628 435 1660 portu
448 1626 602 1661 egrediens,
625 1635 721 1654 navem
739 1626 861 1661 impegit.
881 1625 1012 1655 Referens
1031 1627 1104 1654 enim
1116 1627 1150 1655 de
1164 1626 1295 1662 Apologia
1313 1625 1447 1660 Pamphili
1470 1625 1609 1661 martyris,
1625 1633 1711 1660 quam
1734 1632 1787 1652 nos

163 1671 273 1699 Eusebii
285 1672 447 1700 Arianorqu
459 1673 603 1708 principis,
618 1673 805 1708 probavimus,
819 1676 872 1701 etc.

665 1717 739 1745 Idem
755 1718 782 1745 in
797 1717 864 1745 libro
875 1719 961 1753 primo
972 1719 1111 1746 Adversus
1128 1717 1266 1746 Ruﬁnum.

197 1762 330 1791 Eusebius
342 1763 520 1791 Caesariensis
534 1764 690 1799 episcopus,
701 1764 780 1799 cujus
791 1772 874 1799 supra
886 1765 1007 1798 memini,
1020 1765 1047 1792 in
1064 1769 1140 1792 sexto
1156 1765 1226 1792 libro
1239 1764 1290 1799 τῆς
1303 1764 1479 1800 Ἀπολογίας
1493 1764 1628 1800 Origenis,
1647 1765 1700 1793 hoc
1711 1766 1783 1794 idem

161 1807 255 1842 objicit
268 1808 402 1835 Methodio
415 1809 546 1844 episeopo
558 1813 584 1837 et
597 1810 720 1844 martyri,
736 1810 809 1844 quod
826 1814 855 1836 tu
872 1810 900 1837 in
921 1811 989 1838 meis
1015 1811 1142 1838 laudibus
1169 1811 1343 1844 criminaris;
1361 1817 1387 1838 et
1402 1811 1467 1838 dicit
1484 1821 1489 1838 :
1505 1821 1514 1836 ‹
1531 1811 1674 1844 Quomodo
1695 1820 1782 1840 ausus

160 1857 203 1881 est
220 1853 372 1882 Methodius
384 1862 457 1881 nunc
469 1859 565 1882 contra
582 1854 728 1890 Origenem
748 1856 879 1889 scribere,
891 1857 936 1891 qui
957 1856 1014 1884 hate
1030 1861 1057 1884 et
1073 1857 1130 1885 haec
1153 1857 1187 1884 de
1209 1856 1333 1892 Origenis
1361 1857 1469 1885 locutus
1495 1861 1536 1885 est
1556 1858 1728 1893 dogmatibus
1744 1859 1755 1884 ?
1770 1869 1780 1884 ι

160 1900 220 1928 Non
230 1905 272 1929 est
283 1901 364 1935 hujus
380 1901 432 1928 loci
450 1908 498 1936 pro
514 1905 632 1937 martyre
641 1902 725 1936 loqui.
739 1901 833 1937 Neque
847 1902 920 1930 enim
931 1903 1021 1930 omnia
1034 1903 1060 1930 in
1075 1903 1143 1931 locis
1155 1903 1281 1931 omnibus
1298 1903 1456 1931 disserenda
1479 1907 1553 1930 sunt.
1579 1902 1657 1931 Nunc
1680 1905 1785 1939 tetigis~

161 1955 191 1975 se
204 1947 335 1981 suﬁiciat,-
348 1948 399 1975 hoc
416 1948 450 1975 ab
464 1947 566 1975 Ariano
582 1949 690 1976 homine
705 1949 786 1984 objiei
801 1949 955 1977 clarissimo
966 1956 993 1978 et
1003 1950 1229 1986 eloquentissimo
1240 1951 1364 1985 martyri,
1382 1950 1454 1986 quod
1472 1954 1501 1977 tu
1516 1950 1542 1977 in
1563 1958 1605 1977 me
1633 1953 1660 1978 et
1677 1953 1782 1979 amicus

162 1994 267 2027 laudas,
292 1999 318 2023 et
330 1995 450 2023 offensus
465 2003 589 2024 accusas.
1518 2005 1523 2008 '

615 2054 751 2087 Socrates,
765 2055 834 2082 lib.)
850 2053 977 2082 Historia
989 2054 1191 2086 ecclesiasticae,
1207 2062 1265 2088 cap.
1280 2054 1326 2081 95.
1362 2067 1364 2069 -

195 2109 329 2137 Eusebius
353 2110 461 2144 quidem
486 2110 618 2146 Pamphili
640 2111 746 2143 scribit,
775 2112 866 2140 statim
883 2115 944 2146 post
958 2116 979 2144 α

1032 2111 1159 2143 Εὐσέϐιος
1176 2111 1223 2146 μὲν
1240 2110 1286 2138 οὖν
1302 2112 1316 2137 ὁ
1342 2111 1483 2146 Παμφίλου
1508 2094 1589 2147 orqle
1612 2111 1691 2142 εὐθὺς
1711 2112 1782 2147 μετὰ

160 2155 292 2190 synodum
308 2155 450 2190 Egyptios
468 2156 538 2183 inter
550 2165 579 2184 se
600 2157 779 2184 tumultuatos
794 2164 864 2189 esse,
876 2164 942 2183 cau-

159 2209 216 2228 s:um
230 2201 362 2228 tumultus
378 2209 433 2229 non
456 2202 567 2230 addens.
583 2202 643 2235 Quo
660 2202 688 2229 ﬁt
714 2207 743 2229 ut
767 2203 793 2229 in
816 2202 943 2236 bilinguis

159 2247 342 2282 suspicionem
357 2249 473 2282 venerit,
489 2253 631 2283 propterea
656 2248 729 2283 quod
753 2248 817 2275 dum
845 2255 943 2275 causas

158 2301 271 2320 narrare
284 2294 457 2329 subterfugit,
477 2295 597 2322 indicare
622 2295 730 2321 videtur
754 2302 783 2322 se
812 2294 854 2321 his
883 2301 943 2328 qua:

159 2339 229 2374 apud
242 2339 358 2367 Nicaeam
373 2341 480 2368 decreta
496 2331 619 2373 fuerant,
637 2341 748 2368 minime
767 2340 904 2368 assentiri.

996 2157 1043 2192 τὴν
1065 2157 1180 2188 σύνοδον,
1205 2158 1271 2192 πρὸς
1283 2157 1381 2193 ἑαυτὴν
1402 2157 1554 2189 στασιάζειν
1573 2157 1620 2193 τὴν
1633 2157 1780 2192 Αἴγυπτον,

995 2203 1045 2237 τὴν
1059 2202 1146 2228 αἰτίαν
1160 2203 1196 2238 μὴ
1209 2203 1378 2238 προστιθείς·
1393 2203 1421 2235 ἐξ
1431 2201 1467 2229 ὧν
1482 2203 1528 2229 καὶ⁸
1540 2203 1688 2238 διγλώσσου
1702 2204 1780 2236 δόξαν

996 2250 1128 2284 ἐκτήσατο
1139 2270 1145 2281 ,
1162 2251 1212 2281 ὃτι,
1230 2250 1279 2282 τὰς
1295 2250 1384 2281 αἰτίας
1397 2250 1486 2284 λέγειν
1504 2250 1643 2282 ἐκκλίνων,
1663 2250 1699 2286 μὴ
1716 2259 1779 2277 συν-

997 2295 1114 2322 ευδοκεῖν
1127 2298 1184 2328 τοῖς
1200 2298 1228 2323 ὲν
1244 2297 1346 2332 Νικαίᾳ
1362 2297 1495 2324 συνέθετο.

289 2397 461 2426 Tlteodoritus
473 2399 499 2426 in
516 2399 727 2433 interpretatione
747 2398 872 2433 Epistola:
883 2397 963 2424 Pauli
978 2396 1012 2424 ad
1025 2397 1160 2430 llebrrros,
1177 2398 1208 2426 de
1227 2399 1335 2425 Arionis
1357 2399 1472 2434 loquens,
1487 2398 1525 2425 ita
1537 2398 1629 2425 scribit
1646 2407 1655 2425 :

193 2456 271 2490 Quod
284 2457 306 2484 si
317 2465 350 2485 ne
359 2457 412 2484 hoc
424 2457 533 2492 quidem
551 2456 653 2484 sufﬁcit
676 2457 709 2485 ad
723 2458 763 2486 cis
779 2457 941 2493 persuaden-

158 2502 234 2534 dum,
250 2503 366 2531 Euscbio
380 2507 454 2531 certe
466 2503 612 2530 Palaestino
633 2503 742 2531 credere
756 2512 803 2531 eos
816 2507 939 2539 oportet,

156 2556 237 2582 quem
253 2552 397 2583 patronum
411 2555 523 2575 suorum
535 2547 691 2582 dogmatum
705 2548 851 2583 appellant.

1027 2457 1059 2483 Εἰ
1071 2457 1100 2483 δὲ
1121 2457 1188 2492 μηδὲ
1213 2458 1290 2484 τοῦτο
1307 2458 1397 2485 ίκανὸν
1415 2459 1504 2484 πείσαι
1530 2458 1642 2489 αὐτοὺς,
1657 2457 1777 2493 Εὐσεϐίῳ

993 2502 1058 2537 γοῦν
1071 2504 1154 2539 ἐχρῆν
1167 2504 1310 2538 πεισθῆναι
1322 2504 1360 2538 τῷ
1374 2503 1550 2539 Παλαιστινῷ,
1566 2504 1595 2531 ὃν
1606 2504 1659 2531 τῶν
1670 2503 1776 2529 οἰκείων

992 2548 1133 2583 δογμάτων
1150 2549 1316 2575 ἀποκαλοῦσι
1331 2550 1488 2585 συνήγορον.

270 2607 408 2640 Antipater
423 2605 579 2633 Bourorum
591 2607 725 2641 episcopus
742 2606 769 2633 in
785 2606 851 2633 libro
866 2607 951 2640 primo
970 2607 1109 2634 Adversus
1131 2605 1241 2634 Eusebii
1257 2606 1463 2642 Apologeticum
1475 2613 1524 2642 pro
1539 2605 1665 2641 Origene.

192 2663 267 2698 Nego
289 2667 380 2690 tamen
403 2670 464 2690 eum
486 2662 521 2690 ad
547 2658 668 2690 exactam
691 2663 940 2690 ecclesiasticarum

156 2710 312 2744 dogmatum
329 2709 510 2744 cognitionem
527 2709 693 2744 pervenisse.
719 2709 854 2742 Quocirca
877 2717 940 2744 pro-

1027 2662 1082 2688 Οὐκ
1110 2662 1150 2688 ἔτι
1167 2662 1195 2688 δὲ
1221 2661 1288 2697 πρὸς
1312 2662 1362 2697 τὴν
1385 2662 1440 2688 τῶν
1467 2662 1608 2697 δογμάτων
1633 2660 1776 2696 ἀκρίϐειαν

991 2708 1092 2742 φθάσαι
1107 2708 1177 2743 φημὶ
1189 2708 1234 2734 τὸν
1250 2708 1334 2743 ἄνδρα
1343 2716 1349 2722 ·
1364 2708 1424 2734 ὃθεν
1438 2707 1604 2742 πολυμαθίας
1623 2707 1672 2742 μὲν
1685 2715 1775 2742 παρα-

156 2756 267 2782 miscua:
279 2754 388 2789 quidem
405 2755 535 2782 doctrina:
548 2759 629 2791 atque
641 2755 803 2783 eruditionis
825 2755 937 2790 gloriam
953 2758 978 2788 Ι)

1007 2753 1126 2789 ωρητέον
1151 2753 1234 2788 αὐτῷ,
1251 2753 1392 2788 δογμάτων
1411 2754 1438 2780 δὲ
1459 2753 1556 2788 γνῶσιν
1576 2752 1676 2779 οὐκέτι.
1695 2752 1774 2779 Ἀλλὰ

155 2801 180 2828 ei
197 2801 308 2828 omnino
324 2801 500 2830 concedimus
517 2812 524 2828 :
547 2802 703 2837 dogmatum
717 2809 781 2829 vero
803 2802 936 2834 notitiam,

156 2854 210 2874 non
232 2847 306 2874 item.
324 2846 394 2881 Quin
414 2848 504 2884 potius
519 2847 553 2876 ab
573 2851 700 2876 accurata
720 2847 828 2875 illorum
845 2847 937 2883 cogni-

992 2801 1038 2826 καὶ
1054 2800 1123 2826 πάνυ
1149 2799 1262 2827 κατόπιν
1291 2800 1384 2827 τοῦτον
1409 2800 1456 2835 τῆς
1480 2798 1606 2834 τοιαύτης
1632 2798 1774 2833 ἀκριϐείας

991 2846 1134 2881 γενόμενον
1149 2846 1326 2881 ἐπιστάμεθα.
1348 2850 1371 2876 Κ
1380 2848 1397 2873 ti
1411 2846 1484 2882 μετὰ
1495 2845 1613 2880 βραχέα
1624 2853 1630 2860 ·
1648 2845 1727 2871 Ὥστε
1741 2844 1775 2879 δὴ
