1915 3135
69 142 102 169 89
505 141 674 170 VETERUM
695 140 906 170 TESTIMONIA
925 137 1066 168 CONTRA
1084 137 1269 167 EUSEBIUM.
1681 138 1716 166 90

72 202 116 228 ῐνι
130 199 168 236 μὴ
183 199 308 235 δόξωμεν
332 200 520 236 ἐπεμϐαίνειν
534 201 572 236 τῷ
595 201 685 237 ἀνδρὶ,
703 201 767 237 περὶ
787 197 818 227 οὗ
847 200 877 226 οὐ
894 202 916 231 Α
929 200 1003 226 tione
1018 205 1079 226 eum
1090 198 1184 233 procul
1195 196 1273 224 abfuit

929 200 1003 226 tione
1018 205 1079 226 eum
1090 198 1184 233 procul
1195 196 1327 229 abfuisse,
1344 199 1512 230 compertum
1529 195 1668 223 habemus.
1680 195 1714 222 Et

72 247 217 283 πᾳῆκειτειι
238 247 306 282 ἡμῖν
322 247 373 273 ἐπὶ
389 247 439 274 τοῦ
460 247 593 282 παρόντος
612 247 712 280 λέγειν,
727 247 780 281 ἴνα,
797 246 879 281 βασα-

72 294 194 326 νὶζοντες
219 293 290 328 πρὸς
312 294 462 329 ἀκρίϐειαν
479 293 528 329 τὴν
550 293 698 328 γενομένην
709 293 877 327 Ἀπολογίαν,

71 339 233 375 αἱρετικοῦς
250 338 446 374 ἀποδείξωμεν
468 339 531 369 τοὺς
547 337 731 373 ἀμφοτέρους,
751 337 830 364 αὐτόν
848 345 878 363 τε

71 384 324 419 ἀπολογησάμενον
345 385 395 410 καὶ
415 384 461 410 τὸν
485 383 554 418 ὑπὲρ
576 383 636 409 ὂτου
660 382 708 417 τὴν
731 381 879 415 ἀπολογίαν

73 429 219 462 συνέταξε.
237 430 295 457 Kal
305 431 371 465 μεθ’
383 430 479 463 ἕτερα·
493 429 528 455 Τὸ
539 428 592 464 γὰρ
605 428 740 454 δεικνύναι
754 427 878 454 σπεύδειν

70 478 122 512 τὴν
133 475 184 503 τοῦ
197 476 265 502 Υἱοῦ
282 477 352 512 πρὸς
366 477 413 503 τὸν
429 476 499 502 [latr-5
505 484 537 512 ρα
548 475 679 501 ὑπόϐασιν
691 474 792 509 ὁμοίως
803 473 877 508 αὐτῷ

70 522 151 554 τινὰς
173 523 345 558 εἰρηκότας,
368 522 476 558 πρῶτον
503 522 550 555 μὲν
573 522 603 547 οὺ
628 520 807 555 ξενισθῶμεν·
828 519 875 546 σοῦ

70 570 127 604 γὰρ
153 570 205 596 καὶ
225 569 284 596 τῶν
311 569 377 604 περὶ
403 570 431 595 σὲ
449 570 465 603 ὴ
494 568 603 603 τοιαύτη
620 567 700 601 δόξαν
729 567 789 593 ὅθεν
812 566 875 602 περὶ

68 615 174 642 τούτου
195 615 242 641 ἐπὶ
266 615 313 641 τοῦ
332 614 465 651 παρόντος
473 614 557 648 ,λόγος
580 614 645 649 ἡμῖν
658 605 772 644 ὀὺδεὶς,
791 612 873 639 πάλαι

71 662 125 697 μὲν
142 662 327 697 οἰκουμενικῇ
339 661 453 697 ζητήσει
467 659 663 694 ὑῃϐληθέντος
679 659 726 685 καὶ
735 659 875 694 ἀποκηρυ-

69 708 200 743 χθέντος.

927 245 1007 278 paulo
1021 248 1079 279 post
1096 252 1104 270 :
1125 243 1218 277 Itaque
1239 251 1273 270 ne
1289 242 1392 269 homini
1409 242 1541 269 insultare
1563 241 1713 273 videamur,

929 290 962 317 de
990 297 1044 324 quo
1061 296 1135 315 nunc
1149 288 1239 315 dicere
1262 287 1341 315 nobis
1357 287 1524 322 propositum
1539 294 1594 314 non
1613 291 1669 320 est,
1686 292 1716 314 ut

930 336 1133 370 Apologeticum
1155 338 1283 362 accurate
1301 333 1498 366 examinantes,
1517 337 1664 368 utrumque
1677 333 1716 359 si—

930 383 986 410 mul
1001 382 1158 410 haereticum
1172 389 1234 408 esse
1247 380 1441 414 ostendamus,
1455 384 1512 407 tum
1524 381 1597 406 hunc
1613 380 1659 414 qui
1671 379 1716 406 de~

930 428 1080 455 fensionem
1106 427 1234 462 scripsit,
1254 430 1311 453 tum
1330 426 1406 453 illum
1423 425 1503 460 cujus
1524 428 1566 452 est
1587 427 1714 459 suscepta

929 473 1060 502 defensio.
1087 473 1121 500 Et
1134 473 1225 506 paucis
1248 471 1390 505 interjectis
1403 479 1412 497 :
1432 470 1509 503 Quod
1531 470 1602 497 enim
1620 473 1714 496 osten-

928 519 992 546 dere
1008 519 1126 551 conaris,
1139 517 1337 552 subjectioncm
1353 515 1414 543 Filii
1430 523 1493 550 erga
1511 514 1617 542 Patrem
1632 521 1714 548 quos—

927 566 989 593 dam
1005 565 1118 600 perinde
1135 572 1166 592 ae
1193 563 1337 598 Origenem
1349 563 1460 594 dixisse,
1475 562 1590 596 primum
1603 560 1711 595 quidem

927 611 1038 638 minime
1062 611 1203 637 miramur.
1231 609 1292 636 llaac
1310 610 1382 636 enim
1406 609 1560 642 tuatuique
1581 607 1711 634 similium

927 656 1021 692 opinio
1036 660 1088 684 est.
1113 655 1191 684 Unde
1206 664 1288 691 super
1306 656 1356 683 hoc
1373 655 1499 690 dogmate
1520 653 1712 688 imprzesentia-

927 711 987 730 rum
1008 703 1101 730 nullus
1117 703 1196 730 nobis
1217 707 1259 731 est
1273 709 1374 735 sermo,
1392 709 1454 729 cum
1476 701 1625 736 praesertim
1641 699 1712 734 jam—

71 755 185 790 pridem
201 755 368 783 universalis
380 754 476 790 synodi
491 753 666 789 inquisitione
677 753 828 788 projectum
839 752 875 779 sit
890 755 971 786 atque
986 751 1152 778 damnatum.

537 810 577 837 Ea:
596 811 697 845 synodo
721 810 831 844 septima
854 809 1024 840 wcumenira,
1044 809 1147 834 artiane
1177 812 1263 835 sexta.

110 858 163 889 Ti;
182 858 239 893 ’τὰρ
264 857 314 883 οὐκ
335 856 404 891 ἔγνω
423 856 477 883 τῶν
499 856 600 883 πιστῶν
629 855 806 891 Ἐκκλησίας,
828 856 874 882 καὶ
891 860 910 886 ι]
961 853 1028 886 Quis
1043 854 1114 880 enim
1135 853 1253 880 fidelium
1272 852 1273 855 “

961 853 1028 886 Quis
1043 854 1114 880 enim
1135 853 1253 880 fidelium
1272 852 1400 879 Ecclesia:
1415 856 1441 879 et
1456 859 1550 878 eorum
1566 851 1613 885 qui
1633 859 1711 878 vero-

70 903 180 936 γνῶσιν
198 902 349 937 εἰληφότων
364 901 497 937 ἀληθινῶν
518 901 669 936 δογμάτων,
686 900 727 926 ὅτι
745 899 873 932 Εὐσέϐιος
926 906 986 925 rum
998 899 1154 933 dogmatum
1167 899 1273 927 scienti:

928 906 986 925 rum
998 899 1154 933 dogmatum
1167 899 1307 927 scientiam
1322 902 1511 933 perceperunt,
1523 898 1628 933 ignorat
1638 898 1710 932 quod

69 950 84 976 ὁ
99 949 322 984 Παμφίλου,,εξς
339 948 468 983 ἀδόκιμον
483 947 544 973 νοῦν
562 946 734 982 παραδοθεὶς,
747 945 872 981 ὀμόδοξος
925 944 1060 972 Eusebius
1080 945 1213 980 Pamphili
1234 945 1261 971 in

928 944 1060 972 Eusebius
1080 945 1213 980 Pamphili
1234 945 1261 971 in
1285 944 1431 979 rcprobum
1453 952 1563 971 sensum
1582 943 1709 974 traditus.

69 996 124 1021 καὶ
152 994 288 1030 σύμφρων
313 995 409 1029 γέγονε
433 995 489 1024 τοῖς
514 993 549 1019 τὰ
576 993 681 1027 Ἀρείου
706 991 871 1028 θρησκεύου-
924 990 1046 1025 ejusdem
1067 992 1205 1026 opinionis
1235 996 1262 1018 et

928 990 1046 1025 ejusdem
1067 992 1205 1026 opinionis
1235 996 1262 1018 et
1291 999 1389 1018 sensus
1410 990 1490 1017 fuerit
1514 998 1575 1017 cum
1603 990 1645 1016 his
1663 990 1709 1025 qui

70 1049 133 1073 51v;
154 1050 184 1068 κ.
197 1050 221 1067 τ.
236 1040 260 1068 λ,
924 1038 981 1064 Arii
1006 1038 1171 1073 impietatem
1202 1038 1289 1064 secuti
1314 1038 1394 1064 sunt?
1419 1037 1446 1064 In
1466 1037 1594 1064 omnibus
1611 1036 1710 1071 quippe

69 1086 221 1113 historicis
237 1085 296 1113 suis
313 1086 392 1113 libris
403 1089 557 1112 creaturam
586 1083 685 1110 Filium
700 1087 727 1110 ct
751 1082 869 1110 Verbum
883 1082 928 1110 Dei
947 1088 1036 1116 vocat,
1052 1089 1079 1110 et
1094 1084 1251 1111 ministrum
1269 1088 1296 1110 et
1311 1083 1461 1111 secumlum
1479 1083 1659 1110 adorabilem.
1676 1082 1706 1110 Si

71 1139 139 1158 vero
157 1131 274 1166 quidam
292 1131 365 1158 hunc
388 1129 563 1157 defendentes
579 1128 686 1160 dicunt,
704 1129 903 1164 subscripsisse
919 1129 947 1156 in
970 1129 1091 1164 synodo;
1106 1130 1291 1157 concedamus
1308 1130 1344 1156 ita
1363 1129 1458 1157 fuisse.
1486 1129 1540 1156 Sed
1556 1129 1635 1157 labiis
1651 1128 1709 1156 suis

71 1180 220 1206 veritatem
245 1178 402 1211 honoravit,
424 1186 472 1206 cor
487 1184 577 1208 autem
596 1181 675 1215 longe
691 1180 740 1207 fuit
766 1181 800 1208 ab
819 1188 862 1213 ea,
881 1184 911 1207 ut
926 1181 1076 1209 ostendunt
1092 1181 1154 1208 libri
1171 1181 1231 1215 ejus
1248 1185 1274 1207 et
1290 1180 1412 1215 epistola:
1434 1187 1541 1207 omnes.
1560 1179 1628 1206 Cum
1644 1186 1709 1213 ergo

73 1225 155 1252 aliter
171 1230 257 1259 atque
273 1225 354 1252 aliter
368 1226 519 1253 secundum
537 1231 644 1262 tempus
658 1231 684 1254 ct
699 1235 798 1255 causas
813 1235 980 1262 conspersus
996 1227 1031 1255 sit
1047 1232 1128 1262 atque
1141 1232 1261 1255 mutatus
1275 1247 1282 1259 ,
1302 1226 1449 1262 aliquando
1465 1227 1582 1253 laudans
1596 1234 1627 1254 ea
1648 1234 1709 1260 quze

74 1275 137 1298 sunt
157 1272 218 1298 Arii
233 1272 394 1305 sentientes,
409 1273 556 1308 aliquando
571 1281 634 1301 vero
648 1274 788 1301 veritatem
804 1274 936 1301 simulans
948 1293 954 1305 ,
972 1278 1085 1308 apparet
1103 1281 1164 1300 eum
1182 1274 1267 1301 fuisse
1280 1274 1369 1300 virum
1385 1273 1487 1308 duplici
1504 1273 1606 1304 animo,
1624 1275 1654 1298 ut
1670 1273 1708 1298 ait

74 1318 195 1345 lacubus
212 1317 298 1345 frater
313 1317 431 1350 Domini,
449 1319 604 1346 instabilem
619 1319 646 1346 in
660 1319 786 1346 omnibus
802 1319 853 1346 viis
867 1319 935 1346 suis.
949 1318 1003 1345 Nec
1018 1319 1154 1354 quispiam
1168 1319 1305 1346 existimet
1318 1319 1392 1346 illum
1410 1323 1586 1353 accepturum
1602 1318 1707 1353 aliquid

74 1371 88 1389 a
104 1363 235 1390 Domino.
255 1362 285 1389 Si
302 1363 375 1390 enim
392 1363 474 1390 corde
494 1363 655 1391 credidisset
673 1364 707 1391 ad
722 1363 868 1398 justitiam,
884 1367 910 1391 et
931 1371 979 1390 ore
999 1363 1143 1391 confessus
1159 1369 1232 1392 esset
1248 1365 1275 1391 in
1292 1364 1408 1392 salutem
1429 1373 1522 1392 verum
1538 1372 1705 1396 sermonem.

76 1409 168 1444 utique
187 1417 239 1444 pro
259 1410 370 1444 scriptis
382 1410 440 1437 suis
455 1410 561 1437 veniam
574 1411 751 1446 postulasset,
772 1411 871 1437 horum
888 1410 1088 1437 correctionem
1104 1410 1207 1438 facietis
1222 1420 1229 1445 ;
1246 1416 1273 1439 et
1285 1419 1334 1447 pro
1351 1412 1475 1446 epistolis
1502 1413 1560 1440 suis
1577 1412 1700 1447 profecto

76 1456 269 1483 satisfecisset.
293 1455 346 1483 Sed
368 1456 420 1482 hoc
440 1457 596 1484 nullatenus
613 1456 687 1484 fecit.
704 1457 804 1484 Mansit
819 1457 891 1484 enim
914 1457 986 1483 sicut
1005 1457 1132 1492 {Ethiops
1148 1465 1201 1484 non
1221 1461 1323 1484 mutata
1343 1459 1421 1492 pelle.
1440 1458 1562 1493 Denique
1584 1466 1645 1486 eum
1664 1459 1707 1485 in—

82 1507 282 1537 terpretaretur
312 1502 388 1528 Dixit
405 1502 532 1529 Dominus
554 1503 666 1530 Domino
680 1522 688 1534 ,
708 1503 777 1530 Deus
796 1511 867 1529 meus
886 1511 911 1529 es
929 1507 967 1534 tu,
985 1507 1061 1530 extra
1077 1511 1200 1530 veracem
1217 1512 1326 1531 sensum
1336 1504 1469 1531 excedens
1483 1504 1523 1532 sic
1540 1505 1578 1530 ait
1596 1514 1602 1531 :
1622 1514 1630 1529 ι
1651 1504 1702 1532 Lc-

76 1549 152 1584 gihus
167 1553 287 1580 naturze,
305 1548 395 1575 omnis
411 1548 459 1575 ﬁlii
478 1553 563 1583 pater,
581 1549 709 1575 dominus
723 1553 764 1576 est
779 1549 871 1584 utique
890 1549 965 1583 cjus';
986 1553 1013 1575 et
1030 1548 1133 1576 idcirco
1149 1550 1281 1584 unigeniti
1306 1549 1366 1576 Filii
1382 1550 1429 1577 Dei
1451 1550 1508 1585 ipse
1533 1550 1580 1585 qui
1603 1551 1697 1586 genuit

76 1603 135 1623 eum
150 1594 236 1627 Deus;
252 1594 336 1622 simul
353 1599 380 1622 et
399 1594 470 1623 Deus
483 1599 510 1623 et
525 1595 658 1623 Dominus
673 1600 699 1623 et
713 1596 795 1623 Pater
809 1601 876 1624 est.)
897 1596 1027 1624 Similiter
1039 1600 1066 1623 et
1079 1597 1107 1624 in
1127 1597 1241 1632 epistola
1257 1597 1289 1624 ad
1304 1602 1427 1625 sanctum
1439 1597 1622 1625 Alexandrum
1638 1605 1701 1632 prte-

77 1646 214 1676 ceptorem
231 1643 323 1678 magni
337 1642 481 1671 Athanasii
496 1643 610 1674 directa,
627 1643 706 1678 cujus
721 1643 829 1671 initium
844 1648 886 1672 est
903 1654 909 1671 :
924 1654 932 1670 l
953 1645 1021 1671 Cum
1036 1648 1136 1680 quanta
1148 1644 1331 1672 sollicitudine
1342 1649 1369 1670 et
1382 1644 1544 1678 aegritudine
1557 1644 1639 1670 animi
1655 1644 1705 1671 has

78 1690 180 1716 litteras
195 1689 319 1716 scribere
335 1697 480 1724 aggressus
495 1689 556 1721 sim,
578 1693 656 1722 ictc.,
674 1690 794 1725 apertius
809 1690 1001 1725 blasphemans
1012 1692 1052 1719 sic
1068 1691 1105 1718 ait
1119 1691 1153 1718 de
1165 1689 1230 1717 Ario
1245 1694 1272 1717 et
1286 1690 1346 1724 ejus
1359 1690 1472 1717 asseelis
1490 1699 1511 1716 :i
1526 1690 1705 1716 Calumniari-

78 1740 119 1762 tur
132 1743 181 1762 eos
194 1735 293 1762 littera:
308 1740 371 1768 tuae,
390 1741 517 1771 tanquam
531 1736 664 1767 dicentes,
681 1737 744 1771 quia
752 1736 837 1764 Filius
850 1745 882 1764 ex
897 1745 950 1764 non
964 1738 1161 1765 exsistentibus
1178 1736 1267 1763 factus
1282 1741 1334 1768 est,
1348 1736 1419 1762 sicut
1431 1743 1502 1762 unus
1518 1743 1550 1762 ex
1564 1735 1703 1763 omnibus.

79 1782 108 1807 At
125 1781 163 1808 illi
181 1782 357 1816 protulerunt
372 1774 603 1816 cpistolamquam
618 1782 652 1808 ad
668 1787 694 1808 te
711 1782 831 1809 fecerant
846 1791 851 1808 :
868 1782 894 1808 in
906 1790 959 1816 qua
980 1781 1060 1809 fidem
1079 1789 1156 1809 suam
1169 1784 1347 1816 exponentes,
1361 1780 1429 1814 ipsis
1451 1779 1542 1807 verbis
1563 1779 1620 1807 hate
1635 1787 1704 1806 eon-

79 1827 224 1854 fitebantur
238 1837 244 1854 :
260 1827 340 1863 Legis
353 1827 480 1855 videlicet
495 1835 527 1854 ac
539 1827 739 1862 Prophetarum
765 1832 791 1855 et
809 1827 874 1855 Novi
893 1828 1060 1856 'l‘estamenti
1083 1828 1165 1856 Deum
1184 1827 1311 1862 genuisse
1327 1826 1423 1853 Filium
1449 1826 1619 1861 unigenitum
1642 1829 1705 1853 ante

79 1878 198 1907 tempora
210 1876 323 1904 aeterna,
339 1881 387 1908 per
399 1881 480 1908 quem
495 1876 522 1900 et
536 1873 625 1899 omnia
638 1877 665 1900 et
685 1873 783 1901 smcula
799 1873 862 1901 fecit
879 1884 884 1900 :
902 1875 1031 1909 genuisse
1042 1879 1131 1901 autent
1145 1881 1207 1901 eum
1226 1882 1280 1900 non
1293 1873 1414 1908 pntative
1429 1872 1475 1900 sed
1491 1880 1565 1904 vere,
1595 1879 1627 1898 ac
1641 1879 1704 1900 con-

79 1921 200 1948 stituisse
230 1921 342 1955 propria
368 1921 518 1953 voluntate,
542 1920 776 1947 inconvertibilem
791 1941 798 1953 ,
824 1925 977 1948 creaturam
994 1920 1039 1948 Dei
1058 1921 1218 1955 perfectam,
1244 1920 1291 1947 sed
1313 1928 1366 1947 non
1386 1920 1460 1946 sicut
1481 1926 1562 1945 unam
1577 1926 1609 1944 ex
1627 1925 1704 1946 crea-

80 1967 159 1994 turis.
182 1966 212 1993 Si
239 1974 304 2001 ergo
319 1966 418 1992 litterae
437 1966 560 2000 ipsorum
575 1965 718 1992 veritatem
734 1965 840 1996 dicunt,
859 1966 953 2000 utique
968 1966 1038 2000 apud
1057 1970 1083 1992 te
1097 1965 1232 1991 habentur
1248 1974 1254 1991 :
1270 1964 1295 1991 in
1313 1964 1413 1998 quibus
1427 1962 1591 1990 confitentur
1603 1961 1703 1988 Filium

81 2013 124 2040 Dei
138 2017 200 2040 ante
218 2016 341 2047 tempora
357 2018 466 2045 mtcrna,
479 2020 527 2047 per
542 2021 623 2047 quem
640 2012 704 2040 fecit
719 2017 745 2040 cl
762 2013 936 2045 szecula,esse
951 2012 1186 2040 inconvertibilem
1201 2015 1227 2039 et
1244 2011 1493 2038 incommutabilem
1508 2014 1535 2036 et
1548 2013 1702 2037 creaturam

82 2059 126 2086 Dei
142 2059 304 2094 perfectam,
321 2059 369 2087 sed
384 2068 437 2087 non
452 2060 523 2088 sicut
542 2068 624 2087 unam
638 2068 671 2087 ex
683 2062 830 2088 creaturis.
849 2061 934 2088 Porro
945 2061 1059 2096 cpistola
1077 2064 1123 2087 tua
1139 2060 1323 2087 calumniatur
1337 2067 1384 2086 eos
1395 2079 1402 2091 ,
1424 2062 1554 2092 tanquam
1577 2058 1704 2085 dicentes

83 2106 142 2140 quia
155 2105 243 2133 Filius
255 2105 345 2132 factus
361 2109 402 2132 est
414 2105 485 2133 sicut
498 2114 569 2133 unus
583 2114 616 2132 ex
630 2106 768 2133 omnibus.
788 2106 855 2134 Vide
869 2115 933 2141 ergo
955 2115 987 2134 ne
1000 2107 1040 2134 eis
1055 2107 1146 2134 statim
1166 2106 1276 2133 occasio
1296 2105 1375 2132 detur
1392 2104 1607 2140 reprehendendi
1622 2103 1702 2138 quid-

83 2151 142 2185 quid
154 2150 300 2178 voluerint.
315 2150 415 2177 Iterum
431 2151 579 2185 objiciehas
598 2158 645 2178 eos
658 2151 762 2178 dixisse
780 2161 785 2177 :
802 2152 853 2184 Qui
864 2156 913 2184 est,
929 2160 988 2178 cum
999 2153 1044 2187 qui
1058 2161 1108 2178 non
1118 2157 1186 2185 erat,
1196 2152 1294 2186 genuit.
1310 2150 1391 2178 Miror
1402 2154 1492 2178 autem
1506 2150 1528 2178 si
1539 2150 1624 2185 possit
1638 2149 1701 2185 quis

85 2198 158 2224 aliter
172 2197 283 2224 dicere:
310 2197 332 2224 si
353 2197 426 2224 enim
446 2205 516 2224 unus
531 2202 573 2224 est
588 2198 634 2233 qui
649 2202 701 2230 est,
719 2198 841 2232 profecto
863 2207 896 2226 ex
921 2201 980 2234 ipso
996 2200 1096 2226 factum
1112 2205 1154 2227 est
1178 2207 1258 2226 omne
1274 2199 1345 2233 quod
1368 2201 1410 2225 est
1423 2205 1485 2224 cum
1500 2197 1568 2232 ipso.
1587 2196 1616 2224 Si
1636 2204 1701 2224 vero

86 2250 134 2270 non
146 2243 222 2271 solus
236 2243 293 2278 ipse
305 2248 347 2270 est
365 2252 371 2269 :
388 2243 435 2270 sed
450 2247 476 2270 ct
488 2243 573 2271 Filius
591 2247 649 2271 erat
663 2244 709 2279 qui
725 2250 782 2277 est,
800 2246 935 2280 quomodo
951 2253 1011 2272 eum
1025 2245 1071 2280 qui
1095 2249 1153 2272 erat
1169 2245 1294 2280 gignebat
1306 2245 1352 2279 qui
1368 2243 1428 2271 est?
1439 2243 1483 2270 Sic
1497 2243 1569 2270 enim
1589 2243 1644 2270 duo
1658 2251 1702 2270 es~

87 2295 141 2317 sent
155 2291 202 2325 qui
221 2293 296 2317 sunt.
314 2299 323 2315 I
340 2289 373 2316 Et
388 2290 444 2317 haec
454 2289 564 2325 quidem
583 2290 716 2318 Eusebius
728 2291 761 2318 ad
781 2292 976 2319 Alexandrum.
990 2291 1043 2319 Sed
1059 2295 1087 2319 et
1101 2291 1159 2318 alia:
1175 2292 1235 2326 ejus
1253 2291 1374 2326 cpistolze
1397 2291 1431 2318 ad
1446 2290 1570 2318 eumdem
1582 2294 1701 2322 exstant,

87 2337 111 2363 in
133 2337 233 2372 quibus
259 2337 532 2365 inveniuntur-varia:
556 2337 741 2371 blasphemiae.
760 2337 812 2365 Sed
838 2342 865 2365 et
884 2338 918 2365 ad
943 2338 1156 2373 Euphrationem
1173 2338 1332 2372 episcopum
1351 2337 1486 2368 scribens,
1504 2333 1700 2371 apertiusltlas-

89 2382 201 2416 pliemat.
230 2384 316 2418 Cujus
329 2383 452 2418 epistola:
467 2384 574 2410 initium
588 2388 648 2411 est:
664 2395 673 2410 ι
693 2384 808 2413 Domino
819 2393 880 2413 meo
892 2394 939 2420 per
955 2386 1043 2413 omnia
1059 2386 1160 2421 gratias
1175 2393 1235 2420 ago.
1252 2394 1261 2410 ι
1275 2385 1309 2411 Et
1321 2384 1399 2419 paulo
1416 2388 1473 2418 post
1488 2391 1496 2410 :
1525 2394 1534 2408 ι
1554 2383 1613 2410 Νυη
1628 2383 1701 2410 enim

87 2430 159 2457 simul
175 2438 238 2458 cum
260 2429 342 2457 Patre
360 2429 458 2456 Filium
483 2430 568 2457 fuisse
589 2429 717 2462 fatemur,
738 2431 785 2458 sed
801 2431 906 2459 Patrem
923 2435 987 2458 ante
1002 2430 1101 2457 Filium
1116 2430 1266 2457 exstitisse.
1290 2428 1370 2456 Certe
1390 2430 1447 2464 ipse
1471 2428 1557 2456 Filius
1579 2428 1637 2461 Dei,
1653 2428 1701 2462 qui

89 2478 163 2514 magis
175 2478 269 2506 omnia
283 2478 387 2513 liquido
401 2478 486 2510 novit,
503 2478 586 2504 alium
599 2486 628 2506 se
640 2485 655 2505 ει
670 2478 750 2506 Patre
762 2483 789 2506 et
804 2480 937 2507 minorem
952 2484 1034 2514 atque
1046 2478 1205 2506 inferiorem
1218 2478 1320 2510 sciens,
1335 2478 1479 2505 admodum
1496 2478 1538 2512 pie
1554 2477 1605 2504 hoc
1617 2477 1700 2504 etiam

89 2532 132 2552 nos
144 2525 223 2552 docet
238 2525 336 2553 dicens
353 2534 359 2552 :
377 2525 458 2552 Pater
473 2526 517 2560 qui
532 2526 604 2552 misit
621 2534 671 2558 me,
687 2527 773 2561 major
785 2535 823 2554 me
838 2533 876 2554 est
888 2528 928 2555 “.i
942 2527 974 2553 Et
982 2532 1040 2560 post
1050 2527 1105 2553 alia
1117 2534 1144 2553 ει
1159 2526 1226 2553 Nam
1237 2530 1264 2553 et
1278 2527 1336 2561 ipse
1346 2526 1454 2561 quidem
1464 2525 1549 2553 Filius
1565 2525 1636 2552 Deus
1647 2527 1698 2557 est,

91 2572 131 2598 sed
148 2580 200 2599 non
218 2579 301 2599 verus
318 2572 388 2599 Deus
403 2582 426 2597 .›
448 2572 487 2599 Ex
503 2572 546 2600 his
561 2581 625 2608 ergo
649 2574 759 2609 scriptis
775 2575 835 2608 ejus
848 2574 1011 2606 ostenditur,
1036 2573 1093 2600 Arii
1106 2576 1132 2600 et
1148 2573 1315 2607 comparium
1332 2573 1391 2607 ejus
1404 2573 1528 2608 dogmata
1541 2572 1697 2607 prmtlicare.

92 2617 119 2644 Et
130 2619 205 2652 paulo
219 2623 295 2653 post:
307 2617 412 2652 «Hujus
427 2626 492 2653 ergo
504 2618 631 2647 factionis
647 2621 729 2648 etiam
746 2620 879 2648 Eusabius
904 2622 1040 2648 exsistens
1051 2639 1059 2652 ,
1077 2619 1149 2647 sicut
1170 2619 1388 2646 demonstratum
1404 2624 1445 2646 est
1461 2624 1516 2646 tam
1530 2627 1564 2646 ex
1575 2618 1704 2654 epistolis

92 2671 160 2698 quam
175 2672 208 2692 ex
224 2664 369 2692 historicis
384 2664 444 2698 ejus
456 2666 634 2700 conscriptiS,
653 2666 799 2702 imaginem
812 2667 913 2694 Christi
931 2671 1060 2702 tanquam
1075 2666 1297 2701 Thcopassianus
1313 2666 1488 2701 abjicitpetc.

504 2722 616 2750 Pholius
631 2725 657 2751 in
671 2725 782 2759 cpistola
799 2726 859 2758 Μὴ,
874 2726 908 2752 ad
922 2726 1122 2753 Constantinum
1134 2720 1284 2760 patricium.

120 2765 252 2799 Εὐσέϐιος,
269 2767 285 2792 ὁ
299 2765 347 2792 τοῦ
363 2767 505 2803 Παμφίλου
525 2769 579 2794 εἴτε
599 2769 700 2802 δοῦλος,
715 2770 770 2797 εἴτε
786 2772 867 2806 συνή-
956 2772 1088 2800 Eusebius
1105 2772 1159 2804 ille,
1172 2771 1272 2806 Pamph

956 2772 1088 2800 Eusebius
1105 2772 1159 2804 ille,
1172 2771 1303 2806 Pamphili
1320 2770 1376 2798 sive
1390 2777 1494 2802 servus,
1511 2770 1566 2797 sive
1583 2770 1697 2803 amicus,

95 2810 139 2848 θης,
151 2813 191 2839 ὅτι
211 2812 264 2848 μὲν
284 2812 465 2850 ’Δρειανισμῷ
480 2814 559 2848 ἑάλω,
578 2814 658 2850 βοῶσι
679 2815 728 2851 μὲν
740 2816 820 2844 αὐτοῦ
833 2817 867 2844 τὰ
919 2816 1074 2845 Arianismo
1098 2816 1215 2844 infectus
1239 2816 1273 2843 fui

928 2816 1074 2845 \rianismo
1098 2816 1215 2844 infectus
1239 2816 1298 2844 fuit.
1329 2815 1384 2842 ΙΙοε
1399 2814 1462 2842 libri
1483 2815 1517 2843 ab
1534 2815 1580 2843 illo
1602 2815 1699 2851 scripti

138 2872 146 2887 ⁶
161 2871 243 2898 Joan.
264 2875 322 2904 xiv,
339 2869 384 2898 28.
