1915 3135
207 131 240 161 91

208 193 337 223 clamant.
357 191 437 220 Hunc
458 191 582 219 morbum
604 190 712 218 tandem
739 190 840 219 invitus
857 191 915 226 ipse
932 198 998 218 con-
1012 194 1033 223 Α

209 241 300 269 fessus
314 244 374 272 est.
399 238 445 266 sed
464 238 578 272 ipsamet
589 236 775 271 resipiscentia
793 243 842 264 sua
866 237 952 272 magis
968 244 997 264 se

209 286 336 322 patefecit
358 292 410 312 non
432 283 590 318 resipuisse.
608 281 663 310 Nec
677 282 749 309 enim
766 289 814 316 per
833 282 996 317 apologiam,

209 335 238 359 ut
255 331 340 358 videri
365 329 461 361 voluit,
479 328 627 363 persuadet
651 335 680 355 se
701 335 716 354 a
737 327 821 362 priori
842 328 939 355 haeresi
954 336 997 355 re-

209 377 338 405 cessisse,
357 378 403 401 aut
419 378 521 400 sancta:
546 376 573 400 et
591 371 739 399 universali
757 372 861 408 synodo
883 380 997 400 consen-

209 421 260 447 tire
277 419 343 447 :sed
365 419 521 454 prodigiose
537 417 766 450 comminiscitur,
791 417 938 444 Itomoousii
952 426 995 446 se-

208 470 327 494 ctatores
343 465 369 492 in
383 465 470 500 ipsius
484 472 594 492 sensum
608 464 762 494 transiisse,
776 467 803 490 et
824 464 851 490 in
868 472 917 491 sua
931 472 996 491 sen-

209 511 293 538 tentia
312 510 394 538 simul
412 510 593 545 acquievisse.
615 509 673 537 Hoc
693 509 731 536 ita
748 516 808 536 esse
832 516 894 536 cum
911 509 996 535 multa

208 556 261 583 alia
281 555 513 587 conﬁrmant,tum
530 563 611 590 quam
630 554 741 590 scripsit
765 555 797 582 ad
822 561 887 582 suos
904 554 996 582 Caesa-

208 601 314 629 rienses
328 602 454 637 epistola.
467 600 520 628 Sed
533 601 606 636 quod
617 604 645 627 ut
656 601 690 628 ab
704 600 782 627 initio
797 600 854 626 Arii
870 600 995 634 dogmata

208 647 285 679 fovit,
301 648 337 674 ita
354 647 387 674 ad
404 647 483 674 ﬁnem
505 647 566 674 vitae
581 654 613 674 ea
632 646 759 681 amplecti
780 654 834 673 non
849 646 994 677 destiterit,

208 693 331 728 plerique
351 693 515 727 intelligunt,
531 697 558 720 et
572 692 656 719 multa
674 698 740 720 sunt
761 699 820 727 quae
836 691 915 718 iacile
932 699 993 726 per-

207 739 334 766 suadent.
349 737 427 770 Quod
443 745 507 765 vero
524 736 648 772 Origenis
664 737 760 763 morbo
775 739 904 771 praeterea
918 735 994 762 labo-

208 785 278 811 ravit.
298 791 353 819 quo
380 784 424 811 ille
448 784 601 815 tenebatur,
618 783 724 810 scilicet
750 786 846 809 contra
872 781 993 808 omnium

207 829 326 857 futuram
352 829 505 864 generalem
533 829 781 860 resurrectionem,
808 832 834 856 et
860 829 992 863 plurimos

207 875 274 903 latet
298 879 352 903 :tu
377 880 467 902 tamen
483 895 490 908 ,
516 876 539 902 si
563 875 712 903 scrutando
748 875 896 910 perlegeris
921 875 994 903 illius
1011 873 1031 900 Β

207 921 320 956 scripta,
343 929 397 948 non
415 921 505 948 minus
533 929 593 948 eum
605 921 744 948 mortifera
761 921 811 947 hac
822 921 993 955 aegritudine,

205 975 287 1002 quam
308 967 471 994 Arianorum
486 967 592 995 insania
607 967 774 995 laborantem
795 967 992 1002 deprehendes.

617 130 786 159 VETERUM
806 129 1018 159 TESTIMONIA
1037 128 1178 157 CONTRA
1197 127 1381 157 EUSEBIUM.

1822 124 1863 153 {‘3

1050 189 1137 225 βιϐλία
1147 197 1154 203 ·
1168 188 1214 215 καὶ
1229 189 1309 220 αὐτὸς
1322 187 1351 214 δὲ
1366 187 1584 223 μεταμελόμενος
1596 187 1675 224 δῆθεν
1690 187 1736 214 καὶ
1748 189 1857 220 ἄκων,

1048 235 1097 270 τὴν
1111 234 1186 261 νόσον
1204 233 1377 269 ἀνομολογεῖ*
1396 233 1447 260 κᾶν
1462 234 1495 268 τῇ
1513 232 1677 268 μεταμελείᾳ
1691 232 1718 259 δὲ
1737 232 1855 268 μᾶλλον

1049 279 1142 306 ἑαυτὸν
1156 279 1289 306 δείκνυσιν
1315 278 1532 314 ἀμεταμέλητον.
1550 279 1586 305 Οὺ
1604 278 1657 314 γὰρ
1673 279 1772 305 ἑαυτὸν
1801 280 1855 305 ὲκ-

1049 328 1142 363 στῆναι
1155 327 1205 362 τῆς
1219 326 1354 362 προτέρας
1368 325 1535 358 κακοδοξίας,
1551 324 1584 351 δι’
1601 322 1638 352 ὧν
1652 325 1724 357 ἔδοξε
1736 324 1853 352 ἀπολο-

1047 371 1162 406 γεῖσθαι,
1177 372 1347 406 συνίστησιν,
1375 371 1435 397 οὐδὲ
1450 372 1483 406 τῇ
1508 370 1572 406 ἁγίᾳ
1590 371 1637 397 καὶ
1661 371 1853 406 οἰκουμενικῇ

1048 418 1228 453 συμφωνῆσαι
1244 417 1343 452 συνόδῳ
1353 425 1359 432 ⁸
1377 417 1444 444 ἀλλὰ
1459 417 1522 449 τοὺς
1533 416 1579 442 τοῦ
1588 415 1750 451 ὀμοουσίου
1760 424 1827 452 πρε
1835 430 1850 437 -

1048 464 1174 496 σὸευτὰς,
1192 463 1273 490 αὑτοῦ
1296 463 1431 490 συνελθεῖν
1447 463 1486 498 τῷ
1502 464 1655 499 φρονήματι
1667 464 1714 490 καὶ
1730 462 1854 490 συνδια-

1046 508 1157 544 τεθῆναι
1178 510 1212 544 τῇ
1229 508 1324 544 γνώμῃ
1337 529 1344 540 ,
1371 508 1563 543 τερατεύεται’
1583 509 1630 536 καὶ
1646 508 1723 535 τοῦτο
1741 507 1852 542 σαφῶς

1046 555 1113 582 ἄλλα
1129 563 1159 581 τε
1177 555 1287 582 πλείονα
1304 555 1468 590 περισπῶσι,
1485 556 1532 582 καὶ
1548 556 1564 590 ή
1579 557 1634 587 τοῖς
1653 554 1851 592 Καισαρεῦσιν

1046 600 1120 635 αὺτῷ
1135 602 1269 637 γραφεῖσα
1282 600 1418 636 ἐπιστολή.
1444 600 1513 627 Ἀλλ’
1528 601 1568 627 ὅτι
1582 601 1631 636 μὲν
1644 601 1774 636 ἀπαρχῆς
1791 599 1852 632 τὰς

1052 647 1222 682 Ἀρειανικὰς
1239 646 1316 680 δόξας
1340 637 1497 678 ὑπέθαλπε,
1520 648 1566 673 καὶ
1589 646 1670 682 μέχρι
1689 646 1789 678 τέλους
1813 646 1848 673 οὐ

1045 692 1148 719 διέλιπε
1179 692 1338 728 περιέπων,
1363 692 1455 719 πολλοί
1483 701 1513 719 τε
1536 693 1762 724 συνεπίστανται,
1795 692 1850 719 καὶ

1046 739 1111 774 ῥᾷόν
1127 739 1185 765 ἐστι
1202 738 1295 765 λαϐεῖν
1311 739 1475 774 πολλαχόθεν
1485 747 1492 755 ⁸
1507 739 1547 766 ὅτι
1560 739 1588 766 δὲ
1604 740 1651 766 καὶ
1665 739 1714 774 τῆς
1733 739 1851 775 Ὠριγὲ-

1045 792 1108 816 νους
1123 784 1202 811 νόσου
1221 784 1360 820 μετέσχεν,
1370 785 1403 820 ἣν
1421 785 1490 811 κατὰ
1506 785 1555 820 τῆς
1575 785 1667 820 κοινῆς
1680 784 1758 820 ήμῶν
1771 785 1852 812 Exsi-

1045 838 1089 861 vo;
1104 830 1231 865 ἐνόσησεν
1245 831 1429 862 ἀναστάσεως,
1447 832 1471 857 εί
1496 831 1543 857 καὶ
1558 831 1621 863 τοὺς
1637 830 1752 862 πολλοὺς
1768 831 1849 857 ὐπο-

1045 874 1179 907 λανθάνει,
1197 875 1264 902 ἀλλὰ
1283 874 1329 902 οὖν
1353 876 1443 908 αὐτὸς,
1463 877 1511 903 σὺν
1527 876 1625 913 ἐρεύνῃ
1647 877 1709 908 τοὺς
1731 876 1849 903 ἐκείνου

1046 920 1141 954 λόγους
1167 921 1382 956 ἀναλεγόμενος,
1405 922 1480 948 οὐδὲν
1498 921 1607 949 ἔλαττον
1624 921 1705 948 αὑτὸν
1721 921 1760 956 τῷ
1778 920 1848 948 ὀλε-

1047 966 1114 1002 θρίῳ
1125 967 1211 1002 τούτῳ
1224 967 1350 1004 ἀρῤωστή
1356 977 1419 1003 ματι
1431 967 1447 1003 ἢ
1461 969 1519 1000 ταῖς
1531 969 1711 1003 Ἀρειανικαῖς
1725 967 1850 1004 μανίαις

1047 1012 1252 1048 κεκρατημένον
1264 1012 1328 1049 ὄψῃ.

718 1067 793 1095 Idem
811 1067 923 1094 Pliotius
946 1067 973 1094 in
995 1067 1180 1101 Bibliotheca,
1199 1077 1258 1103 cap.
1282 1070 1326 1096 15.

241 1126 315 1154 Lecti
340 1132 404 1155 sunt
423 1127 533 1156 Eusebii
561 1128 625 1155 libri
647 1127 712 1160 duo,
734 1127 781 1162 qui
804 1126 994 1154 inscribuntur

204 1171 362 1207 Confutatio
379 1177 405 1201 et
418 1173 557 1209 Apologia.
572 1173 638 1201 Item
653 1173 731 1200 alteri
747 1172 811 1203 duo.
833 1172 880 1208 qui
902 1179 964 1199 cum
977 1179 992 1199 «ι

205 1218 343 1254 prioribus
358 1219 465 1247 duobus
479 1220 607 1247 ditl'erant
630 1220 658 1247 in
679 1219 843 1255 quibusdam
863 1219 940 1251 locis,
963 1219 991 1245 in

204 1263 327 1298 reliquis,
343 1271 391 1291 seu
406 1264 486 1291 verba
502 1272 549 1292 seu
564 1271 674 1293 sensum
688 1268 806 1300 spectes,
820 1264 902 1291 iidem
916 1269 991 1292 sunt.

203 1309 287 1337 Aﬂ'ert
301 1317 366 1337 vero
383 1310 550 1344 objectiones
561 1310 695 1345 quasdatn
708 1310 842 1337 adversus
857 1309 992 1337 sinceram

203 1360 327 1384 nostram
343 1357 516 1392 religionem,
547 1357 621 1384 velut
650 1357 684 1384 ab
699 1356 816 1384 ethnicis
843 1355 991 1390 proiectas,

202 1409 304 1437 easque
315 1406 388 1430 recte
403 1403 494 1433 solvit,
508 1402 571 1430 licet
586 1410 639 1429 non
656 1409 705 1436 per
719 1402 822 1429 omnia.
839 1401 990 1428 Dictionem

202 1451 311 1486 quidem
325 1451 397 1485 quod
415 1451 521 1481 attinet,
539 1457 590 1477 nec
603 1450 741 1484 jucundus
755 1454 797 1477 est
813 1458 862 1477 nec
872 1449 993 1484 splendi-

201 1496 266 1524 dus.
293 1496 435 1531 Multiplici
450 1502 541 1523 tamen
560 1495 686 1523 doctrina
713 1497 842 1531 pneditus
861 1499 913 1530 est,
929 1497 992 1524 licet

203 1542 348 1578 prudentia
370 1546 398 1570 et
414 1543 496 1569 animi
512 1542 668 1569 constantia
688 1546 715 1570 et
730 1543 887 1578 dogmatum
903 1542 992 1570 since—
1007 1551 1028 1580 α

204 1589 285 1617 ritate
301 1589 392 1616 minus
405 1589 516 1623 polleat.
530 1587 597 1615 Nam
610 1589 637 1615 in
649 1588 692 1616 his
704 1589 785 1615 etiam
798 1588 877 1616 libris
892 1588 992 1623 smpius

204 1634 336 1662 adversus
358 1633 457 1661 Filium
480 1634 527 1662 Dei
546 1635 738 1670 blasphemare
767 1634 991 1669 deprehenditur,

204 1687 322 1714 eumque
356 1680 504 1708 secundam
522 1688 634 1708 causam
654 1687 763 1712 vocare,
790 1684 818 1708 et
839 1679 992 1716 Principetn

205 1725 310 1753 militia:
324 1726 456 1759 cmlestis,
473 1727 580 1762 aliaque
599 1726 733 1761 ejusmodi
751 1734 812 1761 qua:
826 1726 991 1754 Arianorum

206 1771 319 1800 insania:
349 1773 459 1808 propria
485 1777 559 1800 sunt.
592 1772 705 1800 Constat
734 1780 796 1799 eum
819 1771 993 1800 Constantini

206 1817 294 1853 Magni
310 1819 479 1853 temporibus
496 1818 632 1850 ﬂoruisse,
649 1822 676 1845 et
687 1818 758 1845 sacri
777 1818 905 1853 martyris
917 1817 994 1845 Pam-

205 1863 271 1898 phili
288 1864 511 1892 ardentissimum
532 1867 682 1890 amatorem
696 1863 793 1891 fuisse.
812 1862 890 1891 Unde
903 1867 930 1891 et
945 1871 993 1891 co-

204 1913 379 1943 gnomentum
392 1908 527 1943 Pamphili
537 1908 652 1943 adeptus
664 1916 725 1937 esse
735 1908 836 1937 dicitur
849 1917 863 1937 a
879 1909 993 1944 quibus-

203 1954 276 1982 dam.

1084 1122 1263 1159 'AvayvcboOq,
1286 1123 1416 1149 Εὐσεὸίου
1434 1122 1575 1158 Ὲλέγχου
1596 1124 1642 1150 καὶ
1662 1123 1846 1158 Ἀπολογίας

1047 1166 1120 1202 λόγοι
1133 1168 1189 1194 δύο·
1203 1169 1249 1195 καὶ
1259 1168 1346 1204 ἕτεροι
1359 1168 1415 1199 δύο,
1427 1169 1524 1200 οἵτινες
1534 1169 1602 1205 πρὸς
1612 1169 1674 1201 τοὺς
1687 1169 1846 1204 προτέρους

1044 1216 1100 1248 δύο,
1115 1217 1143 1245 ἐν
1157 1226 1212 1244 τισι
1225 1219 1316 1253 ῥητοῖς
1331 1217 1576 1253 παραλλάσσοντες,
1591 1217 1620 1243 ἐν
1633 1218 1689 1249 τοῖς
1702 1217 1797 1249 ἄλλοις
1807 1218 1845 1253 τῇ

1044 1271 1074 1289 τε
1087 1261 1157 1295 λέξει
1174 1263 1220 1289 καὶ
1230 1264 1263 1298 τῇ
1279 1263 1382 1298 διανοίᾳ
1393 1263 1416 1288 οἱ
1435 1262 1510 1288 αὐτοι
1529 1262 1603 1288 εἰσιν.
1624 1261 1735 1296 Εῐσάγει
1754 1262 1785 1288 δὲ
1802 1261 1846 1294 ὡς

1044 1308 1098 1334 ἀπὸ
1117 1308 1171 1335 τῶν
1200 1308 1333 1344 Ἐλλήνων
1359 1307 1435 1340 τινὰς
1456 1307 1571 1342 ἀπορίας
1588 1306 1659 1334 κατὰ
1680 1307 1730 1342 τῆς
1756 1307 1844 1343 ἀμω-

1046 1354 1131 1389 μήτου
1154 1353 1302 1390 θρησκείας
1315 1354 1403 1389 ἡμῶν.
1422 1353 1477 1380 Καὶ
1491 1353 1592 1385 ταύτας
1609 1352 1698 1384 καλῶς
1709 1373 1716 1384 ,
1742 1354 1766 1379 ει
1792 1354 1845 1380 καὶ

1047 1399 1083 1434 μὴ
1105 1400 1133 1425 ὲν
1149 1400 1241 1432 πᾶσιν,
1268 1399 1415 1426 ἀπολύεται
1428 1407 1434 1414 ’
1460 1399 1510 1434 τὴν
1526 1398 1554 1424 δὲ
1571 1398 1670 1434 φράσιν
1689 1398 1738 1425 οὐκ
1761 1398 1844 1425 ἐστιν

1045 1444 1164 1479 οὐδαμοῦ
1180 1444 1242 1471 οὔτε
1259 1445 1324 1480 ήδὺς
1340 1444 1402 1471 οὗτε
1424 1444 1597 1479 λαμπρότητι
1617 1443 1729 1478 χαίρων,
1745 1443 1843 1469 ’Πολυ-

1047 1490 1135 1526 μαθὴς
1146 1490 1175 1517 δέ
1190 1492 1262 1517 ἐστιν
1278 1492 1292 1517 ὁ
1305 1490 1385 1526 ἀνὴρ,
1407 1490 1430 1516 εἰ
1449 1489 1496 1516 καὶ
1515 1489 1563 1525 τὴν
1578 1489 1717 1524 ἀγχίνοιαν
1738 1489 1789 1515 καὶ
1810 1488 1843 1515 τὺ

1045 1536 1180 1572 araer,pr
1193 1536 1241 1563 τοῦ
1252 1536 1343 1572 ήθους,
1358 1535 1396 1567 ὼς
1412 1535 1488 1571 παρὰ
1504 1537 1554 1570 τὴν
1578 1535 1719 1570 ἀκρίϐειαν
1739 1534 1792 1569 τὴν
1811 1535 1843 1561 ὲν

1044 1583 1101 1614 τοῖς
1113 1582 1260 1617 δόγμασιν,
1277 1581 1455 1617 ἐνδεέστερος.
1472 1581 1527 1608 Καὶ
1546 1581 1600 1616 γὰρ
1618 1580 1668 1607 κᾶν
1683 1580 1790 1613 τούτοις
1812 1581 1843 1607 ἐν

1046 1627 1153 1659 πολλοῖς
1176 1626 1249 1653 ἐστιν
1270 1626 1350 1653 αὐτὴν
1368 1626 1431 1652 ίδείν
1453 1626 1499 1653 τὸν
1522 1626 1585 1653 Υἰὺν
1612 1625 1842 1661 βλασφημοῦντα,

1046 1675 1092 1701 καὶ
1104 1674 1229 1709 δεύτερον
1245 1673 1330 1700 αἴτιον
1351 1673 1484 1700 καλοῦντα
1494 1694 1502 1706 ,
1530 1673 1576 1700 καὶ
1598 1673 1823 1709 ἀρχιστράτηγον
1833 1694 1841 1706 ,

1046 1720 1092 1746 καὶ
1109 1719 1176 1747 ἄλλα
1189 1718 1248 1746 τινὰ
1264 1718 1313 1753 τῆς
1338 1718 1506 1754 ’Λρειανικῆς
1528 1719 1629 1755 λύσσης
1647 1719 1841 1755 βλαστήματα.

1046 1766 1130 1801 Δῆλον
1150 1766 1178 1792 δὲ
1198 1766 1234 1798 ὡς
1258 1766 1303 1792 ἐπὶ
1325 1766 1530 1792 Κωνστςιντίνου
1557 1765 1603 1792 τοῦ
1623 1765 1740 1800 μεγάλου
1757 1761 1843 1796 οὗτος

1045 1812 1159 1848 ἧνϐησε’
1182 1813 1276 1847 γέγονε
1296 1812 1324 1838 δὲ
1341 1812 1388 1838 καὶ
1407 1811 1456 1847 τῆς
1474 1811 1615 1847 Παμφίλου
1639 1811 1686 1838 τοῦ
1706 1811 1843 1847 ίερομάρ-

1046 1866 1127 1894 τυρος
1140 1857 1241 1893 ἀρετῆς
1258 1857 1388 1892 διάπυρος
1403 1857 1537 1892 ἐραστής·
1557 1857 1589 1883 δι’
1607 1857 1639 1892 ἢν
1656 1856 1745 1884 αίτίαν
1768 1855 1842 1891 φασί

1045 1911 1116 1934 τινες
1140 1903 1219 1929 αὑτὸν
1235 1903 1280 1929 καὶ
1298 1902 1348 1937 τῆς
1363 1901 1410 1928 τοῦ
1439 1901 1581 1938 Παμφίλου
1599 1901 1755 1936 ἐπωνυμίας
1770 1910 1842 1937 μετ-

1046 1949 1201 1984 εσχηκέναι.

813 2015 888 2044 Idem
907 2015 1017 2043 Pltotius
1032 2016 1058 2042 in
1074 2016 1157 2050 capite
1173 2015 1234 2042 127.

239 2067 313 2094 Lecti
330 2072 395 2096 sunt
410 2068 522 2097 Eusebii
536 2070 670 2107 Pamphili
682 2073 742 2101 libri
750 2077 868 2108 quatuor
883 2073 921 2100 De
931 2074 990 2100 lau-

202 2111 280 2140 dibus
296 2113 359 2147 imp.
371 2113 550 2144 Constantini.
563 2117 710 2145 Continent
726 2124 815 2146 autem
831 2119 891 2153 ejus
906 2119 989 2145 vitam

203 2165 312 2186 omnem
327 2159 383 2194 jam
400 2161 464 2189 inde
477 2169 492 2188 a
509 2163 637 2197 pueritia.
654 2167 681 2191 et
703 2172 874 2199 quaecunque
890 2165 924 2191 ab
943 2164 990 2191 illo

203 2209 280 2240 gesta
297 2210 362 2233 sunt
383 2207 417 2234 ad
438 2208 650 2236 ecclesiasticam
682 2209 826 2237 historiam
850 2210 989 2244 pertinen-

204 2253 252 2283 tia,
270 2259 356 2287 usque
369 2254 401 2280 ad
418 2254 520 2281 exitum
535 2255 607 2288 vitae,
626 2255 652 2282 id
669 2260 711 2283 est
732 2255 766 2282 ad
783 2263 884 2283 annum
899 2257 989 2285 aetatis

204 2301 331 2331 quartum
354 2302 381 2325 et
400 2299 612 2334 sexagesimum.
630 2299 679 2327 Est
704 2305 796 2328 autem
811 2300 946 2330 Eusebius
961 2303 989 2330 in

204 2337 257 2367 hoc
275 2342 356 2368 etiam
377 2350 459 2377 opere
474 2343 553 2378 plane
568 2344 610 2371 sui
622 2344 720 2372 similis
740 2345 768 2372 in
780 2345 896 2373 dicendo
911 2357 917 2374 :
934 2348 988 2376 nisi

204 2386 276 2422 quod
290 2388 412 2415 nonnihil
428 2389 462 2416 ad
481 2389 654 2424 splendorem
679 2391 798 2426 assurgit
813 2392 872 2427 ejus
890 2393 988 2428 oratio,

203 2437 231 2462 et
245 2434 336 2462 verbis
352 2435 488 2463 interdum
504 2436 719 2471 elegantioribus
743 2438 838 2466 utitur.
854 2438 990 2468 Venusta-

203 2479 239 2507 tis
256 2480 364 2515 quidem
378 2484 405 2508 et
421 2481 514 2516 gratiae
529 2489 584 2508 non
611 2482 725 2510 multum
752 2489 863 2520 apparet
885 2486 912 2513 in
938 2486 991 2514 hoc

204 2533 296 2561 opere,
311 2527 382 2554 sicut
398 2535 448 2554 nec
461 2526 488 2554 in
503 2528 609 2556 caeteris
623 2528 684 2563 ejus
700 2529 788 2557 libris.
804 2530 890 2559 Porro
904 2532 931 2559 in
946 2532 989 2560 his

202 2575 321 2606 quatuor
336 2572 413 2600 libris
428 2573 543 2607 plurima
563 2574 621 2601 loca
643 2574 738 2602 inserit
751 2584 783 2603 ex
800 2575 990 2605 Ecclesiastica

203 2615 290 2650 ipsius
306 2617 419 2644 historia
444 2618 588 2646 translata.
604 2618 637 2645 Et
654 2619 863 2648 Constantinum
878 2622 989 2657 quidem

202 2662 330 2698 Magnum
354 2663 517 2691 Nicomediae
540 2665 704 2700 baptizatum
724 2675 785 2695 esse
810 2668 897 2702 dicit,
925 2677 988 2697 cum

203 2707 237 2734 ad
258 2707 284 2735 id
295 2716 382 2743 usque
397 2711 527 2744 temporis
543 2710 706 2745 baptismum
718 2712 882 2746 distulisset,
906 2720 939 2742 ur
961 2715 988 2742 in

202 2750 333 2785 Iordane,
352 2755 582 2789 quemadmodum
597 2757 624 2784 in
634 2758 706 2786 votis
721 2758 850 2791 habebat,
865 2760 989 2795 baptiza-

204 2803 288 2826 retur.
313 2799 380 2832 Quis
397 2808 459 2829 vcro
481 2802 556 2830 illum
580 2803 743 2839 baptizarit,
769 2805 933 2834 dissimulat.
952 2806 989 2835 De

204 2843 308 2874 Ariaua
325 2847 436 2883 insuper
455 2849 551 2878 haeresi
569 2850 636 2878 nihil
652 2855 753 2883 aperte.
771 2857 986 2881 commemorat:

1009 2185 1028 2212 D

1085 2072 1254 2108 ’Λνεγνώσϐη
1278 2073 1408 2099 Εὖσεϐίου
1434 2072 1481 2100 τοῦ
1497 2071 1639 2107 Παμφίλου
1663 2073 1680 2107 ὴ
1703 2073 1742 2104 είς
1756 2073 1839 2101 Κων-

1045 2120 1182 2146 σταντῖνον
1207 2118 1252 2144 τὸν
1269 2118 1354 2153 μέγαν
1376 2118 1487 2154 βασιλέα
1509 2117 1714 2154 ὲγκωμιαστικὴ
1735 2120 1837 2155 τετρά-

1044 2164 1134 2195 διϐλος
1146 2172 1153 2178 ·
1172 2164 1200 2190 ὲν
1251 2164 1407 2200 περιέχεται
1423 2165 1438 2200 ἦ
1453 2172 1482 2190 τε
1493 2163 1540 2190 τοῦ
1561 2163 1655 2198 ἀνδρὸς
1674 2163 1740 2200 ἄλλη
1759 2165 1837 2192 πολι-

1040 2209 1100 2236 τεία
1123 2209 1153 2242 ἐξ
1173 2209 1259 2244 αὐτῆς
1283 2209 1395 2246 πρώτης
1418 2210 1524 2245 ἡλικίας
1547 2210 1694 2245 ἀρχομένη,
1708 2210 1755 2237 καὶ
1771 2211 1835 2239 ὅσαι

1041 2255 1109 2291 πρὸς
1123 2256 1172 2291 τὴν
1188 2256 1416 2292 ἐκκλησιαστικὴν
1442 2257 1562 2292 ἱστορίαν
1586 2256 1741 2283 συντελοῦσι
1761 2258 1834 2294 πρά-

1041 2301 1096 2334 ξεις
1114 2302 1209 2338 μέχρις
1229 2300 1260 2330 οὗ
1273 2303 1318 2329 τὸν
1341 2303 1395 2338 βίον
1411 2303 1554 2334 ἀπέλιπεν,
1571 2303 1610 2335 εἰς
1626 2303 1771 2339 ἑξηκοστὸν
1785 2304 1832 2331 καὶ

1039 2348 1167 2384 τέταρτον
1189 2349 1378 2384 παραταθέντα
1400 2350 1505 2385 χρόνον.
1526 2350 1602 2376 Ἔστι
1622 2349 1669 2384 μὲν
1692 2347 1737 2376 οὖν
1765 2350 1831 2376 κὰν-

1040 2394 1126 2421 ταῦθα
1139 2394 1186 2430 τὴν
1202 2395 1300 2430 φράσιν
1313 2395 1403 2430 ὅμοιος
1414 2395 1513 2430 ἑαυτῷ,
1528 2394 1596 2431 πλὴν
1612 2395 1709 2430 μικρόν
1725 2403 1749 2421 τι
1761 2395 1830 2431 πρὸς

1040 2440 1069 2466 τὸ
1080 2439 1268 2476 λαμπρότερον
1284 2440 1458 2467 ἐκϐεϐίασται
1470 2440 1544 2475 αὐτῷ
1553 2441 1567 2466 ό
1578 2440 1665 2475 λόγος,
1680 2441 1727 2467 καὶ
1743 2439 1831 2472 λέξεις

1040 2486 1080 2517 είς
1094 2486 1124 2512 τὸ
1139 2486 1320 2522 ἀνοηρότερον
1336 2486 1442 2521 ἐνιαχοῦ
1461 2485 1664 2521 συνελήφθησαν
1674 2493 1680 2500 ’
1699 2485 1747 2520 τῆς
1765 2485 1830 2519 μέν-

1039 2539 1079 2557 τοι
1102 2531 1171 2558 κατὰ
1197 2531 1246 2567 τὴν
1269 2532 1415 2567 ἑρμηνείαν
1432 2532 1528 2567 ἡδονῆς
1549 2531 1597 2558 καὶ
1621 2531 1730 2566 χάριτος
1755 2529 1830 2556 οὐδὲν

1042 2577 1123 2612 μέγα,
1139 2577 1233 2610 ὥσπερ
1249 2577 1308 2603 οὐδὲ
1325 2579 1353 2604 ἐν
1368 2579 1422 2608 τοῖς
1435 2577 1533 2609 ἄλλοις,
1548 2577 1718 2612 ἐμφαίνεται.
1737 2576 1828 2602 Κατα-

1040 2624 1189 2659 στρώννυσι
1199 2624 1227 2650 δὲ
1236 2625 1264 2650 ὲν
1276 2624 1360 2660 ταύτῃ
1378 2623 1459 2650 αὑτοῦ
1471 2626 1504 2660 τῇ
1528 2623 1694 2659 τετραϐίϐλῳ
1701 2621 1828 2657 πάμπολ·

1039 2671 1072 2696 λα
1085 2670 1173 2705 χωρία
1185 2669 1213 2702 ἐξ
1229 2669 1374 2705 ὁλοκλήρου
1393 2670 1443 2705 τῆς
1463 2666 1736 2702 Ἑκκλησιαστικῆς
1747 2666 1827 2693 αὑτοῦ

1038 2715 1184 2749 δεκαλόγου
1201 2715 1356 2750 Ἱστορίας.
1374 2716 1456 2750 Λέγει
1477 2716 1525 2750 μὲν
1547 2712 1592 2741 οὖν
1612 2715 1658 2740 καὶ
1675 2714 1755 2741 αὑτὸν
1767 2732 1774 2745 ,
1798 2714 1826 2740 ὲν

1039 2762 1206 2797 Νικομηδείᾳ
1230 2761 1274 2788 τὸν
1301 2761 1387 2797 μέγαν
1413 2761 1615 2788 Κωνσταντῖνον
1635 2759 1824 2795 βαπτίσασθαι,

1042 2808 1121 2845 μέχρι
1146 2808 1205 2835 τότε
1232 2809 1262 2835 τὺ
1284 2808 1396 2844 λουτρὸν
1420 2807 1653 2843 ἀναϐαλλόμενον.
1681 2807 1729 2834 ἅτε
1744 2806 1776 2842 δή
1797 2808 1824 2833 ὲν

1041 2853 1171 2891 ἐπιθυμίᾳ
1189 2854 1348 2885 ποιούμενον
1376 2855 1404 2880 ὲν
1428 2855 1483 2886 τοῖς
1508 2853 1637 2885 Ἰορδάνου
1662 2853 1691 2879 τδ
1716 2852 1824 2887 λουτρὸν
