1915 3135
53 128 84 156 ‘33
502 129 669 159 \‘ETERUM
687 129 897 159 TESTIMONIA
917 128 1056 158 CONTRA
1076 129 1260 159 EUSEBIUH.
1659 135 1693 162 ot

65 187 236 221 ὐποδέξασθαι
247 197 253 202 ·
269 188 316 220 τίς
329 188 359 216 δὶ
403 189 546 224 βαπτίσας,
556 189 633 216 οὐδὲν
646 189 780 225 διασαφεῖ.
792 190 859 225 Περὶ

910 197 961 216 nec
976 192 1067 217 utrum
1086 190 1144 225 ipse
1157 190 1181 217 ei
1197 189 1343 225 aliquando
1373 189 1528 224 adbazserit,
1552 199 1603 220 nec
1617 194 1690 228 quod

66 236 181 273 μέντοιγε
205 234 258 270 τῆς
292 235 470 271 Ἀρειανικῆς
504 236 636 272 αἱρέσεως
664 236 741 263 οὐδὲν
774 236 857 271 σαφὲς

65 282 238 316 ἀπαγγέλλει,
255 281 313 308 οὐδ’
330 283 356 308 εἰ
366 282 417 317 τῆς
430 282 507 318 δόξης
520 282 626 316 ἐκείνης
638 282 735 317 εἴχετο,
752 282 805 309 οὐδ’
817 282 858 308 ὅτι

66 326 276 364 μεταϐέϐληται,
289 327 348 353 ἀλλ’
362 327 417 353 οὐδ’
430 328 470 354 ὅτι
484 327 592 361 φαύλως
605 327 621 363 ἢ
636 327 722 362 ὀρθῶς
735 327 858 360 ἐδόξαζεν

67 373 190 407 Ἄρειος,
218 370 327 406 καίπερ
353 371 477 407 ἀνάγκην
503 372 571 406 ἔχων
594 372 624 398 ὲν
652 372 745 407 μνήμῃ
772 371 858 398 ταῦτα

66 417 242 453 ποιήσασθαι,
259 418 310 445 ἅτε
321 417 354 453 δὴ
368 419 441 454 μέγα
464 418 544 454 μέρος
558 418 708 454 ἐπεχούσης
725 419 772 455 τῆς
795 427 857 445 συν-

64 465 185 494 όδωτῶν
199 464 249 492 τοῦ
264 465 384 500 μεγάλου
401 464 524 500 πράξεων
535 465 748 497 Κωνσταντίνου,
763 466 858 492 κάκεί-

64 521 108 547 νης
120 512 210 539 πάλιν
228 511 431 547 ὲξαπαιτούσης
447 511 495 546 τὴν
516 512 580 547 περὶ
604 512 706 538 τούτων
727 511 858 547 λεπτομε-

61 559 203 594 ρεστάτην
226 558 350 594 ἱστορίαν
363 565 370 573 ι
395 557 464 584 ἀλλὰ
480 557 574 584 στάσιν
592 557 641 592 μὲν
662 559 791 593 ἐμπεσεῖν
808 566 857 593 με-

59 604 128 637 ταξῦ
147 604 262 639 ’Δρείου
278 604 325 630 καὶ
342 603 515 639 Ἀλεξάνδρου
539 603 603 639 (τὴν
618 603 722 639 αἵρεσιν
741 603 773 640 δὴ
787 604 857 630 οὕτω

58 649 150 684 λέγων
165 651 219 676 καὶ
240 650 482 686 ὑποκρυπτόμενος
501 649 700 684 ἀποφαίνεται),
716 650 763 676 ἐπί
778 658 808 676 τε
823 651 856 684 τῇ

60 695 158 721 στάσει
177 695 242 721 λίαν
263 694 381 729 ἀλγῆσαι
397 695 442 720 τὸν
460 693 568 729 θεοφιλῆ
586 693 706 728 βασιλέα,
722 694 769 720 καὶ
787 693 859 727 ἀγω-

58 741 193 767 νίσασθαι
213 740 260 767 διά
281 748 311 766 τε
328 739 493 772 ἐπιστολῶν,
516 739 561 766 διά
582 748 611 765 τε
628 739 674 766 τοῦ
701 739 806 771 Ὀσίου,
829 738 859 770 ὃς

59 786 226 823 Κορδοῦϐης
245 786 412 818 ἐπεσκόπει,
428 787 467 817 εἰς
491 785 579 820 φιλίαν
602 785 649 812 καὶ
669 785 794 820 ὁμόνοιαν
813 794 858 812 συ-

60 831 157 864 ζεῦξαι
171 833 205 858 τὸ
219 831 375 864 στασιάζον,
393 832 442 867 τῆς
459 831 525 867 πρὸς
545 830 676 865 ἀλλήλους
700 830 788 866 ἔριδος
807 831 858 865 ὰφ-

58 878 179 913 ιμένους
195 878 242 905 καὶ
253 878 308 905 τῶν
316 878 442 905 τοιούτων
448 878 593 914 ζητήσεων.
608 877 652 909 Ὠς
662 877 684 904 δ’
697 878 746 904 οὐκ
758 877 859 909 ἔπειθε,

61 924 175 951 σύνοδον
201 923 370 959 πανταχόθεν
389 924 527 959 ἀθροῖσαι,
554 922 600 950 καὶ
623 923 672 959 τὴν
688 923 860 959 ἐμπεσοῦσαν

60 969 122 1005 ἔριν
138 970 183 1002 είς
199 970 309 1006 εἰρήνην
321 968 506 996 διαλύσασθαι.
523 970 560 996 Οὐ
580 970 634 1005 μὴν
646 971 685 1001 είς
698 969 728 996 τὸ
749 968 860 1004 ἀκριϐὲς

60 1017 109 1043 καὶ
123 1016 258 1052 ἐπίδηλον
268 1015 456 1051 ἀναγράφεται
465 1024 472 1030 ·
486 1012 561 1047 οὗτος
573 1014 620 1042 οὖν
632 1015 725 1051 ὥσπερ
737 1016 860 1051 αἰσχυνο-

63 1063 140 1098 μένῳ
153 1063 264 1094 ἐοικὼς,
281 1063 328 1089 καὶ
341 1062 379 1098 μὴ
393 1061 545 1098 βουλομένῳ
558 1062 729 1098 δημοσιεύειν
740 1063 858 1098 Ἀρειον,

60 1107 112 1142 τήν
125 1116 158 1133 τε
172 1108 224 1142 τῆς
240 1107 349 1133 συνόδου
365 1107 576 1143 ὲξενηνεγμένην
591 1109 651 1135 κατ’
664 1107 746 1134 αὐτοῦ
759 1108 858 1143 ψῆφον,

63 1153 110 1180 καὶ
127 1153 186 1179 τῶν
203 1152 446 1187 συνασεΰησάντων
466 1153 549 1187 αὐτῷ,
576 1153 623 1179 καὶ
640 1153 859 1186 συνεξωσθέντων

63 1197 111 1231 τὴν
126 1196 241 1223 δικαίαν
262 1195 420 1231 εἴσπραξιν·
439 1195 468 1221 οὐ
495 1195 547 1231 μὴν
563 1196 620 1222 ἀλλ’
638 1196 698 1223 οὐδὲ
719 1196 752 1232 ἣν
769 1196 860 1223 θεόθεν

65 1242 117 1271 πᾶς
139 1240 284 1275 ὀφθαλμὸς
305 1237 374 1266 εἶδεν
401 1239 501 1265 Ενδικον
529 1240 634 1275 Ἀρείου
657 1239 858 1275 καταστροφὴν,

63 1285 256 1312 οὖδὲντοὺτων
274 1286 347 1320 ἄγων
364 1286 404 1316 εἰς
423 1284 490 1319 φῶς,
505 1285 553 1320 τήν
563 1293 592 1311 τε
609 1286 672 1320 περὶ
681 1285 730 1321 τῆς
753 1285 859 1312 συνόδου

67 1332 114 1359 καὶ
123 1332 182 1358 τῶν
193 1333 223 1358 ἐν
235 1333 305 1367 αὐτῇ
317 1332 491 1368 πραχθέντων
498 1332 616 1367 ἱστορίαν
627 1333 794 1368 παρέδραμε,
814 1333 859 1359 Διὺ

67 1378 113 1404 καὶ
125 1379 192 1413 περὶ
207 1378 256 1404 τοῦ
270 1377 412 1404 θεσπεσίου
422 1378 566 1405 nomen»
581 1378 684 1413 μέλλων
699 1378 858 1414 διηγεῖσθαι,

68 1423 127 1450 οὗτε
146 1424 196 1450 τοῦ
221 1424 355 1459 ὀνόματος
379 1424 527 1460 μέμνηται,
543 1425 595 1451 οὐδ’
613 1424 644 1461 [ί.
661 1424 785 1461 οὔθ’]ὄσα
797 1425 860 1461 περὶ

69 1470 147 1496 αὑτὸν
164 1470 307 1506 ἐτολμήθη
327 1471 373 1497 καὶ
394 1471 434 1502 είς
452 1471 530 1507 ἔργον
546 1471 716 1508 ἀποϐέϐηκεν
726 1480 733 1487 ·
749 1471 806 1498 ἀλλ’
821 1472 860 1503 είς

70 1517 162 1543 στάσιν
175 1517 226 1542 καὶ
244 1516 366 1552 ταραχὴν
378 1517 487 1551 ἀνάγων
498 1518 545 1543 καὶ
556 1517 653 1550 ταῦτα,
667 1518 797 1554 γαληνίας
812 1518 860 1544 καὶ

70 1563 148 1590 πάλιν
163 1563 288 1597 ἐπιλέγει
300 1563 467 1595 ἐπισκόπων,
480 1563 550 1590 κατὰ
560 1564 608 1599 τὴν
623 1564 786 1599 Ἀντιόχειαν
797 1573 859 1591 συν-

69 1609 279 1645 δεδραμηκότων
312 1609 412 1644 σπουδῇ
431 1609 561 1643 βασιλέως
583 1611 630 1637 καὶ
652 1611 780 1647 συνεργίᾳ
792 1631 799 1643 ,
814 1611 861 1638 καὶ

68 1655 97 1681 τὸ
115 1655 263 1687 στασιάζον
284 1656 330 1682 καὶ
347 1657 546 1692 ταραττόμενον
561 1658 601 1690 είς
617 1657 647 1684 τὸ
662 1658 797 1694 είρηναῖον
812 1666 860 1693 με-

70 1700 290 1735 ταϐεϐληκότων,
313 1701 429 1736 Ὁμοίως
449 1702 476 1729 δὲ
493 1703 539 1730 καὶ
564 1705 594 1730 ὲν
617 1701 658 1736 οἷς
677 1705 691 1731 ό
712 1704 861 1736 πολύαθλος

69 1745 261 1783 ισκαωρὴῧη-
282 1745 457 1779 Ἀθανάσιος,
483 1749 522 1780 είς
550 1748 636 1776 ταῦτα
663 1749 713 1785 τὴν
742 1749 861 1785 ἱστορίαν

68 1794 194 1829 ὁρμήσας
208 1793 365 1827 ἐπαφεῖναι,
381 1793 500 1826 στάσεως
519 1795 567 1830 μὲν
582 1794 769 1830 ἐμπλησθῆναι
781 1795 861 1821 πάλιν

71 1839 116 1865 καὶ
131 1840 257 1875 ταραχῆς
272 1840 321 1876 τὴν
346 1840 545 1876 Ἀλεξάνδρειαν
563 1841 682 1875 λέγεται,
701 1843 748 1868 καὶ
761 1841 861 1878 ταύτην

72 1886 245 1921 πραῦνθῆναι
255 1887 413 1913 ἐπισκόπων
425 1887 570 1923 παρουσίᾳ,
579 1888 627 1923 τὴν
639 1886 779 1923 βασιλικὴν
791 1888 862 1922 ἑχόν-

71 1939 124 1958 των
137 1932 312 1967 συμμαχίαν·
330 1932 392 1959 οὗτε
407 1932 434 1959 δὲ
449 1932 491 1964 τίς
506 1930 540 1967 ἦν
557 1932 720 1964 στασιάζων,
733 1933 786 1959 οὐδ’
801 1933 861 1967 ἥτις

71 1978 87 2011 ή
106 1978 250 2013 στάσις,
267 1977 294 2004 τί
314 1978 361 2004 καὶ
383 1978 535 2014 πράξαντες
557 1978 606 2013 τὴν
631 1977 689 2013 ἔριν
712 1978 860 2013 ὲπράῦναν,

72 2023 125 2050 οὐδ’
141 2024 212 2054 ὅλως
234 2024 351 2050 ποιεῖται
365 2024 490 2059 ἐπίδηλον
500 2033 507 2039 ·
522 2024 567 2050 καὶ
583 2024 685 2059 σχεδὸν,
705 2025 733 2051 ὲν
746 2021 786 2056 οἷς
799 2025 861 2050 ἑπι-

75 2071 182 2097 σιιὸπων
197 2070 265 2106 πρὸς
280 2070 411 2105 ἀλλήλους
426 2069 586 2104 φιλονεικίαι
603 2070 667 2104 περὶ
679 2069 829 2104 δογμάτων,
843 2069 860 2104 ἢ

75 2117 135 2153 πρί
146 2125 228 2143 τινων
240 2116 330 2143 ἄλλων
346 2115 489 2149 διαφωνίαι
504 2115 642 2149 γεγόνασι,
655 2115 701 2142 τὸν
716 2115 797 2142 αὑτὸν
813 2116 860 2151 τῆς

76 2162 248 2198 ὶπικρύψεως
265 2162 295 2188 ἐν
311 2163 345 2197 τῇ
364 2161 582 2196 διηγήσειτύπον
595 2161 779 2195 διαφυλάττει.

908 244 968 263 eam
985 236 1124 271 abiecerit.
1142 235 1195 264 Sed
1207 244 1296 271 neque
1310 242 1383 264 recte
1402 245 1436 264 ne
1451 245 1485 265 an
1503 245 1582 266 secus
1598 247 1691 267 sense.

909 282 945 308 rit
966 282 1058 315 Arius,
1080 289 1196 317 nsquam
1216 281 1318 315 refert;
1336 283 1445 311 tametsi
1461 283 1519 310 haec
1535 285 1692 312 necessario

909 328 1148 355 commemoranda
1163 331 1271 360 essent,
1289 329 1388 363 quippe
1408 335 1469 356 cum
1485 328 1594 356 Nicaena
1609 337 1692 365 syno-

910 372 963 400 dus
986 373 1057 400 inter
1072 381 1115 401 res
1129 381 1144 399 a
1158 373 1340 400 Constantino
1361 377 1453 409 gestas
1470 374 1636 409 praecipuum
1651 375 1693 402 lo-

909 426 971 446 cum
987 419 1119 450 obtineat,
1132 423 1158 446 ct
1172 418 1274 453 alioqui
1282 419 1484 446 exactissimam
1495 419 1580 447 totius
1591 420 1692 454 negotii

911 466 1098 493 narrationem
1115 465 1173 500 ipsa
1187 472 1237 492 suo
1252 464 1370 499 quodam
1387 464 1448 499 jure
1465 464 1587 500 flagitare
1600 464 1692 492 videa-

909 517 964 540 tur.
981 511 1081 540 Verum
1094 512 1139 540 ille
1151 511 1351 540 dissensionem
1368 511 1476 546 quidem
1488 511 1559 539 inter
1575 510 1692 539 Alexan-

909 558 988 586 drum
1000 563 1027 587 et
1042 558 1136 585 Arium
1151 562 1273 586 exortam
1285 558 1537 592 commemorat(sic
1551 558 1623 585 enim
1637 557 1693 586 hae-

910 605 992 633 resim
1022 604 1119 632 callide
1133 607 1160 632 et
1176 603 1381 631 dissimulanter
1397 603 1542 638 appellat).
1557 603 1645 638 Atque
1657 603 1693 632 ob

910 652 982 679 hunc
996 651 1142 678 tumultum
1157 650 1320 686 gravissimo
1332 648 1429 678 dolore‘
1437 649 1561 678 affectum
1578 658 1639 678 esse
1650 659 1693 679 re-

909 697 1113 732 ligiosissimum
1128 697 1278 731 principem
1292 701 1336 728 ;et
1350 700 1406 723 tum
1420 703 1468 730 per
1479 697 1692 730 epistolam,tum

910 750 958 778 per
972 742 1084 770 llosium
1097 742 1301 770 Cordubensem
1324 742 1483 778 episcopum
1499 742 1648 775 laborasse,
1664 747 1695 770 ut

911 793 1001 824 partes
1014 790 1084 817 inter
1095 796 1125 816 se
1142 787 1308 816 dissidentes
1321 788 1354 815 ad
1370 796 1463 823 pacem
1475 792 1502 816 et
1519 788 1693 817 concordiam

910 834 1061 866 reduceret,
1074 835 1147 862 omni
1160 834 1194 862 de
1209 833 1364 868 bujusmodi
1373 835 1569 869 quaestionibus
1580 839 1694 862 conten-

911 880 985 908 tione
999 880 1132 916 dcposita.
1147 880 1200 908 Sed
1218 888 1278 910 cum
1293 880 1457 916 persuadere
1472 882 1511 908 eis
1526 888 1580 908 non
1592 880 1696 916 potuis-

911 932 963 959 set,
979 927 1113 962 synodum
1121 926 1240 962 undique
1251 935 1428 959 convocasse,
1438 932 1464 954 et
1480 926 1694 962 sopitotumullu

911 979 1005 1007 pacem
1023 971 1189 999 restituisse.
1201 971 1303 999 Verum
1316 971 1373 999 haec
1391 972 1426 999 ab
1440 971 1487 998 illo
1500 979 1554 998 non
1569 971 1636 999 satis
1649 978 1695 998 ac-

911 1022 1045 1058 curate.t
1064 1022 1155 1053 aperte
1172 1018 1327 1045 traduntur.
1345 1018 1461 1045 Prorsus
1477 1017 1548 1045 enim
1565 1021 1693 1052 tanquam

911 1065 1014 1100 pudore
1037 1065 1168 1097 suffusus,
1189 1072 1239 1092 nec
1258 1064 1314 1091 Arii
1331 1065 1495 1099 impietatem
1514 1063 1622 1099 publice
1636 1067 1694 1090 tra-

910 1111 1010 1138 ducere
1027 1111 1151 1146 cupiens,
1177 1114 1234 1138 tum
1252 1111 1349 1145 synodi
1377 1110 1540 1138 sententiam
1563 1109 1695 1138 adversus

912 1157 1006 1184 Arium
1033 1157 1177 1192 prolatam,
1195 1161 1252 1183 tum
1275 1164 1368 1184 eorum
1389 1157 1436 1192 qui
1452 1155 1599 1191 impietatis
1620 1155 1695 1182 illius

911 1202 978 1230 socii
991 1206 1018 1230 et
1035 1202 1063 1229 in
1080 1202 1207 1229 exsilium
1217 1201 1300 1229 simul
1313 1202 1420 1237 expulsi
1435 1201 1543 1228 fuerant
1571 1201 1696 1235 justissi-

911 1254 982 1274 mam
997 1247 1126 1273 ultionem
1139 1267 1146 1278 ,
1158 1246 1225 1273 illud
1238 1246 1356 1281 denique
1367 1246 1475 1273 caelitus
1490 1244 1622 1272 inflictum
1630 1245 1695 1271 Ario

910 1293 1023 1320 exitium
1041 1292 1114 1327 quod
1137 1292 1259 1319 omnium
1274 1292 1432 1326 conspectui
1450 1291 1603 1325 subjectum
1631 1289 1693 1322 fuit.

911 1338 1001 1365 sciens
1013 1338 1201 1372 prietermisit:
1220 1345 1269 1365 nec
1281 1337 1423 1365 historiam
1441 1336 1539 1372 synodi
1557 1343 1655 1371 resque
1666 1335 1695 1363 in

911 1391 941 1411 ea
955 1388 1046 1419 gestas
1064 1384 1298 1411 commemoravit.
1319 1383 1387 1410 Hine
1399 1383 1480 1410 etiam
1496 1386 1538 1410 est
1551 1382 1623 1417 quod
1631 1389 1693 1409 eum

910 1437 942 1457 ea
959 1437 1019 1465 quae
1042 1429 1135 1457 divino
1156 1429 1299 1456 Eustatlrio
1325 1429 1498 1463 contigerunt
1511 1447 1518 1459 ,
1535 1427 1617 1455 vellet
1647 1426 1696 1454 de-

912 1477 1042 1509 scribere,
1059 1484 1093 1504 ne
1108 1483 1206 1504 nomen
1231 1474 1340 1510 quidem
1353 1475 1412 1509 ejus
1427 1474 1536 1506 retulit,
1557 1481 1606 1500 nec
1622 1480 1696 1508 qutu-

873 1533 894 1562 c
911 1531 1019 1558 cunque
1044 1522 1175 1550 adversus
1188 1521 1264 1548 illum
1282 1520 1386 1548 nefarie
1400 1520 1555 1555 excogitata
1575 1522 1640 1546 sunt
1663 1526 1695 1546 ac

912 1573 1076 1606 perpetrata,
1093 1568 1142 1596 sed
1157 1568 1318 1596 seditionem
1340 1574 1372 1594 ac
1383 1567 1527 1594 tumultum
1543 1565 1696 1593 Antiochia:

910 1613 1049 1641 exstitisse
1065 1616 1209 1648 postquam
1224 1612 1310 1646 dixit,
1325 1620 1387 1639 mox
1405 1611 1630 1646 tranquillitatem
1651 1617 1695 1638 re-

911 1660 1032 1687 stitutam
1043 1666 1105 1686 esse
1116 1658 1219 1690 subdit,
1237 1657 1556 1693 episcopisimperatoris
1567 1663 1651 1692 opera
1662 1663 1696 1682 ac

911 1705 1002 1733 studio
1015 1705 1079 1732 illuc
1094 1705 1320 1733 convenientibus
1333 1725 1340 1738 ,
1356 1711 1403 1739 per
1427 1711 1497 1738 quos
1513 1702 1593 1730 turba
1606 1701 1696 1730 omnis

912 1757 942 1778 ac
952 1751 1048 1779 seditio
1058 1751 1084 1778 in
1097 1750 1348 1786 tranquillissimam
1363 1756 1456 1784 pacem
1467 1753 1509 1776 est
1518 1750 1694 1775 commutata.

913 1796 1045 1824 Similiter
1059 1796 1104 1824 ubi
1120 1795 1306 1823 narrationem
1329 1794 1448 1822 instituit
1465 1793 1499 1820 de
1524 1793 1558 1820 iis
1572 1799 1632 1826 quae
1647 1790 1696 1818 ad-

911 1850 1008 1870 versus
1023 1841 1202 1869 fortissimum
1212 1841 1287 1868 illum
1303 1838 1612 1874 Athanasiumimprobe
1620 1844 1695 1864 corn-

907 1891 1006 1922 .parata
1019 1890 1093 1918 sunt,
1106 1887 1240 1914 seditione
1251 1886 1360 1921 quidem
1370 1893 1402 1912 ac
1417 1883 1537 1912 tumultu
1555 1881 1693 1917 impletam

913 1934 1010 1960 iterum
1025 1933 1219 1960 Alexandriam
1240 1931 1342 1959 refert:
1364 1930 1411 1958 sed
1424 1937 1484 1958 eam
1500 1929 1691 1964 episcoporum

911 1979 1056 2014 praesentia
1077 1982 1103 2006 et
1126 1978 1300 2013 imperatoris
1325 1977 1428 2003 auxilio
1455 1975 1576 2003 sedatam
1596 1973 1691 2000 fuisse.

912 2025 1004 2060 Neque
1017 2025 1127 2052 interim
1142 2025 1204 2059 quis
1213 2023 1346 2051 seditione
1357 2020 1543 2051 concitaverit,
1561 2022 1607 2046 aut
1619 2025 1693 2053 qua:-

912 2079 974 2099 nam
990 2071 1036 2098 illa
1050 2070 1147 2098 seditio
1160 2069 1252 2102 fuerit,
1270 2076 1358 2104 neque
1372 2075 1426 2103 quo
1441 2070 1520 2102 pacto
1544 2064 1638 2092 sedata
1660 2063 1694 2089 ab

911 2118 1049 2153 episcopis
1080 2117 1178 2149 fuerit,
1201 2117 1336 2144 ullatenus
1364 2114 1484 2150 exponit.
1502 2113 1541 2139 Ae
1555 2111 1612 2139 fere
1626 2116 1697 2144 quoa

913 2165 1074 2199 tiescunque
1099 2164 1288 2198 episcoporum
1315 2165 1424 2188 mutuas
1450 2160 1521 2187 inter
1539 2165 1569 2185 se
1589 2156 1695 2184 dissen-

75 2209 166 2236 siones
180 2208 214 2235 de
222 2208 286 2235 fidei
301 2207 447 2243 capitibus,
458 2207 545 2235 autde
558 2207 620 2235 aliis
630 2208 712 2236 rebus
737 2210 928 2239 contentiones
942 2218 974 2238 ac
995 2210 1141 2239 discordiae
1153 2210 1344 2244 exstiterunt,
1362 2205 1486 2234 eumdem
1513 2204 1560 2232 ille
1578 2203 1606 2231 in
1628 2208 1694 2230 nar-

78 2255 159 2283 rando
174 2259 266 2283 servat
277 2254 470 2282 dissimulandi
485 2255 607 2282 modum.

417 2338 532 2365 Joanne:
548 2337 668 2367 Zonaras
681 2339 903 2375 inlomolll,ubi
917 2349 958 2368 res
975 2345 1061 2376 gestas
1080 2339 1250 2368 Constantini
1266 2338 1354 2373 refert.

108 2416 159 2445 Ἤν
177 2418 206 2445 δὲ
230 2418 293 2444 τότε
311 2417 366 2444 τῶν
380 2417 414 2444 τὰ
435 2418 538 2454 Ἀρείου
563 2418 765 2453 πρεσὸευόντων
782 2419 828 2446 καὶ
845 2421 859 2446 ὁ

947 2418 1006 2445 Arii
1030 2421 1131 2445 sectam
1147 2420 1203 2443 tum
1219 2416 1425 2450 amplexabatur
1450 2415 1533 2443 etiam
1559 2413 1694 2442 Eusebius
1708 2404 1716 2412 ’

81 2464 213 2499 Παμφίλου
231 2463 373 2495 Εὐσέϐιος,
389 2464 438 2499 τῆς
455 2464 484 2490 ὲν
509 2464 674 2501 Παλαιστίνῃ
692 2465 859 2501 Καισαρείας

81 2511 209 2545 τυγχάνων
223 2510 375 2541 ἐπίσκοπος
386 2518 392 2524 ·
411 2509 439 2541 ὃς
457 2510 603 2545 μετέπειτα
626 2510 732 2545 λέγεται
744 2512 860 2546 ἀποστῆ-

81 2565 117 2583 ναι
129 2557 175 2591 τῆς
195 2556 245 2582 τοῦ
266 2556 372 2592 Ἀρείου
388 2556 476 2592 δόξης,
493 2558 540 2584 καὶ
563 2558 788 2594 όμογνωμονῆσαι
804 2559 860 2590 τοῖς

82 2603 203 2630 συναῖδιον
220 2603 268 2629 τὸν
285 2603 350 2629 Υἱὸν
369 2603 415 2629 καὶ
435 2603 576 2638 ὁμοούσιον
587 2604 625 2640 τῷ
646 2605 734 2640 Πατρὶ
756 2605 859 2639 δογμα-

82 2649 179 2682 τίζουσι,
194 2650 244 2677 καὶ
264 2649 394 2685 δεχθῆναι
409 2649 483 2685 παρὰ
500 2649 554 2676 τῶν
576 2651 661 2685 ἁγίων
674 2650 805 2686 Πατέρων
820 2650 859 2682 είς

83 2697 223 2723 κοινωνία-,ι’
241 2696 346 2732 μᾶλλον
365 2695 457 2731 μέντοι
471 2697 500 2722 ὲν
516 2695 554 2731 τῷ
567 2696 709 2732 πρακτικῷ
724 2697 772 2732 τῆς
785 2696 859 2732 πρώ-

82 2750 119 2777 της
139 2743 250 2770 συνόδου
274 2743 323 2770 καὶ
347 2742 513 2777 ὑπερμαχῶν
536 2742 648 2778 εὓρηται
671 2743 725 2769 τῶν
745 2741 858 2769 πιστῶν,

109 2845 139 2880 (ι)
156 2843 184 2872 Id
197 2847 242 2872 cst
260 2841 334 2878 apud
356 2841 495 2870 Gelasium
512 2842 683 2878 Cyzicenum.

913 2463 1085 2499 Pamphilus,
1101 2462 1231 2490 Caesarea:
1243 2461 1394 2489 Palaestinae
1404 2461 1561 2497 episcopus;
1575 2461 1622 2496 qui
1633 2463 1694 2495 post

912 2509 1062 2538 descivisse
1090 2508 1191 2535 dicitur
1205 2508 1240 2534 ab
1255 2508 1356 2534 Ariana
1384 2507 1522 2542 opinione,
1538 2510 1564 2534 et
1579 2514 1695 2534 cansen-

912 2557 982 2585 sisse
996 2563 1057 2582 cum
1069 2555 1104 2583 iis
1113 2555 1158 2589 qui
1171 2553 1269 2581 Filium
1279 2553 1354 2580 Patri
1369 2554 1543 2588 coaequalem,
1559 2551 1694 2586 ejusdem-

913 2611 966 2639 que
983 2606 1087 2629 natura?
1103 2609 1164 2629 esse
1181 2601 1290 2634 docent,
1311 2604 1339 2628 et
1362 2608 1377 2627 a
1392 2600 1495 2627 sanctis
1516 2598 1645 2626 Patribus
1660 2597 1694 2624 ad

913 2648 1133 2676 communionem
1148 2649 1282 2681 receptus.
1301 2644 1329 2672 In
1341 2645 1417 2674 Actis
1432 2649 1522 2672 autem
1537 2643 1618 2678 primi
1629 2650 1695 2670 con-

912 2695 968 2723 cilii
982 2695 1064 2722 etiam
1093 2693 1193 2721 acriter
1208 2691 1363 2719 defendisse
1379 2690 1472 2718 ﬁdeles
1487 2689 1613 2717 traditur.
1632 2687 1695 2715 "me

914 2743 954 2771 sic
973 2749 988 2768 a
1012 2740 1151 2769 nonnullis
1166 2739 1289 2776 exposita
1303 2737 1477 2774 reperiuntur
1497 2735 1548 2773 (α),
1563 2743 1622 2772 quae
1637 2735 1695 2771 ipse
