1915 3135
219 129 253 156 95

663 123 832 154 VETERUM
850 123 1060 151 TESTIMONIA
1079 120 1219 150 CONTRA
1238 117 1421 147 EUSEBIUM.

1826 109 1875 138 96

221 189 248 215 in
266 187 452 214 Ecclesiaslica
464 193 511 213 sua
535 185 646 212 historia
673 187 758 220 magis
780 187 905 221 ambigua
922 186 996 213 facit.
1012 194 1020 216 λ

1054 184 1127 211 ῡῦτω
1145 183 1192 218 μὲν
1207 179 1253 208 οὖν
1271 181 1356 207 ταῦτα
1377 178 1554 215 ἱστορούμενα
1570 178 1645 213 παρά
1660 185 1742 204 τινων
1761 174 1874 209 εὕρη-

220 232 250 260 ln
271 233 370 267 quibus
394 231 470 258 libris
485 238 555 264 smpe
574 238 635 256 cum
653 229 718 257 Ario
736 230 826 258 facere
848 231 984 266 deprehen

220 279 304 306 ditur.
317 279 354 305 Ac
367 278 456 306 statim
474 278 501 304 in
513 277 574 304 libri
589 277 732 312 principio,
756 277 884 305 Davidem
900 279 999 308 citans.

221 325 281 359 Ipse
304 325 372 351 dixit
394 328 418 350 et
440 323 511 357 facta
531 328 609 354 sunt,
628 323 684 357 ipse
708 323 842 350 mandavit
862 328 887 350 et
911 328 1000 350 creata

220 371 313 399 sunt',
341 370 378 396 ait
394 369 501 395 Patrem
520 373 546 395 et
561 370 691 395 faetorem
705 389 712 400 ,
736 376 786 403 pro
813 369 953 396 conditore
970 376 1002 396 ac

219 414 288 441 dllce
304 414 422 440 universu
439 413 544 444 haberi,
558 414 603 447 qui
618 413 693 448 regio
711 417 779 440 nutu
808 413 938 448 imperet.
958 421 1000 441 se-

220 459 339 486 cundum
356 462 446 485 autem
463 459 545 487 abeo
563 459 684 485 divinum
698 458 815 485 Verbum
834 462 946 493 paterna
954 466 1002 485 ex-

219 503 396 537 sequijussa.
421 503 486 530 Ροδι
499 503 624 530 ιιοηιιιιιια
648 503 711 530 item
725 503 798 536 dicit,
820 503 884 530 huic
904 507 933 530 ut
951 503 1002 530 Pa-

219 549 270 576 tris
281 550 409 584 potentite
420 554 447 577 et
464 550 612 584 sapientim,
626 550 761 577 secundas
778 554 869 585 partes
885 550 960 585 regni
976 555 1002 577 et

219 594 325 629 imperii
352 595 380 621 in
406 602 501 621 omnes
516 602 578 622 esse
594 595 723 623 creditas.
746 595 777 621 Et
791 595 871 630 paulo
886 601 943 629 post
958 596 1003 622 itc-

220 648 296 666 rum:
313 641 352 667 Ac
369 648 431 668 esse
446 646 571 667 naturam
593 641 749 675 quamdam,
767 649 827 676 qua:
842 646 904 668 ante
924 649 1003 668 mun-

220 685 285 712 dum
302 685 399 713 vixerit
413 690 440 712 et
452 685 613 718 substiterit,
628 693 660 712 ac
681 685 737 712 Deo
749 693 780 712 ac
791 685 863 712 Patri
881 686 1001 713 universi

222 731 248 758 in
260 738 350 758 rerum
365 731 496 758 factarum
510 731 618 766 opiﬁcio
643 732 816 759 ministrarit.
829 731 862 758 Et
874 730 1002 759 Salomon

221 776 271 803 sub
294 784 410 811 persona
429 777 569 811 sapientiae
585 776 631 804 Dei
649 777 704 803 ait:
730 776 860 803 Dominus
885 776 1002 803 condidit

220 830 260 848 me
275 822 432 855 principium
449 822 550 848 viarum
580 829 689 848 suarum
704 822 724 854 ⁸,
749 826 803 849 etc.
821 821 921 848 Deinde
944 825 1002 855 post

221 867 275 894 alia
287 867 364 901 plura
383 867 483 901 infert:
502 867 533 893 Et
555 875 638 902 super
656 868 713 894 haec
738 867 829 894 omnia
857 867 929 894 sicut
953 867 1001 894 Dei

218 912 349 945 Verbum,
361 913 433 948 quod
448 917 510 939 ante
529 913 579 940 fuit
602 918 629 941 et
643 917 707 941 ante
729 913 828 941 saacula
848 913 939 940 omnia
959 913 1000 940 fa-

218 963 294 985 ctum
322 963 372 990 est,
403 958 586 986 venerabilem
601 959 730 986 honorem
744 966 759 985 a
775 958 830 986 Deo
841 958 921 986 Patre
937 958 1002 986 ade-

217 1008 305 1038 ptum,
326 1004 434 1031 adorari
451 1008 579 1039 tanquam
594 1004 689 1032 Deum.
701 1005 764 1032 llaec
782 1008 809 1032 et
824 1005 875 1032 alia
886 1005 1001 1053 “amon-

218 1054 308 1077 strant
333 1049 480 1078 Eusebium
506 1051 606 1078 Ariana
630 1051 755 1086 dogmata
779 1049 930 1086 probasse;
947 1051 1001 1078 nisi

217 1095 280 1129 quis
293 1095 375 1128 dicat,
392 1096 419 1122 id
438 1104 507 1131 opus
519 1100 581 1124 ante
600 1097 807 1124 conversionem
821 1096 855 1124 ab
870 1104 902 1123 eo
917 1095 1002 1124 fuisse

217 1141 415 1176 conscriptum.
808 1139 811 1142 ’

1053 239 1097 258 ται
1107 238 1113 245 ’
1133 227 1267 264 ἀμφίϐολα
1283 228 1305 253 δ’
1316 228 1417 258 ἐκεῖνος
1430 225 1508 255 αὐτὰ,
1522 225 1555 251 δι’
1571 221 1607 251 ὧν
1623 223 1653 249 ἐν
1665 224 1699 258 τῇ
1720 222 1873 251 Ἐκκλη-

1056 275 1202 309 σιαστικῇ
1217 273 1332 308 ἱστορίᾳ
1344 273 1456 308 εὓρηται
1474 269 1709 306 συγγραψάμενος,
1732 267 1847 302 τίθησι
1860 273 1869 279 ·

1055 321 1187 356 πολλαχοῦ
1205 319 1258 355 γὰρ
1275 320 1303 346 ὲν
1320 318 1357 354 τῷ
1372 317 1507 354 εἰρημένῳ
1522 315 1718 351 συγγράμματι
1737 314 1872 348 Ἀρειαα

1054 369 1136 401 νίζων
1154 366 1408 402 καταλσιμιθίάνεται⁴
1420 363 1519 390 αὐτίκα
1536 362 1599 398 περί
1613 370 1663 388 που
1683 361 1733 396 τὴν
1755 358 1871 395 ἀρχὴν

1053 413 1100 440 τοῦ
1117 413 1217 448 βιϐλίου
1233 411 1279 438 τὸν
1293 410 1373 437 Δαϐὶδ
1383 409 1500 443 εἰσάγων
1513 408 1639 442 λέγοντα,
1653 406 1754 438 Αὐτὸς
1767 405 1869 435 εἷπε,

1053 460 1101 486 καὶ
1109 455 1396 494 ἐγενήθησαν-αὑτὸς
1404 455 1581 486 ἐνετείλατο,
1589 453 1636 480 καὶ
1643 453 1866 486 ἐκτίσθησαν,

1053 506 1120 541 φησὶ
1136 504 1180 531 τὸν
1199 504 1248 539 μὲν
1267 504 1375 537 Πατέρα
1396 501 1442 527 καὶ
1463 499 1587 535 ποιητὴν,
1597 498 1634 530 ὡς
1661 497 1780 532 ποιητὴν
1800 495 1866 523 καὶ

1054 551 1229 586 πανηγεμόνα
1242 548 1409 585 νομίζεσθαι,
1428 545 1557 582 βασιλικῷ
1565 544 1767 580 προστάττοντα
1780 541 1863 568 νεύ-

1055 606 1118 633 ματι
1129 606 1135 612 ·
1152 597 1198 623 τὸν
1215 596 1243 622 δὲ
1259 595 1352 622 τούτου
1369 592 1560 629 δευτερεύοντα
1576 591 1646 617 Θεῖον
1667 590 1764 624 Λόγον,
1784 590 1863 619 ταῖς

1053 644 1196 678 πατρικαῖς
1222 640 1408 677 ὑπουργοῦντα
1425 639 1577 672 ἐπιταγαῖς.
1604 636 1658 663 Kal.
1684 635 1761 670 μετά
1777 643 1865 662 τινα

1051 688 1143 723 λέγει,
1157 687 1251 714 τοῦτον
1264 686 1362 712 ὡσανεὶ
1375 684 1422 711 τοῦ
1434 682 1538 718 [ἰατρὸς
1555 682 1711 717 ὑπάρχοντα
1725 680 1863 714 δύναμιν

1054 734 1100 761 καὶ
1118 734 1226 768 σοφίαν,
1243 733 1290 759 καὶ
1303 731 1338 758 τὰ
1355 731 1493 765 δευτερεῖα
1508 729 1557 764 τῆς
1574 727 1645 754 κατὰ
1660 728 1771 753 πάντων
1795 726 1859 760 βα-

1054 779 1154 810 σιλείας
1166 779 1212 806 καὶ
1231 778 1318 814 ἀρχῆς
1335 774 1600 812 ἐμπεπιστευμὲνονο
1615 773 1664 800 καὶ
1677 771 1766 805 αὖθις
1777 772 1859 806 μετ’

1053 826 1151 860 ὀλίγα·
1168 825 1223 851 Καὶ
1233 825 1274 852 ὅτι
1287 823 1358 849 ἔστιν
1370 821 1448 848 οὐσία
1463 828 1505 851 τις
1515 820 1690 854 προκοσμιος,
1705 818 1783 850 ζῶσα
1797 818 1858 845 καὶ

1053 870 1206 904 ὑφεστῶσα,
1218 871 1235 905 ἡ
1248 869 1286 904 τῷ
1298 868 1356 904 Θεῷ
1367 868 1414 894 καὶ
1427 866 1515 902 Πατρὶ
1525 865 1578 891 τῶν
1593 865 1659 891 ὅλων
1673 865 1711 896 εἰς
1727 865 1776 900 τὴν
1788 864 1857 890 τῶν

1052 915 1173 951 γενητῶν
1185 915 1363 951 δημιουργίαν
1375 911 1614 948 ὑπηρετησαμένη.
1623 911 1678 937 Καὶ
1688 911 1702 937 ὁ
1715 909 1856 945 Σολομὼν

1052 961 1124 995 λέγει
1140 960 1277 996 προσώπῳ
1294 961 1342 996 τῆς
1354 959 1401 987 τοῦ
1414 959 1481 987 Θεοῦ
1495 959 1587 993 σοφίας
1597 965 1604 972 ·
1622 957 1728 991 Κύριος
1738 955 1855 983 ἑκτισέ

1018 1026 1038 1053 Β
1051 1015 1088 1041 με
1101 1007 1199 1041 ἀρχὴν
1214 1006 1290 1034 ὁδῶν
1315 1006 1418 1037 αὑτοῦ,
1436 1005 1482 1032 καὶ
1506 1005 1577 1053 ἑξῆς.
1602 1004 1657 1031 Καὶ
1666 1003 1735 1053 μεθ’
1752 1002 1854 1053 ξτεξῗι

1055 1052 1180 1079 πλείονα
1190 1052 1307 1086 φάσκει·
1322 1052 1368 1078 καὶ
1384 1052 1429 1078 ἐπὶ
1441 1052 1506 1078 πᾶσι
1515 1049 1629 1082 τούτοις,
1652 1046 1695 1075 οἷα
1704 1047 1773 1075 Θεοῦ
1794 1047 1838 1074 Λό

1054 1105 1101 1131 γον
1119 1097 1237 1133 προόντα
1249 1098 1297 1124 καὶ
1313 1096 1484 1132 πρὸκαίώνων
1501 1096 1628 1122 ἁπάντων
1651 1093 1835 1129 οὺσιωμένων

1055 1142 1160 1178 [Ῑ,-νον]
1185 1143 1232 1178 τὴν
1248 1143 1393 1178 σεϐάσμιον
1410 1143 1491 1177 τιμὴν
1503 1142 1576 1178 παρὰ
1588 1141 1634 1168 τοῦ
1647 1140 1754 1176 Πατρὺς
1768 1139 1832 1175 εῐλη
1845 1154 1850 1159 -

219 1187 296 1221 φότα,
313 1188 522 1223 προσκυνεῖσθαι
534 1188 607 1215 ὠσὰν
619 1188 790 1216 Θεόν.Ταῦτα
804 1189 850 1214 καὶ
858 1187 939 1223 ’ἐτερα
946 1188 974 1215 δὲ
985 1189 1042 1221 τοῖς
1061 1189 1258 1225 Ἀρειανίζουσι
1270 1189 1386 1224 δόγμασι
1402 1188 1566 1215 δεικνύουσιν
1579 1187 1716 1223 ὁμόφρονα
1730 1185 1776 1213 τδν
1789 1185 1849 1212 Εὑ-

218 1233 321 1261 σέϐιον·
346 1234 369 1260 εἰ
386 1235 422 1270 μή
444 1243 486 1267 τις
505 1234 572 1270 φαίη
590 1235 642 1270 πρὸ
663 1235 711 1270 τῆς
737 1235 903 1271 ἐπιστροφῆς
927 1235 1000 1270 αὐτῷ
1014 1235 1163 1271 πονηοῆναι
1178 1235 1280 1262 τούτων
1299 1235 1348 1271 τὴν
1365 1235 1534 1271 συγγραφήν.

707 1323 840 1351 Baronius
855 1323 890 1351 ad
905 1332 1003 1351 annum
1033 1323 1132 1352 Christi
1147 1324 1210 1357 3i0,
1228 1332 1286 1358 cap.
1305 1323 1350 1351 58.

250 1415 331 1443 Certe
347 1415 475 1443 Socrates
488 1415 596 1443 dealbat
612 1415 778 1451 Etliiopem,
802 1416 866 1443 dum
880 1414 977 1442 nititur
992 1416 1081 1451 ipsum
1097 1416 1244 1444 Eusebium
1258 1417 1292 1443 ab
1305 1416 1406 1442 Ariana
1424 1414 1522 1442 haeresi
1537 1420 1682 1444 excusare,
1703 1419 1735 1438 ac
1757 1412 1847 1447 plane

215 1461 364 1489 immunem
383 1461 505 1489 reddere.
520 1461 579 1496 Ipse
593 1462 666 1488 enim
686 1461 821 1488 Eusebius
831 1462 896 1488 licet
906 1461 1025 1494 tandem,
1039 1466 1070 1488 ut
1087 1463 1243 1497 imperatori
1259 1469 1361 1488 morem
1380 1463 1497 1495 gereret,
1513 1458 1623 1486 Nicaano
1640 1457 1755 1484 concilio
1772 1457 1845 1484 sub-

217 1507 384 1542 scripsisset,
402 1507 496 1536 iisdem
513 1509 590 1542 plane
609 1508 736 1535 sordibus
750 1509 840 1536 sciens
852 1509 1000 1543 volensque
1026 1510 1132 1544 turpius
1148 1510 1306 1544 inquinatus
1324 1512 1376 1539 est,
1395 1512 1423 1534 ut
1438 1515 1486 1534 sus
1500 1507 1555 1533 lota
1570 1507 1598 1533 in
1613 1505 1757 1533 volutabro
1776 1504 1844 1538 luti,

215 1557 243 1580 el
257 1557 286 1580 ut
302 1554 378 1581 canis
396 1554 430 1581 ad
446 1554 576 1581 vomitum
591 1563 670 1581 suum
688 1563 822 1583 reversus.
834 1555 908 1582 Adeo
921 1559 950 1582 ut
968 1555 1057 1590 qualis
1076 1556 1135 1591 ipse
1151 1556 1232 1583 fuerit
1245 1563 1332 1590 usque
1356 1555 1390 1582 ad
1405 1554 1475 1582 diem
1490 1554 1593 1584 obitus,
1611 1561 1665 1580 non
1680 1552 1715 1580 sit
1727 1551 1845 1578 aliunde.

216 1599 402 1633 quaerendum,
415 1607 495 1634 quam
513 1607 547 1626 ex.
559 1601 640 1628 rebus
658 1605 718 1636 post
729 1601 867 1628 Nicmnum
885 1602 1030 1629 concilium
1046 1602 1080 1629 ab
1095 1610 1127 1629 eo
1141 1603 1233 1638 gestis,
1246 1602 1361 1637 singulis
1372 1601 1456 1628 ferme
1471 1601 1550 1628 annis
1563 1600 1688 1635 superius
1703 1597 1841 1625 recitatis.

219 1644 253 1672 Ut
268 1649 357 1673 autem
369 1650 481 1674 excuset
496 1646 571 1673 illum
585 1648 618 1674 ab
637 1648 736 1674 Ariana
756 1649 863 1681 haeresi,
879 1649 944 1675 citat
961 1649 1045 1676 libros
1059 1649 1093 1676 ab
1107 1657 1140 1675 eo
1151 1649 1268 1684 seriptos
1282 1654 1378 1676 contra
1409 1648 1565 1675 Marcellum
1580 1647 1756 1682 Ancyranum
1771 1645 1834 1679 epi-

217 1699 340 1726 scopum,
367 1694 517 1728 recitatque
529 1701 562 1720 ex
581 1694 634 1721 illis
650 1693 801 1728 fragmenta
823 1695 946 1729 quaedam
973 1695 1074 1730 quibus
1098 1695 1312 1726 demonstratur,
1335 1702 1394 1721 eam
1409 1694 1442 1721 de
1456 1693 1526 1721 Filio
1543 1693 1589 1720 Dei
1605 1691 1713 1720 Eusebii
1742 1691 1833 1719 fuisse

216 1739 388 1772 sententiam,
402 1743 431 1766 ut
447 1740 554 1775 negarit
567 1740 653 1775 ipsum
669 1749 730 1768 esse
742 1745 908 1772 creaturam,
925 1745 1053 1776 tanquam
1074 1749 1155 1768 unam
1167 1749 1199 1769 ex
1213 1741 1324 1775 reliquis
1339 1740 1487 1772 creaturis,
1504 1747 1537 1766 ex
1564 1739 1651 1766 nihilo
1662 1746 1677 1765 a
1693 1737 1748 1765 Deo
1759 1743 1840 1764 crea-

215 1784 261 1811 tis.
295 1782 394 1811 Verum
409 1785 473 1811 dum
487 1785 582 1812 nititur
599 1793 632 1813 ex
645 1785 687 1814 his
700 1785 846 1814 Eusebium
868 1795 996 1822 purgare,
1010 1792 1103 1823 aperte
1120 1787 1266 1822 signiﬁcat,
1280 1795 1309 1814 se
1325 1786 1383 1813 Arii
1399 1790 1425 1814 et
1439 1785 1603 1812 Arianorum
1618 1783 1729 1811 haeresis
1758 1782 1840 1817 laby-

215 1828 337 1856 rinthum
351 1830 463 1857 minime
480 1834 648 1865 penetrasse.
664 1831 698 1858 El
713 1833 791 1866 paulo
807 1839 866 1868 post
881 1842 889 1860 :
905 1834 1038 1861 Caeterum
1058 1833 1166 1861 Eusebii
1183 1833 1315 1868 Pamphili
1341 1831 1563 1862 inconstantiam,
1577 1835 1603 1857 et
1619 1833 1680 1864 post
1693 1828 1838 1856 Nicaznum

215 1874 371 1907 εοῐιοῖιίυιιιν
385 1875 463 1909 C'UUS
480 1876 540 1904 ﬁdei
555 1878 655 1911 regulae
685 1880 895 1914 subscripserat,
910 1880 943 1907 ad
958 1888 1066 1908 errores
1085 1881 1217 1915 pristinos
1237 1879 1354 1906 reditum
1377 1878 1505 1914 suggillat
1534 1876 1633 1911 sacpius
1648 1875 1836 1907 Athanasius;

215 1929 332 1956 eumque
348 1922 518 1951 demonstrat
531 1923 559 1951 in
574 1923 682 1951 Νίτωηο
705 1926 822 1953 concilio
837 1931 965 1962 tanquam
985 1927 1121 1954 ludionem
1136 1927 1164 1954 in
1185 1934 1266 1954 scena
1280 1926 1395 1959 lusisse,
1410 1924 1505 1951 habitu
1518 1922 1655 1950 catholico
1681 1920 1775 1955 super'
1786 1920 1834 1946 in-

214 1968 316 2001 ducto;
332 1976 422 2002 quem,
436 1977 564 2004 egressus
579 1970 651 2003 inde,
679 1979 795 2003 exuens,
811 1980 967 2007 personam,
984 1981 1109 2008 qua-nam
1129 1977 1212 2005 esset,
1230 1973 1257 2000 in
1273 1973 1411 2001 omnibus,
1429 1975 1458 1997 ut
1473 1971 1510 1996 ait
1533 1968 1714 2003 Epiphanius,
1732 1975 1791 2000 Prin
1807 1975 1839 1994 se

214 2014 286 2042 tulit.
301 2014 375 2042 Adeo
385 2021 413 2042 ut
429 2015 498 2042 idem
514 2015 647 2044 Eusebius
662 2017 778 2045 Eusebio
794 2018 998 2046 Nicomediensi
1015 2020 1192 2053 conjunctus,
1220 2019 1281 2054 biga
1297 2016 1442 2052 impietatis
1457 2015 1544 2042 eﬁ'ceti
1565 2014 1655 2044 ambo,
1674 2013 1734 2046 pari
1749 2020 1836 2040 cursu

213 2062 240 2086 et
258 2060 368 2094 impetu,
388 2061 536 2095 impulsore
552 2070 667 2096 nequam
692 2063 791 2097 spiritu
805 2065 910 2098 agitati,
930 2065 957 2091 in
975 2072 1053 2091 suum
1067 2065 1190 2099 ipsorum
1202 2069 1229 2091 et
1239 2064 1354 2090 aliorum
1368 2063 1480 2089 exitium
1490 2062 1516 2088 in
1532 2067 1651 2095 praeceps
1665 2059 1747 2086 delati
1759 2060 1830 2086 sint.

215 2104 251 2132 Ut
266 2114 319 2133 non
337 2108 472 2136 immerito
489 2110 619 2144 appellari
634 2111 691 2145 ipse
709 2111 843 2138 Eusebius
865 2111 1042 2139 Caesariensis
1057 2111 1186 2138 meruerit
1206 2118 1220 2137 a
1236 2115 1332 2137 sancto
1347 2109 1511 2143 Hieronymo
1523 2111 1550 2134 et
1566 2107 1636 2137 aliis,
1651 2105 1758 2133 Ariana:
1785 2105 1829 2131 fa—

214 2151 314 2180 ctionis
327 2154 451 2188 signifer,
466 2161 650 2191 propugnator
664 2158 862 2192 apertissimus,
878 2162 905 2184 et
917 2158 987 2185 inter
1009 2158 1125 2184 Arianos
1146 2157 1225 2184 facile
1241 2157 1376 2191 princeps.
1396 2155 1481 2190 Cujus
1495 2159 1522 2182 et
1533 2153 1689 2182 memoriam
1703 2151 1771 2178 adeo
1786 2158 1835 2177 ex-

215 2201 320 2223 secrata
336 2201 377 2225 est
391 2198 499 2226 Nicaena
523 2200 644 2235 synodus
663 2201 794 2234 secunda,
822 2205 851 2228 ut
866 2202 946 2236 plane
960 2210 1022 2229 eum
1045 2202 1101 2236 jam
1130 2201 1276 2229 defendere
1290 2201 1368 2233 velle,
1384 2201 1451 2228 nihil
1468 2199 1542 2227 aliud
1558 2198 1769 2226 existimandum
1784 2197 1832 2229 sit,

215 2250 296 2277 quam
310 2243 459 2272 Eculesiam
483 2247 645 2274 catholicam
663 2248 832 2283 impugnare.
849 2247 927 2276 Unde
943 2252 969 2276 et
981 2249 1083 2283 pudere
1100 2248 1206 2276 Sixtum
1231 2252 1366 2283 oporteat,
1383 2247 1448 2274 dum
1465 2247 1596 2274 adversus
1613 2245 1735 2273 omnium
1760 2245 1833 2272 anti-

213 2295 330 2322 quorum
345 2288 455 2317 Patrum
470 2293 629 2324 sententias,
645 2294 733 2327 ipsum
755 2293 901 2321 Eusebium
916 2294 1082 2322 catholicum
1098 2302 1257 2322 asseverare
1269 2302 1323 2320 non
1338 2293 1464 2325 dubitat;
1481 2300 1541 2319 cum
1564 2291 1660 2327 frigide
1673 2299 1735 2318 eum
1745 2298 1830 2317 excu-

214 2342 288 2367 sans,
304 2335 414 2364 Eusebii
431 2337 647 2366 Nicomediensis
659 2348 720 2367 esse
735 2341 830 2372 tradit,
846 2340 920 2376 quod
945 2342 1047 2368 erroris
1074 2341 1222 2368 ascribitur
1247 2340 1365 2368 Eusebio
1393 2339 1526 2375 Pamphili
1540 2349 1546 2367 :
1575 2338 1686 2374 perinde
1698 2346 1730 2365 ac
1745 2338 1767 2365 si
1781 2346 1829 2366 eo-

213 2381 337 2409 rumdem
349 2382 460 2410 Patrum
472 2385 612 2412 sententia:
628 2385 662 2413 de
677 2386 771 2414 eodem
782 2387 916 2422 ambigua:
929 2387 995 2419 sint,
1013 2395 1044 2415 ac
1060 2387 1094 2414 de
1111 2387 1228 2415 Eusebio
1244 2386 1444 2414 Nicomediensi
1458 2386 1562 2420 possint
1577 2385 1758 2420 interpretari.
1770 2385 1830 2412 Uti-

213 2435 275 2455 nam
290 2429 330 2456 vel
344 2429 458 2464 eviguus
472 2431 569 2458 saltem
584 2431 645 2466 ejus
662 2433 813 2460 excusandi
830 2433 1031 2468 relinqueretur
1042 2434 1129 2460 locus.
1147 2433 1232 2466 Quam
1251 2433 1432 2461 libentissime
1450 2433 1506 2468 ipse
1522 2432 1668 2459 historicus
1683 2439 1732 2466 pro
1744 2431 1831 2458 histo-

213 2476 271 2502 rico
284 2475 447 2510 laborarem,
474 2477 517 2504 cui
535 2477 617 2512 (quod
633 2486 730 2513 magna
747 2478 845 2506 ﬁducia
869 2480 984 2514 ingenue
1002 2479 1171 2514 proﬁtemur)
1186 2479 1227 2506 vel
1241 2486 1274 2506 ex
1289 2486 1320 2506 ea
1333 2482 1410 2513 parte
1430 2478 1575 2512 plurimum
1596 2476 1717 2504 Ecclesia
1738 2475 1830 2502 catho‘

212 2523 264 2550 lica
273 2523 361 2555 debet,
371 2523 444 2558 quod
458 2532 548 2551 rerum
563 2525 809 2553 ecclesiasticarum
832 2527 1033 2562 quamplurima
1047 2526 1159 2561 antiqua
1174 2530 1348 2553 monumenta
1360 2533 1458 2560 magno
1473 2525 1563 2552 labore
1577 2525 1703 2555 collecta,
1715 2522 1830 2550 ﬁdeliter

212 2571 330 2606 posteris
357 2571 516 2599 tradiderit!
538 2572 592 2600 Ter
605 2577 755 2608 quaterque
773 2573 835 2600 felix
853 2577 893 2601 tot
905 2573 1070 2609 percgregiis
1087 2572 1322 2600 lucubrationibus
1338 2572 1429 2604 editis,
1440 2572 1493 2599 nisi
1510 2579 1572 2599 eum
1585 2571 1710 2606 impietas
1727 2569 1829 2596 Ariana

209 2622 251 2645 tot
266 2618 405 2653 tantisque
418 2617 545 2646 sordibus
557 2620 672 2654 turpiter
684 2621 855 2655 aspcrsisset,
869 2624 895 2648 et
906 2624 979 2652 ante,
997 2620 1194 2654 persecutionis
1209 2624 1340 2654 tempore,
1357 2620 1450 2654 lapsus
1478 2627 1492 2645 a
1511 2619 1572 2651 ﬁdc,
1594 2617 1716 2645 eamdem
1739 2619 1828 2642 tanto-

211 2671 276 2698 pere
290 2664 490 2692 labefactasset.
508 2664 584 2697 Quod
598 2672 661 2692 vero
677 2665 850 2700 simplicitate
865 2666 982 2701 quadam
1000 2670 1027 2694 et
1048 2673 1140 2693 rerum
1166 2665 1273 2693 inscitia
1293 2665 1319 2692 in
1337 2673 1388 2693 suo
1412 2664 1570 2692 Sanctorum
1591 2662 1711 2697 catalogo
1731 2661 1827 2688 Petrus

211 2710 282 2737 inter
297 2716 408 2738 sanctos
422 2711 546 2738 eumdem
562 2711 708 2739 Eusebium
724 2712 825 2743 retulit,
839 2717 866 2738 et
881 2719 974 2739 errore
995 2717 1076 2747 atque
1098 2712 1204 2739 incuria
1220 2711 1337 2747 quadam
1358 2711 1385 2739 in
1403 2710 1513 2746 aliquod
1526 2709 1749 2745 Martyrologium
1763 2708 1828 2735 irre-

211 2754 275 2788 psit,
292 2755 319 2782 in
333 2756 436 2783 nostris
451 2756 484 2783 ad
498 2755 649 2783 Romanum
664 2755 884 2793 Martyrologium
896 2757 979 2790 notis,
992 2757 1117 2792 pluribus
1130 2757 1258 2785 diximus.

248 2831 258 2847 ⁷
274 2830 319 2860 Ps.
338 2841 422 2867 xxxii,
438 2833 465 2860 9.
493 2830 502 2845 "
514 2828 594 2857 Prov.
609 2839 668 2868 \‘lll,
681 2833 725 2861 2'2.
