1915 3135
57 158 95 187 97
523 161 689 189 VETERUM
707 159 918 188 'I‘ESTIMONIA
938 159 1078 188 CONTRA
1098 158 1284 188 EUSEBIUM.
1689 159 1724 188 $3

610 231 728 267 Scaliger
743 232 769 258 in
781 231 900 258 Elencho
910 231 1079 265 Trihmrcsii,
1091 239 1150 265 cap.
1166 230 1211 257 2'1.

104 306 264 338 Eusebius,
276 315 335 342 quo
354 309 455 336 nullus
467 309 716 337 ecclesiasticorum
729 314 851 337 veterqu
868 311 945 344 plura
962 309 995 337 ad
1009 308 1152 337 historiam
1169 308 1372 336 Christianismi
1388 306 1504 335 contulit
1518 316 1525 340 ;
1543 307 1635 334 nullus
1648 307 1724 342 plura

69 358 170 383 errata
187 354 216 381 in
233 354 353 389 scriptis
368 356 432 383 suis
442 356 554 391 reliquit
565 366 571 390 ;
582 357 684 384 nullius
702 357 793 392 plures
805 357 1034 384 hallucinationes
1046 359 1155 384 exstant
1172 355 1263 386 hodie,
1280 359 1334 382 etc.

433 433 508 462 Idem
524 434 549 460 in
565 434 632 460 libro
647 442 673 460 γι
688 433 725 461 De
736 433 927 461 emendatione
945 437 1108 469 temporum,
1124 441 1182 468 cap.
1200 434 1227 465 i.
1241 433 1288 462 sub
1301 434 1389 468 ﬁnem.

107 478 234 513 Quanto
246 479 385 514 majorem
400 481 569 517 diligentiam
586 482 762 516 acjudicium
781 481 808 509 in
822 482 906 509 tantis
923 481 989 508 viris
1004 481 1203 513 desideramus.
1221 486 1297 510 lauto
1314 481 1463 517 impensior
1483 480 1545 508 data
1569 482 1611 507 est
1627 485 1721 514 opera,

68 531 103 554 ut
131 535 197 554 non
224 528 400 564 negligenter
416 529 526 557 illorum
547 530 649 565 scripta
665 537 680 556 ει
695 530 775 557 nobis
791 530 924 564 legantur.
951 529 1017 557 Nam
1043 535 1069 557 ct
1083 530 1161 564 longe
1187 529 1264 564 plura
1281 529 1463 565 deprehendet
1482 528 1567 555 lector
1584 526 1720 557 eruditus,

70 574 193 608 majore
225 575 320 602 studio
335 583 421 610 quam
434 576 540 611 judicio
562 577 596 604 ab
612 576 731 604 Eusebio
748 581 775 605 et
790 577 852 605 aliis
870 577 1008 605 veteribus
1031 578 1156 604 collecta.
1184 577 1239 604 Nos
1261 585 1345 604 unum
1362 581 1467 604 tantum
1497 576 1643 603 Eusebium
1666 574 1723 601 dis-

70 620 243 653 cussimus,
258 622 334 656 quod
348 623 419 658 ipse,
436 628 465 650 ut
482 623 612 657 diximus,
625 624 748 652 omnium
763 624 873 652 illorum
893 629 1016 652 veterum
1036 625 1159 652 clausula
1173 628 1225 652 est.
1240 624 1334 660 Itaque
1360 632 1445 651 unum
1469 623 1616 651 Eusebium
1635 622 1722 654 noris,

72 676 188 696 omnes
207 677 298 697 noris.

78 747 164 775 Idem
186 748 314 784 Scaliger
332 750 360 777 in
373 750 663 779 Animadversionibus
679 751 713 778 ad
729 751 895 779 Chronicum
910 752 1103 785 Eusebianum,
1116 760 1175 787 pag.
1192 751 1220 784 8,
1241 759 1371 786 exponens
1389 750 1465 777 verba
1480 749 1527 776 illa
1546 749 1697 784 Hieronymi
1714 757 1723 777 :

144 817 154 833 ι
175 808 270 841 Quam
289 808 424 837 Eusebius
438 810 520 845 hujus
535 811 660 838 conditor
674 811 749 843 libri,
767 819 822 839 non
836 816 890 839 tam
907 811 1047 846 ignorasse
1064 815 1158 846 utpote
1172 809 1410 841 eruditissimus,»
1438 813 1504 841 etc.,
1519 809 1557 836 ita
1573 812 1649 836 uolat
1663 816 1672 835 .'

122 865 157 892 Si
178 866 390 898 eruditissimus
405 867 545 896 vocandus
569 868 615 904 qui
639 869 724 899 multa
738 869 814 905 legit,
836 877 903 898 sane
917 877 998 898 nemo
1015 868 1053 896 illi
1071 869 1142 898 hanc
1162 869 1270 898 laudem
1295 867 1419 896 invidere
1439 870 1538 903 potest.
1558 866 1605 893 Sin
1632 869 1723 893 autem

82 912 110 938 is
129 911 345 940 eruditissimus
359 913 551 948 quijudicium
566 921 627 941 cum
645 914 729 941 multa
746 915 862 943 lectione
890 915 1048 951 conjunxit,
1071 915 1154 943 alium
1179 914 1270 950 potius
1294 921 1377 950 quam
1407 913 1551 941 Eusebium
1573 913 1724 948 producere

82 957 205 985 debuit.

731 1028 828 1057 Suidas
844 1029 871 1056 in
886 1037 946 1057 voce
957 1029 1096 1064 Διόδωρος.

125 1088 267 1123 Διόδωρος
281 1088 416 1124 μονάζων,
434 1089 463 1115 ἐν
479 1090 535 1121 τοῖς
550 1090 655 1125 χρόνοις
674 1090 820 1118 Ἰουλιανοῦ
843 1091 881 1118 κα¹

979 1090 1111 1117 Diodorus
1125 1089 1286 1121 monachus,
1306 1088 1352 1124 qui
1368 1088 1515 1124 episcopus
1527 1088 1578 1116 fuit
1592 1089 1670 1118 Tarsi
1695 1091 1721 1118 in

89 1134 247 1166 θὺἁλεντος
259 1135 449 1170 ἐπισκοπήσας
464 1136 576 1171 Ταρςῶν
592 1137 641 1171 τῆς
655 1136 790 1168 Κιλικίας.
804 1133 845 1163 Οὗι

965 1135 1048 1168 ilicia,
1063 1134 1232 1169 temporibus
1258 1132 1357 1160 Juliani
1374 1141 1406 1160 ac
1423 1130 1554 1160 Valentis.
1577 1133 1627 1161 llic
1647 1135 1721 1162 vari:

91 1179 268 1214 ἑτραψεν,ὦς
276 1188 342 1214 φησι
348 1179 485 1215 Θεόδωρος
500 1180 685 1216 Ἀναγνώστης
691 1181 719 1207 ἐν
726 1182 758 1215 τῇ
767 1180 847 1207 Ἐκκμ

965 1181 1050 1216 :ripsit
1078 1181 1221 1215 opuscula,
1244 1184 1273 1207 ut
1293 1179 1376 1207 refert
1399 1179 1561 1206 Theodorus
1573 1178 1670 1219 Lector
1695 1181 1721 1208 in

93 1224 241 1259 σωστικῇ
250 1225 379 1259 ἱστορίᾳ,
391 1226 508 1261 διάφορα
518 1234 523 1240 ·
534 1227 586 1252 εἰσὶ
602 1226 629 1252 δὲ
652 1226 714 1253 τάδε
732 1228 849 1260 Χρονικί

965 1227 1127 1253 cclesiastica
1147 1225 1290 1253 Historia:
1308 1226 1365 1253 hzec
1393 1231 1485 1253 autem
1509 1225 1696 1253 inscribuntur
1713 1236 1720 1254 :

94 1269 286 1305 διορθούμενον
300 1269 332 1296 τὸ
344 1269 457 1304 σφάλμα
470 1269 597 1296 Εὑσεόίθυ
608 1269 654 1296 τοῦ
665 1270 807 1305 Παμφίλου
823 1279 850 1296 πε

964 1273 1107 1304 hronicum,
1125 1273 1152 1299 in
1163 1279 1218 1307 quo
1228 1272 1337 1299 Eusebii
1364 1271 1497 1307 Pamphili
1523 1271 1550 1298 in
1566 1271 1677 1307 digeren
1698 1274 1720 1301 is

93 1315 146 1344 πῖιν
161 1315 279 1352 χρόνων·

939 1318 1107 1354 temporibus
1114 1326 1192 1346 error
1206 1317 1365 1353 castigatur.
