1915 3135
212 132 246 159 νε)
567 131 699 160 EUSEBII
717 130 956 159 CESARIENSIS
975 129 1050 157 OPP.
1069 131 1160 160 PARS
1179 131 1199 159 I.
1215 148 1248 153 -—
1262 131 1460 160 HISTORICA.
1800 128 1862 154 1οῧ

1391 261 1851 275 π

379 421 904 529 EUSEBII
998 417 1654 524 PAMPHILI

701 636 1041 676 CIESABIENSIS
1076 635 1310 676 EPISCOPI

319 775 1102 918 CHBONICORUM
1146 800 1438 887 LIBRI
1482 795 1708 887 DUO

488 1026 537 1058 (Ex
547 1027 609 1052 edit.
621 1028 687 1059 Aug.
701 1026 758 1059 Mn,
771 1026 861 1058 Script.
874 1026 920 1053 bet.
933 1033 994 1053 nova
1006 1024 1127 1057 Collatia,
1139 1029 1198 1052 tom.
1210 1026 1276 1057 VIII,
1287 1026 1379 1056 Romae,
1390 1023 1459 1054 1835.
1471 1023 1534 1048 1η-4.
1546 1023 1557 1056 )

854 1219 1196 1267 PREFATIO.

240 1361 305 1389 Post
326 1359 460 1388 inventum
481 1360 590 1389 Eusebii
611 1361 809 1389 Chronicorum
824 1360 939 1394 priorem
954 1358 1068 1392 librum,
1092 1367 1168 1394 quem
1189 1357 1280 1386 Latini
1299 1365 1395 1386 veteres
1414 1366 1548 1394 nunquam
1561 1358 1724 1391 habuerunt,
1741 1356 1842 1386 Grmsi

201 1407 261 1442 jam
285 1407 331 1433 diu
355 1407 558 1439 desiderabant,
574 1407 693 1434 Armenii
705 1406 814 1442 denique
832 1407 889 1434 orbi
906 1406 1095 1438 restituerunt,
1112 1406 1171 1434 diue
1190 1406 1371 1433 tantummodo
1391 1406 1470 1433 totius
1486 1406 1569 1440 operis
1584 1405 1709 1433 editiones
1726 1410 1840 1433 curata

202 1459 282 1486 sunt,
300 1454 505 1481 Mediolanensis
528 1455 645 1482 videlicet
663 1460 740 1489 atque
767 1453 864 1481 Veneta
879 1462 888 1480 :
903 1461 979 1488 quae,
1000 1454 1132 1489 separatis
1157 1453 1220 1481 locis
1239 1453 1383 1488 studiisque
1407 1454 1502 1487 facta,
1519 1452 1590 1479 haud
1611 1452 1691 1479 semel
1711 1452 1787 1478 inter
1809 1459 1840 1478 se

203 1500 334 1528 dissident
347 1520 354 1532 .
378 1507 471 1528 neutra
488 1510 547 1529 vero
570 1502 606 1530 rei
630 1502 663 1529 ad
684 1509 795 1537 unguem
820 1501 930 1528 climata
951 1500 991 1527 vel
1012 1500 1127 1536 perfecta
1142 1505 1181 1528 est
1200 1509 1208 1527 ι
1229 1508 1379 1536 quanquam
1394 1507 1439 1534 ego
1459 1499 1562 1526 Venette
1583 1498 1706 1530 editioni,
1721 1502 1839 1533 propter

204 1548 356 1576 Armeniaci
373 1553 457 1575 textus
474 1548 660 1584 doctorumque
675 1549 834 1584 sclt‘oliorum
851 1549 1022 1580 comitatum,
1039 1548 1201 1583 pracipuum
1216 1547 1339 1574 honorem
1363 1551 1454 1582 sponte
1477 1546 1576 1581 defero.
1601 1545 1733 1579 Quacum
1749 1546 1794 1572 ita
1809 1553 1840 1572 se

203 1594 328 1627 habeant,
339 1603 471 1631 nunquam
493 1605 544 1623 itan
556 1597 643 1631 optaui
661 1596 764 1623 tertiam
777 1595 882 1623 demum
897 1595 1028 1623 adarnare
1040 1595 1180 1623 editionem
1189 1615 1197 1625 .
1209 1603 1268 1630 quw
1281 1595 1370 1622 omnia
1384 1594 1548 1630 superiorum
1563 1593 1630 1620 bona
1642 1593 1836 1627 conjungeret,

203 1641 303 1669 mendis
318 1642 432 1668 exclusis
445 1650 454 1668 :
467 1641 492 1668 id
508 1642 575 1677 quod
592 1642 623 1670 de
636 1643 722 1677 priore
734 1643 880 1676 proasertim
896 1642 963 1670 libro
979 1642 1078 1669 dictum
1095 1642 1147 1674 sit,
1168 1642 1215 1677 qui
1237 1641 1309 1668 unici
1330 1641 1428 1668 codicis
1448 1640 1598 1667 Armeniaci
1617 1639 1783 1666 auctoritate
1807 1642 1838 1666 et

206 1686 359 1714 Gra'carum
380 1686 588 1721 fragmentorum
604 1687 766 1714 adminicula
786 1688 889 1714 nititur.
905 1686 939 1714 In
956 1687 1100 1722 posteriore
1121 1691 1208 1713 autem
1225 1686 1291 1713 libro
1309 1686 1382 1722 longe
1398 1686 1475 1721 plura
1496 1686 1648 1721 adjumenta
1669 1688 1838 1720 suppetunt,

202 1731 296 1767 quibus
319 1733 449 1768 egregium
473 1732 580 1760 Eusebii
605 1741 670 1768 opus
694 1733 728 1760 ad
751 1733 885 1761 meliorem
912 1734 1014 1769 frugem
1041 1741 1160 1761 revocare
1188 1733 1247 1760 licet
1273 1741 1282 1760 :
1306 1738 1367 1760 sunt
1388 1735 1457 1760 enim
1478 1734 1506 1760 in
1538 1733 1666 1761 Vaticana
1688 1731 1837 1766 Pontificis

204 1778 318 1806 Maximi
333 1779 488 1806 bibliotheca
501 1780 655 1814 posterioris
669 1779 868 1808 Chronicorutn
886 1781 948 1808 libri
963 1783 1063 1809 codices
1078 1781 1137 1812 plus
1151 1781 1242 1816 viginti
1252 1801 1260 1813 ,
1272 1789 1335 1816 quos
1351 1781 1418 1808 inter
1432 1781 1533 1816 aliquot
1548 1785 1643 1808 veteres
1656 1784 1680 1807 et
1694 1784 1836 1814 prtestan-

204 1827 312 1856 tissimi.
328 1826 460 1854 Prtvterea
483 1835 542 1853 cum
559 1827 586 1853 in
609 1826 801 1855 Mediolanensi
820 1836 851 1854 ac
870 1827 964 1855 Veneta
982 1829 1060 1855 unius
1082 1833 1183 1855 tantum
1200 1828 1306 1856 Eusebii
1325 1828 1403 1855 verba
1423 1828 1622 1858 contineantur,
1644 1834 1772 1860 magnum
1790 1829 1834 1852 est

204 1874 289 1908 operis
302 1872 498 1904 detrimentum,
515 1872 584 1908 quod
596 1873 733 1906 permultis
745 1878 823 1909 atque
836 1874 973 1908 pra’claris
988 1874 1018 1902 S.
1030 1874 1184 1910 Hieronymi
1196 1874 1382 1901 additamentis
1393 1879 1475 1901 caret.
1490 1873 1580 1908 Neque
1594 1873 1699 1907 ipsemet
1716 1871 1832 1898 Eusebii

205 1924 292 1947 textus
315 1920 341 1946 in
357 1919 491 1954 prtedictis
506 1919 667 1946 editionibus
677 1939 684 1951 ,
700 1927 758 1954 quin
772 1927 805 1947 ex
821 1920 978 1947 Armeniaca
991 1920 1079 1948 codice
1094 1925 1221 1953 manant,
1235 1921 1332 1956 integer
1348 1925 1386 1948 est
1404 1926 1480 1956 atque
1503 1918 1622 1946 illibatae
1638 1927 1647 1945 :
1658 1919 1753 1946 etenim
1773 1919 1835 1945 luce

205 1966 352 1994 meridiana
371 1966 470 1993 clarius
489 1971 544 1997 est,
568 1974 620 1993 non
643 1974 728 2000 pauca
747 1966 901 1994 Armenium
920 1967 959 1994 vel
979 1967 1172 1995 Amanuenscm
1196 1967 1235 1994 vel
1259 1967 1424 2001 interpretem
1444 1966 1476 1993 de
1496 1965 1614 2000 genuinis
1641 1963 1748 1990 Eusebii
1772 1965 1834 1999 fra-

204 2013 314 2047 gmentis
336 2012 535 2046 pra-termisisse
557 2019 566 2039 :
588 2020 667 2047 quam
689 2021 743 2040 rem
769 2012 906 2048 Syncellus
929 2014 1093 2047 prtzsertim,
1116 2018 1140 2040 et
1163 2013 1319 2041 Chronicon
1336 2012 1465 2048 paschale
1485 2011 1571 2046 (cujus
1593 2009 1776 2037 nobilissimus
1807 2011 1834 2037 in

210 2056 339 2084 Vaticana
353 2056 508 2085 bibliotheca
523 2057 605 2085 codex
621 2061 688 2093 est),
706 2063 794 2094 aperte
806 2058 1003 2090 demonstrant.
1020 2059 1051 2085 de
1065 2067 1176 2094 quorum
1196 2058 1277 2086 veluti
1292 2059 1437 2085 rivulorum
1456 2056 1488 2083 ab
1507 2055 1621 2083 Eusebio
1635 2055 1736 2090 origine
1752 2055 1833 2082 nullo

204 2103 281 2130 modo
304 2102 422 2130 dubitari
435 2108 530 2137 potest.
549 2102 672 2137 Profecto
686 2109 794 2131 sanctus
807 2104 984 2140 Hieronymus
998 2105 1119 2139 affirmat
1133 2105 1160 2131 in
1181 2105 1350 2139 praefatione,
1367 2112 1395 2130 se
1410 2108 1470 2130 ante
1493 2103 1610 2137 Trojano
1627 2106 1745 2135 tempora
1760 2103 1833 2129 nihil

203 2155 312 2181 prorsus
326 2148 439 2175 Eusebio
452 2148 587 2176 addidisse
601 2154 645 2176 :et
659 2154 745 2176 tamen
759 2149 871 2177 Latinus
898 2150 1096 2178 Chronicorum
1117 2155 1202 2178 textus
1218 2149 1355 2185 complura
1366 2150 1442 2176 habet
1454 2154 1514 2176 ante
1535 2148 1622 2183 Trajan
1636 2148 1829 2182 captivitatem,

203 2203 221 2222 a
235 2194 332 2222 Graecis
353 2203 420 2230 swpc
435 2195 590 2230 fragmentis
605 2196 777 2230 can/innata,
792 2205 850 2231 quw
866 2196 1039 2224 Armeniacus
1052 2198 1133 2225 codex
1144 2197 1287 2225 desiderat.
1303 2197 1369 2224 Post
1388 2197 1495 2231 Trojam
1510 2204 1610 2232 quoque
1625 2200 1728 2230 captam
1740 2196 1830 2222 multa

203 2247 264 2269 sunt
278 2241 310 2268 ab
323 2242 479 2268 Armeniaca
496 2243 634 2276 interprete
646 2243 825 2276 praetermissa
834 2263 840 2273 ,
854 2251 912 2277 qua:
925 2242 1100 2279 Hieronymus
1114 2245 1224 2276 retinet,
1240 2252 1285 2271 nec
1301 2248 1388 2270 tamen
1402 2244 1470 2270 inter
1486 2243 1543 2277 ejus
1561 2243 1743 2269 additamenta
1765 2250 1828 2269 cen-

203 2296 260 2316 sere
279 2288 357 2320 licet,
373 2289 436 2323 quia
451 2296 510 2315 cum
527 2286 626 2315 Grmcis
643 2288 798 2322 fragmentis
816 2289 871 2316 sine
887 2288 966 2316 dubio
984 2289 1139 2317 Eusebianis
1160 2290 1323 2317 adamussim
1337 2295 1494 2324 congruunt.
1512 2289 1604 2324 Operae
1620 2289 1701 2324 igitur
1710 2290 1826 2323 pretium

204 2343 245 2362 me
265 2335 399 2370 facturum
420 2335 522 2368 speravi
533 2354 539 2366 ,
560 2335 585 2362 si
604 2334 752 2361 universum
771 2334 878 2362 Eusebii
891 2336 1040 2363 Chronicon
1057 2345 1123 2362 nava
1140 2335 1190 2363 hac
1206 2336 1319 2363 editione
1340 2336 1476 2370 integrius.
1491 2335 1654 2362 emendatius
1672 2335 1826 2369 pleniusque

204 2381 317 2417 facerem
329 2389 338 2409 :
349 2383 462 2417 priorem
477 2382 575 2409 scilicet
592 2382 688 2409 librum
705 2382 818 2409 duarum
832 2383 972 2410 collatione
986 2383 1130 2410 editionum
1140 2403 1148 2416 ,
1163 2385 1261 2411 criticis
1285 2383 1385 2419 aliquot
1406 2382 1677 2410 animaduersionibus
1689 2402 1696 2414 ,
1711 2381 1827 2415 philolo—

202 2429 260 2464 gica
279 2428 367 2456 studio
386 2437 417 2456 ac
432 2429 571 2456 sedulitate
586 2429 728 2464 expolirem
743 2433 769 2456 et
791 2429 964 2465 reformurcm
983 2437 992 2456 :
1014 2431 1185 2463 posteriorem
1208 2439 1283 2464 vero,
1300 2440 1352 2458 non
1371 2431 1456 2458 solum
1476 2431 1660 2466 praetermissis
1681 2429 1714 2456 ab
1731 2429 1825 2456 Arme-

205 2475 282 2503 niaca
308 2475 446 2510 interprete
468 2475 624 2503 Eusebianis
647 2476 802 2511 fragmentis
825 2484 963 2511 augerem,
990 2485 1077 2503 verum
1099 2478 1179 2504 etiam
1201 2478 1286 2506 doctis
1310 2478 1465 2514 Hieronymi
1486 2478 1621 2506 laboribus
1643 2477 1823 2507 cumularem;

204 2528 229 2550 et
243 2523 311 2560 quod
334 2524 453 2559 apprime
473 2527 598 2551 intererat
610 2544 617 2556 ,
640 2528 678 2551 tot
699 2523 818 2553 radicum
835 2523 1022 2550 Vaticanarum
1039 2525 1138 2552 auxilio
1154 2525 1237 2560 fretus
1255 2535 1322 2554 nova
1345 2534 1453 2560 prorsus
1474 2526 1582 2554 lectione
1602 2526 1739 2553 donarem.
1761 2524 1823 2552 Ha'c

203 2574 242 2596 est
254 2570 335 2605 igitur
354 2570 460 2597 consilii
473 2570 524 2596 mei
536 2577 659 2597 summa:
671 2569 778 2603 cuijam
791 2569 858 2595 illud
874 2568 1022 2595 addendum
1035 2574 1090 2601 est,
1103 2571 1172 2605 quod
1189 2571 1313 2598 lacunam
1329 2572 1426 2600 codicis
1443 2573 1608 2604 Armeniaci,
1627 2572 1696 2598 inter
1709 2572 1822 2606 priorem

205 2617 366 2653 alterumque
382 2617 479 2644 librum
495 2617 656 2652 interjectam
669 2636 676 2649 ,
689 2615 717 2642 id
732 2620 772 2643 est
788 2615 925 2642 consulum
949 2616 1150 2652 Cwsarumque.
1175 2626 1234 2645 cum
1260 2619 1457 2647 decurrentibus
1481 2619 1674 2655 olympiadibus
1685 2638 1692 2649 ,
1711 2618 1819 2651 seriem,

204 2662 323 2690 invocata
349 2663 478 2692 Chronici
502 2664 639 2699 paschalis
664 2663 765 2691 auxilia
795 2662 948 2695 certissime,
972 2667 1002 2688 ut
1032 2662 1156 2698 arbitror,
1182 2667 1288 2700 sustuli,
1312 2671 1338 2694 et
1368 2666 1475 2694 Eusebii
1503 2673 1567 2701 opus
1596 2665 1820 2693 absolutissimum

204 2709 318 2740 reddidi.

947 2794 1076 2805 —..—
