1915 3135
106 131 165 159 “5

721 133 972 161 CHRONICORUM
993 133 1055 161 LIB.
1074 135 1094 162 l.

1694 137 1746 165 ﬂ":

103 191 221 221 nomine
240 190 342 219 Ninum
368 193 535 228 appellatam
552 193 639 222 aiunt.
667 200 728 228 quae
747 198 805 220 erat
819 193 904 228 prima
919 196 941 223 Α
956 193 1038 224 visse,
1051 201 1132 228 quam
1146 193 1265 221 hominis
1281 196 1323 221 est
1341 203 1346 220 :
1361 193 1434 229 quod
1449 201 1562 229 prorsus
1573 194 1607 223 de
1620 195 1747 224 universa

103 237 286 273 Assyriorum
306 237 375 266 urbs
389 238 476 274 regia,
494 246 607 274 quaeque
621 239 754 267 Assurum
769 242 909 266 auctorem

105 285 248 320 agnoscit.
265 283 331 311 Erat
346 289 439 312 autem
451 286 495 312 hic
509 285 542 312 de
558 285 620 312 ﬁliis
636 284 721 318 Semi,
737 293 752 312 a
772 293 827 321 quo
837 286 909 313 dixi-

103 339 174 359 mus
185 332 337 366 occu‘patas
351 338 448 359 omnes
463 332 556 367 plagas
569 331 698 359 Orientis.
707 330 767 359 Nati
778 339 810 360 ex
828 331 908 360 Semo

102 377 238 405 forantur
252 377 292 413 (t)
307 377 390 405 etiam
405 378 516 406 Elamus
530 383 558 407 et
585 380 704 407 Assurus
717 383 744 407 et
763 379 907 414 Arphaxa-

102 424 156 452 des
172 428 199 452 et
213 424 334 452 Aramus
347 429 375 452 et
388 424 492 452 Ludus.
504 425 538 452 At
549 433 582 454 ex
594 425 688 453 Elamo
699 425 752 454 orti
770 429 833 453 sunt
845 424 908 452 Ela-

103 470 192 504 mitaz,
218 478 287 506 gens
301 471 390 506 prima
418 471 562 499 Persarum
578 471 616 506 (2)
633 481 640 500 ι
670 472 704 498 ab
721 471 766 499 his
781 471 903 506 Elytnais

102 516 177 544 urbs
193 517 380 545 condebatur.
401 517 506 545 Assttro
535 517 640 553 Assyrii
666 518 796 553 progeniti
821 522 905 546 tum:

101 562 305 597 condcbatque
321 563 443 591 Assurus
456 563 551 591 urbem
565 563 677 597 Ninum,
695 571 756 599 qua:
772 572 834 591 mox
858 564 904 592 Ni-

101 607 171 634 nive
189 607 269 634 dicta
286 612 340 635 est.
354 608 395 635 Ex
409 608 571 644 Arphaxade
594 611 787 645 Arphaxadaai,
815 611 862 646 qui
878 615 906 638 et

101 652 232 681 Chaldaei
250 655 363 682 vocitati
396 659 460 682 sunt
498 656 548 691 (5).
579 655 619 683 Ex
648 656 750 684 Aramo
776 657 902 690 Aratnaai,

101 698 210 732 quibus
241 702 285 726 est
303 707 403 727 nomen
422 700 503 727 etiam
529 699 602 736 Syri.
619 700 657 729 Ex
685 701 764 730 Ludo
787 703 904 738 denique

104 743 175 779 Lydi
192 743 245 776 (4).
266 744 439 779 Arphaxadis
451 749 540 773 autem
559 746 632 775 ﬁlius
661 747 712 774 fuit
726 747 804 780 Sala;
822 748 903 783 hujus

102 787 245 821 Heberus,
261 797 278 816 a
295 798 349 824 quo
363 789 539 819 Hebraeorum
553 801 650 821 nomen
673 797 701 821 et
715 802 783 830 gens
801 802 902 830 propa-

102 837 236 870 gabatur.
254 836 361 864 Hebero
389 839 522 866 successit
539 845 617 868 sexto
643 841 704 869 loco
727 841 901 870 Abrahamus

103 881 229 909 Iudaicae
240 883 330 917 gentis
359 884 525 918 patriarcha,
547 886 652 914 decima
681 892 744 922 post
768 888 899 916 diluvium

101 930 297 963 generatione.
320 928 384 956 Haec
404 930 547 960 hactenus.
565 933 671 968 Quippe
696 934 781 962 multa
805 935 900 970 paucis

101 974 226 1001 dixitnus
237 976 272 1002 ad
283 976 523 1005 demonstrandam
539 977 714 1006 Hebraeorum
743 987 805 1007 cum
819 979 901 1007 Citat-

101 1021 171 1049 daeis
190 1027 219 1050 et
234 1022 357 1059 Assyriis
380 1025 547 1053 afﬁnitatem.
575 1024 653 1053 Nunc
676 1033 766 1061 operae
782 1028 899 1062 pretium

101 1071 154 1098 est,
194 1077 226 1096 re
248 1071 332 1105 paulo
355 1071 438 1100 altius
465 1072 590 1108 repetita,
620 1073 785 1108 principium
810 1073 900 1101 facere

101 1115 292 1151 chronologia:
303 1117 490 1146 Hebraeorum.

135 1161 164 1189 5.
181 1161 245 1188 1am
263 1163 346 1198 hujus
373 1165 453 1193 initio
468 1164 560 1193 statim
575 1172 607 1192 ea
623 1170 718 1193 narrat
735 1165 821 1193 Moses
838 1174 898 1201 qua:

102 1208 296 1243 primigeniam
326 1215 449 1238 nostram
472 1212 636 1239 creationem
665 1216 789 1247 spectant
810 1222 817 1240 :
836 1218 898 1247 post

103 1253 254 1281 bonitatem
282 1259 373 1284 autem
401 1256 547 1290 amissam,
572 1258 687 1292 primam
714 1257 896 1285 humanarum

103 1300 233 1335 stirpium
259 1302 360 1329 evolvit
392 1303 546 1336 historiam,
572 1312 688 1339 quarttm
710 1305 895 1339 patriarcham

102 1347 233 1382 praedicat
252 1348 396 1381 Adamum,
410 1349 458 1384 qui
472 1349 580 1385 quidem
597 1351 689 1384 generi
704 1351 833 1378 universo
848 1351 897 1379 ho-

102 1400 250 1429 monymus
262 1399 306 1422 est
324 1404 330 1422 :
345 1402 464 1430 namque
489 1395 574 1422 Adam
598 1396 625 1423 in
654 1395 829 1424 Hebr-morum
856 1397 896 1426 lo-

102 1440 180 1474 quela
193 1445 312 1469 cunctos
328 1441 453 1469 homines
469 1442 617 1470 universim
632 1442 777 1477 signiﬁcat.
794 1443 894 1471 divum

103 1485 195 1520 igitur,
214 1495 271 1522 quo
294 1487 339 1514 hic
366 1487 495 1523 paradiso
513 1488 609 1523 pulsus
632 1489 716 1516 vitam
739 1489 893 1524 protelavit,

102 1530 213 1558 divinus
230 1540 279 1566 per
298 1531 401 1560 Mosem
417 1533 538 1567 Spiritus
558 1533 685 1561 edisserit
706 1543 713 1561 :
736 1538 794 1561 tum
819 1539 894 1562 recta
908 1549 928 1578 ο

102 1578 172 1605 serie
205 1583 378 1613 posterorum
403 1580 463 1613 ejus
495 1580 701 1607 successionem
732 1584 892 1613 enumerat,

102 1622 223 1658 itemque
238 1628 362 1659 tempora
383 1632 434 1659 pro
455 1624 625 1659 singulorum
640 1624 766 1652 aztatibus
785 1634 791 1653 :
815 1633 894 1660 pror-

102 1676 149 1696 sus
167 1673 198 1695 ut
212 1669 270 1704 jam
301 1669 364 1697 inde
379 1670 413 1697 ab
427 1669 530 1698 Adamo
556 1674 703 1698 contexere
720 1670 799 1699 nobis
814 1671 894 1698 liceat

101 1720 183 1751 atque
195 1716 325 1744 ordinare
336 1716 510 1745 Hebraeorum
522 1717 737 1753 t-hronologiam.

135 1761 164 1788 4.
179 1761 247 1788 Nam
264 1766 388 1797 tempora
401 1765 420 1795 ',
437 1763 537 1798 quibus
560 1763 712 1791 habitatum
728 1763 808 1791 estin
832 1763 888 1796 illo,

101 1807 148 1842 qui
174 1806 222 1835 Dei
247 1808 336 1837 dictus
350 1812 402 1841 est,
420 1809 558 1844 paradiso,
583 1817 663 1837 nemo
684 1815 727 1837 est
745 1810 792 1844 qui
813 1809 889 1837 eﬁari

101 1858 193 1890 queat.
207 1854 264 1882 lmo
279 1855 346 1883 mihi
361 1856 467 1883 videtur
481 1857 613 1884 mirabilis
640 1856 685 1884 ille
701 1855 801 1888 Moses,
820 1856 886 1884 divi-

103 1907 137 1927 no
151 1898 257 1935 Spiritu
269 1908 348 1932 usus,
364 1901 456 1928 nescio
471 1901 544 1936 quod
561 1900 743 1928 diversorium
763 1900 829 1927 orbe
840 1907 890 1926 no-

102 1949 158 1973 stro
173 1945 283 1978 melius,
299 1949 326 1974 et
351 1946 538 1974 beatissimum
559 1947 676 1982 aliquem
705 1945 760 1973 Deo
784 1946 890 1972 dilectae

102 1993 162 2019 vitae
176 1992 326 2019 incolatum
344 1992 468 2025 innuere,
481 2000 542 2020 cum
558 1993 661 2028 primas
677 1991 791 2019 humani
805 1999 887 2027 gene-

102 2038 140 2066 ris
154 2038 233 2066 sedes
246 2039 405 2073 paradisum
423 2039 540 2074 appellat
556 2038 615 2075 (5):
634 2046 730 2073 nempe
751 2037 888 2065 Adamum

103 2083 129 2111 in
143 2084 271 2119 paradiso
287 2085 444 2113 suaviorem
465 2085 671 2120 dulcioremqne
690 2084 775 2112 vitam
803 2084 888 2119 agita—

959 239 1100 267 hominum
1114 240 1200 275 stirpe
1214 239 1400 275 designavisse
1412 240 1582 275 exploratum
1596 245 1638 270 est
1650 241 1699 278 (6).

995 284 1021 312 5.
1041 283 1094 312 Sed
1109 285 1181 312 enitn
1200 288 1294 312 nostra
1308 285 1365 312 haec
1379 285 1557 320 chronologia
1573 287 1676 314 nullam
1687 287 1747 322 ejus

958 330 1094 358 incolatus
1106 331 1238 358 rationem
1255 331 1383 359 habebit:
1400 339 1488 366 neque
1515 332 1633 360 ordietur
1648 340 1663 360 a
1677 334 1747 362 cmlo

958 381 1086 412 terraque
1097 377 1226 410 conditis,
1242 378 1281 405 uti
1294 379 1416 406 nonnulli
1431 378 1481 406 sibi
1495 379 1644 414 faciendum
1657 381 1747 408 existi-

957 428 1115 456 maverunt;
1133 423 1181 451 sed
1196 423 1230 451 ab
1256 431 1289 451 eo
1303 428 1425 459 tempore
1447 432 1502 460 quo
1524 431 1622 452 natura
1650 430 1746 453 nostra

957 469 1042 505 coepit
1063 477 1135 501 esse,
1168 470 1208 496 uti
1236 478 1310 497 nunc
1326 478 1357 498 se
1385 470 1474 503 habet,
1503 472 1646 505 mortalis;
1663 475 1746 507 atque

955 515 1091 550 ejusmodi
1108 516 1171 543 vitae
1182 515 1302 543 conditio
1319 523 1335 543 a
1357 516 1446 551 prisco
1465 517 1511 544 illo
1535 521 1649 552 parente
1664 517 1744 546 nobis

955 560 1052 588 ob0rta
1065 564 1107 588 est
1126 561 1204 593 :illo,
1221 561 1344 596 inquam,
1356 561 1402 596 qui
1413 562 1541 596 paradiso
1559 562 1669 596 excidit,
1685 563 1743 590 dul-

955 607 1034 642 cique
1044 614 1076 634 ac
1089 607 1211 635 feliciore
1224 608 1280 635 vita
1289 608 1419 643 depulsus
1428 612 1479 642 est,
1490 612 1516 636 et
1530 611 1639 638 nomine
1651 610 1741 638 dictus

954 654 1085 682 Adamus.
1109 653 1197 689 Hujus
1211 662 1261 690 ego
1274 661 1372 687 annos,
1387 655 1487 690 quibus
1515 655 1622 683 fatalem
1638 661 1740 685 morta-

955 700 1062 736 lemque
1075 700 1158 728 vitam
1171 700 1316 732 conclusit,
1326 709 1360 729 ex
1376 700 1520 729 llehraicis
1533 702 1676 729 codicibus
1685 702 1742 729 col-

954 746 1046 782 ligam,
1061 746 1240 781 sequentique
1271 754 1397 775 sermone
1412 748 1544 774 recitabo.
1563 747 1591 774 ld
1615 748 1743 776 videlicet

953 792 1094 820 Hebraicae
1107 793 1291 828 chronologiae
1304 799 1387 829 caput
1397 794 1530 826 est,unde
1540 794 1623 822 etiam
1641 794 1742 823 Mosai-

953 846 1002 867 cus
1018 839 1087 867 liber
1104 839 1156 867 hoc
1169 842 1249 875 pacto
1265 840 1434 874 auspicatur.

917 876 939 903 Β
987 885 1014 913 6.
1032 895 1041 911 t
1061 887 1081 897 "
1095 885 1129 912 Et
1151 885 1243 914 emisit
1258 893 1330 918 cum,
1356 885 1455 920 inquit,
1486 886 1591 914 scilicet
1621 887 1740 922 primum

952 931 1100 964 hominem,
1119 932 1252 961 Dominus
1268 932 1340 961 Deus
1353 940 1368 960 e
1384 932 1512 967 paradiso
1521 933 1692 966 deliciarum,
1710 937 1740 962 ut

951 981 1053 1006 terratn
1080 978 1216 1006 excoleret
1237 977 1270 1006 de
1298 986 1351 1013 qua
1369 983 1495 1013 sumptus
1523 982 1592 1007 erat.
1618 979 1650 1006 Et
1660 979 1740 1014 ejecit

950 1024 1097 1057 Adamum,
1113 1033 1231 1060 eumque
1257 1033 1273 1053 e
1294 1025 1404 1060 regione
1431 1025 1551 1060 paradisi
1580 1024 1739 1053 deliciarum

950 1071 1104 1099 collocavit.
1125 1081 1134 1097 ι
1153 1070 1222 1098 Tum
1238 1071 1358 1098 addit
1381 1081 1387 1098 :
1420 1081 1428 1097 t
1458 1070 1601 1107 Ingressus
1618 1071 1740 1100 Adamus

949 1117 983 1144 ad
1000 1118 1083 1144 Evam
1095 1125 1208 1145 uxorem
1222 1125 1299 1146 suam
1318 1121 1370 1150 est,
1387 1125 1448 1152 quae
1471 1118 1598 1154 concepit
1620 1119 1736 1154 peperits

948 1171 1002 1198 que
1027 1162 1154 1190 Cainum.
1191 1174 1201 1190 ι
1229 1163 1318 1199 Atque
1339 1163 1402 1191 hinc
1424 1164 1536 1192 omnino
1557 1168 1653 1192 nostra
1681 1165 1738 1192 hac

948 1208 1127 1244 chronologia
1150 1209 1293 1236 exordium
1316 1209 1406 1244 capiat
1433 1219 1441 1237 :
1472 1210 1622 1244 superioris
1646 1214 1736 1238 autem

949 1256 1088 1290 temporis,
1105 1255 1127 1282 si
1143 1263 1196 1290 qua
1211 1259 1264 1288 est,
1282 1255 1409 1287 historia,
1425 1263 1456 1283 ea
1476 1263 1589 1291 prorsus
1601 1261 1631 1284 ut
1643 1256 1738 1284 inetia-

947 1300 1011 1329 bilis
1028 1309 1042 1328 a
1054 1301 1173 1336 posteris
1185 1301 1354 1336 temporibus
1367 1301 1489 1335 seiuncta
1512 1303 1655 1330 habeatur.
1679 1302 1736 1338 Age

947 1353 1012 1372 vero
1031 1345 1083 1380 ipsi
1100 1345 1206 1373 Hebraei
1236 1346 1263 1373 in
1280 1346 1338 1374 suis
1362 1347 1531 1382 temporibus
1554 1349 1735 1384 supputantlis

946 1391 1025 1419 valde
1041 1391 1176 1419 dissident
1189 1391 1261 1420 inter
1277 1400 1306 1420 se
1325 1401 1331 1419 :
1349 1401 1434 1428 quare
1450 1401 1540 1428 operte
1559 1395 1677 1430 pretium
1692 1399 1735 1422 est

946 1441 1069 1465 textuum
1089 1438 1161 1473 apud
1177 1438 1252 1473 ipsos
1264 1440 1428 1467 exstantium
1445 1440 1568 1467 notitiam
1581 1440 1691 1473 habere,
1706 1446 1734 1468 ut

946 1490 978 1510 ex
1003 1484 1127 1511 instituta
1160 1484 1212 1512 rite
1235 1485 1440 1520 comparatione
1462 1486 1561 1513 veritas
1587 1486 1732 1514 cluccscat.

946 1528 1032 1558 Porro
1047 1530 1158 1558 Mosaiei
1173 1531 1294 1565 quinque
1308 1530 1372 1558 libri
1388 1531 1463 1559 orbis
1479 1531 1626 1566 opiﬁcium,
1640 1536 1734 1560 aetates

946 1580 1003 1603 tum
1017 1576 1165 1604 viventium
1178 1580 1242 1603 ante
1256 1576 1388 1604 diluvium
1403 1582 1458 1604 tum
1476 1578 1628 1612 priscorum
1642 1578 1732 1605 homi-

944 1631 1010 1650 num
1023 1626 1083 1658 post
1101 1622 1178 1655 illttd,
1197 1630 1248 1650 nec
1265 1631 1319 1650 non
1340 1622 1488 1650 Hebraicas
1509 1625 1684 1660 propagines,
1707 1629 1733 1652 et

945 1665 1062 1700 denique
1074 1665 1158 1694 Mosis
1173 1674 1206 1694 ex
1227 1667 1278 1694 hac
1290 1667 1345 1694 vita
1358 1675 1502 1695 excessum
1519 1669 1644 1697 recitant.

980 1711 1005 1738 7.
1028 1711 1080 1738 Sed
1092 1712 1165 1739 enim
1179 1711 1258 1748 Legis
1272 1711 1482 1748 Volumenapud
1496 1712 1652 1742 Iudaeorum
1669 1722 1733 1742 suc-

944 1765 1068 1785 cessores
1086 1758 1165 1786 aliter
1190 1766 1219 1786 se
1235 1759 1330 1792 habet,
1352 1763 1433 1795 atque
1457 1760 1529 1795 apud
1543 1759 1731 1790 Samaritanos

943 1805 989 1839 qui
1016 1804 1125 1832 fuerunt
1152 1804 1308 1833 Iudaeorum
1333 1806 1472 1842 proselyti.
1500 1807 1571 1840 Quin
1584 1808 1651 1835 adeo
1666 1809 1731 1844 ipsa:

942 1851 1038 1878 littera
1052 1851 1105 1877 alia
1118 1850 1204 1878 forma
1220 1852 1339 1886 praedita;
1353 1857 1417 1880 sunt
1436 1853 1507 1888 apud
1525 1852 1664 1886 Hebralos,
1677 1855 1730 1882 alia

943 1896 1015 1931 apud
1035 1896 1223 1926 Samaritanos
1242 1908 1248 1925 :
1269 1899 1344 1933 atqui
1358 1898 1545 1927 Samaritanas
1557 1900 1688 1935 genuinas
1702 1905 1730 1928 et

943 1942 1118 1977 primigenias
1133 1943 1272 1970 habendas
1291 1951 1368 1976 esse,
1394 1953 1428 1972 ne
1442 1938 1596 1972 Judaaorum
1619 1946 1729 1980 quidem

940 1988 1063 2016 hatredes
1078 1989 1180 2016 inﬁtias
1194 1990 1333 2017 ibunt“".
1352 1989 1434 2026 Igitur
1444 1995 1506 2018 ante
1522 1995 1641 2020 mutatas
1655 1992 1728 2020 litte-

939 2042 986 2062 ras
1009 2035 1114 2063 nullum
1136 2037 1207 2063 inter
1221 2043 1268 2064 eos
1284 2036 1428 2064 discidium
1445 2036 1506 2064 fuit.
1532 2036 1639 2066 Rursus
1655 2039 1729 2074 quod

940 2081 1037 2109 attinet
1048 2081 1082 2109 ad
1096 2081 1298 2117 chronologiam
1313 2081 1475 2110 manifestus
1489 2086 1531 2111 est
1544 2083 1662 2119 partium
1674 2082 1730 2110 dis-

136 2184 168 2219 (‘)
190 2185 246 2221 Τὴν
266 2185 315 2221 μὲν
332 2187 468 2222 ποσότητα
485 2186 531 2213 τοῦ
542 2187 638 2223 χρόνου
653 2185 702 2221 τῆς
715 2185 744 2211 ὲν
759 2184 797 2219 τῷ
816 2186 972 2248 παῧαδείσῳ
995 2187 1133 2222 διαγωγῆς
1155 2185 1209 2212 τῶν
1223 2184 1443 2221 πρωτοπλάπων
1465 2185 1619 2221 ἁτράνωτον
1634 2185 1699 2222 ἡμῖν
1716 2187 1731 2212 ό

136 2220 215 2248 ἇπτης
235 2222 356 2248 Martini:
370 2222 555 2248 καταλέλοιπε.
576 2221 618 2248 Ex
632 2220 768 2248 Suncello.
778 2227 803 2248 υ.
819 2220 836 2246 4
878 2242 884 2248 .

103 2219 215 2255 Θεόπτης
225 2219 356 2257 ’Μὼῦπῆς
370 2219 566 2248 mamma."
576 2221 618 2248 Ex
632 2219 768 2256 Syticello,
778 2227 803 2254 p.
819 2220 836 2246 4

128 2266 177 2337 ξ’)
197 2268 252 2293 Καὶ
272 2267 461 2299 ἐξαπέστειλεν
481 2268 561 2295 αὐτὸν
573 2269 675 2303 Κύριος
696 2267 710 2293 ὁ
735 2266 849 2308 Θεὸςιὲκ
878 2268 923 2295 toﬁ

148 2301 212 2337 φθη.
244 2303 298 2328 Καὶ
326 2302 436 2335 ἐξέϐαλε
466 2303 508 2330 τὸν
541 2303 644 2337 Ἀδὰμ,
669 2303 716 2330 καὶ
747 2309 899 2336 κατῳκισεν

101 2301 212 2337 ἐλήφθη.
244 2303 298 2328 Καὶ
326 2302 436 2335 ἐξέϐαλε
466 2303 508 2330 τὸν

103 2335 161 2364 Gen.
176 2335 218 2370 tt't,
230 2337 327 2370 23,24.

541 2300 644 2339 Ἀδὰμ,
669 2303 716 2330 καὶ
747 2300 899 2336 κατῴκισεν
924 2300 1005 2331 αὐτὸν
1030 2300 1168 2330 ἀπέναντι
1189 2300 1237 2330 ἐόῦ
1259 2300 1432 2339 ’τέαραδέίσου
1459 2304 1509 2338 τῆς
1538 2300 1654 2339 apum.

949 2269 1113 2305 παραδείσου
1135 2268 1184 2303 τῆς
1200 2268 1314 2308 τρυφῆς,
1332 2267 1494 2329 ὲὲγάζεσθιέι
1511 2267 1560 2303 τὴν
1581 2267 1633 2309 γῆν
1655 2267 1685 2300 ἐξ
1696 2265 1729 2309 ἧς

949 2304 1005 2330 ὖτὸν
1030 2304 1160 2330 ἀπέναντι
1189 2312 1237 2330 του
1268 2311 1343 2330 παοσ.
1360 2303 1432 2329 simu
1459 2311 1509 2330 τηε
1539 2311 1654 2330 causam.
1687 2303 1729 2330 Ea:

133 2384 187 2420 ("’)
213 2384 301 2420 ’Δδὰμ
312 2384 340 2411 δὲ
353 2384 424 2419 ἔγνω
437 2385 508 2413 Εὕαν
522 2385 572 2422 τὴν
586 2388 701 2421 γυναῖκα
715 2387 807 2415 αὑτοῦ·
823 2388 869 2415 καὶ
887 2386 1014 2414 συνέλαϐε
1029 2388 1075 2414 καὶ
1087 2387 1162 2414 ἔτεκε
1181 2386 1226 2414 τὸν
1244 2386 1370 2414 Κάῖν.Ε;ε
1382 2386 1517 2418 Gen.tv,1.

135 2431 384 2471 ("_“2_Ata_cptu\.toﬁat
398 2432 434 2471 τᾲ
450 2433 829 2471 Ἐξραῖκὰέντίγραφαγπρὸς
836 2436 866 2462 τὸ

882 2435 1057 2471 Σαμαρειτῶν
1071 2434 1245 2471 ἀρχαιόταερν
1255 2435 1308 2471 καὶ
1320 2436 1375 2467 τοῖς
1384 2435 1554 2471 χαρακτῆρσι
1564 2434 1728 2467 διαλλάττον,

103 2466 116 2493 ι
129 2457 173 2494 at
184 2457 286 2503 mea;
297 2457 367 2494 sua;
377 2457 432 2494 at
444 2457 887 2506 πῑῑίτξς’πέέρετεῖξιξθξιῐείέίοξ

952 2457 1278 2505 ἓῖζςῖιὶιιὶἳιῒιῗρῗὲξόξ

134 2542 251 2578 (l)Gen.
267 2553 295 2576 x,
308 2544 355 2572 22.

135 2588 352 2626 (2)§uﬁ'ragatur
360 2589 462 2626 diserte
474 2590 609 2626 Iosephus
619 2593 710 2626 Antiq.
724 2600 744 2622 ι,
758 2592 790 2620 6:
807 2593 888 2619 Ἐλα-

135 2601 168 2624 [1)
179 2601 352 2616 Duura'tutur
360 2601 462 2617 ulserte
474 2601 609 2626 Jusepnlls
619 2601 682 2619 Αηιι
704 2612 710 2618 α
724 2601 744 2622 1,
758 2601 790 2620 υἶ
808 2601 887 2619 VEAG-

106 2633 147 2660 μος
164 2610 343 2664 Ἕξξᾳμαῖδυςι
359 2625 473 2660 Περσῶν
497 2626 576 2664 ova-ag
592 2601 759 2664 ἀρχηγὲτας,
780 2628 887 2654 κατέλι-

105 2669 147 2686 πεν
157 2669 163 2675 ·
177 2659 292 2686 Elantus
309 2659 456 2698 Elamti’os,
469 2662 513 2695 qui
528 2669 587 2689 sunt
603 2659 749 2690 Persarum
765 2663 887 2698 progeni-

105 2700 171 2728 tores,
189 2696 350 2730 procreavit.

132 2740 165 2774 (5)
181 2740 256 2778 Idem
284 2740 366 2778 plane
380 2741 473 2778 tradit
487 2741 629 2778 rJoyscphus
645 2742 706 2770 loco
730 2743 859 2778 praedicto
877 2753 884 2772 :

108 2775 270 2819 ςΔρίξαξάδης
282 2773 348 2819 ῖςοὺς
365 2773 412 2803 νῦν
419 2773 573 2819 ⁸ξθξλδειίωῖλξ
580 2773 774 2819 ’καλανμέςιόυς
788 2779 887 2819 ἶΑρφα-

104 2810 216 2843 ξςιδαίους
241 2810 400 2846 ὠνόμασεν,
415 2811 500 2846 ἄρξας
524 2813 613 2840 αὐτῶν
629 2821 634 2827 ·
650 2810 825 2847 ΑὶρΙιαπηαεὲ
839 2810 886 2841 no-

102 2848 175 2916 ;nan
182 2846 358 2882 rpltaz‘adwis
371 2846 444 2880 fecit,
460 2855 570 2882 quorum
588 2849 707 2883 princeps
718 2850 726 2884 (
738 2850 777 2876 vel
791 2849 885 2885 pater)

112 2884 152 2912 ait.

112 2884 152 2912 ait.

905 2551 930 2581 D

980 2549 1018 2584 (4)
1035 2548 1091 2575 lmo
1109 2548 1137 2586 hi
1166 2548 1235 2586 Ludi
1259 2548 1328 2586 olim
1349 2548 1514 2586 dicebantur
1527 2552 1597 2586 teste
1609 2547 1727 2586 Iosepho

943 2582 1104 2619 loco-nuper
1115 2584 1226 2610 laudato
1245 2593 1252 2610 :
1276 2583 1378 2616 Λυδοὺς
1398 2582 1445 2611 νῦν
1467 2583 1589 2615 καλοῦσι,
1612 2582 1728 2609 Λούδου-

941 2620 969 2647 δὲ
979 2619 1051 2652 τότε,
1066 2619 1169 2651 Λούδας
1186 2618 1288 2646 ἔκτισε.

976 2664 1015 2700 (5)
1028 2664 1064 2692 De
1075 2665 1213 2699 paradiso,
1224 2665 1250 2692 in
1259 2672 1314 2700 quo
1322 2664 1411 2692 Moses
1419 2665 1581 2692 collocatum
1591 2664 1726 2700 Atlamum

940 2699 1051 2733 narrat,
1080 2700 1151 2727 haud
1180 2699 1300 2727 absimili
1329 2701 1411 2728 modo
1440 2700 1561 2734 loquitur
1592 2699 1725 2727 Eusebius

943 2735 1034 2770 Pratp.
1064 2744 1102 2762 ev.
1121 2744 1168 2765 xu.
1185 2735 1228 2766 il.
1247 2736 1290 2766 i3,
1318 2736 1363 2769 qui
1380 2739 1406 2762 et
1430 2734 1576 2762 Mosaicant
1593 2735 1728 2762 narratio-

942 2779 1003 2798 netn
1018 2771 1180 2806 opportunis
1197 2771 1318 2798 Platonis
1331 2771 1398 2798 locis
1413 2771 1567 2797 conﬁrmat.

977 2817 1014 2851 (6)
1043 2817 1237 2853 Suboliscurus
1264 2817 1306 2843 vel
1328 2817 1472 2853 perplexus
1500 2820 1526 2844 cl
1544 2817 1686 2853 ambiguus
1699 2817 1726 2845 in

941 2852 1096 2882 Armeniam
1118 2857 1190 2880 textu
1207 2852 1293 2880 locus.
