1912 3138
69 163 116 190 ΠΊ

696 164 943 193 CHRONICORUM
962 165 1025 193 LIB.
1047 164 1068 192 L

1648 162 1705 190 178

76 224 158 258 eipem
174 230 208 250 ex
225 222 313 256 Iuda,
327 224 483 260 ducemque
499 233 516 253 e
530 225 635 253 femore
655 225 725 260 ejus,
745 225 832 253 donec
847 225 870 253 is
883 230 907 258 Α
921 226 981 254 dem
998 229 1024 254 et
1038 228 1184 260 antequam
1200 223 1311 251 Darium
1328 222 1494 251 interimeret
1504 221 1559 257 jam
1571 228 1701 256 regnave-

79 270 236 296 adventaret
257 269 305 296 cui
328 275 468 297 servatum
484 275 538 303 est,
559 271 586 297 in
608 278 662 306 quo
683 275 777 306 gentes
793 278 869 306 spem

77 323 152 343 suam
169 315 395 343 collocaverunt.
413 326 423 343 ι
441 317 528 352 Atque
544 317 602 345 hinc
616 317 652 344 ita
667 324 697 345 se
712 317 824 344 habent.

110 361 137 388 Α.
160 360 278 389 Summa
292 369 361 390 vero
378 363 509 397 temporis
528 370 543 389 a
557 361 701 390 Salomone
724 363 869 397 templique

75 406 238 440 primordiis
253 414 344 441 usque
357 407 390 434 ad
411 415 511 434 annum
529 407 602 434 Darii
616 407 706 435 Persae
719 407 868 435 secundum

74 452 228 487 templique
251 453 496 486 instaurationem,
521 454 586 481 anni
607 458 672 481 sunt
686 461 734 481 nn.
760 454 828 481 Tum
853 461 868 480 a

74 496 168 532 Moyse
175 505 350 534 egressuque
365 507 397 526 ex
409 499 525 534 Egypto
537 499 571 526 ad
584 498 757 527 Salomonem
766 503 793 527 et
801 506 869 526 con-

73 543 163 570 ditum
186 545 337 578 templum,
353 545 416 571 anni
432 549 496 572 sunt
509 552 654 572 cccctxxx.
680 545 702 572 Α
715 546 804 580 primo
819 553 869 572 au-

73 591 128 614 tem
148 594 223 614 anno
240 589 388 615 Abrahami
405 589 437 616 ad
451 590 552 617 exitum
572 589 635 616 anni
649 597 696 618 ur.
712 589 745 617 Et
767 597 783 617 a
797 589 868 617 dilu-

72 633 119 659 vio
136 632 174 659 ad
193 633 315 668 primum
337 641 438 661 annum
452 635 611 667 Abrahami,
635 636 699 663 anni
716 643 866 664 ncccchn.

73 678 109 705 Et
123 678 160 706 ab
178 679 289 707 Adamo
308 680 343 708 ad
358 680 490 708 diluvium
505 681 569 708 anni
588 689 725 710 nucum.
747 681 869 717 Denique

73 725 109 751 ab
127 724 239 753 Adamo
257 726 294 753 ad
317 725 390 754 Darii
411 727 523 754 alterum
544 734 644 755 annum
665 727 869 763 secundumque

74 770 326 807 llierosolymitani
341 773 432 808 templi
447 773 591 801 aedilicium
607 774 785 802 cumulantur
802 775 868 803 anni

74 824 268 844 Illuncnxxx
280 818 331 853 (i).
344 818 458 854 Reliqua
474 823 596 854 tempora
609 823 672 854 post
689 820 802 847 alterum
820 820 868 847 Da-

73 862 109 889 rii
126 870 247 896 annum,
259 864 308 899 qui
322 863 373 891 fuit
393 866 567 900 sexagesimre
582 866 685 901 quintae
705 866 868 902 Olympiadis

920 275 962 298 rat
975 271 1053 298 annis
1066 279 1104 299 Vl.
1119 270 1230 298 Summa
1244 268 1376 304 temporis
1390 268 1425 295 ab
1443 268 1529 295 altero
1539 266 1613 294 Darii
1628 273 1702 293 anno

920 314 953 342 ad
963 314 1111 342 Alexandri
1125 314 1242 345 obitum,
1257 314 1304 349 qui
1317 314 1346 340 in
1359 313 1476 348 primum
1490 319 1590 339 annum
1606 311 1702 339 incidit

919 360 1082 395 Olympiadis
1108 359 1264 387 centesima
1285 363 1390 395 quartae
1405 357 1527 391 decimae,
1553 357 1617 384 anni
1637 361 1702 384 sunt

918 410 1021 433 CXCVII.

955 451 981 479 6.
1001 451 1067 479 Post
1082 451 1230 479 Alexandri
1243 450 1360 482 obitum,
1377 448 1488 485 Λεπριί
1504 454 1531 476 et
1546 448 1702 476 Alexandri-

919 505 960 525 nae
974 497 1050 527 urbis
1067 496 1211 532 imperium
1228 499 1376 523 tenuerunt
1395 496 1422 523 hi
1438 504 1445 521 :

955 544 974 569 l.
996 542 1157 570 Ptolemaeus
1170 541 1236 577 Lagi
1251 540 1331 568 annis
1342 549 1387 568 ιι..

954 587 986 615 Il.
1007 587 1169 614 Ptolemaeus
1181 585 1374 620 Philadelphus
1385 585 1463 613 annis
1474 593 1578 612 xxxvni
1590 584 1629 620 (ϐ)

989 633 1047 661 Sub
1072 633 1123 660 hoc
1148 632 1322 660 Hebraeorum
1342 632 1414 659 sacri
1434 630 1509 658 Libri
1528 631 1561 658 ad
1580 630 1701 658 Graecam

919 679 1040 714 linguam
1053 678 1179 706 translati
1193 682 1268 711 sunt,
1281 681 1308 706 et
1320 677 1347 705 in
1368 677 1558 705 Alexandrina
1572 675 1646 704 urbis
1663 675 1702 702 bi-

919 724 1082 752 bliotbecam
1098 723 1210 759 recepti.

954 768 997 796 Ill.
1019 768 1181 796 Ptolemaeus
1197 768 1343 804 Evergetes
1358 769 1438 796 annis
1449 776 1523 796 ιιιιν.

955 814 999 842 IV.
1020 813 1182 842 Ptolemaeus
1194 813 1353 849 Philopator
1364 814 1444 842 annis
1454 821 1511 841 xxi.

954 859 987 886 V.
1009 859 1169 887 Ptolemaeus
1184 858 1338 893 Epiphanes
1353 859 1433 885 annis
1447 866 1514 885 xxn.

74 913 167 934 annus
179 908 300 942 primus,
319 908 439 936 etﬁciunt
453 910 623 945 olympiadas
635 918 756 942 cxxxvn.
780 919 867 939 annos
884 904 904 933 Β
955 904 998 932 VL
1019 905 1181 933 Ριοιεῐιιωυε
1194 904 1362 932 Philometor
1376 904 1456 932 almis
1467 912 1560 931 “1"-

75 960 193 981 nxu‘nl.
212 953 282 987 Qua:
307 959 424 990 tempora
441 956 596 991 singillatim
615 956 652 983 ita
673 961 864 992 supputantur.

112 996 140 1023 5.
162 996 232 1025 Post
252 997 354 1034 Cyrum
379 1007 468 1035 regem
492 1000 608 1035 primum
629 1000 787 1032 Persarum,
809 1002 868 1029 dia-

75 1042 158 1069 dema
183 1043 218 1070 ad
239 1043 401 1080 Cambysem
421 1045 533 1080 recidit;
563 1046 596 1073 ab
618 1046 669 1074 hoc
690 1050 723 1074 ad
745 1047 866 1079 Darium,

74 1086 123 1122 qui
145 1089 232 1115 annis
249 1089 362 1117 omnino
385 1090 507 1125 regnavit
532 1098 558 1117 vr
580 1098 662 1126 supra
683 1099 747 1119 xxx.
778 1091 867 1127 Hujus

74 1140 150 1160 anno
180 1134 270 1161 altero
302 1135 433 1170 templum
462 1135 657 1172 Hierosolymis
686 1137 866 1166 instauratum

74 1183 118 1205 est
130 1179 185 1214 (2).
202 1179 313 1216 Reliqui
328 1184 392 1209 sunt
414 1181 487 1209 Darii
502 1190 595 1209 xxxiv.
614 1182 770 1210 Teneantur
783 1184 866 1219 igitur

76 1223 152 1252 Darii
164 1226 235 1254 anni
248 1234 342 1254 xxxiv.
360 1226 430 1255 Tum
445 1227 543 1256 Xerxis
555 1229 620 1256 anni
636 1237 672 1256 xx
686 1229 737 1264 (5),
752 1230 803 1257 sub
814 1237 868 1265 quo

76 1269 206 1298 Estheris
218 1279 266 1299 res
276 1272 436 1308 agebantur.
450 1272 553 1301 Deinde
563 1273 722 1302 Artaxerxis
735 1274 799 1301 anui
811 1282 866 1302 xu.

76 1315 135 1343 Sub
162 1316 218 1343 hoc
242 1315 344 1345 Esdras
360 1324 501 1345 sacrorum
517 1318 589 1353 apud
609 1317 719 1346 Iudaeos
735 1318 867 1346 librorum

75 1362 186 1397 peritus
210 1362 303 1390 scriba
321 1362 444 1391 ﬂorebat.
464 1362 489 1391 Is
508 1364 590 1392 eliam
612 1363 699 1391 fertur
714 1367 830 1392 cunctas
853 1372 868 1390 a

75 1405 133 1434 Deo
148 1406 245 1434 dictas
267 1406 424 1442 Scripturas
441 1408 469 1435 in
494 1411 612 1436 mentem
637 1408 690 1436 sibi
711 1416 867 1440 revocasse,

76 1458 182 1486 easque
195 1450 302 1479 Iudaeis
315 1452 461 1480 tradidisse
479 1453 559 1481 novis
581 1452 775 1481 llebraicarum
797 1454 869 1482 litte-

77 1505 172 1524 rarum
188 1497 289 1525 formis
308 1505 452 1533 expressas
464 1498 501 1535 (4)
515 1509 521 1526 :
538 1499 619 1535 idque
635 1504 698 1534 post
722 1499 793 1527 bella
809 1507 869 1535 quae

78 1543 223 1578 regionem
241 1543 317 1570 illam
330 1547 512 1572 vastaverant.
527 1544 661 1572 Praeterea
678 1549 705 1573 et
724 1544 869 1574 Nehemias

78 1589 215 1624 pineerna
229 1590 457 1625 eognoscebatur,
474 1590 521 1625 qui
533 1590 681 1618 mandante
694 1598 759 1626 rege
779 1590 806 1617 in
821 1590 869 1617 Ju-

79 1637 168 1664 daeam
179 1643 346 1672 progressus
359 1635 545 1673 Hierosolyma
558 1637 705 1668 excitabat.
717 1637 869 1672 urbemque

79 1682 222 1709 mcenibus
240 1682 381 1710 ambiebat
396 1692 404 1710 :
417 1686 531 1711 eatenus
558 1683 630 1711 enim
654 1683 720 1711 urbs
735 1683 764 1710 in
781 1683 868 1710 ruinis

81 1728 259 1760 consederat,
278 1728 379 1764 templo
399 1733 524 1764 excepto,
550 1729 623 1764 quod
646 1730 698 1757 sub
723 1729 805 1757 Dario
824 1736 868 1756 re-

81 1774 201 1801 vixerat.
213 1772 281 1802 Post
294 1773 472 1802 Artaxerxem
488 1775 618 1802 dominati
632 1779 696 1803 sunt
710 1775 800 1803 Persis
816 1775 843 1802 hi
861 1784 867 1802 :

83 1819 183 1847 Darius
198 1820 280 1847 annis
294 1827 343 1847 xIx
355 1819 404 1856 (5).
420 1820 584 1850 Artaxerxes
599 1821 723 1849 Mnemon
733 1821 812 1849 annis
823 1828 868 1848 ιι..

82 1864 177 1892 Ochus
212 1865 293 1893 annis
323 1873 398 1893 xxvi.
424 1866 507 1893 Arses
532 1867 612 1894 annis
635 1874 671 1893 IV.
699 1866 797 1894 Darius
825 1873 871 1893 an-

83 1911 126 1939 nis
137 1919 177 1938 vr.
192 1910 261 1939 Post
276 1911 327 1940 hos
345 1912 498 1940 Alexander
519 1912 631 1940 Macedo
651 1912 797 1941 Persarum
819 1913 871 1939 im-

83 1957 190 1991 perium
199 1956 310 1990 delevil,
327 1958 504 1994 regnavitque
520 1958 578 1994 ipse
593 1959 673 1986 annis
685 1966 731 1992 vr;
746 1958 793 1994 qui
808 1957 870 1994 qui-

118 2027 150 2062 (')
171 2026 251 2054 Κατὰ
273 2027 302 2054 δὲ
329 2028 461 2062 Ἀντίῡχαν
482 2029 586 2055 τουτονὶ
606 2027 765 2060 Ματταθίας
792 2025 976 2062 Ἀσαμωναίου
991 2026 1056 2062 τεαῖς
1079 2024 1158 2062 (ﬂigi!
1175 2023 1228 2062 _'rb_v

85 2058 239 2093 ἀναλαϐὼν,
251 2058 450 2122 τὲνςίουδαίῶν
464 2063 550 2099 ἀρχὴν
573 2058 761 2103 ἀνεκξήσατοξ
772 2063 819 2090 καὶ
834 2058 956 2098 ὴῨήσατο
970 2059 1017 2086 τοῦ
1039 2058 1115 2086 λαοῦζ
1129 2059 1198 2099 M50:
1206 2058 1235 2085 ὃν
1252 2059 1267 2085 ὁ
1284 2059 1309 2085 υἱ

85 2096 141 2122 θεὶς
161 2097 265 2122 Mam
285 2105 352 2122 αιοε.
372 2097 497 2122 Ἰωνάθιηε
519 2098 588 2122 μετὰ
602 2107 704 2122 τουτον.
723 2098 814 2122 Σίμων
829 2096 935 2122 τουτονὶ
955 2096 969 2121 ὁ
987 2094 1100 2122 ἀδελφὸς
1117 2094 1200 2121 αὐτου
1222 2093 1309 2122 διαδέγ

956 952 981 979 7.
1002 951 1089 986 Hujus
1103 955 1183 978 :etate
1199 952 1322 986 regnavit
1337 950 1364 977 in
1384 950 1462 986 Syria
1477 949 1639 982 Antiocbrs,
1655 957 1709 978 σοι

919 999 1065 1033 gnomento
1081 996 1248 1032 Epiphanes,
1264 997 1316 1024 sub
1335 1004 1391 1032 quo
1405 1004 1436 1024 ea
1454 995 1628 1031 contigerunt
1641 1004 1702 1031 quas

919 1043 947 1070 in
961 1043 1031 1070 libro
1044 1042 1082 1078 (7)
1097 1042 1313 1070 Machabazorum
1325 1047 1489 1076 narrantur;
1508 1049 1615 1077 nempe,
1629 1041 1704 1076 quod

919 1088 1072 1118 Antiochus
1087 1088 1208 1116 Iudaeam
1219 1092 1327 1124 gentem
1341 1088 1374 1115 ad
1386 1087 1595 1124 superstitiones
1612 1087 1703 1115 ethni-

919 1143 965 1164 cas
984 1135 1069 1164 relabi
1089 1135 1222 1170 coegerit,
1240 1135 1426 1170 templumque
1447 1134 1578 1162 dedicatis
1602 1134 1639 1161 ibi
1663 1134 1702 1162 si-

918 1182 979 1217 gnis
1009 1181 1199 1214 temeraverit,
1224 1185 1282 1208 tum
1306 1185 1334 1208 et
1363 1188 1470 1208 sacram
1506 1180 1708 1215 supellectilem-

919 1227 1074 1263 olympiade
1093 1227 1244 1255 centesima
1255 1227 1481 1262 quinquagesima
1498 1226 1585 1261 prima
1597 1226 1636 1262 (8)
1660 1226 1702 1253 di-

919 1274 1045 1309 ripuerit.
1054 1273 1218 1308 lnterjacent
1229 1276 1318 1300 autem
1331 1273 1403 1300 inter
1413 1272 1568 1300 Macedonis
1579 1272 1701 1299 Alexan-

918 1319 960 1346 dri
975 1318 1079 1347 obitum
1093 1319 1266 1354 primumque
1283 1325 1386 1345 annum
1408 1317 1557 1353 Epiphanis
1572 1317 1700 1345 Antiochi

919 1365 983 1392 anni
993 1372 1025 1392 ει.
1039 1365 1077 1400 (9)
1095 1375 1100 1393 :
1115 1369 1143 1393 et
1166 1365 1237 1393 inter
1258 1365 1372 1393 alterum
1391 1364 1464 1392 Darii
1489 1372 1592 1392 annum
1618 1367 1701 1398 atque

919 1412 1005 1446 ipsum
1014 1411 1176 1438 Antiochum
1188 1410 1251 1438 anni
1264 1417 1385 1438 CCCXLVII
1400 1410 1467 1445 (l0).
1484 1409 1572 1445 Hujus
1583 1411 1593 1422 '
1606 1410 1702 1438 Antio-

919 1457 963 1485 chi
979 1456 1150 1492 temporibus
1165 1456 1320 1491 Matatbias,
1337 1455 1491 1484 Asamonazi
1504 1455 1586 1488 (ilius,
1601 1455 1702 1491 patrio-

919 1509 981 1529 rum
1000 1509 1142 1529 sacrorum
1157 1502 1243 1529 zelum
1269 1511 1326 1541 pm
1344 1508 1374 1529 se
1397 1500 1498 1533 ferens,
1515 1500 1571 1528 dux
1592 1500 1702 1536 gentilis

919 1547 1060 1576 exercitus
1069 1547 1187 1575 exstitit.
1211 1545 1282 1574 Huic
1298 1547 1431 1574 successit
1455 1545 1540 1574 ludas
1555 1545 1638 1578 ﬁlius,
1656 1553 1703 1573 co-

922 1595 1070 1628 gnomento
1083 1586 1264 1619 Machameus.
1279 1590 1345 1619 Post
1358 1591 1432 1619 hunc
1446 1599 1544 1620 rursus
1558 1591 1642 1619 frater
1655 1590 1702 1618 Jo-

922 1637 1020 1665 nathas
1032 1646 1039 1664 :
1051 1639 1114 1672 post
1137 1643 1217 1671 quem
1235 1635 1318 1663 frater
1338 1636 1401 1664 item
1420 1635 1526 1670 Simon,
1549 1637 1577 1664 in
1593 1644 1648 1674 quo
1669 1636 1703 1663 li-

921 1685 970 1712 ber
981 1683 1037 1718 (il)
1055 1682 1268 1710 Machabaeorum
1280 1681 1360 1710 ﬁnem
1377 1681 1452 1714 facit,
1479 1690 1613 1710 annorum
1633 1690 1703 1719 qua-

921 1729 1046 1764 draginta
1057 1728 1113 1764 (12)
1127 1735 1171 1756 res
1185 1727 1354 1763 complexus.
1362 1735 1459 1763 nempe
1474 1736 1561 1763 usque
1573 1728 1606 1756 ad
1617 1729 1704 1765 olym-

919 1775 1026 1810 piadcm
1054 1773 1230 1802 centesimam
1252 1773 1448 1808 sexagesimam
1473 1774 1588 1809 primam
1610 1775 1704 1810 exple-
1738 1784 1741 1789 π

920 1821 975 1844 tam
987 1826 993 1844 :
1005 1824 1020 1844 a
1034 1824 1087 1852 qua
1101 1816 1135 1853 ad
1149 1817 1299 1852 Augustum
1313 1816 1497 1845 Romanorum
1511 1818 1702 1853 imperatorem

921 1863 986 1890 anni
998 1870 1118 1890 Lxxxvni
1134 1867 1290 1897 supersunt.

950 1910 978 1938 8.
989 1911 1053 1939 Post
1060 1910 1208 1943 Simonem,
1218 1910 1331 1939 testibus
1338 1910 1466 1938 Africano
1473 1915 1500 1938 et
1508 1910 1627 1946 Josepbo
1635 1910 1702 1946 (15),

918 1956 1073 1986 Iudaeorum
1091 1957 1212 1986 ductavit
1230 1957 1379 1986 exercitum
1394 1956 1526 1984 Jonatbas
1538 1957 1606 1993 (14),
1619 1957 1704 1992 quiet

1343 2022 1393 2058 τῆς
1417 2023 1532 2058 πατρίου
1555 2022 1703 2058 Θρησκείας

1353 2057 1435 2084 αὑτοῦ
1452 2057 1550 2089 Ἰὸὺδας
1563 2057 1577 2084 ὁ
1589 2058 1701 2092 ἐπικλη-

85 2096 141 2134 θεὶς
161 2092 352 2134 ῌακιιαᾷαἰος.
372 2092 588 2134 Ἰωνάρηξᾟετὰ
601 2092 704 2134 τοῦτὸν.
723 2092 935 2134 Σίίμωνγτέᾖδέονὶ
955 2096 969 2121 ὁ
987 2094 1100 2134 ὰᾷελφδς
1117 2093 1200 2134 αἰξτοῦ
1222 2093 1379 2134 ξιαδέχετέιιλ.
1392 2093 1445 2134 Εἰς
1462 2092 1555 2134 τοᾷξον
1574 2093 1591 2128 ἠ
1614 2092 1704 2127 βίϐλος

84 2127 147 2175 τῶέ.
153 2127 343 2175 Μαξξςαξαὶωῆ
356 2127 802 2175 τξξραιορῦαιςπεριέχουσιαιχρρξιον
817 2132 885 2175 trait:
900 2127 1205 2175 ἐιτειπειαβὸεκοιρτα’μέχριἒ
1211 2127 1373 2175 ξςιιι
1386 2127 1567 2175 ἓξυμπξάξρεκ

120 2167 352 2202 ΜετὰδὲΣίμωνα
365 2163 496 2195 Ίόυδαίων
510 2163 626 2203 ἡγεῗταὶξ
635 2163 732 2200 medii.
744 2166 904 2203 Ἀφριχανδς
917 2166 964 2192 καὶ
984 2163 1135 2200 Ίώσηπποζ
1151 2163 1312 2200 ἱστοροῦσιν,
1329 2163 1466 2198 Ἰωνάθης,
1476 2163 1490 2188 ὁ
1499 2163 1545 2190 καὶ
1561 2163 1701 2199 Ὑρκανὸς,

122 2227 153 2263 (1)
165 2226 311 2263 Syncellus
322 2234 349 2262 ι).
363 2227 417 2263 1817
427 2227 447 2254 D
457 2228 494 2254 ait
506 2238 512 2255 :
525 2227 666 2263 Et5\v_d_ﬁb_
685 2227 771 2263 Ἀδὰμ
782 2227 834 2263 ἕως
846 2226 870 2262 η’

87 2260 162 2294 em;
177 2260 334 2298 Σολομῶνοξ
355 2262 426 2289 κατὰ
443 2263 588 2295 Εὑσέϐιον,
607 2260 667 2298 ὶᾷρό
680 2271 686 2278 ι
703 2260 867 2298 ΛιιἈᾺαιτιὸ
885 2262 907 2289 D

88 2299 121 2324 ad
157 2302 279 2324 actarum
316 2297 466 2325 Salomonis
495 2306 592 2325 annum
626 2297 755 2325 Eusebius
785 2305 867 2324 armos

87 2340 237 2368 ειη-ειη
259 2334 342 2368 ponit.
368 2332 508 2368 Templum
530 2332 668 2360 conditum
685 2337 728 2360 est
749 2340 821 2359 anno
843 2340 869 2359 Iv

88 2367 254 2396 Salomonis.
278 2367 349 2402 Ergo
367 2375 383 2394 a
401 2367 595 2401 nuuunctxxx,
618 2368 759 2396 subductis
772 2375 825 2395 ncn
842 2372 870 2394 et

88 2410 125 2436 ιγ,
140 2406 290 2437 supersunt
302 2403 366 2430 anni
380 2410 550 2430 unuutxxw.

124 2437 162 2473 (2)
182 2437 286 2472 Nempe
305 2445 379 2465 anno
395 2439 482 2465 altero
499 2438 648 2466 instaurari
673 2441 803 2473 coeptum,
822 2444 870 2465 oc-

87 2477 148 2501 tavo
160 2473 202 2508 vel
219 2474 312 2508 potius
327 2476 404 2500 sexto
418 2473 572 2500 absolutum
589 2477 641 2501 est.

132 2508 159 2538 3)
179 2507 208 2543 in
219 2507 329 2535 codicis
344 2513 418 2535 textu
430 2516 468 2540 xl.
484 2512 511 2535 at
523 2508 550 2535 in
566 2508 687 2543 margine
703 2515 748 2534 xx.

132 2542 160 2578 4)
179 2542 249 2573 Rem
270 2543 341 2570 hanc
356 2543 561 2570 celeberrimam
578 2542 675 2571 rursus
691 2542 799 2577 attingit
815 2542 870 2569 Eu-

89 2578 176 2606 sebius
192 2579 221 2610 in
246 2580 369 2605 secundo
386 2578 466 2610 libro,
486 2578 559 2613 quod
574 2578 638 2613 facit
652 2579 733 2606 etiam
757 2578 785 2603 in
801 2586 870 2612 pra:-

88 2613 186 2641 fatione
215 2613 400 2644 Psalmorum,
428 2612 550 2648 itemque
572 2614 599 2640 in
617 2612 811 2640 Commentario
835 2613 870 2639 ad

88 2649 216 2681 psalmum
226 2656 296 2676 an.
311 2649 346 2676 Et
359 2647 468 2682 quidem
482 2647 515 2675 de
530 2647 616 2676 Esdra
630 2648 762 2676 librorum
774 2655 869 2675 sacro-

91 2690 145 2710 rum
161 2684 361 2714 instauratore,
375 2684 494 2717 itemque
508 2682 542 2710 de
561 2683 712 2710 litterarum
730 2683 801 2717 apud
819 2682 870 2710 lle-

92 2717 169 2749 bmos
180 2720 346 2749 mutatione,
361 2717 464 2751 judicia
484 2722 604 2745 veterum
623 2718 732 2745 Patrum
750 2725 800 2744 nec
815 2726 869 2745 non

91 2752 239 2782 Iudaeorum
257 2753 404 2781 commode
418 2754 588 2780 coacervavit
603 2753 742 2780 Calmetus
763 2752 790 2779 in
811 2761 871 2787 per-

92 2789 168 2818 doctis
188 2788 436 2817 dissertationibus
457 2787 550 2816 Esdraa
569 2789 733 2823 prtepositis,
749 2787 783 2814 ad
800 2796 870 2823 quas

92 2829 197 2852 lectores
213 2824 389 2858 ablegamus.

117 2860 151 2896 (5)
171 2859 212 2886 ita
232 2856 321 2886 etiam
346 2857 383 2896 in
401 2857 499 2896 tabulis
521 2861 549 2884 et
573 2857 602 2885 in
622 2856 772 2896 posteriore
787 2857 868 2888 libro.

89 2894 116 2923 At
126 2892 257 2931 superius
272 2900 338 2928 ean.
357 2892 390 2920 15
405 2893 563 2921 scribuntur
575 2893 637 2921 anni
653 2901 701 2921 vn.

960 2225 996 2260 (6)
1016 2225 1109 2253 Codex
1122 2225 1198 2252 Arm.
1217 2231 1312 2256 xxvm,
1325 2223 1372 2252 sed
1387 2223 1501 2251 inferius
1515 2232 1630 2251 xxxvni.

970 2260 997 2295 7)
1016 2260 1118 2295 Nempe
1130 2261 1225 2294 primo.

1016 2263 1118 2322 ftempe
1130 2263 1228 2300 primo.
1323 2295 1329 2300 η
1678 2296 1683 2301 _

1026 2303 1043 2322 n
1069 2295 1190 2323 secundo
1212 2295 1282 2322 libro
1303 2293 1432 2322 dicuntur
1452 2294 1510 2322 hare
1529 2294 1565 2322 ab
1587 2294 1704 2323 Eusebio

921 2331 1070 2366 contigisse
1084 2330 1238 2366 Olympiade
1251 2337 1327 2366 cun.

955 2365 994 2400 (9)
1016 2365 1082 2392 Vide
1093 2365 1273 2400 posteriorem
1288 2365 1398 2391 librum.

969 2400 1013 2436 10)
1026 2399 1201 2436 Vide’rursus
1214 2400 1392 2435 posteriorem
1406 2399 1516 2427 librum.

969 2403 1013 2436 10)
1027 2403 1093 2427 Vide
1105 2407 1201 2429 rursus
1214 2407 1263 2435 pos

956 2403 979 2471 ξι
987 2438 1012 2468 1)
1033 2435 1143 2471 Scilicet
1153 2435 1264 2471 primus.

956 2468 1105 2507 (12)_Ergo
1119 2468 1247 2507 mendose
1256 2468 1388 2507 scribitur
1395 2469 1473 2507 apud
1488 2468 1643 2507 Syncellum
1663 2473 1708 2497 tri-

920 2504 1055 2567 gintajlgn
1068 2504 1158 2533 autem
1169 2505 1230 2546 ejus
1242 2505 1322 2531 verba
1335 2512 1361 2539 p.
1374 2504 1426 2531 288
1531 2506 1585 2532 ἀπὸ
1597 2507 1707 2548 litat-rm
1744 2516 1746 2519 τ

939 2550 978 2567 ιου
991 2550 1038 2567 του
1056 2541 1159 2567 πατρὸς
1170 2548 1225 2566 των
1243 2539 1430 2567 Μακκαϐαίων
1458 2540 1532 2566 lauda
1545 2541 1592 2567 γαὶ
1623 2542 1707 2567 ιωνά-

939 2542 978 2568 ίου
991 2541 1038 2568 τοῦ
1056 2541 1159 2576 πατρὸς
1170 2540 1225 2576 τῶν
1243 2539 1436 2576 Μακκαϐαίῳνγ
1446 2539 1532 2576 ξιούδα
1545 2541 1592 2567 γαὶ
1615 2541 1707 2567 Ἰωνά-

921 2576 967 2603 θου
985 2577 1032 2604 καὶ
1045 2574 1164 2611 Σίμώνος
1178 2575 1272 2611 χρόνος
1278 2574 1355 2611 Ακατὰ
1364 2574 1500 2611 λΕὺσέ-ξιονν
1516 2575 1584 2611 ἐτῶν
1598 2577 1657 2601 ἐστι
1674 2575 1704 2601 λ’·

921 2610 1032 2639 Summa
1044 2609 1241 2645 levilporis,quo
1259 2609 1416 2645 Manut/tias
1429 2609 1642 2645 Macjtabwornm
1659 2618 1707 2644 pa-

923 2652 970 2678 ter,
985 2654 1030 2673 nec
1042 2644 1099 2673 uonr
1109 2645 1159 2680 ﬁlii
1176 2645 1274 2677 ludas,
1291 2644 1423 2672 Jonathas
1438 2649 1461 2672 et
1478 2644 1569 2672 Simon
1583 2654 1638 2680 rem
1658 2653 1708 2680 pu-

921 2682 1018 2709 blicam
1040 2679 1272 2713 administrarunt,
1295 2680 1359 2706 anni
1374 2684 1435 2706 sunt
1457 2687 1511 2706 xxx
1536 2680 1571 2706 ad
1596 2679 1706 2706 Eusebii

920 2717 1047 2745 rationes.
1066 2716 1216 2744 Dicendum
1230 2719 1289 2743 erat
1307 2715 1391 2750 igitur
1405 2714 1593 2750 quadraginta.
1608 2715 1646 2742 uti
1662 2719 1705 2742 est

921 2752 949 2778 in
967 2751 1060 2779 Graeco
1082 2755 1172 2782 textu,
1190 2753 1273 2786 utque
1291 2758 1307 2778 a
1328 2750 1479 2785 posteriore
1501 2750 1611 2778 Eusebii
1633 2751 1705 2778 libro

921 2787 1077 2814 conﬁrmari
1094 2787 1211 2813 videtur.

956 2821 1012 2890 95)
1030 2822 1119 2856 Antiq.
1135 2829 1194 2850 xm.
1213 2821 1241 2849 8.

971 2857 1015 2890 Η)
1036 2857 1075 2883 Ita
1101 2856 1232 2883 Jonallzas

971 2857 1015 2891 Η)
1036 2857 1075 2883 ita
1100 2855 1232 2883 Jonathas
1257 2856 1283 2882 in
1300 2859 1375 2891 textu
1389 2855 1520 2884 Armenio
1542 2861 1570 2884 et
1591 2855 1705 2890 Graeco;

922 2892 989 2927 quin
1006 2890 1094 2920 etiam
1119 2891 1148 2919 in
1172 2890 1343 2919 Armeniacis
1359 2890 1478 2919 Bibliisl
1499 2891 1622 2920 Machab.
1642 2899 1705 2925 xm,
