1904 3135
205 153 260 182 255

469 207 583 236 CAPUT
603 207 721 234 XXXIX.

454 253 641 280 Thessalorum
665 261 747 288 reges.

244 302 268 328 1.
285 299 410 328 Thessali
423 304 450 326 et
466 299 583 334 Epirotae
602 299 648 326 diu
666 303 816 334 paruerunt
831 300 925 328 iisdem
941 301 988 335 qui

209 345 400 373 Macedonibus
413 344 609 378 praesidebant;
626 352 641 371 a
657 344 786 372 Romanis
806 349 895 372 autem
910 346 990 372 liber-

207 396 288 418 tatem
312 398 374 417 curn
405 390 467 424 jure
494 390 587 417 utendi
609 390 667 418 suis
691 390 795 425 legibus
820 391 908 426 adepti
926 395 988 419 sunt

208 440 269 472 post
282 436 437 471 Philippum
460 436 488 462 in
509 435 651 463 Thessalia
673 437 756 464 armis
771 436 825 463 Titi
853 437 990 464 Romano-

208 489 267 508 rum
285 481 363 509 ducis
384 481 555 517 proﬂigatum
577 481 626 516 (1).
644 481 696 509 Sed
710 487 737 510 et
751 482 802 517 ipsi
817 482 923 510 demum
939 483 989 510 sti-

206 527 342 562 pendiarii
362 526 546 555 Romanorum
566 518 630 555 lacti
643 532 708 556 sunt
718 529 812 556 eadem
828 536 881 564 qua
903 528 988 556 Mace-

207 571 292 598 dones
305 579 400 599 causa.

241 617 269 644 2.
297 616 406 644 Scilicet
431 621 493 652 post
515 618 618 645 obitum
643 618 789 646 Alexandri
818 618 860 646 his
875 609 990 654 'quoque

207 662 348 694 Aridmus,
376 662 421 696 qui
444 666 471 689 et
495 661 647 698 Philippus,
671 663 815 698 imperavit
841 664 920 691 annis
948 672 990 691 se-

207 711 290 741 ptem.
331 707 399 735 Huic
429 708 561 735 successit
588 708 740 736 Cassander
766 708 936 744 Epirotarmn
963 714 991 737 et

211 751 405 779 Thessalorum
424 760 471 780 rex
495 753 574 780 annis
590 754 788 781 novemdecim.
805 753 872 781 Tum
891 754 991 790 Philip-

208 804 261 831 pus
275 797 334 831 ejus
350 796 422 824 lilius
434 797 575 824 mensibus
590 797 628 833 (2)
643 802 769 832 quatuor.
787 797 888 826 Deinde
899 803 926 825 et
939 799 991 826 htt-

207 842 253 876 jus
274 841 372 868 lratrcs
393 841 534 876 Antipater
558 845 586 868 et
611 841 763 869 Alexander
788 843 867 870 annis
884 842 991 870 duobus

564 150 696 178 EUSEBII
716 150 954 178 CA‘ISARIENSIS
967 149 1041 178 OPP.
1061 149 1151 177 PARS
1170 149 1189 176 1.
1206 165 1241 170 —-
1260 148 1453 177 HISTORICA.

1765 147 1821 174 2.56

1001 211 1022 239 Α
1037 207 1177 235 Thessalia
1203 207 1327 240 ruerunt;
1347 205 1475 240 deinceps
1490 213 1553 233 vero
1568 206 1705 242 principes
1730 213 1819 233 annui

1038 252 1174 287 suliragiis
1196 252 1313 287 publicis
1337 251 1388 287 legi
1413 255 1564 287 coeperunt.
1591 251 1699 279 Primus
1724 258 1819 279 autem

1038 302 1147 325 creatus
1160 301 1202 324 est
1219 297 1367 324 Pausanias
1385 297 1536 329 Echecrati,
1555 296 1694 324 Pheraeus.
1714 297 1820 325 Deindtr

1038 342 1169 377 Amyntas
1191 341 1316 373 Cratetis,
1343 341 1457 372 Pierius,
1488 349 1542 376 quo
1565 342 1715 377 imperante
1739 343 1821 371 Titus

1039 386 1151 414 Romam
1170 394 1298 414 reversus
1319 391 1371 415 est.
1389 386 1490 415 Deinde
1507 386 1633 414 Aiacides
1649 387 1741 416 Calliae
1763 396 1824 415 me-

1039 433 1231 468 tropolitanus.
1255 432 1357 460 Deinde
1373 432 1537 467 Epidromus
1553 433 1746 465 Andromachi,
1765 433 1815 461 La-

1039 479 1160 511 risszeus,
1177 479 1316 506 mensibus
1335 482 1413 511 octo;
1438 478 1542 513 reliqua
1564 482 1654 506 autem
1678 479 1737 514 ejus
1754 480 1821 506 anni

1040 530 1116 560 parte
1144 524 1283 551 Eunomus
1308 523 1448 559 Polycleti,
1478 523 1645 556 Larissaeus,
1678 525 1822 553 mensibus

1040 574 1165 604 quatuor.
1194 569 1325 596 Posthinc
1355 569 1494 597 Eunomus
1522 577 1594 596 anno
1625 578 1690 597 uno.
1716 569 1823 598 Deinde

1040 615 1168 643 AZacides
1181 615 1272 642 Callia:
1284 615 1506 649 metropolitanus
1522 615 1630 642 iterum.
1642 614 1742 642 Deinde
1754 615 1823 642 Pra-

1039 661 1176 696 vilus(11)
1189 660 1308 692 Ριιειίειι,
1325 659 1487 688 Scotusaeus.
1500 659 1599 688 Deinde
1614 660 1752 688 Eunomus
1767 661 1823 688 Po-

1040 707 1141 743 lycleti,
1169 706 1330 738 Larissazus,
1357 707 1466 733 iterum.
1492 706 1593 734 Deinde
1613 706 1822 734 Androsthenes

1040 753 1126 785 ldalii,
1133 752 1358 788 Gyrtonius(12).
1368 752 1466 780 Deinde
1474 751 1693 788 Thrasymachus
1701 753 1823 780 Alexan—

1040 798 1093 830 dri,
1118 798 1257 826 Atracius.
1282 797 1384 826 Deinde
1411 797 1608 825 Laontomenes
1628 797 1822 829 Damotbonis.

1041 841 1180 869 Pherzeus.
1208 841 1310 870 Deinde
1333 841 1482 869 Pausanias
1510 841 1693 870 Damothonis.
1719 842 1825 870 Deinde

212 887 406 922 mensibusque
421 895 480 915 sex.
501 887 566 914 item
582 887 735 915 Demetrius
750 888 875 923 Antigoni
893 889 930 924 (5)
943 897 990 916 an-
1006 885 1026 912 Β
1040 887 1199 915 Theodorus
1209 887 1365 919 Alexandri,
1375 887 1491 923 Argivus
1505 887 1570 923 (l3).
1587 887 1687 915 Deinde
1695 887 1826 915 Nicocre-

210 935 253 961 nis
269 942 315 961 sex
334 934 499 969 totidemque
515 935 664 962 mensibus.
684 934 781 962 Postea
798 934 919 971 Pyrrhus
933 936 989 971 (δ’)

210 980 290 1007 annis
305 983 422 1014 Cluatuor
441 980 608 1015 totidemque
625 981 775 1008 mensibus.
797 980 898 1008 Deinde
915 981 991 1016 Lysi-

211 1024 327 1052 machus
350 1024 508 1060 Agathoclis
523 1026 603 1053 annis
619 1033 679 1053 sex.
694 1026 754 1053 Mox
774 1031 801 1054 et
817 1025 988 1059 Ptolemmus,

210 1074 389 1105 cognomento
420 1070 574 1102 Ceraunus,
606 1079 678 1098 anno
707 1079 762 1099 uno
798 1073 992 1108 mensibusque

211 1116 353 1151 quinque:
371 1124 450 1152 quem
475 1117 581 1152 excepit
603 1117 736 1152 Meleager
758 1119 896 1146 mensibus
924 1119 992 1147 dno-

211 1161 279 1188 bus:
299 1165 360 1196 post
381 1170 462 1197 quem
489 1162 633 1198 Antipater
657 1163 810 1198 Lysimachi
824 1164 862 1200 (Δ)
873 1165 993 1201 quinque

210 1211 238 1234 et
252 1207 430 1242 quadraginta
443 1207 539 1235 diebus
557 1218 563 1236 :
581 1214 641 1243 post
657 1217 737 1244 quem
753 1209 901 1238 Sosthenes
922 1219 992 1238 anno

211 1261 280 1280 uno.
296 1253 478 1280 Consecutum
495 1257 537 1280 est
554 1255 739 1290 interregnum
754 1255 861 1283 duobus
876 1256 955 1284 annis
967 1261 994 1284 et

212 1299 353 1326 mensibus
369 1299 493 1326 totidem.
516 1299 584 1327 Exin
606 1300 764 1329 dominatus
785 1305 827 1329 cst
841 1302 994 1337 Antigonus

213 1343 340 1371 Demetrii
355 1343 435 1371 annis
452 1344 561 1379 triginta
576 1349 703 1380 quatuor,
721 1346 916 1382 mensibusque
926 1347 995 1374 duo-

213 1389 274 1417 bus.
292 1390 372 1417 Circa
389 1390 439 1417 hos
460 1397 546 1418 annos
556 1390 678 1426 Pyrrhus
701 1392 817 1426 receptis
836 1392 862 1418 in
880 1392 996 1420 deditio-

212 1442 273 1461 nem
291 1435 417 1470 Antigoni
431 1436 527 1470 copiis,
542 1438 690 1472 paucisquc
705 1438 773 1464 lacis
800 1438 913 1472 potitus,
929 1447 995 1474 pra:-

213 1480 252 1506 lio
266 1479 364 1507 deinde
380 1480 469 1507 Derdii
481 1480 519 1515 (5)
537 1489 551 1507 a
574 1480 709 1508 Demetrio
729 1482 784 1508 lilio
804 1482 933 1518 Antigoni
948 1483 996 1511 de-

213 1525 331 1553 bellatus
349 1529 400 1557 est,
426 1526 560 1561 rebusque
586 1532 685 1554 exutus
706 1527 755 1562 (6).
774 1527 853 1555 Brevi
876 1532 996 1564 tempere

214 1574 284 1605 post,
296 1571 429 1598 exstincto
443 1571 587 1607 Antigono,
605 1573 726 1608 regnavit
738 1573 798 1607 ejus
812 1573 884 1601 ﬁlius
897 1574 992 1602 Deme-

216 1615 286 1643 trius
309 1616 388 1644 annis
411 1616 513 1644 decem.
537 1616 602 1645 Post
624 1618 697 1645 hunc
719 1618 872 1653 Antigonus
900 1620 995 1647 Deme-

217 1661 262 1688 trii
285 1661 324 1697 (7)
345 1662 413 1696 ejus,
441 1663 487 1697 qui
513 1663 644 1698 Cyrenem
670 1664 810 1699 profectus
835 1669 877 1692 est
899 1666 949 1700 (8),
968 1670 995 1693 et

216 1706 383 1742 Olympiadis
399 1706 436 1742 (9)
463 1707 522 1735 lilia:
539 1707 666 1744 Polycleti
687 1708 823 1743 Larisszei,
846 1710 925 1738 annis
947 1719 996 1738 no-

216 1760 287 1779 vem.
303 1752 353 1780 Hic
370 1753 475 1781 Achaeis
491 1755 629 1789 suppetias
641 1755 747 1782 validas
768 1752 860 1784 ferens
874 1756 996 1785 Cleome-

216 1806 276 1825 nem
305 1797 527 1827 Lacedaamonum
549 1804 692 1835 tyrannum
719 1801 812 1836 prtelio
841 1804 995 1839 superavit,

218 1844 421 1879 Spartanosque
442 1845 567 1873 libertate
592 1845 713 1879 donavit,
730 1854 762 1874 ac
783 1848 889 1875 divinos
912 1855 995 1884 prope

218 1890 334 1918 honores
372 1891 442 1925 apud
484 1891 644 1918 Achaeorum
682 1898 788 1928 gentem
831 1894 996 1929 promeritus

216 1941 258 1963 est
274 1937 340 1972 (10).
368 1935 433 1964 Post
457 1937 529 1964 hunc
554 1936 694 1973 Philippus
722 1938 849 1966 Demetrii
875 1941 997 1974 regnavit

218 1981 297 2009 annis
312 1989 379 2008 xxtn
397 1989 458 2008 eum
476 1983 616 2010 mensibus
633 1991 661 2010 ιι
674 1992 681 2011 2
694 1987 749 2010 tum
763 1984 854 2018 prazlio
870 1984 895 2011 in
912 1984 997 2012 Thes-

219 2027 285 2054 salia
301 2035 315 2054 a
330 2027 390 2055 Tito
412 2028 481 2055 duce
496 2028 610 2055 Romani
626 2029 763 2057 exercitus
777 2030 929 2057 debellatus
943 2035 994 2058 est.

218 2074 241 2100 Α
256 2074 385 2103 Romanis
401 2079 490 2103 autem
507 2075 655 2102 libertatem
674 2079 889 2110 potestatemque
903 2077 995 2103 utendi

219 2127 277 2147 suis
298 2119 401 2154 legibus
424 2125 587 2155 acceperunt
615 2120 737 2148 Thessali
756 2122 874 2157 itemque
897 2122 995 2157 reliqui

219 2165 304 2194 Grieci
318 2166 364 2201 qui
380 2167 493 2201 vectigal
507 2165 630 2201 Philippo
645 2167 810 2201 pendebant.

1040 938 1082 961 tes
1093 933 1221 967 Pbaxini,
1244 933 1410 961 Scotusaeus.
1429 933 1530 961 Deinde
1550 933 1735 969 Hippolochus
1755 935 1824 962 Ale~

1040 979 1124 1014 xippi,
1139 979 1300 1007 Larissazus.
1316 979 1417 1006 Deinde
1432 979 1636 1007 Cleomaehides
1650 979 1747 1011 (Επεὶ,
1768 979 1826 1007 La-

1042 1025 1163 1052 rissaeus.
1174 1024 1273 1052 Deinde
1282 1024 1417 1060 Phyrinus
1423 1024 1614 1057 Aristomenis,
1626 1024 1823 1060 Gomphensis.

1076 1071 1102 1097 ι.
1123 1070 1162 1097 Eo
1181 1077 1252 1097 anno
1279 1069 1419 1105 Philippus
1444 1078 1490 1098 rex
1512 1070 1577 1097 obiit
1602 1070 1630 1097 in
1650 1070 1823 1102 Macedonia,

1042 1118 1175 1151 potestate
1190 1115 1217 1141 in
1233 1114 1318 1141 tilium
1335 1113 1463 1142 Perseum
1480 1114 1622 1142 translata.
1639 1113 1668 1141 Is
1681 1113 1825 1142 Thessalis

1042 1163 1231 1197 imperaverat,
1248 1165 1276 1187 ut
1285 1159 1386 1187 dictum
1396 1164 1448 1190 est,
1463 1159 1541 1187 annis
1554 1159 1649 1194 viginti
1661 1159 1717 1195 (Η)
1731 1160 1824 1187 tribus

1043 1215 1104 1234 cum
1127 1206 1266 1234 mensibus
1288 1213 1395 1237 novem,
1413 1204 1606 1233 Macedonibus
1629 1210 1718 1233 autem
1740 1206 1825 1233 annis

1042 1252 1153 1280 omnino
1173 1252 1352 1288 quadraginta
1376 1251 1482 1279 duobus
1507 1255 1534 1279 et
1554 1251 1693 1279 mensibus
1708 1259 1819 1278 novem.

1042 1299 1101 1327 1am
1117 1307 1182 1327 vero
1197 1307 1212 1326 a
1227 1299 1382 1327 centesimae
1400 1304 1427 1326 et
1444 1304 1548 1334 quarta:
1561 1299 1672 1326 decima:
1687 1299 1825 1335 olympia-

1043 1346 1086 1373 dis
1100 1353 1172 1372 anno
1186 1345 1285 1377 altero,
1304 1352 1359 1380 quo
1374 1348 1494 1380 tempore
1509 1344 1591 1372 rebus
1605 1345 1765 1379 prmpositus
1780 1349 1826 1372 est

1043 1389 1184 1426 Philippus
1196 1390 1352 1427 (Aridams),
1369 1397 1456 1425 usque
1473 1389 1505 1416 ad
1519 1388 1673 1425 Philippum
1693 1389 1826 1417 Demetrii

1044 1438 1219 1469 exstinctum,
1249 1437 1329 1472 cujus
1349 1436 1439 1464 obitus
1453 1436 1548 1463 incidit
1568 1436 1595 1463 in
1615 1435 1771 1463 centesima:
1795 1441 1828 1463 et

1045 1483 1276 1517 quinquagesima:
1305 1482 1465 1518 Olympiadis
1488 1489 1588 1509 annum
1618 1481 1732 1509 alterum
1757 1489 1825 1509 cum

1046 1529 1166 1564 quinque
1191 1528 1345 1561 mensibus,
1369 1527 1521 1555 conﬂantur
1542 1527 1606 1554 anni
1631 1534 1721 1559 cxuv.
1744 1535 1830 1555 men-

1047 1579 1144 1606 sesque
1157 1578 1183 1598 V.

1081 1617 1107 1644 Β.
1128 1617 1318 1644 Thessalorum
1335 1625 1425 1652 regum
1443 1624 1560 1644 summa.

1081 1661 1102 1690 1.
1123 1661 1256 1693 Aridzeus,
1271 1661 1395 1696 idemque
1409 1660 1559 1696 Philippus,
1572 1661 1651 1688 anuis
1662 1668 1711 1689 vlt.

1080 1707 1112 1736 ll.
1133 1708 1286 1736 Cassander
1301 1708 1380 1735 annis
1394 1716 1450 1735 xix.

1082 1753 1126 1781 lll.
1146 1754 1287 1789 Philippus
1300 1754 1437 1782 mensibus
1452 1762 1488 1781 tv.

1081 1799 1126 1828 IV.
1148 1800 1289 1835 Antipater
1300 1799 1358 1836 (15)
1373 1804 1399 1827 et
1411 1799 1563 1827 Alexander
1576 1801 1654 1828 annis
1670 1808 1689 1828 ιι
1701 1803 1729 1828 et
1742 1807 1829 1829 men-

1047 1848 1123 1875 sibus
1134 1855 1171 1875 vt.

1086 1892 1116 1920 V.
1138 1892 1290 1920 Demetrius
1305 1893 1423 1924 annis,\'t
1436 1897 1462 1919 et
1475 1893 1615 1921 mensibus
1624 1901 1662 1921 vt.

1082 1938 1126 1966 Vl.
1145 1937 1267 1973 Pyrrhus
1286 1938 1365 1965 annis
1377 1946 1405 1964 ιιι
1418 1937 1473 1973 (16)
1490 1945 1516 1966 et
1533 1939 1672 1967 mensibus
1684 1946 1722 1966 tv.

1082 1984 1139 2011 Vli.
1158 1984 1336 2020 Lysimachus
1351 1985 1428 2012 annis
1440 1993 1478 2013 vt.

1084 2029 1150 2058 Vlll.
1171 2029 1342 2064 Ptolemaeus,
1361 2030 1486 2066 idemque
1506 2031 1658 2064 Ceraunus,
1679 2037 1776 2059 llanl
1799 2035 1830 2059 et

1048 2076 1186 2103 mensibus
1200 2083 1226 2102 v.

1083 2120 1129 2148 lx.
1150 2120 1280 2156 Meleager
1295 2119 1434 2148 mensibus
1447 2117 1479 2146 Il.

1084 2166 1116 2193 Χ.
1136 2166 1277 2201 Antipater
1289 2166 1385 2194 diebus
1401 2174 1461 2194 va.

254 2211 281 2238 ὅ.
306 2211 338 2237 Ει
367 2211 454 2245 primo
478 2210 586 2245 quidem
611 2218 682 2237 anno
710 2211 776 2237 rutili
804 2211 940 2248 principes
968 2210 994 2237 in
1013 2221 1036 2250 ο
1084 2211 1129 2239 XI.
1151 2211 1299 2240 Sosthenes
1319 2219 1391 2239 anno
1405 2220 1423 2238 ι.

240 2299 294 2361 2(Ι)
314 2298 453 2361 Legeqdus
472 2299 564 2327 Livius
576 2307 661 2332 xxxtl,
680 2300 712 2327 10
732 2308 804 2335 sqq.,
826 2303 882 2326 tum
899 2307 997 2332 xxxnt,

259 2355 266 2361 .
284 2342 375 2361 xxxiv.
408 2353 415 2361 .

222 2335 266 2366 52,
284 2342 375 2365 xxxtv.
390 2335 415 2361 1.

258 2369 295 2403 ('2)
314 2369 404 2397 Codex
422 2369 496 2397 Artn.
512 2370 555 2396 hic
569 2371 656 2402 annis.
669 2369 716 2397 sed
727 2369 840 2396 inferius
857 2368 998 2397 mensibus.

257 2404 296 2441 (ὅ)
315 2404 405 2441 Codex
420 2404 499 2441 Ληιιέ
511 2405 654 2441 Antipatri.
675 2404 747 2440 quod
763 2404 856 2431 vitium
873 2404 998 2431 emenda-

221 2439 310 2466 vimus
325 2439 404 2467 etiam
422 2439 474 2468 col.
486 2439 550 2471 249,
569 2446 598 2470 ιιι,
612 2441 640 2470 Δ.

258 2475 315 2535 (5³)
335 2473 463 2509 Pyrrhus.
479 2479 517 2501 tta
541 2480 582 2503 est
598 2478 679 2502 etiam
697 2475 723 2501 in
740 2473 842 2501 Veneta
861 2473 999 2505 editione;

258 2518 259 2521 η
285 2513 373 2535 tamen
394 2510 566 2535 scribendum
584 2511 694 2535 omnino
714 2513 756 2535 est
768 2509 916 2535 Alexander
933 2508 999 2535 I’ur-

223 2508 269 2570 8ῗᾲ
280 2508 373 2570 [tamen
394 2510 566 2537 scribendum
584 2511 694 2536 omnino
714 2513 756 2536 est
768 2509 916 2536 Alexander
933 2508 1001 2544 Pyr-

223 2553 236 2570 Γ
246 2553 264 2570 ιι
309 2552 360 2570 ηιε.

223 2545 264 2571 rlti
279 2545 360 2572 ﬁlius.

259 2578 296 2614 (4)
327 2579 430 2614 Rursus
460 2579 566 2606 videtur
590 2578 734 2605 dicendum
775 2579 900 2614 Philippi.
934 2578 1001 2606 Vide

224 2613 292 2649 sup.
304 2613 357 2649 col.
371 2613 434 2646 254,
448 2622 475 2640 n.
491 2615 507 2642 6

257 2648 295 2682 (5)
317 2648 427 2676 Videtur
441 2649 583 2684 dicendum
599 2648 686 2684 Argis.

258 2684 296 2718 (6)
316 2684 432 2719 Legendi
449 2689 511 2711 sunt
526 2682 649 2711 Justinus
666 2690 728 2713 xxv.
747 2687 779 2709 et’
792 2682 961 2719 Plutarchus
974 2682 1000 2709 in

225 2718 337 2753 Pyrrho.
358 2718 416 2746 Jam
437 2719 459 2746 si
485 2719 590 2746 scribas
610 2719 735 2753 superius
758 2719 846 2753 Argis,
863 2719 937 2746 dices
957 2718 1002 2745 hic

219 2753 348 2789 rebusque
362 2754 482 2780 humanis
494 2758 598 2781 exutus.

260 2787 454 2823 (7j’lnnnerito
477 2789 558 2823 igitur
571 2791 617 2815 hic
635 2787 786 2821 Antigonus
801 2787 942 2815 videbatur
956 2787 1002 2814 Al-

223 2823 316 2858 cyonei
342 2824 412 2850 lilius
436 2823 578 2850 Reineceio
595 2823 732 2850 Munarch.
759 2828 816 2850 γει-1.
845 2831 871 2858 p.
896 2824 955 2851 129.
980 2825 999 2849 A

225 2857 358 2886 Pausania
373 2866 418 2892 vn,
436 2858 460 2891 '1,
480 2858 580 2886 dicitur
602 2859 759 2895 Antigonus,
778 2857 885 2893 ἀνεψιὸς
900 2859 937 2894 τῷ
957 2859 1002 2886 Φι-

170 3007 244 3043 1.,

1048 2301 1208 2337 Mrmtp,zat
1228 2302 1323 2337 μητέρι
1339 2301 1420 2328 αὑτοῦ
1436 2302 1576 2332 συνοικῶί,
1591 2299 1707 2335 Philippi
1721 2307 1831 2335 patrus-

1050 2337 1082 2363 lis
1093 2341 1116 2362 et
1131 2336 1248 2363 vitricus.

1085 2371 1121 2405 (8)
1142 2371 1248 2398 Videsis
1265 2378 1324 2405 cap.
1340 2370 1385 2402 38,
1403 2379 1430 2399 n.
1448 2371 1475 2398 9.

1085 2403 1122 2440 (9)
1142 2405 1268 2441 Demetrii
1288 2403 1356 2433 uxor
1381 2410 1439 2433 erat
1472 2405 1668 2441 Phthiapergo
1688 2403 1831 2441 Qlympias

1050 2439 1210 2468 concubina.
1227 2440 1318 2475 Neque
1334 2441 1386 2467 lntc
1408 2441 1538 2468 trahenda
1550 2439 1667 2475 rvidetttr
1688 2439 1832 2475 Olympias

1051 2475 1146 2515 Pyrrhi
1169 2474 1282 2515 epirotai
1298 2475 1446 2515 regislilia.
1466 2483 1527 2509 qua
1545 2474 1673 2515 Demetrii
1694 2474 1830 2503 auxilium

1051 2510 1213 2545 imploravit,
1231 2514 1298 2538 teste
1308 2510 1413 2538 .liistino
1430 2518 1524 2542 xxvnt,
1543 2510 1567 2537 1.

1085 2543 1140 2579 (10)
1162 2545 1223 2572 Haec
1233 2545 1266 2572 de
1280 2546 1412 2578 Antigono
1429 2546 1481 2573 late
1495 2545 1641 2580 praedicant
1653 2543 1784 2580 Polybius
1800 2554 1832 2579 ιι,

1052 2579 1097 2613 70;
1114 2580 1206 2607 Livius
1219 2588 1264 2611 ιιι..
1287 2581 1337 2613 54;
1350 2579 1502 2608 Pausanias
1514 2588 1544 2610 tt.
1557 2581 1583 2611 9.
1595 2587 1639 2613 vt;
1657 2580 1708 2612 16;
1732 2587 1783 2612 vn,
1799 2580 1831 2606 7·

1051 2622 1108 2652 vni,
1120 2614 1406 2652 78;AJIA|Sl_iIIuS_XKthI,
1419 2615 1476 2652 3,4,
1489 2621 1516 2643 ct
1529 2615 1636 2642 Suidas.

1099 2651 1140 2684 Il)
1162 2650 1286 2679 Inferius.
1299 2650 1424 2677 I’raviles.

1100 2682 1142 2717 12)
1162 2685 1201 2720 [ta
1216 2686 1242 2712 in
1255 2686 1374 2720 margine
1386 2685 1486 2712 codicis
1502 2684 1619 2718 Arm.;at
1631 2685 1658 2712 in
1675 2688 1750 2712 textu
1763 2682 1834 2711 Car

1051 2720 1147 2747 tonius.
1165 2719 1233 2746 Num
1251 2719 1411 2755 Cortynius?

1102 2755 1144 2789 13)
1156 2755 1225 2790 Puta
1235 2763 1267 2790 ex
1283 2754 1359 2790 Argis
1377 2754 1580 2788 amp/tilothicis.

1099 2790 1141 2826 ll)
1155 2789 1233 2826 Deest
1249 2789 1294 2826 hic
1308 2791 1397 2826 viginti
1411 2790 1436 2816 in
1454 2791 1514 2818 cod.
1529 2790 1602 2816 Arni.

1087 2824 1244 2860 (135)90ch
1260 2824 1347 2856 Arm.,
1364 2826 1519 2860 Antigonus.

1088 2859 1143 2895 (16)
1156 2858 1286 2894 Superius
1299 2868 1336 2886 tv.
