1904 3135
227 131 281 159 259

583 130 715 158 Ειλδειιιι
736 129 971 159 ΕΑΖΞΑΒΙΕΝΞΙΒ
988 131 1000 158 ί

1060 151 1063 157 ,
1084 131 1173 158 PARS
1191 131 1210 158 Ι.
1230 147 1263 151 -
1283 131 1474 158 HISTORICA.

1790 131 1850 158 160

205 213 207 215 .
226 189 298 216 inter
313 188 447 216 barbaros
464 187 577 215 ulterius
588 191 746 222 provectus,
762 187 876 215 victoria
895 195 1008 224 regnum
1024 191 1047 219 A
1060 193 1086 216 et
1114 189 1261 217 tricesima:
1288 193 1392 216 octava:
1414 188 1593 225 olympiadis,
1620 192 1701 223 atque
1727 189 1765 215 ita
1793 197 1848 216 an—

225 234 408 266 conﬁrmavit,
429 242 461 261 ex
476 241 562 269 eaque
583 233 673 261 dictus
694 237 736 261 est
749 233 918 270 Nicanor(l)
945 235 1005 270 (seu

225 281 337 315 victor),
354 285 514 315 sceptroque
535 279 636 314 potitus
656 285 698 307 est
715 281 794 308 annis
812 281 1008 315 triginta'duo-

226 327 287 358 bus,
306 334 387 353 orsus
401 325 526 352 videlicet
543 333 558 352 a
575 325 732 353 centesimae
747 330 775 353 et
797 326 910 353 decima:
929 327 1008 362 septi-

225 380 276 399 mas
302 371 463 407 olympiadis
487 378 559 398 anno
581 371 669 406 primo
690 371 746 406 (2),
771 372 954 408 desinensque
980 373 1008 400 in

225 418 382 445 centesimae
404 421 430 444 et
455 417 591 444 vicesimae
611 422 715 453 quarta:
741 425 841 445 annum
867 422 1006 453 quartum,

225 463 280 489 vita
296 461 330 488 ad
346 469 447 488 annum
464 469 550 497 usque
564 463 795 498 septuagesimum
809 463 932 498 quintum
944 471 1008 498 pro-

225 508 316 539 ducta,
336 515 391 542 quo
408 507 523 535 insidias
543 515 557 534 a
580 507 708 534 familiari
729 507 877 538 Ptolemaei.
904 517 1006 545 cogno-

224 556 316 580 mento
331 553 459 584 Cerauni,
473 560 573 587 passus
588 553 701 580 interiit.

259 600 285 628 5.
307 599 447 627 Successit
463 600 534 627 ﬁlius
549 599 700 627 Antiochus
716 607 748 627 ex
764 601 866 636 Apame
885 601 1006 637 perside,

223 646 269 681 qui
287 646 438 681 appellatus
457 649 499 672 est
517 644 598 672 Soter
615 645 654 681 (5)
669 645 778 681 (nempe
797 648 942 678 servator).
958 647 1008 676 Hic

224 693 382 720 centesimae
412 696 439 720 et
466 692 604 720 vicesimae
639 700 718 720 nonae
742 694 904 729 olympiadis
935 703 1007 722 anno

224 737 312 773 primo
326 738 404 770 obiit,
422 742 566 773 postquam
587 738 667 766 annis
684 746 748 766 Lxlv
762 740 884 773 vixerat;
906 749 1006 777 regna-

224 787 301 810 verat
323 787 414 810 autem
436 783 514 810 annis
538 791 595 815 xix,
619 791 635 811 a
653 785 806 813 centesimae
823 789 849 813 et
870 786 1006 814 vicesima;

224 824 326 863 quinta:
341 828 505 864 olympiadis
525 830 613 864 primo
629 837 714 863 anno,
737 839 824 866 usque
845 831 879 858 ad
895 831 1005 859 tertium

1058 234 1102 261 nis
1122 242 1165 261 xxI
1179 234 1217 269 (9)
1233 234 1388 262 dominatus
1404 238 1456 262 est.
1471 234 1501 260 Ei
1521 239 1629 261 mortuo
1640 234 1698 269 (10)
1719 235 1850 262 succedit

1060 279 1132 306 ﬁlius
1152 277 1294 310 Seleucus,
1312 282 1499 314 cognomento
1511 277 1662 306 Cerannus.
1677 279 1767 314 Atque
1786 280 1849 308 haec

1058 325 1167 360 quidem
1183 325 1220 351 ita
1237 332 1266 352 se
1281 325 1443 352 habuerunt.

1094 371 1120 398 8.
1143 371 1338 398 Verumtamen
1347 371 1454 398 vivente
1464 370 1554 398 adhuc
1567 370 1699 398 Callinico
1713 370 1846 404 Seleuco,

1057 416 1209 451 Antigonus
1225 415 1283 450 (ll)
1298 416 1389 442 minor
1404 419 1470 442 natu
1487 414 1572 442 frater
1588 415 1688 449 quietis
1704 416 1847 451 sortisque

1057 469 1114 489 sua:
1130 462 1285 496 impatiens,
1307 461 1459 496 adjutorem
1478 460 1675 496 favitoremque
1689 465 1788 489 nactus
1801 466 1847 489 est

1057 507 1251 540 Alexandrum,
1276 507 1322 542 qui
1335 507 1428 534 urbem
1447 506 1548 534 Sardes
1564 507 1684 539 tenebat,
1699 511 1726 534 et
1746 507 1847 535 Laodi-

1057 561 1104 581 ces
1120 553 1216 581 matris
1233 561 1289 581 suae
1306 552 1389 580 frater
1409 556 1467 580 erat
1478 552 1554 588 (l2):
1571 552 1688 588 denique
1707 556 1734 580 et
1756 552 1846 580 Gallis

1057 599 1234 627 auxiliaribus
1252 607 1319 626 usus
1342 602 1393 626 est.
1415 598 1526 626 Duobus
1544 599 1644 634 prazliis
1666 598 1799 626 Seleucus
1815 599 1845 626 in

1058 646 1141 682 Lydia
1158 646 1300 673 victoriam
1320 649 1419 673 nactus
1441 649 1482 673 est
1497 645 1565 680 (t3),
1582 645 1619 672 ita
1635 648 1727 673 tamen
1743 650 1774 673 ut
1793 653 1844 673 ne—

1057 700 1110 727 que
1131 692 1231 720 Sardes
1247 695 1357 727 caperet
1378 700 1467 727 neque
1481 691 1630 726 Ephesum,
1647 699 1728 726 quam
1743 692 1845 719 urbem

1057 738 1218 766 Ptolemaeus
1232 737 1359 772 praesidio
1376 736 1520 764 insidebat.
1534 736 1636 764 Deinde
1649 737 1676 764 in
1695 736 1845 771 Cappado-

1057 785 1099 812 cia
1125 783 1257 811 adversus
1282 782 1485 814 Mithridatem,
1515 789 1587 809 novo
1612 782 1706 817 praelio
1727 785 1843 814 coorto,

1057 835 1114 858 tum
1137 830 1253 857 militum
1275 829 1335 864 ejus
1353 827 1447 864 viginti
1472 827 1556 855 millia
1581 835 1650 855 caesa
1676 836 1692 855 a
1713 827 1844 856 barbaris

224 874 361 901 vicesima:
378 881 457 901 nonae
475 882 558 909 supra
575 876 761 903 centesimam.
781 876 843 903 Nati
860 881 924 904 sunt
945 877 970 905 ei
990 885 1005 906 e
1023 867 1044 894 Β
1058 881 1131 907 sunt,
1145 880 1201 903 tum
1220 876 1277 910 ipse
1292 874 1451 910 proﬂigatus
1469 874 1579 902 evanuit
1592 874 1657 909 (14).

225 918 378 947 Stratonice
391 919 518 947 Demetrii
532 921 671 949 masculus
686 921 838 949 Antiochus
859 926 885 949 et
899 922 1006 951 femina:

225 966 379 993 Stratonice
404 970 486 1000 atque
517 966 629 1002 Apame,
655 975 770 1004 quarum
800 968 929 1003 Apamem
952 968 1005 996 Ma-

224 1020 272 1048 gas
288 1011 324 1047 (4)
339 1012 416 1039 duxit
435 1020 558 1040 uxorem.
580 1014 761 1041 Stratonicem
777 1017 865 1041 autem
887 1021 934 1042 rex
949 1014 1005 1042 Ma-

224 1059 344 1087 cedoniae
359 1058 522 1087 Demetrius.

259 1104 285 1132 6.
307 1104 440 1132 Praadicto
455 1105 589 1133 Anliocho
602 1105 691 1134 Soteri
710 1107 765 1134 vita
785 1107 880 1136 functo
898 1116 1006 1137 succes-

225 1151 261 1179 sit
279 1151 307 1178 in
330 1151 474 1186 imperium
493 1152 657 1185 Antiochus,
677 1158 857 1188 cognomento
872 1154 943 1182 Deus
955 1154 1003 1190 (5),

223 1205 304 1225 orsus
323 1204 339 1224 a
360 1197 515 1225 centesimae
535 1201 562 1226 et
581 1199 717 1227 vicesimae
739 1207 818 1228 nonae
842 1201 1004 1236 olympiadis

223 1247 322 1277 quarto
337 1250 420 1275 anno,
438 1243 575 1279 vitamque
597 1244 678 1272 annis
691 1244 780 1272 adhuc
795 1254 828 1273 xv
840 1246 878 1282 (6)
906 1255 1005 1282 propa-

223 1296 301 1324 gans.
319 1289 468 1323 Implicitas
482 1290 510 1316 in
522 1290 646 1317 morbum
661 1290 779 1318 decessit
795 1291 894 1327 Ephesi
911 1297 1004 1320 cente-

223 1335 299 1360 simae
318 1338 345 1361 et
364 1335 509 1362 tricesima:
524 1336 625 1370 quinta:
640 1337 800 1372 olympiadis
821 1338 901 1365 tertio
919 1346 1003 1371 anno,

223 1385 365 1416 postquam
386 1381 465 1409 annis
487 1382 599 1408 omnino
613 1382 792 1418 quadraginta
816 1383 938 1411 vixisset.
959 1383 1004 1412 Fi-

223 1425 275 1454 lios
297 1427 418 1461 suscepit
441 1426 521 1458 duos,
544 1426 701 1460 Seleucum,
725 1433 905 1463 cognomento
925 1429 1004 1457 Calli-

222 1472 324 1504 nicum,
348 1477 375 1500 et
398 1473 581 1508 Antigonum;
610 1473 733 1509 ﬁliasque
756 1475 824 1503 duas
848 1483 863 1503 e
886 1475 1003 1505 Laodice

221 1517 312 1544 Achaei
333 1516 383 1552 (7),
407 1525 524 1552 quarum
548 1518 663 1545 alteram
683 1518 863 1554 Mithridates,
889 1521 1001 1548 alteram

221 1563 339 1590 Aratbes
351 1562 388 1598 (8)
405 1563 543 1590 duxerunt
558 1571 666 1591 uxores.

257 1610 285 1638 7.
306 1609 371 1636 Post
387 1617 448 1636 eum
465 1609 552 1645 major
566 1613 632 1636 natu
652 1609 793 1643 Seleucus,
811 1616 1000 1646 cognomento,

220 1660 252 1684 ut
267 1655 396 1688 diximus,
413 1655 573 1688 Callinicus,
590 1663 702 1691 regnum
723 1657 803 1683 tertio
825 1663 896 1684 anno
917 1657 1002 1693 olym-

222 1702 310 1738 piadis
333 1701 488 1729 centesimae
512 1705 539 1728 et
561 1701 709 1729 tricesima:
731 1702 820 1729 tertiae
843 1702 1002 1737 auspicatus

221 1752 274 1781 est,
292 1748 433 1782 tenuitque
448 1747 481 1774 ad
496 1747 611 1774 alterum
626 1754 712 1782 usque
727 1754 827 1774 annum
847 1751 1003 1775 centesmiae

255 1836 294 1872 (l)
325 1836 411 1871 Vulgo
435 1835 571 1872 Nicalor,‘
601 1837 648 1872 sed
676 1836 794 1864 Nicanor
822 1837 904 1864 etiam
932 1838 1001 1872 apud

220 1872 420 1899 Chorenensem
435 1871 507 1899 Hist.
525 1880 554 1904 ιι,
573 1873 599 1904 1.
613 1871 776 1906 Graacosque
794 1873 950 1900 nonnullos.

257 1907 296 1942 (2)
310 1907 367 1933 Hoc
379 1911 421 1934 est
446 1907 653 1934 celeberrimum
665 1907 772 1934 initium
786 1908 896 1941 epochm
912 1907 1002 1935 Seleu-

220 1942 353 1973 cidarum,
370 1950 423 1976 qua
447 1949 528 1977 super
550 1943 722 1977 relegendus
748 1949 863 1977 magnus
876 1942 1001 1971 Norisius

219 1977 252 2004 de
266 1977 368 2011 epacﬁir
383 1977 623 2012 Syrormacedonum
634 1977 745 2005 dissert.
759 1985 791 2009 it,
804 1978 830 2004 1.

257 2013 295 2048 (5)
311 2011 534 2048 Ρτοριριχϐδιιοε
557 2012 716 2048 debellatos,
746 2020 827 2047 quam
857 2012 1000 2040 victoriam

220 2046 403 2083 legeSiswapud
425 2047 575 2083 Lucianum
592 2047 620 2074 in
633 2047 726 2075 Zeuxi.
754 2046 763 2047 ί
994 2051 995 2055 ‘

255 2082 293 2117 (4)
310 2082 480 2117 yocabulum
499 2082 592 2117 Magos
611 2087 768 2117 corruptum
791 2087 833 2110 est
858 2083 885 2110 in
906 2083 1000 2111 codice

219 2117 300 2152 Ann.
310 2116 364 2145 Res
377 2121 466 2144 tamen
474 2116 728 2152 perspicueconstat
742 2126 757 2145 e
771 2117 904 2144 Pausania
915 2119 997 2145 Attic.

219 2159 267 2187 vn.
283 2151 346 2178 Erat
355 2157 444 2179 autem
460 2151 550 2187 Magas
569 2151 706 2180 Ptolemaei
720 2152 890 2187 Philadelphi
902 2153 997 2186 frater,

218 2186 391 2227 Cyrenesque
411 2195 461 2227 _r_ex
476 2186 517 2214 vel
539 2188 694 2227 praefectus.
719 2187 802 2222 Baga:
818 2186 996 2227 registlyre-

219 2217 269 2258 ιιᾷξῆ
302 2217 491 2257 pinguedinem
517 2217 610 2250 narrat
638 2217 784 2250 Athenzeuvs
812 2217 863 2256 xu',
891 2217 945 2255 12]
968 2232 993 2258 p.
1014 2217 1034 2244 D

254 2292 292 2327 (5)
301 2291 370 2328 Huic
380 2292 435 2328 regi
445 2296 555 2327 putatur
565 2292 682 2320 Berosus
699 2291 845 2328 Historiam
859 2300 936 2321 suam
948 2293 995 2321 ob-

219 2327 325 2355 tulisse.
342 2327 407 2355 Vide
423 2328 567 2355 Tatianum
582 2333 652 2355 orat.
666 2335 726 2362 cap.
742 2327 785 2354 56.

255 2362 292 2398 (6)
310 2363 399 2390 Codex
424 2363 499 2389 Arm.
519 2371 575 2396 xix,
596 2363 667 2398 quod
694 2363 820 2390 mendum
844 2363 936 2390 statim
951 2363 995 2391 hic

218 2399 385 2433 coarguitur,
405 2402 432 2424 et
448 2403 487 2425 ter
503 2398 600 2425 deinde
611 2398 734 2425 inferius.

254 2432 294 2468 (7)
310 2433 359 2459 llic
372 2433 485 2460 Achzeus
501 2441 589 2468 regem
607 2441 636 2460 se
650 2437 742 2468 postea
754 2432 831 2459 dixit.
851 2432 944 2468 Polyb.
957 2442 993 2465 Iv,

254 2439 292 2494 (te
310 2439 359 2459 mc
372 2439 485 2460 acnreus
501 2441 589 2468 regem
607 2441 636 2460 se
650 2439 742 2467 postea
754 2439 831 2459 uixit.
851 2439 944 2468 Polyb.
957 2442 993 2465 Iv,

216 2468 261 2496 48.
288 2477 333 2507 me
343 2468 467 2500 Achzens,
477 2468 511 2495 de
521 2475 575 2503 quo
585 2468 705 2507 loquitur
718 2467 896 2507 Porphyrius,
904 2470 995 2496 senior

217 2508 268 2531 est.
284 2504 335 2536 Qui
352 2508 443 2530 autem
456 2511 485 2530 se
498 2511 588 2538 regem
605 2503 685 2534 dixit,
696 2503 799 2538 junior.

253 2539 291 2574 (8)
307 2539 427 2573 lntellige
438 2537 616 2572 Cappadocia:
625 2546 727 2573 regem.
741 2537 801 2564 .lam
821 2538 931 2566 Arathes
945 2547 994 2574 pro

218 2573 371 2600 Ariarathes
398 2573 527 2609 scribitur
548 2574 630 2600 etiam
652 2580 668 2599 a
686 2574 827 2600 Memnone
837 2574 908 2609 apud
923 2573 994 2601 Pho-

217 2610 283 2636 tiuin
296 2609 357 2636 cod.
371 2616 477 2640 ccxxw,
492 2608 535 2635 52.

253 2645 291 2680 (tl)
307 2644 377 2671 Bene
389 2644 415 2669 in
428 2643 578 2680 posteriore.
599 2643 668 2670 libro
683 2642 724 2670 bis
739 2643 837 2679 legitur
851 2652 896 2676 xx,
913 2645 941 2671 in
954 2649 994 2671 ta-

217 2678 289 2706 bulis
300 2686 395 2712 nempe
410 2685 501 2711 rcgum
512 2682 540 2705 et
552 2678 578 2705 in
593 2686 708 2705 canone.

250 2712 307 2747 (10)
323 2713 361 2739 En
373 2713 504 2739 Eu~ebius
512 2721 559 2741 seu
576 2713 744 2749 Porphyrius
753 2714 917 2742 mentionem
932 2716 993 2742 nul-

216 2749 268 2776 lam
284 2749 385 2784 faciunt
394 2748 557 2781 captivitatis
568 2748 691 2776 Callinici
702 2749 771 2784 apud
782 2749 991 2784 Parthos,quam

216 2789 306 2820 tamen
320 2783 468 2820 scriptores
477 2784 670 2820 aliquot.quos
680 2783 750 2812 inter
767 2785 856 2820 magni
874 2783 992 2812 nominis

216 2817 677 2855 linit-incsVaillaiitius,Fr(elieliilis
689 2825 769 2855 atque
777 2817 930 2852 Eclthelius,
939 2821 989 2848 sibi

216 2854 384 2888 persuasisse
402 2853 539 2883 videntur.
554 2855 646 2884 Merito
663 2853 746 2891 igitur
753 2855 823 2884 hanc
835 2856 989 2891 opinionem

1092 920 1117 947 9.
1133 918 1291 947 Ptolcmmus
1302 926 1376 951 vero,
1391 919 1436 953 qui
1445 922 1471 946 et
1482 918 1608 954 Tryphon
1621 919 1687 954 (l5).
1698 919 1785 955 Syriae
1797 928 1844 947 re-

1057 967 1151 1002 giones
1169 974 1230 993 cum
1243 966 1374 994 Damasco
1387 967 1530 1001 occupavit
1547 966 1614 1001 (16).
1629 965 1844 1002 Orthosiamque

1057 1011 1198 1039 obsidione
1210 1011 1294 1038 cinxit
1305 1012 1371 1047 (l7),
1385 1019 1445 1047 quae
1454 1011 1562 1046 quidem
1580 1011 1668 1038 soluta
1688 1015 1731 1039 est
1745 1016 1843 1038 cente-

1057 1058 1134 1084 sima:
1148 1061 1175 1084 et
1196 1057 1341 1084 tricesima!
1364 1060 1468 1092 quartas
1484 1057 1644 1092 olympiadis
1660 1064 1732 1085 anno
1747 1057 1844 1090 tertio,

1058 1103 1172 1132 Seleuco
1191 1105 1255 1132 illuc
1271 1104 1394 1140 appulso.

1092 1151 1135 1179 10.
1157 1151 1252 1179 Frater
1274 1155 1364 1179 autem
1389 1150 1512 1178 Callinici
1535 1150 1686 1185 Antigonus
1712 1157 1843 1186 magnam

1057 1198 1200 1233 Phrygiam
1214 1205 1371 1233 peragrans,
1387 1197 1496 1225 tributis
1507 1197 1609 1224 incolas
1617 1197 1757 1224 onerabat.
1768 1196 1843 1229 Quin

1056 1250 1084 1272 et
1096 1248 1190 1271 contra
1205 1242 1346 1271 Seleucum
1361 1244 1499 1278 copiarum
1518 1243 1601 1271 duces
1622 1243 1761 1275 mittebat;
1785 1250 1844 1278 quo

1057 1294 1177 1325 tempore
1201 1296 1263 1316 cum
1281 1296 1296 1315 a
1318 1289 1477 1324 voluptariis
1491 1289 1549 1317 suis
1565 1289 1698 1316 ministris
1720 1288 1843 1316 traditus

1057 1335 1152 1363 fuisset
1168 1335 1291 1363 barbaris
1308 1335 1374 1370 (18),
1392 1335 1488 1362 borum
1499 1335 1623 1362 manibus
1631 1335 1739 1369 elapsus
1754 1342 1843 1369 parvo

1056 1381 1185 1409 comitatu
1201 1381 1364 1417 Magnesiam
1378 1381 1465 1409 evasit
1481 1391 1487 1409 :
1503 1381 1676 1415 crastinaque
1688 1381 1732 1408 die
1745 1379 1842 1408 Ptole-

1056 1428 1116 1455 maei
1131 1427 1237 1455 auxiliis
1252 1427 1338 1455 fretus
1353 1427 1475 1462 praalium
1488 1426 1559 1454 felici
1576 1425 1660 1454 Marte
1672 1426 1816 1454 conseruit
1834 1436 1841 1454 :

1057 1475 1112 1498 tum
1121 1475 1148 1499 et
1155 1471 1296 1507 Ziela:(19)
1305 1471 1385 1500 ﬁliam
1396 1472 1498 1507 nuptiis
1509 1471 1560 1499 sibi
1574 1471 1718 1506 copulavit.
1734 1471 1842 1499 Deinde

1056 1526 1127 1546 anno
1152 1522 1248 1554 quarto
1274 1518 1434 1555 olympiadis
1459 1518 1613 1546 centesimae
1637 1521 1663 1544 et
1690 1517 1844 1545 tricesima:

1053 1565 1173 1600 septimae
1184 1565 1210 1592 in
1221 1564 1304 1600 Lydia
1314 1565 1356 1592 bis
1367 1564 1450 1592 armis
1461 1564 1541 1591 motis
1552 1563 1702 1591 debellatus
1712 1567 1754 1591 est
1767 1563 1840 1598 (20).

1053 1610 1121 1637 Τιιιιι
1134 1610 1215 1637 etiam
1231 1610 1302 1638 circa
1318 1610 1438 1638 Choloén
1451 1610 1565 1637 certavit
1581 1617 1644 1637 cum
1656 1609 1746 1636 Attalo
1759 1609 1839 1644 (Si):

1052 1659 1079 1682 et
1094 1655 1202 1690 quidem
1217 1656 1304 1690 primo
1318 1663 1390 1683 anno
1405 1655 1566 1691 olympiadis
1578 1655 1721 1682 tricesima
1731 1659 1842 1682 octava:

1053 1708 1138 1735 supra»
1149 1701 1333 1740 centesimam,
1348 1701 1466 1728 Attalum
1482 1701 1510 1728 in
1531 1700 1676 1728 Thraciam
1691 1709 1779 1736 usque
1795 1700 1842 1728 fu~

1051 1747 1137 1782 giens,
1154 1751 1215 1781 post
1229 1754 1344 1782 pugnam
1362 1747 1389 1774 iu
1409 1746 1489 1774 Caria
1504 1751 1649 1782 patratam,
1667 1746 1721 1773 vita
1736 1753 1841 1774 exces-

1053 1835 1181 1863 refutavit
1200 1844 1322 1864 summus
1341 1835 1498 1863 Vicecomes
1516 1835 1637 1871 Iconogr.
1648 1845 1689 1871 gr.
1703 1835 1747 1867 lll,
1767 1837 1837 1865 382.

1085 1872 1140 1906 (ll)
1160 1871 1208 1899 llic
1226 1877 1268 1899 est
1292 1871 1441 1898 Antiochus
1457 1871 1567 1899 Hicrax.
1585 1872 1615 1898 lu
1630 1872 1725 1899 codice
1740 1876 1838 1901 tamen

1051 1906 1126 1933 Arni.
1137 1910 1295 1934 constanter
1308 1907 1435 1934 scribitur
1449 1907 1606 1940 Antigonus.

1088 1941 1144 1976 (12)
1156 1942 1335 1974 Quaerendum
1350 1942 1383 1968 de
1398 1941 1449 1977 hoc
1468 1951 1475 1973 ;
1501 1949 1564 1968 nam
1584 1940 1748 1977 Ptolemaeus
1766 1944 1837 1977 qui-

1050 1976 1121 2012 dem,
1137 1978 1249 2011 quimox
1261 1980 1395 2007 occurret,
1412 1975 1496 2003 frater
1510 1980 1568 2012 erat
1584 1976 1737 2008 Berenices.
1749 1975 1837 2012 quam

1051 2011 1174 2038 Laodicae
1189 2012 1266 2045 uxori
1286 2011 1377 2045 primte
1391 2011 1581 2046 superinduxit
1607 2011 1769 2043 Antiochus,
1786 2021 1838 2041 co-

1050 2047 1178 2081 gnomine
1194 2046 1273 2078 Deus,
1288 2046 1410 2073 Callinici
1426 2050 1453 2073 et
1469 2046 1590 2074 Hieracis
1603 2055 1711 2081 parens.

1085 2081 1140 2117 (15)
1162 2081 1229 2108 Puta
1244 2081 1375 2117 adversus
1397 2081 1572 2109 Ptolemaeum
1590 2081 1764 2117 Tryphonem
1783 2091 1836 2111 seu

1050 2115 1206 2154 Evergetem
1213 2116 1274 2154 (qui
1284 2116 1404 2154 Ber_eni_ci
1414 2117 1500 2154 sorori
1509 2116 1605 2154 vindex
1611 2115 1733 2152 venerat)
1747 2122 1837 2154 atque

1050 2152 1181 2180 adversus
1196 2151 1317 2185 ejusdem
1328 2151 1465 2178 Ptolemaei
1479 2152 1634 2179 auxiliares.

1087 2186 1142 2224 (14)
1156 2186 1255 2224 Copias
1271 2186 1375 2224 Seleuci
1382 2187 1570 2224 internecione
1578 2187 1835 2224 caesaslipsumquc

1050 2221 1193 2249 Seleucum
1207 2222 1364 2257 aliquandiu
1372 2221 1552 2257 desideratum
1565 2221 1837 2252 narratPlutarclius

1047 2256 1189 2291 Apophtli.,
1209 2255 1260 2285 ed.‘
1274 2257 1361 2285 Paris.
1380 2260 1400 2283 t.
1425 2255 1457 2288 ll,
1476 2264 1503 2291 p.
1520 2256 1571 2284 184
1582 2276 1590 2290 ,
1607 2261 1634 2285 et
1656 2257 1694 2284 De
1708 2258 1835 2292 fraterno

1046 2292 1263 2354 ""i‘ié‘i‘ifioﬁia

1082 2327 1137 2361 (15)
1148 2326 1309 2355 Ptolemaeus
1326 2326 1471 2361 Evergetes
1487 2327 1587 2355 dicitur
1609 2327 1732 2362 Tryphon
1746 2329 1835 2357 etiam

1046 2370 1060 2389 a
1075 2362 1162 2398 Trogo
1176 2363 1275 2398 prolog.
1289 2369 1372 2398 xxvn,
1386 2367 1413 2389 et
1429 2370 1493 2390 xxx.

1064 2398 1138 2438 _(16)
1155 2397 1295 2426 Auchcrus
1311 2397 1473 2425 Damascum
1490 2402 1516 2425 et
1526 2397 1682 2425 Orthosiam
1698 2398 1835 2427 obsessas

1046 2438 1093 2460 all.

1081 2469 1137 2504 (l7)
1151 2469 1220 2496 Cave
1231 2469 1284 2496 huc
1296 2468 1388 2496 trahas
1402 2467 1508 2504 locuml
1529 2467 1650 2495 Machah.
1666 2467 1769 2504 xv,_37,
1783 2470 1834 2504 qui

1045 2502 1089 2530 est
1104 2502 1137 2532 de
1152 2504 1306 2539 Tryphone,
1330 2505 1383 2530 alio
1408 2502 1493 2538 Syriae
1515 2508 1641 2539 tyranno,
1667 2502 1834 2539 Τρρφωνῖὲ

1046 2539 1132 2573 ἐμϐὰς
1152 2538 1196 2570 at:
1209 2538 1330 2574 ⁷πλοῐονν
1344 2539 1442 2573 ἔφυγεν
1455 2540 1494 2570 εις
1517 2538 1675 2574 Ὀρθωσίαν,
1703 2538 1834 2573 Tryphon

1046 2575 1148 2609 navigio
1160 2582 1298 2601 conscenso
1315 2573 1467 2602 Orthosiam
1482 2574 1545 2609 fuga
1559 2574 1649 2601 erasit.

1080 2610 1135 2643 (18)
1156 2609 1188 2636 lli
1203 2609 1328 2636 videntur
1344 2609 1412 2637 Galli
1428 2609 1598 2637 mercenarii.

1080 2641 1136 2680 (l9)
1168 2645 1206 2671 lla
1223 2644 1308 2671 codex
1323 2644 1409 2675 Arm.,
1421 2643 1512 2680 Zielag.
1527 2643 1636 2680 Janrde
1653 2641 1736 2672 Zeilae
1746 2642 1833 2671 Nico-

1045 2678 1131 2706 medis
1147 2680 1324 2714 Bithynorum
1340 2680 1410 2714 regis
1431 2679 1485 2714 ﬁlio
1498 2678 1741 2714 legeiMemnoneni
1755 2680 1831 2714 apud

1044 2714 1168 2741 Photium
1183 2713 1243 2742 cod.
1261 2713 1427 2745 ccxx1v,'25.
1443 2713 1543 2740 Verum
1555 2713 1679 2741 Justinus
1691 2713 1781 2745 xxv",
1799 2715 1829 2745 5,

1044 2751 1109 2776 dicit
1124 2750 1251 2784 Antigoni
1266 2750 1348 2783 hujus
1363 2750 1431 2783 (sive
1447 2749 1586 2784 Antiochi)
1600 2756 1728 2776 socerum
1744 2749 1831 2776 Arta-

1044 2793 1143 2812 mcnem
1159 2786 1336 2819 Cappadocia:
1349 2792 1449 2819 regem.

1079 2820 1135 2855 (20)
1153 2819 1366 2855 [.egeJustinum
1374 2827 1464 2855 axvu,
1481 2819 1507 2847 5.

1079 2853 1134 2890 (21)
1151 2853 1273 2890 Pergami
1287 2862 1358 2891 rege.
1374 2853 1491 2882 Pausan.
1507 2854 1586 2882 Αηίε.
1605 2862 1663 2882 vin.
