1904 3135
179 135 232 163 285

215 195 242 220 6.
254 191 352 219 Latino
367 195 484 222 mortuo,
500 198 547 217 rex
565 194 673 217 creatus
686 192 728 217 est
742 189 813 217 ﬁlius
826 190 886 224 ejus
900 190 965 217 Allia
982 194 1002 221 Α

181 238 293 268 Silvius.
309 240 356 272 qui
380 237 458 264 annis
481 239 542 263 octo
566 241 593 263 et
610 237 721 271 triginta
746 240 908 271 potestatem
922 245 966 263 re-

180 285 273 311 tinnit.
295 283 393 310 Postea
414 282 557 317 imperavit
579 281 676 316 Epitus
702 281 804 310 Silvius
826 283 905 310 annis
927 283 966 309 vi-

179 328 247 363 ginti
262 336 318 355 sex.
339 327 398 360 Quo
415 327 554 360 defuncto,
576 335 689 362 regnum
715 327 856 362 delapsum
874 333 916 356 est
932 328 965 355 ad

178 375 288 409 Capyn;
302 374 383 407 idque
395 373 419 400 ei
432 373 532 399 mansit
548 374 628 400 annis
643 373 856 409 duodetriginta.
868 374 965 402 Postea

178 420 304 455 Calpetus
323 419 393 446 ﬁlius
409 419 468 453 ejus
485 419 565 446 annis
583 419 713 446 tredecim
732 420 889 448 dominatus
910 427 965 449 est.

179 466 240 493 Mox
255 465 381 493 Tiberius
398 466 436 500 (l)
461 465 564 492 Silvius
584 466 664 492 annis
685 472 758 493 octo.
785 465 810 493 Is
834 468 965 494 adversus

177 511 309 539 Etruscos
325 511 499 546 expeditione
511 515 648 546 suscepta,
666 512 730 538 dum
744 512 838 539 Albam
854 512 964 539 ﬂuvium

176 567 238 585 Cllm
263 558 385 585 exercitu
413 557 623 589 transmitteret,
645 558 751 592 gurgite
772 558 832 592 ejus
858 566 965 586 mersus

176 602 264 628 obiit:
284 610 316 629 ex
332 610 386 637 quo
402 610 500 629 nomen
523 601 598 628 ﬂuvii
622 602 751 638 deinceps
773 603 824 630 fuit
846 603 963 631 Tiberis.

176 647 215 674 Eo
229 648 291 675 vitae
304 652 408 682 erepto,
421 648 565 683 imperavit
580 647 686 676 Latinis
708 648 828 684 Agrippa
847 649 966 684 quadra—

176 694 250 730 ginta
267 695 347 721 annis
358 697 385 721 et
397 702 462 721 uno.

211 757 237 784 7.
255 756 332 784 Ilunc
344 761 509 785 consecutus
518 760 560 784 est
570 757 694 785 Amulius
704 758 741 793 (‘2)
755 758 855 787 Silvius
864 760 873 771 '
885 759 964 788 annis

175 802 357 839 undeviginti.
375 802 424 830 Hic
442 803 562 830 traditur
577 805 603 831 in
625 805 698 832 omni
724 805 779 831 vita
797 805 913 840 superbe
935 813 964 832 se

175 849 306 884 gessisse,
319 853 346 877 et
363 857 425 876 cuni
446 850 506 884 ipso
522 849 590 877 Jove
612 850 645 877 de
661 851 782 885 potentia
804 851 964 879 :emulanler

175 903 306 923 certasse.
332 895 421 928 Quare
449 900 476 922 et
503 896 638 923 interdum
664 897 814 924 autumnali
841 901 963 932 tempore

174 949 259 976 quum
283 941 436 977 frequentia
457 945 483 968 et
508 941 678 968 vehementia
703 943 822 969 tonitrua
849 943 963 971 exaudi-

174 991 281 1018 reiitur,
304 986 327 1013 is
350 986 499 1013 exercitum
525 995 604 1013 stium
625 987 749 1021 juliebat,
775 988 854 1022 signo
876 989 961 1020 edito,

174 1032 285 1066 clypeos
304 1031 470 1058 unanimiter
482 1031 578 1066 gladiis
591 1036 732 1066 percutere
745 1040 751 1057 ε
766 1037 847 1067 atque
865 1034 897 1060 ita
913 1041 962 1068 pii-

173 1077 251 1104 taliat
266 1076 304 1112 (5)
322 1085 351 1104 se
365 1078 517 1112 graviorem
543 1078 645 1104 tonitru
668 1077 802 1113 fragorem
829 1080 959 1106 excitare.

174 1122 265 1157 Quare
281 1126 307 1150 et
322 1123 432 1157 superbi
451 1123 479 1150 in
503 1123 569 1150 deos
583 1124 667 1150 animi
689 1132 784 1159 pinnas
806 1125 854 1151 luit
870 1125 962 1153 fulmi-

174 1177 226 1197 neo
237 1169 292 1197 ictu
306 1174 429 1202 enectus,
445 1177 561 1205 cumque
572 1171 652 1197 domo
665 1172 790 1198 universa
807 1172 858 1199 sub
873 1172 960 1199 lacum

174 1216 302 1243 albanum
328 1223 445 1243 mersus.
465 1215 622 1243 Etiamnum
643 1216 758 1244 Romani
784 1217 860 1245 lacus
888 1219 961 1246 illius

173 1263 273 1289 accolae
295 1262 408 1297 vestigia
435 1263 557 1297 quaedam
581 1263 791 1295 demonstrant.
817 1265 960 1292 columnas

174 1309 302 1335 nimirum
329 1309 380 1335 sub
402 1316 472 1343 aqua
497 1310 695 1344 prominentes,
722 1310 802 1344 cujus
826 1311 853 1337 in
877 1310 961 1338 fundo

173 1355 248 1389 regia
262 1354 361 1381 domus
377 1354 429 1381 sita
444 1358 513 1381 erat.

208 1419 235 1446 8.
255 1418 323 1445 Exin
351 1419 438 1447 lectus
453 1422 496 1446 est
517 1417 661 1451 Avantius,
677 1420 724 1454 qui
752 1421 831 1448 annis
855 1425 958 1456 septem

174 1473 258 1501 supra
278 1465 391 1500 triginta
412 1465 546 1500 regnavit.
563 1465 588 1493 Is
604 1466 699 1500 prmlio
712 1466 888 1494 ﬁnitimorum
901 1476 960 1495 nia-

173 1517 292 1544 gnopere
311 1517 434 1544 pressus,
462 1510 488 1536 iii
512 1509 658 1536 Aveniium
678 1510 715 1545 (4)
731 1512 829 1539 collem
847 1512 910 1548 fuga
930 1521 959 1541 se

550 132 684 160 EUSEBII
705 131 947 160 (ΖΑ-ΕΞᾹΚΙΕΝΞΙΞ

1035 131 1142 159 .PARS
1163 130 1183 158 I.
1204 147 1239 151 —
1258 130 1454 158 IIISTORICA.

1749 126 1797 155 9485

1053 189 1074 216 Ι.
1098 189 1221 217 Eneasa
1232 192 1328 223 quarto
1339 191 1400 222 post
1411 192 1520 222 captum
1532 187 1608 215 Ilium
1621 193 1693 213 anno
1701 185 1799 215 Latinis

1016 237 1132 271 imperat
1148 236 1227 263 annis
1245 243 1285 262 iii.

1051 283 1083 309 II.
1096 283 1231 310 Ascanius
1247 282 1327 309 annis
1341 289 1457 308 xxxviii.

1051 327 1094 354 Ill.
1113 328 1213 355 Silvius
1227 327 1319 355 [Eneai
1333 327 1413 354 annis
1424 334 1509 353 xxviii
1523 326 1574 360 (ὅ).

1051 373 1096 401 IV.
1112 374 1214 401 AZneas
1227 373 1328 400 Silvius
1337 372 1416 400 annis
1431 380 1506 399 xxxi.

1051 418 1083 446 V.
1101 419 1214 446 Latinus
1231 417 1332 446 Silvius
1348 418 1428 446 annis
1441 426 1467 445 ι.

1051 464 1095 491 Vl.
1109 465 1177 491 Alba
1194 465 1295 492 Silvius
1310 463 1389 491 annis
1405 471 1488 490 xuix
1506 462 1556 498 (6).

1052 510 1108 538 VII.
1126 511 1223 546 Epitus
1239 510 1340 537 Silvius
1356 510 1435 536 annis
1450 517 1522 536 xxw.

1052 557 1120 584 VIII.
1138 559 1226 593 Capys
1246 557 1348 584 Silvius
1363 557 1442 583 annis
1457 564 1556 583 xxviii.

1052 603 1096 632 IX.
1109 604 1237 639 Calpetus
1255 603 1357 631 Silvius
1371 603 1450 630 annis
1467 611 1526 630 xiii.

1050 649 1084 677 Χ.
1102 649 1228 676 Tiberius
1240 648 1341 675 Silvius
1359 649 1438 676 annis
1448 656 1508 675 viii.

1051 695 1096 723 ΧΙ.
1113 695 1229 730 Agrippa
1241 695 1341 722 Silvius
1355 694 1433 721 annis
1446 702 1518 721 xxxv
1530 694 1578 728 (7).

1051 741 1108 768 ΧΠ.
1122 741 1245 768 Amulius
1264 740 1364 767 Silvius
1382 740 1461 767 annis
1482 748 1539 767 iiix.

1050 785 1121 814 XIII.
1138 785 1269 813 Avenlius
1286 786 1387 813 Silvius
1408 785 1487 813 annis
1502 793 1607 814 xxxv".

1053 832 1121 859 XIV.
1139 832 1240 859 Procas
1259 832 1360 859 Silvius
1380 832 1460 859 annis
1475 839 1552 859 xxiii.

979 878 1000 905 Β
1048 876 1106 904 XV.
1123 877 1248 905 Amulius
1261 877 1362 904 Silvius
1380 877 1460 904 annis
1471 884 1537 903 ιιιι.

1054 924 1186 951 Romulus
1198 922 1311 950 Romam
1324 923 1417 951 condit
1430 927 1577 958 regnatqne
1589 923 1702 958 septima
1714 923 1803 959 olym-

1017 971 1105 1006 piaile.
1135 970 1219 1006 Igitur
1247 971 1281 997 ab
1303 970 1389 997 (Enen
1419 970 1451 997 ad
1477 969 1622 997 Romulum
1649 971 1712 997 anni
1738 975 1803 998 sunt

1015 1024 1133 1044 covaiii
1152 1016 1201 1050 (8).
1220 1016 1261 1042 Ab
1275 1015 1323 1042 Ilio
1345 1020 1435 1042 autem
1456 1020 1534 1050 capto
1550 1015 1613 1042 anni
1634 1022 1734 1042 cnxxxi
1750 1015 1800 1050 (9).

1051 1063 1074 1088 A
1091 1061 1218 1094 Romulo,
1240 1062 1285 1097 qui
1310 1061 1422 1088 Romam
1445 1061 1576 1094 condidit,
1601 1061 1628 1088 lii
1651 1069 1730 1096 reges
1754 1062 1802 1088 lia-

1015 1109 1124 1136 bcntur.
1333 1112 1335 1114 ·

1051 1155 1071 1182 1.
1092 1155 1225 1182 Romulus
1239 1155 1317 1182 annis
1331 1163 1446 1182 xxxvm.

1052 1201 1084 1230 Il.
1098 1201 1183 1228 Numa
1196 1201 1343 1236 Pompilius
1359 1202 1439 1228 annis
1451 1210 1503 1228 χιι.

1051 1247 1095 1275 III.
1112 1248 1207 1276 Tullus
1222 1247 1354 1275 IIostilius
1366 1248 1445 1275 annis
1457 1256 1518 1275 xxx.

1050 1293 1094 1321 IV.
1110 1294 1201 1321 Ancus
1216 1293 1334 1321 Marcius
1351 1294 1430 1321 annis
1453 1301 1551 1321 χχχιιι.

1050 1339 1083 1366 V.
1100 1339 1266 1374 Tarquinius
1281 1339 1359 1366 annis
1376 1346 1480 1366 xxxvn.

1049 1385 1095 1412 VI.
1112 1385 1244 1413 Servilius
1261 1385 1340 1412 annis
1354 1393 1426 1412 xLiv.

1048 1431 1104 1459 VII.
1120 1431 1286 1467 Tarquinius
1301 1430 1442 1466 Superbus
1457 1431 1535 1458 anuis
1547 1439 1619 1458 xxiv.

1053 1478 1086 1504 lii
1108 1483 1211 1513 septem
1232 1485 1310 1512 reges
1333 1485 1347 1504 a
1363 1476 1479 1504 Romulo
1496 1477 1672 1508 exstiterunt,
1689 1484 1803 1504 eorum-

1013 1532 1066 1559 que
1084 1524 1235 1551 dominatio
1255 1524 1361 1551 sublata
1376 1527 1416 1550 est
1430 1527 1492 1558 post
1505 1531 1591 1550 annos
1610 1529 1706 1550 cchiv
1729 1523 1800 1559 (10).

174 1555 315 1605 ⁵Ῐ¹ι¹ίί¹¹¹ίίν
327 1556 425 1605 ,φή-εκ
444 1563 480 1605 ,⁸ο
497 1563 595 1583 nomen
617 1558 753 1605 φηξτθλίί
768 1558 886 1586 Ανθηιίί·
903 1559 960 1587 Hoc
974 1563 994 1591 (ἶ
1012 1555 1098 1597 Dorro
1112 1570 1146 1597 ab
1170 1570 1218 1596 Ilio
1237 1574 1316 1605 capto
1341 1570 1374 1597 ad
1398 1555 1543 1597 Romulum
1560 1570 1624 1596 anni
1638 1573 1702 1596 sunt
1717 1555 1800 1597 coni

173 1600 301 1631 obeunte,
318 1600 531 1628 dominationem
543 1602 651 1636 excepit
668 1602 740 1630 ﬁlius
756 1603 877 1638 ejusdem
893 1604 959 1632 Pro-

173 1653 220 1672 cas
241 1644 353 1678 Silvius,
373 1646 514 1681 tenuitque
534 1648 614 1675 annis
635 1649 722 1676 tribus
745 1657 828 1684 supra
850 1651 956 1686 viginti.

173 1691 233 1725 Quo
254 1692 319 1719 item
342 1697 447 1720 natura:
473 1693 669 1732 satisfaciente,
696 1696 769 1723 lilius
790 1701 854 1723 natu
869 1698 960 1723 minor

172 1738 297 1764 Amulius
315 1738 485 1773 tyrannidem
505 1740 656 1775 usurpavit.
675 1741 738 1776 quia
753 1741 879 1769 Numitor
898 1751 957 1770 ma-

171 1783 215 1817 jor
233 1788 298 1810 natu
318 1783 411 1816 frater,
428 1785 504 1819 regni
522 1785 621 1819 haeres,
640 1787 788 1821 longinqua
807 1788 832 1814 in
851 1789 960 1823 regione

173 1831 342 1857 versabatur.
369 1830 502 1867 Regnavit
532 1833 658 1860 Amulius
683 1833 763 1860 annis
787 1834 868 1868 paulo
898 1836 958 1870 plus

173 1875 351 1911 quadraginta
363 1877 461 1909 tribus,
476 1877 563 1905 donec
577 1885 591 1904 a
602 1877 687 1904 Remo
698 1882 725 1905 et
736 1878 854 1907 Romulo
869 1879 962 1909 Roma;

173 1922 361 1950 conditoribus
378 1923 537 1951 interfectus
556 1928 608 1951 est.

208 1979 235 2007 9.
256 1980 312 2008 Iam
327 1984 355 2008 et
370 1981 528 2016 singillatim
545 1980 729 2009 Romanorum
747 1990 824 2019 reges
842 1982 868 2010 hi
886 1987 960 2011 sunt.

209 2060 240 2095 (‘)
258 2060 321 2102 τοτε
334 2060 471 2102 ’ξωὲύλος
483 2060 602 2102 Σιιλοὺἳος
615 2062 680 2102 imlp’
693 2061 812 2102 ὅλον-τόν
825 2062 880 2102 βξρν
893 2063 1065 2102 ὑπερήφανος
1072 2063 1234 2102 Δγεγόμιῆιίος,
1244 2062 1381 2102 ⁵’ξιιξριλᾷ-ιεο
1398 2061 1466 2102 iter);
1480 2061 1525 2087 τὸν
1543 2061 1616 2102 θεόν--
1626 2060 1646 2102 ﬁ

1011 1616 1083 1648 (Il);
1101 1623 1205 1643 summa
1219 1616 1301 1651 igitur
1314 1619 1356 1643 est
1367 1623 1498 1643 annorum
1509 1623 1614 1642 DCLXXV
1628 1614 1695 1651 (12).

1046 1662 1159 1693 IIorum,
1174 1662 1278 1689 scilicet
1293 1670 1307 1688 a
1322 1661 1440 1689 Romulo
1453 1669 1540 1696 usque
1556 1661 1589 1688 ad
1604 1660 1802 1696 Tarquinium.

1010 1707 1197 1734 Romanorum
1227 1715 1319 1742 regum
1351 1711 1474 1742 tempora
1512 1707 1658 1743 Dionysius
1687 1714 1802 1742 quoque

1010 1753 1238 1781 Halicarnasseus
1269 1752 1388 1780 strictim
1419 1756 1545 1780 recenset
1571 1752 1645 1780 circa
1677 1753 1799 1788 primum

1010 1800 1126 1835 septimae
1143 1799 1200 1835 (15)
1216 1798 1378 1834 olympiadis
1395 1798 1431 1825 ita
1447 1798 1581 1827 scribens.

1281 1854 1396 1882 CAPUT
1409 1854 1513 1882 XLVII.

1013 1902 1131 1937 Dionysii
1143 1901 1343 1937 Halicarnassei
1357 1901 1389 1928 de
1406 1900 1509 1935 regibus
1521 1901 1566 1936 qui
1579 1905 1638 1934 post
1652 1900 1800 1927 Romulum

1268 1936 1357 1964 Roma:
1372 1937 1538 1963 exstiterunt.

1048 1983 1095 2019 (“)
1113 1984 1138 2011 I.
1157 1984 1301 2011 Enimvero
1322 1983 1374 2010 sia
1390 1983 1502 2018 regibus
1521 1982 1636 2010 sublatis
1652 1989 1740 2017 usque
1763 1982 1800 2009 ad

1666 2060 1804 2093 οντῶπος

173 2094 333 2132 γὰραὺςοῐξ,
348 2094 456 2132 ἐκέλευε
467 2094 715 2132 10b;_atpa=u6u;
723 2099 783 2128 ταῖς
795 2094 910 2130 στέἀθαις
922 2094 1034 2125 statim
1049 2094 1098 2129 τάξ
1113 2094 1229 2129 ὰέπίδεις
1239 2094 1284 2132 ibi?"
1300 2097 1359 2128 ἑνὸς
1373 2094 1553 2131 συνθήματος,
1568 2097 1615 2123 καὶ
1626 2094 1715 2130 λέγειν
1728 2096 1768 2127 ὠς

173 2132 238 2169 Ξᾳμ
255 2130 343 2169 atii-.va
354 2130 498 2169 ’γινέμεενοιξ¹
507 2130 647 2169 ψρφρςεῖη
662 2131 760 2166 μείζων
772 2140 779 2147 ⁸
793 2132 833 2159 διὸ
847 2134 961 2169 ὲκεραυν

1047 2133 1178 2160 Diodorus
1192 2134 1218 2159 in
1234 2130 1375 2167 Eicerptis
1399 2132 1433 2159 de
1450 2130 1608 2159 virtutibus
1621 2135 1648 2159 et
1662 2131 1739 2159 vitiis
1754 2131 1801 2158 ed.

173 2165 339 2200 Wésseling..
362 2169 381 2192 ι.
396 2165 427 2194 II.
441 2173 466 2199 p.
484 2165 536 2192 546
548 2165 614 2200 (14).

209 2201 251 2236 (")
270 2194 324 2226 Κᾶ).
337 2200 390 2235 μὴν
398 2194 452 2226 ὰπδ
463 2208 494 2234 γε
501 2194 556 2236 τῆξ
564 2194 676 2236 ἐκϐολῆς
683 2200 736 2227 τῶν
745 2200 877 2236 βασιλέων
888 2202 935 2228 ἐπὶ
949 2201 993 2228 τὸν
1008 2201 1115 2237 πρώτον
1123 2201 1242 2236 ἄρξαντα
1254 2201 1304 2236 τῆς
1314 2201 1416 2232 πόλεως
1430 2201 1620 2233 ἀναϐιϐασθεὶς
1633 2201 1774 2236 Ῥωμύλον
1786 2204 1803 2229 ό

173 2287 233 2315 cap.
244 2279 287 2315 Π,
303 2279 359 2305 ait:
375 2278 508 2315 Reginum
516 2278 611 2315 {.atino
618 2278 708 2315 §ilvia
720 2280 830 2306 colonia:
842 2279 959 2315 deducite
974 2281 996 2308 D

173 2313 233 2341 sunt
253 2313 397 2344 Pra’iicste.
416 2313 499 2340 Tibur
514 2313 601 2343 Gabii.
616 2314 770 2346 Tusculum,
785 2315 865 2345 Cora.
880 2314 959 2341 Locri

174 2349 339 2384 (Lanuvium
364 2349 404 2376 vel
428 2348 568 2384 Labicum)
594 2349 795 2381 Crustumium,
824 2350 958 2380 Camena,

172 2384 297 2415 Bouillae,
313 2383 444 2419 (Bovillae)
466 2389 610 2417 ceteraque
633 2385 728 2418 oppida
746 2386 957 2419 circumquaque.

208 2419 246 2453 (l)
260 2419 296 2445 Ita
311 2421 391 2446 etiam
410 2419 479 2446 inl'ra
497 2427 546 2452 pro
563 2419 710 2447 Tiberinus.

209 2454 246 2489 (2)
262 2453 299 2481 Ita
317 2455 438 2481 Amulius
458 2455 542 2482 codex
558 2459 652 2482 noster
672 2455 748 2481 Arni.
762 2455 806 2481 hic
821 2458 848 2481 et
874 2453 960 2480 inter-

173 2490 237 2516 dum
255 2490 329 2522 alibi,
343 2490 452 2524 quicum
468 2490 605 2517 consentit
620 2490 742 2517 Zonaras
752 2489 851 2516 Annal.
866 2497 912 2521 vii,
932 2489 957 2517 1.

173 2525 266 2552 Gnece
280 2525 324 2551 hic
339 2524 476 2553 Romulus.
492 2525 533 2552 Ab
552 2525 668 2552 Eusebio
685 2525 834 2559 posteriore
847 2524 916 2550 libro
929 2525 956 2551 in

174 2568 267 2594 regum
283 2560 383 2587 tabulis
404 2561 534 2588 scribitur
555 2559 708 2590 Areniulus,
731 2567 780 2586 nec
794 2567 846 2586 non
866 2559 892 2585 in
906 2559 958 2586 Ca-

123 2591 128 2597 ”
175 2591 256 2622 ito—ne.
279 2596 344 2622 Item
366 2595 436 2630 apud
453 2596 481 2623 S.
503 2595 697 2630 Hieronymum
721 2594 797 2622 varie
818 2594 956 2627 Remulus,

174 2630 194 2657 Λ
200 2630 324 2662 νειηιιιιιε,
341 2630 476 2658 Romulus.

210 2666 247 2702 (5)
264 2665 376 2702 (ὗε-ωερε
394 2665 615 2702 dicercjubebat,
635 2664 763 2699 majorem
783 2673 839 2692 esse
860 2665 957 2699 strepi—

175 2705 228 2727 tum
245 2701 276 2727 ab
289 2702 352 2735 ipsis
363 2701 472 2727 editum.
488 2701 520 2728 L.

211 2735 248 2771 (4)
263 2734 302 2763 Ita
313 2736 398 2763 codex
408 2737 496 2764 Arin..
505 2735 547 2771 cui
560 2734 724 2769 sullragatur
736 2735 818 2771 etiam
832 2734 953 2770 Dionysii

175 2770 261 2798 Halic.
278 2771 353 2798 varia
371 2772 465 2798 saltem
487 2770 568 2798 lectio
580 2771 670 2804 Antiq.
685 2778 704 2800 ι,
723 2771 767 2798 84.
783 2770 853 2802 Quin
868 2775 896 2797 ct
907 2778 954 2797 ve-

175 2811 219 2833 tus
235 2806 368 2840 interpres
381 2805 514 2832 orationis
528 2805 659 2832 Tulliana:
673 2807 704 2832 de
728 2814 778 2832 (tre
801 2805 886 2832 alieno
905 2805 952 2832 Mi-

175 2841 313 2903 zinisi(_ed.
330 2840 407 2868 Rom.
425 2849 450 2875 p.
466 2841 529 2874 227,
547 2845 604 2868 not.
619 2841 647 2876 d)
663 2841 757 2869 scribit
773 2841 889 2868 Λάκριτιο
905 2849 954 2875 pro

201 2884 245 2902 reii
259 2884 312 2902 mo.

201 2881 312 2902 reiitmo.

1049 2278 1086 2313 (5)
1100 2278 1231 2312 Superius
1244 2286 1318 2306 xxix.

1048 2314 1084 2345 l6)
1097 2314 1227 2348 Superius
1241 2321 1355 2342 xxxviii.

1050 2348 1087 2382 (7)
1101 2349 1233 2382 Superius
1249 2357 1304 2376 xu.

1050 2350 1087 2418 (7)
1101 2350 1233 2382 Superius
1249 2357 1304 2376 xu.

1046 2385 1073 2416 (8
1105 2384 1154 2422 I_Iie
1167 2392 1300 2422 annorum
1315 2392 1444 2422 numerus
1464 2385 1567 2422 petitur
1580 2385 1671 2420 potius
1683 2394 1716 2413 ex
1736 2387 1804 2422 ipso

1012 2423 1087 2446 textu
1101 2419 1218 2455 Diodori
1232 2427 1313 2454 quam
1331 2427 1363 2447 ex
1378 2420 1429 2448 hoc
1445 2419 1578 2455 catalogo.

1049 2454 1085 2490 (9)
1101 2453 1149 2481 Hic
1166 2453 1299 2491 numerus
1319 2462 1390 2491 cum
1404 2453 1546 2490 superiore
1561 2455 1574 2491 ς
1601 2457 1613 2483 I
1629 2456 1725 2491 utique
1739 2456 1804 2485 fere

1012 2490 1149 2527 congruit;
1167 2497 1260 2527 verum
1278 2490 1300 2516 si
1316 2490 1468 2524 proximum
1483 2490 1626 2518 numerum
1649 2490 1802 2527 respicies.

1010 2525 1113 2552 scribes
1123 2525 1234 2551 omnino
1249 2532 1349 2552 ccccu.

1049 2560 1104 2591 (10)
1118 2560 1199 2594 Atqui
1217 2561 1372 2594 superiores
1386 2561 1491 2588 numeri
1509 2561 1573 2588 dant
1589 2569 1707 2590 CCXLVIII.

1049 2595 1106 2630 (II)
1127 2594 1225 2622 Recole
1239 2598 1294 2622 not.
1309 2596 1336 2622 9.

1046 2630 1102 2666 (l2)
1118 2630 1301 2666 Ergog'ursus
1323 2631 1397 2665 prior
1408 2638 1537 2658 numerus
1548 2634 1590 2658 est
1606 2639 1719 2659 cnxxxi.
1740 2631 1802 2659 Tn-

1009 2664 1065 2692 tum
1082 2664 1331 2701 huincrAZtIiiopeni
1355 2666 1498 2693 lavandum
1518 2667 1580 2694 aliis
1596 2667 1802 2701 permittimus.
1816 2688 1820 2691 .

1045 2700 1100 2736 (l5)
1113 2700 1260 2727 Videbatur
1272 2701 1424 2728 addendum
1436 2703 1560 2735 septimm.

1043 2736 1098 2770 (14)
1109 2735 1351 2773 Ιζοε-ῇξειςιηςιιιιιιιι
1363 2736 1390 2763 in
1396 2738 1531 2773 excerptis
1539 2736 1692 2773 Valesianis
1700 2737 1804 2773 (adeo-

1007 2779 1060 2806 que
1080 2775 1106 2798 et
1123 2771 1149 2798 in
1166 2771 1381 2806 Wesselingiana
1409 2771 1519 2804 Diodori
1539 2772 1668 2806 editione)
1692 2771 1805 2801 dicitur

1010 2807 1123 2841 petitum
1145 2814 1160 2833 e
1185 2807 1254 2833 libro
1277 2810 1354 2833 sexto
1381 2806 1506 2839 Diodori;
1532 2815 1623 2834 verum
1655 2807 1805 2837 Eusebius

1011 2849 1083 2869 nunc
1097 2842 1174 2869 docet
1188 2841 1214 2868 id
1232 2842 1366 2876 pertinere
1383 2842 1414 2869 ad
1432 2843 1575 2877 septimum
1591 2843 1702 2871 librum.
