1912 3138
179 141 229 169 291

424 195 526 226 CXCVI
552 194 736 224 OLYMPIAS.

184 244 290 273 XLVII.
299 245 392 273 Cretio
409 248 435 271 et
447 243 534 271 Nerva
546 251 619 271 coss.

184 290 300 319 XLVIII.
316 290 432 319 Camillo
450 294 477 316 et
493 288 662 322 Quintiliano
676 296 749 316 coss.

184 337 278 365 XLIX.
294 337 439 364 Camerino
453 340 478 363 et
493 335 596 363 Sabino
607 342 680 363 coss.

185 385 216 413 L.
232 384 369 412 Dolabella
378 387 404 411 et
421 382 515 409 Silano
531 389 605 409 coss.

421 439 538 467 CXCVII
553 437 738 466 OLYlllPIAS.

185 487 227 516 LI.
240 487 352 521 Lepidio
370 491 397 514 et
409 485 501 513 Tauro
518 493 591 512 coss.

183 533 241 562 Lll.
257 533 365 561 Tiberio
381 533 488 560 Caesare
502 541 522 560 ιι
539 536 565 559 et
579 532 706 567 Scipione
723 539 795 560 coss.

185 579 251 608 LIII.
265 579 362 607 Flacco
377 584 403 607 et
417 579 511 606 Silano
524 587 594 606 coss.

187 626 254 655 LIV.
271 626 354 655 Sexto
371 631 397 654 ct
411 626 493 653 Sexto
503 633 575 653 coss.

413 682 541 710 CXCVIII
563 681 748 709 OLYMPIAS.

187 728 242 757 LV.
257 727 388 763 Pompcio
402 727 499 763 Magno
515 732 542 754 et
555 727 669 762 Apuleio
682 734 755 754 coss.

186 774 254 804 LVI.
271 775 354 802 Bruto
364 778 391 801 et
407 772 505 800 Flacco
519 781 537 800 ιι
552 781 625 800 coss.

223 822 402 858 [Octavianus
415 821 553 855 Augustus
570 821 686 847 moritur
693 817 767 846 Nola:
774 818 975 854 septuagesimo

187 872 215 895 et
229 872 306 895 sexto
318 867 406 894 aetatis
425 873 508 898 anno,
521 865 617 892 diebus
626 865 747 900 quinque
764 869 790 892 et
803 864 913 900 triginta
928 863 976 890 mi-
990 870 1012 898 Β

188 912 269 948 nus.]

224 958 412 986 Romanorum
439 958 588 988 imperator
600 957 634 985 lll
647 956 772 985 Tiberius
786 956 879 985 Casar
896 957 976 986 annis

188 1011 257 1030 XXII.

189 1050 210 1077 I.
226 1049 317 1076 Tauro
332 1052 358 1076 et
369 1044 472 1077 Libone
484 1056 558 1078 coss.

189 1095 221 1123 Il.
238 1096 338 1123 Crasso
348 1099 374 1122 et
385 1095 455 1122 Rufo
473 1103 547 1123 coss.

430 1149 535 1178 CXCIX
549 1148 732 1178 OLYMPIAS.

190 1196 235 1225 III.
254 1197 364 1225 Tiberio
378 1197 486 1224 Caesare
501 1200 569 1224 IIICI
582 1195 654 1224 Rufo
671 1203 774 1223 ucoss.

190 1243 234 1272 IV.
252 1245 345 1272 Silano
361 1248 388 1271 et
401 1244 484 1271 Balbo
495 1252 567 1271 coss.

191 1283 223 1317 ν’.
240 1289 354 1317 Messala
368 1293 396 1317 ct
408 1289 492 1316 Grato
504 1297 579 1316 coss.

191 1334 235 1363 VI.
256 1335 368 1363 Tiberio
379 1334 487 1362 Caesare
505 1343 531 1361 1v
544 1341 571 1362 et
588 1333 676 1360 Druso
693 1341 765 1361 coss.

457 1392 499 1420 CC
526 1390 711 1419 OLYMPIAS.

191 1437 247 1465 VII.
260 1438 378 1473 Agrippa
391 1443 418 1465 et
437 1437 523 1465 Galba
540 1444 614 1465 coss.

191 1483 259 1511 Vill.
277 1484 399 1511 Pollione
411 1488 438 1510 et
453 1483 549 1511 Vetere
564 1491 637 1511 coss.

192 1529 237 1557 IX.
253 1529 372 1565 Cethego
383 1534 410 1557 et
421 1529 493 1556 Varo
508 1537 580 1557 coss.

193 1576 228 1604 Χ.
243 1575 362 1612 Agrippa
375 1583 394 1602 ιι
412 1580 440 1602 et
454 1575 570 1603 Lentulo
581 1566 655 1602 coss.

450 1631 504 1659 CCI
525 1630 710 1657 OLYMPIAS.

195 1677 239 1705 XI.
256 1677 380 1706 Getulico
390 1682 417 1705 et
435 1678 538 1705 Sabino
550 1685 625 1705 coss.

194 1724 252 1752 XII.
275 1725 376 1752 Crasso
399 1729 425 1752 et
440 1724 541 1752 Pisone
555 1732 627 1752 coss.

194 1770 264 1798 XIII.
279 1769 372 1797 Silano
386 1774 412 1797 et
424 1770 512 1798 Nerva
525 1778 599 1798 coss.

193 1815 263 1844 XIV.
276 1815 389 1844 Gemino
404 1821 431 1843 et
443 1815 557 1843 Gemino
573 1823 646 1843 coss.

442 1872 508 1900 CCII
528 1871 712 1900 OLYII‘IPIAS.

193 1918 254 1947 XV.
269 1918 341 1947 Rufo
353 1922 381 1947 et
396 1918 541 1946 Rubellino
561 1924 634 1946 coss.

194 1965 265 1992 XVI.
283 1965 391 1993 Vinicio
406 1970 433 1992 et
447 1965 571 2000 Longino
588 1973 661 1992 coss.

195 2011 275 2038 XVII.
295 2011 405 2039 Tiberio
416 2010 485 2039 Caaz.
505 2018 521 2037 ν
539 2011 598 2038 solo
611 2018 668 2038 cos.

195 2057 289 2085 XVIII.
304 2057 414 2086 Persico
429 2062 456 2085 et
473 2057 581 2085 Vitellio
596 2064 670 2084 coss.

445 2114 522 2142 CCIII
547 2113 732 2141 OLYMPIAS.

198 2160 269 2188 XIX.
280 2161 396 2188 Aruntio
407 2165 433 2188 et
449 2160 606 2188 Ainobarbo
627 2167 699 2188 coss.

198 2207 256 2235 XX.
271 2207 355 2234 Galba
368 2211 394 2234 ct
408 2207 480 2242 Sylla
493 2214 567 2233 coss.

197 2253 269 2281 XXI.
286 2252 363 2280 Gallo
377 2257 403 2280 et
413 2252 557 2280 Nonniano
575 2259 648 2278 coss.

198 2299 282 2327 XXII.
296 2299 415 2326 Laeli-auo
425 2303 452 2326 et
468 2298 563 2325 Plauto
576 2306 650 2325 coss.

234 2347 359 2376 Tiberius
376 2346 523 2380 imperator
533 2345 642 2380 propria
659 2348 746 2372 morte
759 2345 876 2372 moritur
891 2345 985 2373 Romae

198 2395 226 2422 in
246 2393 359 2429 palatio,
380 2393 483 2427 absque
509 2391 602 2419 liberis
618 2397 644 2418 et
657 2391 765 2423 calcbs,
789 2396 870 2419 natus
896 2399 984 2420 annos

198 2449 262 2468 LXX.

233 2486 420 2514 Romanorum
436 2485 583 2521 imperator
599 2483 633 2510 IV
648 2483 731 2512 Caius
751 2484 872 2520 Caligula
893 2483 985 2512 Cazsar

198 2541 280 2562 anius
295 2541 331 2560 IV.

447 2587 524 2615 CCIV
547 2587 731 2615 OLYllIPIAS.

199 2635 221 2664 I.
242 2634 358 2663 Proculo
369 2639 396 2662 et
413 2633 524 2669 Nigrino
538 2642 611 2662 coss.

237 2725 275 2760 (Ι)
295 2726 374 2754 Deest
389 2727 416 2753 in
433 2726 526 2753 codice
542 2731 597 2752 vat.
623 2724 752 2752 Chronici
769 2723 914 2758 paschalis.
932 2731 984 2750 nec

203 2769 257 2788 non
273 2762 299 2788 in
315 2763 375 2795 eius
390 2761 564 2791 editionibus,
592 2760 715 2795 Augusti
733 2766 818 2789 mors,
837 2766 919 2795 quam
934 2766 985 2793 ego

205 2796 283 2831 I'acilc
295 2793 605 2831 supplevi.Caeteroquin
622 2793 691 2821 hanc
700 2794 848 2831 Suetonius
862 2793 985 2831 subproc-

205 2828 361 2859 Cedentibus
376 2832 535 2858 consulibus
549 2828 646 2857 recitat
662 2839 668 2855 :
693 2829 757 2855 obiit
775 2828 876 2855 duobus
895 2828 983 2855 Sextis

207 2864 330 2900 Pompeio
341 2871 365 2895 et
381 2866 490 2901 Apuleio
509 2874 578 2893 coss.
592 2864 632 2892 Ex
648 2864 748 2900 quibus
762 2864 874 2900 insuper
887 2863 984 2892 Sueto-

549 137 683 166 EUSEBII
703 133 943 164 CESARIENSIS
962 130 1037 161 OPP.
1057 130 1149 160 PARS
1168 129 1189 158 I.
1210 145 1244 150 —
1263 127 1458 156 IIIS'I‘OBICA.

1268 188 1363 220 PHIG"
1382 181 1569 213 ΟΛΤΜΙΙΙΔΣ.

1025 239 1088 264 ΜΖ’.
1104 238 1151 264 ὑπ.
1167 235 1287 271 Κρητῑου
1301 234 1347 261 καὶ
1361 231 1465 268 Νερὸἁ.

1024 283 1095 311 ΜΗ¹.
1110 284 1157 309 ὑπ.
1175 281 1322 317 Καμήλλου
1337 280 1384 306 καὶ
1402 273 1603 305 Κυντιλλιανοῦ.

1024 329 1090 356 ΜΘ.
1108 330 1156 355 ὑπ.
1173 327 1330 363 Καμερίνου
1347 327 1394 352 καὶ
1408 324 1532 351 Σαϐίνου.

1025 376 1065 402 N'.
1084 375 1132 401 ὑπ.
1151 372 1302 400 Δολαδελλὰ
1316 373 1363 398 καὶ
1376 368 1497 397 Σιλανοῦ.

1269 430 1357 456 PIIIZ'
1380 425 1568 454 ΟΛΥΜΠῙΑΣ.

1025 478 1089 504 NA’.
1104 478 1151 504 ὑπ.
1169 476 1295 504 Λεπιδίου
1310 476 1356 502 καὶ
1368 473 1485 510 Ταύρου.

1026 524 1087 550 NB’.
1106 525 1154 550 ὑπ.
1178 522 1302 559 Τιϐερίου
1330 521 1469 555 Καίσαρος
1492 518 1523 545 τὸ
1537 517 1559 553 β’
1583 515 1630 543 καὶ
1648 512 1818 549 Σκηπιωνος.

1026 571 1088 597 NI".
1105 571 1150 597 ὑπ.
1162 569 1285 596 Φλάκκου
1298 569 1345 595 καὶ
1357 566 1480 594 Σιλανοῦ.

1026 617 1088 643 ΝΔ’.
1106 617 1152 643 ὑπ.
1168 617 1285 643 Σέκστου
1296 615 1342 642 καὶ
1356 608 1485 640 Σέκσιὶου.

1262 672 1354 698 PHIH’
1379 669 1568 697 ΟΛΥΜΙΠΑΣ.

1026 721 1089 747 NE'.
1107 720 1154 746 ὑπ.
1170 719 1317 755 Πομπηΐου
1332 718 1443 752 Μάγνου
1459 717 1505 743 καὶ
1524 713 1696 749 ’Λπουληῖου.

1026 766 1050 793 Ν
1054 768 1080 800 q
1081 770 1100 794 '.
1116 767 1164 793 ὑπ.
1175 766 1292 802 Βρούτου
1306 764 1352 791 καὶ
1367 763 1491 790 Φλάκκου
1508 761 1538 788 τὸ
1552 761 1583 796 β’.

1061 810 1255 847 [Ὀκταϐιανδς
1283 809 1436 844 Αὔγουστος
1460 807 1573 842 τελευτᾷ
1602 807 1630 832 ὲν
1656 804 1758 840 Νώλᾳ,
1779 802 1821 830 ὢν

1027 857 1095 884 ἐτῶν
1110 861 1155 889 σε’,
1174 865 1238 893 μην.
1257 859 1284 889 ι’,
1301 857 1350 891 ὴμ.
1369 858 1408 882 κε’
1422 853 1471 890 (1).
1486 852 1497 890 ]

1069 947 1212 983 Ῥωμαίων
1234 949 1257 980 γ’
1282 944 1467 980 ὲμονάρχησεν
1488 941 1613 977 Τιϐέριος
1639 941 1749 975 Καῖσαρ
1771 939 1819 974 ἐτη

1028 999 1080 1022 xl‘l'.

1029 1005 1046 1022 κ
1064 999 1080 1022 ’.

1029 995 1068 1068 Ai
1083 1042 1131 1068 ὑπ.
1143 1040 1250 1076 Ταύρου
1263 1039 1309 1066 καὶ
1323 1037 1453 1068 Λίϐωνος.

1030 1088 1067 1115 B’.
1083 1089 1131 1115 ὑπ.
1148 1087 1276 1123 Κράσσου
1287 1085 1335 1112 καὶ
1351 1083 1475 1118 Ῥούφου.

1279 1141 1366 1169 ΡΠ1Θ¹
1380 1140 1567 1168 ΟΛΥΜΠΙΑΣ.

1029 1193 1066 1220 Γ’.
1078 1192 1125 1219 ὑπ.
1144 1191 1269 1225 Τιϐερίου
1293 1189 1432 1223 Καίσαρος
1453 1187 1483 1213 τὸ
1500 1190 1524 1221 γ’
1539 1188 1586 1213 καὶ
1612 1184 1728 1219 Ῥούφου
1742 1183 1818 1219 rw.

1030 1240 1066 1266 Δ¹.
1083 1238 1130 1264 ὑπ.
1150 1235 1261 1264 Σιλανοῦ
1277 1235 1323 1262 καὶ
1338 1233 1453 1260 Βάλϐου.

1030 1284 1068 1310 Ε’.
1086 1284 1133 1310 ὑπ.
1151 1281 1281 1309 Μεσσαλὰ
1294 1281 1340 1308 καὶ
1357 1281 1472 1315 Γράτου.

1031 1330 1076 1361 q'.
1091 1328 1137 1354 ὑπ.
1153 1327 1277 1363 Τιϐερίου
1292 1326 1431 1361 Καίσαρος
1440 1325 1469 1351 τὸ
1482 1324 1502 1351 δ’
1518 1324 1565 1351 καὶ
1577 1322 1713 1360 Δρούσου.

1304 1384 1330 1410 Σ¹
1345 1383 1536 1410 ΟΛΥΜΠΙΑΣ,

1031 1433 1067 1459 Z'.
1081 1432 1127 1458 ὑπ.
1152 1430 1290 1466 Ἀγρίππα
1304 1431 1351 1456 καὶ
1363 1429 1462 1457 Γαλϐά.

1032 1479 1072 1506 ιιι.
1090 1479 1137 1504 ὑπ.
1158 1477 1323 1508 Πουλλίωνος
1338 1476 1383 1503 καὶ
1398 1476 1525 1512 Βετέρου.

1032 1525 1069 1551 Θ’.
1090 1525 1136 1551 ὑπ.
1151 1524 1275 1559 Κεθήγου
1289 1524 1336 1550 καὶ
1351 1523 1467 1558 Οὐάρου.

1034 1574 1062 1599 l'.
1080 1573 1127 1599 ὑπ.
1148 1571 1286 1607 Ἀγρίππα
1299 1570 1329 1597 τὸ
1347 1569 1368 1605 β’
1387 1569 1434 1596 καὶ
1449 1568 1608 1596 Λεντούλου.

1300 1627 1347 1653 ΣΑ’
1363 1625 1552 1653 ΟΛΥΜΙΠΛΣ.

1034 1676 1085 1702 1Α’.
1101 1675 1149 1702 ὑπ.
1167 1673 1328 1701 Γετουλικοῦ
1343 1673 1390 1699 καὶ
1404 1671 1528 1699 Σαϐίνου.

1035 1721 1083 1747 ΙΒ¹.
1102 1721 1148 1747 ὑπ.
1167 1720 1294 1756 Κράσσου
1309 1719 1355 1746 καὶ
1371 1719 1501 1749 Πίσωνος.

1034 1768 1084 1794 II".
1101 1768 1148 1793 ὑπ.
1165 1765 1275 1793 Σιλανοῦ
1292 1766 1338 1792 καὶ
1352 1765 1468 1801 Νεροῦα.

1035 1816 1083 1841 1Δ¹.
1100 1815 1147 1841 ὑπ.
1163 1814 1277 1849 Γεμινου
1294 1813 1341 1839 καὶ
1356 1812 1480 1848 Γεμίνου.

1301 1871 1347 1897 EB’
1366 1869 1554 1897 ΟΛΥΜΙΙΙΑΣ.

1035 1919 1086 1945 1Ε¹.
1101 1918 1148 1945 ὑπ.
1174 1917 1288 1951 Ῥούφου
1304 1917 1351 1943 καὶ
1373 1915 1565 1942 Ῥουϐελλίνου.

1036 1968 1094 2000 Iq’.
1113 1967 1160 1993 ὑπ.
1179 1965 1334 1993 Οὑεννικίου
1348 1965 1395 1991 καὶ
1408 1965 1550 1999 Λογγινου.

1036 2013 1085 2038 IZ'.
1100 2012 1148 2038 ὑπ.
1163 2011 1287 2047 Τιϐερίου
1304 2011 1444 2046 Καίσαρος
1458 2010 1490 2036 τὸ
1506 2013 1526 2036 ε’
1538 2008 1632 2046 μόνου.

1036 2058 1090 2085 ιιιι.
1105 2058 1152 2084 ὑπ.
1170 2057 1305 2094 Περσικοῦ
1322 2057 1370 2083 καὶ
1385 2055 1535 2082 Βετελλίου.

1302 2114 1350 2140 EI"
1370 2112 1557 2140 οΑΥΜιιιΑΣ.

1037 2159 1086 2188 ΙΘ’.
1104 2161 1152 2187 ὑπ.
1176 2161 1331 2196 Ἀρουντίου
1344 2160 1390 2187 καὶ
1413 2159 1600 2194 Ἀενοῦάρϐου.

1036 2207 1078 2234 Κ¹.
1098 2207 1145 2234 ὑπ.
1163 2206 1253 2233 Γαλϐὰ
1270 2206 1316 2233 καὶ
1329 2207 1438 2233 Σύλλου.

1036 2254 1102 2280 KA'.
1120 2254 1168 2280 ὑπ.
1182 2252 1283 2279 Γάλλου
1300 2253 1347 2279 καὶ
1361 2251 1517 2280 Νοννιανοῦ.

1035 2300 1099 2326 KB'.
1115 2300 1163 2326 ὑπ.
1178 2299 1308 2327 Λελιανοῦ
1324 2299 1370 2326 καὶ
1387 2299 1519 2325 Πλαύτου.

1078 2346 1106 2372 '0
1122 2345 1248 2380 βασιλεὺς
1262 2345 1387 2381 Τιϐέριος
1401 2344 1514 2380 τελευτᾷ
1535 2344 1592 2377 ἰδίῳ
1612 2343 1721 2379 θανάτῳ
1744 2344 1774 2371 ὲν
1785 2343 1824 2379 τῷ

1036 2392 1159 2426 παλατίῳ
1181 2391 1300 2426 Ῥώμης,
1319 2391 1401 2422 ἄπαις
1417 2390 1464 2417 καὶ
1479 2389 1617 2424 ἀγύναιος,
1633 2389 1670 2415 ὣν
1688 2389 1760 2416 ἐτῶν
1771 2393 1801 2416 d.

1079 2482 1221 2517 Ῥωμαίων
1236 2481 1257 2507 δ’
1267 2480 1439 2507 ἐϐασίλευσεν
1458 2480 1536 2512 Γάϊος
1551 2480 1651 2512 Γάλλος
1663 2479 1702 2515 (2)
1713 2481 1824 2516 Καῖσαρ

1036 2527 1083 2560 ἔτη
1095 2526 1126 2553 δ’.

1298 2584 1354 2610 ΣΔ¹.
1368 2583 1554 2610 ΟΛΥΜΠΙΑΣ.

1035 2630 1076 2654 A'.
1092 2629 1139 2655 ὑπ.
1157 2627 1311 2665 Προκούλου
1324 2628 1370 2654 καὶ
1386 2627 1525 2663 Νιγρενου.

1035 2720 1073 2747 nii
1089 2720 1180 2747 verbis
1192 2719 1383 2754 cognoscimus
1400 2719 1493 2746 Sextos
1504 2718 1672 2754 praenomina
1686 2725 1748 2746 esse
1756 2724 1822 2746 con-

1036 2755 1125 2782 sulum
1139 2753 1260 2789 Pompeii
1275 2759 1301 2782 et
1317 2755 1434 2789 Apuleii,
1444 2762 1498 2782 non
1509 2753 1602 2781 autem
1615 2753 1740 2781 diversos
1756 2760 1822 2789 conj

1035 2791 1119 2828 sules,
1130 2795 1164 2828 ut
1184 2788 1282 2817 horum
1300 2788 1434 2818 fastorum
1450 2794 1546 2828 auctor
1571 2790 1616 2817 hic
1630 2793 1657 2816 ct
1670 2796 1743 2826 sape
1758 2788 1822 2817 alibi

1036 2826 1063 2853 in
1081 2826 1173 2852 multis
1188 2829 1271 2853 errat.
1459 2824 1486 2828 'V
1501 2824 1509 2829 ⁵
1527 2825 1529 2828 ’

1072 2861 1110 2896 (Ξ)
1128 2860 1166 2888 Ita
1180 2861 1241 2889 cod.
