1912 3138
155 2208 158 2213 ’
182 2203 228 2231 IV.
243 2202 352 2230 ASIiano
365 2206 392 2230 et
412 2201 525 2229 Pastore
540 2209 613 2229 coss.

182 155 236 184 299
543 152 674 182 EUSEBII
694 152 932 181 C/ESARIENSIS
950 152 1025 180 OPP.
1046 152 1136 180 PARS
1154 151 1175 178 1.
1196 167 1231 171 —
1249 150 1443 178 IIIS'I'ORICA.
1753 148 1812 175 300

186 216 207 244 I.
222 215 368 244 Camerino
383 217 410 242 et
425 212 509 248 Nigro
522 219 595 240 coss.

1038 217 1055 241 ’.
1073 214 1120 241 ὑπ.
1139 213 1296 249 Καμερίνου
1313 213 1361 239 καὶ
1376 212 1493 247 Νίγρου.

186 261 218 289 II.
234 261 372 290 Antonino
386 259 507 294 Augusto
520 262 547 286 et
563 257 733 286 Praesentino
748 266 823 286 coss.

1038 265 1053 287 '.
1069 262 1116 287 ὑπ.
1137 259 1292 287 Ἀντωνῖνου
1305 258 1458 293 Αὐγούστου
1474 256 1521 283 καὶ
1535 252 1742 292 Πραισεντίνου.

186 308 228 337 111.
242 306 380 335 Antonino
390 306 511 341 Augusto
523 311 541 331 ιι
559 308 586 331 et
598 303 690 332 Marco
703 305 813 332 Aurelio
825 303 897 332 Vero
909 303 966 332 ﬁlio

1037 310 1053 333 ’.
1071 307 1117 333 ὑπ.
1135 306 1290 341 Ἀγτωνίνου
1301 304 1455 339 Αὐγούστου
1479 302 1508 328 τὸ
1520 301 1543 336 β’
1566 299 1614 327 καὶ
1627 299 1745 334 Μάρκου
1757 296 1813 322 Αὑ-

253 351 314 385 ejus
329 357 401 377 coss.
520 359 524 363 -

1051 350 1142 386 ρηλίου
1157 340 1216 376 υίοῦ
1233 349 1325 376 αὑτοῦ.

410 404 527 432 CCXXX
550 403 734 435 OLYMPIAS.

1301 406 1350 432 ΣΑ¹
1362 405 1404 431 ΟΛ
1408 402 1550 431 ΥΜΠΙΔΣ-

182 451 226 480 ιν.
243 451 342 480 Severo
358 460 384 479 Iv
395 455 422 480 et
439 452 533 479 Silano
548 460 620 480 coss.

1038 456 1053 480 '.
1072 452 1119 478 ὑπ.
1137 451 1257 488 Σεϐήρου
1273 451 1303 478 τὸ
1317 451 1338 477 δ’
1353 450 1400 477 καὶ
1417 448 1540 476 Σιλανοῦ.

181 499 215 527 V.
231 498 327 526 Ruﬁno
340 503 368 526 et
382 499 520 532 Quadrato
539 507 612 527 coss.

1037 501 1055 527 ζ’.
1074 499 1121 526 ὑπ.
1145 498 1283 533 Ῥουφίνου
1295 497 1342 524 καὶ
1353 496 1536 532 Κουαδρᾶτου.

182 543 226 571 VI.
245 543 383 579 Torquato
394 548 420 571 et
432 543 538 572 Herode
550 551 623 571 coss.

1037 546 1064 578 ,".
1079 545 1126 571 ὑπ.
1144 544 1313 579 Τορκουάτου
1333 542 1380 569 καὶ
1402 541 1532 576 Ἡρώδου.

181 590 239 619 VII.
254 591 348 618 Aviola
363 593 390 618 et
403 589 520 617 Maximo
537 597 609 617 coss.

1039 594 1054 617 '.
1072 591 1120 617 ὑπ.
1144 590 1251 617 Ἀὂιολᾶ
1268 589 1314 616 καὶ
1331 588 1468 623 Μαξίμου.

407 646 536 674 CCXXXI
555 644 736 674 OLYMPIAS.

1271 647 1343 673 ΣΛΑ’
1364 645 1551 672 ϋΑΥΜΠῘΑΣ.

184 691 248 720 VIII.
263 693 403 720 Antonino
416 693 484 726 Aug.
507 699 538 718 ιιι
552 694 580 718 ct
594 691 704 718 Aurelio
725 697 745 716 ιι
763 696 836 717 coss.

1037 697 1060 722 ι’.
1081 695 1128 722 ὑπ.
1155 693 1312 721 Ἀντωνίνου
1334 692 1488 727 Αὐγούστου
1509 691 1540 718 τὸ
1564 693 1588 726 γ’
1609 690 1657 717 καὶ
1675 688 1811 725 Αὑρηλιου

1055 741 1086 768 τὸ
1102 741 1133 769 β’.

1055 741 1086 768 τὸ
1117 744 1133 769 ¹.

1019 789 1056 816 Θι.
1077 741 1129 815 ὑτῗ.
1142 787 1263 822 Σεὸήρου
1277 786 1306 813 τὺ
1321 789 1340 812 ε’
1359 785 1404 812 καὶ
1418 785 1560 820 Οὑηρίνου.

1020 837 1048 863 I'.
1066 837 1114 863 ὑπ.
1131 834 1239 871 Δάργου
1253 834 1299 861 καὶ
1312 832 1492 860 Μεσσαλίνου.

984 894 1004 924 Β
1020 882 1070 909 IA'.
1088 882 1137 908 ὑπ.
1154 880 1323 916 Τορκουάτου
1342 879 1373 906 τὸ
1390 878 1410 914 β’
1429 879 1476 904 καὶ
1496 875 1649 902 Ἰουλιανοῧ.

1273 938 1343 964 ΣΛΒ¹
1366 935 1553 964 ΟΑΥΜΠΙΑΣ.

1019 985 1069 1012 1¹Β’.
1087 985 1133 1011 ὑπ.
1159 984 1283 1020 ὀρφίτου
1301 983 1347 1010 καὶ
1364 983 1493 1017 Πρίσκου.

1019 1031 1067 1057 II".
1081 1032 1128 1057 ὑπ.
1143 1031 1162 1056 Γ
1165 1030 1311 1066 λαϐρίωνος
1323 1029 1370 1056 καὶ
1385 1028 1510 1065 Βετέρου.

181 786 228 814 IX.
245 785 345 814 Severo
361 794 378 812 v
390 790 416 814 et
429 784 533 813 Verino
548 792 621 813 coss.

181 832 216 860 X.
238 832 326 868 Largo
341 835 368 859 et
383 831 529 859 Messalino
548 839 621 860 coss.

182 877 227 904 XI.
245 876 383 912 Torquato
396 884 416 904 ιι
429 881 456 904 et
469 876 579 904 Iuliano
594 883 666 903 coss.

397 931 537 960 CCXXXII
558 931 743 959 OLYMI’IAS.

180 977 238 1005 XII.
256 978 341 1005 Orﬁto
357 982 384 1005 et
399 977 494 1004 Prisco
506 984 578 1005 coss.

181 1024 249 1051 XIII.
263 1024 409 1051 Glabrione
421 1028 448 1051 et
462 1023 560 1050 Vetere
574 1030 647 1050 coss.

180 1070 250 1098 XIV.
264 1070 405 1098 Condiano
418 1073 444 1097 et
456 1069 574 1096 Maximo
585 1076 658 1096 coss.

182 1114 240 1143 XV.
258 1114 404 1143 Glabrione
417 1122 435 1141 ιι
448 1118 476 1141 et
491 1113 602 1141 Jumilio
619 1113 657 1149 (I)
674 1120 746 1140 coss.

396 1170 550 1199 CCXXXIII
566 1168 751 1198 OLYMPIAS.

181 1217 251 1246 XVI.
263 1217 399 1246 Przcsente
409 1221 435 1246 et
449 1216 548 1245 Ruﬁno
563 1224 636 1245 coss.

182 1262 261 1290 XVII.
278 1263 428 1291 Commodo
442 1266 468 1290 et
485 1261 619 1290 Laterano
635 1269 709 1290 cosse

181 1308 273 1338 XVIII.
289 1308 389 1337 Severo
404 1317 430 1337 v1
446 1313 473 1337 et
489 1308 638 1337 Sabiniano
651 1316 724 1336 coss.

180 1354 251 1383 XIX.
270 1354 379 1383 Silvano
390 1359 417 1383 et
434 1354 573 1390 Augurino
585 1361 658 1382 coss.

394 1409 547 1438 CCXXXIV
570 1407 754 1436 OLYMPIAS.

182 1455 240 1484 XX.
258 1456 378 1484 Barbaro
392 1460 419 1484 et
434 1455 536 1491 Regulo
551 1463 624 1483 coss.

184 1502 257 1530 XXI.
271 1502 394 1529 Tertullo
405 1505 432 1529 et
446 1501 595 1528 Sacerdotc
611 1508 684 1528 coss.

182 1547 267 1575 XXII.
284 1547 416 1580 Quintilio
426 1551 452 1573 et
465 1546 561 1574 Prisco
577 1554 652 1574 coss.

183 1593 279 1622 XXIII.
293 1594 400 1621 Bradua
415 1597 443 1621 et
457 1593 528 1621 Vero
539 1601 611 1622 coss.

217 1640 266 1668 IIis
280 1648 352 1668 coss.
368 1640 514 1676 (manuus)
531 1644 573 1668 est
592 1639 682 1668 Elius
694 1639 850 1668 Antoninus
871 1639 967 1676 (Lorii)

184 1692 271 1713 annos
291 1688 372 1713 natus
385 1693 467 1713 LXVII.

220 1731 403 1759 Romanorum
418 1731 566 1766 imperator
574 1730 645 1764 XIV,
657 1730 765 1758 Marcus
779 1731 904 1759 Aurelius
913 1731 969 1758 An-

184 1777 306 1811 toninus,
322 1777 369 1813 qui
383 1782 410 1805 et
431 1776 517 1804 Verus
535 1777 641 1811 dictus,
670 1778 742 1805 ﬁlius
767 1778 897 1805 Antonini
915 1777 967 1810 I’ii,

184 1831 234 1851 nec
248 1831 302 1851 non
321 1822 422 1852 Lucius
438 1823 567 1851 Aurelius
591 1823 769 1855 Commodus,
785 1824 858 1851 illius
874 1823 966 1856 frater,

184 1877 264 1898 annis
278 1877 335 1897 XIX.

402 1924 544 1953 CCXXXV
568 1924 752 1953 OLYMPIAS.

1276 1934 1347 1960 ΣΑΕ¹
1364 1932 1549 1960 ΟΑΥΜΠΙΑΣ,

182 1971 204 1999 1.
220 1972 310 1999 Marco
325 1971 436 2000 Aurelio
446 1971 557 2001 Vero.el
577 1972 662 2000 Lucio
677 1972 826 2000 Commodo
843 1972 967 2008 Augusto

1037 1984 1057 2006 ι’.
1073 1980 1120 2006 ὑπ.
1135 1980 1249 2014 Μάρκου
1261 1980 1393 2016 Αὑρηλίου
1410 1979 1516 2015 Οὑήρου
1531 1978 1578 2005 καὶ
1593 1976 1708 2004 Λουκίου
1722 1976 1812 2011 Κομό-

218 2027 236 2046 II
254 2027 326 2048 COSS.

1055 2027 1100 2053 δου
1116 2027 1271 2061 Αὐγούστου
1283 2027 1314 2054 τὸ
1328 2027 1359 2062 β’.

182 2063 215 2091 11.
233 2065 324 2092 Marco
339 2065 448 2093 Aurelio
458 2065 530 2092 Vero
545 2068 573 2093 et
585 2064 670 2092 Lucio
681 2064 831 2093 Commodo
844 2064 967 2100 Augusto

1037 2075 1056 2100 ι’.
1070 2073 1118 2099 ὑπ.
1135 2073 1247 2108 Μάρκου
1263 2072 1398 2108 Αὑρηλίου
1410 2072 1515 2107 Οὐήρου
1527 2071 1573 2098 καὶ
1587 2068 1703 2096 Λουκίου
1720 2067 1810 2102 Κομό-

215 2119 246 2139 111
261 2119 335 2139 COSS.

183 2156 227 2184 III.
245 2157 369 2185 Rusticio
380 2160 407 2184 et
416 2155 544 2192 Aquilino
557 2163 630 2183 coss.

1020 1079 1056 1104 IA'
1074 1078 1120 1105 ὑπ.
1133 1076 1278 1103 Κονδιανοῦ
1295 1077 1341 1102 καὶ
1356 1075 1493 1110 Μαξίμου.

1019 1124 1068 1150 1Ε’.
1089 1124 1136 1151 ὑπ.
1155 1122 1324 1158 Γλαϐρίωνος
1337 1122 1367 1148 τὸ
1384 1121 1405 1156 β’
1423 1121 1469 1148 καὶ
1490 1119 1642 1156 Ἰουμιλίου.

1273 1179 1344 1206 ΣΛΓ’
1374 1177 1561 1205 ΟΛΥΜΠΙΑΣ.

1020 1228 1077 1260 ις’.
1093 1227 1141 1253 ὑπ.
1155 1225 1320 1261 Πραίσεντος
1333 1224 1380 1251 καὶ
1399 1223 1549 1259 Ῥουφίνου.

1020 1273 1067 1299 IZ'.
1081 1272 1129 1298 ὑπ.
1145 1271 1267 1306 Κομόδου
1284 1270 1331 1296 καὶ
1344 1269 1510 1304 Λατερὰνου.

1019 1318 1072 1344 IH’.
1089 1318 1136 1343 ὑπ.
1153 1317 1272 1352 Σεῦήρου
1287 1315 1317 1342 τὺ
1334 1319 1360 1347 ς’
1375 1315 1421 1341 καὶ
1433 1314 1602 1341 Σαῦινιανοῦ.

1020 1363 1070 1389 ιθι.
1081 1363 1128 1389 ὑπ.
1147 1362 1275 1389 Σιλϐανοῦ
1289 1362 1335 1388 καὶ
1350 1361 1525 1397 Αὑγουρίνου.

1274 1418 1343 1444 ΣΛΔ¹
1366 1417 1554 1444 ΟΑΥΜΠΙΑΣ.

1020 1465 1062 1491 K'.
1079 1465 1126 1492 ὑπ.
1145 1463 1288 1500 Βαρϐάρου
1307 1464 1354 1490 καὶ
1376 1463 1532 1499 Ῥηγούλου.

1019 1512 1084 1538 ΚΑ⁹.
1103 1511 1149 1537 ὑπ.
1165 1510 1317 1546 Τερτύλλου
1333 1510 1380 1537 καὶ
1394 1509 1570 1545 Σακερδότου.

983 1568 1003 1596 C
1020 1557 1084 1583 KB’.
1102 1557 1148 1583 ὑπ.
1166 1556 1331 1583 Κυϊντύλλου
1348 1556 1396 1582 καὶ⁸
1412 1556 1542 1591 Πρίσκου.

1020 1603 1083 1629 KI".
1100 1603 1147 1630 ὑπ.
1166 1602 1288 1638 Βραδούα
1303 1603 1348 1629 καὶ
1362 1602 1477 1637 υὺήρου.

1062 1649 1123 1675 Ἐπὶ
1147 1648 1248 1675 τούτων
1273 1648 1325 1674 τῶν
1352 1647 1461 1674 ὑπάτων
1489 1647 1688 1682 (ἐτελεύτησεν)
1718 1647 1813 1678 Αἴλιος

1026 1695 1181 1726 Ἀντωνῖνος
1196 1694 1236 1730 (ὲν
1252 1694 1359 1729 Δωρίῳ)
1375 1693 1411 1720 ὢν
1426 1693 1493 1720 ἐτῶν
1506 1692 1553 1725 ξζ’.

1061 1740 1203 1776 Ῥωμαίων
1224 1739 1252 1766 ιδ’
1272 1739 1444 1766 ἐϐασίλευσεν
1468 1739 1580 1774 Μάρκος
1596 1737 1728 1773 Αὐρήλιος
1753 1735 1815 1762 Ἀν-

1020 1786 1141 1818 τωνῖνος,
1158 1786 1172 1812 ὁ
1191 1786 1238 1812 καὶ
1256 1784 1372 1820 υὺἦρος,
1396 1784 1452 1816 υίὸς
1479 1783 1636 1810 Ἀντωνίνου
1655 1781 1702 1808 τοῦ
1726 1781 1813 1807 Εὐσε-

1021 1830 1093 1863 ϐοῦς,
1112 1831 1159 1858 καὶ
1176 1830 1288 1862 Λούκιος
1300 1830 1432 1866 Αὐρήλιος
1445 1829 1574 1865 Κόμοδος,
1587 1827 1700 1862 ἀδελφὸς
1714 1826 1812 1857 αὑτοῦ,

1020 1877 1066 1913 ἐτη
1082 1877 1125 1904 ιθ’.

1049 2119 1094 2146 δου
1110 2119 1264 2153 Αὐγούστου
1279 2119 1309 2146 τὸ
1325 2123 1359 2154 γ’.

1020 2165 1057 2192 I".
1076 2165 1122 2191 ὑπ.
1147 2165 1312 2191 Ῥουστικίου
1328 2165 1375 2191 καὶ
1397 2163 1546 2191 Ἀκυλίνου.

1020 2212 1055 2237 Δ¹.
1071 2211 1118 2237 ὑπ.
1137 2210 1260 2237 Αίλιανοῦ
1276 2211 1322 2237 καὶ
1340 2211 1487 2246 Πάστορος.

984 2242 1007 2271 θ
1271 2268 1350 2301 ΣΑςι
1367 2267 1553 2295 mnuum:

1021 2315 1058 2341 E’.
1075 2315 1122 2340 ὑπ.
1139 2314 1280 2350 Μακρίνου
1292 2314 1339 2341 καὶ
1355 2314 1470 2341 Κέλσου.

1022 2362 1066 2394 ς’.
1084 2360 1282 2395 ὑπὴὈρφίτου
1297 2361 1344 2386 καὶ
1359 2359 1515 2391 Πούδεντος.

1020 2407 1056 2433 Z'.
1076 2407 1123 2434 ὑπ.
1139 2406 1285 2438 Πούδεντος
1299 2406 1330 2433 τὸ
1346 2405 1366 2440 β’
1383 2406 1430 2432 καὶ
1444 2405 1619 2437 Πουλλίωνος.

1022 2454 1062 2479 II'.
1079 2453 1126 2479 ὑπ.
1142 2453 1255 2488 Μάρκου
1273 2452 1406 2488 Αὑρηλίου
1430 2451 1536 2487 Οὐήρου
1561 2451 1590 2477 τὺ
1611 2452 1635 2484 γ’
1649 2449 1696 2476 καὶ
1719 2449 1812 2476 Κουα-

1052 2498 1160 2535 δράτου.

393 2258 548 2286 CCXXXVI
569 2257 754 2286 OLYMPIAS.

183 2305 215 2334 V.
233 2305 355 2333 Macrino
369 2309 396 2332 et
409 2305 489 2333 Celso
501 2312 576 2333 coss.

182 2353 226 2379 Vl.
243 2352 329 2379 Orﬁto
339 2355 366 2379 et
378 2351 500 2379 Pudente
515 2358 588 2378 coss.

182 2400 238 2427 VII.
257 2399 380 2427 Pudente
394 2407 411 2426 ιι
426 2402 453 2426 et
465 2398 586 2426 Pollione
595 2406 669 2426 coss.

181 2445 249 2473 VIII.
265 2445 357 2473 Marco
366 2445 433 2473 Aur.
453 2444 523 2472 Vero
541 2452 569 2472 ιιι
580 2449 606 2472 et
617 2444 757 2477 Quadrato
774 2452 844 2473 coss.

1275 2555 1344 2581 ΣΑΖ¹
1360 2554 1548 2581 ΟΛΥΜΠΙΑΣ.

1021 2601 1057 2627 9'.
1077 2600 1126 2628 ὑπ.
1148 2599 1332 2636 Ἀπρωνιανοῦ
1346 2601 1393 2627 καὶ
1406 2599 1523 2627 Παύλου.

1020 2647 1049 2673 I'.
1064 2646 1111 2671 ὑπ.
1128 2644 1247 2681 Πρίσκου
1259 2644 1306 2671 καὶ
1327 2644 1523 2680 Ἀπολιναρίου.

1020 2691 1070 2718 lA'.
1088 2691 1135 2717 ὑπ.
1155 2690 1278 2726 Κεθήγου
1293 2691 1339 2717 καὶ
1353 2690 1471 2725 Κλάρου.

1021 2735 1070 2762 ΙΒ’.
1087 2737 1132 2764 ὑπ.
1147 2736 1265 2772 Σεϐήρου
1279 2737 1325 2763 καὶ
1343 2735 1525 2771 Ἐρεννιανοῦ.

1270 2794 1344 2820 ΣΛΗ¹
1361 2792 1549 2819 ΟΛΥΜΠῐΛΣ.

1023 2838 1070 2865 ΙΓ’.
1090 2839 1136 2866 ὑπ.
1158 2839 1282 2872 Ὀρφίτου
1293 2838 1323 2864 τὸ
1342 2837 1362 2872 β’
1377 2837 1423 2864 καὶ
1436 2836 1573 2872 Μαξίμου.

389 2558 552 2588 CCXXXVII
567 2557 755 2586 OLYAIPIAS.

182 2608 227 2636 IX.
239 2607 396 2643 Aproniano
409 2611 436 2634 et
450 2606 534 2633 Paulo
552 2613 625 2633 coss.

184 2654 217 2681 X.
235 2654 331 2682 Prisco
346 2658 374 2681 et
386 2653 542 2688 Apollinare
557 2659 633 2679 coss.

182 2700 228 2727 XI.
244 2701 362 2735 Cethego
374 2704 401 2728 et
413 2699 494 2727 Claro
511 2706 587 2726 coss.

182 2745 241 2774 XII.
258 2746 358 2774 Severo
374 2750 401 2774 et
414 2745 588 2773 Herenniano
604 2750 678 2770 coss.

385 2800 560 2830 CCXXXVIII
584 2797 769 2827 OLYMPIAS.

184 2845 252 2877 XIII.
265 2846 349 2874 Orﬁto
365 2853 384 2872 ιι
396 2850 423 2873 et
439 2845 556 2872 Maximo
568 2851 642 2871 coss.

219 2902 258 2938 (I)
275 2901 376 2936 Nempe
392 2900 416 2927 Η
422 2899 529 2928 omullo.
