1904 3135
87 179 126 206 501

85 240 124 266 ιΔ.
155 246 184 264 π.
198 237 321 273 Σεϐήρου
338 237 367 264 τὸ
380 237 402 272 β’
419 238 465 264 καὶ
481 238 668 273 Πομπηϊανοῦ.

84 284 116 310 ΙΕ¹
129 283 174 310 ὐπ.
191 283 295 310 Γάλλου
310 283 357 309 καὶ
374 282 508 310 Φλάκκου.

83 329 121 362 ις’
135 328 181 354 ὑπ.
205 327 333 362 Ὀρφίτου
347 327 377 354 τὸ
391 330 416 361 γ’
433 327 480 354 καὶ
500 328 624 362 Ῥούφου.

334 383 406 410 ΣΛΘ¹
425 383 612 412 ΟΛΥΜΠΙΛΣ.

80 430 122 458 ιΖ’.
136 431 183 458 ὑπ.
201 429 370 462 Πουλλίωνος
386 430 432 456 καὶ
451 431 567 467 Ἀπρου.

79 478 126 504 III'.
140 477 188 504 ὑπ.
206 476 331 512 Κομόδου
348 476 395 503 καὶ
414 477 583 504 Κυϊντίλλου.

78 523 120 550 ΙΘί.
134 524 182 550 ὑπ.
207 522 334 559 ὐρῳίτου
348 522 410 549 τὸδ’
424 524 470 549 καὶ⁸
490 523 604 558 Ῥούφου
617 525 646 551 τὸ
662 525 692 560 β’.

106 569 270 601 Ἀντωνῖνος,
295 569 309 594 ὁ
330 569 377 595 καὶ
400 569 514 605 Οὐῆρος,
540 571 655 605 νοσήσας
677 571 810 598 ἀπέθανεν
833 572 862 599 ὲν

75 615 250 647 Παννωνὶαις,
277 616 330 651 πρὸ
355 615 426 642 ὀκτὼ
442 616 580 644 καλανδῶν
607 617 764 653 ἀπριλλίων,
778 618 863 654 ἄρξας

76 662 116 696 ἐτη
133 660 175 686 ιϐ’.

110 707 252 743 Ῥωμαίων
268 707 297 734 ιε’
311 707 483 734 ἐϐασίλευσεν
500 707 621 742 Κόμοδος
637 708 684 744 ἔτη
701 708 744 735 ιϐ’.

74 752 107 780 Λ’.
123 754 170 780 ὑπ.
187 754 310 790 Κομόδου
325 750 479 789 Αὐγούστου
493 754 524 781 τὸ
540 753 563 790 β’
579 755 627 782 καὶ
640 756 738 791 Βήρου.

324 808 380 836 ΣΜ¹
397 810 585 837 ΟΛΥΜΠΙΑΣ.

73 855 105 882 B’.
124 856 173 882 ὑπ.
192 856 359 892 Πραίσεντος
375 856 422 882 καὶ
438 855 593 891 Γορδιανοῦ.

72 901 103 927 I‘.
120 902 169 929 ὐπ.
185 902 308 937 Κομόδου
322 901 477 936 Αὐγούστου
494 901 525 928 τὸ
540 901 564 936 γ’
581 902 628 928 καὶ
642 902 730 938 Βήρου
745 903 775 930 τὸ
791 903 824 938 β’.

71 947 103 974 Δ’.
118 948 166 974 ὑπ.
184 948 360 983 Μαμερτίνου
375 948 422 974 καὶ
443 947 556 983 Ῥούφου
569 948 599 975 τὸ
613 948 647 982 γ’.

70 993 102 1020 Ε’.
119 994 167 1021 ὐπ.
188 994 313 1030 Κομόδου
329 994 481 1029 Αὐγούστου
499 993 529 1021 τὸ
543 994 564 1021 δ’
578 996 625 1022 καὶ
639 995 805 1031 Βικτορίνου.

324 1050 401 1079 ΣΜΧ
417 1052 603 1079 ΟΛΥΜΠΙΑΣ.

70 1093 110 1130 ς’.
125 1098 176 1124 ὑπ.
194 1097 354 1134 Μαρκέλλου
371 1099 418 1125 καὶ
431 1098 567 1126 Αἰλιανοῦ.

70 1142 102 1169 Z'.
119 1143 166 1170 ὑπ.
185 1143 327 1179 Ματέρνου
342 1144 391 1170 καὶ
407 1142 541 1179 Βραδοῦα.

69 1185 104 1214 II'.
122 1187 173 1213 ὑπ.
193 1187 316 1223 Κομόδου
342 1187 498 1225 Αὐγούστου
523 1187 553 1214 τὸ
569 1187 589 1214 ε’
609 1188 656 1215 καὶ
680 1189 859 1225 Γλαϐρίωνος.

68 1231 102 1259 Θ.
118 1233 166 1259 ὑπ.
187 1233 339 1268 Κρισπινου
360 1233 406 1261 καὶ¹
423 1233 559 1261 Διλιανοῦ.

325 1291 402 1318 ΣΜΒ¹
418 1292 605 1319 ΟΛΥΜΠΙΑΣ.

67 1335 90 1362 1’.
107 1337 152 1364 ὑπ.
173 1337 341 1364 Φουσκιανοῦ
359 1339 405 1365 καὶ
425 1338 545 1365 Σιλανοῦ.

66 1381 109 1409 ΙΔ’.
126 1384 178 1411 ὑπ.
194 1384 320 1420 Κομόδου
340 1384 495 1420 Αὐγούστου
511 1385 541 1412 τὸ
556 1385 583 1420 ς’
599 1387 645 1413 καὶ
668 1387 858 1424 Σεπτιμιανοῦ.

65 1428 109 1455 IB’.
126 1429 174 1457 ὑπ.
195 1430 321 1465 Κομόδου
343 1431 498 1465 Αὐγούστου
519 1432 550 1459 τὸ
566 1431 587 1464 ζ’
611 1433 659 1460 καὶ
682 1434 858 1470 Περτίνακος.

96 1476 218 1511 Κόμοδος
233 1476 364 1511 αἰφνίδιον
383 1477 556 1515 ἐτελεύτησεν
569 1479 731 1514 ἀποπνιγεὶς
744 1482 773 1508 ὲν
787 1482 861 1518 οῑκιᾳ

65 1520 206 1549 Bas-rmvet»
238 1523 386 1557 συγγενοῦς
419 1525 502 1551 αὐτοῦ
530 1525 576 1552 καὶ
610 1526 786 1563 ’Δτταλιανῆς
810 1528 861 1563 τῆς

65 1568 214 1620 ὐπατίσσης
229 1570 266 1620 ἐν.
280 1567 375 1607 Ῥώμῃ
400 1571 453 1607 πρὸ
468 1570 492 1597 α’
515 1571 652 1599 καλανδῶν
683 1574 855 1610 ζανουαρίων,
872 1591 892 1620 C

64 1614 141 1649 ἄρξας
161 1615 213 1650 ἐτη
232 1614 276 1643 ιϐ’.

98 1660 244 1696 Ῥωμαίων
270 1661 307 1694 ις’
326 1661 499 1690 ἐϐασίλευσεν
518 1664 630 1697 Λούκιος
649 1665 782 1702 Περτεναξ
803 1667 855 1702 μῆ-

63 1714 106 1737 νκ
122 1707 154 1741 β’,

93 1752 240 1789 Περτίναξ,
265 1752 279 1780 ὁ
299 1755 347 1782 καὶ
363 1754 487 1788 Λούκιος,
508 1757 614 1794 ἐσφάγη
631 1758 682 1785 ὑπὸ
699 1758 752 1785 τῶν
774 1767 855 1795 στρα-

61 1799 169 1831 τιωτῶν,
186 1800 227 1831 ὡς
242 1800 381 1836 ἐξέρχεται
393 1802 447 1829 ἀπὸ
460 1801 507 1829 τοῦ
523 1803 652 1831 παλατιου
663 1805 702 1836 εἱς
715 1804 761 1831 τὸν
775 1805 855 1841 Μάρο

60 1853 112 1874 ⁴τιον
124 1847 163 1875 ὢν
176 1847 248 1875 ἐτῶν
262 1846 294 1876 o'.

98 1895 244 1931 Ῥωμαίων
265 1895 298 1928 ιζ’
313 1896 487 1924 ἐϐασίλευσεν
504 1898 590 1930 Δίδιος
610 1898 761 1930 Ἰουλιανὸς,
779 1899 793 1926 ὁ
808 1898 854 1926 καὶ

61 1940 171 1974 Σᾶϐιος,
189 1942 280 1977 μῆνας
297 1941 329 1975 ζ.

60 1986 94 2014 A'.
112 1988 158 2014 ὑπ.
177 1987 305 2014 Φλάκκου
321 1988 367 2014 καὶ
383 1988 500 2024 Κλάρου.

92 2032 146 2059 Καὶ
169 2030 250 2064 οὗτος
274 2033 288 2059 ὁ
302 2033 387 2065 Δίδιος
408 2034 515 2069 ἐσφάγη
540 2034 593 2062 ὑπὸ
619 2034 851 2072 κουϐικουλαρίου,

59 2080 95 2110 εὶς
110 2080 160 2115 τὴν
176 2079 271 2114 πηγὴν
285 2078 332 2106 τοῦ
349 2080 489 2112 παλατίου,
513 2080 622 2116 Ῥώμης
637 2080 702 2114 ἔσω,
717 2081 754 2113 ὡς
768 2090 852 2118 προσ-

58 2124 111 2160 έχει
126 2127 184 2158 τοῖς
204 2124 320 2160 ἰχθύσιν,
337 2126 370 2152 ὲκ
393 2127 527 2162 ωσκευῆς
550 2127 603 2153 τῶν
627 2127 684 2162 μετ’
705 2127 797 2162 αὐτοῦ,
814 2127 852 2154 ὢν

60 2171 122 2199 ἑτῶν
136 2171 168 2205 ξ’.

95 2217 244 2254 Ῥωμαίων
260 2217 293 2253 ιη’
310 2217 482 2244 ἐϐασίλευσεν
504 2218 617 2249 Λούκιος
640 2218 784 2254 Σεπτίμιος
803 2219 852 2245 Σε-

58 2263 155 2300 θῆρθῖν
186 2265 243 2291 ἀπὸ

57 2310 100 2346 ἔτη
113 2311 156 2338 ιθ¹.

318 2367 393 2395 ΣΜΓ¹
409 2368 596 2395 ΟΛΥΜΠῙΑΣδ

55 2410 90 2440 Α¹.
111 2414 158 2441 ὑπ.
177 2413 300 2449 Σεϐήρου
316 2413 469 2447 Αὐγούστου
486 2414 532 2440 καὶ
549 2413 671 2441 Σαϐίνου.

56 2459 90 2485 B‘.
107 2460 155 2487 ὑπ.
174 2459 328 2495 Τερτύλλου
342 2460 389 2486 καὶ
404 2459 571 2495 Κλήμεντος.

56 2504 89 2532 Γ.
104 2506 152 2533 ὑπ.
169 2506 288 2541 Δέξτρου
303 2506 351 2532 καὶ
365 2505 495 2541 Πρίσκου.

55 2551 89 2579 Δ’.
105 2553 154 2580 ὑπ.
177 2552 336 2588 Λατεράνου
352 2551 399 2578 καὶ
416 2551 567 2586 Ῥουφίνου.

317 2608 393 2636 ΣΜΔ¹
409 2609 595 2637 ΟΛΥΜΠΙΑΣ.

54 2665 88 2691 Ε¹.
106 2666 156 2694 ὑπ.
175 2666 338 2702 Σατορνίνου
354 2666 401 2693 καὶ
414 2666 526 2694 Γάλλου.

53 2710 96 2744 ς’.
114 2712 164 2739 ὑπ.
192 2712 358 2739 ’Δνουλλίνου
373 2713 420 2739 καὶ
431 2712 596 2748 Φρόντωνος.

53 2756 86 2784 Z'.
103 2758 154 2785 ὐπ.
174 2757 295 2794 Σεϐήρου
311 2758 465 2792 Αὐγούστου
480 2759 510 2786 τὸ
525 2758 548 2794 β’
565 2759 611 2786 καὶ
629 2760 792 2796 Βικτορίνου,

54 2802 89 2830 H'.
107 2805 158 2832 ὑπ.
178 2804 324 2831 Μωκιανοῦ
341 2805 388 2832 καὶ
399 2805 541 2833 Φαϐιανοῡ.

87 2909 126 2942 (l)
135 2910 196 2938 Ὀἷα
211 2909 329 2937 Salvius.

708 176 957 205 CIIIIONICORUM
990 176 1054 205 LIB.
1072 177 1092 205 l.

877 240 902 269 Α
914 236 983 265 XIV.
998 236 1099 265 Severo
1112 245 1130 264 ιι
1146 241 1174 264 et
1188 236 1354 273 Pompeiano
1367 245 1440 267 coss.

914 282 972 310 XV.
987 282 1063 310 Gallo
1077 287 1104 310 et
1115 281 1212 310 Flacco
1225 290 1297 311 coss.

917 327 987 355 XVI.
1000 327 1086 355 Orlito
1101 335 1131 355 ιιι
1152 333 1179 356 et
1196 327 1266 355 Rufo
1274 336 1346 357 coss.

1125 384 1279 412 CCXXXIX
1303 384 1486 412 OLYMPIAS.

916 429 998 458 XVII.
1012 430 1134 458 Pollione
1148 433 1175 457 et
1189 429 1263 465 Apro
1275 437 1348 458 coss.

914 476 1007 503 XVIII.
1022 476 1170 504 Commodo
1182 479 1208 503 et
1223 475 1353 509 Quintillo
1364 484 1436 504 coss.

914 521 987 549 XIX.
1001 521 1086 549 Orﬁto
1102 530 1129 550 Iv
1149 526 1177 549 et
1190 521 1262 550 Rufo
1277 530 1297 549 ιι
1310 529 1383 550 coss.

949 568 1118 600 Antoninus.
1132 569 1179 604 qui
1194 572 1221 596 et
1243 567 1331 597 Verus
1346 569 1436 596 dictus
1451 572 1504 601 est,
1521 569 1619 597 morbo
1633 577 1699 597 con-

914 615 1034 643 ﬂictatus
1054 615 1082 643 in
1096 615 1247 644 Pannoniis
1262 615 1340 649 obiit,
1354 623 1403 643 vm
1426 615 1485 642 Kal.
1502 615 1618 652 Apriles,
1637 624 1697 644 cum

914 661 1076 696 imperasset
1090 663 1170 689 annis
1190 670 1247 689 xu.

948 707 1132 735 Romanorum
1149 708 1213 744 imp.
1223 709 1268 735 XV
1275 707 1440 736 Commodus
1453 715 1496 735 an.
1511 716 1560 736 ιιι.

914 753 934 781 I.
951 754 1101 782 Commodo
1114 755 1236 790 Augusto
1251 764 1269 782 ιι
1283 759 1310 783 ct
1330 754 1400 782 Vero
1413 763 1486 784 coss.

1161 811 1251 839 CCXL
1267 811 1452 839 OLVMPIAS.

913 854 946 882 II.
959 855 1095 884 Praesente
1110 861 1136 884 et
1156 855 1296 883 Gordiano
1308 864 1381 884 coss.

877 919 899 947 Β
914 902 958 931 III.
974 903 1124 930 Commodo
1139 903 1208 938 Aug.
1225 911 1254 931 ιιι
1271 907 1298 930 ct
1313 902 1384 930 Vero
1397 911 1415 930 ιι
1433 910 1505 931 coss.

912 948 957 976 IV.
977 948 1139 976 Mamertino
1152 953 1178 976 et
1194 948 1265 977 Rufo
1282 957 1312 975 ιιι
1328 957 1401 976 coss.

913 994 945 1022 V.
961 995 1111 1023 Commodo
1130 995 1254 1030 Augusto
1270 1003 1296 1022 Iv
1313 999 1340 1022 et
1356 994 1499 1023 Victorino
1516 1003 1589 1024 coss.

1146 1050 1247 1078 CCXLI
1265 1051 1450 1080 OLYIIIPIAS.

912 1095 956 1123 VI.
973 1095 1102 1123 Marcello
1118 1099 1145 1123 et
1161 1096 1272 1124 Eliano
1291 1105 1364 1125 coss.

912 1141 968 1169 VII.
986 1141 1108 1170 Materno
1126 1146 1153 1170 et
1166 1142 1273 1170 Bradua
1289 1151 1361 1171 coss.

912 1187 980 1215 VIII.
995 1187 1144 1215 Commodo
1160 1188 1229 1224 Aug.
1246 1196 1263 1215 v
1275 1192 1302 1216 et
1317 1189 1452 1217 Gabrione
1469 1197 1540 1218 coss.

911 1234 956 1261 IX.
969 1233 1096 1270 Crispino
1111 1239 1138 1262 et
1147 1234 1257 1262 Aﬁliano
1271 1243 1343 1263 coss.

1150 1290 1264 1318 CCXLI!
1278 1290 1466 1319 OLVMPIAS.

900 1337 946 1365 ,X.
966 1337 1102 1366 FuSciano
1116 1341 1142 1365 et
1156 1337 1250 1365 Silano
1266 1346 1340 1366 coss.

911 1384 956 1412 XI.
973 1384 1123 1412 Commodo
1134 1383 1203 1420 Aug.
1222 1392 1248 1412 v1
1263 1388 1290 1412 et
1301 1383 1469 1420 Septimiano
1484 1392 1556 1413 coss.

911 1430 969 1458 XII.
982 1429 1132 1458 Commodo
1144 1429 1214 1465 Aug.
1232 1438 1268 1456 vn
1284 1433 1310 1456 et
1327 1429 1470 1458 Pertinace
1487 1438 1562 1460 coss.

946 1475 1112 1504 Commodus
1124 1479 1234 1510 repente
1248 1476 1351 1503 inleriit
1368 1475 1516 1504 suﬂ‘ocatus
1531 1477 1559 1504 in
1573 1477 1630 1505 sede
1644 1476 1698 1505 Ve-

911 1523 994 1551 stiani
1009 1522 1098 1550 aIIinis
1113 1523 1154 1550 sui
1165 1526 1192 1550 et
1202 1522 1347 1550 Attalianae
1355 1522 1461 1551 femina:
1475 1523 1627 1552 consularis
1641 1523 1697 1552 Bo-

911 1576 977 1602 maa,
1004 1569 1092 1605 pridie
1119 1568 1233 1596 Kalend.
1252 1567 1415 1602 Ianuarias,
1443 1576 1506 1596 cum
1531 1569 1690 1605 imperasset

909 1615 988 1642 annis
1002 1622 1055 1644 xu.

943 1660 1130 1689 Romanorum
1143 1660 1346 1696 imperat.XVl,
1366 1659 1467 1689 Lucius
1477 1659 1602 1688 Pertinax
1619 1668 1695 1688 men-

909 1706 985 1735 sibus
997 1714 1028 1734 ιι.

944 1752 1083 1785 Pertinax,
1100 1753 1147 1789 qui
1164 1757 1191 1781 et
1201 1752 1302 1781 Lucius
1315 1753 1416 1786 dictus,
1433 1761 1449 1780 a
1465 1753 1598 1781 militibus
1609 1753 1694 1781 inter“

908 1799 996 1827 fectus
1013 1804 1065 1832 est,
1075 1800 1140 1832 dum
1149 1808 1181 1828 ex
1194 1799 1294 1835 palatio
1306 1799 1333 1827 in
1348 1807 1475 1835 campum
1489 1799 1616 1828 Martium
1630 1807 1694 1835 pro-

907 1845 1048 1879 ficiscitur,
1066 1854 1131 1874 ann.
1144 1850 1226 1874 natus
1240 1855 1304 1875 us.

943 1893 1128 1922 Romanorum
1145 1895 1271 1930 imperat.
1287 1893 1367 1926 XVII,
1384 1893 1479 1921 Didius
1495 1893 1630 1926 Julianus,
1644 1894 1691 1930 qui

882 1946 892 1948 “
906 1945 933 1968 et
950 1940 1052 1968 Silvius
1068 1941 1104 1977 (1)
1123 1941 1223 1973 dictus.
1240 1940 1379 1969 mensibus
1398 1948 1445 1968 vn.

907 1987 927 2014 I.
943 1986 1039 2015 Flacco
1051 1991 1078 2014 et
1092 1987 1172 2015 Claro
1182 1994 1254 2015 coss.

942 2033 1072 2061 Similiter
1085 2037 1113 2061 et
1133 2033 1178 2060 hic
1196 2033 1290 2061 Didius
1311 2041 1326 2061 ιι
1341 2031 1521 2065 cubiculario,
1545 2040 1594 2068 per
1605 2031 1691 2060 comi-

907 2083 965 2106 tum
991 2078 1106 2107 insidias
1136 2079 1296 2107 interiectus
1324 2083 1366 2107 est
1391 2079 1424 2106 ad
1451 2078 1553 2106 fontem
1581 2078 1688 2112 Palatii,

906 2125 1008 2158 Romae,
1022 2125 1086 2154 dum
1101 2125 1223 2161 piscibus
1234 2125 1360 2160 intendit,
1376 2133 1462 2154 annos
1477 2128 1559 2153 natus
1573 2133 1617 2153 ιι.

939 2217 1124 2246 Romanorum
1137 2218 1286 2254 imperator
1300 2215 1393 2251 XVIII,
1415 2216 1517 2246 Lucius
1541 2217 1688 2254 Septimius

281 2264 331 2300 τῆς
365 2265 516 2300 συγκλήτου
548 2264 656 2300 Ῥώμης
689 2264 844 2300 ψηφισθεὶςη

929 2271 1024 2291 everus
1035 2271 1050 2291 a
1064 2263 1188 2291 Romano
1204 2269 1301 2292 senatu
1318 2266 1431 2297 electus,
1447 2264 1527 2293 annis
1541 2272 1599 2292 nx.

1130 2363 1255 2392 CCXLIII
1272 2364 1457 2393 OLYMPIAS.

903 2409 923 2437 I.
942 2409 1042 2438 Severo
1053 2410 1175 2446 Augusto
1197 2415 1223 2438 et
1239 2411 1339 2438 Sabino
1351 2419 1424 2440 coss.

902 2454 934 2482 II.
952 2455 1073 2483 Tertullo
1085 2461 1112 2483 et
1127 2455 1265 2485 Clemente
1279 2464 1352 2485 coss.

902 2499 946 2529 III.
962 2500 1062 2529 Dextro
1074 2505 1100 2529 et
1112 2501 1206 2529 Prisco
1217 2510 1289 2530 coss.

901 2546 946 2574 IV.
963 2547 1096 2575 Laterano
1111 2552 1138 2576 et
1156 2547 1254 2576 Ruﬁno
1268 2557 1340 2578 coss.

1127 2605 1251 2633 CCXLIV
1271 2605 1454 2636 OLYMI’IAS.

903 2661 932 2690 V.
951 2661 1100 2690 Saturnino
1114 2667 1141 2691 et
1154 2663 1231 2691 Gallo
1248 2671 1321 2692 coss.

899 2707 944 2735 Vl.
956 2708 1085 2736 Anullino
1099 2712 1127 2736 et
1142 2708 1278 2737 Frontone
1293 2717 1367 2736 coss.

900 2753 956 2781 VII.
971 2753 1071 2782 Severo
1081 2754 1205 2790 Augusto
1218 2763 1236 2782 ιι
1256 2759 1282 2782 et
1298 2754 1438 2782 Victorino
1450 2761 1523 2782 coss.

899 2801 969 2829 VIII.
982 2801 1108 2829 Muciano
1123 2805 1151 2829 et
1171 2801 1292 2829 Fabiano
1306 2808 1379 2828 coss.
