1912 3138
203 182 255 209 3δὸ
545 179 676 207 EESEBII
693 178 932 207 CJESAIIIENSIS
952 179 1027 208 OPP.
1048 179 1147 206 PARS.
1170 178 1188 204 I.
1210 193 1245 198 —
1263 177 1457 206 IIISTORICA.
1774 174 1828 202 501

429 239 541 268 CCXLV
557 239 740 267 OLYMPIAS.
997 244 1020 272 Α

997 244 1020 272 Α
1279 265 1282 270 _
1302 236 1378 264 ΣΜΕ¹
1395 235 1581 263 ΟΛΥΜῘΙΙΑΣ,

207 285 249 314 IX.
263 286 362 314 Severo
376 285 497 320 Augusto
515 292 544 311 III
559 289 586 312 et
601 284 739 312 Antonino
755 292 828 313 coss.

1033 286 1070 313 8’.
1092 285 1139 313 ὑπ.
1157 284 1275 321 Σεϐήρου
1290 283 1444 318 Αὐγούστου
1461 283 1491 309 τὸ
1506 282 1530 317 γ’
1541 283 1588 309 καὶ
1609 281 1778 309 Ἀντωνίνου.

202 333 238 360 'X.
257 332 395 359 Plautiano
408 335 434 359 et
448 331 515 358 Geta
530 338 602 359 coss.

1033 331 1060 359 I'.
1080 332 1127 359 ὑπ.
1147 331 1314 358 Πλαυτιανοῦ
1330 330 1377 357 καὶ
1391 330 1467 357 Γέτα,

203 378 248 404 XI.
264 378 375 405 Chilone
386 380 412 404 et
428 376 530 404 Libone
541 385 614 404 coss.

1033 377 1083 404 IA’.
1102 378 1148 405 ὑπ.
1167 378 1286 408 Χίλωνος
1300 377 1346 403 καὶ
1359 376 1485 407 Λίϐωνος.

203 423 257 449 XII.
271 423 408 450 Antonino
424 431 441 450 ιι
457 426 483 450 et
496 421 598 450 Libone
612 430 630 449 ιι
641 429 712 450 coss.

1033 424 1082 451 IB'.
1099 425 1145 451 ὑπ.
1168 424 1322 450 Ἀντωνίνου
1339 422 1370 450 τὸ
1386 422 1408 458 β’
1421 423 1468 449 καὶ
1484 422 1552 448 Γὲτα
1568 421 1598 448 τδ
1614 421 1644 457 β’.

428 478 553 506 CCXLVI
568 478 753 507 OLYMPIAS.

1281 478 1365 512 EMG’
1382 479 1566 505 ΟΛΥΜΠῘΑΣ.

200 523 268 551 XIII.
280 524 378 551 Albino
392 528 418 552 et
429 524 577 553 [Emiliano
592 533 664 554 coss.

1034 525 1081 551 II".
1103 525 1150 551 ὑπ.
1167 524 1286 551 Ἀλϐίνου
1303 524 1350 551 καὶ
1365 523 1532 559 Αἰμιλιανοῦ.

201 569 269 597 XIV.
282 570 355 606 Apro
370 575 397 598 et
413 570 530 598 Maximo
545 579 617 600 coss.

1033 570 1080 597 Μ’.
1098 570 1144 596 ὑπ.
1156 571 1260 606 Ἀπρου
1274 571 1321 596 καὶ
1335 569 1469 603 Μαξίμου.

200 615 258 643 XV.
276 616 414 643 Antonino
428 624 455 644 ιιι
469 620 495 644 et
511 616 577 644 Geta
593 626 620 644 IIl
633 625 706 645 coss.

1033 617 1082 642 IE’.
1099 617 1145 643 ὑπ.
1167 616 1322 643 Ἀντωνῐνου
1339 615 1368 641 τὸ
1384 614 1408 649 γ’
1423 615 1469 641 καὶ.
1483 615 1550 641 Γέτα
1564 614 1594 641 τὸ
1608 614 1641 648 γ’.

199 662 271 690 XVI.
290 662 454 698 Pompeiano
467 667 493 690 et
506 663 568 690 Atto
583 671 656 690 coss.

1034 662 1090 695 IS”.
1109 663 1157 690 ὑπ.
1174 660 1350 697 Πομπηῖανοῦ
1363 660 1410 687 καὶ
1424 661 1531 687 "Atto-.2.

420 719 556 746 CCXLVII
573 719 756 747 OLYMPIAS.

1281 719 1358 746 ΣΜΖ’
1375 717 1561 745 ΟΛΥΜΠΙΑΣ.

200 764 282 792 XVII.
299 764 427 792 Faustino
441 771 466 793 et
478 765 576 792 Ruﬁno
592 773 665 793 coss.

1032 765 1081 793 IZ’.
1099 766 1146 792 ὑπ.
1161 765 1308 791 Φαυπίνου
1325 765 1372 791 καὶ
1389 764 1538 798 Ῥουφίνου.

200 809 296 837 XVIII.
310 810 444 838 Gentiano
457 814 485 837 et
499 810 583 838 Basso
594 818 666 838 coss.

1033 812 1087 839 IH’.
1108 812 1154 838 ὑπ.
1170 811 1312 838 Γεντιανοῢ
1325 811 1372 838 καὶ
1388 810 1503 838 Βάσσου.

204 855 272 883 XIX.
287 855 360 891 Apro
373 864 392 883 ιι
405 860 432 884 et
447 855 521 891 Apro
535 863 607 884 coss.

1034 857 1083 884 IG'.
1102 858 1148 884 ὑπ.
1169 857 1273 893 Ἀπρου
1287 857 1316 882 τὸ
1335 856 1357 891 β’
1372 857 1418 883 καὶ
1439 857 1553 892 Ἀπρου.

237 901 285 929 llis
300 909 373 930 coss.
391 903 459 930 obiit
475 902 593 930 Severus
607 902 634 929 in
653 902 711 930 solo
725 902 878 934 barbarico,
895 907 981 930 ann0s

1068 903 1177 935 Τούτοις
1198 904 1254 935 τοῖς
1271 903 1382 934 ὑπάτοις
1406 902 1579 937 ἐτελεύτησεν
1600 901 1719 937 Σεϐἦρος
1739 902 1779 935 είς
1794 901 1822 929 τὸ

201 951 284 975 natus
298 955 361 975 ιιν.

1034 949 1208 985 βαρϐαρικὸν,
1225 949 1263 975 ὣν
1279 948 1346 975 ἐτῶν
1363 948 1406 981 ξέ.

237 993 420 1022 Romanorum
439 994 587 1029 imperator
597 993 669 1026 XIX,
685 993 837 1021 Antoninus
858 992 983 1023 Caracal-

1073 995 1215 1030 Ῥωμαίων
1229 994 1261 1022 ιθ¹
1273 995 1443 1023 ἐϐασίλευσεν
1464 996 1617 1028 Ἀντωνῖνος
1631 996 1819 1032 Καράκαλλος,

201 1040 256 1073 Ius,
268 1040 359 1068 Severi
374 1040 537 1072 IiIius,annis
547 1048 596 1067 vn.

589 1060 596 1067 .
1033 1042 1090 1073 υἱὺς
1102 1041 1232 1077 Σεϐήρου,
1247 1041 1294 1077 ἔτη
1312 1042 1343 1074 ζ’.

201 1087 221 1114 I.
238 1087 374 1114 Antonino
387 1087 510 1122 Augusto
524 1095 550 1113 IV
564 1091 590 1114 et
604 1086 703 1114 Albino
716 1093 789 1114 coss.

1033 1089 1072 1114 A’.
1087 1088 1133 1114 ὑπ.
1158 1087 1314 1114 Ἀντωνίνου
1331 1087 1486 1122 Αὐγούστου
1501 1088 1530 1114 τὺ
1546 1088 1567 1114 δ’
1584 1089 1629 1114 καὶ
1655 1087 1785 1115 Ἀλϐίνω,

415 1143 564 1172 CCXLVIII
577 1143 760 1172 OLYMPIAS.

1279 1144 1359 1170 ΣΜΗ’
1385 1144 1571 1171 ΟΑΥΜΠΙΑΣ.

201 1190 231 1217 II.
249 1190 363 1219 Messala
374 1194 401 1219 et
418 1190 520 1219 Sabino
535 1199 607 1219 coss.

1034 1190 1071 1217 B’.
1089 1190 1136 1217 ὑπ.
1154 1189 1285 1217 Μεσσαλᾶ
1300 1189 1346 1217 xui.
1362 1189 1485 1217 Σαϐίνου.

199 1235 243 1263 III.
263 1236 377 1264 Lentulo
389 1240 417 1264 et
431 1236 542 1264 Cereale
553 1244 627 1265 coss.

1034 1236 1070 1263 I".
1088 1236 1136 1262 ὑπ.
1155 1235 1300 1263 Λεντούλου
1318 1235 1365 1262 καὶ
1381 1236 1537 1272 Κερεαλίου.

199 1281 244 1309 ιν.
263 1282 364 1310 Sabino
376 1288 396 1308 ιι
409 1287 436 1310 et
449 1283 567 1311 Auulino
579 1291 650 1311 coss.

1034 1283 1069 1307 Δ’.
1085 1281 1132 1307 ὑπ.
1150 1281 1263 1308 Σαϐίνου
1278 1282 1308 1308 τὺ
1322 1282 1344 1317 β’
1363 1283 1410 1309 καὶ
1428 1282 1602 1309 Ἀνουλλίνου.

201 1328 232 1355 ν.
250 1328 386 1357 Pracsente
400 1333 428 1356 et
443 1329 583 1357 Extricato
597 1337 671 1357 coss.

1090 1326 1253 1362 Πραίσεντος
1267 1327 1314 1354 καὶ
1333 1327 1515 1364 Ἐξτρικάτου.

426 1385 553 1414 CCXLIX
576 1385 762 1414 OLYMPIAS.

1278 1384 1354 1411 2M9
1384 1385 1570 1412 ΟΛΥΜΠΙΑΣ.

200 1431 246 1459 VI.
261 1433 400 1460 Antonino
419 1432 542 1468 Augusto
556 1441 572 1460 ν
587 1437 614 1459 ct
630 1432 753 1460 Advento
764 1440 837 1460 coss.

1065 1433 1079 1456 '.
1094 1431 1142 1457 ὑπ.
1163 1430 1320 1459 Ἀντωνίνου
1338 1431 1491 1464 Αὐγούστου
1508 1431 1538 1458 τὸ
1552 1435 1572 1458 ε’
1591 1432 1638 1458 καὶ
1657 1431 1820 1465 Ἀδοὺεντκ,

199 1476 256 1504 VII.
272 1478 409 1505 Antonino
420 1477 541 1518 Augusto
557 1484 584 1506 Vl
599 1482 626 1505 et
641 1477 787 1505 Saccrdote
802 1485 874 1505 coss.

1065 1498 1069 1503 .
1085 1477 1132 1504 ὑπ.
1154 1475 1307 1504 Ἀντωνίνου
1323 1478 1476 1512 Αὐγούστου
1491 1477 1522 1504 τὸ
1538 1480 1564 1510 ς’
1580 1478 1627 1504 καὶ
1643 1478 1820 1514 Σακερδότου,

236 1523 283 1551 llis
296 1523 528 1551 coss.Antoninus
540 1523 697 1551 Caracallus
707 1523 771 1550 dum
780 1528 873 1551 contra
888 1522 984 1552 Persas

1075 1525 1135 1550 Ἐπὶ
1148 1524 1249 1551 τούτων
1268 1523 1321 1551 τῶν
1336 1524 1447 1551 ὑπάτων
1466 1525 1622 1556 Ἀντωνῖνος
1641 1524 1823 1560 Καράκαλλος

201 1570 393 1605 proﬁciscitur,
409 1570 481 1597 inter
504 1569 634 1598 Edessam
651 1574 678 1598 et
688 1570 788 1598 Carras
808 1570 953 1599 interﬁcitu

1066 1570 1105 1597 ιτὰ
1118 1571 1231 1606 Περσῶν
1245 1570 1368 1598 ἀπελθὼν
1382 1571 1428 1597 καὶ
1440 1570 1581 1598 ἀναλαϐὼν
1593 1570 1642 1606 τὴν
1661 1571 1821 1606 Ὀσροηνὴν,

201 1624 289 1644 annos
307 1619 388 1643 natus
403 1623 446 1643 Lx.

1071 1616 1178 1652 μϐαλὼν
1192 1617 1231 1648 εἰς
1249 1615 1294 1643 τὸν
1308 1615 1424 1652 πόλεμον
1443 1617 1565 1652 ἐσφάγη,
1591 1617 1672 1652 μέσον
1693 1616 1823 1651 Ἐδέσσης

1036 1663 1082 1689 καὶ
1101 1662 1227 1698 Καρῤὦν,
1242 1661 1280 1689 ὣν
1294 1662 1361 1689 ἐτῶν
1379 1661 1398 1694 ξ’

237 1705 420 1734 Romanorum
435 1706 500 1740 imp.
515 1702 575 1736 XX,
586 1704 721 1733 Macrinus
731 1712 775 1732 an.
791 1713 810 1732 I.

1076 1708 1217 1743 Ῥωμαίων
1238 1711 1260 1735 κ’
1275 1707 1447 1735 ἐϐασίλευσεν
1461 1708 1598 1743 Μακρῖνος
1611 1708 1670 1739 ἐτος
1686 1711 1721 1734 α’.

202 1751 222 1779 1.
242 1751 379 1779 Antonino
397 1755 425 1779 et
439 1750 603 1778 Comazonte
615 1758 686 1778 coss.

1035 1754 1074 1780 A'.
1091 1754 1138 1780 ὑπ.
1161 1754 1316 1780 Ἀντωνίνου
1336 1750 1382 1781 καῖ
1398 1753 1586 1789 κωμάζοντος.

238 1797 376 1825 Macrinus
398 1796 558 1825 interfectus
573 1800 616 1824 est
636 1796 811 1829 Arclielaide,
835 1804 921 1824 annos
937 1804 986 1824 ua-

1070 1801 1207 1836 Μακρῖνος
1219 1800 1325 1835 ἐσφάγη
1338 1800 1366 1826 ἐν
1387 1799 1546 1835 Ἀρχελαῖὂι,
1561 1799 1597 1825 ὢν
1609 1799 1678 1826 ἐτῶν
1692 1799 1742 1826 νϐ’.

202 1850 246 1873 tus
259 1853 307 1873 LII.

237 1890 421 1918 Romanorum
435 1890 583 1925 imperator
600 1887 670 1922 XXI,
688 1888 844 1917 Antoninus
858 1888 983 1925 Helioga-

1075 1888 1217 1925 Ῥωμαίων
1234 1892 1276 1915 κα¹
1293 1887 1465 1915 ἐϐασίλευσεν
1484 1889 1638 1920 Ἀντωνῖνος
1657 1888 1820 1922 Ἡλιογάϐα-

202 1937 290 1968 balus.
305 1936 384 1964 annis
399 1944 434 1963 IV.

429 1957 434 1963 .
1035 1935 1080 1968 λος
1095 1936 1142 1971 ἔτη
1155 1935 1184 1962 δ’.

202 1983 222 2010 I.
237 1982 320 2011 Grato
336 1988 363 2011 et
381 1981 494 2011 Seleuco
513 1989 586 2010 coss.

1035 1983 1073 2009 A’.
1089 1983 1136 2008 ὑπ.
1154 1981 1255 2017 Γράτου
1272 1981 1318 2009 καὶ
1332 1981 1471 2008 Σελεύκου.

465 2039 531 2068 CCL
545 2038 730 2068 OLYMPIAS.

1297 2038 1347 2064 ΣΝ¹
1368 2038 1554 2066 ΟΛΥΜΠΙΑΣ.

202 2086 234 2114 II.
250 2086 387 2114 Antonino
402 2086 525 2121 Augusto
535 2094 552 2113 ιι
565 2090 591 2113 et
605 2085 757 2113 Alexandro
770 2091 844 2112 coss.

1066 2103 1073 2112 .
1093 2085 1139 2111 ὑπ.
1163 2085 1318 2111 Ἀντωνίνου
1347 2083 1500 2119 Αὐγούστου
1528 2084 1558 2110 τὸ
1580 2083 1601 2118 β’
1622 2084 1668 2110 καὶ
1696 2083 1821 2117 Ἀλεξάν-

1070 2131 1144 2167 δρου.

202 2175 247 2202 III.
267 2175 384 2203 Maximo
396 2180 423 2203 ct
440 2174 550 2202 Eliano
566 2182 638 2201 coss.

1036 2177 1072 2206 I".
1092 2177 1137 2204 ὑπ.
1153 2177 1278 2212 Μαξίμου
1294 2177 1340 2203 καὶ
1355 2176 1489 2203 Αἱλιανοῦ.

203 2220 248 2248 IV.
259 2220 388 2248 Flaviano
406 2225 433 2248 et
447 2220 575 2255 Crispino
586 2227 657 2248 coss.

1036 2224 1072 2250 A'.
1089 2224 1135 2249 ὑπ.
1151 2222 1297 2249 Φλαϐιανοῦ
1317 2222 1363 2249 καὶ
1378 2222 1536 2257 Κρισπίνου.

239 2267 288 2295 His
305 2267 464 2295 consulibus
484 2266 638 2294 Antoninus
671 2266 860 2303 Heliogabalus
890 2266 984 2302 Augu-

1078 2268 1140 2295 Ἐπὶ
1171 2267 1271 2295 τούτων
1300 2267 1353 2294 τῶν
1387 2268 1496 2295 ὑπάτων
1526 2267 1632 2303 ἐσφάγη
1666 2268 1821 2296 Ἀντωνῖνος

204 2318 264 2342 stus
273 2313 366 2341 Roma:
381 2320 396 2341 a
410 2316 526 2349 cognato
538 2321 588 2341 suo
597 2312 758 2341 interfectus
773 2316 826 2346 est,
837 2321 923 2341 annos
934 2321 959 2340 ιιι

1064 2314 1233 2348 ἰλιογάϐαλος
1253 2313 1406 2349 Αὔγουστος
1427 2314 1456 2340 ἐν
1478 2313 1570 2349 Ῥώμῃ
1587 2313 1638 2340 ὑπὸ
1658 2314 1724 2340 ἰδίου
1740 2313 1819 2341 αὑτοῦ

204 2365 248 2387 tus
259 2367 353 2387 Χηνι.

1038 2360 1192 2394 συγγενοῦς,
1207 2359 1245 2386 ὢν
1257 2359 1324 2386 ἐτῶν
1336 2359 1387 2392 λς’.

240 2405 426 2433 Romanorum
435 2405 581 2440 imperator
591 2403 671 2439 XXII,
679 2406 829 2435 Alexander
841 2406 986 2433 Mammas:

1077 2406 1218 2439 Ῥωμαίων
1232 2406 1274 2433 κδ’
1291 2406 1463 2433 ἐϐασίλευσεν
1482 2405 1653 2441 Ἀλέξανδρος
1664 2405 1821 2441 Μαμμαίας

206 2453 286 2483 Iilius.
303 2451 382 2479 annis
398 2458 457 2478 xm.

398 2458 457 2478 xm.
1037 2451 1083 2487 ἔτη
1101 2454 1142 2485 ιγ’.

205 2498 226 2526 l.
239 2497 374 2526 Fusciano
389 2500 417 2524 et
429 2496 531 2525 Dextro
543 2504 616 2525 coss.

1037 2499 1074 2524 A'.
1093 2498 1139 2524 ὑπ.
1156 2498 1320 2525 Φουσκιανεῦ
1337 2498 1384 2525 καὶ
1398 2497 1521 2532 Δέξτρου.

457 2553 533 2582 CCLI
548 2553 730 2581 OLYMPIAS.

1283 2555 1356 2581 ΣΝΑ¹
1386 2554 1571 2581 ΟΔΥΜΠΙΑΣ.

196 2597 234 2625 11.
251 2595 404 2624 Alexandro
415 2603 434 2623 ιι
450 2600 477 2623 et
496 2595 621 2624 Marcello
635 2604 708 2624 cOss.

1037 2600 1072 2626 B'.
1091 2600 1138 2626 ὑπ.
1159 2599 1330 2636 Ἀλεξάνδρου
1344 2600 1375 2627 τδ
1391 2600 1412 2636 β’
1425 2601 1473 2627 καὶ
1485 2600 1654 2635 Μαρκέλλου.

200 2643 245 2671 III.
259 2642 356 2670 Albino
369 2646 395 2670 et
409 2641 527 2670 Maximo
546 2649 563 2668 ιι
577 2649 650 2670 coss.

1038 2646 1073 2672 Ρ.
1091 2646 1138 2672 ὑπ.
1163 2645 1283 2672 Ἀλϐίνου
1296 2645 1343 2673 καὶ
1357 2646 1483 2682 Μαξίμου
1498 2646 1529 2673 τὸ

203 2689 249 2716 ιν.
267 2688 388 2717 Modesto
401 2691 429 2716 et
444 2687 534 2715 Probo
548 2695 621 2715 coss.

1037 2692 1072 2717 A'.
1088 2691 1135 2719 ὑπ.
1151 2691 1286 2718 Μοδέστου
1300 2691 1347 2718 καὶ
1362 2691 1476 2727 Πρόϐου.

203 2733 237 2761 V.
248 2734 400 2762 Alexandro
412 2740 439 2760 ιιι
453 2737 482 2760 et
496 2732 581 2760 Dione
594 2740 666 2760 coss.

1037 2736 1075 2764 E'.
1091 2736 1136 2763 ὑπ’
1159 2737 1329 2773 Ἀλεξάνδρου
1344 2737 1375 2764 τὸ
1388 2741 1411 2772 γ’
1427 2738 1474 2764 καὶ
1484 2737 1591 2769 Δίωνος.

412 2789 501 2818 CCLII
519 2789 702 2818 OLYMPIAS.

1283 2793 1355 2820 ΣΝΒ¹
1386 2793 1572 2821 ΟΛΥΜΠΙΑΣ.

207 2836 250 2864 VI.
264 2836 388 2872 Agricola
402 2841 430 2863 et
444 2836 584 2864 Clemente
600 2843 672 2863 coss.

1039 2840 1072 2872 (τ’
1087 2838 1133 2865 ὑπ.
1155 2840 1301 2875 Ἀγρεκόὶα
1316 2841 1362 2867 καὶ
1380 2840 1543 2876 Κλήμεντος.

206 2895 244 2924 (l)
257 2892 312 2919 ιιιιο
327 2899 372 2919 an.
390 2899 464 2919 nul.
