1904 3135
83 149 124 177 5ιῦ
678 149 926 178 CHRONICORUM
946 151 1010 178 LIB.
1031 151 1064 178 ll.
1632 156 1684 184 511,

365 328 794 419 EUSEBII
846 327 1379 418 PAMPHILI

219 489 796 556 CHRONIGORUM
833 489 1070 553 LIBER
1117 489 1523 557 SECUNDUS

403 611 434 641 S.
455 608 701 641 HIERONYMO
724 608 979 639 INTERPRETE
999 609 1051 639 ET
1072 608 1336 640 AMPLIATORE

91 239 1580 252 -——————————————————-——————————

535 691 593 730 (Ad
609 690 736 722 codices
752 690 922 721 Vaticanos
941 698 1044 729 nuper
1061 693 1201 722 exactus.

141 845 291 878 SANCTI
302 842 547 875 HIERONYMI
561 841 789 873 PREFATIO
803 842 854 874 IN
867 841 1032 872 LIBRUM
1043 842 1080 871 II
1095 841 1405 873 CHRONICORUM
1416 842 1592 874 EUSEBII

138 928 307 957 Hienonvuus
326 926 476 955 Vmcrurto
486 933 523 954 ετ
541 925 660 953 GALIENO
680 932 736 953 suts
753 932 886 953 SALUTEM.

103 996 125 1022 l.
134 995 210 1024 Vetus
219 997 275 1024 iste
289 995 454 1023 disertorum
466 1003 526 1024 mos
540 995 601 1027 fuit,
617 999 648 1022 ut
659 994 804 1023 exercendi
819 995 920 1030 ingenii
935 1001 1017 1022 causa
1027 994 1136 1022 (ἔνερθε
1150 994 1236 1022 libros
1247 994 1345 1022 Latino
1356 1002 1482 1024 sermone
1495 995 1680 1028 absolverent,

76 1046 104 1074 et,
117 1043 178 1078 quod
190 1043 249 1078 plus
269 1043 297 1070 in
315 1051 344 1071 se
361 1043 527 1071 dillicultatis
545 1043 636 1075 habet,
646 1046 771 1078 poemata
783 1042 929 1070 illustrium
947 1042 1078 1074 virorum,
1095 1042 1188 1070 addita
1202 1043 1282 1070 metri
1299 1043 1472 1077 necessitate,
1487 1043 1679 1071 transferrent.

77 1087 137 1117 Unde
151 1094 176 1117 et
190 1094 288 1118 noster
303 1090 410 1118 Tullius
422 1089 543 1119 Platonis
554 1090 674 1125 integros
688 1090 773 1117 libros
790 1089 823 1116 ad
839 1090 951 1117 verbum
967 1089 1162 1124 interpretatus
1177 1093 1220 1117 est
1237 1099 1243 1116 :
1260 1093 1361 1117 etcum
1376 1090 1488 1117 Aratum
1503 1090 1559 1132 Iiam
1580 1089 1680 1117 Roma-

75 1143 125 1164 num
138 1137 301 1166 hexametris
313 1139 438 1166 versibus
453 1139 593 1171 edidisset,
621 1138 650 1165 in
667 1138 856 1173 Xenophontis
876 1136 1053 1164 (Economico
1069 1137 1133 1165 lusit
1152 1147 1158 1164 :
1181 1137 1208 1164 in
1233 1145 1288 1172 quo
1313 1145 1393 1172 opere
1410 1137 1447 1164 ita
1473 1145 1544 1172 saepe
1567 1144 1681 1165 aureum

75 1180 127 1208 illud
138 1182 230 1210 ﬂumen
243 1183 411 1218 eloquentia:
421 1183 585 1218 quibusdam
601 1182 707 1210 scabris
723 1187 750 1209 et
766 1182 928 1210 turbulentis
939 1181 1063 1210 obicibus
1080 1181 1243 1216 retardatur,
1252 1186 1282 1209 ut
1296 1182 1342 1217 qui
1355 1182 1532 1217 interpretata
1544 1183 1679 1217 nesciunt,

75 1227 208 1256 aCieerone
224 1229 303 1256 dicta
318 1236 374 1256 non
385 1228 506 1256 credant.
523 1227 636 1256 Dillicile
648 1231 690 1256 est
701 1229 774 1255 enim
791 1228 895 1255 alienas
908 1228 994 1256 lineas
1009 1229 1197 1263 insequentem
1208 1236 1263 1256 non
1279 1229 1380 1256 alicubi
1393 1229 1538 1256 excedere:
1551 1230 1678 1261 arduum,

74 1278 97 1301 ut
107 1283 159 1310 quaI
172 1275 198 1302 in
221 1276 315 1302 aliena
330 1275 421 1310 lingua
435 1275 595 1303 benedicta
612 1279 687 1308 sunt,
715 1275 839 1302 eumdem
852 1276 978 1302 decorem
1006 1275 1033 1302 in
1046 1275 1226 1304 translatione
1240 1280 1414 1305 conservent.
1433 1276 1620 1312 Signiﬁcatum
1639 1283 1682 1305 est

73 1322 156 1357 aliquid
179 1323 258 1351 unius
286 1323 361 1350 verbi
378 1323 558 1358 proprietate;
574 1330 629 1350 non
645 1322 731 1350 habeo
744 1330 834 1350 meum
850 1330 905 1357 quo
920 1322 948 1349 id
970 1321 1078 1350 elferam
1093 1331 1100 1355 ;
1125 1326 1152 1350 et
1179 1322 1244 1350 dum
1267 1330 1361 1357 qumro
1376 1322 1490 1358 implere
1505 1325 1680 1357 sententiam,

74 1369 136 1404 longo
145 1370 241 1397 ambitu
257 1369 308 1396 vix
324 1368 414 1397 brevis
427 1369 477 1396 vite
490 1369 577 1404 spatia
591 1376 760 1396 consummo.
770 1368 910 1396 Accedunt
920 1368 1129 1404 hyperbatorum
1141 1368 1292 1401 anfractus,
1304 1369 1539 1398 dissimilitudines
1554 1379 1680 1405 casuum,

73 1417 170 1444 varietas
186 1418 337 1453 ﬁgurarum
354 1426 362 1444 :
389 1417 477 1452 ipsum
493 1420 631 1452 postremo
651 1424 740 1449 suum,
757 1421 793 1449 et,
820 1420 851 1443 ut
867 1417 904 1443 ita
920 1417 1020 1450 dicam,
1036 1417 1213 1444 vernaculum
1235 1417 1333 1452 linguae
1354 1425 1448 1451 genus.
1467 1418 1496 1445 Si
1520 1418 1553 1445 ad
1570 1420 1681 1447 verbum

74 1460 223 1497 interpretor,
235 1463 359 1491 absurde
373 1468 484 1490 resonat
501 1473 507 1490 :
527 1463 550 1490 si
562 1463 597 1490 ob
612 1463 804 1490 necessitatem
821 1462 924 1498 aliquid
943 1462 971 1490 in
985 1462 1081 1490 ordine
1090 1463 1132 1490 vel
1152 1463 1180 1490 in
1196 1470 1321 1490 sermone
1337 1467 1487 1497 mutavero,
1502 1465 1535 1491 ab
1550 1465 1682 1501 interpre-

73 1509 101 1536 tis
115 1509 217 1538 videbor
232 1510 325 1538 olIicio
337 1510 494 1538 recessisse.

100 1557 122 1583 2.
136 1557 233 1593 Itaque,
245 1558 285 1585 mi
304 1557 433 1585 Vincenti
447 1558 620 1589 charissime,
632 1561 658 1585 et
671 1561 700 1584 tu
713 1557 824 1584 Galiene
839 1564 902 1592 pars
915 1557 1012 1584 animae
1026 1565 1101 1589 mere,
1112 1557 1237 1591 obsecro,
1254 1561 1284 1584 ut
1300 1558 1432 1593 quidquid
1445 1558 1496 1586 hoc
1509 1559 1681 1587 tumultuarii

74 1605 147 1639 operis
161 1610 210 1639 est,
236 1606 403 1638 amicorum,
418 1613 473 1634 non
488 1605 611 1641 iudicum
629 1605 721 1632 animo
735 1605 862 1640 relegatis
880 1615 886 1632 ε
904 1605 1055 1640 praesertim
1072 1613 1134 1632 cum
1150 1609 1177 1633 et
1199 1605 1323 1638 notario,
1343 1608 1373 1632 ut
1393 1606 1480 1637 scitis,
1509 1606 1680 1635 velocissime

73 1652 222 1684 dietaverim,
238 1657 265 1680 et
283 1652 469 1680 difﬁcultatem
487 1652 525 1679 rei
542 1651 623 1679 etiam
641 1651 796 1678 divinorum
816 1651 985 1678 voluminum
1015 1650 1197 1677 instrumenta
1222 1654 1368 1683 testentur,
1395 1659 1455 1686 quae
1481 1660 1496 1678 a
1526 1651 1596 1679 LXX
1637 1651 1680 1680 ln-

74 1701 217 1735 terpretibus
232 1701 321 1734 edita,
338 1708 394 1728 non
409 1700 534 1728 eumdem
549 1706 674 1734 saporem
693 1699 721 1726 in
746 1697 840 1726 Graeco
865 1705 991 1726 sermone
1019 1697 1188 1725 custodiunt.
1207 1697 1389 1732 Quamobrem
1415 1699 1530 1734 Aquila,
1548 1705 1575 1727 et
1602 1699 1681 1736 Sym-

73 1747 178 1779 machus,
189 1752 216 1775 et
233 1745 523 1778 ’l‘heodotiO'incitati,
541 1745 678 1773 diversum
695 1752 765 1781 pene
779 1752 848 1779 opus
867 1743 895 1771 in
911 1743 1004 1772 eodem
1017 1751 1100 1779 opere
1116 1743 1295 1779 prodiderunt
1312 1753 1319 1771 :
1336 1744 1388 1771 alio
1402 1744 1505 1772 nitente
1519 1746 1632 1772 verbum
1646 1746 1680 1774 de

73 1794 140 1821 verbo
153 1795 317 1830 exprimere,
333 1794 387 1820 alio
400 1800 509 1820 sensum
526 1792 615 1827 potius
634 1791 721 1826 sequi,
736 1791 816 1819 tertio
834 1798 888 1817 non
905 1791 1021 1817 multum
1042 1798 1057 1816 a
1075 1790 1214 1818 veteribus
1235 1789 1400 1825 discrepare.
1419 1790 1519 1823 Quinta
1537 1799 1636 1824 autem,
1652 1799 1680 1821 et

73 1843 144 1871 sexta,
152 1844 176 1866 et
193 1839 311 1874 septima
322 1837 417 1869 editio,
433 1837 496 1864 licet
510 1836 609 1872 quibus
624 1840 787 1864 censeantur
806 1836 974 1868 auctoribus,
986 1836 1138 1871 ignoretur,
1156 1840 1248 1863 tamen
1270 1836 1307 1863 ita
1323 1836 1488 1871 probabilem
1503 1837 1545 1865 sui
1564 1837 1679 1866 diversi-

73 1888 138 1913 tatem
150 1889 250 1918 tenent,
264 1888 297 1913 ut
315 1884 505 1911 auctoritatem
523 1884 583 1912 sine
598 1883 756 1911 nominibus
770 1884 930 1911 meruerint.
940 1882 1005 1911 lnde
1022 1884 1090 1911 adeo
1105 1884 1189 1915 venit,
1200 1887 1229 1910 ut
1243 1891 1328 1911 sacra:
1340 1883 1436 1911 litterae
1451 1884 1541 1911 minus
1553 1889 1677 1920 compte,

72 1931 158 1960 etdure
171 1935 302 1960 sonantes
318 1930 476 1964 videantur;
489 1931 561 1965 quod
580 1930 626 1958 isti
641 1930 767 1957 homines
781 1931 971 1965 interpretatas
984 1937 1031 1957 eas
1047 1929 1080 1957 de
1096 1929 1209 1957 Hebraeo
1226 1930 1389 1962 nescientes,
1407 1929 1472 1957 dum
1495 1931 1678 1965 superﬁciem,

73 1983 115 2003 non
138 1977 281 2004 medullam
298 1975 457 2011 inspiciunt,
476 1980 538 2002 ante
556 1975 635 2010 quasi
648 1979 750 2003 vestem
769 1975 902 2003 orationis
919 1975 1057 2002 sordidam
1073 1975 1295 2010 perhorrescunt,
1317 1984 1396 2011 quam
1420 1977 1562 2011 pulchrum
1578 1978 1678 2006 intrin-

73 2029 136 2052 secus
147 2031 234 2051 rerum
252 2030 356 2058 corpus
372 2022 521 2050 inveniant.
536 2021 658 2057 Denique
671 2021 736 2056 quid
751 2021 883 2049 Psalterio
898 2021 1036 2053 canorius,
1054 2021 1127 2056 quod
1143 2022 1170 2048 in
1187 2030 1290 2049 morem
1315 2023 1402 2050 nostri
1413 2022 1517 2055 Flacci,
1542 2027 1569 2050 et
1591 2023 1674 2052 Graeci

73 2069 174 2103 Pindari,
191 2079 264 2099 nunc
288 2071 381 2098 iambo
397 2069 494 2102 currit,
519 2077 591 2096 nunc
605 2069 716 2097 Alcaico
738 2073 877 2104 personat,
902 2076 977 2096 nunc
993 2068 1130 2104 Sapphico
1155 2073 1251 2101 tumet,
1267 2078 1340 2097 nunc
1354 2070 1490 2105 semipede
1510 2070 1679 2105 ingreditur?

73 2116 129 2148 Quid
140 2116 342 2145 Deuteronomii
355 2121 381 2143 et
397 2114 472 2142 Isaiae
483 2115 589 2142 cantico
600 2115 760 2150 pulchrius?
776 2115 846 2148 Quid
867 2115 1013 2142 Salomone
1032 2115 1161 2150 gravius?
1173 2114 1243 2149 Quid
1261 2115 1408 2150 perfectius
1423 2115 1493 2143 Job?
1506 2116 1571 2149 Quae
1586 2117 1678 2144 omnia

72 2162 215 2191 hexametris
232 2167 260 2190 et
276 2161 456 2198 pentametris
474 2161 607 2192 versibus,
623 2165 651 2187 ut
663 2160 799 2196 .losephus
815 2164 842 2188 et
859 2160 991 2196 Origenes
1017 2161 1151 2193 scribunt,
1176 2161 1246 2196 apud
1274 2169 1338 2190 suos
1354 2163 1504 2197 composita
1517 2163 1676 2191 decurrunt.

73 2207 122 2236 Haec
135 2217 193 2237 cum
208 2209 305 2237 Gmce
322 2209 445 2243 legimus,
463 2207 535 2233 aliud
551 2206 679 2241 quiddam
691 2211 798 2238 sonant,
815 2213 876 2233 cum
894 2206 999 2239 Latine,
1016 2206 1124 2241 penitus
1138 2214 1192 2234 non
1204 2207 1352 2234 cohaerent.
1369 2207 1446 2240 Quod
1463 2208 1485 2234 si
1506 2209 1549 2235 cui
1567 2216 1621 2235 non
1638 2209 1678 2236 vi-

73 2254 135 2284 detur
146 2257 243 2293 linguae
258 2256 376 2293 gratiam
402 2254 627 2289 interpretatione
641 2254 752 2286 mutari,
767 2254 914 2281 Homerum
932 2253 965 2281 ad
990 2254 1103 2281 verbum
1127 2254 1262 2289 exprimat
1286 2254 1313 2281 in
1330 2254 1467 2281 Latinum.
1483 2254 1548 2283 Plus
1574 2255 1677 2290 aliquid

72 2301 153 2336 dicam,
167 2304 295 2332 eumdem
312 2303 339 2330 in
357 2310 406 2329 sua
415 2302 512 2337 ‘lingua
525 2309 613 2336 prosae
627 2301 717 2329 verbis
733 2301 940 2337 interpretetur,
955 2301 1056 2328 videbit
1068 2299 1192 2328 ordinem
1203 2301 1367 2333 ridiculum,
1386 2304 1412 2328 et
1426 2305 1534 2336 poetam
1548 2301 1678 2336 eloquen-

73 2349 188 2378 tissimum
203 2352 250 2378 vix
269 2351 436 2385 loquentem.

100 2398 122 2425 5.
137 2398 270 2431 Quorsum
288 2396 358 2424 ista?
375 2395 505 2423 Videlicet
522 2399 551 2421 ut
566 2403 620 2422 non
637 2395 714 2422 vobis
741 2395 840 2422 mirum
861 2394 994 2428 videatur,
1019 2394 1043 2422 si
1065 2393 1166 2421 alicubi
1192 2393 1365 2426 oll‘endimus,
1385 2393 1407 2421 si
1423 2394 1500 2421 tarda
1517 2395 1604 2421 oratio
1630 2399 1677 2423 aut

74 2446 266 2473 consonantibus
284 2448 438 2479 asperatur,
451 2445 498 2469 aut
513 2441 652 2469 vocalibus
669 2441 760 2468 hiulca
776 2441 817 2467 vel
832 2440 919 2468 divisa
938 2440 976 2472 ﬁt,
994 2445 1040 2467 aut
1054 2447 1145 2467 rerutn
1167 2439 1287 2475 ipsarum
1311 2440 1443 2467 brevitate
1468 2441 1675 2475 constringitur,

74 2498 122 2518 eum
134 2485 308 2520 eruditissimi
326 2489 449 2516 homines
464 2489 493 2516 in
508 2489 602 2516 eodem
617 2496 699 2523 opere
713 2487 880 2521 sudaverint,
912 2491 938 2515 et
950 2487 983 2514 ad
995 2495 1165 2514 communem
1182 2487 1381 2518 dillicultatem,
1402 2495 1484 2522 quam
1501 2488 1527 2515 in
1540 2489 1614 2515 omni
1634 2489 1677 2516 in-

75 2539 247 2572 terpretatione
260 2537 366 2564 causati
386 2543 492 2568 sumus,
511 2534 563 2562 hoc
576 2535 654 2562 nobis
666 2535 805 2570 proprium
824 2535 950 2566 accedat,
970 2533 1040 2568 quod
1058 2533 1173 2560 historia
1197 2532 1338 2567 multiplex
1358 2537 1415 2567 est,
1441 2534 1544 2561 habens
1560 2534 1675 2562 barbara

75 2585 174 2619 nomina,
187 2593 231 2613 res
246 2583 402 2618 incognitas
413 2582 526 2615 Latinis,
543 2589 671 2608 numeros
684 2580 895 2612 inextricabiles,
910 2579 1030 2615 virgulas
1046 2579 1127 2606 rebus
1142 2579 1245 2614 pariter
1267 2587 1298 2606 ac
1314 2580 1436 2608 numeris
1458 2581 1626 2613 inter-textas,
1644 2585 1675 2610 ut

74 2636 128 2662 pene
141 2631 274 2659 difﬁcilius
288 2630 323 2657 sit
344 2629 450 2664 legendi
465 2628 589 2657 ordinem
604 2627 710 2655 discere
732 2634 813 2661 quam
829 2626 862 2653 ad
887 2625 1014 2653 lectionis
1029 2625 1153 2653 notitiam
1171 2625 1323 2659 pervenire.
1354 2625 1387 2652 Ut
1412 2630 1500 2653 autem
1528 2626 1674 2655 manifesto

74 2683 234 2712 cognoscatur
244 2676 357 2708 indicio,
371 2675 404 2702 ad
421 2682 502 2710 quem
512 2681 655 2701 numerum
666 2673 780 2700 historia
798 2679 911 2707 quaeque
927 2671 1069 2706 pertineat,
1090 2671 1139 2698 has
1155 2671 1344 2699 distinctiones
1357 2671 1460 2706 positas
1477 2671 1561 2698 lector
1577 2671 1674 2700 adver-

75 2726 111 2755 tat,
125 2728 151 2750 ut
165 2725 187 2751 si
201 2724 234 2751 ad
249 2723 368 2759 primum
388 2727 529 2749 numerum
540 2719 615 2755 regni
633 2719 759 2754 primitus
771 2719 873 2746 enotati
884 2718 998 2746 historia
1010 2717 1151 2745 referenda
1165 2721 1217 2748 est,
1236 2717 1351 2752 primam
1365 2718 1482 2744 litteram
1496 2718 1523 2744 in
1544 2719 1674 2754 explana-

75 2767 133 2797 tione
148 2770 266 2798 historiae
281 2768 478 2803 contempletur
495 2776 502 2794 :
515 2771 542 2793 et
557 2765 690 2800 siquidem
705 2772 765 2792 eam
775 2772 808 2792 ex
824 2764 909 2792 minio
932 2764 1038 2796 viderit,
1052 2763 1090 2790 illi
1107 2763 1222 2798 tempori
1244 2762 1431 2799 applicandam
1447 2763 1489 2789 vel
1505 2771 1576 2791 anno
1593 2765 1674 2798 sciat,

75 2819 139 2847 Quem
151 2814 316 2850 suggesserit
326 2821 456 2842 numerus
470 2812 595 2841 similiter
613 2812 707 2839 eodem
719 2812 803 2840 minio
818 2811 960 2847 ﬁguratus.
977 2811 1005 2838 Si
1025 2819 1090 2839 vero
1102 2819 1244 2838 numerum
1267 2818 1321 2838 non
1338 2818 1407 2845 puro
1419 2809 1512 2843 minio,
1529 2811 1577 2838 sed
1591 2812 1674 2840 misto

76 2859 138 2896 nigro
153 2865 275 2890 notatum
293 2866 352 2889 esse
363 2860 522 2897 perviderit,
539 2859 665 2887 secundae
676 2859 753 2887 lineae
766 2865 879 2886 numero
895 2857 1007 2886 debetur
1019 2857 1179 2885 histori:t.bi
1192 2861 1282 2884 autem
1297 2857 1377 2885 tertio
1392 2863 1568 2885 numerorum
1583 2858 1673 2886 ordini
