1904 3135
242 169 296 199 323

556 165 690 198 EUSEBII
709 164 949 193 CAESARlENSlS
968 163 1043 192 OPP.
1063 160 1154 190 PARS
1171 161 1191 189 l.
1212 165 1245 182 —-'-
1266 152 1459 189 lllSTORICA.
1481 152 1485 155 ”

1807 159 1859 187 521

242 227 377 255 Abraham
398 225 458 253 Nini
480 229 558 252 aztate
573 227 745 260 generatum,
757 224 835 258 juxta
851 230 913 250 eum
933 226 1022 250 tamen
1039 225 1060 252 Α
1075 228 1161 256 usque
1173 220 1205 247 ad
1220 220 1365 247 secundum
1378 217 1602 246 instaurationem
1619 217 1692 252 ejus;
1707 218 1740 244 ab
1755 218 1860 245 instau-

241 278 395 301 uumerum,
406 277 485 303 (ptem
502 269 707 296 contmctiorem
724 269 842 297 editione
852 271 957 305 vulgata
970 278 1024 298 ser-

240 321 285 341 mo
303 315 401 349 praebct
418 313 553 341 llebrzeus.
571 314 665 340 Verum
683 314 915 350 incuriositate(l)
928 323 1022 343 neces-

236 368 294 394 ses;
308 365 405 388 etcum
417 358 537 386 divinam
548 361 717 394 Scripturam
728 360 868 394 diligenter
877 361 1019 392 evolvet-is.

235 414 252 434 a
268 406 406 433 nativitate
418 404 533 432 Abrahae
544 413 630 440 usque
642 405 675 432 ad
690 405 773 432 totius
786 406 860 433 orbis
876 405 1017 438 diluvium,

239 453 359 480 invenies
375 456 524 479 retrorsum
535 459 620 478 annos
636 458 783 477 occcchu.
797 449 860 478 ltem
877 458 892 477 a
908 450 1019 483 diluvio,
1039 482 1041 484 η

237 506 323 533 usque
338 497 370 524 ad
389 497 473 524 Adam
487 500 623 530 nircchu,
641 497 668 523 in
685 496 785 531 quibus
801 498 808 508 ‘
821 497 894 523 nulla
914 497 1021 532 penitus

235 552 286 571 nec
301 543 404 576 Graeca,
420 551 470 570 nec
484 543 608 575 barbara,
622 547 658 574 et,
671 547 700 569 ut
716 543 812 577 loquar
826 542 853 568 in
866 550 1019 575 commune,

238 590 348 625 gentilis
367 589 503 616 invenitur
516 584 641 615 historia.

272 634 298 662 6.
318 634 499 667 Quamobrem
521 641 641 668 praesens
656 632 816 668 opusculum
832 632 866 659 ab
883 632 1020 660 Abraham

236 685 263 708 et
273 675 344 707 Nino
354 687 441 715 usque
455 680 489 707 ad
499 684 618 707 nostram
633 682 739 706 aetatem
754 678 882 705 inferiora
900 682 1019 712 tempora

235 730 431 761 persequetur:
448 728 475 752 et
489 725 580 752 statim
596 724 623 751 in
640 723 774 759 principio
793 723 835 750 sui
846 722 1019 750 Hebraeorum

235 771 382 802 Abraham,
400 771 574 806 Assyriorum
591 770 691 797 Ninum
713 774 740 797 et
760 769 931 796 Semiramim
955 777 1019 804 pro-

235 823 335 854 ponet:
359 817 424 853 quia
442 818 462 829 “
477 824 564 852 neque
585 816 752 844 Athenarum
774 815 863 842 adhuc
881 815 956 845 urbs,
972 823 1020 842 nc-

236 873 288 901 que
301 865 461 900 Argivorum
480 871 591 899 regnum
615 870 713 890 nomen
728 865 884 897 acceperat,
898 862 964 889 solis
977 860 1017 888 Si-

234 898 378 946 c—yoniisvin
387 909 490 937 Graecia
502 898 660 936 ﬂorentibus
671 916 678 941 ;
691 907 761 942 apud
774 915 843 942 quos
852 907 1020 941 temporibus
1037 898 1056 925 Β

234 956 349 984 Abrahae
376 960 401 983 et
417 955 479 982 Nini
499 955 635 989 Europem
658 953 807 981 secundum
828 960 956 988 regnasse
982 952 1018 980 l'e-

232 1006 307 1030 runt.
324 999 402 1035 Quod
413 1008 462 1028 cur
477 1001 558 1027 etiam
577 1007 627 1027 nos
643 1004 779 1033 putemus.
794 1006 826 1025 ex
841 998 1018 1032 sequentibus

232 1047 472 1076 demonstrabitur.
482 1046 510 1073 Si
525 1044 596 1073 enim
603 1045 746 1080 diligenter
757 1051 900 1071 enumeres
913 1043 947 1071 ab
955 1044 1018 1070 ulti-

232 1102 276 1122 ma
283 1097 361 1121 aetate
369 1091 430 1119 Nini
441 1100 527 1127 usque
543 1091 576 1118 ad
589 1090 677 1125 Troja:
686 1090 881 1125 captivitatem,
895 1089 1017 1117 invenies

232 1147 318 1167 annos
330 1146 492 1166 neccxxxrv.
511 1137 576 1164 ltem
589 1137 617 1164 in
636 1135 752 1171 Sicyone
765 1135 797 1162 ab
813 1143 885 1162 anno
903 1143 958 1162 xxu
975 1143 1018 1162 re-

231 1185 272 1221 gis
285 1185 399 1220 Europis
418 1191 503 1219 usque
521 1182 555 1210 ad
569 1182 756 1218 supradiclum
777 1186 894 1216 tempus,
906 1182 1016 1209 eosdem

230 1239 317 1259 annos
332 1230 453 1258 invenies
468 1236 627 1257 ncccuxw.
647 1226 724 1263 Apud
736 1227 864 1255 Hebraeos
878 1235 987 1263 quoque
1001 1236 1016 1255 a

230 1278 372 1305 nativitate
388 1276 504 1304 Abrahae
521 1283 608 1309 usque
629 1275 661 1301 ad
677 1274 788 1302 Labdon
805 1278 831 1301 et
847 1273 1017 1308 Samsonju-

229 1323 303 1352 dices
317 1322 503 1354 Hebraeorum,
520 1321 564 1357 qui
580 1320 706 1355 Trojanis
728 1320 896 1355 temporibus
917 1320 1015 1355 populo

229 1369 406 1406 praefuerunt.
416 1375 493 1403 aeque
507 1368 667 1402 supputabis
679 1371 765 1394 annos
773 1373 932 1393 bcccxxxtv.
949 1365 1015 1392 Item

229 1415 301 1451 apud
319 1414 461 1451 [Egyptios
478 1415 512 1441 ab
523 1418 601 1441 aetate
618 1413 680 1440 Nini
702 1417 729 1440 et
746 1413 943 1444 Semiramidis,
961 1419 1015 1448 quo

230 1465 352 1496 tempore
366 1464 443 1488 sexta
459 1460 564 1486 decima
578 1459 633 1494 jam
649 1459 774 1494 dynastia
792 1458 899 1485 Thebzei
930 1458 1015 1493 Egy-

230 1507 294 1544 ptiis
309 1506 487 1541 imperabant,
504 1513 590 1539 usque
603 1505 636 1531 ad
655 1504 811 1531 vicesimam
820 1505 971 1540 dynastiam
988 1508 1015 1531 et

229 1560 319 1588 regem
335 1551 443 1587 Egypti
457 1550 589 1581 Thuorin,
602 1549 647 1584 qui
663 1549 696 1576 ab
711 1549 827 1576 llomero
838 1549 955 1584 Polybus
967 1557 1014 1576 vo-

229 1603 318 1632 catur,
349 1598 400 1626 sub
412 1605 465 1633 quo
492 1597 572 1624 etiam
588 1596 669 1631 Troja
686 1599 763 1631 capta
779 1600 831 1628 est,
849 1596 1013 1630 colliguntur

230 1641 379 1679 supradicti
396 1643 459 1670 anni
475 1649 633 1669 ncccxxxtv.
648 1640 733 1675 Igitur
747 1645 945 1675 consequenter
960 1648 1014 1667 uno

229 1689 379 1724 eodemque
394 1693 515 1723 tempore
527 1688 556 1715 in
580 1687 662 1714 libelli
684 1686 771 1713 fronte
786 1687 912 1721 ponimus
927 1686 1015 1713 Abra-

229 1735 304 1767 ham,
327 1734 436 1765 Ninum,
453 1733 636 1764 Samiramim,
658 1732 804 1767 Europem,
825 1731 1015 1768 (Egyptiorum

230 1780 371 1808 Thebaeas.
389 1779 421 1806 Et
437 1780 493 1807 lucc
507 1779 614 1814 quidem
633 1779 669 1806 ita
692 1786 721 1807 se
742 1779 853 1811 habere,
870 1783 899 1806 ut
912 1779 1016 1814 praefati

230 1834 335 1858 sumus,
352 1826 487 1862 posterior
502 1829 591 1852 textus
601 1828 728 1860 exponet.

265 1873 289 1899 7.
307 1872 383 1899 Nunc
409 1872 474 1899 illud
496 1872 522 1901 in
537 1879 602 1899 cura
617 1875 668 1903 est,
688 1874 717 1898 ut
732 1871 813 1898 etiam
838 1870 1012 1898 Hebraeorum

228 1925 316 1946 annos
331 1918 358 1945 in
373 1923 489 1953 quatuor
508 1922 629 1952 tetnpora
641 1916 804 1943 dividamus.
820 1915 862 1942 Ab
875 1915 1012 1943 Abraham

230 1971 317 1999 usque
329 1963 363 1990 ad
378 1963 505 1999 Moysen;
522 1971 537 1990 a
552 1962 643 1998 Moyse
658 1969 745 1996 usque
767 1961 800 1988 ad
816 1962 930 1996 primam
948 1961 1013 1988 aedi-

229 2006 389 2038 ﬁcationem
412 2010 523 2045 templi;
555 2017 571 2036 a
597 2009 686 2044 prima
710 2008 889 2035 aediﬁcatione
920 2008 1012 2043 templi

1074 267 1181 294 ratione
1195 266 1254 300 ejus
1270 273 1356 300 usque
1372 265 1406 291 ad
1421 264 1565 291 adventum
1582 264 1699 291 Domini.
1719 264 1741 290 Α
1758 265 1859 291 nativi-

1073 316 1128 339 tate
1151 312 1251 346 quippe
1267 311 1382 338 Ahralue
1397 318 1482 345 usque
1493 310 1527 337 ad
1544 310 1663 346 Moysem
1678 314 1705 337 et
1718 318 1858 345 egressum

1073 357 1181 385 lsraelis
1206 365 1237 384 ex
1261 356 1388 392 Egypto,
1412 360 1606 391 computantur
1631 357 1694 383 anni
1718 364 1752 382 nv
1776 356 1859 391 (2).A

1073 403 1164 439 Moyse
1173 407 1262 430 autem
1285 410 1371 437 usque
1387 402 1420 429 ad
1435 401 1607 429 Salomonem
1621 406 1648 429 et
1668 402 1785 437 primam
1796 402 1860 428 aedi-

1073 450 1225 477 licationem
1251 449 1353 484 templi,
1383 448 1446 475 anni
1469 448 1681 483 cccc1.xxtx(5),
1707 448 1859 475 secundum

1072 496 1202 522 minorem
1218 499 1307 522 tamen
1325 502 1479 527 numerum,
1495 502 1575 529 quem
1589 494 1686 521 tertius
1702 493 1860 528 Regnorum

1071 541 1140 568 liber
1150 542 1280 568 continet.
1298 540 1365 567 Nam
1385 541 1463 575 juxta
1478 540 1604 567 volumen
1617 538 1744 566 Judicum
1758 547 1862 574 suppu-

1072 591 1164 614 tantur
1177 588 1241 613 anni
1250 595 1283 614 nc
1335 586 1383 622 (4).
1396 587 1417 612 Α
1428 586 1574 613 Salomone
1586 593 1650 613 vero
1661 593 1747 620 usque
1762 584 1797 611 ad
1817 585 1860 611 in-

1072 636 1267 664 staurationem
1286 636 1388 670 templi,
1406 643 1466 670 quae
1483 635 1534 661 sub
1545 634 1627 661 Dario
1638 633 1784 661 Persarum
1796 641 1861 665 rege

1071 683 1141 710 facta
1161 686 1211 713 est.
1230 682 1394 716 colliguntur
1419 681 1481 707 anni
1499 680 1615 715 “11(5).
1643 679 1727 706 Porro
1745 686 1760 705 a
1777 678 1861 705 Dario

1071 738 1158 765 usque
1175 729 1207 757 ad
1218 729 1437 764 przcdicationem
1448 728 1552 755 Domini
1568 728 1655 755 nostri
1669 727 1732 754 Jesu
1741 727 1860 757 Christi.

1071 781 1096 804 ct
1109 784 1195 811 usque
1209 776 1240 802 ad
1258 775 1382 810 quintum
1399 774 1534 801 decimum
1550 781 1650 800 annum
1664 772 1765 800 Tiberii
1783 774 1861 808 prin-

1071 823 1139 857 cipis
1155 821 1351 852 Romanorum,
1373 820 1517 855 explentur
1537 820 1600 846 anni
1616 826 1716 847 nvauI
1732 819 1782 854 (6).
1803 820 1860 846 Ita-

1071 870 1123 902 que
1140 866 1221 894 simul
1249 866 1316 906 ﬂuunt
1340 865 1374 892 ab
1394 865 1530 892 Abraham
1559 872 1646 900 usque
1673 864 1706 891 ad
1729 864 1860 899 quintum

1071 913 1205 940 decimum
1224 912 1325 939 Tiberii
1342 919 1455 940 annum.
1471 911 1535 937 anni
1552 918 1664 938 Μίκων.

1105 958 1132 984 8.
1150 958 1304 984 Similitera
1318 957 1387 984 Nino
1400 961 1427 984 et
1443 956 1620 984 Semiramide
1636 964 1721 991 usque
1733 956 1767 983 ad
1783 956 1861 992 Moy-

1071 1013 1127 1033 sem
1141 1009 1167 1032 et
1182 1004 1338 1039 Cecropem,
1349 1004 1413 1030 anni
1425 1006 1468 1030 bv.
1482 1003 1504 1029 A
1516 1003 1636 1038 Cecrope
1647 1011 1734 1038 usque
1747 1003 1782 1030 ad
1793 1011 1861 1038 cap-

1071 1051 1203 1078 tivitatem
1224 1050 1322 1085 Trojze,
1347 1050 1411 1076 anni
1439 1056 1552 1076 cccxxtx
1577 1049 1626 1084 (7).
1651 1049 1675 1076 Α
1699 1049 1861 1084 captivitate

1071 1096 1250 1131 Trojzeusque
1258 1096 1291 1122 ad
1306 1096 1419 1131 primam
1427 1095 1620 1131 oiympiadem,
1630 1095 1693 1122 anni
1701 1103 1794 1123 ccccvl
1809 1086 1859 1131 (8):

1070 1142 1090 1170 A
1109 1143 1195 1177 prima
1215 1142 1367 1177 Olympiade
1385 1149 1470 1177 usque
1492 1141 1525 1168 ad
1547 1141 1696 1169 secundum
1711 1141 1784 1168 Darii
1812 1150 1861 1169 an-

1070 1194 1135 1214 num
1153 1191 1179 1214 et
1204 1186 1431 1213 instaurationem
1448 1186 1550 1220 templi,
1572 1187 1635 1213 anni
1654 1194 1740 1214 CCLVI.
1769 1187 1788 1213 Δ
1818 1196 1860 1215 se-

1069 1232 1159 1259 cundo
1172 1231 1243 1258 Darii
1262 1239 1333 1259 anno
1350 1235 1376 1259 et
1395 1232 1593 1259 instauratione
1614 1233 1706 1266 templi
1719 1241 1810 1268 usque
1827 1233 1858 1260 ad

1069 1279 1194 1314 quintum
1223 1278 1358 1305 decimum
1382 1286 1483 1305 annum
1508 1277 1608 1306 Tiberii
1637 1279 1769 1310 Caesaris,
1792 1280 1861 1307 anni

1069 1331 1169 1351 MLvut
1197 1323 1246 1358 (9).
1273 1323 1354 1350 Fiunt
1373 1323 1453 1351 simul
1477 1331 1492 1349 a
1517 1322 1587 1350 Nino
1610 1327 1637 1351 et
1663 1324 1858 1356 Semiramide,

1069 1377 1155 1404 usque
1171 1369 1203 1395 ad
1229 1369 1352 1404 quintum
1370 1369 1504 1396 decimum
1529 1368 1631 1396 Tiberii
1653 1376 1767 1408 annum,
1791 1370 1860 1397 anni

1068 1423 1179 1448 nuxuv,
1190 1422 1258 1450 quos
1275 1418 1301 1442 et
1315 1415 1349 1441 ab
1357 1414 1493 1441 Abraham
1504 1421 1591 1449 usque
1607 1414 1641 1442 ad
1656 1413 1799 1441 Tiberium
1812 1423 1860 1442 os-

1068 1461 1205 1488 tendimus
1217 1463 1385 1495 supputatos.
1398 1460 1419 1485 A
1428 1458 1527 1487 Tiberii
1541 1463 1630 1486 autem
1644 1459 1740 1494 quinto
1747 1459 1860 1487 decimo

1070 1513 1155 1540 usque
1167 1506 1200 1532 ad
1213 1505 1386 1532 Constantini
1402 1505 1514 1532 victoris
1527 1505 1634 1540 augusti
1644 1505 1799 1532 vioennalia
1811 1514 1860 1533 nu-

1069 1555 1209 1578 merantur
1216 1551 1277 1577 anui
1286 1557 1332 1576 ccc
1343 1549 1504 1584 (lO).ltaque
1518 1550 1584 1577 fiunt
1592 1557 1686 1578 omnes
1695 1551 1761 1577 anni
1768 1551 1860 1578 histo«

1064 1596 1110 1622 rise
1121 1596 1200 1624 istius
1211 1604 1360 1624 uncccxuv
1369 1597 1436 1633 (ll).
1449 1597 1482 1623 Et
1491 1605 1524 1624 ne
1538 1598 1634 1632 longus
1644 1598 1714 1625 forte
1722 1598 1794 1625 ordo
1804 1607 1841 1626 nu
1849 1614 1858 1620 -

1065 1649 1201 1668 mererum
1215 1642 1317 1676 aliquid
1333 1643 1497 1670 turbationis
1510 1643 1630 1676 aﬂ'erret,
1643 1651 1753 1671 omnem
1767 1652 1860 1672 anno-

1064 1693 1124 1712 rum
1154 1687 1308 1720 congeriem
1330 1687 1358 1713 in
1388 1687 1504 1716 decadas
1529 1688 1696 1722 cateitlimus,
1724 1697 1798 1724 quas
1824 1699 1859 1718 ex

1065 1732 1233 1768 singularum
1250 1733 1368 1767 gentium
1388 1734 1511 1762 historiis
1527 1740 1726 1771 congregantes
1745 1737 1802 1764 sibi
1818 1737 1859 1765 fe-

1065 1779 1151 1806 cimus
1166 1778 1280 1805 invicem
1298 1786 1358 1806 essc
1371 1780 1534 1812 contrarias,
1551 1784 1581 1807 nt
1597 1780 1685 1808 facilis
1698 1782 1859 1816 praebeatur

1067 1825 1197 1858 inventio,
1220 1825 1297 1859 cujus
1311 1825 1396 1853 Graeci
1414 1830 1493 1854 aetate
1512 1827 1554 1854 vel
1573 1827 1692 1860 barbari,
1713 1830 1859 1864 propheta:

1067 1875 1094 1899 et
1104 1879 1181 1907 reges
1190 1871 1216 1898 et
1229 1872 1384 1900 sacerdotes
1391 1872 1672 1901 fuerintHebra-orum
1681 1875 1736 1911 (12)
1752 1886 1758 1902 ;
1776 1877 1859 1904 item-

1066 1924 1119 1952 que
1142 1916 1211 1944 falso
1229 1917 1397 1944 diversarqu
1416 1918 1535 1952 gentium
1555 1919 1651 1946 crediti
1669 1920 1723 1953 dii;
1742 1922 1792 1955 qui
1808 1922 1858 1949 he-

1065 1971 1143 1995 roes;
1156 1971 1226 1998 quae,
1242 1963 1351 1996 quando
1364 1964 1429 1990 urbs
1440 1965 1563 1996 condita;
1581 1965 1627 1999 qui
1645 1965 1678 1992 de
1696 1966 1858 1997 illustribus

1065 2009 1131 2036 viris
1156 2009 1319 2044 philosophi,
1349 2011 1444 2044 poetae,
1470 2010 1616 2045 principes,
1647 2012 1858 2050 scriptoresque

228 2088 257 2130 ϐξ
269 2088 322 2130 ἁτςῇ
336 2087 382 2129 τόῇ
397 2087 568 2130 δηλωρέντος-
581 2085 658 2130 ἐξους
669 2085 720 2130 γῇς
732 2085 1025 2130 ἷβςιιξιῇεζας
1037 2085 1082 2130 rev
1092 2081 1229 2130 avg-gem
1243 2087 1337 2122 χρόνον
1354 2087 1603 2130 ὰπ<ξριθμιζέιιαβνοςἔ
1619 2091 1666 2117 ἐπὶ
1676 2092 1765 2130 ⁸Νῖνον
1779 2094 1859 2128 ἥξεις

229 2123 275 2149 τὸν
288 2124 303 2165 1.
305 2121 448 2163 Δσεύρων,
469 2122 498 2148 δν
514 2121 619 2157 πρῶτόν
643 2129 724 2155 φασιν
745 2121 852 2155 ἁπάσης
863 2121 913 2154 τῆς
936 2121 1036 2153 Ἀσίας,
1054 2121 1120 2157 πλὴν
1140 2121 1236 2153 Ἰνδῶν,
1258 2121 1470 2158 κεκρατηκέῆιαιῖ
1486 2121 1556 2151 iber
1578 2121 1646 2152 έῖναι
1660 2126 1704 2153 τὸν
1725 2121 1860 2165 Ἀὁρἀάελ

229 2158 300 2184 κατὰ
311 2157 415 2184 τοῦτον.
454 2177 462 2184 .

265 2172 300 2227 (tu;
316 2172 415 2223 rati:
427 2172 647 2226 οὑ”δὲιι’ὲπ⁴ίσημον
659 2189 768 2224 γεγονὸς
783 2191 838 2217 toto
858 2193 926 2218 εῖται
940 2191 1003 2227 παρ’
1024 2190 1133 2226 Ἕλλησι
1155 2211 1161 2218 .

265 2229 305 2253 i“l
323 2227 406 2253 Οὔπω
418 2227 477 2253 τότε
500 2226 646 2253 Ἀθηναίων
665 2225 725 2251 οὔτε
747 2225 795 2253 τὴν
812 2201 887 2253 mana
910 2226 971 2253 οὔτε
986 2227 1035 2253 τὴν
1056 2235 1161 2253 ποοσηγ

323 2227 406 2263 Οὔπω
418 2227 477 2263 τότε
500 2225 646 2263 ’Λθηγάίων
665 2225 725 2263 opta
747 2225 795 2263 τὴν
812 2235 831 2252 π

847 2227 887 2257 λιν
910 2226 971 2268 oti-re

1074 2211 1306 2270 igéEiléerayiE;
1324 2227 1434 2270 _Eusebio
1452 2229 1539 2270 Prfrp.
1556 2239 1594 2270 ev2
1611 2239 1636 2262 κ,
1689 2232 1728 2270 (et
1744 2234 1789 2270 £2)
1802 2243 1858 2270 quo

228 2261 285 2290 loco
295 2261 360 2299 dicit
377 2261 504 2299 Eusebius
519 2268 554 2299 se.
564 2261 619 2288 haec
631 2261 760 2288 evidenter
771 2261 987 2290 delnomtravisse
1001 2263 1013 2287 ὲ

1074 2263 1097 2293 ῖς
1114 2262 1268 2297 πονηθεῖσιν
1287 2264 1351 2298 ἡμῖν
1373 2261 1635 2299 χρονικοῖς’κανόσι,ν
1657 2261 1852 2297 in‘elabo'rdtii

229 2306 245 2324 a
261 2306 287 2324 se
303 2298 433 2324 chronicis
450 2296 604 2323 canonibus.

229 2333 430 2395 i7£“)B'EGT¢t
446 2333 460 2358 ὁ
474 2332 527 2363 πᾶς
541 2332 590 2367 τῆς
605 2331 694 2363 ἐξόδου
712 2333 804 2368 χρόνος
819 2333 864 2359 ἐπὶ
881 2333 930 2369 τὴν
952 2333 998 2360 τοῦ

1074 2331 1085 2358 3
1102 2332 1272 2368 κατασκευὴν
1293 2334 1360 2360 ὲτῶν
1369 2333 1392 2368 χ’
1409 2335 1480 2362 κατὰ
1502 2335 1641 2362 Εὐσέϐιον.
1668 2337 1814 2373 Syucellus
1827 2349 1857 2375 ρ.

263 2457 302 2495 (l)
318 2457 491 2496 Scaligeruet
513 2458 621 2496 codices
650 2460 753 2495 aliquot
783 2460 809 2486 in
838 2461 1007 2491 curiositate;
1025 2463 1047 2490 ι)
1097 2461 1153 2496 (10)
1170 2461 1209 2488 lta
1224 2456 1358 2489 Eusebius
1382 2461 1471 2496 priore
1490 2461 1569 2493 libro,
1593 2469 1652 2496 cap.
1674 2462 1718 2494 18,
1743 2463 1772 2495 9,
1789 2474 1857 2492 qua:

228 2501 288 2556 qulze
301 2501 367 2522 sane
393 2494 481 2522 facilis
501 2499 529 2522 et
552 2495 679 2529 ambigua
697 2494 848 2530 scriptura:
872 2497 1008 2523 aberratio

227 2537 257 2556 es
271 2550 278 2556 .

244 2538 278 2557 51..

273 2564 300 2597 2)
315 2563 373 2591 Lib.
390 2572 409 2596 ι,
427 2564 527 2596 16,19.
544 2564 589 2593 eo.

275 2600 301 2632 3)
316 2599 375 2635 Lib.
390 2607 408 2631 ι,
426 2600 470 2632 16,
486 2600 522 2626 27
535 2608 610 2635 seqq.
631 2599 790 2627 scribuntur
806 2606 919 2628 cobxxx.

262 2634 300 2669 (4)
312 2634 372 2662 Lib.
388 2643 408 2668 ι,
426 2635 520 2667 16,Ξῦ
536 2639 562 2662 et
574 2634 622 2662 ’27.

262 2669 303 2704 (5)
317 2669 377 2697 Lib.
388 2678 408 2701 ι,
423 2670 467 2703 18,
484 2671 512 2702 4,
527 2671 683 2697 scribuntur
694 2677 742 2696 nu.

262 2704 300 2740 (6)
314 2705 373 2740 Lib.
388 2713 406 2737 ι,
422 2705 465 2736 l8,
481 2705 507 2732 9.

262 2737 301 2774 (τι
316 2739 453 2767 Pontacus
462 2739 588 2768 emendat
595 2737 778 2766 ccct.xxv.Sed
790 2739 1007 2768 habentcccutx

226 2776 329 2809 passim
344 2774 463 2806 codices.
478 2782 528 2802 nec
543 2782 599 2802 non
617 2774 742 2809 princeps
756 2774 849 2808 editio,
867 2780 893 2803 et
906 2776 1006 2804 Veneta

227 2810 291 2845 anni
307 2809 387 2845 {483,
403 2813 430 2837 et
445 2809 578 2845 Scaliger.

275 2844 301 2880 β]
313 2843 373 2880 ιδῃ).
393 2852 412 2876 1,
433 2843 550 2880 οᾳρεὸἶ,
563 2844 720 2874 scribuntur
734 2852 815 2874 cnvu.

275 2878 303 2914 9)
319 2878 378 2906 Lib.
394 2887 414 2913 ι,
430 2878 474 2912 is;
488 2879 515 2908 9.

1062 2497 1144 2524 verba
1160 2497 1213 2533 huc
1222 2497 1409 2524 transferenda
1422 2497 1530 2524 fuerunt
1541 2505 1589 2531 pro
1605 2497 1854 2533 llieruuymianis:

1063 2540 1143 2568 usque
1166 2531 1199 2558 ad
1219 2537 1342 2566 quartum
1362 2533 1490 2568 decimum
1509 2540 1607 2568 annum
1637 2531 1774 2566 Valentis,
1798 2544 1856 2568 quo

1063 2567 1172 2599 interiit,
1187 2572 1359 2594 numerantur
1375 2567 1437 2594 anni
1459 2567 1542 2594 ccitLt.
1565 2567 1691 2602 Oportuit
1705 2570 1781 2596 enim
1794 2567 1855 2597 Eu-

1063 2602 1132 2638 sebii
1155 2606 1258 2629 textum
1277 2603 1410 2629 illibatum
1439 2603 1577 2635 exhibere,
1596 2604 1659 2637 quia
1680 2605 1859 2638 prooemium

1061 2637 1171 2664 nomine
1186 2638 1245 2670 ejus
1263 2638 1394 2664 titulatur.

1096 2672 1152 2707 (ll)
1167 2671 1347 2708 Hieronymus
1359 2672 1454 2699 scribit
1469 2680 1477 2698 ι
1493 2673 1580 2707 itaque
1595 2674 1747 2708 ﬁuntistius
1765 2675 1855 2702 histo-

1061 2707 1109 2734 ria;
1125 2715 1273 2744 ulcccxev.
1293 2707 1344 2744 Sed
1363 2715 1412 2744 nos
1429 2708 1549 2744 spatium
1572 2709 1758 2744 subtraximus
1773 2711 1856 2744 quod

1061 2747 1104 2770 est.
1122 2743 1193 2778 inter
1212 2743 1363 2769 vicennalia
1378 2742 1550 2770 Constantini
1570 2743 1728 2778 obitumque
1744 2742 1855 2772 Valen—

1061 2778 1107 2810 tis,
1125 2785 1158 2814 ne
1172 2777 1319 2814 Eusebium
1331 2778 1416 2814 aliter
1430 2779 1595 2811 loquentem,
1613 2784 1640 2806 et
1655 2777 1767 2814 quidem
1782 2787 1854 2807 cum

1061 2812 1282 2846 anachronismo,
1294 2812 1494 2840 induceremus.

1095 2847 1151 2884 (l2)
1166 2847 1266 2876 Confer
1280 2847 1441 2884 prommium
1457 2847 1518 2876 libri
1533 2855 1552 2881 ι,
1566 2848 1591 2875 Ι.
