1910 3135
94 145 146 173 169

487 287 494 297 λ
503 270 597 290 omn.
724 271 802 291 una.

710 143 957 171 CHBONICOBUM
975 143 1038 171 LIB.
1054 143 1086 171 ll.

931 272 1026 292 IACED.

1670 143 1719 169 1Ἰο

1082 272 1157 292 ΡΕΙίΒ.
1226 271 1289 291 11011.

629 333 751 360 Abraha-
765 333 889 374 Captivi-
898 334 1030 369 Amyntas
1046 334 1198 370 Cambyses
1213 333 1327 374 Tarqui-

661 376 723 396 mus
806 373 848 396 tas

637 417 743 424 __—_.

1217 377 1280 397 [IIIIS

130 456 147 473 α
161 446 272 482 [Egypti
296 455 372 476 xxvu
394 448 517 483 dynastia
530 448 673 476 Persarum
685 449 796 485 (quippe
809 449 957 485 Cambyses
968 449 1086 477 obtinuit
1102 449 1248 485 Egyptum
1265 450 1292 478 in
1304 448 1377 478 anno
1393 455 1470 479 sexto
1485 450 1535 487 [aL
1558 459 1585 483 v.
1614 450 1653 478 al.
1667 459 1716 480 vn.

95 494 172 528 regni
190 493 248 529 sui]
259 502 347 530 usque
362 494 395 522 ad
410 494 523 522 Darium
540 492 625 522 ﬁlium
644 494 741 523 Xerxis
753 495 833 523 annis
851 503 907 523 cxi.

660 542 730 570 N93
818 542 853 570 68

961 542 995 570 50
1120 542 1136 568 ’1
1241 542 1277 570 24

128 588 143 614 b
154 588 236 624 Apud
249 588 378 618 Hebraeos
392 590 516 625 pontifex
532 591 669 618 maximus
689 590 768 618 Iesus
786 590 857 617 ﬁlius
871 589 1016 622 Josedecb,
1034 593 1061 617 et
1077 590 1207 625 princeps
1222 590 1311 626 gentis
1328 589 1477 621 Zorobabel
1494 593 1560 620 clari
1572 593 1716 622 habentur.

128 635 332 672 Prophetabant
344 638 415 672 apud
431 637 561 667 Hebraeos
573 638 715 666 nevissimi
731 637 855 674 Aggzeus,
872 637 1024 666 Zacharias
1036 642 1063 664 et
1076 637 1233 665 Malaebias.

238 685 285 720 R.
313 684 477 722 CCXXX.
645 684 714 712 “94
803 684 838 711 69

656 825 724 852 M95
814 825 847 851 70

124 928 144 955 Α
160 928 269 969 Davide_
276 936 366 969 usque
373 928 476 969 _ad‘Lxx

93 971 191 990 annum
209 963 355 998 captivitas
369 963 475 991 Iudaeo-

93 1006 162 1035 rum,
175 1000 241 1026 anni
254 1007 315 1026 σιν.
327 1000 348 1026 Δ
358 1007 409 1026 Lxx
429 1007 479 1035 fta—
525 1001 570 1035 65
654 998 723 1026 1496
814 1000 842 1027 71

94 1040 110 1068 p
120 1034 412 1069 ivitatissupputantur
427 1034 479 1061 Da-

93 1069 123 1095 rii
143 1069 218 1105 regis
240 1069 384 1097 Persarum
412 1069 477 1096 anni

567 1076 662 1097 OLYIP.
701 1077 820 1096 ABRAIIA-
846 1077 943 1097 MACED.

1367 720 1434 748 Post
1456 755 1459 756 ν
1470 721 1626 756 Cambysen
1663 721 1717 748 duo

1062 763 1076 781 ι
1094 754 1142 791 lll.
1153 753 1237 782 MAGI
1249 761 1325 782 men-
1334 755 1432 783 fratres
1453 755 1522 791 Magi
1536 753 1717 791 regnaverunt

1111 790 1186 826 sibus
1204 798 1267 826 vn;
1332 791 1475 826 mensibus
1496 790 1553 826 va:
1572 794 1634 826 post
1648 798 1716 825 quos

953 825 988 852 32
1113 825 1125 851 1
1233 824 1269 851 26
1332 825 1429 866 Darius
1438 826 1510 855 ﬁlius
1516 824 1715 862 Hystaspis’an-

1331 869 1376 888 ms
1389 869 1484 890 XXXVI.

964 929 980 954 d
995 928 1038 956 IV.
1057 927 1184 956 DARIUS
1200 929 1278 956 annis
1292 936 1384 957 mm.

953 999 988 1026 55
1112 999 1126 1026 1
1233 999 1269 1026 27

1004 1076 1077 1097 Ρειισ.
1146 1076 1209 1096 ROI.

36 1123 38 1125 μ
93 1104 184 1132 “xiv.
196 1104 275 1138 cujus
285 1105 361 1139 regni
376 1112 448 1131 anno
461 1113 477 1131 x
731 1113 783 1132 IUS

93 1140 159 1173 apud
181 1139 322 1167 Romanos
341 1140 407 1175 regii
427 1139 476 1166 clo-
832 1139 961 1175 Amyntas
987 1139 1085 1167 Darius
1119 1139 1235 1174 Tarqui-

91 1174 208 1203 minalus
228 1175 290 1202 ﬁnis
312 1179 355 1202 est
376 1176 474 1202 factus.
885 1174 889 1175 ⁷
1141 1175 1204 1202 nius

721 1256 790 1284 1497
881 1257 915 1284 54
1037 1256 1055 1283 2
1159 1255 1194 1283 28

123 1335 264 1371 Olympias
279 1343 341 1366 va.
353 1336 380 1362 in
400 1342 453 1370 qua
468 1334 613 1362 Persarum
629 1334 702 1369 regis
718 1333 802 1366 Darii,
819 1333 867 1360 ﬁlii
884 1333 1038 1370 Hystaspis,
1054 1333 1105 1361 fuit
1123 1341 1211 1361 annus
1226 1333 1373 1362 secundus.
1389 1333 1451 1362 Ideo
1464 1334 1601 1362 secundus
1612 1341 1713 1362 annus.

91 1381 130 1410 bis
139 1383 282 1415 scribitur,
297 1383 360 1418 quia
373 1389 462 1410 annue
472 1382 500 1409 in
514 1381 654 1417 Magorum
671 1381 785 1408 fratrum
797 1385 899 1416 septem
915 1380 1059 1408 mensibus
1073 1383 1257 1416 computatur.

717 1425 785 1453 1498
875 1425 909 1453 '55
1033 1426 1050 1453 5
1155 1425 1190 1453 29

123 1481 137 1500 ι
150 1472 316 1500 Harmodius
332 1476 360 1499 et
386 1472 555 1506 Aristogiton
577 1470 761 1506 Hipparchum
788 1469 997 1498 Atheniensium
1016 1474 1162 1506 tyrannum
1187 1470 1404 1499 interfecerunt:
1420 1477 1446 1499 et
1463 1471 1560 1499 Leana
1585 1474 1714 1500 meretrix

91 1529 174 1551 amica
188 1529 296 1554 eorum,
309 1528 372 1548 cum
387 1520 530 1547 tormentis
545 1523 687 1554 cogeretur
698 1523 727 1546 ut
746 1518 836 1546 socios
852 1511 988 1554 proderet,
1001 1518 1121 1554 linguam
1137 1526 1215 1547 suam
1235 1518 1397 1547 mordicitus
1416 1521 1575 1555 amputavit.

718 1564 788 1592 M99
877 1565 911 1592 56
1035 1564 1053 1591 4
1160 1564 1195 1592 50

121 1631 265 1667 Templum
281 1629 477 1664 Hierosolymis
491 1632 707 1660 consummatur,
719 1627 946 1663 prophetantibus
958 1626 1030 1662 apud
1040 1625 1148 1654 Iudaeos
1161 1625 1260 1661 Aggan
1272 1629 1299 1653 et
1314 1625 1457 1654 Zacharia.

121 1678 135 1712 Ῑ
146 1676 279 1704 Secundo
294 1683 367 1702 anno
384 1675 458 1703 Darii
470 1675 544 1710 regis
560 1673 705 1703 Persarum
717 1675 846 1709 templum
860 1675 887 1701 in
900 1673 1097 1709 Hierosolymis
1113 1673 1264 1701 exstruitur
1275 1680 1289 1700 a
1300 1672 1479 1707 Zorobabele,
1496 1679 1711 1702 consummatur.

90 1731 138 1759 que
155 1731 227 1758 opus
240 1729 312 1749 anno
327 1727 434 1757 quarto.
448 1720 584 1750 Remissio
601 1720 711 1756 quidem
725 1720 893 1756 captivitatis
907 1719 1065 1747 Judazorum
1082 1722 1110 1747 et
1124 1719 1203 1746 venia
1218 1719 1312 1754 templi
1322 1719 1476 1747 aediﬁcandi
1497 1721 1548 1748 sub
1558 1720 1629 1756 Cyro
1640 1729 1712 1749 exor-

89 1771 162 1799 dium
178 1771 275 1798 habuit
292 1774 518 1797 :consummatur
534 1777 600 1797 vero
614 1769 744 1804 templum
761 1769 813 1796 sub
831 1767 914 1795 Dario
930 1775 937 1795 :
954 1768 1018 1803 quia
1033 1767 1131 1796 vicina:
1145 1770 1240 1804 gentes
1254 1767 1374 1796 assiduis
1389 1769 1547 1796 incursibus
1558 1769 1711 1796 aediﬁcatio-

90 1827 149 1847 nem
164 1818 261 1853 templi
275 1817 465 1853 impedierant.
478 1817 604 1844 Clemens
628 1825 737 1852 quoque
758 1817 884 1852 congruit
903 1816 932 1843 in
955 1816 1044 1852 primo
1069 1819 1200 1843 stromate
1224 1815 1262 1842 ita
1281 1815 1404 1844 scribens
1424 1825 1430 1842 :
1449 1825 1458 1842 α
1477 1816 1510 1843 Et
1528 1818 1711 1852 perseveravit

89 1867 237 1902 captivitas
252 1866 331 1893 annis
350 1865 532 1901 septuaginta,
548 1873 635 1900 usque
654 1864 688 1892 ad
703 1864 853 1893 secundum
873 1871 975 1891 annum
986 1863 1060 1891 Darii
1074 1863 1122 1890 ﬁlii
1139 1862 1292 1899 Hystaspis,
1310 1864 1357 1898 qui
1375 1863 1478 1896 Persis,
1492 1868 1519 1891 et
1541 1863 1671 1900 Assyriis,
1689 1870 1712 1893 et

90 1913 207 1949 (Egypto
219 1911 364 1947 regnavit:
382 1912 434 1939 sub
450 1919 505 1947 quo
523 1911 637 1947 Aggaaus
657 1916 684 1939 et
710 1911 869 1944 Zacharias,
883 1904 996 1939 et'unus
1011 1918 1044 1938 ex
1065 1910 1221 1943 duodecim,
1238 1911 1284 1945 qui
1297 1915 1410 1938 vocatur
1425 1911 1555 1946 Angelus,
1571 1910 1710 1946 propheta-

89 1965 150 1988 runt
167 1970 173 1986 :
188 1959 344 1987 sacerdotio
358 1966 468 1994 quoque
493 1959 603 1987 functus
627 1964 667 1987 est
683 1958 764 1987 Jesus
781 1959 853 1986 ﬁlius
868 1957 1011 1986 Iosedech.
1036 1967 1046 1984 ›
1063 1957 1127 1985 Haec
1148 1957 1323 1992 supradictus
1341 1958 1392 1986 vir.
1409 1958 1486 1990 Quod
1501 1963 1591 1985 autem
1606 1961 1702 1991 septua

89 2007 209 2040 gesimus
225 2013 315 2033 annus
329 2005 507 2034 desolationis
523 2006 612 2041 templi
626 2007 711 2033 altero
725 2013 796 2033 anno
811 2005 887 2033 Darii
901 2005 983 2034 fuerit
994 2005 1130 2040 expletus,
1143 2005 1313 2032 domesticus
1335 2005 1415 2033 testis
1427 2010 1468 2032 est
1484 2005 1631 2032 Zacharias
1649 2012 1710 2040 pro-

90 2053 168 2087 pheta
182 2052 304 2080 secundo
314 2059 387 2079 anno
401 2051 475 2079 Darii
491 2052 527 2079 ita
543 2053 656 2080 dicens:
674 2062 683 2077 ι
702 2052 815 2081 Domine
833 2052 1018 2088 omnipotens,
1033 2059 1175 2087 quousque
1190 2052 1366 2080 misereberis
1380 2052 1560 2084 Hierusalem,
1576 2056 1603 2079 et
1621 2052 1710 2079 civita-

87 2100 159 2128 tibus
172 2098 255 2132 Juda,
273 2106 342 2133 quas
361 2099 527 2134 despexisti?
543 2099 595 2128 Iste
611 2100 828 2136 septuagesimus
846 2107 934 2128 annus
950 2104 1001 2128 est.
1023 2109 1031 2125 ι

120 2197 138 2215 c
157 2187 276 2223 Εἰκοστὴ
291 2187 390 2224 ἑϐδόμη
412 2187 554 2214 δυναστεία
566 2188 678 2224 Περσων
695 2188 826 2223 βασιλέων
840 2187 873 2223 η’.

88 2234 241 2269 K415166311;
257 2233 311 2260 ἔτει
330 2233 448 2270 πέμπτῳ
467 2234 516 2269 τῆς
530 2233 611 2260 αὐτοῦ
629 2234 765 2269 βασιλείας
786 2234 876 2260 ἐϐασί-

88 2279 329 2313 λευσενΑἰγόπτου
336 2279 382 2315 ἔτη
392 2279 426 2314 γ’.
441 2279 535 2307 Euseb.
546 2280 615 2314 apud
626 2280 706 2314 Sync.
715 2288 742 2315 ρ.
751 2280 796 2312 76,
806 2279 875 2312 C,D.

121 2316 136 2340 b
162 2315 331 2350 Ἰεράτευσεν
354 2315 457 2350 Ἰησοῦς
470 2316 484 2340 ὁ
499 2315 546 2341 τοῦ
568 2315 700 2347 Ἰωσεδὲκ,
717 2316 775 2351 ἅμα.
791 2317 876 2351 Ζορω-

88 2359 181 2386 εάὄελ.
198 2360 274 2395 ’Ἅμα
290 2360 415 2394 Ἀγγαῖος
427 2360 474 2386 καὶ
486 2360 622 2395 Ζαχαρίας
638 2360 683 2386 καὶ
700 2361 714 2387 6
726 2361 758 2386 ἐκ
771 2360 825 2387 τῶν
844 2359 876 2387 ιδ’

89 2405 222 2439 Ἀγγελος
237 2405 463 2441 προφητεύουσιν.
479 2405 578 2434 Chron.
593 2406 685 2440 pascit.
698 2413 724 2439 ρ.
740 2405 801 2438 144,
815 2406 876 2433 145.

121 2460 134 2477 c
155 2452 270 2487 Περσῶν
286 2452 372 2488 τρίτοι
387 2452 566 2479 ἐϐασίλευσαν
581 2452 627 2479 δύο
640 2452 749 2487 ἀδελφοὶ
762 2453 876 2489 Μέρδιος

89 2498 132 2524 καὶ
149 2497 294 2533 Πατςάτης
311 2497 397 2533 μῆνας
412 2497 445 2531 ζ’.
458 2498 530 2525 Idem
544 2506 570 2533 p.
587 2498 648 2531 144,
665 2498 697 2525 C.

121 2543 138 2569 Δ
157 2543 271 2579 Περσῶν
295 2543 422 2579 τέταρτος
446 2544 618 2571 ἐϐασίλευσεν
641 2545 752 2579 Δαρεῖος
779 2544 876 2572 ’Υστά-

87 2595 156 2614 σπου
176 2588 224 2623 ἐτη
240 2587 294 2620 λς’.
312 2587 424 2621 Ibidem,
437 2589 469 2616 ι).

121 2641 134 2660 ι
160 2633 303 2669 Ἀρμύδιος
314 2635 361 2661 καὶ
384 2635 588 2670 Ἀριστογείτων
604 2637 708 2664 ἀνεῖλον
724 2638 876 2674 Ἵππαρχον

87 2679 226 2714 τύραννον·
241 2679 304 2706 καθ’
320 2680 367 2712 οὓς
378 2681 478 2707 Λέαινα
489 2683 505 2716 ἡ
519 2683 613 2718 ἑταίρα
625 2683 670 2710 ἐπ’
681 2683 770 2710 αὐτῶν
782 2684 875 2716 ὲταζο-

88 2725 156 2760 μένη
181 2727 322 2752 κατειπεῖν
345 2727 408 2758 τοὺς
425 2729 599 2762 συνωμότας,
622 2729 670 2763 τὴν
692 2729 790 2763 ἑαυτῆς
811 2730 877 2757 ἁπέ‹

87 2778 170 2806 τρησε
184 2771 322 2805 γλῶσσαν.
340 2771 419 2807 Sync.
432 2780 458 2807 p.
471 2774 535 2805 258,
552 2775 585 2802 Β.

119 2817 134 2851 f
151 2817 232 2845 Κατὰ
253 2818 303 2853 μὲν
324 2819 414 2854 Κῦρον
436 2820 452 2854 ὴ
472 2820 520 2855 τῆς
543 2822 730 2857 αἰχμαλωσίας
744 2823 790 2850 τοῦ
813 2825 876 2851 Ὶου-

86 2863 167 2891 ἰαὶων
188 2864 283 2896 ἔθνους
304 2865 445 2901 ἐλευθερία
468 2866 582 2900 γίνεται,
604 2869 650 2895 καὶ
673 2870 689 2901 ἡ
706 2870 877 2904 συγχώρησις

929 2188 978 2223 τῆς
992 2187 1039 2214 τοῦ
1058 2187 1130 2223 ἱεροῦ
1150 2187 1304 2223 οἰκοδομῆς·
1323 2189 1363 2220 εἰς
1378 2187 1457 2224 ἔργον
1473 2188 1501 2214 δὲ
1513 2189 1596 2224 χωρεῖ
1610 2188 1657 2214 καὶ
1670 2196 1712 2214 τεν

929 2233 1048 2261 λειοῦται
1064 2235 1078 2260 6
1098 2233 1160 2265 ναὸς
1181 2233 1252 2260 κατὰ
1272 2233 1302 2260 τὸ
1317 2243 1334 2269 η
1352 2234 1411 2265 Ετος
1421 2233 1535 2269 Δαρείου
1550 2233 1596 2260 τοῦ
1618 2234 1710 2261 ’Υστά-

929 2287 1008 2310 ama,
1028 2278 1081 2305 τῶν
1099 2279 1244 2314 περιοίκων
1259 2279 1288 2305 ὲν
1302 2279 1342 2315 τῷ
1357 2278 1457 2314 μεταξὺ
1470 2279 1559 2314 χρόνῳ
1576 2279 1625 2314 τὴν
1644 2279 1713 2305 οἰκο-

927 2323 1011 2360 δομὴν
1024 2325 1199 2360 ἐπισχόντων.
1216 2324 1326 2360 Συνᾲδει
1340 2324 1368 2351 δὲ
1383 2324 1486 2356 τούτοις
1498 2325 1545 2350 καὶ
1560 2325 1574 2351 6
1589 2324 1714 2360 Κλήμης,

927 2371 941 2397 ὁ
957 2372 984 2396 ὲν
995 2370 1034 2406 τῷ
1045 2371 1145 2407 πρώτῳ
1156 2370 1300 2406 Στρὼματι
1312 2371 1425 2406 γράφων
1438 2370 1534 2402 οὕτως·
1547 2370 1601 2397 Καὶ
1612 2370 1712 2405 Ξμεινεκ

928 2417 944 2451 ἡ
960 2416 1133 2451 αέχμαλωσία
1146 2416 1193 2452 ἔτη
1207 2420 1239 2450 θ’,
1255 2415 1430 2452 καταλήξασα
1446 2418 1486 2448 εἰς
1503 2416 1533 2442 τὸ
1550 2415 1572 2451 β’
1588 2417 1647 2447 ἔτος
1664 2417 1713 2442 Δα-

930 2461 999 2495 ρείου
1014 2461 1072 2488 υἱοῦ
1091 2461 1244 2488 Ὑστάσπου
1257 2461 1368 2497 Περσῶν
1385 2462 1432 2488 καὶ
1454 2462 1603 2498 ’Λσσυρῐων
1617 2460 1713 2488 καὶΑῑ-
1762 2463 1767 2469 ’

927 2508 1048 2541 γυπτίων
1060 2508 1205 2543 γενομένου
1218 2507 1357 2543 βασιλέως,
1368 2508 1409 2542 ἐφ’
1420 2504 1450 2534 οὗ
1471 2508 1595 2542 Ἀγγαῖος
1607 2507 1653 2533 καὶ
1665 2507 1713 2533 Ζα-

929 2552 1034 2588 χαρίας,
1044 2553 1090 2579 καὶ
1099 2554 1113 2579 6
1127 2553 1159 2579 ὲκ
1173 2552 1228 2579 τῶν
1241 2552 1273 2579 t6’
1288 2553 1420 2588 Ἀγγελος
1433 2553 1645 2589 προφητεύουσι.
1661 2552 1712 2578 Ka‘

927 2598 1013 2625 ταῦτα
1028 2600 1076 2634 μὲν
1092 2600 1106 2625 6
1121 2599 1250 2634 δηλωθεὶς
1266 2600 1345 2635 ἀνήρ.
1365 2600 1432 2635 Περὶ
1450 2600 1477 2626 δὲ
1495 2600 1574 2634 μέχρι
1590 2597 1713 2633 δευτέρον

928 2643 1003 2676 ἔτους
1024 2645 1136 2680 Δαρείου
1156 2645 1187 2672 τὸ
1202 2645 1222 2671 ο’
1236 2646 1286 2680 τῆς
1305 2646 1422 2681 ἐρημίας
1438 2645 1484 2672 τοῦ
1507 2644 1579 2680 ἱεροῦ
1593 2644 1650 2676 ἔτος
1663 2653 1701 2671 πα

930 2691 1063 2724 ρατεῖναι,
1091 2690 1196 2726 μάρτυς
1219 2691 1347 2725 ἐχέγγυος
1369 2691 1383 2717 6
1407 2690 1547 2725 προφήτης
1569 2689 1714 2724 Ζαχαρίας.

928 2734 1004 2767 ἔτους
1016 2735 1141 2772 δευτέρου
1157 2737 1267 2771 Δαρείου
1280 2736 1373 2763 εἰπών’
1389 2746 1397 2760 ι
1412 2736 1497 2772 Κύριε
1517 2735 1711 2772 παντόκρατορ.

928 2780 979 2812 ἓως
998 2782 1069 2813 τίνος
1086 2783 1116 2809 οὐ
1139 2782 1175 2818 μὴ
1200 2783 1319 2819 ὲλεήσεις
1338 2782 1385 2817 τὴν
1404 2781 1589 2817 Ἰερουσαλὴμ,
1606 2783 1712 2815 καὶτὰς

929 2826 1020 2858 πόλεις
1040 2827 1133 2860 Ἰούδα,
1159 2829 1192 2860 ἃς
1222 2829 1360 2865 ὑπερίδεςῖ
1378 2828 1456 2855 τοῦτο
1484 2827 1504 2855 o'
1519 2829 1587 2861 ἔτος.
1609 2839 1618 2855 ι
1643 2829 1714 2857 Idem

928 2879 955 2904 ν.
970 2872 1031 2906 114,
1049 2873 1109 2901 1-ξὸ.
