1913 3137
67 168 116 199 557

617 287 713 316 ουωρ.
734 289 864 310 CHRISTUS
918 289 976 309 ιω).

668 172 919 202 CHRONlCORUM
938 173 1001 202 LIB.
1019 173 1051 201 Η.

755 434 860 441 ———

1634 174 1688 202 558

1055 289 1121 313 BOI.

891 349 1014 379 Herodes
1053 349 1135 378 Tibe~

1060 386 1119 413 rius

1037 433 1144 443 .__._.

99 473 116 491 α
133 462 240 492 Pilatus
255 468 318 500 post
345 463 529 500 supradictam
552 465 727 498 seditionem,
756 473 817 501 qum
834 465 870 494 ob
891 466 1008 494 Caesaris
1023 466 1156 501 imagines
1178 465 1266 494 fuerat
1283 467 1427 500 concitata,
1447 476 1558 497 sacrum
1575 470 1688 499 thesau-

61 519 133 543 rum,
149 518 232 545 quem
257 510 406 538 corbonam
424 510 509 538 Judaei
524 515 638 544 vocant,
661 511 689 539 in
706 514 897 547 aquaeductum
930 512 1182 549 Hierosolymorum
1201 513 1366 548 expendens,
1389 515 1518 543 secundae
1539 516 1682 546 seditionis

61 557 179 592 praebuit
208 557 323 585 semina.

95 637 174 671 Persi
179 646 212 665 us
220 637 335 665 Flaccus
340 658 347 669 ,
356 637 492 673 satyricus
498 641 588 672 poeta,
787 637 822 665 55

61 671 214 701 Volaterris
232 675 366 701 nascitur.

928 637 961 664 21
1069 639 1102 666 21
1195 639 1274 667 Philo
1289 638 1490 669 Alexandrinus
1509 642 1550 670 vir
1561 642 1689 672 doctissi-

1160 683 1223 704 mus
1238 676 1463 712 cognoscebantur.

95 765 110 792 ὸ
132 764 263 800 Sejanus,
280 764 424 800 praefectus
439 763 553 796 Tiberii,
570 766 615 799 qui
641 764 712 804 apud
731 772 794 793 eum
810 763 958 801 plurimum
985 766 1102 798 poterat,
1131 763 1330 793 instantissime
1350 765 1520 800 cohortatur,
1540 771 1568 794 ut
1581 769 1689 803 gentem

61 812 221 840 Iudaeorum
235 811 334 840 deleat.
359 811 438 840 Philo
456 812 580 840 meminit
592 812 619 840 in
638 811 761 841 secundo
773 811 845 840 libro
864 809 1028 846 Legationis.

95 911 110 929 ο
129 903 262 938 Agrippa3
278 901 393 930 Herodis
419 901 491 937 regis
508 901 591 938 ﬁlips,
787 901 822 930 56

62 937 222 965 accusatur
239 937 353 965 Herodis
378 937 522 965 tetrarchae
542 937 597 964 Ilo-

61 981 135 1001 mam
151 972 306 1008 prolectus,
335 980 351 1000 a
366 972 477 1001 Tiberio
493 973 522 1000 in
538 973 598 999 vin-

61 1009 123 1036 cula
134 1008 296 1044 conjicitur.

927 901 965 929 22
1069 901 1105 930 22
1194 901 1272 940 Multi
1288 907 1446 931 senatorum
1460 908 1488 932 et
1503 904 1626 940 equitum
1645 905 1688 932 in-

1161 937 1278 966 terfecti.

93 1096 113 1124 ά
131 1095 223 1125 Pilato
245 1096 279 1125 de
303 1097 524 1126 Christianorum
539 1097 665 1134 dogmate
678 1096 712 1125 ad
729 1096 870 1124 Tiberium
886 1097 1034 1130 referente,
1052 1096 1180 1127 Tiberius
1202 1098 1296 1129 retulit
1311 1099 1345 1132 ad
1361 1104 1497 1134 senatum,
1509 1103 1540 1128 ut
1551 1101 1622 1128 inter
1636 1108 1691 1130 cae-

59 1147 117 1171 tera
134 1151 218 1175 sacra
234 1144 412 1179 reciperetur.
425 1142 527 1171 Verum
541 1150 605 1170 cum
619 1149 653 1170 ex
664 1141 791 1171 consulto
815 1145 923 1177 patrum
944 1142 1117 1171 Christianos
1138 1143 1274 1172 eliminari
1290 1142 1364 1171 Urbe
1386 1144 1543 1179 placuisset,
1562 1144 1691 1175 Tiberius

59 1199 107 1227 per
118 1190 242 1219 edictum
254 1190 464 1218 accusatoribus
477 1189 697 1218 Christianorum
716 1189 899 1218 comminatus
914 1192 957 1217 est
971 1192 1097 1217 mortem.
1117 1189 1218 1217 Scribit
1231 1189 1417 1218 Tertullianus
1432 1190 1460 1218 in
1474 1191 1652 1227 Apologett'co.

79 1269 227 1311 ‘Tiberius
251 1269 401 1304 imperator
425 1268 455 1296 in
478 1267 591 1304 Campa-

59 1309 105 1333 nia
122 1309 255 1332 moritur.

630 1269 702 1305 204Ι
788 1267 822 1295 ³⁷

1064 1267 1106 1340 ,2⁵
1193 1303 1310 1340 grcaius
1325 1303 1443 1331 Memmii
1462 1303 1558 1340 Reguli
1576 1312 1689 1333 uxorem

801 1346 815 1365 ε
828 1336 873 1365 IV.
892 1337 996 1374 CAIUS
1007 1338 1087 1366 annis
1102 1346 1133 1366 ιιι
1158 1336 1245 1372 ὼιῑῑῐι,
1259 1339 1401 1374 impellens
1413 1347 1475 1367 eum
1488 1336 1517 1367 ut
1528 1340 1621 1368 uxoris
1634 1347 1690 1368 sua

94 1376 108 1410 Ῑ
126 1375 213 1404 Caius
227 1374 405 1410 semetipsum
425 1373 454 1402 in
467 1374 533 1404 deos
549 1382 593 1402 re-

58 1411 121 1473 ἡπῖ
130 1434 248 1474 Pontius
263 1444 368 1472 Pilatus
384 1445 413 1472 in
433 1444 533 1472 multas
545 1444 589 1472 in-
785 1443 820 1471 58

59 1482 156 1510 cidens
170 1481 352 1511 calamitates,
364 1480 473 1515 propria
489 1487 519 1508 se
533 1488 593 1507 ma-

60 1525 97 1559 nu
108 1516 259 1558 interemit.
269 1516 400 1545 Scribunt
410 1515 594 1543 Romanorum

59 1553 193 1580 historiae.

95 1588 248 1615 Passienus
268 1587 342 1615 ﬁlius
367 1586 462 1615 fraude
477 1585 594 1614 mercdis

61 1631 117 1651 sua:
133 1626 261 1652 necatur.
321 1642 362 1676 Β.
391 1641 544 1676 DCCXC,
789 1656 825 1690 '59

745 1581 763 1613 Κ
778 1582 825 1613 IV.
843 1583 997 1614 AGRIPPA
1009 1593 1054 1613 an.
1071 1594 1120 1614 vu.

893 1373 1090 1409 mensibusque
1103 1382 1130 1401 ι.
1158 1377 1269 1411 patrem
1284 1373 1345 1411 esse
1361 1381 1390 1402 se
1407 1374 1548 1403 scriberet.

1194 1410 1203 1436 ἰ
1223 1409 1306 1437 Caius
1319 1409 1420 1442 Caesar,
1437 1414 1617 1445 cognomento
1637 1410 1690 1438 Ca-

925 1444 961 1472 24
1090 1445 1102 1472 ί
1158 1445 1252 1481 ligula,
1264 1444 1409 1481 gigrippaﬁm
1420 1444 1535 1481 vinculis
1547 1445 1691 1473 liberatum

1161 1479 1253 1517 τὲεειη
1263 1479 1363 1517 ladem
1376 1480 1448 1517 facit:

1162 1514 1209 1579 Ct
1225 1514 1338 1542 Plurimi
1362 1515 1494 1542 nobilium
1522 1515 1659 1546 interfecti
1676 1522 1691 1542 a

1186 1558 1239 1578 aio.

1186 1558 1239 1578 310.

1224 1585 1308 1613 Caius
1341 1593 1452 1613 sorores
1478 1593 1560 1617 suas,
1591 1584 1692 1620 quibus

1160 1625 1285 1657 stuprum
1301 1621 1451 1657 intulerat,
1481 1621 1633 1648 insularum
1647 1627 1692 1648 ex-

949 1656 963 1684 i
1089 1656 1107 1683 2
1161 1657 1224 1684 silio
1238 1656 1442 1684 condemnavit.

96 1757 123 1776 m
141 1747 259 1776 Flaccus
281 1748 398 1781 Avilius,
414 1747 558 1784 praefectus
570 1746 691 1783 Egypti,
710 1747 805 1775 multis
829 1746 939 1775 Judmos
953 1746 1156 1775 calamitatibus
1176 1746 1291 1782 premit,
1312 1747 1501 1774 consentiente
1522 1746 1694 1775 Alexandriae

63 1796 174 1833 populo,
203 1799 230 1823 et
246 1795 352 1824 crebris
377 1795 509 1824 adversus
523 1803 571 1823 eos
585 1795 751 1824 clamoribus
770 1798 945 1831 personante.
969 1794 1127 1831 Synagogas
1149 1802 1260 1831 quoque
1282 1801 1378 1822 eorum
1394 1794 1570 1830 imaginibus,
1581 1795 1691 1827 statuis,

63 1843 117 1871 aris
131 1841 230 1878 polluit
241 1847 269 1870 et
285 1841 415 1878 victimis.
441 1842 536 1870 Refert
556 1841 634 1869 Philo
650 1843 678 1869 in
695 1850 727 1870 eo
739 1842 820 1876 libro,
840 1843 888 1877 qui
905 1841 1020 1870 Flaccus
1034 1841 1207 1875 inscribitur,
1223 1841 1281 1869 haec
1296 1841 1387 1869 omnia
1403 1849 1434 1869 se
1449 1847 1583 1876 praesente
1596 1845 1690 1879 gesta:

63 1890 97 1917 ob
109 1896 173 1925 quae
186 1889 269 1916 etiam
289 1888 453 1925 legationem
468 1889 503 1916 ad
515 1888 610 1917 Caium
623 1888 759 1916 Caesarem
779 1888 836 1923 ipse
851 1888 1013 1924 susceperit.
1458 1882 1462 1883 ⁷

95 2000 113 2018 a
129 1991 248 2022 Πιλᾶτος
266 1991 336 2026 μετὰ
348 1991 398 2026 τὴν
414 1990 510 2018 στάσιν
529 1990 662 2017 Ἰουδαίων
673 1989 717 2016 διὰ
727 1989 776 2021 τὰς
787 1989 856 2016 Καί-

63 2045 146 2072 σαρος
165 2037 283 2070 εἰκόνας,
299 2037 345 2063 τὸν
361 2036 506 2072 λεγόμενον
529 2036 682 2073 κορδωνᾶν,
707 2036 766 2071 ἤτοι
785 2035 856 2062 θεῖον

61 2082 213 2118 θησαυρὸν,
239 2084 279 2114 είς
307 2082 410 2110 ὑδάτων
429 2083 594 2118 καταγωγὴν
621 2082 791 2117 ἐδαπάνησε·
809 2082 856 2109 καὶ

61 2127 140 2161 αὖθις
157 2129 313 2162 στασιάζειν
329 2129 493 2164 ἠνάγκασεν.
511 2128 624 2162 Ibidem,
643 2128 714 2155 B-D.

98 2176 113 2202 b
130 2175 247 2211 Σηῖανὺς
266 2175 383 2211 ἔπαρχος
404 2176 530 2211 Τιϐερίου
554 2175 692 2210 Καίσαρος
719 2175 782 2210 περὶ
809 2183 855 2203 τε-

61 2221 137 2253 λείας
165 2221 302 2254 ἀπωλείας
329 2221 376 2248 τοῦ
405 2221 498 2253 ἔθνους
530 2221 583 2248 τῶν
609 2220 743 2247 Ἰουδαίων
770 2220 856 2247 πολλὰ

63 2266 259 2294 συνεϐούλευσε
287 2266 327 2302 τῷ
356 2267 496 2302 Καίσαρι,
523 2267 560 2298 ὡς
586 2266 672 2293 Φίλων
699 2267 801 2301 ἱστορεῖ
827 2267 856 2294 ὲν

61 2311 100 2347 τῷ
117 2311 151 2347 β’.
168 2311 244 2338 Idem
258 2319 284 2346 ρ.
296 2311 424 2339 528-559.

97 2367 110 2385 ο
133 2359 290 2394 Ἀγρίππας
303 2359 360 2390 υἱὸς
377 2357 497 2394 Ἡρώδου
512 2358 558 2386 τοῦ
576 2358 717 2394 βασιλέως,
737 2359 856 2394 κατήγο-

64 2413 111 2440 ρος
131 2403 254 2439 Ἡρώδου
279 2405 325 2431 τοῦ
349 2404 499 2440 τετράρχου
521 2405 686 2440 ἀφικόμενος
702 2405 731 2432 ὲν
751 2403 854 2441 Ῥώμῃ,

62 2450 205 2486 δεσμεῖται
219 2451 272 2477 ὑπὸ
285 2451 420 2486 Τιϐερίου.
442 2451 555 2483 Ibidem,
577 2451 608 2478 ϐ.

97 2497 115 2524 εί
133 2496 246 2529 Πόντιος
262 2497 378 2529 Πιλᾶτος
394 2498 458 2534 περὶ
470 2497 517 2524 τοῦ
535 2497 705 2534 Χριστιανῶν
724 2497 857 2533 δόγματος

63 2542 229 2569 ἐκοινώσατο
244 2542 283 2578 τῷ
303 2543 422 2580 Τιϐερίῳ
443 2543 573 2579 Καίσαρι,
603 2544 728 2576 κάκεῖνος
743 2545 777 2578 τῇ
792 2551 857 2577 συγ-

64 2589 158 2625 κλήτῳ
181 2589 308 2625 Ῥώμης·
329 2589 380 2624 τῆς
397 2589 425 2616 δὲ
448 2590 485 2626 μὴ
511 2590 704 2626 προσιεμένης,
732 2590 857 2626 Τιϐέριος

65 2636 180 2663 θάνατον
211 2635 345 2671 ἠπείλησε
371 2637 426 2668 τοῖς
456 2636 787 2672 Χριστιανοκατηγόροις,
817 2636 855 2668 ὡς

65 2684 167 2718 ἱστορεῖ
194 2682 389 2719 Τερτυλλιανὺς
420 2684 434 2710 ὁ
453 2683 598 2718 Ῥωμαῖος.
635 2683 733 2711 Chron.
763 2682 853 2717 pascit.

64 2736 89 2763 ρ.
104 2729 167 2761 229,
187 2729 219 2756 D.

99 2785 112 2803 ε
136 2775 286 2812 Ῥωμαίων
315 2775 443 2811 βασιλεὺς
472 2775 492 2802 δ’
522 2775 602 2808 Γάϊος
631 2774 678 2811 ἔτη
706 2775 741 2809 γ’.
773 2774 853 2810 Sync.

64 2829 89 2857 ρ.
104 2822 165 2855 530,
184 2822 217 2849 Β.

97 2869 111 2903 ί
125 2869 206 2901 Γάϊος
220 2867 322 2895 ἑαυτὸν
342 2867 462 2895 ἀποθεοῖ.
482 2867 557 2895 Idem
575 2875 601 2902 ρ.
618 2867 679 2899 529,
696 2864 728 2894 Α.

96 2923 111 2952 9
135 2916 165 2943 '0
174 2915 270 2948 αὐτὸς,
282 2914 333 2950 τὴν
344 2915 459 2950 γυναῖκα
473 2914 617 2950 Ῥηγούλου
633 2913 731 2947 λαϐὼν,
750 2921 856 2948 πατερα

905 1989 1007 2025 ταύτης
1022 1989 1067 2016 τὸν
1082 1988 1148 2017 ἴδιον
1162 1988 1246 2024 ἄνδρα
1263 1988 1391 2024 Μέμμιον
1407 1987 1498 2022 λέγειν
1516 1985 1589 2014 εἴναι
1609 1986 1694 2028 ἠνάγ-

905 2044 1000 2063 κασεν.
1016 2035 1136 2062 Ibidem.-

940 2082 957 2108 h
972 2082 1084 2114 Πόντιος
1100 2081 1216 2113 Πιλᾶτος
1230 2079 1279 2108 ἐπὶ
1293 2081 1374 2107 Γαΐου
1399 2079 1539 2115 Καίσαρος
1558 2079 1694 2111 ποικίλαις

905 2127 1062 2164 περιπεσὼν
1081 2128 1250 2163 συμφοραῖς,
1285 2127 1323 2158 ὥς
1346 2135 1426 2161 φασιν
1452 2126 1476 2152 οί
1503 2125 1538 2152 τὰ
1553 2125 1695 2161 Ῥωμαίων

907 2173 1139 2209 συγγραψάμενοι,
1157 2172 1354 2208 αὑτοφονευτὴς
1370 2171 1467 2198 ἑαυτοῦ
1484 2171 1601 2206 ἐγένετο.
1620 2170 1694 2199 Idem

906 2228 932 2254 ρ.
949 2218 1012 2251 550,
1029 2218 1061 2246 C.

941 2266 951 2292 ί
969 2265 1063 2298 Γάϊος,
1079 2265 1234 2301 Ἀγρίππαν
1256 2263 1341 2297 λύσας
1361 2263 1414 2290 τῶν
1439 2262 1557 2298 δεσμῶν,
1584 2262 1696 2298 βασιλέα

905 2312 960 2340 τῶν
977 2312 1112 2339 Ἰουδαίων
1128 2311 1305 2346 κατέστησεν.
1325 2310 1424 2337 Chron.
1442 2309 1567 2344 pasch.p.
1580 2309 1643 2341 250,
1661 2309 1694 2336 Β.

941 2358 957 2384 k
977 2358 1110 2384 Ἰουδαίων
1130 2357 1285 2394 Ἀγρίππας
1301 2356 1348 2392 ἔτη
1365 2355 1397 2388 ζ’,
1423 2355 1504 2391 Sync.
1531 2364 1557 2390 ρ.
1578 2355 1640 2386 550,
1658 2355 1695 2382 D.

943 2404 951 2431 ί
969 2404 1048 2435 Γάϊος
1066 2403 1180 2435 πολλοὺς
1197 2403 1336 2434 ἀναιτίους
1347 2401 1397 2437 τῆς
1416 2401 1561 2437 γερουσίας
1582 2400 1694 2428 ἀνελών.

912 2450 942 2477 '0
968 2449 1049 2481 αὐτὸς
1071 2449 1120 2481 τὰς
1151 2449 1218 2481 ἰδίας
1243 2447 1361 2483 ἀδελφὰς
1391 2448 1461 2475 κατὰ
1488 2448 1587 2483 νήσους
1611 2455 1697 2482 φυγα-

906 2495 1013 2527 δεύσας.
1028 2494 1104 2522 Idem
1118 2502 1144 2529 p.
1159 2494 1222 2528 530,
1234 2494 1266 2521 C.

942 2549 968 2567 m
979 2541 1102 2573 Φλάκκος
1114 2540 1255 2572 Ἀσύλαιος
1271 2540 1409 2575 Αἰγύπτου
1425 2539 1545 2575 ἔπαρχος
1557 2537 1696 2569 παντοίαις

909 2589 1061 2624 συμφοραῖς
1085 2587 1115 2614 τὸ
1137 2587 1272 2614 Ἰουδαίων
1297 2586 1384 2619 ἔθνοςο
1400 2585 1597 2624 καθυπέϐαλεν.
1620 2583 1695 2611 Idem

906 2643 933 2669 ρ.
946 2622 1012 2666 755i,
1027 2634 1060 2661 B.
1076 2633 1164 2660 Φίλων
1184 2634 1286 2669 ἱστορεῖ
1298 2633 1327 2660 ὲν
1341 2632 1379 2668 τῷ
1386 2622 1616 2667 ἐπιγεγραμμένῳ
1624 2629 1695 2665 λόγῳ

908 2679 1044 2712 Φλάκκῳ,
1054 2680 1095 2706 ὅτι
1107 2679 1255 2715 πρεσϐείαν
1264 2678 1302 2711 ὡς
1314 2678 1379 2714 περὶ
1393 2676 1525 2705 Ἰουδαίων
1536 2675 1604 2711 πρὸς
1614 2675 1693 2702 Γάϊον

908 2727 1070 2762 ἐποιήσατο·
1100 2726 1171 2762 ὑπὲρ
1202 2722 1239 2753 ὧν
1265 2725 1388 2756 Φλάκκος
1419 2722 1554 2754 Ἰουδαίοις
1585 2721 1694 2748 επιϐου-

907 2772 1004 2805 λεύων,
1017 2771 1128 2799 εἰκόνων
1142 2772 1190 2799 καὶ
1201 2771 1365 2807 ἀνδριάντων
1378 2769 1425 2796 καὶ
1439 2767 1538 2803 βωμῶν
1551 2767 1693 2795 ἁναθέσεσι

911 2820 960 2850 τὰς
981 2818 1141 2853 συναγωγὰς
1165 2817 1277 2853 ἐμίανε·
1300 2816 1362 2844 τότε
1389 2816 1403 2842 ὁ
1428 2814 1482 2841 τῶν
1500 2813 1694 2850 Ἀλεξανδρέων

910 2865 994 2901 δῆμος
1007 2865 1213 2900 συνεπιθέμενος
1236 2864 1374 2895 ποικίλους
1396 2861 1537 2894 Ἰουδαίους
1555 2861 1692 2890 ἐκόλασεν.

910 2913 989 2949 Sync.
1004 2921 1030 2948 ρ.
1048 2912 1110 2947 525,
1120 2911 1153 2944 Β.
