1913 3137
96 164 152 192 545

719 166 967 197 CHRONICORUM
987 167 1050 196 LIB.
1070 169 1104 197 ll.
1668 174 1719 202 διε

99 245 1719 263 -ῂ-Ὴ-

656 296 752 316 οιῐιρ.
780 297 909 319 CHRISTUS
951 298 1008 319 που.

97 462 139 497 Β.
176 462 362 499 DCCCXX.
508 492 511 495 .
662 467 734 501 212
822 466 856 494 69

1087 299 1141 319 ιιοιι

930 363 1025 398 Agrip-
1078 362 1150 390 Nero

958 406 991 433 p8

961 468 996 495 ΩΑ
1102 468 1137 495 14

130 561 164 590 L.
180 563 301 592 Annaeus
318 563 413 597 Melas,
431 562 541 592 Senecae
557 564 642 593 frater
654 569 681 593 et
693 565 839 597 Gallionis,
855 566 926 594 bona
940 566 1043 595 Lucani
1060 572 1157 604 poetae.
1170 569 1218 597 ﬁlii
1233 571 1288 604 sui,
1304 570 1435 599 aNerone
1445 577 1627 607 promeretur.

131 620 149 638 ιι
166 611 269 638 Contra
286 610 407 644 Iudaeos,
424 612 471 647 qui
485 612 570 639 Cestii
586 611 659 639 Flori
674 612 818 639 avaritiam
834 620 890 641 non
912 613 1031 642 ferentes
1046 615 1225 650 rebellabant,
1239 616 1424 653 Vespasianus
1438 614 1568 655 magister
1585 620 1688 648 militia:
1701 628 1717 649 a

91 656 204 685 Nerone
217 659 422 693 transmittitur,
439 661 490 696 qui
501 661 631 696 plurimas
646 661 745 690 Judaeae
759 663 840 690 urbes
857 662 940 697 capit.

128 704 143 730 ὸ
158 703 270 733 Flavius
278 705 413 741 Iosephus
426 707 544 741 scriptor
558 707 717 740 historicus,
731 708 784 736 dux
801 708 864 736 belli
875 707 1041 743 Iudaeorum,
1055 717 1117 738 cum
1134 718 1149 738 a
1159 710 1290 740 Romanis
1303 712 1508 741 interﬁciendus
1519 717 1603 747 esset,
1615 713 1718 751 Vespa-

91 750 173 778 siano
188 752 354 785 praenuntiat
368 750 401 780 de
419 757 506 780 morte
518 752 644 787 Neronis,
662 757 690 781 et
703 754 762 787 erS
774 754 900 788 imperio.

127 806 144 825 ο
159 798 241 832 Nero,
256 806 317 826 cum
334 807 349 827 a
370 805 465 828 senatu
476 804 644 836 quaereretur
658 800 692 828 ad
707 808 826 836 patriam,
839 808 855 828 e
887 800 988 836 palatio
1002 800 1119 837 fugiens,
1136 803 1171 830 ad
1188 808 1316 838 quartum
1332 804 1413 832 Urbis
1436 804 1593 833 milliarium
1609 806 1637 834 in
1652 808 1718 835 sub-

91 845 202 872 urbano
226 845 315 872 liberti
330 846 458 874 sui-inter
476 848 610 874 Salariam
632 851 659 874 et
675 846 870 874 Nomentanam
900 847 971 874 viam
989 848 1166 884 semetipsum
1181 849 1328 883 interﬁcit,
1347 858 1419 877 anno
1436 852 1525 879 aetatis
1547 860 1604 880 sum
1626 861 1715 888 uxr,

90 894 176 925 atque
190 891 220 918 in
237 898 270 918 eo
283 891 374 920 omnis
390 891 505 927 Augusti
520 891 624 919 familia
635 895 827 919 consummata
841 894 894 918 est.

126 937 145 963 ὀ
163 937 230 966 Post
245 936 380 965 Neronem
396 937 480 965 Galba
497 939 525 965 in
541 937 661 970 Hiberia,
675 937 802 965 Vitellius
815 937 842 964 in
862 935 1018 970 Germania,
1035 937 1105 966 Otho
1120 938 1223 973 Roma,
1241 940 1384 976 imperium
1396 942 1579 978 arripuerunt.

127 983 241 1012 Marcus
256 984 356 1012 Fabius
372 984 558 1017 Quintilianus
570 984 686 1011 Romam
702 991 718 1011 a
733 983 816 1011 Galba
832 982 1001 1018 perducitur.

128 1038 144 1056 e
156 1029 345 1065 Vespasianus
359 1030 466 1058 duobus
482 1030 583 1065 praeliis
596 1034 740 1066 superatos
750 1029 858 1057 Iudaeos
873 1029 907 1057 ad
919 1037 1013 1058 muros
1026 1031 1167 1067 compulit.

127 1075 215 1104 Galba
236 1076 353 1111 septimo
367 1083 460 1104 mense
476 1076 582 1112 imperii
602 1076 644 1104 sui
659 1076 685 1102 in
699 1075 789 1103 medio
802 1075 932 1102 Romanae
947 1076 1022 1103 urbis
1039 1076 1097 1104 foro
1115 1077 1205 1113 capite
1220 1081 1374 1107 truncatur.

127 1121 202 1149 Otho
217 1123 299 1150 tertio
316 1123 392 1157 regni
407 1123 448 1149 sui
465 1130 558 1150 mense
567 1122 638 1157 apud
654 1121 810 1149 Vetriacum
826 1120 879 1157 [αι.
891 1120 1066 1158 Bebriacum]
1082 1123 1192 1158 propria
1208 1131 1290 1152 manu
1306 1126 1446 1155 occubuit.

124 1167 263 1201 Vitellius,
279 1176 294 1195 a
313 1165 473 1204 Vespasiani
498 1168 614 1197 ducibus
639 1168 759 1201 occisus,
777 1167 805 1194 in
822 1167 941 1195 Tiberim
958 1168 1110 1203 projicitur,
1130 1174 1226 1198 octavo
1244 1179 1339 1201 mense
1365 1173 1470 1209 imperii
1481 1175 1536 1210 sui,
1547 1178 1574 1204 et
1585 1174 1630 1205 die
1646 1185 1713 1207 uno.

125 1215 224 1248 Galba,
238 1215 320 1250 Otho,
336 1215 471 1249 Vitellius,
489 1219 671 1252 regnaverunt
682 1222 755 1243 anno
769 1222 834 1247 uno,
846 1215 987 1244 mensibus
1002 1223 1058 1244 sex.

122 1262 139 1296 f
154 1261 310 1290 Antiochiae
327 1262 466 1291 secundus
480 1262 626 1299 episcopus
637 1262 781 1291 ordinatur
793 1262 924 1299 lgnatius.

812 1479 845 1506 70

987 1362 1003 1388 g
1017 1352 1074 1380 νη.
1110 1352 1347 1384 VESPASIANUS
1364 1357 1443 1385 annis
1457 1365 1496 1391 rx,
1513 1359 1655 1388 mensibus
1670 1367 1710 1392 XI.

1038 1399 1135 1427 diebus
1146 1408 1215 1428 nu.

953 1479 988 1507 25
1113 1481 1125 1508 Ι

122 1557 139 1583 h
153 1555 342 1591 Vespasianus
360 1556 430 1592 apud
443 1555 564 1584 Judazam
583 1556 731 1591 imperator
745 1557 779 1585 ab
791 1557 916 1585 exercitu
932 1558 1095 1594 appellatus,
1108 1562 1135 1587 et
1158 1559 1257 1588 bellum
1279 1559 1341 1588 Tito
1357 1559 1412 1588 ﬁlio
1428 1561 1636 1596 commendans,
1651 1562 1710 1591 Bo-

90 1613 160 1633 nam
176 1613 226 1641 per
239 1604 433 1633 Alexandriam
449 1604 644 1641 proﬁciscitur.

121 1685 290 1722 Capitolium
303 1685 396 1714 Romae
411 1686 562 1715 incensum.
811 1687 841 1715 7t

949 1687 983 1715 26
1106 1689 1124 1715 2

123 1782 239 1820 iTitus,
256 1783 350 1814 Iudaea
371 1789 449 1821 capta
471 1790 498 1814 et
518 1785 713 1822 Hierosolymis
729 1785 884 1820 subversis,
900 1793 934 1814 nc
951 1787 1035 1815 millia
1058 1787 1180 1815 virorum
1205 1785 1342 1815 interﬁcit.
1365 1785 1500 1822 Iosephus
1524 1794 1590 1816 vero
1615 1787 1712 1819 scribit.

87 1833 218 1861 undecies
234 1837 350 1860 centena
365 1832 449 1859 millia
465 1833 535 1860 fame
551 1836 578 1859 et
598 1832 688 1867 gladio
704 1832 830 1867 periisse,
846 1835 873 1860 et
888 1833 941 1860 alia
956 1838 1064 1861 centum
1079 1833 1163 1860 millia
1178 1834 1348 1869 captivorum
1365 1833 1474 1868 publice
1490 1833 1656 1861 venundata.
1675 1833 1711 1861 Ut

86 1883 177 1906 autem
195 1883 272 1906 tanta
285 1878 432 1905 multitudo
447 1877 644 1914 Hierosolymis
660 1878 837 1912 reperiretur,
852 1886 965 1907 causam
979 1887 1136 1914 azymorum
1151 1878 1237 1906 fuisse
1248 1879 1332 1906 refert
1345 1889 1351 1906 :
1367 1879 1402 1907 ob
1416 1886 1477 1914 quac
1491 1886 1522 1906 ex
1539 1879 1613 1906 omni
1631 1882 1711 1914 gente

86 1923 171 1952 Judaei
184 1924 218 1951 ad
234 1923 364 1959 templum
376 1922 554 1957 conﬂuentes,
572 1923 637 1950 urbe
653 1924 731 1958 quasi
747 1931 859 1952 carcere
887 1929 952 1952 sunt
973 1925 1082 1952 reclusi.
1102 1923 1228 1960 Oportuit
1243 1925 1316 1952 enim
1330 1925 1358 1952 in
1373 1924 1416 1953 his
1430 1925 1525 1953 diebus
1541 1924 1652 1953 Pascha;
1662 1933 1710 1953 eos

87 1973 216 2006 interﬁci,
227 1972 255 2000 in
268 1972 369 2008 quibus
386 1970 556 1999 Salvatorem
569 1971 773 1999 cruciﬁxerant.

120 2082 137 2100 α
156 2072 276 2099 Ἰουδαῖοι
292 2070 434 2105 Ῥωμαίων
449 2069 605 2105 ἀπέστησαν
615 2070 661 2097 ἐπὶ
675 2070 785 2097 Γεστίου
798 2070 870 2097 Φλώ-

86 2127 133 2156 ρου
150 2118 194 2145 διὰ
210 2115 365 2148 πλεονεξίαν
387 2114 468 2142 αὑτοῦ
485 2115 618 2151 ἄμετροψ
635 2117 676 2151 ἐφ’
693 2116 738 2149 οὒς
751 2118 765 2144 ὁ
776 2117 870 2153 Νέρων

85 2163 290 2192 οὺεσπασιανὸν
323 2161 560 2198 στρατοπεδάρχην
594 2162 756 2199 ἐξέπεμψεν.
795 2162 870 2190 Idem

85 2219 110 2246 p.
124 2210 187 2242 556,
203 2209 236 2236 D.

120 2257 134 2283 b
153 2255 269 2287 Φλάϐιος
294 2255 447 2290 Ἰώσηππος
472 2255 662 2291 συγγραφεὺς,
682 2254 871 2290 στρατηγήσας

85 2302 156 2338 ὑπὲρ
173 2299 330 2332 Ἰουδαίων,
355 2301 402 2327 καὶ
421 2300 524 2336 μέλλων
538 2301 578 2332 εἰς
594 2300 638 2326 τὸν
656 2299 771 2335 πόλεμον
794 2300 871 2326 ἀναι-

89 2346 213 2382 ρεῖσθαι,
237 2345 359 2378 θεσπίζει
381 2345 575 2381 Οὐεσπασιανῷ
596 2345 659 2381 περὶ
679 2347 728 2381 τῆς
746 2345 871 2381 Νέρωνος

85 2394 232 2429 τελευτῆς,
248 2392 296 2419 καὶ
316 2392 366 2427 τῆς
387 2392 467 2419 αὑτοῦ
492 2390 696 2418 Οὐεσπασιανοῦ
723 2390 868 2426 βασιλείας.

86 2439 182 2467 Chron.
197 2439 287 2473 pasch.
299 2447 326 2473 p.
339 2438 401 2470 250,
414 2437 448 2464 D.

119 2494 133 2513 ε
148 2485 244 2520 Νέρων
257 2483 351 2511 ἑαυτὸν
367 2483 482 2510 ἀνεῖλεν.
497 2482 630 2511 Cedrenus
644 2490 672 2517 p.
687 2482 750 2515 215,
766 2482 798 2510 1).

119 2531 136 2557 d
152 2530 232 2558 Μετὰ
246 2530 372 2566 Νέρωνος
393 2529 498 2560 Γάλϐας
520 2528 694 2556 ἐϐασίλευσεν
710 2529 739 2554 ἐν
756 2527 869 2564 Ἰϐηρίᾳ,

86 2575 237 2607 οὑιτέλλιος
249 2575 278 2601 ἐν
291 2574 442 2609 Γερμανίᾳ·
458 2574 545 2601 Ὄθων
561 2574 606 2600 ἐπὶ
620 2573 727 2609 Ῥώμης
736 2581 743 2589 ·
757 2573 870 2604 ἕκαστος

86 2622 172 2649 αὐτῶν
190 2622 244 2657 ἰδίᾳ
265 2620 352 2655 ἐπέϐη
371 2621 404 2655 τῇ
424 2620 505 2655 ἀρχῇ.
530 2619 628 2647 Chron.
651 2619 740 2654 pascit.
761 2627 788 2654 p.
805 2619 867 2654 245,

85 2669 142 2696 Ἃθ.

115 2724 128 2742 e
144 2712 352 2744 υὺεσπασιανὺς
368 2712 427 2739 δυσὶ
449 2712 576 2748 πολέμοις
600 2713 742 2745 Ἰουδαίους
770 2713 870 2749 τρεψά-

87 2770 159 2796 μενος
177 2760 354 2788 ἀπέκλεισεν.
374 2757 453 2794 Sync.
469 2766 494 2792 p.
513 2757 580 2790 540,
601 2758 634 2786 Β.
649 2758 756 2790 Γάλϐας
777 2758 869 2785 ἐϐασί-

85 2807 156 2834 λευσε
183 2807 276 2843 μῆνας
301 2805 334 2837 ζ’,
358 2805 404 2831 καὶ
427 2805 455 2830 ὲν
477 2804 546 2840 μέσῃ
562 2805 593 2839 τῇ
618 2804 761 2839 Ῥωμαίων
783 2805 871 2840 ἀγορᾷ

83 2855 127 2891 τὴν
138 2852 265 2888 κεφαλὴν
280 2849 437 2885 ἀπετμήθη.
454 2848 542 2876 Ὄθων
556 2849 715 2884 βασιλεύσας
730 2850 816 2885 μῆνας
834 2854 868 2884 γ’,

82 2900 262 2937 διεχειρίσατο
279 2897 385 2923 ἑαυτόν.
404 2895 490 2923 Chron
516 2895 602 2931 pasch.
620 2905 636 2931 p
660 2896 722 2929 245,
736 2896 798 2929 2&6,
812 2896 844 2923 Α.

959 2070 972 2103 f
982 2070 1145 2105 Ἀντιοχείας
1157 2069 1304 2101 ἐπίσκοπος
1318 2069 1456 2103 Ἰγνάτιος.
1469 2069 1549 2105 Sync.
1561 2077 1588 2103 p.
1602 2070 1664 2103 542,
1674 2070 1708 2097 Β.

958 2143 973 2170 g
995 2133 1135 2170 Ῥωμαίων
1154 2132 1176 2164 ζ’
1201 2132 1374 2159 ἐϐασίλευσεν
1390 2131 1592 2164 Οὐεσπασιανὸς
1613 2132 1660 2168 ἔτη
1675 2132 1708 2160 θ’.

925 2180 1022 2208 Chron.
1038 2178 1127 2214 pascit.
1144 2187 1170 2213 p.
1184 2177 1248 2210 246,
1261 2177 1295 2204 Α.

960 2240 976 2266 Ιι
990 2240 1192 2271 Οὐεσπασιανὸς
1205 2239 1392 2275 αὐτοκράτωρ,
1406 2239 1552 2274 στέψαντος
1564 2239 1646 2266 αὐτὸν
1660 2239 1710 2266 τοῦ

925 2285 1051 2323 στρατοῦ,
1066 2285 1110 2311 τὸν
1122 2284 1194 2311 κατὰ
1214 2284 1346 2310 Ἰουδαίων
1361 2284 1517 2320 ἐγχειρίσας
1530 2284 1646 2319 πόλεμον
1663 2284 1711 2310 Τί-

924 2341 972 2366 τῳ,
982 2331 1062 2362 αὐτὸς
1073 2330 1106 2356 δι’
1120 2328 1321 2365 ’Λλεξανδρείας
1330 2330 1369 2361 εἰς
1378 2330 1426 2365 τὴν
1441 2329 1583 2365 Ῥωμαίων
1596 2330 1710 2364 ἀφίκετο

924 2378 1011 2404 πόλιν.
1028 2377 1103 2404 Idem
1117 2385 1143 2411 ρ.
1155 2376 1217 2408 246,
1233 2375 1302 2403 Α-ϐ.

959 2436 968 2462 ἱ
979 2435 1066 2466 Τῖτος,
1083 2433 1224 2465 Ἰουδαίους
1235 2432 1482 2468 πολιορκήσας,καὶ
1492 2433 1525 2459 τὸ.
1537 2433 1667 2468 Ἱεροσόλυ
1672 2442 1710 2468 μα

924 2480 1168 2515 κατασκάψας,καὶ
1181 2480 1313 2515 μυριάδας
1329 2479 1433 2515 ἀνδρῶν
1447 2479 1586 2513 ἐφόνευσε.
1598 2479 1666 2514 Φησὶ
1681 2478 1710 2504 δὲ

923 2528 970 2555 καὶ
986 2526 1137 2562 Ἱώσηππος
1154 2526 1225 2561 λιμῷ
1242 2526 1288 2552 καὶ
1307 2526 1428 2561 μαχαίρᾳ
1446 2526 1576 2561 μυριάδας
1596 2527 1630 2560 ρι’
1643 2525 1711 2551 ἀπθ-

923 2572 1034 2605 λέσθαι,
1064 2573 1110 2599 καὶ
1133 2571 1216 2603 ἄλλας
1243 2573 1318 2608 τρεῖς
1348 2571 1479 2607 μυριάδας
1509 2570 1710 2604 διαπεπράσθαι

923 2618 1116 2655 αἰχμαλώτων·
1138 2618 1222 2645 αἴτιον
1238 2617 1266 2644 δὲ
1280 2617 1309 2644 τὸ
1323 2618 1433 2644 τοσοῦτο
1451 2616 1552 2652 πλῆθος
1572 2615 1642 2642 κατὰ
1660 2615 1710 2652 τὴν

923 2666 1000 2693 πόλιν
1026 2665 1156 2702 εὑρῆσθαί
1178 2674 1244 2701 φησι
1261 2665 1310 2700 τὴν
1326 2664 1372 2692 τοῦ
1393 2665 1488 2699 Πάσχα
1508 2663 1620 2698 ἑορτὴν,
1644 2663 1672 2690 ὲν

924 2712 1024 2744 πάντες
1036 2713 1060 2739 οί
1082 2712 1128 2738 τοῦ
1151 2711 1245 2742 ἔθνους
1259 2710 1482 2746 ωνεληλυθόντες
1501 2709 1538 2740 ὡς
1560 2709 1589 2734 ὲν
1612 2709 1708 2745 εἱρκτῇ

924 2758 1150 2793 συνεκλείσθησαν
1160 2765 1167 2772 ·
1185 2757 1239 2784 ἔδει
1253 2757 1305 2792 γὰρ
1318 2757 1381 2788 τοὺς
1397 2757 1425 2782 ὲν
1439 2755 1531 2791 ἡμέρᾳ
1552 2754 1599 2781 τοῦ
1613 2754 1709 2790 Πάσχα

923 2804 962 2839 τῷ
985 2805 1089 2840 Σωτῆρι
1103 2803 1330 2834 ἐπιϐουλευκύτας
1350 2801 1387 2837 μὴ
1404 2801 1498 2828 ἄλλοτε
1512 2801 1547 2827 τὰ
1571 2800 1706 2836 ἐπίχειρα,

924 2846 960 2876 ὧν
975 2850 1137 2885 ἐτόλμησαν,
1158 2849 1263 2876 παθεῖν.
1280 2848 1408 2875 Eusebius
1428 2847 1496 2881 apud
1513 2847 1591 2883 Sync.
1604 2855 1631 2882 ρ.
1644 2847 1707 2880 542,

925 2897 957 2930 Α,
972 2901 996 2923 et
1011 2897 1080 2931 apud
1098 2895 1195 2924 Chron.
1209 2895 1299 2930 pasch.
1310 2903 1336 2929 p.
1351 2895 1413 2929 2&7,
1431 2894 1498 2922 A—B.
