1913 3137
77 160 127 191 557

676 167 927 197 CHRONICORUM
946 169 1009 196 LIB.
1027 169 1059 197 ll.

1642 171 1696 200 558

74 231 1693 251 -————__—_________________

625 281 720 309 οιιιι).
742 283 872 304 CBRlS'I'OS
926 284 983 304 Πω-

762 428 868 435 —_—_

1063 285 1128 308 non.

898 343 1021 374 Herodes
1060 345 1142 374 Tibe-

1067 381 1126 409 rius

1044 428 1151 438 .____..

107 465 124 483 α
140 455 247 484 Pilatus
263 461 326 492 post
351 457 536 493 supradictam
560 459 734 492 seditionem,
762 467 824 495 quae
840 460 877 488 ob
898 460 1015 490 Caesaris
1030 462 1163 497 imagines
1184 461 1273 489 fuerat
1290 463 1434 497 concitata,
1454 473 1565 494 sacrum
1582 467 1696 497 thesau-

68 510 141 535 rum,
157 510 239 537 quem
264 503 413 531 corbonam
431 503 516 532 Judaei
531 508 645 539 vocant,
667 505 696 533 in
713 508 903 541 aquaeductum
937 508 1189 544 Hierosolymorum
1208 510 1373 544 expcndens,
1396 512 1524 540 secundae
1547 513 1689 544 seditionis

68 548 185 584 pmbuit
214 550 329 577 semina.

101 628 218 666 Persius
227 629 354 662 Flaccus,
363 630 498 666 satyricus
505 635 594 666 poeta,
793 631 828 660 55

67 663 221 693 Volaterris
239 667 373 694 nascitur.

934 632 966 668 2f
1076 635 1108 662 21
1201 635 1280 664 Philo
1295 636 1496 666 Alexandrinus
1515 640 1556 667 vir
1567 640 1695 670 doctissi-

1165 679 1229 700 mus
1244 673 1468 708 cognoscebatur.

101 757 117 784 ὁ
139 756 270 792 Sejanus,
286 757 431 792 praefectus
445 757 559 789 Tiberii,
576 759 621 793 qui
646 758 717 798 apud
737 767 800 787 eum
816 758 965 795 plurimum
990 762 1108 793 poterat,
1137 758 1335 790 instantissime
1355 762 1525 797 cohortatur,
1545 768 1573 791 ut
1587 767 1695 801 gentem

67 804 226 832 Iudaeorum
242 804 340 832 deleat.
365 804 444 832 Philo
463 806 586 834 meminit
597 805 625 833 in
644 806 766 835 secundo
779 806 851 834 libro
869 804 1034 841 Legationis.

101 903 116 921 c
135 894 268 931 Agrippa,
284 893 399 923 Herodis
425 895 497 931 regis
513 894 596 931 illius,
792 895 828 924 56

68 929 230 957 accusatur’
244 929 360 958 Herodis
384 929 528 958 tetrarchae
547 930 602 958 Ριο-

67 973 141 993 mam
157 964 312 1000 profectus,
341 973 357 993 a
372 965 482 994 Tiberio
497 966 527 993 in
543 966 603 993 vin-

66 1001 130 1027 cula
140 1001 302 1036 conjicitur.

933 896 970 924 22
1075 896 1111 925 22
1171 936 1174 937 ν
1200 897 1277 937 Multi
1293 904 1450 928 senatorum
1465 905 1493 929 et
1508 901 1631 937 equitum
1650 902 1692 930 in-

1166 934 1283 962 terfecti.

99 1088 119 1115 d
137 1087 228 1118 Pilato
250 1089 284 1118 de
308 1090 529 1119 Christianorum
543 1091 670 1127 dogmate
683 1091 717 1119 ad
734 1090 875 1119 Tiberium
891 1092 1038 1126 referente,
1056 1092 1184 1123 Tiberius
1207 1095 1300 1124 retulit
1315 1095 1350 1123 ad
1365 1101 1501 1131 senatum,
1513 1101 1544 1125 ut
1554 1098 1626 1126 inter
1640 1106 1695 1127 cae-

65 1139 123 1162 tera
140 1143 222 1167 sacra
238 1137 417 1171 reciperetur.
429 1135 531 1164 Verum
546 1144 610 1164 cum
623 1144 658 1164 ex
668 1136 795 1165 consulto
819 1140 928 1172 patrum
949 1137 1121 1166 Christianos
1141 1139 1279 1168 eliminari
1295 1139 1368 1168 Urbe
1389 1141 1547 1176 placuisset,
1566 1142 1695 1172 Tiberius

65 1191 113 1219 per
124 1183 247 1211 edictum
259 1183 469 1211 accusatoribus
482 1182 702 1212 Christianorum
721 1183 904 1212 comminatus
918 1187 961 1212 est
975 1187 1101 1212 mortem.
1121 1185 1223 1213 Scribit
1234 1185 1421 1215 Tertullianus
1435 1187 1463 1215 in
1478 1188 1656 1224 Apologetico.

85 1261 231 1302 'Tiberius
256 1261 406 1297 imperator
430 1261 460 1289 in
482 1261 595 1297 Campa-
634 1263 706 1298 204Ι
792 1261 826 1290 57

64 1304 111 1325 ma
127 1301 259 1324 moritur.

932 1261 968 1295 25
1074 1262 1110 1295 25

1196 1299 1314 1337 g_Caius
1329 1299 1447 1337 Memmii
1466 1300 1561 1337 Reguli
1580 1310 1692 1330 uxorem

804 1341 818 1360 ε
832 1331 877 1359 lV.
895 1332 999 1370 CAIU§
1011 1333 1091 1361 annis
1106 1341 1136 1361 lll
1161 1331 1249 1368 du'xit,
1262 1335 1405 1370 impellens
1416 1343 1478 1363 eum
1491 1331 1521 1364 υἷ
1531 1337 1624 1365 uxoris
1637 1345 1693 1366 sua

62 1402 76 1431 Γ
98 1367 112 1401 Ῑ
131 1366 217 1395 Caius
232 1366 410 1403 semetipsum
429 1367 458 1395 in
471 1367 537 1396 deos
553 1375 596 1395 re-

73 1408 125 1430 ert.
147 1426 151 1431 .

73 1408 125 1430 Erl.
147 1426 151 1431 .

98 1439 115 1465 Ιι
134 1437 251 1466 Pontius
267 1436 372 1465 Pilatus
388 1437 417 1464 in
437 1437 537 1466 multas
549 1438 592 1465 in-
788 1437 823 1465 58

63 1474 160 1501 cidens
175 1473 356 1504 calamitates.
368 1473 477 1507 propria
493 1481 522 1500 se
537 1481 596 1501 ma-

63 1517 100 1536 nu
112 1508 263 1536 interemit.
273 1508 403 1537 Scribunt
414 1508 597 1536 Romanorum

63 1545 196 1572 historiae.

98 1579 251 1607 Passienus
272 1579 346 1607 ﬁlius
370 1579 466 1607 fraude
480 1578 597 1607 baeredis

63 1623 120 1643 sua
136 1618 264 1644 necatur.
324 1634 366 1668 Β,
395 1634 547 1669 DCCXC.
791 1650 828 1683 59

748 1575 766 1607 Ιί
781 1576 827 1607 ιν.
846 1579 999 1608 AGRIPPA
1012 1588 1057 1609 an.
1073 1589 1123 1610 vu.

896 1368 1093 1404 mensibusque
1107 1377 1133 1396 ι.
1162 1373 1272 1407 patrem
1287 1368 1349 1407 esse
1365 1378 1394 1398 se
1410 1371 1551 1400 scriberet.

1197 1406 1207 1432 ἱ
1220 1405 1309 1442 rCaius
1322 1405 1423 1438 Cmsar,
1440 1411 1620 1442 cognomento
1640 1407 1693 1435 Ca-

928 1438 964 1466 24
1093 1440 1106 1468 1
1161 1441 1255 1476 ligula,
1267 1440 1412 1476 Agrippam
1424 1438 1538 1470 vinculis
1549 1443 1694 1471 liberatum

1164 1483 1255 1504 regem
1266 1475 1366 1504 Iudaeae
1379 1476 1451 1504 facit.

1164 1484 1195 1504 re
1214 1483 1255 1502 em
1266 1483 1366 1504 Juaaeae
1379 1483 1451 1506 lacu.

1165 1484 1212 1574 Οἳ
1228 1510 1341 1539 Plurimi
1365 1511 1496 1539 nobilium
1525 1512 1662 1543 interfecti
1678 1520 1693 1540 a

1188 1554 1242 1574 aio.

1188 1554 1242 1574 aio.

1227 1581 1310 1609 Caius
1344 1589 1454 1609 sorores
1480 1589 1562 1614 suas,
1593 1582 1694 1617 quibus

1162 1621 1288 1652 stuprum
1313 1618 1453 1649 intulerat,
1483 1618 1635 1645 insularum
1650 1625 1694 1646 ex-

952 1651 966 1678 1
1091 1651 1110 1678 2
1163 1651 1226 1680 silio
1241 1651 1444 1680 condemnavit.

98 1749 126 1768 νη
143 1739 261 1769 Flaccus
283 1741 401 1774 Avilius,
416 1740 560 1776 praefectus
572 1739 693 1776 Egypti,
712 1741 807 1769 multis
831 1740 941 1770 Iudaeos
955 1741 1158 1770 calamitatibus
1178 1742 1293 1778 premit,
1314 1743 1502 1772 consentiente
1524 1744 1695 1772 Alexandria

62 1788 177 1826 populo,
205 1792 233 1816 et
248 1788 355 1817 crebris
379 1788 511 1817 adversus
525 1796 573 1816 eos
588 1789 754 1817 clamoribus
772 1793 947 1824 personante.
970 1789 1128 1826 Synagogas
1151 1798 1262 1826 quoque
1284 1797 1380 1818 eorum
1395 1791 1571 1827 imaginibus,
1583 1793 1692 1825 statuis,

62 1835 119 1868 aris
134 1833 232 1870 polluit
244 1839 271 1870 et
287 1834 417 1870 victimis.
444 1835 538 1863 Refert
558 1835 636 1862 Philo
652 1836 680 1863 in
696 1844 729 1863 eo
742 1836 822 1870 libro,
842 1837 889 1871 qui
906 1836 1022 1864 Flaccus
1037 1836 1208 1871 inscribitur,
1224 1837 1283 1865 haec
1298 1838 1390 1865 omnia
1406 1845 1436 1866 se
1451 1844 1584 1873 prmsente
1597 1843 1692 1875 gesta:

63 1881 99 1909 ob
112 1887 175 1916 quae
188 1881 272 1908 etiam
291 1881 455 1917 legationem
470 1881 505 1909 ad
517 1881 612 1910 Caium
624 1881 761 1910 Caesarem
780 1882 838 1917 ipse
853 1883 1014 1918 susceperit.
1460 1878 1463 1880 ’

97 1991 115 2009 a
131 1982 249 2014 Πιλᾶτος
268 1983 338 2018 μετὰ
349 1983 400 2018 τὴν
416 1983 511 2010 στάσιν
531 1983 664 2011 Ἰουδαίων
675 1983 718 2010 διὰ
729 1983 777 2015 τὰς
788 1984 858 2010 Καί-

63 2037 147 2064 σαρος
166 2029 284 2062 εἰκόνας,
301 2029 346 2055 τὸν
362 2029 508 2064 λεγόμενον
531 2030 683 2066 κορὸωνᾶν,
708 2030 767 2066 ἦτοι
787 2030 857 2057 θεῖον

62 2073 214 2110 θησαυρὸν,
240 2075 281 2106 εἰς
309 2075 412 2102 ὑδάτων
431 2076 595 2111 καταγωγὴν
623 2075 792 2111 ἐδαπάνησεο
810 2077 857 2103 καὶ

62 2119 141 2153 αὖθις
158 2121 314 2154 στασιάζειν
330 2121 494 2157 ἠνάγκασεν.
513 2121 625 2155 Ibidem,
643 2122 715 2149 B-I).

99 2167 114 2193 ὸ
132 2167 249 2203 Σηῖανὺς
267 2167 385 2203 ἔπαρχος
405 2168 531 2204 Τιϐερίου
555 2168 694 2204 Καίσαρος
721 2169 783 2204 περὶ
809 2177 855 2195 τε.

61 2213 137 2245 λείας
165 2213 303 2245 ἀπωλείας
330 2213 376 2241 τοῦ
406 2214 499 2246 ἔθνους
531 2214 584 2241 τῶν
610 2214 744 2241 Ἰουδαίων
771 2215 856 2241 πολλὰ

63 2257 260 2285 συνεϐούλευσε
287 2258 328 2294 τῷ
357 2259 497 2295 Καίσαρι,
524 2260 561 2292 ὡς
587 2259 673 2286 Φίλων
700 2260 802 2295 ἱστορεῖ
827 2261 856 2288 ἐν

60 2303 101 2339 τῷ
117 2303 151 2339 β’.
168 2303 244 2331 Idem
258 2312 284 2338 p.
297 2303 425 2332 328-359.

97 2359 111 2377 ο
133 2351 290 2386 Ἀγρίππας
303 2351 360 2383 υἱὸς
378 2351 497 2387 Ἡρώδου
512 2351 558 2379 τοῦ
576 2351 717 2387 βασιλέως,
738 2353 857 2388 κατήγο-

63 2404 111 2431 ρος
131 2395 254 2432 Ἡρώδου
279 2397 326 2423 τοῦ
349 2397 499 2433 τετράρχου
521 2398 687 2433 ἀφικόμενος
702 2398 732 2425 ἐν
751 2397 854 2435 Ῥώμῃ,

61 2442 203 2478 δεσμεῖται
218 2443 271 2470 ὑπὸ
285 2444 421 2479 Τιϐερίου.
442 2443 554 2476 Ibidem,
577 2444 608 2472 Ο.

97 2489 115 2516 d
132 2489 246 2521 Πόντιος
261 2489 377 2522 Πιλᾶτος
394 2491 458 2527 περὶ
470 2490 516 2517 τοῦ
534 2491 705 2527 Χριστιανῶν
724 2491 857 2527 δόγματος

62 2535 228 2562 ἐκοινώσατο
243 2535 282 2571 τῷ
302 2536 422 2572 Τιὸερίῳ
442 2535 572 2572 Καίσαρι,
602 2537 727 2569 κάκεῖνος
743 2538 776 2572 τῇ
792 2545 857 2571 συγ-

63 2581 157 2617 κλήτῳ
179 2581 307 2618 Ῥώμης·
328 2582 379 2618 τῆς
396 2582 424 2609 δὲ
447 2583 485 2619 μὴ
510 2584 703 2619 προσιεμένης,
732 2583 857 2620 Τιϐέριος

64 2628 178 2655 Θάνατον
210 2628 344 2664 ἠπείλησε
370 2630 426 2661 τοῖς
454 2630 785 2666 Χριστιανοκατηγόροις,
816 2630 854 2662 ὡς

64 2675 165 2710 ἱστορεῖ
192 2675 388 2711 Τερτυλλιανὺς
418 2677 433 2703 ὁ
452 2676 597 2712 Ῥωμαῖος.
634 2677 732 2704 Chron.
761 2676 852 2711 pascit.

63 2727 88 2755 ρ.
103 2721 166 2753 229,
184 2721 217 2749 ι).

98 2776 112 2794 e
135 2768 284 2804 Ῥωμαίων
313 2768 442 2803 βασιλεὺς
471 2769 491 2796 δ’
520 2769 600 2801 Γάϊος
630 2769 677 2805 ἔτη
705 2769 739 2803 γ’.
772 2768 851 2804 Sync.

63 2821 88 2848 ρ.
103 2814 164 2846 550,
182 2815 216 2841 Β.

96 2860 110 2894 ,’
125 2861 205 2893 Γάϊος
219 2859 320 2888 ἑαυτὸν
340 2861 460 2888 άποθεοῖ.
480 2860 555 2888 Idem
573 2869 600 2896 p.
616 2860 678 2893 529,
694 2858 726 2888 ,1.

95 2915 111 2943 g
135 2908 163 2935 '0
173 2908 269 2941 αὐτὸς,
280 2907 332 2942 τὴν
343 2909 458 2943 γυναῖκα
471 2907 615 2944 Ῥηγούλου
631 2907 729 2941 λαῆὼν,
747 2915 854 2943 πατερα

906 1984 1008 2020 ταύτης
1023 1984 1068 2012 τὸν
1083 1984 1148 2012 ἴδιον
1162 1983 1248 2020 ἄνδρα
1264 1984 1392 2021 Μέμμιον
1409 1984 1499 2019 λέγειν
1517 1982 1590 2012 εἶναι
1611 1984 1694 2020 ἠνάγ-

906 2038 1000 2058 κασεν.
1016 2029 1137 2057 Ibidem.-
1637 2023 1640 2025 ’

941 2076 958 2103 Ιι
973 2077 1085 2109 Πόντιος
1101 2077 1217 2109 Πιλᾶτος
1231 2076 1280 2104 ἐπὶ
1294 2077 1375 2103 Γαΐου
1401 2076 1540 2112 Καίσαρος
1559 2076 1695 2109 ποικίλαις

906 2122 1062 2159 περιπεσὼν
1082 2124 1251 2158 συμφοραῖς,
1285 2123 1324 2154 ὥς
1347 2131 1427 2157 φασιν
1453 2123 1478 2149 ot
1504 2122 1539 2149 τά
1554 2123 1695 2158 Ῥωμαίων

908 2168 1139 2204 συγγραψάμενοι,
1157 2168 1354 2204 αὑτοφονευτὴς
1371 2167 1467 2195 ἑαυτοῦ
1485 2168 1601 2203 ἐγένετο.
1621 2168 1695 2196 Idem

906 2222 933 2250 ρ.
949 2213 1012 2246 550,
1029 2213 1061 2241 C.

941 2261 951 2287 ἱ
969 2260 1063 2292 Γάϊος,
1079 2261 1234 2296 Ἀγρίππαν
1256 2260 1341 2294 λύσας
1361 2259 1415 2286 τῶν
1440 2259 1557 2295 δεσμῶν,
1585 2259 1696 2295 βασιλέα

906 2307 959 2334 τῶν
978 2307 1112 2334 Ἰουδαίων
1128 2307 1305 2342 κατέστησεν.
1326 2306 1424 2334 Chron.
1443 2306 1567 2341 pasch.p.
1580 2306 1643 2339 250,
1661 2306 1694 2333 Β.

941 2352 957 2379 k
977 2353 1110 2379 Ἰουδαίων
1130 2353 1285 2390 Ἀγρίππας
1300 2352 1348 2388 ἐτη
1365 2352 1397 2384 ζ’.
1423 2351 1504 2388 Sync.
1531 2360 1557 2387 p.
1578 2352 1641 2384 550,
1659 2353 1695 2380 D.

942 2399 951 2425 ί
969 2399 1049 2430 Γάϊος
1066 2399 1180 2431 πολλοὺς
1196 2399 1335 2431 ἀναιτίους
1347 2398 1397 2433 τῆς
1416 2398 1561 2434 γερουσίας
1583 2397 1694 2426 ἀνελών.

913 2444 942 2471 Ὀ
968 2444 1048 2476 αὐτὸς
1071 2445 1119 2476 τὰς
1150 2444 1217 2477 ἰδίας
1243 2444 1361 2480 ἀδελφὰς
1390 2444 1461 2472 κατὰ
1488 2445 1586 2480 νήσους
1611 2452 1696 2479 φυγα-

906 2489 1013 2521 δεύσας.
1028 2489 1104 2517 Idem
1117 2497 1144 2524 p.
1158 2490 1221 2523 550,
1233 2489 1265 2518 C.

942 2543 967 2562 m
979 2535 1101 2568 Φλάκκος
1113 2535 1254 2568 Ἀσύλαιος
1270 2536 1408 2571 Αἰγύπτου
1424 2536 1543 2572 ἔπαρχος
1555 2534 1695 2567 παντοίαις

908 2583 1060 2618 συμφοραῖς
1084 2583 1115 2608 τὸ
1137 2582 1271 2609 Ἰουδαίων
1297 2582 1383 2615 ἔθνοςι
1399 2582 1596 2609 καθυπὲϐαλεν.
1619 2580 1694 2608 Idem

906 2636 932 2663 ρ.
949 2629 1011 2661 551,
1027 2628 1059 2656 Β.
1076 2628 1163 2656 Φίλων
1183 2629 1285 2664 ἱστορεῖ
1297 2629 1326 2656 ἐν
1339 2619 1694 2664 τῷὲπιγεγραιῖμένῳλάγῳ

907 2674 1043 2707 Φλάκκῳ,
1053 2674 1094 2701 ὅτι
1106 2673 1254 2710 πρεσϐείαν
1264 2674 1301 2706 ὡς
1313 2674 1378 2710 περὶ
1391 2673 1523 2701 Ἰουδαίων
1535 2672 1602 2708 πρὸς
1613 2672 1692 2700 Γάϊον

907 2722 1069 2757 ἐποιήσατο·
1099 2721 1170 2757 ὑπὲρ
1200 2717 1238 2748 ὧν
1264 2720 1386 2752 Φλάκκος
1417 2719 1552 2751 Ἰουδαίοις
1584 2719 1693 2746 ἐπιδου-

906 2767 1002 2799 λεύων,
1015 2767 1127 2794 εἰκόνων
1141 2767 1188 2794 καὶ
1199 2767 1364 2803 ἀνδριάντων
1377 2766 1424 2792 καὶ
1438 2764 1536 2800 βωμῶν
1549 2764 1691 2793 ἁναθέσεσι

909 2814 958 2845 τὰς
979 2813 1139 2848 συναγωγὰς
1163 2812 1275 2848 ἐμίανε·
1299 2812 1360 2839 τότε
1387 2812 1402 2838 ὀ
1426 2811 1480 2838 τῶν
1498 2810 1692 2848 Ἀλεξανδρέων

908 2860 992 2896 δῆμος
1005 2860 1211 2896 συνεπιθέμενος
1234 2859 1372 2891 ποικίλους
1395 2858 1535 2892 Ἰουδαίους
1553 2859 1689 2887 ἐκόλασεν.

907 2907 987 2944 Sync.
1002 2916 1028 2943 p.
1046 2907 1108 2943 525,
1118 2907 1151 2939 B.
