1913 3137
105 169 157 197 565

721 169 969 200 CBRONICORUM
989 170 1052 199 LIB.
1073 171 1106 200 ll.

107 249 1720 265 Μ

659 299 754 319 OLYII’.
782 300 911 321 CHRISTUS
953 301 1011 321 ιω).

644 447 889 455 _——__._.

103 466 143 501 B.
179 466 365 503 DCCCXX.
511 496 514 499 .
665 471 737 505 212
825 469 859 497 69

1670 176 1721 204 δη

1090 301 1143 322 ιοιι

932 366 1028 401 Agrip-
1081 365 1152 392 Nero

961 409 993 436 p3

964 451 1027 498 ἵ
1066 451 1171 498 TT

133 565 166 594 L.
183 567 304 595 Annaeus
322 566 416 600 Melas,
434 566 544 595 Senecae
560 567 644 596 frater
657 572 684 596 et
696 568 842 600 Gallionis,
858 569 929 597 bona
942 569 1046 598 Lucani
1062 575 1160 606 poetae,
1172 571 1220 599 filii
1236 573 1291 606 sui,
1307 572 1437 601 aNerone
1448 578 1630 609 promeretur.

135 623 152 642 α
169 615 272 643 Contra
289 614 410 647 Iudaeos,
427 615 474 650 qui
488 615 573 642 Cestii
589 615 661 643 Flori
677 615 820 643 avaritiam
836 623 892 643 non
915 615 1034 645 ferentes
1049 618 1228 653 rebellabant,
1242 618 1427 655 Vespasianus
1441 621 1571 656 magister
1587 622 1691 650 militia:
1704 630 1720 650 λ

97 660 206 689 Nerone
219 663 426 696 transmittitur,
443 664 493 699 qui
504 664 634 699 plurimas
648 664 748 693 Judaae
762 666 843 694 urbes
860 665 943 700 capit.

133 708 147 734 ιν
162 707 273 737 Flavius
281 708 417 745 Iosephus
430 711 547 745 scriptor
561 711 721 744 historicus,
734 711 788 739 dux
804 711 867 739 belli
878 710 1044 746 Iudaeorum,
1058 719 1120 741 cum
1137 721 1152 741 a
1163 713 1292 742 Romanis
1305 714 1511 742 interliciendus
1522 719 1606 748 esset,
1618 715 1721 752 Vespa-

97 754 176 782 siano
191 755 357 790 prmnuntiat
371 753 405 783 de
422 760 509 784 morte
521 756 647 791 Neronis,
666 761 693 784 et.
706 757 765 790 eJUS
777 757 903 792 imperio.

132 810 148 830 ε
162 802 244 836 Nero,
259 810 321 830 cum
337 811 353 830 a
373 808 469 832 senatu
480 808 647 840 quaereretur
662 804 695 831 ad
710 811 828 839 poenam,
842 811 858 831 e
890 803 991 838 palatio
1006 803 1122 840 fugiens,
1140 805 1174 833 ad
1190 811 1319 841 quartum
1335 806 1416 834 Urbis
1439 807 1596 835 milliarium
1613 808 1640 836 in
1655 809 1721 836 sub-

97 849 205 876 urbano
229 849 318 876 liberti
333 850 462 878 sui-inter
480 851 613 878 Salariam
636 854 662 878 et
679 849 874 877 Nomentanam
903 850 974 877 viam
992 851 1169 886 semetipsum
1184 852 1331 885 interﬁcit,
1350 860 1422 879 anno
1439 854 1529 881 atatis
1550 862 1608 882 suae
1630 862 1718 889 uxr,

96 898 180 930 atque
194 894 224 922 in
240 902 273 922 eo
287 895 377 924 omnis
394 895 509 930 Augusti
524 894 628 922 familia
639 898 830 922 consummata
845 897 896 921 est.

131 941 150 967 Α
167 941 233 970 Post
248 940 383 969 Neronem
399 941 484 969 Galba
500 942 528 969 in
545 940 665 973 Hiberia,
679 940 805 968 Vitellius
819 940 846 967 in
865 938 1021 973 Germania,
1038 939 1109 969 Otho
1123 941 1226 975 Romae,
1245 942 1387 978 imperium
1400 944 1582 980 arripuerunt.

133 987 244 1016 Marcus
258 987 360 1015 Fabius
376 987 562 1021 Quintilianus
574 987 690 1014 Romam
705 994 721 1014 a
737 986 819 1014 Galba
835 985 1005 1020 perducitur.

133 1042 148 1061 ι
162 1032 349 1068 Vespasianus
363 1034 470 1061 duobus
486 1033 587 1068 praeliis
600 1037 743 1069 superatos
753 1032 862 1060 Judaos
877 1032 910 1059 ad
922 1040 1016 1060 muros
1029 1033 1170 1069 compulit.

131 1079 219 1107 Galba
239 1080 356 1115 septimo
370 1087 464 1108 mense
480 1079 586 1115 imperii
605 1080 648 1107 sui
662 1079 689 1106 in
703 1078 793 1106 medio
806 1077 935 1105 Romanae
951 1078 1026 1106 urbis
1043 1079 1101 1107 foro
1119 1079 1208 1115 capite
1223 1084 1378 1109 truncatur.

132 1125 205 1153 Otho
221 1127 303 1153 tertio
319 1126 396 1161 regni
411 1126 452 1153 sui
468 1133 562 1154 mense
571 1125 643 1161 apud
658 1124 813 1152 Vetriacum
830 1123 883 1160 [αι.
895 1123 1070 1160 Bebriacum]
1085 1125 1196 1160 propria
1212 1134 1294 1154 manu
1310 1128 1450 1157 occubuit.

128 1171 267 1205 Vitellius,
282 1179 298 1198 a
316 1169 477 1207 Vespasiani
502 1172 617 1200 ducibus
643 1171 763 1204 occisus,
781 1171 809 1197 in
826 1169 945 1198 Tiberim
961 1171 1114 1206 projicitur,
1133 1176 1229 1200 octavo
1248 1181 1342 1203 mense
1369 1175 1474 1212 imperii
1485 1177 1539 1212 sui,
1551 1180 1577 1206 et
1589 1177 1634 1207 die
1651 1187 1717 1209 uno.

129 1219 229 1252 Galba,
242 1218 324 1253 Otho,
340 1219 475 1253 Vitellius,
493 1222 675 1255 regnaverunt
686 1225 759 1245 anno
772 1225 838 1250 uno,
850 1217 990 1246 mensibus
1006 1226 1062 1246 sex.

126 1266 142 1300 Ι
157 1265 313 1294 Antiochiae
330 1266 470 1294 secundus
484 1265 629 1302 episcopus
641 1265 784 1294 ordinatur
797 1264 927 1302 lgnatius.

816 1481 850 1508 70

991 1364 1007 1391 g
1021 1355 1079 1383 Vll.
1114 1355 1351 1386 VESPASIANUS
1368 1359 1447 1386 annis
1461 1367 1500 1392 ix,
1517 1361 1659 1389 mensibus
1675 1369 1714 1394 xl.

1042 1401 1139 1430 diebus
1150 1411 1219 1431 xx".

957 1481 992 1509 25
1117 1483 1129 1510 ί

126 1561 143 1587 Ιι
158 1559 346 1595 Vespasianus
364 1559 435 1595 apud
447 1559 569 1587 Iudaeam
588 1559 735 1594 imperator
749 1560 784 1589 ab
796 1560 920 1589 exercitu
937 1561 1100 1597 appellatus,
1112 1564 1139 1590 et
1162 1561 1262 1590 bellum
1283 1561 1345 1590 Tito
1361 1561 1416 1590 ﬁlio
1432 1563 1641 1597 commendans,
1656 1563 1714 1592 Bo-

93 1617 166 1637 nam
181 1617 230 1645 per
244 1608 438 1637 Alexandriam
454 1608 649 1645 proficiscitur.

125 1689 293 1726 Capitolium
307 1689 400 1718 Romae
415 1690 567 1718 incensum.
815 1690 845 1717 7t

953 1690 988 1718 εδ
1110 1691 1128 1718 2

127 1788 243 1824 iTitus,
260 1787 354 1818 Iudaea
375 1794 453 1825 capta
475 1794 502 1817 et
523 1786 718 1825 Hierosolymis
734 1789 889 1823 subversis,
905 1796 938 1817 bc
955 1790 1039 1817 millia
1063 1790 1185 1817 virorum
1210 1788 1347 1817 interﬁcit.
1369 1787 1504 1824 Iosephus
1529 1796 1594 1817 vero
1620 1789 1717 1820 scribit

91 1837 223 1864 undecies
238 1841 355 1865 centena
369 1836 454 1863 millia
470 1837 540 1864 fame
556 1840 583 1863 et
603 1835 693 1871 gladio
709 1835 834 1870 periisse,
851 1838 878 1863 et
893 1836 945 1862 alia
961 1840 1069 1863 centum
1084 1836 1168 1862 millia
1183 1836 1353 1870 captivorum
1370 1835 1479 1870 publice
1494 1835 1661 1863 venundata.
1680 1835 1716 1863 Ut

88 1887 182 1910 autem
201 1886 276 1910 tanta
290 1881 437 1909 multitudo
452 1881 649 1917 Hierosolymis
665 1881 841 1916 reperiretur,
857 1889 970 1910 causam
984 1889 1140 1917 azymorum
1156 1880 1242 1908 fuisse
1253 1879 1356 1909 refert:
1372 1881 1407 1909 ob
1421 1888 1482 1916 quae
1496 1887 1527 1908 ex
1543 1880 1618 1907 omni
1635 1884 1716 1916 gente

88 1927 177 1956 Judzei
190 1928 224 1955 ad
239 1927 369 1962 templum
381 1926 559 1960 conﬂuentes,
577 1927 642 1954 urbe
658 1927 736 1962 quasi
752 1934 864 1955 carcere
892 1931 957 1955 sunt
979 1927 1087 1955 reclusi.
1107 1926 1233 1962 Oportuit
1248 1927 1321 1954 enim
1335 1927 1363 1954 in
1378 1927 1421 1955 his
1435 1926 1530 1954 diebus
1546 1926 1657 1954 Pascha:
1667 1934 1715 1955 eos

90 1976 222 2010 interfici,
233 1976 261 2004 in
273 1975 374 2012 quibus
391 1974 561 2003 Salvatorem
574 1975 778 2002 cruciﬁxerant.

125 2086 142 2104 α
162 2076 281 2102 Ἰουδαῖοι
298 2074 439 2109 Ῥωμαίων
454 2072 610 2108 ἀπέστησαν
620 2073 666 2100 ἐπὶ
680 2073 790 2100 Γεστίου
803 2073 875 2100 Φλώ-

89 2130 139 2160 ρου
155 2122 201 2148 διὰ
216 2120 370 2152 πλεονεξίαν
392 2117 473 2146 αὑτοῦ
491 2119 623 2154 ἄμετρον·
640 2120 682 2154 ἐφ’
698 2119 743 2152 οὒς
757 2122 770 2147 ὁ
781 2120 875 2156 Νέρων

87 2167 295 2196 Οὐεσπασιανὸν
328 2164 565 2201 στρατοπεδάρχην
599 2165 762 2201 ἐξέπεμψεν.
800 2165 875 2193 Idem

88 2223 114 2250 p.
129 2214 193 2246 556,
209 2213 242 2240 D.

125 2261 140 2287 Ι)
159 2259 274 2291 Φλάϐιος
300 2258 452 2294 Ἰώσηππος
477 2258 668 2294 συγγραφεὺς,
687 2257 877 2293 στρατηγήσας

88 2306 161 2341 ὑπὲρ
178 2302 336 2336 Ἰουδαίων,
361 2304 408 2331 καὶ
425 2303 529 2339 μέλλων
544 2304 584 2335 είς
599 2303 644 2329 τὸν
662 2302 777 2338 πόλεμον
800 2303 876 2329 ἀναι-

93 2350 219 2386 ρεῖσθαι,
243 2348 364 2381 θεσπίζει
386 2348 581 2384 Οὐεσπασιανῷ
602 2349 665 2384 περὶ
685 2350 734 2384 τῆς
752 2347 877 2384 Νέρωνος

87 2398 237 2432 τελευτῆς,
254 2395 302 2423 καὶ
322 2395 372 2430 τῆς
392 2395 473 2423 αὑτοῦ
497 2393 702 2422 Οὐεσπασιανοῦ
729 2394 874 2429 βασιλείας.

89 2443 187 2470 Chron.
203 2442 293 2476 pasch.
304 2450 332 2476 p.
344 2441 406 2474 250,
419 2441 454 2468 D.

123 2498 138 2516 ε
154 2488 249 2524 Νέρων
263 2487 357 2515 ἑαυτὸν
373 2487 487 2514 ἀνεῖλεν.
503 2486 636 2514 Cedrenus
651 2494 677 2520 p.
693 2485 755 2518 215,
773 2485 804 2513 Ῑ).

123 2535 142 2561 α
158 2534 238 2561 Μετὰ
252 2534 378 2569 Νέρωνος
399 2532 505 2564 Γάλϐας
526 2531 699 2560 ἐϐασίλευσεν
716 2532 745 2558 έν
762 2530 875 2566 Ἰϐηρίᾳ,

89 2579 243 2610 οὐιτέλλιος
255 2579 284 2604 ἐν
297 2577 448 2613 Γερμανίᾳ·
464 2577 551 2604 Ὄθων
567 2577 612 2604 ἐπὶ¹
627 2576 749 2612 Ῥώμης·
763 2576 877 2607 ἕκαστος

88 2626 179 2653 αὐτῶν
196 2626 250 2661 ἰδίᾳ
271 2624 358 2659 ἐπέϐη
376 2625 410 2659 τῇ
431 2624 511 2659 ἀρχῇ.
536 2623 634 2651 Chron.
657 2623 746 2657 pasch.
768 2630 794 2657 ρ.
811 2622 874 2656 245,

87 2672 150 2700 246.

121 2727 135 2745 e
152 2716 358 2748 υὺεσπασιανὺς
374 2716 433 2743 δυσὶ
456 2715 582 2751 πολέμοις
607 2716 748 2748 Ἰουδαίους
776 2715 877 2752 τρεψά-

90 2773 167 2800 μενος
185 2763 360 2792 ἀπέκλεισεν.
380 2761 459 2797 Sync.
475 2769 500 2796 ῃ.
519 2761 587 2793 340,
608 2761 640 2789 Β.
656 2761 762 2793 Γάλϐας
783 2761 876 2787 ἐϐασί-

88 2811 165 2837 λευσε
192 2811 283 2846 μῆνας
308 2809 340 2840 ζ’,
365 2809 410 2835 καὶ
433 2809 461 2834 ὲν
483 2808 553 2843 μέσῃ
568 2808 600 2842 τῇ
624 2807 767 2843 Ῥωμαίων
790 2807 878 2842 ἀγορᾷ

88 2858 135 2893 τὴν
146 2856 272 2892 κεφαλὴν
287 2853 443 2889 ἀπετμήθη.
460 2852 548 2879 Ὄθων
562 2853 721 2887 βασιλεύσας
737 2853 823 2888 μῆνας
840 2857 874 2887 γ’,

88 2903 268 2940 διεχειρίσατο
286 2901 391 2927 ἑαυτόν.
410 2898 497 2926 Chron
523 2899 609 2934 pascit.
627 2908 642 2934 p
666 2900 728 2932 ⁸245,
743 2899 805 2932 246,
819 2899 851 2926 Α.

964 2073 977 2105 f
987 2072 1150 2108 Ἀντιοχείας
1161 2071 1309 2103 ἐπίσκοπος
1323 2071 1461 2105 Ἰγνάτιος.
1474 2070 1554 2106 Sync.
1566 2079 1593 2105 ρ.
1606 2072 1669 2105 542,
1679 2071 1713 2098 Β.

963 2146 978 2173 g
1000 2136 1140 2172 Ῥωμαίων
1159 2135 1181 2167 ζ’
1206 2134 1379 2161 ἐϐασίλευσεν
1396 2133 1597 2165 Οὐεσπασιανὸς
1619 2133 1666 2170 ἔτη
1680 2134 1713 2161 θ’.

930 2183 1027 2210 Chron.
1043 2181 1132 2216 pascit.
1149 2189 1176 2216 p.
1189 2180 1253 2213 246,
1266 2179 1300 2207 Α.

965 2243 982 2270 h
995 2243 1197 2274 Οὐεσπασιανὸς
1210 2241 1397 2277 αὐτοκράτωρ,
1412 2241 1557 2276 πέψαντος
1569 2240 1651 2268 αὐτὸν
1666 2241 1715 2268 τοῦ

931 2287 1056 2326 στρατοῦ,
1071 2287 1115 2313 τὸν
1128 2286 1199 2313 κατὰ
1219 2286 1352 2313 Ἰουδαίων
1366 2286 1522 2322 ὲγχειρίσας
1535 2286 1652 2321 πόλεμον
1668 2286 1716 2312 Τί-

930 2344 977 2369 τῳ,
988 2334 1068 2365 αὐτὸς
1078 2333 1111 2359 δι’
1125 2331 1327 2368 Ἀλεξανδρείας
1336 2333 1375 2363 εἰς
1383 2332 1432 2367 τὴν
1446 2331 1589 2367 Ῥωμαίων
1602 2331 1715 2366 ἀφίκετο

930 2381 1017 2407 πόλιν.
1034 2379 1108 2406 Idem
1123 2387 1148 2414 p.
1160 2379 1223 2411 246,
1238 2377 1308 2405 A—C.

964 2439 974 2464 ἱ
985 2438 1072 2468 Τῖτος,
1088 2436 1230 2467 Ἰουδαίους
1241 2434 1487 2470 πολιορκήσας,καὶ
1497 2435 1531 2461 τὰ
1543 2434 1715 2470 Ἰεροσόλυμα

930 2483 1119 2518 κατασκάψας,
1128 2482 1173 2509 καὶ
1187 2482 1319 2517 μυριάδας
1335 2481 1439 2517 ἀνδρῶν
1452 2480 1591 2515 ἐφόνευσε.
1603 2481 1672 2516 Φησὶ
1686 2480 1716 2506 δὲ

929 2531 976 2558 καὶ
992 2529 1143 2564 Ἰώσηππος
1159 2528 1231 2564 λιμῷ
1247 2529 1294 2555 καὶ
1312 2528 1434 2564 μαχαίρᾳ
1451 2527 1582 2563 μυριάδας
1602 2530 1635 2562 ρι’
1649 2527 1716 2553 ἀπο-

930 2575 1040 2608 λέσθαι,
1070 2575 1116 2602 καὶ
1139 2574 1222 2606 ἄλλας
1249 2575 1324 2609 τρεῖς
1353 2573 1485 2609 μυριάδας
1515 2571 1715 2606 διαπεπράσοαι

930 2620 1122 2657 αἰχμαλώτων·
1143 2621 1228 2647 αἴτιον
1244 2620 1272 2646 δὲ
1286 2620 1315 2646 τὺ
1329 2619 1439 2646 τοσοῦτο
1457 2618 1558 2653 πλῆθος
1578 2617 1648 2644 κατὰ
1666 2617 1716 2653 τὴν

930 2669 1006 2696 πόλιν
1032 2668 1162 2704 εὑρῆσθαί
1184 2677 1250 2704 φησι
1267 2667 1316 2702 τὴν
1331 2666 1378 2694 τοῦ
1399 2667 1494 2701 Πάσχα
1514 2664 1626 2700 ἑορτὴν,
1650 2665 1678 2691 ὲν

930 2715 1030 2747 πάντες
1042 2715 1066 2741 οι
1088 2714 1134 2740 τοῦ
1157 2713 1250 2745 ἔθνους
1266 2712 1488 2748 ωνεληλυθόντες
1507 2710 1544 2742 ὠς
1566 2711 1595 2736 ὲν
1618 2711 1715 2746 εἱρκτῇ

931 2760 1157 2795 συνεκλείσθησαν
1166 2767 1173 2774 ⁸
1191 2759 1245 2786 ἔδει
1259 2759 1311 2795 γὰρ
1324 2759 1387 2790 τοὺς
1403 2759 1432 2784 ὲν
1445 2757 1537 2793 ἡμέρᾳ
1558 2755 1605 2783 τοῦ
1619 2756 1716 2791 Πάσχα

930 2807 968 2842 τῷ
991 2807 1095 2842 Σωτῆρι
1109 2805 1336 2836 ὲπιϐουλευκότας
1356 2803 1393 2839 μὴ
1410 2803 1503 2830 ἄλλοτε
1519 2803 1553 2829 τὰ
1577 2802 1713 2838 ἐπίχειρα,

930 2849 966 2879 ὧν
981 2852 1143 2888 ἐτόλμησαν,
1164 2851 1269 2878 παθεῖν.
1285 2850 1414 2877 Eusebius
1434 2850 1503 2884 apud
1519 2849 1598 2885 Sync.
1611 2857 1637 2884 p.
1651 2849 1714 2882 34°),

932 2900 964 2933 Α,
978 2904 1002 2926 et
1018 2899 1086 2934 apud
1104 2898 1201 2926 Chron.
1215 2897 1305 2932 pasch.
1317 2905 1342 2931 p.
1357 2897 1420 2931 ΞΠ,
1438 2897 1504 2924 Α-Β.
