1913 3137
263 137 314 164 551

873 263 970 283 OLYIP.
1008 261 1139 284 CHRISTUS
1191 262 1256 283 “Ol.

602 134 737 163 EUSEBII
757 133 996 163 CASSABIENSIS
1013 134 1088 162 OPP.
1110 133 1200 162 PARS
1219 134 1239 161 l.
1259 149 1295 154 —
1315 133 1508 163 HISTORICA.
1837 138 1885 165 55?

1335 264 1351 281 α
1368 254 1509 283 Secundus
1527 257 1589 290 post
1606 255 1740 283 Neronem
1754 255 1886 283 Domitia~

1294 296 1347 318 nus
1360 290 1531 318 Christianos
1546 291 1719 326 persequitur
1733 301 1739 317 :
1752 295 1781 318 et
1792 291 1847 318 sub
1856 300 1887 319 eo

1172 325 1266 353 Domi-
1291 326 1431 360 apostolus
1461 326 1580 353 Joannes
1610 325 1639 353 in
1659 325 1786 354 Patmum
1812 327 1886 354 insu-

1172 361 1264 388 tianus
1291 360 1344 387 lam
1370 361 1506 397 relegatus
1532 361 1722 397 Apocalypsim
1746 362 1826 394 vidit,
1850 363 1884 389 uti

1290 401 1384 423 narrat
1400 396 1529 424 lrenaaus.

866 457 928 486 SEC
933 456 1026 484 UNDA
1056 455 1284 484 PERSECUTIO.

1049 513 1084 542 95

1193 514 1226 542 Η
1279 550 1285 552 _
1317 515 1331 552 li
1353 515 1514 552 Apollonius
1538 514 1664 552 Tyaneus
1686 520 1715 543 et
1734 515 1885 552 Euphrates

1279 550 1401 586 insignes
1419 550 1574 586 philosophi
1590 552 1736 579 habentur.

294 608 309 627 ο
323 597 494 626 Domitianus
509 605 567 630 eos,
588 598 634 632 qui
650 597 684 625 de
701 605 801 632 genere
819 596 902 624 David
926 600 1014 630 erant,
1033 595 1152 624 interﬁci
1174 596 1314 632 praecepit,
1332 600 1363 624 ut
1384 597 1477 625 nullus
1495 596 1651 625 Iudaeorum
1669 598 1749 633 regni
1765 598 1883 634 reliquus

258 648 339 675 foret.

238 714 243 723 κ
295 695 394 722 Scribit
425 694 549 722 Bruttius
574 693 709 730 plurimos
734 693 953 721 Christianorum
980 693 1032 722 sub
1058 692 1214 721 Domitiano
1232 691 1332 720 fecisse
1344 692 1505 728 martyrium
1521 702 1528 721 :
1546 693 1617 721 inter
1630 700 1701 729 quos
1719 697 1748 721 et
1766 692 1882 720 Flaviam

257 743 423 770 Domitillam
436 742 523 770 Flavii
541 741 688 770 Clementis
702 742 825 770 consulis
844 750 877 769 ex
894 749 989 769 sorore
1003 744 1123 776 neptem,
1139 741 1167 768 in
1184 740 1302 768 insulam
1314 739 1439 768 Pontiam
1457 741 1612 777 relegalam,
1629 741 1693 776 quia
1708 748 1740 769 se
1754 740 1882 768 Christia-

257 798 320 817 nam
335 796 396 817 esse
413 793 511 816 ῑθειθιῑι
527 793 578 816 est.

294 837 351 866 Hoc
367 847 436 865 anno
451 838 540 864 beatus
559 837 700 872 Dionysius
722 840 799 872 atque
823 837 949 864 Nicasius
973 844 1033 863 cum
1057 837 1136 863 sociis
1155 838 1210 864 suis
1232 846 1277 872 per
1292 846 1415 865 coronam
1431 838 1553 873 martyrii
1572 841 1743 871 pervenerunt
1760 837 1796 864 ad
1810 837 1882 864 Chri—

256 893 337 913 stum.

291 967 460 994 Domitianus
485 967 593 994 occisus
618 967 645 994 in
666 963 787 1000 Palatio,
813 974 862 1001 per
915 967 985 1002 219

255 1003 419 1038 vespillones
432 1002 586 1036 ignobiliter
599 1006 768 1037 exportatur,
789 1009 861 1029 anno

256 1037 343 1066 aetatis
359 1046 430 1065 xxxv
446 1037 495 1073 [aL
511 1037 586 1073 XLVJ.

292 1071 509 1108 {Alexandrinae
527 1071 661 1108 Ecclesia
677 1072 774 1100 tertius
798 1071 857 1107 epi-

255 1107 356 1143 scapus
375 1108 483 1144 praefuit
498 1107 586 1135 Cerdo
599 1107 679 1134 annis
696 1107 834 1135 undecim.

1058 965 1093 993 97

1200 931 1234 958 15
1322 933 1338 957 α
1355 930 1437 958 Multa
1453 929 1536 966 signa
1545 934 1628 966 atque
1649 934 1780 966 portenta
1795 929 1880 958 Roma

1202 967 1235 993 l6
1287 969 1315 993 et
1330 967 1357 994 in
1370 970 1427 994 toto
1441 966 1507 993 orbe
1525 965 1608 993 facta.

1095 1045 1109 1063 ε
1127 1035 1162 1063 Χ.
1178 1035 1296 1064 NERVA
1310 1044 1382 1064 anno
1402 1044 1422 1069 ι,
1438 1036 1579 1065 mensibus
1593 1044 1630 1064 tv.

1214 1073 1227 1100 1
1318 1081 1334 1108 g
1347 1071 1444 1100 Justus
1457 1079 1472 1099 a
1489 1072 1634 1100 Tiberiade
1644 1070 1805 1100 Iudaeorum
1815 1071 1874 1099 scri~

1286 1111 1349 1142 ptor
1363 1108 1532 1142 agnoscitur.

288 1153 377 1182 Nerva
392 1154 489 1182 morbo
506 1154 576 1189 perit
592 1156 619 1180 in
635 1154 723 1182 hortis
741 1153 917 1182 Sallustianis
934 1162 1006 1182 anno
1018 1155 1107 1183 aetatis
1124 1160 1209 1187 uxu,
1226 1162 1288 1182 cum
1299 1155 1356 1190 jam
1377 1154 1527 1190 Trajanum
1544 1154 1704 1190 adoptasset
1720 1154 1751 1182 in
1771 1154 1863 1182 ﬁlium.

290 1199 428 1235 Trajanus
443 1200 599 1236 Agrippinae
614 1201 641 1227 in
655 1199 750 1227 Galliis
767 1204 916 1235 .mperator
930 1200 1030 1233 factus,
1047 1205 1128 1228 natus
1142 1200 1242 1229 Italica:
1255 1201 1284 1228 in
1299 1201 1439 1236 Hispania.

289 1247 305 1273 Ιι
326 1246 443 1276 Senatus
466 1247 598 1280 decrevit,
622 1251 653 1274 ut
670 1247 762 1274 omnia
785 1254 845 1282 quae
871 1247 1042 1276 Domitianus
1059 1252 1204 1281 statuerat,
1234 1248 1263 1275 in
1282 1247 1389 1275 irritum
1404 1247 1580 1276 ducerentur.
1598 1247 1692 1282 Itaque
1706 1248 1798 1279 multi,
1814 1255 1877 1282 quos

253 1294 357 1330 injuste
382 1295 509 1330 ejecerat,
532 1295 566 1322 de
593 1294 689 1323 exsilio
713 1294 828 1327 reversi,
849 1295 975 1322 nonnulli
998 1296 1069 1323 bona
1094 1296 1206 1331 propria
1231 1298 1400 1330 receperunt.
1430 1294 1514 1322 Aiunt
1537 1298 1564 1322 et
1580 1294 1735 1329 apostolum
1749 1293 1877 1321 Joannem

252 1342 306 1370 hoc
324 1346 447 1377 tempore
461 1341 559 1369 exsilio
582 1341 732 1369 resolutum
748 1340 885 1375 Ephesum
902 1341 1011 1370 venisse
1025 1351 1031 1368 :
1044 1341 1072 1368 in
1086 1349 1140 1377 qua
1159 1341 1228 1370 urbe
1243 1345 1270 1369 et
1289 1340 1437 1376 hospitium
1451 1342 1479 1368 et
1496 1340 1600 1367 amicos
1614 1339 1820 1367 amantissimos
1840 1340 1877 1367 sui

253 1389 381 1417 habebat.

289 1435 304 1461 Ir
317 1427 450 1462 Joannem
466 1434 628 1469 apostolum,
644 1442 732 1469 usque
743 1433 777 1461 ad
793 1433 861 1462 Tra-

251 1469 310 1505 jani
334 1474 456 1505 tempora
480 1469 597 1498 lrenmus
623 1471 768 1505 episcopus
798 1477 859 1503 per-

253 1505 390 1532 mansisse
407 1505 502 1541 scribit
520 1514 527 1532 :
645 1507 684 1540 R.
705 1505 852 1541 DCCCL.

253 1543 316 1574 post
331 1547 411 1575 quem
428 1540 566 1567 auditores

253 1575 314 1610 ejus
328 1574 450 1610 insignes
465 1575 576 1603 luerunt
590 1574 697 1610 Papias,
708 1574 862 1610 Hierapoli-

253 1609 336 1638 tanus
355 1609 512 1647 episcopus,
538 1615 566 1647 et
575 1609 753 1647 Polycarpus,
770 1609 864 1646 Sinyr-

253 1652 339 1679 meus,
357 1645 384 1673 et
405 1646 536 1682 lgnatius,
553 1645 752 1673 Antiochenus.

1036 1541 1088 1569 100

917 1648 988 1682 220
1043 1646 1093 1674 101

1044 1717 1057 1744 ‘l
1062 1717 1097 1744 02
1221 1717 1240 1743 ὁ

1044 1752 1097 1780 105
1223 1752 1240 1779 5

1123 1436 1134 1463 ί
1148 1435 1194 1464 XI.
1211 1433 1393 1463 TRAIANUS
1408 1434 1488 1462 annis
1504 1427 1562 1465 xix,
1578 1433 1722 1462 mensibus
1739 1440 1777 1460 Vl.

1214 1505 1227 1532 1
1318 1505 1432 1533 Decreto
1464 1508 1575 1533 senatus
1602 1502 1691 1531 Nerva
1717 1504 1790 1531 inter
1818 1503 1875 1531 deos

1211 1540 1230 1567 2
1282 1541 1395 1569 relatus.

1324 1576 1334 1602 ι
1362 1575 1493 1602 Romanae
1529 1573 1657 1601 Ecclesia:
1694 1574 1875 1609 episcopatum

1221 1646 1239 1673 3
1290 1615 1406 1647 quartus
1428 1609 1549 1645 suscepit
1565 1609 1708 1637 Evarislus
1728 1610 1815 1637 annis.
1832 1617 1874 1637 no-

1293 1654 1364 1673 vem.

1293 1654 1364 1674 vem.

1312 1753 1319 1778 l
1327 1715 1422 1778 mtTraj
1427 1724 1495 1745 anus
1505 1715 1539 1743 de
1548 1714 1628 1742 Dacis
1636 1719 1663 1742 et
1672 1714 1784 1751 Scythis
1791 1715 1876 1742 trium-

1321 1760 1345 1778 la
1362 1771 1368 1778 .

1292 1759 1368 1787 puat.

293 1808 311 1827 η
331 1798 478 1835 Traianus,
504 1800 578 1827 victo
601 1807 666 1836 rege
688 1800 826 1833 Decibalo,
852 1799 961 1827 Daciam
989 1799 1052 1828 fecit
1076 1800 1244 1835 provinciam
1266 1808 1272 1826 :
1292 1798 1394 1831 Iberos,
1418 1797 1568 1829 Sarmatas,
1594 1796 1744 1829 Osroenos,
1767 1795 1873 1827 Arabas,

251 1848 454 1884 Bosphoranos,
470 1848 597 1881 Colchos,
613 1849 641 1875 in
659 1848 738 1876 [idem
763 1848 866 1883 accepit
882 1858 888 1876 :
904 1848 1068 1881 Seleuciam,
1088 1848 1306 1883 Ctesiphontem,
1324 1846 1490 1881 Babylonem
1509 1844 1654 1880 occupavit
1682 1848 1711 1872 et
1737 1844 1835 1871 tenuit.
1852 1842 1875 1869 in

256 1894 327 1922 mari
341 1894 436 1922 Rubro
452 1895 568 1923 classem
584 1894 713 1927 instituit,
733 1899 762 1922 ut
776 1903 824 1930 per
840 1903 900 1924 eam
915 1894 999 1922 india:
1012 1895 1081 1923 lines
1095 1899 1226 1923 vastaret.

287 2003 304 2021 α
320 1995 450 2030 Δεύτερος
467 1996 536 2030 μετὰ
549 1994 595 2021 τὸν
609 1992 723 2030 Νέρωνα
736 1994 899 2029 Δομετιανὸς
912 1994 1040 2029 Χριστια-

251 2041 314 2073 νοὺς
327 2041 446 2073 ἐδίωξεν·
464 2041 506 2068 ἐπ’
522 2039 605 2068 αὐτοῦ
622 2040 650 2067 δὲ
663 2041 711 2067 καὶ
724 2041 737 2067 ὁ
747 2040 896 2071 ἀπόστολος
913 2040 1040 2076 Ἰωάννης

252 2087 291 2117 είς
305 2085 415 2121 Πάτμον
430 2085 580 2121 ὲξορίζεται
600 2085 649 2121 τὴν
668 2087 759 2120 νῆσον,
775 2085 838 2112 ἔνθα
855 2084 903 2120 τὴν
927 2085 1042 2112 Ἀποκά-

250 2130 330 2165 λυψιν
347 2131 498 2166 ἑωρακέναι
510 2130 630 2165 λέγεται,
642 2131 679 2162 ὡς
692 2131 766 2166 δηλοῖ
775 2131 929 2167 Εἰρηναῖος.
942 2130 1040 2159 Chron.

250 2176 340 2210 pasbh.
361 2184 386 2210 ρ.
398 2176 461 2209 250,
478 2177 509 2204 C.

287 2221 302 2248 b
325 2222 502 2255 Ἀπολλώνιος
518 2224 532 2249 ὁ
547 2223 667 2254 Τυανεὺς
685 2223 731 2250 καὶ
745 2224 891 2260 Εὐφράτης
904 2225 1042 2260 φιλόσοφοι

251 2267 385 2304 ἧκμιιζον.
405 2267 480 2295 Idem
495 2276 522 2303 ρ.
538 2268 601 2301 545,
619 2268 650 2296 C.

288 2322 301 2340 c
317 2315 481 2349 Δομετιανὸς
501 2315 565 2346 τοὺς
584 2314 639 2341 ἀπὸ
659 2315 754 2349 γένους
776 2316 858 2342 Δαυῖδ
871 2316 1042 2353 ἀναιρεῖσθαι

253 2359 429 2396 προσέταξεν,
447 2360 490 2387 ἵνα
511 2361 547 2396 μή
568 2369 610 2393 τις
630 2361 763 2388 Ἰουδαίων
784 2363 924 2398 βασιλικοῦ
947 2363 1043 2397 γένους

252 2405 413 2441 ἀπολειφθῇ.
431 2406 527 2432 Πολλοὶ
539 2407 567 2433 δὲ
582 2407 752 2442 Χριστιανῶν
764 2409 957 2446 ἐμαρτύρησαν
972 2409 1043 2436 κατὰ

251 2452 424 2487 Δομετιανὸν,
445 2452 482 2484 ὡς
495 2453 509 2479 ὁ
520 2453 647 2488 Βρέττιος
663 2454 772 2491 ἱστορεῖ,
787 2457 816 2482 ὲν
831 2453 871 2488 οἷς
882 2456 930 2482 καὶ
940 2456 1045 2483 Φλαυῖα.

251 2498 410 2533 Δομετίλλα,
435 2498 568 2534 ὲξαδέλφη
588 2499 747 2535 Κλήμεντος
767 2501 881 2529 Φλαυῖου
896 2501 1040 2534 ὑπατικοῦ,

251 2543 289 2575 ὡς
305 2543 456 2579 Χριστιανὴ
470 2545 511 2577 είς
524 2546 605 2581 νῆσον
618 2545 733 2573 Ποντίαν
753 2547 943 2582 φυγαδεύεται.
968 2547 1043 2575 Idem

250 2597 278 2624 ρ.
292 2590 357 2622 544,
371 2591 404 2618 Α.
594 2591 601 2599 ¹

287 2635 304 2662 d
328 2637 371 2664 Ἐν
392 2637 485 2674 Ῥώμῃ
498 2638 576 2674 θεοση
582 2639 656 2673 μεῖαι
671 2638 766 2665 πολλαὶ
780 2640 826 2666 καὶ
840 2639 899 2668 καθ’
912 2640 976 2675 ὅλης
987 2640 1038 2675 τῆς

250 2683 413 2719 οἰκουμένης
426 2685 565 2719 γεγόνασι.
579 2684 691 2712 Ibidem.

287 2737 300 2754 ι
323 2729 464 2764 Ῥωμαίων
497 2730 624 2766 βασιλεὺς
656 2734 670 2757 ι’
696 2731 819 2767 Νερούας
863 2730 1038 2758 ἐϐασίλευσεν

251 2774 309 2805 ἔτος
326 2775 364 2802 ἓν.
381 2775 454 2803 Idam
467 2784 492 2811 ρ.
507 2777 568 2810 546,
583 2776 612 2804 C.

287 2820 299 2853 f
322 2821 524 2858 Ἀλεξανδρείας
546 2824 694 2857 ἐπίσκοπος
717 2825 827 2862 Κέρδων
844 2825 890 2861 ἔτη
914 2829 938 2853 ι’.
965 2825 1038 2852 Idem
1064 2828 1068 2833 ‘

252 2873 279 2900 ρ.
294 2864 356 2899 547,
371 2866 402 2894 B.

1125 2002 1141 2029 g
1163 1993 1277 2025 Ἰοῦστος
1290 1993 1421 2029 Τιϐερεὺς
1434 1993 1559 2026 Ἰουδαῖος
1575 2000 1752 2029 συγγραφέως
1769 1990 1876 2026 ἐγνωρί-

1091 2040 1164 2072 ζετο.
1180 2040 1294 2072 Ibidem,
1311 2040 1344 2067 D.

1128 2086 1144 2112 Ιι
1160 2086 1323 2122 Δομετιανοῦ
1337 2087 1365 2113 αἱ
1382 2086 1460 2121 τιμαὶ
1474 2085 1666 2123 καθῃρέθησαν
1681 2084 1735 2111 ὑπὸ
1752 2085 1803 2119 τῆς
1820 2092 1878 2117 συγ-

1092 2132 1202 2168 κλήτου’
1217 2131 1265 2158 καὶ
1277 2133 1302 2158 οἱ
1319 2131 1419 2163 ἀδίκως
1432 2131 1630 2162 ἀπελασθέντες
1641 2130 1806 2165 ἐπανῆλθον·
1820 2129 1877 2156 ἔνιοι

1091 2178 1227 2205 ἀπέλαϐον
1241 2178 1288 2205 καὶ
1301 2178 1349 2210 τὰς
1359 2178 1462 2210 οὐσίας.
1480 2177 1554 2204 Idem
1565 2186 1590 2212 p.
1606 2177 1670 2209 245,
1683 2176 1715 2204 C.
1731 2176 1811 2203 Κατὰ
1822 2175 1877 2203 τοῦ-

1091 2233 1137 2251 τον
1153 2224 1199 2251 τὸν
1216 2225 1336 2260 χρόνονὸ
1354 2223 1481 2259 βασιλεὺς
1499 2224 1623 2259 Νερούας
1640 2222 1825 2250 ἀνεκαλέσατο
1837 2222 1876 2247 τὸν

1091 2271 1238 2298 ἀπόστολον
1258 2271 1384 2306 Ἰωάννην
1395 2271 1448 2297 ἀπὸ
1459 2271 1516 2297 Πάτ
1521 2279 1571 2306 μου
1586 2271 1636 2305 τῆς
1647 2269 1742 2304 νήσου,
1755 2269 1802 2295 καὶ
1817 2266 1874 2303 ἧλον

1092 2317 1172 2344 πάλιν
1185 2318 1225 2349 εἰς
1239 2318 1366 2352 Ἔφεσον.
1384 2317 1480 2344 Chron.
1494 2315 1583 2351 pasch.
1600 2323 1626 2350 ρ.
1643 2315 1706 2347 251,
1723 2315 1758 2343 Β.

1130 2364 1139 2391 ί
1157 2363 1300 2399 Ῥωμαίων
1316 2366 1348 2390 ια’
1365 2362 1523 2389 ἐϐασίλευσε
1536 2361 1669 2398 Τραϊανδς
1680 2361 1727 2397 ἐτη
1742 2361 1786 2388 ιϐ’.
1800 2360 1875 2395 Sync.

1091 2418 1117 2444 p.
1134 2409 1197 2443 546,
1210 2409 1245 2436 D.

1127 2455 1142 2482 k
1163 2454 1288 2490 Ἰωάννην
1309 2454 1457 2481 ἀπόστολον
1479 2454 1623 2489 Εἰρηναῖος
1643 2452 1690 2479 καὶ
1712 2451 1788 2478 ἄλλοι
1811 2452 1877 2477 ἱπῡ·

1094 2500 1169 2537 ροῦσι
1187 2501 1355 2536 παραμεῖναι
1370 2500 1408 2535 τῷ
1426 2500 1475 2535 βίῳ
1488 2500 1540 2531 ἕως
1552 2499 1604 2525 τῶν
1617 2499 1722 2533 χρόνων
1735 2496 1873 2534 Τραϊανοῦ

1094 2546 1153 2582 μεθ’
1164 2546 1193 2573 ὃν
1200 2546 1340 2578 Παππίας,
1355 2545 1539 2583 Ἱεραπολίτης
1547 2544 1594 2571 καὶ
1603 2544 1783 2580 Πολύκαρπος
1794 2543 1877 2577 Σμύρ-

1091 2602 1141 2629 νης
1154 2593 1302 2624 ἐπίσκοπος
1317 2593 1448 2620 ἁκουσταὶ
1461 2593 1544 2619 αὑτοῦ
1561 2591 1754 2628 ἐγνωρίξοντο.
1770 2591 1842 2618 Idem
1853 2597 1873 2623 ρ.

1092 2640 1154 2673 547,
1171 2639 1200 2667 c.

1128 2686 1137 2712 ί
1160 2685 1302 2721 Ῥωμαίων
1321 2685 1469 2717 ἐπίσκοπος
1493 2685 1645 2721 Εὐάρεστος
1668 2685 1717 2719 ἔτη
1745 2684 1778 2710 θ’.
1801 2682 1873 2718 Sync.

1090 2741 1117 2767 p.
1135 2732 1199 2764 544,
1212 2732 1245 2759 Α.

1126 2787 1152 2805 m
1167 2779 1300 2815 Τραϊανὸς
1315 2779 1406 2811 Δάκας
1420 2779 1467 2806 καὶ
1483 2777 1588 2810 Σκύθας
1603 2777 1724 2811 ὑπέταξε
1744 2778 1791 2804 καὶ
1809 2776 1874 2811 ἐθρι-

1093 2825 1237 2860 άμϐευσεν.
1254 2824 1366 2852 Ibidem.

1129 2880 1145 2898 ιι
1154 2871 1286 2906 Τραϊανὸς
1298 2872 1550 2907 ἐπαρχίαν-ἐποίησε
1564 2871 1613 2905 τὴν
1627 2871 1744 2899 Δακίαν.
1757 2868 1871 2900 ΙὺίάηΑ.
