1913 3137
216 101 269 128 55ἴί

219 178 395 186 ——

582 98 715 126 EUSEBII
735 98 973 127 CESARIENSIS
992 99 1067 128 OPP.
1088 100 1177 127 PARS
1196 100 1216 142 1τ
1236 116 1264 121 -
1281 101 1473 130 lllSTORlCA.

1777 104 1827 132 556

831 225 925 246 οιῑκν.
961 225 1089 246 CHRISTUS
1132 226 1196 246 IIOI.

1117 287 1214 322 Traja-

1134 331 1187 350 IIIIS

839 400 910 435 224

983 394 1035 427 m

1142 393 1176 420 19
1247 403 1263 421 a
1279 393 1443 420 Salaminam
1458 394 1552 421 urbem
1569 393 1828 430 Cypritinterfectis

1228 430 1256 457 in
1267 436 1299 457 ea
1314 430 1471 464 gentilibus,
1488 429 1647 457 subvertere
1659 429 1760 458 Judaei.

249 511 264 537 b
281 509 416 545 Trajanus
439 509 534 537 morbo
550 509 576 535 in
602 507 712 535 civitate
735 506 876 534 Selinunte
897 506 980 542 perit,
996 506 1063 538 sive.
1090 509 1120 532 ut
1143 506 1207 533 alibi
1233 506 1364 541 scriptum
1390 506 1553 541 reperimus,
1579 507 1650 542 apud
1674 507 1827 536 Seleuciam

214 557 309 584 urbem
324 556 444 588 Isauriae,
466 556 599 590 proﬂuvio
618 554 721 582 ventris
741 555 893 582 exstinctus
916 557 959 581 est
978 561 1049 580 anno
1070 553 1157 580 aetatis
1182 561 1247 580 uni
1260 552 1308 588 [aL
1325 551 1436 587 uxm],
1460 561 1553 581 mense
1567 561 1650 586 nono,
1667 553 1712 582 die
1722 557 1829 589 quarto.

214 604 283 632 Ossa
298 605 357 639 ejus
373 605 402 631 in
417 612 514 632 urnam
528 611 637 630 auream
661 603 770 635 collata,
787 602 835 638 [αι.
853 601 977 638 collecta]
993 605 1019 629 et
1041 601 1069 628 in
1084 600 1143 628 foro
1160 601 1211 628 sub
1228 601 1353 628 columna
1369 601 1476 636 posita:
1499 601 1628 636 solusque
1644 601 1769 629 omnium
1783 602 1829 629 im-

213 655 324 686 perator
337 651 407 677 intra
421 649 519 678 Urbem
536 650 667 685 sepultus.

250 696 387 724 Adrianus
416 695 607 723 Alexandriam
633 696 682 722 abs
709 694 809 721 Jndzeis

214 732 373 767 subversam
407 731 460 767 [aL
486 730 669 767 laborantem]
697 730 810 765 publicis

215 766 376 794 instauravit
391 766 529 801 expensis.

250 802 267 827 ιλ
292 799 434 828 Adrianus
459 801 566 828 Iudaeos
595 800 667 834 capit
691 799 811 828 secundo

214 841 310 864 contra
328 837 465 863 Roxnanos
480 836 652 864 rebellantes.

988 798 1038 825 “8

1091 702 1104 720 ο
1117 692 1173 720 XII.
1188 692 1362 720 ADRIANUS
1380 694 1459 721 annis
1475 699 1531 721 xxi.

1267 728 1316 755 Hic
1329 729 1578 764 Adrianusjlalicm
1592 729 1618 756 in
1636 728 1769 764 Hispania
1782 737 1829 757 na-

1231 768 1275 791 tus
1289 764 1458 791 consobrina:
1471 762 1580 798 Trajani
1595 764 1666 791 ﬁlius
1681 762 1742 792 fuit.

1164 799 1177 825 1
1230 833 1246 835 ἡ
1267 799 1406 835 Adrianus
1428 799 1629 827 eruditissimus
1658 801 1685 826 in
1714 803 1830 835 utraque

1230 833 1321 870 lingua
1336 843 1342 861 :
1362 834 1408 870 sed
1426 835 1453 861 in
1467 841 1611 868 puerorum
1628 842 1722 862 amore
1733 833 1829 870 parum

1230 869 1373 896 continens
1385 869 1445 896 fuit.

250 962 263 979 ι·
277 946 423 980 Ᾱπιοηιέ
436 948 547 984 Traiani
574 947 700 975 invidens
713 946 806 982 gloria:
820 945 853 974 de
866 945 988 981 Assyria,
1014 944 1220 980 Mesopotamia,
1235 945 1374 977 Armenia,
1390 951 1458 980 quas
1479 945 1523 973 ille
1539 945 1693 980 provincias
1717 944 1830 977 fecerat,

215 998 330 1024 removit
347 997 493 1024 exercitus.

251 1043 386 1070 Adrianus
401 1041 504 1075 reliqua
519 1039 683 1066 tributorum
705 1037 819 1064 urbibus
838 1035 982 1068 relaxavit,
997 1035 1100 1063 chartis
1115 1035 1223 1070 publice
1240 1035 1369 1063 incensis.
1385 1035 1521 1063 Plurimos
1535 1035 1616 1062 etiam
1633 1035 1700 1070 ipsis
1719 1036 1829 1064 tributis

216 1091 315 1118 liberos
331 1089 464 1124 praestitit.

213 1181 251 1215 Β.
280 1176 485 1215 DCCCLXX.

248 1269 263 1294 g
280 1259 439 1286 Plutarchus
450 1257 625 1294 chargneus.
648 1257 675 1282 et
697 1253 806 1294 Sestus,

212 1299 239 1322 et
248 1289 449 1329 "Agathobulus,
465 1296 491 1319 et
507 1291 674 1323 OEnomaus,
688 1289 808 1324 philoso-

213 1331 256 1364 phi
270 1328 389 1364 insignes
407 1328 549 1354 habentur.

985 1195 1035 1222 M9

984 1251 1035 1278 120

1159 1196 1176 1222 2
1264 1196 1277 1230 f
1289 1195 1405 1224 Senatus
1417 1195 1563 1231 Trajanum
1579 1195 1606 1222 in
1621 1195 1687 1223 deos
1702 1195 1797 1223 refert.

1157 1251 1174 1278 5
1261 1251 1277 1277 h
1286 1251 1476 1279 Alexandrinae
1487 1250 1614 1278 Ecclesiae
1626 1251 1741 1286 quintus
1765 1260 1828 1280 con-

1230 1287 1351 1327 stituitur
1366 1287 1509 1321 episcopus
1529 1286 1623 1314 Justus
1642 1287 1724 1314 almis
1740 1288 1826 1316 unde-

1228 1329 1292 1349 cun.

247 1389 256 1414 ἰ
269 1386 541 1415 Romanae-Ecclesiae
557 1389 652 1412 sextus
665 1384 850 1418 episcopatum
865 1382 960 1410 Xistus
977 1383 1058 1410 annis
1071 1382 1164 1410 decem
1185 1385 1268 1409 tenet.

248 1434 262 1459 k
278 1434 380 1460 Bellum
394 1437 489 1460 contra
509 1432 685 1459 Sauromatas
706 1435 811 1466 gestum
843 1431 912 1466 225
988 1430 1036 1457 121

213 1474 255 1496 est
274 1470 324 1495 hoc
340 1474 471 1503 tempore.

249 1500 405 1538 Euphrates
428 1502 538 1532 Stoicus
552 1500 729 1537 philosophus
752 1507 810 1527 mo-

230 1543 294 1564 ιιιιτ.
547 1556 550 1559 ι

230 1547 294 1564 itur.
547 1556 550 1559 ι

213 1547 227 1565 Γ
248 1567 381 1607 Cephisus
400 1567 498 1599 ﬂuvms
517 1569 671 1598 Eleusinam
683 1570 812 1607 _inunda-

213 1609 252 1634 vit
269 1605 370 1642 :‘qnem
387 1608 521 1634 Adrianus
535 1610 616 1641 ponte
628 1605 806 1640 conjungens,

212 1644 326 1670 Athenis
338 1643 454 1670 hiemem
470 1643 569 1676 exegit.

985 1534 1037 1560 122

981 1569 1038 1602 ,125

1161 1429 1178 1456 4
1250 1429 1260 1454 l
1274 1428 1410 1456 Adrianus
1424 1429 1451 1456 in
1471 1429 1598 1464 Libyam,
1621 1436 1682 1464 quae
1693 1437 1708 1456 a
1727 1429 1826 1456 Judzis

1214 1468 1319 1491 vastata
1335 1464 1432 1496 fuerat,
1447 1465 1569 1492 colonias
1585 1465 1669 1491 misit.

1161 1534 1178 1561 5
1249 1531 1429 1569 ηιςΛᾱι-ἰδηιιε
1451 1533 1662 1561 Atheniensibus
1687 1534 1762 1569 leges
1782 1541 1826 1568 pe-

1161 1571 1177 1596 6
1213 1568 1333 1595 tentihus
1345 1576 1377 1604 ex
1388 1569 1519 1596 Draconis
1533 1574 1559 1596 et
1577 1569 1686 1596 Solonis
1706 1568 1826 1604 reliquo-

1214 1610 1329 1637 rumque
1346 1603 1422 1632 libris
1431 1605 1492 1639 jura
1505 1604 1673 1639 composuit:

247 1728 264 1746 η
282 1720 373 1746 Terra:
389 1723 462 1745 motu
475 1718 545 1753 apud
572 1717 725 1752 Bithyniam
747 1715 904 1743 Nicomedia
926 1716 1005 1743 ruit:
1021 1719 1048 1743 et
1071 1715 1187 1744 Nicaeum
1214 1717 1290 1744 urbis
1308 1717 1425 1752 plurima
1441 1724 1537 1745 eversa
1559 1720 1623 1745 sunt
1637 1716 1762 1744 aedilicia.
1786 1713 1824 1741 Ad

211 1773 326 1802 quorum
342 1765 566 1792 instaurationem
581 1763 717 1790 Adrianus
731 1762 763 1789 de
776 1762 884 1797 publico
903 1762 1017 1797 largitus
1030 1767 1072 1790 est
1085 1763 1235 1798 impensas.

981 1809 1031 1836 124

1158 1809 1173 1836 7

247 1867 262 1885 o
275 1855 468 1891 Hierosolymis
484 1855 607 1882 decimus
621 1858 682 1890 post
696 1854 850 1889 Philippum
871 1855 1046 1882 constituitur
1058 1855 1203 1890 episcopus
1226 1856 1340 1884 Seneca.
1358 1856 1423 1884 Post
1435 1865 1514 1892 quem
1534 1855 1696 1884 undecimus
1711 1855 1823 1884 Justus:

212 1907 255 1934 cui
270 1904 390 1933 succedit
403 1903 580 1931 duodecimus
597 1902 672 1930 Levi.
695 1902 760 1930 Post
774 1909 854 1937 quem
872 1902 1092 1930 tertiusdecimus
1115 1903 1229 1938 Ephres.
1251 1903 1370 1936 Quartus
1383 1905 1505 1931 decimus
1516 1902 1605 1932 loses.
1621 1903 1743 1938 Quintus
1753 1904 1826 1932 deci-

211 1961 272 1980 mus
285 1951 379 1979 Judas.
396 1949 428 1976 Hi
446 1957 540 1976 omnes
557 1956 643 1983 usque
666 1948 700 1974 ad
724 1947 904 1979 eversionem,
918 1955 999 1982 quam
1030 1948 1065 1975 ab
1086 1948 1205 1976 Adriano
1230 1957 1358 1984 perpessa
1387 1953 1428 1978 est
1450 1949 1630 1984 Hierusalem,
1649 1958 1684 1977 ex
1706 1950 1826 1977 circum-

211 1999 314 2027 cisione
323 1997 443 2032 episcopi
461 1995 635 2031 praefuerunt.

245 2097 260 2115 a
273 2089 341 2119 Τοὺς
355 2089 384 2114 ὲν
395 2087 525 2123 Σειλαμῖνι
535 2087 583 2122 τῆς
597 2086 710 2122 Κύπρου
720 2087 854 2122 Ἕλληνας
871 2086 990 2113 Ἰουδαῖοι

210 2134 357 2165 ἀνελόντες,
375 2133 422 2168 τὴν
440 2133 514 2159 πόλιν
535 2132 717 2166 κατέσκαψαν.
739 2132 818 2167 Sync.
833 2140 859 2166 ρ.
877 2131 939 2163 548,
957 2131 989 2159 Α.

246 2179 259 2204 b
279 2178 410 2214 Τραϊανὸς
421 2178 489 2213 νόσῳ
501 2178 622 2212 τελευτᾷ.
636 2177 746 2205 Ibidem.

245 2235 259 2252 ο
286 2226 426 2260 Ῥωμαίων
453 2226 484 2252 ιϐ’
496 2225 667 2251 ἐϐασίλευσεν
693 2225 828 2261 Ἀδριανὸς
843 2225 932 2257 Αἴλιος
944 2225 990 2260 ἔτη

211 2275 263 2298 κα’.
278 2271 390 2303 Ibidem,
412 2270 443 2298 C.
710 2279 712 2283 '

246 2317 263 2343 ά
285 2317 419 2352 Ἀδριανὸς
436 2316 578 2348 Ἰουδαίους
589 2316 658 2343 κατὰ
677 2315 869 2352 Ἀλεξανδρέων
885 2317 993 2343 στασιά-

212 2362 307 2394 ζοντας
321 2361 455 2388 ἐκόλασεν.
471 2362 582 2393 Ibidem,
593 2361 626 2389 ι).

246 2419 259 2437 a
285 2409 420 2446 ’Λδριανὸς
438 2409 525 2444 χρεῶν
543 2409 651 2444 ὀφειλὰς
666 2409 719 2435 τῶν
734 2409 778 2435 ὑπ’
794 2407 873 2435 αὐτὸν
891 2409 992 2434 πόλεων

210 2455 363 2491 ἀνηκούσαις
382 2455 420 2490 τῷ
434 2455 554 2490 δημοσίῳ
570 2455 640 2490 λόγῳ
659 2454 791 2489 ἀπέκοψε,
813 2454 915 2485 καύσας
931 2454 992 2485 τοὺς

211 2502 322 2536 χαρτας.
346 2501 374 2526 ὐ
399 2500 480 2532 αὐτὸς
507 2499 648 2535 Ῥωμαίοις
672 2499 770 2534 φόρους
794 2499 904 2530 πολλοὺς
931 2499 992 2533 ἐχα-

213 2547 316 2582 ρίσατο.
334 2545 447 2573 Ibidem.

245 2594 259 2628 f
275 2592 308 2618 'H
324 2591 473 2627 σύγκλητος
497 2591 557 2617 θεὸν
579 2591 710 2626 Τραϊανὸν
732 2590 893 2625 ἑψηφίσατο.
911 2590 989 2624 Sync.

209 2645 235 2672 ρ.
249 2637 310 2670 549,
325 2637 359 2665 Α.
375 2633 382 2637 ”

243 2692 258 2718 g
276 2683 445 2719 Πλούταρχος
467 2684 623 2718 Χαιρωνεὺς
637 2683 682 2709 καὶ
696 2683 790 2716 Σέξτος
814 2683 859 2709 καὶ
880 2683 991 2717 Ἀγαθό-

210 2726 303 2760 ϐουλος
329 2729 374 2756 καὶ
403 2729 533 2764 Οἰνόμαος
560 2729 699 2764 φιλόσοφοι
726 2729 910 2765 ὲγνωρίζοντο.
936 2730 991 2757 Ibi-

209 2772 278 2805 dem,
295 2774 328 2802 Β.

244 2820 262 2846 Ιι
276 2820 473 2858 Ἀλεξανδρείας
482 2824 628 2857 ἐπίσκοπος
636 2825 747 2857 Ἰοῦστος
756 2824 801 2859 ἔτη
811 2823 988 2859 L'.Ibidcm,B.

1079 2088 1088 2113 ἰ
1119 2088 1260 2123 Ῥωμαίων
1293 2089 1437 2120 ἐπίσκοπος
1469 2089 1563 2123 γέγονε
1587 2089 1687 2120 Ξὺατος
1718 2089 1766 2125 ἔνι-η
1791 2088 1824 2117 θ’.

1047 2135 1156 2169 Ibidem,
1176 2136 1208 2163 Β.

1080 2182 1094 2208 k
1109 2183 1281 2218 Σαυρομάται
1295 2182 1561 2219 κατεπολεμήθησαν.
1576 2183 1687 2210 Ibidem.

1079 2228 1247 2254 ι’Ᾱποικίαν
1276 2230 1315 2261 εἰς
1343 2229 1445 2264 Λιϐύην
1466 2229 1655 2264 ἐρημωθεῖσαν
1688 2227 1823 2264 Ἀδριανὸς

1043 2272 1091 2299 ἕπε
1096 2273 1173 2308 μψεν.
1190 2273 1302 2301 Ibidem.

1079 2327 1102 2344 m
1120 2318 1148 2344 Ὀ
1158 2319 1238 2351 αὐτὸς
1255 2319 1403 2355 Ἀθηναίοις
1413 2319 1556 2352 ἀξιώσασιν
1569 2321 1600 2346 ὲκ
1609 2320 1664 2346 τῶν
1675 2320 1824 2355 Δράκοντος

1043 2365 1089 2390 καὶ
1103 2364 1219 2396 Σόλωνος
1233 2366 1329 2400 νόμους
1344 2365 1526 2398 ὲπισυνέταξε,
1538 2366 1672 2401 χειμάσας
1687 2367 1728 2398 εἰς
1747 2366 1824 2401 ’Λθή-

1042 2418 1089 2441 νας
1101 2410 1147 2436 καὶ
1162 2410 1273 2446 μυηθεὶς
1286 2411 1320 2437 τὰ
1335 2411 1492 2444 Ἐλευσίνια,
1503 2413 1548 2439 καὶ
1557 2411 1721 2447 γεφυρώσας
1740 2413 1824 2438 Ἐλευ⁴

1044 2456 1103 2481 σῖνα
1119 2455 1349 2483 κατακλυσθεῖσαν
1365 2456 1416 2484 ὑπὸ
1430 2457 1549 2491 Κεφισοῦ
1562 2456 1696 2492 ποταμοῦ.
1713 2457 1821 2484 Ibidem.

1078 2509 1094 2527 η
1113 2501 1249 2536 Ἀδριανὸς
1271 2501 1451 2538 Νικομήδειαν
1476 2502 1578 2538 σεισμῷ
1600 2502 1823 2529 κατατπωθείσαν

1044 2547 1090 2573 καὶ
1106 2547 1221 2573 Νίκαιαν
1238 2547 1329 2579 πόλεις
1349 2547 1473 2580 Βιθυνίας
1490 2549 1625 2584 χρήμασιν
1645 2548 1820 2584 ἀνεστήσατο.

1043 2592 1155 2625 Ibidem,
1171 2593 1205 2619 Α.

1076 2647 1091 2664 ο
1111 2639 1301 2674 Ἰεροσολύμων
1314 2640 1424 2671 δέκατος
1447 2639 1593 2671 ἐπίσκοπος
1612 2639 1736 2671 Ένέκας·
1753 2639 1823 2666 ἑνδέ-

1042 2691 1123 2715 κατος
1151 2683 1281 2714 Ἰοῦστος⁵
1307 2684 1454 2714 δωδέκατος
1478 2684 1571 2715 Λευίςο
1601 2684 1821 2720 τρισκαιδέκατος

1048 2729 1175 2764 Ἐφραῖμ-
1202 2729 1494 2765 τεσσαρεσκαιδέκατος
1512 2729 1626 2765 Ἰωσήφ
1653 2729 1823 2756 πεντεκαιδέ-

1042 2783 1123 2806 κατος
1153 2775 1261 2807 Ἰούδας,
1290 2775 1350 2802 καθ’
1374 2775 1402 2802 δν
1428 2775 1473 2802 ἐπὶ
1499 2773 1635 2810 Ἀδριανοῦ
1664 2774 1755 2808 τελεία
1778 2773 1822 2801 καὶ

1042 2821 1140 2856 ἐσχάτη
1156 2822 1249 2855 γέγονε
1261 2822 1310 2857 τῆς
1325 2822 1426 2854 πόλεως
1440 2821 1546 2853 ἅλωσις.
1562 2820 1636 2848 Idem
1647 2830 1673 2856 ρ.
1688 2821 1752 2854 549,
