  <div class='ocr_page' id='page_1' title='image "/cluster/home/n/w/nwhite01/storage/ocr_20150623/19/njp.32101077772463/302.png"; bbox 0 0 1913 3137; ppageno 0'>
   <div class='ocr_carea' id='block_1_1' title="bbox 112 163 165 192">
    <p class='ocr_par' dir='ltr' id='par_1_1' title="bbox 112 163 165 192">
     <span class='ocr_line' id='line_1_1' title="bbox 112 163 165 192; baseline 0 0"><span class='ocrx_word' id='word_1_1' title='bbox 112 163 165 192; x_wconf 67' lang='grc'><strong>545</strong></span> 
     </span>
    </p>
   </div>
   <div class='ocr_carea' id='block_1_2' title="bbox 115 245 1730 262">
    <p class='ocr_par' dir='ltr' id='par_1_2' title="bbox 115 245 1730 262">
     <span class='ocr_line' id='line_1_2' title="bbox 115 245 1730 262; baseline -0.001 -8"><span class='ocrx_word' id='word_1_2' title='bbox 115 245 1730 262; x_wconf 55' lang='grc' dir='ltr'>Μ</span> 
     </span>
    </p>
   </div>
   <div class='ocr_carea' id='block_1_3' title="bbox 668 295 1020 318">
    <p class='ocr_par' dir='ltr' id='par_1_3' title="bbox 668 295 1020 318">
     <span class='ocr_line' id='line_1_3' title="bbox 668 295 1020 318; baseline 0.009 -3"><span class='ocrx_word' id='word_1_3' title='bbox 668 295 762 316; x_wconf 70' lang='grc' dir='ltr'>οιῐιν.</span> <span class='ocrx_word' id='word_1_4' title='bbox 791 296 920 318; x_wconf 75' lang='lat' dir='ltr'><strong>CHRISTUS</strong></span> <span class='ocrx_word' id='word_1_5' title='bbox 962 298 1020 318; x_wconf 78' lang='lat' dir='ltr'><strong>JUD.</strong></span> 
     </span>
    </p>
   </div>
   <div class='ocr_carea' id='block_1_4' title="bbox 652 443 1035 452">
    <p class='ocr_par' dir='ltr' id='par_1_4' title="bbox 652 443 1035 452">
     <span class='ocr_line' id='line_1_4' title="bbox 652 443 1035 452; baseline 0.008 -2"><span class='ocrx_word' id='word_1_6' title='bbox 652 443 756 450; x_wconf 70' lang='lat'><strong>—-—.</strong></span> <span class='ocrx_word' id='word_1_7' title='bbox 791 445 859 451; x_wconf 88' lang='lat'><strong>..__</strong></span> <span class='ocrx_word' id='word_1_8' title='bbox 863 447 897 452; x_wconf 82' lang='lat'><strong>_.</strong></span> <span class='ocrx_word' id='word_1_9' title='bbox 932 447 1035 452; x_wconf 83' lang='lat'><strong>__..</strong></span> 
     </span>
    </p>
   </div>
   <div class='ocr_carea' id='block_1_5' title="bbox 111 461 867 501">
    <p class='ocr_par' dir='ltr' id='par_1_5' title="bbox 111 461 867 501">
     <span class='ocr_line' id='line_1_5' title="bbox 111 461 867 501; baseline 0.008 -5"><span class='ocrx_word' id='word_1_10' title='bbox 111 461 151 497; x_wconf 79' lang='grc' dir='ltr'>Β.</span> <span class='ocrx_word' id='word_1_11' title='bbox 188 462 373 499; x_wconf 84' lang='lat' dir='ltr'><strong>DCCCXX.</strong></span> <span class='ocrx_word' id='word_1_12' title='bbox 519 491 522 495; x_wconf 82' lang='lat'><strong>.</strong></span> <span class='ocrx_word' id='word_1_13' title='bbox 673 467 745 501; x_wconf 81' lang='grc'><strong>212</strong></span> <span class='ocrx_word' id='word_1_14' title='bbox 833 466 867 493; x_wconf 77' lang='grc'><strong>69</strong></span> 
     </span>
    </p>
   </div>
   <div class='ocr_carea' id='block_1_6' title="bbox 730 166 1730 202">
    <p class='ocr_par' dir='ltr' id='par_1_6' title="bbox 730 166 1730 202">
     <span class='ocr_line' id='line_1_6' title="bbox 730 166 1730 202; baseline 0 -6"><span class='ocrx_word' id='word_1_15' title='bbox 730 166 978 196; x_wconf 73' lang='lat' dir='ltr'><strong>CHllONICORUM</strong></span> <span class='ocrx_word' id='word_1_16' title='bbox 997 167 1060 196; x_wconf 87' lang='lat' dir='ltr'><strong>LIB.</strong></span> <span class='ocrx_word' id='word_1_17' title='bbox 1081 169 1115 197; x_wconf 89' lang='lat' dir='ltr'><strong>ll.</strong></span> <span class='ocrx_word' id='word_1_18' title='bbox 1679 174 1730 202; x_wconf 68' lang='grc' dir='ltr'><strong>διε</strong></span> 
     </span>
    </p>
   </div>
   <div class='ocr_carea' id='block_1_7' title="bbox 1098 298 1152 319">
    <p class='ocr_par' dir='ltr' id='par_1_7' title="bbox 1098 298 1152 319">
     <span class='ocr_line' id='line_1_7' title="bbox 1098 298 1152 319; baseline 0.019 -1"><span class='ocrx_word' id='word_1_19' title='bbox 1098 298 1152 319; x_wconf 73' lang='grc' dir='ltr'>ιιοιι</span> 
     </span>
    </p>
   </div>
   <div class='ocr_carea' id='block_1_8' title="bbox 941 362 1161 398">
    <p class='ocr_par' dir='ltr' id='par_1_8' title="bbox 941 362 1161 398">
     <span class='ocr_line' id='line_1_8' title="bbox 941 362 1161 398; baseline 0.005 -9"><span class='ocrx_word' id='word_1_20' title='bbox 941 362 1036 398; x_wconf 80' lang='lat' dir='ltr'><strong>Agrip-</strong></span> <span class='ocrx_word' id='word_1_21' title='bbox 1090 362 1161 390; x_wconf 87' lang='lat' dir='ltr'><strong>Nero</strong></span> 
     </span>
    </p>
   </div>
   <div class='ocr_carea' id='block_1_9' title="bbox 969 406 1002 432">
    <p class='ocr_par' dir='ltr' id='par_1_9' title="bbox 969 406 1002 432">
     <span class='ocr_line' id='line_1_9' title="bbox 969 406 1002 432; baseline 0 -8"><span class='ocrx_word' id='word_1_22' title='bbox 969 406 1002 432; x_wconf 73' lang='lat' dir='ltr'><strong>p3</strong></span> 
     </span>
    </p>
   </div>
   <div class='ocr_carea' id='block_1_10' title="bbox 972 467 1148 495">
    <p class='ocr_par' dir='ltr' id='par_1_10' title="bbox 972 467 1148 495">
     <span class='ocr_line' id='line_1_10' title="bbox 972 467 1148 495; baseline 0.006 -1"><span class='ocrx_word' id='word_1_23' title='bbox 972 467 1007 495; x_wconf 69' lang='grc'><strong>24</strong></span> <span class='ocrx_word' id='word_1_24' title='bbox 1113 468 1148 495; x_wconf 75' lang='grc' dir='ltr'>Η</span> 
     </span>
    </p>
   </div>
   <div class='ocr_carea' id='block_1_11' title="bbox 142 560 1637 607">
    <p class='ocr_par' dir='ltr' id='par_1_11' title="bbox 142 560 1637 607">
     <span class='ocr_line' id='line_1_11' title="bbox 142 560 1637 607; baseline 0.008 -18"><span class='ocrx_word' id='word_1_25' title='bbox 142 560 175 589; x_wconf 86' lang='lat' dir='ltr'><strong>L.</strong></span> <span class='ocrx_word' id='word_1_26' title='bbox 191 563 312 591; x_wconf 74' lang='lat' dir='ltr'><strong>Annaeus</strong></span> <span class='ocrx_word' id='word_1_27' title='bbox 329 562 424 596; x_wconf 82' lang='lat' dir='ltr'><strong>Melas,</strong></span> <span class='ocrx_word' id='word_1_28' title='bbox 442 562 552 591; x_wconf 63' lang='lat' dir='ltr'><strong>Seneca;</strong></span> <span class='ocrx_word' id='word_1_29' title='bbox 568 563 652 592; x_wconf 79' lang='lat' dir='ltr'><strong>frater</strong></span> <span class='ocrx_word' id='word_1_30' title='bbox 665 569 692 592; x_wconf 92' lang='lat' dir='ltr'><strong>et</strong></span> <span class='ocrx_word' id='word_1_31' title='bbox 703 565 849 597; x_wconf 82' lang='lat' dir='ltr'><strong>Gallionis,</strong></span> <span class='ocrx_word' id='word_1_32' title='bbox 866 566 936 593; x_wconf 88' lang='lat' dir='ltr'><strong>bona</strong></span> <span class='ocrx_word' id='word_1_33' title='bbox 951 566 1054 595; x_wconf 87' lang='lat' dir='ltr'><strong>Lucani</strong></span> <span class='ocrx_word' id='word_1_34' title='bbox 1070 571 1167 604; x_wconf 81' lang='lat' dir='ltr'><strong>poetae.</strong></span> <span class='ocrx_word' id='word_1_35' title='bbox 1180 568 1228 596; x_wconf 80' lang='lat' dir='ltr'><strong>ﬁlii</strong></span> <span class='ocrx_word' id='word_1_36' title='bbox 1244 570 1299 604; x_wconf 89' lang='lat' dir='ltr'><strong>sui,</strong></span> <span class='ocrx_word' id='word_1_37' title='bbox 1315 570 1445 600; x_wconf 82' lang='lat' dir='ltr'><strong>aNerone</strong></span> <span class='ocrx_word' id='word_1_38' title='bbox 1456 577 1637 607; x_wconf 75' lang='lat' dir='ltr'><strong>promeretur.</strong></span> 
     </span>
    </p>
   </div>
   <div class='ocr_carea' id='block_1_12' title="bbox 143 609 1727 654">
    <p class='ocr_par' dir='ltr' id='par_1_12' title="bbox 143 609 1727 654">
     <span class='ocr_line' id='line_1_12' title="bbox 143 609 1727 654; baseline 0.007 -17"><span class='ocrx_word' id='word_1_39' title='bbox 143 619 161 637; x_wconf 81' lang='grc' dir='ltr'><strong>α</strong></span> <span class='ocrx_word' id='word_1_40' title='bbox 178 610 280 638; x_wconf 84' lang='lat' dir='ltr'><strong>Contra</strong></span> <span class='ocrx_word' id='word_1_41' title='bbox 297 609 417 643; x_wconf 85' lang='lat' dir='ltr'><strong>Judaeos,</strong></span> <span class='ocrx_word' id='word_1_42' title='bbox 435 611 482 647; x_wconf 88' lang='lat' dir='ltr'><strong>qui</strong></span> <span class='ocrx_word' id='word_1_43' title='bbox 496 611 581 638; x_wconf 86' lang='lat' dir='ltr'><strong>Cestii</strong></span> <span class='ocrx_word' id='word_1_44' title='bbox 597 611 669 639; x_wconf 86' lang='lat' dir='ltr'><strong>Flori</strong></span> <span class='ocrx_word' id='word_1_45' title='bbox 685 612 828 639; x_wconf 74' lang='lat' dir='ltr'><strong>avaritiam</strong></span> <span class='ocrx_word' id='word_1_46' title='bbox 844 620 900 640; x_wconf 92' lang='lat' dir='ltr'><strong>non</strong></span> <span class='ocrx_word' id='word_1_47' title='bbox 923 612 1042 642; x_wconf 80' lang='lat' dir='ltr'><strong>ferentes</strong></span> <span class='ocrx_word' id='word_1_48' title='bbox 1057 615 1235 650; x_wconf 74' lang='lat' dir='ltr'><strong>rebellabant,</strong></span> <span class='ocrx_word' id='word_1_49' title='bbox 1249 615 1435 653; x_wconf 82' lang='lat' dir='ltr'><strong>Vespasianus</strong></span> <span class='ocrx_word' id='word_1_50' title='bbox 1449 619 1579 654; x_wconf 74' lang='lat' dir='ltr'><strong>magister</strong></span> <span class='ocrx_word' id='word_1_51' title='bbox 1595 620 1699 649; x_wconf 73' lang='lat' dir='ltr'><strong>militia</strong></span> <span class='ocrx_word' id='word_1_52' title='bbox 1711 629 1727 649; x_wconf 82' lang='lat' dir='ltr'><strong>a</strong></span> 
     </span>
    </p>
   </div>
   <div class='ocr_carea' id='block_1_13' title="bbox 104 655 951 696">
    <p class='ocr_par' dir='ltr' id='par_1_13' title="bbox 104 655 951 696">
     <span class='ocr_line' id='line_1_13' title="bbox 104 655 951 696; baseline 0.007 -12"><span class='ocrx_word' id='word_1_53' title='bbox 104 655 215 685; x_wconf 82' lang='lat' dir='ltr'><strong>Nerone</strong></span> <span class='ocrx_word' id='word_1_54' title='bbox 228 658 433 692; x_wconf 69' lang='lat' dir='ltr'><strong>transmittitur,</strong></span> <span class='ocrx_word' id='word_1_55' title='bbox 451 660 500 695; x_wconf 82' lang='lat' dir='ltr'><strong>qui</strong></span> <span class='ocrx_word' id='word_1_56' title='bbox 512 661 642 696; x_wconf 87' lang='lat' dir='ltr'><strong>plurintas</strong></span> <span class='ocrx_word' id='word_1_57' title='bbox 656 660 756 689; x_wconf 70' lang='lat' dir='ltr'><strong>Judaete</strong></span> <span class='ocrx_word' id='word_1_58' title='bbox 769 662 851 690; x_wconf 87' lang='lat' dir='ltr'><strong>urbes</strong></span> <span class='ocrx_word' id='word_1_59' title='bbox 868 661 951 696; x_wconf 87' lang='lat' dir='ltr'><strong>capit.</strong></span> 
     </span>
    </p>
   </div>
   <div class='ocr_carea' id='block_1_14' title="bbox 141 703 1728 751">
    <p class='ocr_par' dir='ltr' id='par_1_14' title="bbox 141 703 1728 751">
     <span class='ocr_line' id='line_1_14' title="bbox 141 703 1728 751; baseline 0.008 -22"><span class='ocrx_word' id='word_1_60' title='bbox 141 703 156 729; x_wconf 83' lang='lat' dir='ltr'><strong><em>b</em></strong></span> <span class='ocrx_word' id='word_1_61' title='bbox 171 703 281 732; x_wconf 81' lang='lat' dir='ltr'><strong>Flavius</strong></span> <span class='ocrx_word' id='word_1_62' title='bbox 289 703 424 740; x_wconf 72' lang='lat' dir='ltr'><strong>Iosephus</strong></span> <span class='ocrx_word' id='word_1_63' title='bbox 437 707 554 742; x_wconf 85' lang='lat' dir='ltr'><strong>scriptor</strong></span> <span class='ocrx_word' id='word_1_64' title='bbox 568 707 728 741; x_wconf 88' lang='lat' dir='ltr'><strong>historicus,</strong></span> <span class='ocrx_word' id='word_1_65' title='bbox 742 708 795 735; x_wconf 86' lang='lat' dir='ltr'><strong>dux</strong></span> <span class='ocrx_word' id='word_1_66' title='bbox 812 707 874 735; x_wconf 82' lang='lat' dir='ltr'><strong>belli</strong></span> <span class='ocrx_word' id='word_1_67' title='bbox 886 706 1051 743; x_wconf 73' lang='lat' dir='ltr'><strong>Iudaeorum,</strong></span> <span class='ocrx_word' id='word_1_68' title='bbox 1065 717 1128 738; x_wconf 91' lang='lat' dir='ltr'><strong>cum</strong></span> <span class='ocrx_word' id='word_1_69' title='bbox 1144 718 1160 738; x_wconf 87' lang='lat' dir='ltr'><strong>a</strong></span> <span class='ocrx_word' id='word_1_70' title='bbox 1170 710 1300 739; x_wconf 78' lang='lat' dir='ltr'><strong>Romanis</strong></span> <span class='ocrx_word' id='word_1_71' title='bbox 1313 711 1518 741; x_wconf 82' lang='lat' dir='ltr'><strong>interﬂciendus</strong></span> <span class='ocrx_word' id='word_1_72' title='bbox 1530 718 1614 747; x_wconf 81' lang='lat' dir='ltr'><strong>esset,</strong></span> <span class='ocrx_word' id='word_1_73' title='bbox 1625 714 1728 751; x_wconf 86' lang='lat' dir='ltr'><strong>Vespa-</strong></span> 
     </span>
    </p>
   </div>
   <div class='ocr_carea' id='block_1_15' title="bbox 105 749 910 788">
    <p class='ocr_par' dir='ltr' id='par_1_15' title="bbox 105 749 910 788">
     <span class='ocr_line' id='line_1_15' title="bbox 105 749 910 788; baseline 0.006 -12"><span class='ocrx_word' id='word_1_74' title='bbox 105 749 184 777; x_wconf 86' lang='lat' dir='ltr'><strong>siano</strong></span> <span class='ocrx_word' id='word_1_75' title='bbox 200 751 364 785; x_wconf 73' lang='lat' dir='ltr'><strong>praenuntiat</strong></span> <span class='ocrx_word' id='word_1_76' title='bbox 378 751 412 779; x_wconf 91' lang='lat' dir='ltr'><strong>de</strong></span> <span class='ocrx_word' id='word_1_77' title='bbox 429 756 517 780; x_wconf 89' lang='lat' dir='ltr'><strong>morte</strong></span> <span class='ocrx_word' id='word_1_78' title='bbox 529 752 655 787; x_wconf 85' lang='lat' dir='ltr'><strong>Neronis,</strong></span> <span class='ocrx_word' id='word_1_79' title='bbox 673 757 700 780; x_wconf 89' lang='lat' dir='ltr'><strong>et</strong></span> <span class='ocrx_word' id='word_1_80' title='bbox 714 753 773 787; x_wconf 83' lang='lat' dir='ltr'><strong>ejus</strong></span> <span class='ocrx_word' id='word_1_81' title='bbox 785 754 910 788; x_wconf 89' lang='lat' dir='ltr'><strong>imperio.</strong></span> 
     </span>
    </p>
   </div>
   <div class='ocr_carea' id='block_1_16' title="bbox 140 797 1728 838">
    <p class='ocr_par' dir='ltr' id='par_1_16' title="bbox 140 797 1728 838">
     <span class='ocr_line' id='line_1_16' title="bbox 140 797 1728 838; baseline 0.006 -13"><span class='ocrx_word' id='word_1_82' title='bbox 140 806 157 825; x_wconf 80' lang='grc' dir='ltr'><strong>σ</strong></span> <span class='ocrx_word' id='word_1_83' title='bbox 171 797 252 832; x_wconf 85' lang='lat' dir='ltr'><strong>Nero,</strong></span> <span class='ocrx_word' id='word_1_84' title='bbox 267 805 328 826; x_wconf 90' lang='lat' dir='ltr'><strong>cum</strong></span> <span class='ocrx_word' id='word_1_85' title='bbox 345 807 360 826; x_wconf 87' lang='lat' dir='ltr'><strong>a</strong></span> <span class='ocrx_word' id='word_1_86' title='bbox 380 804 476 828; x_wconf 85' lang='lat' dir='ltr'><strong>senatu</strong></span> <span class='ocrx_word' id='word_1_87' title='bbox 487 804 655 835; x_wconf 58' lang='lat' dir='ltr'><strong>quareretur</strong></span> <span class='ocrx_word' id='word_1_88' title='bbox 669 800 702 827; x_wconf 78' lang='lat' dir='ltr'><strong>ad</strong></span> <span class='ocrx_word' id='word_1_89' title='bbox 717 807 836 835; x_wconf 71' lang='lat' dir='ltr'><strong>poenam,</strong></span> <span class='ocrx_word' id='word_1_90' title='bbox 850 808 865 827; x_wconf 91' lang='lat' dir='ltr'><strong>e</strong></span> <span class='ocrx_word' id='word_1_91' title='bbox 897 800 998 835; x_wconf 85' lang='lat' dir='ltr'><strong>palatio</strong></span> <span class='ocrx_word' id='word_1_92' title='bbox 1013 800 1130 836; x_wconf 76' lang='lat' dir='ltr'><strong>fugiens,</strong></span> <span class='ocrx_word' id='word_1_93' title='bbox 1147 803 1181 830; x_wconf 92' lang='lat' dir='ltr'><strong>ad</strong></span> <span class='ocrx_word' id='word_1_94' title='bbox 1198 808 1326 838; x_wconf 89' lang='lat' dir='ltr'><strong>quartum</strong></span> <span class='ocrx_word' id='word_1_95' title='bbox 1342 803 1424 832; x_wconf 86' lang='lat' dir='ltr'><strong>Urbis</strong></span> <span class='ocrx_word' id='word_1_96' title='bbox 1447 805 1604 833; x_wconf 88' lang='lat' dir='ltr'><strong>milliarium</strong></span> <span class='ocrx_word' id='word_1_97' title='bbox 1619 806 1647 834; x_wconf 89' lang='lat' dir='ltr'><strong>in</strong></span> <span class='ocrx_word' id='word_1_98' title='bbox 1663 808 1728 835; x_wconf 86' lang='lat' dir='ltr'><strong>sub-</strong></span> 
     </span>
    </p>
   </div>
   <div class='ocr_carea' id='block_1_17' title="bbox 103 844 1725 888">
    <p class='ocr_par' dir='ltr' id='par_1_17' title="bbox 103 844 1725 888">
     <span class='ocr_line' id='line_1_17' title="bbox 103 844 1725 888; baseline 0.007 -18"><span class='ocrx_word' id='word_1_99' title='bbox 103 844 214 871; x_wconf 91' lang='lat' dir='ltr'><strong>urbano</strong></span> <span class='ocrx_word' id='word_1_100' title='bbox 237 844 326 872; x_wconf 89' lang='lat' dir='ltr'><strong>liberti</strong></span> <span class='ocrx_word' id='word_1_101' title='bbox 340 845 469 874; x_wconf 78' lang='lat' dir='ltr'><strong>sui-inter</strong></span> <span class='ocrx_word' id='word_1_102' title='bbox 487 847 621 874; x_wconf 87' lang='lat' dir='ltr'><strong>Salariam</strong></span> <span class='ocrx_word' id='word_1_103' title='bbox 643 850 669 874; x_wconf 92' lang='lat' dir='ltr'><strong>et</strong></span> <span class='ocrx_word' id='word_1_104' title='bbox 686 846 881 874; x_wconf 84' lang='lat' dir='ltr'><strong>Nomentanam</strong></span> <span class='ocrx_word' id='word_1_105' title='bbox 910 846 982 874; x_wconf 89' lang='lat' dir='ltr'><strong>viam</strong></span> <span class='ocrx_word' id='word_1_106' title='bbox 999 848 1176 883; x_wconf 86' lang='lat' dir='ltr'><strong>semetipsum</strong></span> <span class='ocrx_word' id='word_1_107' title='bbox 1191 849 1339 882; x_wconf 81' lang='lat' dir='ltr'><strong>interﬁcit,</strong></span> <span class='ocrx_word' id='word_1_108' title='bbox 1358 857 1430 878; x_wconf 91' lang='lat' dir='ltr'><strong>anno</strong></span> <span class='ocrx_word' id='word_1_109' title='bbox 1447 851 1536 878; x_wconf 84' lang='lat' dir='ltr'><strong>aetatis</strong></span> <span class='ocrx_word' id='word_1_110' title='bbox 1557 860 1615 880; x_wconf 80' lang='lat' dir='ltr'><strong>suae</strong></span> <span class='ocrx_word' id='word_1_111' title='bbox 1637 861 1725 888; x_wconf 73' lang='lat' dir='ltr'><strong>uxr,</strong></span> 
     </span>
    </p>
   </div>
   <div class='ocr_carea' id='block_1_18' title="bbox 102 890 904 926">
    <p class='ocr_par' dir='ltr' id='par_1_18' title="bbox 102 890 904 926">
     <span class='ocr_line' id='line_1_18' title="bbox 102 890 904 926; baseline -0.002 -8"><span class='ocrx_word' id='word_1_112' title='bbox 102 893 188 925; x_wconf 76' lang='lat' dir='ltr'><strong>atque</strong></span> <span class='ocrx_word' id='word_1_113' title='bbox 202 890 231 918; x_wconf 94' lang='lat' dir='ltr'><strong>in</strong></span> <span class='ocrx_word' id='word_1_114' title='bbox 247 897 280 918; x_wconf 90' lang='lat' dir='ltr'><strong>eo</strong></span> <span class='ocrx_word' id='word_1_115' title='bbox 294 891 385 920; x_wconf 88' lang='lat' dir='ltr'><strong>omnis</strong></span> <span class='ocrx_word' id='word_1_116' title='bbox 401 891 516 926; x_wconf 83' lang='lat' dir='ltr'><strong>Augusti</strong></span> <span class='ocrx_word' id='word_1_117' title='bbox 531 891 635 918; x_wconf 80' lang='lat' dir='ltr'><strong>familia</strong></span> <span class='ocrx_word' id='word_1_118' title='bbox 646 894 837 918; x_wconf 86' lang='lat' dir='ltr'><strong>consummata</strong></span> <span class='ocrx_word' id='word_1_119' title='bbox 852 893 904 917; x_wconf 83' lang='lat' dir='ltr'><strong>est.</strong></span> 
     </span>
    </p>
   </div>
   <div class='ocr_carea' id='block_1_19' title="bbox 138 935 1590 977">
    <p class='ocr_par' dir='ltr' id='par_1_19' title="bbox 138 935 1590 977">
     <span class='ocr_line' id='line_1_19' title="bbox 138 935 1590 977; baseline 0.006 -14"><span class='ocrx_word' id='word_1_120' title='bbox 138 936 158 963; x_wconf 70' lang='grc' dir='ltr'><em>ἀ</em></span> <span class='ocrx_word' id='word_1_121' title='bbox 175 936 240 965; x_wconf 90' lang='lat' dir='ltr'><strong>Post</strong></span> <span class='ocrx_word' id='word_1_122' title='bbox 256 936 390 965; x_wconf 89' lang='lat' dir='ltr'><strong>Neronem</strong></span> <span class='ocrx_word' id='word_1_123' title='bbox 406 937 491 965; x_wconf 81' lang='lat' dir='ltr'><strong>Galba</strong></span> <span class='ocrx_word' id='word_1_124' title='bbox 508 938 536 965; x_wconf 91' lang='lat' dir='ltr'><strong>in</strong></span> <span class='ocrx_word' id='word_1_125' title='bbox 552 937 672 970; x_wconf 86' lang='lat' dir='ltr'><strong>Hiberia,</strong></span> <span class='ocrx_word' id='word_1_126' title='bbox 686 936 812 964; x_wconf 84' lang='lat' dir='ltr'><strong>Vitellius</strong></span> <span class='ocrx_word' id='word_1_127' title='bbox 825 936 853 963; x_wconf 94' lang='lat' dir='ltr'><strong>in</strong></span> <span class='ocrx_word' id='word_1_128' title='bbox 873 935 1028 970; x_wconf 87' lang='lat' dir='ltr'><strong>Germania,</strong></span> <span class='ocrx_word' id='word_1_129' title='bbox 1045 937 1116 966; x_wconf 89' lang='lat' dir='ltr'><strong>Otho</strong></span> <span class='ocrx_word' id='word_1_130' title='bbox 1130 938 1233 972; x_wconf 60' lang='lat' dir='ltr'><strong>Romae,</strong></span> <span class='ocrx_word' id='word_1_131' title='bbox 1252 940 1394 976; x_wconf 83' lang='lat' dir='ltr'><strong>imperium</strong></span> <span class='ocrx_word' id='word_1_132' title='bbox 1407 942 1590 977; x_wconf 89' lang='lat' dir='ltr'><strong>arripuerunt.</strong></span> 
     </span>
    </p>
   </div>
   <div class='ocr_carea' id='block_1_20' title="bbox 140 982 1012 1017">
    <p class='ocr_par' dir='ltr' id='par_1_20' title="bbox 140 982 1012 1017">
     <span class='ocr_line' id='line_1_20' title="bbox 140 982 1012 1017; baseline 0 -7"><span class='ocrx_word' id='word_1_133' title='bbox 140 982 251 1011; x_wconf 78' lang='lat' dir='ltr'><strong>Marcus</strong></span> <span class='ocrx_word' id='word_1_134' title='bbox 267 983 367 1011; x_wconf 84' lang='lat' dir='ltr'><strong>Fabius</strong></span> <span class='ocrx_word' id='word_1_135' title='bbox 383 983 568 1017; x_wconf 85' lang='lat' dir='ltr'><strong>Quintilianus</strong></span> <span class='ocrx_word' id='word_1_136' title='bbox 582 983 697 1011; x_wconf 79' lang='lat' dir='ltr'><strong>Romam</strong></span> <span class='ocrx_word' id='word_1_137' title='bbox 713 991 728 1010; x_wconf 91' lang='lat' dir='ltr'><strong>a</strong></span> <span class='ocrx_word' id='word_1_138' title='bbox 744 982 826 1010; x_wconf 89' lang='lat' dir='ltr'><strong>Galba</strong></span> <span class='ocrx_word' id='word_1_139' title='bbox 842 982 1012 1017; x_wconf 88' lang='lat' dir='ltr'><strong>perducitur.</strong></span> 
     </span>
    </p>
   </div>
   <div class='ocr_carea' id='block_1_21' title="bbox 140 1028 1177 1066">
    <p class='ocr_par' dir='ltr' id='par_1_21' title="bbox 140 1028 1177 1066">
     <span class='ocr_line' id='line_1_21' title="bbox 140 1028 1177 1066; baseline 0.002 -10"><span class='ocrx_word' id='word_1_140' title='bbox 140 1037 156 1056; x_wconf 74' lang='grc' dir='ltr'><strong>ε</strong></span> <span class='ocrx_word' id='word_1_141' title='bbox 169 1028 355 1064; x_wconf 86' lang='lat' dir='ltr'><strong>Vespasianus</strong></span> <span class='ocrx_word' id='word_1_142' title='bbox 370 1029 476 1057; x_wconf 91' lang='lat' dir='ltr'><strong>duobus</strong></span> <span class='ocrx_word' id='word_1_143' title='bbox 492 1029 594 1064; x_wconf 82' lang='lat' dir='ltr'><strong>praeliis</strong></span> <span class='ocrx_word' id='word_1_144' title='bbox 607 1033 750 1065; x_wconf 83' lang='lat' dir='ltr'><strong>superatos</strong></span> <span class='ocrx_word' id='word_1_145' title='bbox 760 1028 868 1057; x_wconf 72' lang='lat' dir='ltr'><strong>Iudaeos</strong></span> <span class='ocrx_word' id='word_1_146' title='bbox 884 1029 917 1056; x_wconf 91' lang='lat' dir='ltr'><strong>ad</strong></span> <span class='ocrx_word' id='word_1_147' title='bbox 929 1037 1024 1057; x_wconf 89' lang='lat' dir='ltr'><strong>muros</strong></span> <span class='ocrx_word' id='word_1_148' title='bbox 1036 1031 1177 1066; x_wconf 89' lang='lat' dir='ltr'><strong>compulit.</strong></span> 
     </span>
    </p>
   </div>
   <div class='ocr_carea' id='block_1_22' title="bbox 139 1074 1384 1112">
    <p class='ocr_par' dir='ltr' id='par_1_22' title="bbox 139 1074 1384 1112">
     <span class='ocr_line' id='line_1_22' title="bbox 139 1074 1384 1112; baseline 0.003 -10"><span class='ocrx_word' id='word_1_149' title='bbox 139 1074 226 1103; x_wconf 88' lang='lat' dir='ltr'><strong>Galba</strong></span> <span class='ocrx_word' id='word_1_150' title='bbox 247 1075 363 1110; x_wconf 89' lang='lat' dir='ltr'><strong>septimo</strong></span> <span class='ocrx_word' id='word_1_151' title='bbox 377 1083 471 1104; x_wconf 87' lang='lat' dir='ltr'><strong>mense</strong></span> <span class='ocrx_word' id='word_1_152' title='bbox 487 1076 593 1112; x_wconf 89' lang='lat' dir='ltr'><strong>imperii</strong></span> <span class='ocrx_word' id='word_1_153' title='bbox 613 1076 655 1103; x_wconf 86' lang='lat' dir='ltr'><strong>sui</strong></span> <span class='ocrx_word' id='word_1_154' title='bbox 669 1075 696 1102; x_wconf 92' lang='lat' dir='ltr'><strong>in</strong></span> <span class='ocrx_word' id='word_1_155' title='bbox 710 1075 799 1102; x_wconf 88' lang='lat' dir='ltr'><strong>medio</strong></span> <span class='ocrx_word' id='word_1_156' title='bbox 812 1074 942 1102; x_wconf 74' lang='lat' dir='ltr'><strong>Romana:</strong></span> <span class='ocrx_word' id='word_1_157' title='bbox 957 1075 1033 1103; x_wconf 87' lang='lat' dir='ltr'><strong>urbis</strong></span> <span class='ocrx_word' id='word_1_158' title='bbox 1050 1076 1107 1104; x_wconf 75' lang='lat' dir='ltr'><strong>foro</strong></span> <span class='ocrx_word' id='word_1_159' title='bbox 1125 1077 1215 1112; x_wconf 87' lang='lat' dir='ltr'><strong>capite</strong></span> <span class='ocrx_word' id='word_1_160' title='bbox 1230 1081 1384 1107; x_wconf 87' lang='lat' dir='ltr'><strong>truncatur.</strong></span> 
     </span>
    </p>
   </div>
   <div class='ocr_carea' id='block_1_23' title="bbox 139 1120 1456 1157">
    <p class='ocr_par' dir='ltr' id='par_1_23' title="bbox 139 1120 1456 1157">
     <span class='ocr_line' id='line_1_23' title="bbox 139 1120 1456 1157; baseline 0.005 -9"><span class='ocrx_word' id='word_1_161' title='bbox 139 1121 214 1149; x_wconf 89' lang='lat' dir='ltr'><strong>Otho</strong></span> <span class='ocrx_word' id='word_1_162' title='bbox 229 1122 310 1149; x_wconf 90' lang='lat' dir='ltr'><strong>tertio</strong></span> <span class='ocrx_word' id='word_1_163' title='bbox 326 1122 402 1157; x_wconf 70' lang='lat' dir='ltr'><strong>regni</strong></span> <span class='ocrx_word' id='word_1_164' title='bbox 417 1121 458 1149; x_wconf 91' lang='lat' dir='ltr'><strong>sui</strong></span> <span class='ocrx_word' id='word_1_165' title='bbox 475 1129 568 1150; x_wconf 88' lang='lat' dir='ltr'><strong>mense</strong></span> <span class='ocrx_word' id='word_1_166' title='bbox 578 1121 649 1157; x_wconf 91' lang='lat' dir='ltr'><strong>apud</strong></span> <span class='ocrx_word' id='word_1_167' title='bbox 666 1120 820 1148; x_wconf 87' lang='lat' dir='ltr'><strong>Vetriacum</strong></span> <span class='ocrx_word' id='word_1_168' title='bbox 837 1120 889 1156; x_wconf 86' lang='lat' dir='ltr'><strong>[aL</strong></span> <span class='ocrx_word' id='word_1_169' title='bbox 902 1120 1077 1157; x_wconf 87' lang='lat' dir='ltr'><strong>Bebriacum]</strong></span> <span class='ocrx_word' id='word_1_170' title='bbox 1092 1123 1203 1157; x_wconf 87' lang='lat' dir='ltr'><strong>propria</strong></span> <span class='ocrx_word' id='word_1_171' title='bbox 1218 1131 1301 1151; x_wconf 87' lang='lat' dir='ltr'><strong>manu</strong></span> <span class='ocrx_word' id='word_1_172' title='bbox 1317 1126 1456 1154; x_wconf 88' lang='lat' dir='ltr'><strong>occubuit.</strong></span> 
     </span>
    </p>
   </div>
   <div class='ocr_carea' id='block_1_24' title="bbox 136 1165 1723 1210">
    <p class='ocr_par' dir='ltr' id='par_1_24' title="bbox 136 1165 1723 1210">
     <span class='ocr_line' id='line_1_24' title="bbox 136 1165 1723 1210; baseline 0.008 -16"><span class='ocrx_word' id='word_1_173' title='bbox 136 1167 274 1200; x_wconf 74' lang='lat' dir='ltr'><strong>Vitellius,</strong></span> <span class='ocrx_word' id='word_1_174' title='bbox 289 1175 305 1194; x_wconf 91' lang='lat' dir='ltr'><strong>a</strong></span> <span class='ocrx_word' id='word_1_175' title='bbox 323 1165 484 1203; x_wconf 83' lang='lat' dir='ltr'><strong>Vespasiani</strong></span> <span class='ocrx_word' id='word_1_176' title='bbox 509 1167 624 1196; x_wconf 91' lang='lat' dir='ltr'><strong>ducibus</strong></span> <span class='ocrx_word' id='word_1_177' title='bbox 650 1167 769 1201; x_wconf 87' lang='lat' dir='ltr'><strong>occisus,</strong></span> <span class='ocrx_word' id='word_1_178' title='bbox 788 1167 816 1194; x_wconf 92' lang='lat' dir='ltr'><strong>in</strong></span> <span class='ocrx_word' id='word_1_179' title='bbox 833 1166 951 1194; x_wconf 86' lang='lat' dir='ltr'><strong>Tiberim</strong></span> <span class='ocrx_word' id='word_1_180' title='bbox 968 1167 1120 1202; x_wconf 86' lang='lat' dir='ltr'><strong>projicitur,</strong></span> <span class='ocrx_word' id='word_1_181' title='bbox 1140 1174 1236 1198; x_wconf 85' lang='lat' dir='ltr'><strong>octavo</strong></span> <span class='ocrx_word' id='word_1_182' title='bbox 1254 1179 1349 1200; x_wconf 87' lang='lat' dir='ltr'><strong>mense</strong></span> <span class='ocrx_word' id='word_1_183' title='bbox 1375 1173 1480 1209; x_wconf 88' lang='lat' dir='ltr'><strong>imperii</strong></span> <span class='ocrx_word' id='word_1_184' title='bbox 1492 1175 1546 1210; x_wconf 89' lang='lat' dir='ltr'><strong>sui,</strong></span> <span class='ocrx_word' id='word_1_185' title='bbox 1557 1178 1583 1203; x_wconf 77' lang='lat' dir='ltr'><strong>et</strong></span> <span class='ocrx_word' id='word_1_186' title='bbox 1595 1174 1641 1205; x_wconf 80' lang='lat' dir='ltr'><strong>die</strong></span> <span class='ocrx_word' id='word_1_187' title='bbox 1657 1185 1723 1208; x_wconf 88' lang='lat' dir='ltr'><strong>uno.</strong></span> 
     </span>
    </p>
   </div>
   <div class='ocr_carea' id='block_1_25' title="bbox 136 1214 1069 1251">
    <p class='ocr_par' dir='ltr' id='par_1_25' title="bbox 136 1214 1069 1251">
     <span class='ocr_line' id='line_1_25' title="bbox 136 1214 1069 1251; baseline 0.002 -9"><span class='ocrx_word' id='word_1_188' title='bbox 136 1214 235 1247; x_wconf 87' lang='lat' dir='ltr'><strong>Galba,</strong></span> <span class='ocrx_word' id='word_1_189' title='bbox 249 1214 330 1249; x_wconf 86' lang='lat' dir='ltr'><strong>Otho,</strong></span> <span class='ocrx_word' id='word_1_190' title='bbox 346 1215 482 1249; x_wconf 83' lang='lat' dir='ltr'><strong>Vitellius,</strong></span> <span class='ocrx_word' id='word_1_191' title='bbox 500 1218 681 1251; x_wconf 75' lang='lat' dir='ltr'><strong>regnaverunt</strong></span> <span class='ocrx_word' id='word_1_192' title='bbox 693 1222 765 1242; x_wconf 93' lang='lat' dir='ltr'><strong>anno</strong></span> <span class='ocrx_word' id='word_1_193' title='bbox 779 1222 844 1246; x_wconf 90' lang='lat' dir='ltr'><strong>uno,</strong></span> <span class='ocrx_word' id='word_1_194' title='bbox 856 1214 997 1243; x_wconf 83' lang='lat' dir='ltr'><strong>mensibus</strong></span> <span class='ocrx_word' id='word_1_195' title='bbox 1012 1222 1069 1244; x_wconf 82' lang='lat' dir='ltr'><strong>sex.</strong></span> 
     </span>
    </p>
   </div>
   <div class='ocr_carea' id='block_1_26' title="bbox 134 1260 934 1299">
    <p class='ocr_par' dir='ltr' id='par_1_26' title="bbox 134 1260 934 1299">
     <span class='ocr_line' id='line_1_26' title="bbox 134 1260 934 1299; baseline 0.003 -11"><span class='ocrx_word' id='word_1_196' title='bbox 134 1261 151 1295; x_wconf 81' lang='lat' dir='ltr'><em>f</em></span> <span class='ocrx_word' id='word_1_197' title='bbox 166 1260 320 1290; x_wconf 72' lang='lat' dir='ltr'><strong>Antiochiae</strong></span> <span class='ocrx_word' id='word_1_198' title='bbox 337 1262 476 1291; x_wconf 88' lang='lat' dir='ltr'><strong>secundus</strong></span> <span class='ocrx_word' id='word_1_199' title='bbox 491 1261 636 1298; x_wconf 81' lang='lat' dir='ltr'><strong>episcopus</strong></span> <span class='ocrx_word' id='word_1_200' title='bbox 648 1262 791 1290; x_wconf 88' lang='lat' dir='ltr'><strong>ordinatur</strong></span> <span class='ocrx_word' id='word_1_201' title='bbox 803 1261 934 1299; x_wconf 77' lang='lat' dir='ltr'><strong>lgnatius.</strong></span> 
     </span>
    </p>
   </div>
   <div class='ocr_carea' id='block_1_27' title="bbox 822 1478 856 1505">
    <p class='ocr_par' dir='ltr' id='par_1_27' title="bbox 822 1478 856 1505">
     <span class='ocr_line' id='line_1_27' title="bbox 822 1478 856 1505; baseline 0 0"><span class='ocrx_word' id='word_1_202' title='bbox 822 1478 856 1505; x_wconf 87' lang='lat'><strong>70</strong></span> 
     </span>
    </p>
   </div>
   <div class='ocr_carea' id='block_1_28' title="bbox 998 1352 1721 1392">
    <p class='ocr_par' dir='ltr' id='par_1_28' title="bbox 998 1352 1721 1392">
     <span class='ocr_line' id='line_1_28' title="bbox 998 1352 1721 1392; baseline 0.014 -14"><span class='ocrx_word' id='word_1_203' title='bbox 998 1361 1013 1388; x_wconf 80' lang='lat' dir='ltr'><strong><em>g</em></strong></span> <span class='ocrx_word' id='word_1_204' title='bbox 1028 1352 1086 1380; x_wconf 83' lang='lat' dir='ltr'><strong>Vll.</strong></span> <span class='ocrx_word' id='word_1_205' title='bbox 1120 1352 1358 1383; x_wconf 69' lang='lat' dir='ltr'><strong>VESPASIANUS</strong></span> <span class='ocrx_word' id='word_1_206' title='bbox 1374 1357 1453 1385; x_wconf 88' lang='lat' dir='ltr'><strong>annis</strong></span> <span class='ocrx_word' id='word_1_207' title='bbox 1467 1364 1506 1390; x_wconf 80' lang='lat' dir='ltr'><strong>tr,</strong></span> <span class='ocrx_word' id='word_1_208' title='bbox 1523 1359 1665 1388; x_wconf 85' lang='lat' dir='ltr'><strong>mensibus</strong></span> <span class='ocrx_word' id='word_1_209' title='bbox 1681 1367 1721 1392; x_wconf 74' lang='grc' dir='ltr'><strong>ιι,</strong></span> 
     </span>
    </p>
   </div>
   <div class='ocr_carea' id='block_1_29' title="bbox 1048 1398 1226 1428">
    <p class='ocr_par' dir='ltr' id='par_1_29' title="bbox 1048 1398 1226 1428">
     <span class='ocr_line' id='line_1_29' title="bbox 1048 1398 1226 1428; baseline 0.011 -2"><span class='ocrx_word' id='word_1_210' title='bbox 1048 1398 1145 1427; x_wconf 89' lang='lat' dir='ltr'><strong>diebus</strong></span> <span class='ocrx_word' id='word_1_211' title='bbox 1157 1408 1226 1428; x_wconf 65' lang='grc' dir='ltr'>χιιι.</span> 
     </span>
    </p>
   </div>
   <div class='ocr_carea' id='block_1_30' title="bbox 963 1478 1136 1507">
    <p class='ocr_par' dir='ltr' id='par_1_30' title="bbox 963 1478 1136 1507">
     <span class='ocr_line' id='line_1_30' title="bbox 963 1478 1136 1507; baseline 0.012 -2"><span class='ocrx_word' id='word_1_212' title='bbox 963 1478 998 1506; x_wconf 78' lang='lat'><strong><em>25</em></strong></span> <span class='ocrx_word' id='word_1_213' title='bbox 1123 1481 1136 1507; x_wconf 78' lang='grc'><strong>1</strong></span> 
     </span>
    </p>
   </div>
   <div class='ocr_carea' id='block_1_31' title="bbox 133 1554 1720 1596">
    <p class='ocr_par' dir='ltr' id='par_1_31' title="bbox 133 1554 1720 1596">
     <span class='ocr_line' id='line_1_31' title="bbox 133 1554 1720 1596; baseline 0.005 -14"><span class='ocrx_word' id='word_1_214' title='bbox 133 1556 150 1582; x_wconf 80' lang='lat' dir='ltr'><strong>h</strong></span> <span class='ocrx_word' id='word_1_215' title='bbox 166 1554 352 1590; x_wconf 81' lang='lat' dir='ltr'><strong>Vespasianus</strong></span> <span class='ocrx_word' id='word_1_216' title='bbox 369 1555 440 1591; x_wconf 90' lang='lat' dir='ltr'><strong>apud</strong></span> <span class='ocrx_word' id='word_1_217' title='bbox 453 1554 574 1583; x_wconf 59' lang='lat' dir='ltr'><strong>Iudaeam</strong></span> <span class='ocrx_word' id='word_1_218' title='bbox 593 1555 741 1590; x_wconf 83' lang='lat' dir='ltr'><strong>imperator</strong></span> <span class='ocrx_word' id='word_1_219' title='bbox 755 1556 790 1585; x_wconf 92' lang='lat' dir='ltr'><strong>ab</strong></span> <span class='ocrx_word' id='word_1_220' title='bbox 802 1557 926 1585; x_wconf 80' lang='lat' dir='ltr'><strong>exercitu</strong></span> <span class='ocrx_word' id='word_1_221' title='bbox 943 1558 1106 1593; x_wconf 88' lang='lat' dir='ltr'><strong>appellatus,</strong></span> <span class='ocrx_word' id='word_1_222' title='bbox 1118 1561 1145 1587; x_wconf 87' lang='lat' dir='ltr'><strong>et</strong></span> <span class='ocrx_word' id='word_1_223' title='bbox 1168 1559 1267 1587; x_wconf 88' lang='lat' dir='ltr'><strong>bellum</strong></span> <span class='ocrx_word' id='word_1_224' title='bbox 1289 1558 1351 1587; x_wconf 91' lang='lat' dir='ltr'><strong>Tito</strong></span> <span class='ocrx_word' id='word_1_225' title='bbox 1367 1559 1422 1588; x_wconf 81' lang='lat' dir='ltr'><strong>tilio</strong></span> <span class='ocrx_word' id='word_1_226' title='bbox 1438 1561 1646 1596; x_wconf 87' lang='lat' dir='ltr'><strong>commendans,</strong></span> <span class='ocrx_word' id='word_1_227' title='bbox 1661 1562 1720 1590; x_wconf 78' lang='lat' dir='ltr'><strong>Ba-</strong></span> 
     </span>
    </p>
   </div>
   <div class='ocr_carea' id='block_1_32' title="bbox 99 1604 654 1640">
    <p class='ocr_par' dir='ltr' id='par_1_32' title="bbox 99 1604 654 1640">
     <span class='ocr_line' id='line_1_32' title="bbox 99 1604 654 1640; baseline 0 -8"><span class='ocrx_word' id='word_1_228' title='bbox 99 1612 172 1632; x_wconf 71' lang='lat' dir='ltr'><strong>nam</strong></span> <span class='ocrx_word' id='word_1_229' title='bbox 188 1612 237 1640; x_wconf 89' lang='lat' dir='ltr'><strong>per</strong></span> <span class='ocrx_word' id='word_1_230' title='bbox 251 1604 443 1632; x_wconf 81' lang='lat' dir='ltr'><strong>Alexandriam</strong></span> <span class='ocrx_word' id='word_1_231' title='bbox 460 1604 654 1640; x_wconf 78' lang='lat' dir='ltr'><strong>proﬁciscitur.</strong></span> 
     </span>
    </p>
   </div>
   <div class='ocr_carea' id='block_1_33' title="bbox 131 1684 851 1721">
    <p class='ocr_par' dir='ltr' id='par_1_33' title="bbox 131 1684 851 1721">
     <span class='ocr_line' id='line_1_33' title="bbox 131 1684 851 1721; baseline 0 -8"><span class='ocrx_word' id='word_1_232' title='bbox 131 1684 300 1721; x_wconf 83' lang='lat' dir='ltr'><strong>Capitolium</strong></span> <span class='ocrx_word' id='word_1_233' title='bbox 314 1685 406 1713; x_wconf 67' lang='lat' dir='ltr'><strong>Romae</strong></span> <span class='ocrx_word' id='word_1_234' title='bbox 420 1685 572 1714; x_wconf 87' lang='lat' dir='ltr'><strong>incensum.</strong></span> <span class='ocrx_word' id='word_1_235' title='bbox 821 1687 851 1714; x_wconf 80' lang='grc' dir='ltr'>Ἠ</span> 
     </span>
    </p>
   </div>
   <div class='ocr_carea' id='block_1_34' title="bbox 959 1687 1134 1715">
    <p class='ocr_par' dir='ltr' id='par_1_34' title="bbox 959 1687 1134 1715">
     <span class='ocr_line' id='line_1_34' title="bbox 959 1687 1134 1715; baseline 0.006 -1"><span class='ocrx_word' id='word_1_236' title='bbox 959 1687 994 1714; x_wconf 71' lang='grc'><strong>26</strong></span> <span class='ocrx_word' id='word_1_237' title='bbox 1116 1689 1134 1715; x_wconf 76' lang='grc'><strong>2</strong></span> 
     </span>
    </p>
   </div>
   <div class='ocr_carea' id='block_1_35' title="bbox 133 1782 1722 1822">
    <p class='ocr_par' dir='ltr' id='par_1_35' title="bbox 133 1782 1722 1822">
     <span class='ocr_line' id='line_1_35' title="bbox 133 1782 1722 1822; baseline 0.001 -9"><span class='ocrx_word' id='word_1_238' title='bbox 133 1787 145 1813; x_wconf 78' lang='grc' dir='ltr'><strong>ἰ</strong></span> <span class='ocrx_word' id='word_1_239' title='bbox 159 1782 250 1820; x_wconf 85' lang='lat' dir='ltr'><strong>Titus,</strong></span> <span class='ocrx_word' id='word_1_240' title='bbox 267 1782 360 1813; x_wconf 75' lang='lat' dir='ltr'><strong>Judaea</strong></span> <span class='ocrx_word' id='word_1_241' title='bbox 380 1789 459 1820; x_wconf 87' lang='lat' dir='ltr'><strong>capta</strong></span> <span class='ocrx_word' id='word_1_242' title='bbox 481 1789 508 1813; x_wconf 90' lang='lat' dir='ltr'><strong>et</strong></span> <span class='ocrx_word' id='word_1_243' title='bbox 528 1785 723 1822; x_wconf 79' lang='lat' dir='ltr'><strong>Hierosolymis</strong></span> <span class='ocrx_word' id='word_1_244' title='bbox 739 1785 894 1820; x_wconf 87' lang='lat' dir='ltr'><strong>subversis,</strong></span> <span class='ocrx_word' id='word_1_245' title='bbox 910 1793 944 1814; x_wconf 85' lang='lat' dir='ltr'><strong>nc</strong></span> <span class='ocrx_word' id='word_1_246' title='bbox 961 1786 1045 1814; x_wconf 88' lang='lat' dir='ltr'><strong>millia</strong></span> <span class='ocrx_word' id='word_1_247' title='bbox 1069 1787 1190 1814; x_wconf 88' lang='lat' dir='ltr'><strong>virorum</strong></span> <span class='ocrx_word' id='word_1_248' title='bbox 1215 1785 1352 1814; x_wconf 84' lang='lat' dir='ltr'><strong>interﬁcit.</strong></span> <span class='ocrx_word' id='word_1_249' title='bbox 1375 1785 1510 1822; x_wconf 85' lang='lat' dir='ltr'><strong>Josepltus</strong></span> <span class='ocrx_word' id='word_1_250' title='bbox 1534 1794 1599 1815; x_wconf 86' lang='lat' dir='ltr'><strong>vero</strong></span> <span class='ocrx_word' id='word_1_251' title='bbox 1625 1787 1722 1819; x_wconf 74' lang='lat' dir='ltr'><strong>scribit.</strong></span> 
     </span>
    </p>
   </div>
   <div class='ocr_carea' id='block_1_36' title="bbox 97 1831 1721 1868">
    <p class='ocr_par' dir='ltr' id='par_1_36' title="bbox 97 1831 1721 1868">
     <span class='ocr_line' id='line_1_36' title="bbox 97 1831 1721 1868; baseline 0.001 -9"><span class='ocrx_word' id='word_1_252' title='bbox 97 1832 230 1860; x_wconf 88' lang='lat' dir='ltr'><strong>undecies</strong></span> <span class='ocrx_word' id='word_1_253' title='bbox 245 1836 360 1859; x_wconf 84' lang='lat' dir='ltr'><strong>centena</strong></span> <span class='ocrx_word' id='word_1_254' title='bbox 375 1832 459 1858; x_wconf 87' lang='lat' dir='ltr'><strong>millia</strong></span> <span class='ocrx_word' id='word_1_255' title='bbox 475 1832 545 1859; x_wconf 87' lang='lat' dir='ltr'><strong>fame</strong></span> <span class='ocrx_word' id='word_1_256' title='bbox 561 1836 588 1859; x_wconf 91' lang='lat' dir='ltr'><strong>et</strong></span> <span class='ocrx_word' id='word_1_257' title='bbox 609 1831 698 1867; x_wconf 78' lang='lat' dir='ltr'><strong>gladio</strong></span> <span class='ocrx_word' id='word_1_258' title='bbox 714 1832 840 1866; x_wconf 89' lang='lat' dir='ltr'><strong>periisse,</strong></span> <span class='ocrx_word' id='word_1_259' title='bbox 856 1835 883 1859; x_wconf 90' lang='lat' dir='ltr'><strong>et</strong></span> <span class='ocrx_word' id='word_1_260' title='bbox 898 1832 951 1859; x_wconf 90' lang='lat' dir='ltr'><strong>alia</strong></span> <span class='ocrx_word' id='word_1_261' title='bbox 966 1837 1074 1860; x_wconf 86' lang='lat' dir='ltr'><strong>centum</strong></span> <span class='ocrx_word' id='word_1_262' title='bbox 1089 1832 1173 1860; x_wconf 88' lang='lat' dir='ltr'><strong>millia</strong></span> <span class='ocrx_word' id='word_1_263' title='bbox 1188 1834 1358 1868; x_wconf 87' lang='lat' dir='ltr'><strong>captivorum</strong></span> <span class='ocrx_word' id='word_1_264' title='bbox 1375 1833 1484 1868; x_wconf 89' lang='lat' dir='ltr'><strong>publice</strong></span> <span class='ocrx_word' id='word_1_265' title='bbox 1500 1834 1666 1861; x_wconf 84' lang='lat' dir='ltr'><strong>venundata.</strong></span> <span class='ocrx_word' id='word_1_266' title='bbox 1685 1833 1721 1861; x_wconf 89' lang='lat' dir='ltr'><strong>Ut</strong></span> 
     </span>
    </p>
   </div>
   <div class='ocr_carea' id='block_1_37' title="bbox 94 1877 1721 1914">
    <p class='ocr_par' dir='ltr' id='par_1_37' title="bbox 94 1877 1721 1914">
     <span class='ocr_line' id='line_1_37' title="bbox 94 1877 1721 1914; baseline 0.002 -10"><span class='ocrx_word' id='word_1_267' title='bbox 94 1882 188 1905; x_wconf 84' lang='lat' dir='ltr'><strong>autem</strong></span> <span class='ocrx_word' id='word_1_268' title='bbox 206 1881 282 1905; x_wconf 87' lang='lat' dir='ltr'><strong>tanta</strong></span> <span class='ocrx_word' id='word_1_269' title='bbox 295 1877 442 1905; x_wconf 86' lang='lat' dir='ltr'><strong>multitudo</strong></span> <span class='ocrx_word' id='word_1_270' title='bbox 457 1877 654 1913; x_wconf 80' lang='lat' dir='ltr'><strong>Hierosolymis</strong></span> <span class='ocrx_word' id='word_1_271' title='bbox 670 1878 847 1912; x_wconf 89' lang='lat' dir='ltr'><strong>reperiretur,</strong></span> <span class='ocrx_word' id='word_1_272' title='bbox 862 1886 975 1907; x_wconf 87' lang='lat' dir='ltr'><strong>causam</strong></span> <span class='ocrx_word' id='word_1_273' title='bbox 989 1886 1146 1914; x_wconf 85' lang='lat' dir='ltr'><strong>azymorum</strong></span> <span class='ocrx_word' id='word_1_274' title='bbox 1161 1878 1247 1906; x_wconf 78' lang='lat' dir='ltr'><strong>fuisse</strong></span> <span class='ocrx_word' id='word_1_275' title='bbox 1258 1877 1361 1906; x_wconf 77' lang='lat' dir='ltr'><strong>refert:</strong></span> <span class='ocrx_word' id='word_1_276' title='bbox 1377 1879 1412 1906; x_wconf 93' lang='lat' dir='ltr'><strong>ob</strong></span> <span class='ocrx_word' id='word_1_277' title='bbox 1427 1886 1487 1914; x_wconf 63' lang='lat' dir='ltr'><strong>qua:</strong></span> <span class='ocrx_word' id='word_1_278' title='bbox 1501 1886 1533 1906; x_wconf 88' lang='lat' dir='ltr'><strong>ex</strong></span> <span class='ocrx_word' id='word_1_279' title='bbox 1549 1879 1623 1906; x_wconf 85' lang='lat' dir='ltr'><strong>omni</strong></span> <span class='ocrx_word' id='word_1_280' title='bbox 1641 1882 1721 1914; x_wconf 72' lang='lat' dir='ltr'><strong>gente</strong></span> 
     </span>
    </p>
   </div>
   <div class='ocr_carea' id='block_1_38' title="bbox 94 1921 1720 1959">
    <p class='ocr_par' dir='ltr' id='par_1_38' title="bbox 94 1921 1720 1959">
     <span class='ocr_line' id='line_1_38' title="bbox 94 1921 1720 1959; baseline 0.002 -9"><span class='ocrx_word' id='word_1_281' title='bbox 94 1922 182 1950; x_wconf 66' lang='lat' dir='ltr'><strong>Judaei</strong></span> <span class='ocrx_word' id='word_1_282' title='bbox 195 1923 229 1950; x_wconf 87' lang='lat' dir='ltr'><strong>ad</strong></span> <span class='ocrx_word' id='word_1_283' title='bbox 245 1922 374 1958; x_wconf 91' lang='lat' dir='ltr'><strong>templum</strong></span> <span class='ocrx_word' id='word_1_284' title='bbox 386 1921 564 1956; x_wconf 78' lang='lat' dir='ltr'><strong>conﬂuentes,</strong></span> <span class='ocrx_word' id='word_1_285' title='bbox 581 1922 648 1950; x_wconf 84' lang='lat' dir='ltr'><strong>urbe</strong></span> <span class='ocrx_word' id='word_1_286' title='bbox 663 1923 741 1958; x_wconf 84' lang='lat' dir='ltr'><strong>quasi</strong></span> <span class='ocrx_word' id='word_1_287' title='bbox 757 1931 869 1952; x_wconf 85' lang='lat' dir='ltr'><strong>carcere</strong></span> <span class='ocrx_word' id='word_1_288' title='bbox 897 1928 962 1952; x_wconf 87' lang='lat' dir='ltr'><strong>sunt</strong></span> <span class='ocrx_word' id='word_1_289' title='bbox 984 1924 1092 1951; x_wconf 87' lang='lat' dir='ltr'><strong>reclusi.</strong></span> <span class='ocrx_word' id='word_1_290' title='bbox 1113 1923 1238 1959; x_wconf 89' lang='lat' dir='ltr'><strong>Oportuit</strong></span> <span class='ocrx_word' id='word_1_291' title='bbox 1253 1924 1326 1952; x_wconf 90' lang='lat' dir='ltr'><strong>enim</strong></span> <span class='ocrx_word' id='word_1_292' title='bbox 1340 1924 1368 1952; x_wconf 93' lang='lat' dir='ltr'><strong>in</strong></span> <span class='ocrx_word' id='word_1_293' title='bbox 1383 1924 1426 1952; x_wconf 90' lang='lat' dir='ltr'><strong>his</strong></span> <span class='ocrx_word' id='word_1_294' title='bbox 1440 1924 1535 1953; x_wconf 86' lang='lat' dir='ltr'><strong>diebus</strong></span> <span class='ocrx_word' id='word_1_295' title='bbox 1551 1924 1662 1953; x_wconf 78' lang='lat' dir='ltr'><strong>Paschte</strong></span> <span class='ocrx_word' id='word_1_296' title='bbox 1672 1933 1720 1953; x_wconf 81' lang='lat' dir='ltr'><strong>eos</strong></span> 
     </span>
    </p>
   </div>
   <div class='ocr_carea' id='block_1_39' title="bbox 95 1970 784 2007">
    <p class='ocr_par' dir='ltr' id='par_1_39' title="bbox 95 1970 784 2007">
     <span class='ocr_line' id='line_1_39' title="bbox 95 1970 784 2007; baseline 0.001 -9"><span class='ocrx_word' id='word_1_297' title='bbox 95 1971 227 2006; x_wconf 85' lang='lat' dir='ltr'><strong>interﬁci,</strong></span> <span class='ocrx_word' id='word_1_298' title='bbox 239 1971 267 1999; x_wconf 89' lang='lat' dir='ltr'><strong>in</strong></span> <span class='ocrx_word' id='word_1_299' title='bbox 279 1971 379 2007; x_wconf 87' lang='lat' dir='ltr'><strong>quibus</strong></span> <span class='ocrx_word' id='word_1_300' title='bbox 397 1970 566 1998; x_wconf 84' lang='lat' dir='ltr'><strong>Salvatorem</strong></span> <span class='ocrx_word' id='word_1_301' title='bbox 580 1971 784 1999; x_wconf 83' lang='lat' dir='ltr'><strong>cruciﬁxerant.</strong></span> 
     </span>
    </p>
   </div>
   <div class='ocr_carea' id='block_1_40' title="bbox 130 2068 880 2104">
    <p class='ocr_par' dir='ltr' id='par_1_40' title="bbox 130 2068 880 2104">
     <span class='ocr_line' id='line_1_40' title="bbox 130 2068 880 2104; baseline -0.001 -6"><span class='ocrx_word' id='word_1_302' title='bbox 130 2081 148 2099; x_wconf 81' lang='grc' dir='ltr'><strong>α</strong></span> <span class='ocrx_word' id='word_1_303' title='bbox 167 2071 286 2098; x_wconf 81' lang='grc' dir='ltr'><strong>Ἰουδαῖοι</strong></span> <span class='ocrx_word' id='word_1_304' title='bbox 302 2069 444 2104; x_wconf 85' lang='grc' dir='ltr'>Ῥωμαίων</span> <span class='ocrx_word' id='word_1_305' title='bbox 458 2068 615 2104; x_wconf 78' lang='grc' dir='ltr'>ἀπέστησαν</span> <span class='ocrx_word' id='word_1_306' title='bbox 625 2070 672 2096; x_wconf 79' lang='grc' dir='ltr'>ἐπὶ</span> <span class='ocrx_word' id='word_1_307' title='bbox 685 2070 795 2097; x_wconf 79' lang='grc' dir='ltr'>Γεστίου</span> <span class='ocrx_word' id='word_1_308' title='bbox 808 2070 880 2097; x_wconf 77' lang='grc' dir='ltr'><strong>Φλώ-</strong></span> 
     </span>
    </p>
   </div>
   <div class='ocr_carea' id='block_1_41' title="bbox 94 2114 879 2155">
    <p class='ocr_par' dir='ltr' id='par_1_41' title="bbox 94 2114 879 2155">
     <span class='ocr_line' id='line_1_41' title="bbox 94 2114 879 2155; baseline -0.001 -11"><span class='ocrx_word' id='word_1_309' title='bbox 94 2125 143 2155; x_wconf 81' lang='grc' dir='ltr'><strong>ρου</strong></span> <span class='ocrx_word' id='word_1_310' title='bbox 160 2117 206 2144; x_wconf 82' lang='grc' dir='ltr'>διὰ</span> <span class='ocrx_word' id='word_1_311' title='bbox 221 2115 375 2148; x_wconf 79' lang='grc' dir='ltr'><strong>πλεονεξίαν</strong></span> <span class='ocrx_word' id='word_1_312' title='bbox 397 2114 478 2141; x_wconf 79' lang='grc' dir='ltr'>αὐτοῦ</span> <span class='ocrx_word' id='word_1_313' title='bbox 495 2114 628 2151; x_wconf 82' lang='grc' dir='ltr'>ἄμετρον·</span> <span class='ocrx_word' id='word_1_314' title='bbox 645 2117 687 2150; x_wconf 77' lang='grc' dir='ltr'><strong>ἐφ’</strong></span> <span class='ocrx_word' id='word_1_315' title='bbox 703 2116 748 2148; x_wconf 82' lang='grc' dir='ltr'><strong>οὓς</strong></span> <span class='ocrx_word' id='word_1_316' title='bbox 762 2118 775 2143; x_wconf 81' lang='grc' dir='ltr'><strong>δ</strong></span> <span class='ocrx_word' id='word_1_317' title='bbox 786 2116 879 2152; x_wconf 79' lang='grc' dir='ltr'>Νέρων</span> 
     </span>
    </p>
   </div>
   <div class='ocr_carea' id='block_1_42' title="bbox 93 2160 880 2198">
    <p class='ocr_par' dir='ltr' id='par_1_42' title="bbox 93 2160 880 2198">
     <span class='ocr_line' id='line_1_42' title="bbox 93 2160 880 2198; baseline -0.001 -8"><span class='ocrx_word' id='word_1_318' title='bbox 93 2162 300 2191; x_wconf 77' lang='grc' dir='ltr'>οὐεσπασιανδν</span> <span class='ocrx_word' id='word_1_319' title='bbox 333 2160 570 2197; x_wconf 80' lang='grc' dir='ltr'><strong>στρατοπεδάρχην</strong></span> <span class='ocrx_word' id='word_1_320' title='bbox 604 2162 767 2198; x_wconf 74' lang='grc' dir='ltr'>ἐξέπεμψεν.</span> <span class='ocrx_word' id='word_1_321' title='bbox 805 2161 880 2189; x_wconf 79' lang='lat' dir='ltr'><strong>Idem</strong></span> 
     </span>
    </p>
   </div>
   <div class='ocr_carea' id='block_1_43' title="bbox 93 2208 247 2245">
    <p class='ocr_par' dir='ltr' id='par_1_43' title="bbox 93 2208 247 2245">
     <span class='ocr_line' id='line_1_43' title="bbox 93 2208 247 2245; baseline -0.006 -9"><span class='ocrx_word' id='word_1_322' title='bbox 93 2215 119 2245; x_wconf 76' lang='grc' dir='ltr'><strong>ρ.</strong></span> <span class='ocrx_word' id='word_1_323' title='bbox 134 2209 198 2241; x_wconf 79' lang='grc'><strong>556,</strong></span> <span class='ocrx_word' id='word_1_324' title='bbox 213 2208 247 2235; x_wconf 89' lang='lat' dir='ltr'><strong>D.</strong></span> 
     </span>
    </p>
   </div>
   <div class='ocr_carea' id='block_1_44' title="bbox 130 2253 881 2290">
    <p class='ocr_par' dir='ltr' id='par_1_44' title="bbox 130 2253 881 2290">
     <span class='ocr_line' id='line_1_44' title="bbox 130 2253 881 2290; baseline -0.003 -8"><span class='ocrx_word' id='word_1_325' title='bbox 130 2256 144 2282; x_wconf 85' lang='lat' dir='ltr'><strong>b</strong></span> <span class='ocrx_word' id='word_1_326' title='bbox 164 2254 278 2286; x_wconf 81' lang='grc' dir='ltr'>Φλάϐιος</span> <span class='ocrx_word' id='word_1_327' title='bbox 305 2254 457 2289; x_wconf 83' lang='grc' dir='ltr'>Ἰώσηππος</span> <span class='ocrx_word' id='word_1_328' title='bbox 482 2254 672 2290; x_wconf 79' lang='grc' dir='ltr'>συγγραφεὺς,</span> <span class='ocrx_word' id='word_1_329' title='bbox 692 2253 881 2289; x_wconf 77' lang='grc' dir='ltr'><strong>στρατηγήσας</strong></span> 
     </span>
    </p>
   </div>
   <div class='ocr_carea' id='block_1_45' title="bbox 93 2298 880 2337">
    <p class='ocr_par' dir='ltr' id='par_1_45' title="bbox 93 2298 880 2337">
     <span class='ocr_line' id='line_1_45' title="bbox 93 2298 880 2337; baseline -0.003 -10"><span class='ocrx_word' id='word_1_330' title='bbox 93 2301 166 2337; x_wconf 81' lang='grc' dir='ltr'>ὑπὲρ</span> <span class='ocrx_word' id='word_1_331' title='bbox 183 2298 340 2331; x_wconf 79' lang='grc' dir='ltr'>Ἰουδαίων,</span> <span class='ocrx_word' id='word_1_332' title='bbox 365 2300 412 2327; x_wconf 71' lang='grc' dir='ltr'><strong>καὶ</strong></span> <span class='ocrx_word' id='word_1_333' title='bbox 430 2299 534 2335; x_wconf 77' lang='grc' dir='ltr'><strong>μέλλων</strong></span> <span class='ocrx_word' id='word_1_334' title='bbox 549 2300 588 2331; x_wconf 81' lang='grc' dir='ltr'><strong>είς</strong></span> <span class='ocrx_word' id='word_1_335' title='bbox 604 2299 648 2326; x_wconf 82' lang='grc' dir='ltr'><strong>τὸν</strong></span> <span class='ocrx_word' id='word_1_336' title='bbox 666 2299 781 2335; x_wconf 77' lang='grc' dir='ltr'>πόλεμον</span> <span class='ocrx_word' id='word_1_337' title='bbox 804 2300 880 2326; x_wconf 84' lang='grc' dir='ltr'>ἀναι-</span> 
     </span>
    </p>
   </div>
   <div class='ocr_carea' id='block_1_46' title="bbox 97 2344 881 2381">
    <p class='ocr_par' dir='ltr' id='par_1_46' title="bbox 97 2344 881 2381">
     <span class='ocr_line' id='line_1_46' title="bbox 97 2344 881 2381; baseline -0.001 -9"><span class='ocrx_word' id='word_1_338' title='bbox 97 2345 202 2381; x_wconf 80' lang='grc' dir='ltr'>ρεῖσθαι</span> <span class='ocrx_word' id='word_1_339' title='bbox 215 2365 224 2379; x_wconf 85' lang='grc'>,</span> <span class='ocrx_word' id='word_1_340' title='bbox 247 2344 369 2376; x_wconf 73' lang='grc' dir='ltr'>Θεσπίζει</span> <span class='ocrx_word' id='word_1_341' title='bbox 391 2344 585 2380; x_wconf 76' lang='grc' dir='ltr'><strong>Οὐεσπασιανῷ</strong></span> <span class='ocrx_word' id='word_1_342' title='bbox 606 2345 669 2380; x_wconf 80' lang='grc' dir='ltr'>περὶ</span> <span class='ocrx_word' id='word_1_343' title='bbox 689 2346 738 2380; x_wconf 83' lang='grc' dir='ltr'>τῆς</span> <span class='ocrx_word' id='word_1_344' title='bbox 757 2344 881 2380; x_wconf 77' lang='grc' dir='ltr'><strong>Νέρωνος</strong></span> 
     </span>
    </p>
   </div>
   <div class='ocr_carea' id='block_1_47' title="bbox 92 2389 878 2428">
    <p class='ocr_par' dir='ltr' id='par_1_47' title="bbox 92 2389 878 2428">
     <span class='ocr_line' id='line_1_47' title="bbox 92 2389 878 2428; baseline -0.004 -9"><span class='ocrx_word' id='word_1_345' title='bbox 92 2393 242 2428; x_wconf 74' lang='grc' dir='ltr'><strong>τελευτῆς,</strong></span> <span class='ocrx_word' id='word_1_346' title='bbox 258 2391 306 2418; x_wconf 78' lang='grc' dir='ltr'><strong>καὶ</strong></span> <span class='ocrx_word' id='word_1_347' title='bbox 326 2391 376 2426; x_wconf 78' lang='grc' dir='ltr'>τῆς</span> <span class='ocrx_word' id='word_1_348' title='bbox 396 2391 478 2418; x_wconf 79' lang='grc' dir='ltr'>αὑτοῦ</span> <span class='ocrx_word' id='word_1_349' title='bbox 502 2390 706 2418; x_wconf 73' lang='grc' dir='ltr'><strong>Οὐεσπασιανοῦ</strong></span> <span class='ocrx_word' id='word_1_350' title='bbox 734 2389 878 2426; x_wconf 81' lang='grc' dir='ltr'>βασιλείας.</span> 
     </span>
    </p>
   </div>
   <div class='ocr_carea' id='block_1_48' title="bbox 93 2437 459 2472">
    <p class='ocr_par' dir='ltr' id='par_1_48' title="bbox 93 2437 459 2472">
     <span class='ocr_line' id='line_1_48' title="bbox 93 2437 459 2472; baseline -0.005 -6"><span class='ocrx_word' id='word_1_351' title='bbox 93 2438 192 2466; x_wconf 79' lang='lat' dir='ltr'><strong>Chron.</strong></span> <span class='ocrx_word' id='word_1_352' title='bbox 207 2437 297 2472; x_wconf 79' lang='lat' dir='ltr'><strong>pascit.</strong></span> <span class='ocrx_word' id='word_1_353' title='bbox 309 2446 336 2472; x_wconf 89' lang='lat' dir='ltr'><strong>p.</strong></span> <span class='ocrx_word' id='word_1_354' title='bbox 348 2437 411 2469; x_wconf 71' lang='lat'><strong>230,</strong></span> <span class='ocrx_word' id='word_1_355' title='bbox 424 2437 459 2464; x_wconf 91' lang='lat' dir='ltr'><strong>D.</strong></span> 
     </span>
    </p>
   </div>
   <div class='ocr_carea' id='block_1_49' title="bbox 128 2481 808 2519">
    <p class='ocr_par' dir='ltr' id='par_1_49' title="bbox 128 2481 808 2519">
     <span class='ocr_line' id='line_1_49' title="bbox 128 2481 808 2519; baseline -0.003 -8"><span class='ocrx_word' id='word_1_356' title='bbox 128 2493 143 2512; x_wconf 83' lang='lat' dir='ltr'><strong>c</strong></span> <span class='ocrx_word' id='word_1_357' title='bbox 159 2483 254 2519; x_wconf 81' lang='grc' dir='ltr'><strong>Νέρων</strong></span> <span class='ocrx_word' id='word_1_358' title='bbox 267 2483 361 2510; x_wconf 75' lang='grc' dir='ltr'>ἑαυτὸν</span> <span class='ocrx_word' id='word_1_359' title='bbox 377 2482 492 2509; x_wconf 80' lang='grc' dir='ltr'>ἀνεῖλεν.</span> <span class='ocrx_word' id='word_1_360' title='bbox 507 2482 640 2510; x_wconf 74' lang='lat' dir='ltr'><strong>Cedrenus</strong></span> <span class='ocrx_word' id='word_1_361' title='bbox 655 2490 681 2517; x_wconf 87' lang='lat' dir='ltr'><strong>p.</strong></span> <span class='ocrx_word' id='word_1_362' title='bbox 697 2481 759 2514; x_wconf 77' lang='grc'><strong>215,</strong></span> <span class='ocrx_word' id='word_1_363' title='bbox 777 2482 808 2509; x_wconf 85' lang='grc' dir='ltr'><strong>Ῑ).</strong></span> 
     </span>
    </p>
   </div>
   <div class='ocr_carea' id='block_1_50' title="bbox 128 2527 879 2564">
    <p class='ocr_par' dir='ltr' id='par_1_50' title="bbox 128 2527 879 2564">
     <span class='ocr_line' id='line_1_50' title="bbox 128 2527 879 2564; baseline -0.004 -8"><span class='ocrx_word' id='word_1_364' title='bbox 128 2530 146 2556; x_wconf 82' lang='lat' dir='ltr'><strong>d</strong></span> <span class='ocrx_word' id='word_1_365' title='bbox 163 2529 242 2556; x_wconf 82' lang='grc' dir='ltr'>Μετὰ</span> <span class='ocrx_word' id='word_1_366' title='bbox 257 2529 382 2564; x_wconf 82' lang='grc' dir='ltr'>Νέρωνος</span> <span class='ocrx_word' id='word_1_367' title='bbox 403 2528 509 2560; x_wconf 82' lang='grc' dir='ltr'>Γάλϐας</span> <span class='ocrx_word' id='word_1_368' title='bbox 530 2527 703 2555; x_wconf 76' lang='grc' dir='ltr'>ἐϐασίλευσεν</span> <span class='ocrx_word' id='word_1_369' title='bbox 720 2528 749 2554; x_wconf 84' lang='grc' dir='ltr'>ὲν</span> <span class='ocrx_word' id='word_1_370' title='bbox 766 2527 879 2563; x_wconf 80' lang='grc' dir='ltr'>Ἰϐηρίᾳ,</span> 
     </span>
    </p>
   </div>
   <div class='ocr_carea' id='block_1_51' title="bbox 92 2572 880 2608">
    <p class='ocr_par' dir='ltr' id='par_1_51' title="bbox 92 2572 880 2608">
     <span class='ocr_line' id='line_1_51' title="bbox 92 2572 880 2608; baseline -0.003 -7"><span class='ocrx_word' id='word_1_371' title='bbox 92 2574 247 2605; x_wconf 84' lang='grc' dir='ltr'>οὺιτέλλιος</span> <span class='ocrx_word' id='word_1_372' title='bbox 259 2574 288 2600; x_wconf 84' lang='grc' dir='ltr'>ὲν</span> <span class='ocrx_word' id='word_1_373' title='bbox 301 2573 452 2608; x_wconf 82' lang='grc' dir='ltr'>Γερμανίᾳ·</span> <span class='ocrx_word' id='word_1_374' title='bbox 468 2573 556 2600; x_wconf 81' lang='grc' dir='ltr'>Ὄθων</span> <span class='ocrx_word' id='word_1_375' title='bbox 571 2573 616 2599; x_wconf 77' lang='grc' dir='ltr'><strong>ἐπὶ</strong></span> <span class='ocrx_word' id='word_1_376' title='bbox 630 2572 753 2608; x_wconf 82' lang='grc' dir='ltr'><strong>Ῥώμης·</strong></span> <span class='ocrx_word' id='word_1_377' title='bbox 767 2572 880 2604; x_wconf 75' lang='grc' dir='ltr'>ἕκαστος</span> 
     </span>
    </p>
   </div>
   <div class='ocr_carea' id='block_1_52' title="bbox 92 2618 877 2656">
    <p class='ocr_par' dir='ltr' id='par_1_52' title="bbox 92 2618 877 2656">
     <span class='ocr_line' id='line_1_52' title="bbox 92 2618 877 2656; baseline -0.003 -8"><span class='ocrx_word' id='word_1_378' title='bbox 92 2621 183 2648; x_wconf 73' lang='grc' dir='ltr'>αὐτῶν</span> <span class='ocrx_word' id='word_1_379' title='bbox 201 2620 255 2656; x_wconf 66' lang='grc' dir='ltr'>ἰδίᾳ</span> <span class='ocrx_word' id='word_1_380' title='bbox 275 2619 361 2654; x_wconf 77' lang='grc' dir='ltr'>ἐπέϐη</span> <span class='ocrx_word' id='word_1_381' title='bbox 380 2621 414 2655; x_wconf 75' lang='grc' dir='ltr'>τῇ</span> <span class='ocrx_word' id='word_1_382' title='bbox 435 2619 516 2655; x_wconf 86' lang='grc' dir='ltr'>ἀρχῇ.</span> <span class='ocrx_word' id='word_1_383' title='bbox 540 2618 637 2646; x_wconf 82' lang='lat' dir='ltr'><strong>Chron.</strong></span> <span class='ocrx_word' id='word_1_384' title='bbox 661 2619 750 2653; x_wconf 77' lang='lat' dir='ltr'><strong>pascit.</strong></span> <span class='ocrx_word' id='word_1_385' title='bbox 772 2626 798 2653; x_wconf 81' lang='grc' dir='ltr'><strong>ρ.</strong></span> <span class='ocrx_word' id='word_1_386' title='bbox 815 2619 877 2653; x_wconf 70' lang='grc'><strong>245,</strong></span> 
     </span>
    </p>
   </div>
   <div class='ocr_carea' id='block_1_53' title="bbox 92 2667 155 2694">
    <p class='ocr_par' dir='ltr' id='par_1_53' title="bbox 92 2667 155 2694">
     <span class='ocr_line' id='line_1_53' title="bbox 92 2667 155 2694; baseline 0 0"><span class='ocrx_word' id='word_1_387' title='bbox 92 2667 155 2694; x_wconf 58' lang='grc'><strong>216.</strong></span> 
     </span>
    </p>
   </div>
   <div class='ocr_carea' id='block_1_54' title="bbox 126 2711 880 2749">
    <p class='ocr_par' dir='ltr' id='par_1_54' title="bbox 126 2711 880 2749">
     <span class='ocr_line' id='line_1_54' title="bbox 126 2711 880 2749; baseline 0 -9"><span class='ocrx_word' id='word_1_388' title='bbox 126 2722 140 2740; x_wconf 84' lang='lat' dir='ltr'><strong>e</strong></span> <span class='ocrx_word' id='word_1_389' title='bbox 157 2711 362 2744; x_wconf 78' lang='grc' dir='ltr'>Οὐεσπασιανὸς</span> <span class='ocrx_word' id='word_1_390' title='bbox 378 2712 438 2739; x_wconf 74' lang='grc' dir='ltr'>δυσὶ</span> <span class='ocrx_word' id='word_1_391' title='bbox 459 2711 586 2747; x_wconf 81' lang='grc' dir='ltr'>πολέμοις</span> <span class='ocrx_word' id='word_1_392' title='bbox 610 2712 752 2744; x_wconf 80' lang='grc' dir='ltr'>Ἰουδαίους</span> <span class='ocrx_word' id='word_1_393' title='bbox 780 2712 880 2749; x_wconf 77' lang='grc' dir='ltr'>τρεψά-</span> 
     </span>
    </p>
   </div>
   <div class='ocr_carea' id='block_1_55' title="bbox 95 2757 879 2794">
    <p class='ocr_par' dir='ltr' id='par_1_55' title="bbox 95 2757 879 2794">
     <span class='ocr_line' id='line_1_55' title="bbox 95 2757 879 2794; baseline 0 -10"><span class='ocrx_word' id='word_1_394' title='bbox 95 2767 173 2794; x_wconf 84' lang='grc' dir='ltr'>μενος</span> <span class='ocrx_word' id='word_1_395' title='bbox 191 2758 364 2786; x_wconf 81' lang='grc' dir='ltr'>ἀπέκλεισεν.</span> <span class='ocrx_word' id='word_1_396' title='bbox 384 2757 463 2793; x_wconf 84' lang='lat' dir='ltr'><strong>Sync.</strong></span> <span class='ocrx_word' id='word_1_397' title='bbox 479 2765 504 2792; x_wconf 80' lang='grc' dir='ltr'><strong>ρ.</strong></span> <span class='ocrx_word' id='word_1_398' title='bbox 523 2757 590 2790; x_wconf 62' lang='grc'><strong>540,</strong></span> <span class='ocrx_word' id='word_1_399' title='bbox 612 2758 644 2785; x_wconf 84' lang='grc' dir='ltr'>Β.</span> <span class='ocrx_word' id='word_1_400' title='bbox 660 2758 766 2790; x_wconf 85' lang='grc' dir='ltr'>Γάλϐας</span> <span class='ocrx_word' id='word_1_401' title='bbox 787 2758 879 2784; x_wconf 79' lang='grc' dir='ltr'>ἐϐασί-</span> 
     </span>
    </p>
   </div>
   <div class='ocr_carea' id='block_1_56' title="bbox 93 2804 881 2841">
    <p class='ocr_par' dir='ltr' id='par_1_56' title="bbox 93 2804 881 2841">
     <span class='ocr_line' id='line_1_56' title="bbox 93 2804 881 2841; baseline -0.001 -10"><span class='ocrx_word' id='word_1_402' title='bbox 93 2805 171 2832; x_wconf 78' lang='grc' dir='ltr'>λευσε</span> <span class='ocrx_word' id='word_1_403' title='bbox 197 2805 287 2841; x_wconf 79' lang='grc' dir='ltr'>μῆνας</span> <span class='ocrx_word' id='word_1_404' title='bbox 311 2805 344 2836; x_wconf 81' lang='grc' dir='ltr'><strong>ζ’.</strong></span> <span class='ocrx_word' id='word_1_405' title='bbox 368 2804 414 2831; x_wconf 79' lang='grc' dir='ltr'>καὶ</span> <span class='ocrx_word' id='word_1_406' title='bbox 437 2805 465 2830; x_wconf 86' lang='grc' dir='ltr'><strong>ὲν</strong></span> <span class='ocrx_word' id='word_1_407' title='bbox 487 2804 556 2839; x_wconf 81' lang='grc' dir='ltr'>μέσῃ</span> <span class='ocrx_word' id='word_1_408' title='bbox 572 2804 604 2839; x_wconf 81' lang='grc' dir='ltr'>τῇ</span> <span class='ocrx_word' id='word_1_409' title='bbox 628 2804 770 2839; x_wconf 84' lang='grc' dir='ltr'>Ῥωμαίων</span> <span class='ocrx_word' id='word_1_410' title='bbox 793 2804 881 2840; x_wconf 81' lang='grc' dir='ltr'>ἀγορᾷ</span> 
     </span>
    </p>
   </div>
   <div class='ocr_carea' id='block_1_57' title="bbox 93 2848 878 2887">
    <p class='ocr_par' dir='ltr' id='par_1_57' title="bbox 93 2848 878 2887">
     <span class='ocr_line' id='line_1_57' title="bbox 93 2848 878 2887; baseline -0.001 -10"><span class='ocrx_word' id='word_1_411' title='bbox 93 2852 142 2887; x_wconf 76' lang='grc' dir='ltr'>τὴν</span> <span class='ocrx_word' id='word_1_412' title='bbox 153 2851 277 2887; x_wconf 68' lang='grc' dir='ltr'>κεφαλὴν</span> <span class='ocrx_word' id='word_1_413' title='bbox 290 2849 446 2885; x_wconf 80' lang='grc' dir='ltr'><strong>ἀπετμήθη.</strong></span> <span class='ocrx_word' id='word_1_414' title='bbox 463 2848 551 2875; x_wconf 80' lang='grc' dir='ltr'>Ὄθων</span> <span class='ocrx_word' id='word_1_415' title='bbox 566 2849 725 2884; x_wconf 76' lang='grc' dir='ltr'>βασιλεύσας</span> <span class='ocrx_word' id='word_1_416' title='bbox 740 2850 826 2885; x_wconf 83' lang='grc' dir='ltr'>μῆνας</span> <span class='ocrx_word' id='word_1_417' title='bbox 843 2853 878 2884; x_wconf 86' lang='grc' dir='ltr'><strong>γ’,</strong></span> 
     </span>
    </p>
   </div>
   <div class='ocr_carea' id='block_1_58' title="bbox 93 2895 854 2934">
    <p class='ocr_par' dir='ltr' id='par_1_58' title="bbox 93 2895 854 2934">
     <span class='ocr_line' id='line_1_58' title="bbox 93 2895 854 2934; baseline -0.003 -10"><span class='ocrx_word' id='word_1_418' title='bbox 93 2897 272 2934; x_wconf 70' lang='grc' dir='ltr'>διεχειρίσατο</span> <span class='ocrx_word' id='word_1_419' title='bbox 290 2896 395 2922; x_wconf 69' lang='grc' dir='ltr'>ἑαυτόν.</span> <span class='ocrx_word' id='word_1_420' title='bbox 414 2895 501 2922; x_wconf 81' lang='lat' dir='ltr'><strong>Chron</strong></span> <span class='ocrx_word' id='word_1_421' title='bbox 526 2895 612 2931; x_wconf 72' lang='lat' dir='ltr'><strong>past/1.</strong></span> <span class='ocrx_word' id='word_1_422' title='bbox 630 2904 646 2930; x_wconf 82' lang='grc' dir='ltr'>ρ</span> <span class='ocrx_word' id='word_1_423' title='bbox 670 2896 732 2929; x_wconf 68' lang='grc' dir='ltr'><strong>Ἡὸ,</strong></span> <span class='ocrx_word' id='word_1_424' title='bbox 746 2896 808 2929; x_wconf 59' lang='grc' dir='ltr'>ἓίϐ,</span> <span class='ocrx_word' id='word_1_425' title='bbox 822 2896 854 2923; x_wconf 80' lang='grc' dir='ltr'><strong>Α,</strong></span> 
     </span>
    </p>
   </div>
   <div class='ocr_carea' id='block_1_59' title="bbox 969 2068 1718 2105">
    <p class='ocr_par' dir='ltr' id='par_1_59' title="bbox 969 2068 1718 2105">
     <span class='ocr_line' id='line_1_59' title="bbox 969 2068 1718 2105; baseline 0.001 -9"><span class='ocrx_word' id='word_1_426' title='bbox 969 2070 982 2102; x_wconf 80' lang='lat' dir='ltr'><strong><em>f</em></strong></span> <span class='ocrx_word' id='word_1_427' title='bbox 993 2069 1155 2104; x_wconf 83' lang='grc' dir='ltr'>Ἀντιοχείας</span> <span class='ocrx_word' id='word_1_428' title='bbox 1166 2069 1314 2101; x_wconf 72' lang='grc' dir='ltr'>ἐπίσκοπος</span> <span class='ocrx_word' id='word_1_429' title='bbox 1328 2069 1466 2103; x_wconf 82' lang='grc' dir='ltr'>Ἰγνάτιος.</span> <span class='ocrx_word' id='word_1_430' title='bbox 1479 2068 1559 2105; x_wconf 83' lang='lat' dir='ltr'><strong>Sync.</strong></span> <span class='ocrx_word' id='word_1_431' title='bbox 1571 2077 1598 2104; x_wconf 82' lang='grc' dir='ltr'><strong>ρ.</strong></span> <span class='ocrx_word' id='word_1_432' title='bbox 1611 2070 1674 2103; x_wconf 71' lang='grc'><strong>342,</strong></span> <span class='ocrx_word' id='word_1_433' title='bbox 1684 2070 1718 2097; x_wconf 84' lang='grc' dir='ltr'>Β.</span> 
     </span>
    </p>
   </div>
   <div class='ocr_carea' id='block_1_60' title="bbox 967 2131 1718 2170">
    <p class='ocr_par' dir='ltr' id='par_1_60' title="bbox 967 2131 1718 2170">
     <span class='ocr_line' id='line_1_60' title="bbox 967 2131 1718 2170; baseline 0 -10"><span class='ocrx_word' id='word_1_434' title='bbox 967 2143 983 2170; x_wconf 80' lang='lat' dir='ltr'><strong><em>g</em></strong></span> <span class='ocrx_word' id='word_1_435' title='bbox 1004 2133 1145 2169; x_wconf 84' lang='grc' dir='ltr'>Ῥωμαίων</span> <span class='ocrx_word' id='word_1_436' title='bbox 1163 2132 1185 2164; x_wconf 79' lang='grc' dir='ltr'><strong>ζ’</strong></span> <span class='ocrx_word' id='word_1_437' title='bbox 1211 2131 1384 2159; x_wconf 77' lang='grc' dir='ltr'>ἐϐασίλευσεν</span> <span class='ocrx_word' id='word_1_438' title='bbox 1400 2131 1602 2164; x_wconf 79' lang='grc' dir='ltr'>Οὐεσπασιανὸς</span> <span class='ocrx_word' id='word_1_439' title='bbox 1623 2132 1670 2168; x_wconf 83' lang='grc' dir='ltr'><strong>ἔτη</strong></span> <span class='ocrx_word' id='word_1_440' title='bbox 1685 2132 1718 2160; x_wconf 81' lang='grc' dir='ltr'><strong>θ’.</strong></span> 
     </span>
    </p>
   </div>
   <div class='ocr_carea' id='block_1_61' title="bbox 935 2177 1305 2214">
    <p class='ocr_par' dir='ltr' id='par_1_61' title="bbox 935 2177 1305 2214">
     <span class='ocr_line' id='line_1_61' title="bbox 935 2177 1305 2214; baseline -0.005 -8"><span class='ocrx_word' id='word_1_441' title='bbox 935 2180 1032 2207; x_wconf 81' lang='lat' dir='ltr'><strong>Chron.</strong></span> <span class='ocrx_word' id='word_1_442' title='bbox 1048 2178 1137 2214; x_wconf 72' lang='lat' dir='ltr'><strong>pasch.</strong></span> <span class='ocrx_word' id='word_1_443' title='bbox 1154 2186 1180 2213; x_wconf 87' lang='lat' dir='ltr'><strong>p.</strong></span> <span class='ocrx_word' id='word_1_444' title='bbox 1194 2177 1258 2210; x_wconf 67' lang='grc'><strong>246,</strong></span> <span class='ocrx_word' id='word_1_445' title='bbox 1271 2177 1305 2205; x_wconf 85' lang='grc' dir='ltr'>Α.</span> 
     </span>
    </p>
   </div>
   <div class='ocr_carea' id='block_1_62' title="bbox 970 2239 1720 2275">
    <p class='ocr_par' dir='ltr' id='par_1_62' title="bbox 970 2239 1720 2275">
     <span class='ocr_line' id='line_1_62' title="bbox 970 2239 1720 2275; baseline 0.001 -9"><span class='ocrx_word' id='word_1_446' title='bbox 970 2240 986 2266; x_wconf 91' lang='grc' dir='ltr'>Ιι</span> <span class='ocrx_word' id='word_1_447' title='bbox 999 2240 1202 2271; x_wconf 77' lang='grc' dir='ltr'>Οὐεσπασιανὸς</span> <span class='ocrx_word' id='word_1_448' title='bbox 1215 2239 1402 2275; x_wconf 82' lang='grc' dir='ltr'><strong>αὐτοκράτωρ,</strong></span> <span class='ocrx_word' id='word_1_449' title='bbox 1416 2239 1562 2274; x_wconf 78' lang='grc' dir='ltr'>στέψαντος</span> <span class='ocrx_word' id='word_1_450' title='bbox 1574 2239 1655 2266; x_wconf 80' lang='grc' dir='ltr'>αὐτὸν</span> <span class='ocrx_word' id='word_1_451' title='bbox 1670 2239 1720 2267; x_wconf 80' lang='grc' dir='ltr'><strong>τοῦ</strong></span> 
     </span>
    </p>
   </div>
   <div class='ocr_carea' id='block_1_63' title="bbox 935 2284 1721 2322">
    <p class='ocr_par' dir='ltr' id='par_1_63' title="bbox 935 2284 1721 2322">
     <span class='ocr_line' id='line_1_63' title="bbox 935 2284 1721 2322; baseline 0 -12"><span class='ocrx_word' id='word_1_452' title='bbox 935 2284 1061 2322; x_wconf 70' lang='grc' dir='ltr'>στρατοῦ,</span> <span class='ocrx_word' id='word_1_453' title='bbox 1075 2284 1119 2310; x_wconf 75' lang='grc' dir='ltr'><strong>τὸν</strong></span> <span class='ocrx_word' id='word_1_454' title='bbox 1132 2284 1204 2310; x_wconf 70' lang='grc' dir='ltr'>κατὰ</span> <span class='ocrx_word' id='word_1_455' title='bbox 1224 2284 1357 2310; x_wconf 80' lang='grc' dir='ltr'>Ἰουδαίων</span> <span class='ocrx_word' id='word_1_456' title='bbox 1371 2284 1526 2320; x_wconf 79' lang='grc' dir='ltr'>ἐγχειρίσας</span> <span class='ocrx_word' id='word_1_457' title='bbox 1540 2284 1656 2319; x_wconf 86' lang='grc' dir='ltr'>πόλεμον</span> <span class='ocrx_word' id='word_1_458' title='bbox 1672 2284 1721 2311; x_wconf 80' lang='grc' dir='ltr'><strong>Τί-</strong></span> 
     </span>
    </p>
   </div>
   <div class='ocr_carea' id='block_1_64' title="bbox 934 2329 1720 2366">
    <p class='ocr_par' dir='ltr' id='par_1_64' title="bbox 934 2329 1720 2366">
     <span class='ocr_line' id='line_1_64' title="bbox 934 2329 1720 2366; baseline -0.003 -8"><span class='ocrx_word' id='word_1_459' title='bbox 934 2340 982 2366; x_wconf 85' lang='grc' dir='ltr'><strong>τῳ,</strong></span> <span class='ocrx_word' id='word_1_460' title='bbox 992 2331 1072 2362; x_wconf 76' lang='grc' dir='ltr'>αὐτὸς</span> <span class='ocrx_word' id='word_1_461' title='bbox 1083 2330 1115 2356; x_wconf 85' lang='grc' dir='ltr'><strong>δι’</strong></span> <span class='ocrx_word' id='word_1_462' title='bbox 1130 2329 1331 2365; x_wconf 80' lang='grc' dir='ltr'>’Δλεξανδρείας</span> <span class='ocrx_word' id='word_1_463' title='bbox 1340 2330 1379 2361; x_wconf 83' lang='grc' dir='ltr'>εἰς</span> <span class='ocrx_word' id='word_1_464' title='bbox 1388 2330 1436 2365; x_wconf 79' lang='grc' dir='ltr'>τὴν</span> <span class='ocrx_word' id='word_1_465' title='bbox 1451 2329 1593 2365; x_wconf 85' lang='grc' dir='ltr'>Ῥωμαίων</span> <span class='ocrx_word' id='word_1_466' title='bbox 1606 2330 1720 2364; x_wconf 85' lang='grc' dir='ltr'>ἀφίκετο</span> 
     </span>
    </p>
   </div>
   <div class='ocr_carea' id='block_1_65' title="bbox 934 2375 1312 2411">
    <p class='ocr_par' dir='ltr' id='par_1_65' title="bbox 934 2375 1312 2411">
     <span class='ocr_line' id='line_1_65' title="bbox 934 2375 1312 2411; baseline -0.003 -8"><span class='ocrx_word' id='word_1_467' title='bbox 934 2377 1021 2404; x_wconf 83' lang='grc' dir='ltr'>πόλιν.</span> <span class='ocrx_word' id='word_1_468' title='bbox 1038 2376 1112 2403; x_wconf 83' lang='lat' dir='ltr'><strong>Idem</strong></span> <span class='ocrx_word' id='word_1_469' title='bbox 1127 2385 1152 2411; x_wconf 78' lang='grc' dir='ltr'><strong>ρ.</strong></span> <span class='ocrx_word' id='word_1_470' title='bbox 1164 2376 1227 2408; x_wconf 69' lang='grc' dir='ltr'>Ξ-ίϐ,</span> <span class='ocrx_word' id='word_1_471' title='bbox 1242 2375 1312 2403; x_wconf 80' lang='grc' dir='ltr'>Α-ϐ.</span> 
     </span>
    </p>
   </div>
   <div class='ocr_carea' id='block_1_66' title="bbox 968 2432 1720 2468">
    <p class='ocr_par' dir='ltr' id='par_1_66' title="bbox 968 2432 1720 2468">
     <span class='ocr_line' id='line_1_66' title="bbox 968 2432 1720 2468; baseline -0.001 -7"><span class='ocrx_word' id='word_1_472' title='bbox 968 2435 978 2461; x_wconf 75' lang='grc' dir='ltr'><strong>ί</strong></span> <span class='ocrx_word' id='word_1_473' title='bbox 989 2434 1076 2465; x_wconf 80' lang='grc' dir='ltr'>Τῖτος,</span> <span class='ocrx_word' id='word_1_474' title='bbox 1093 2433 1234 2465; x_wconf 78' lang='grc' dir='ltr'>Ἰουδαίους</span> <span class='ocrx_word' id='word_1_475' title='bbox 1245 2432 1492 2468; x_wconf 74' lang='grc' dir='ltr'>πολιορκήσας,καὶ</span> <span class='ocrx_word' id='word_1_476' title='bbox 1501 2432 1535 2459; x_wconf 77' lang='grc' dir='ltr'>τὰ</span> <span class='ocrx_word' id='word_1_477' title='bbox 1547 2432 1720 2468; x_wconf 84' lang='grc' dir='ltr'>Ἱεροσόλυμα</span> 
     </span>
    </p>
   </div>
   <div class='ocr_carea' id='block_1_67' title="bbox 934 2478 1720 2514">
    <p class='ocr_par' dir='ltr' id='par_1_67' title="bbox 934 2478 1720 2514">
     <span class='ocr_line' id='line_1_67' title="bbox 934 2478 1720 2514; baseline -0.004 -7"><span class='ocrx_word' id='word_1_478' title='bbox 934 2479 1123 2514; x_wconf 65' lang='grc' dir='ltr'>κατασκάψας,</span> <span class='ocrx_word' id='word_1_479' title='bbox 1132 2480 1178 2506; x_wconf 72' lang='grc' dir='ltr'>καὶ</span> <span class='ocrx_word' id='word_1_480' title='bbox 1191 2479 1323 2514; x_wconf 82' lang='grc' dir='ltr'>μυριάδας</span> <span class='ocrx_word' id='word_1_481' title='bbox 1339 2478 1443 2514; x_wconf 84' lang='grc' dir='ltr'>ἀνδρῶν</span> <span class='ocrx_word' id='word_1_482' title='bbox 1456 2478 1595 2513; x_wconf 79' lang='grc' dir='ltr'>ἐφόνευσε.</span> <span class='ocrx_word' id='word_1_483' title='bbox 1607 2479 1676 2514; x_wconf 72' lang='grc' dir='ltr'><strong>Φησὶ</strong></span> <span class='ocrx_word' id='word_1_484' title='bbox 1691 2479 1720 2504; x_wconf 80' lang='grc' dir='ltr'>δὲ</span> 
     </span>
    </p>
   </div>
   <div class='ocr_carea' id='block_1_68' title="bbox 934 2525 1720 2562">
    <p class='ocr_par' dir='ltr' id='par_1_68' title="bbox 934 2525 1720 2562">
     <span class='ocr_line' id='line_1_68' title="bbox 934 2525 1720 2562; baseline -0.004 -8"><span class='ocrx_word' id='word_1_485' title='bbox 934 2527 980 2554; x_wconf 79' lang='grc' dir='ltr'><strong>καὶ</strong></span> <span class='ocrx_word' id='word_1_486' title='bbox 997 2526 1147 2562; x_wconf 85' lang='grc' dir='ltr'>Ἰώσηππος</span> <span class='ocrx_word' id='word_1_487' title='bbox 1163 2525 1234 2561; x_wconf 82' lang='grc' dir='ltr'>λιμῷ</span> <span class='ocrx_word' id='word_1_488' title='bbox 1251 2526 1298 2552; x_wconf 85' lang='grc' dir='ltr'><strong>καὶ</strong></span> <span class='ocrx_word' id='word_1_489' title='bbox 1316 2526 1438 2561; x_wconf 72' lang='grc' dir='ltr'>μαχαίρᾳ.</span> <span class='ocrx_word' id='word_1_490' title='bbox 1455 2525 1586 2561; x_wconf 82' lang='grc' dir='ltr'>μυριάδας</span> <span class='ocrx_word' id='word_1_491' title='bbox 1606 2528 1639 2560; x_wconf 85' lang='grc' dir='ltr'>ρι’</span> <span class='ocrx_word' id='word_1_492' title='bbox 1653 2525 1720 2551; x_wconf 80' lang='grc' dir='ltr'>ἀπο-</span> 
     </span>
    </p>
   </div>
   <div class='ocr_carea' id='block_1_69' title="bbox 933 2570 1719 2607">
    <p class='ocr_par' dir='ltr' id='par_1_69' title="bbox 933 2570 1719 2607">
     <span class='ocr_line' id='line_1_69' title="bbox 933 2570 1719 2607; baseline -0.005 -8"><span class='ocrx_word' id='word_1_493' title='bbox 933 2571 1044 2604; x_wconf 81' lang='grc' dir='ltr'>λέσθαι,</span> <span class='ocrx_word' id='word_1_494' title='bbox 1074 2572 1120 2598; x_wconf 80' lang='grc' dir='ltr'><strong>καὶ</strong></span> <span class='ocrx_word' id='word_1_495' title='bbox 1143 2571 1225 2603; x_wconf 81' lang='grc' dir='ltr'>ἄλλας</span> <span class='ocrx_word' id='word_1_496' title='bbox 1253 2573 1328 2607; x_wconf 82' lang='grc' dir='ltr'>τρεῖς</span> <span class='ocrx_word' id='word_1_497' title='bbox 1357 2571 1489 2607; x_wconf 84' lang='grc' dir='ltr'>μυριάδας</span> <span class='ocrx_word' id='word_1_498' title='bbox 1519 2570 1719 2604; x_wconf 78' lang='grc' dir='ltr'>διαπεπράσθαι</span> 
     </span>
    </p>
   </div>
   <div class='ocr_carea' id='block_1_70' title="bbox 933 2615 1720 2654">
    <p class='ocr_par' dir='ltr' id='par_1_70' title="bbox 933 2615 1720 2654">
     <span class='ocr_line' id='line_1_70' title="bbox 933 2615 1720 2654; baseline -0.003 -9"><span class='ocrx_word' id='word_1_499' title='bbox 933 2617 1126 2654; x_wconf 76' lang='grc' dir='ltr'>αἰχμαλώτων·</span> <span class='ocrx_word' id='word_1_500' title='bbox 1147 2618 1232 2645; x_wconf 73' lang='grc' dir='ltr'>αἴτιον</span> <span class='ocrx_word' id='word_1_501' title='bbox 1248 2617 1275 2644; x_wconf 81' lang='grc' dir='ltr'>δὲ</span> <span class='ocrx_word' id='word_1_502' title='bbox 1289 2617 1319 2644; x_wconf 77' lang='grc' dir='ltr'>τὸ</span> <span class='ocrx_word' id='word_1_503' title='bbox 1332 2617 1443 2644; x_wconf 81' lang='grc' dir='ltr'>τοσοῦτο</span> <span class='ocrx_word' id='word_1_504' title='bbox 1460 2616 1562 2652; x_wconf 83' lang='grc' dir='ltr'>πλῆθος</span> <span class='ocrx_word' id='word_1_505' title='bbox 1581 2615 1652 2642; x_wconf 78' lang='grc' dir='ltr'>κατὰ</span> <span class='ocrx_word' id='word_1_506' title='bbox 1670 2615 1720 2652; x_wconf 81' lang='grc' dir='ltr'>τὴν</span> 
     </span>
    </p>
   </div>
   <div class='ocr_carea' id='block_1_71' title="bbox 934 2660 1718 2702">
    <p class='ocr_par' dir='ltr' id='par_1_71' title="bbox 934 2660 1718 2702">
     <span class='ocr_line' id='line_1_71' title="bbox 934 2660 1718 2702; baseline -0.006 -9"><span class='ocrx_word' id='word_1_507' title='bbox 934 2666 1010 2693; x_wconf 84' lang='grc' dir='ltr'>πόλιν</span> <span class='ocrx_word' id='word_1_508' title='bbox 1036 2665 1166 2702; x_wconf 79' lang='grc' dir='ltr'>εὑρῆσθαί</span> <span class='ocrx_word' id='word_1_509' title='bbox 1188 2674 1254 2701; x_wconf 88' lang='grc' dir='ltr'>φησι</span> <span class='ocrx_word' id='word_1_510' title='bbox 1271 2664 1320 2700; x_wconf 85' lang='grc' dir='ltr'><strong>τὴν</strong></span> <span class='ocrx_word' id='word_1_511' title='bbox 1335 2664 1382 2692; x_wconf 85' lang='grc' dir='ltr'>τοῦ</span> <span class='ocrx_word' id='word_1_512' title='bbox 1403 2665 1497 2699; x_wconf 86' lang='grc' dir='ltr'>Πάσχα</span> <span class='ocrx_word' id='word_1_513' title='bbox 1517 2663 1630 2698; x_wconf 79' lang='grc' dir='ltr'>ἑορτὴν,</span> <span class='ocrx_word' id='word_1_514' title='bbox 1653 2663 1682 2689; x_wconf 82' lang='grc' dir='ltr'>ἐν</span> 
     </span>
    </p>
   </div>
   <div class='ocr_carea' id='block_1_72' title="bbox 934 2709 1718 2745">
    <p class='ocr_par' dir='ltr' id='par_1_72' title="bbox 934 2709 1718 2745">
     <span class='ocr_line' id='line_1_72' title="bbox 934 2709 1718 2745; baseline -0.006 -6"><span class='ocrx_word' id='word_1_515' title='bbox 934 2712 1033 2744; x_wconf 86' lang='grc' dir='ltr'>πάντες</span> <span class='ocrx_word' id='word_1_516' title='bbox 1045 2712 1070 2738; x_wconf 76' lang='grc' dir='ltr'><strong>οἱ</strong></span> <span class='ocrx_word' id='word_1_517' title='bbox 1092 2711 1138 2738; x_wconf 84' lang='grc' dir='ltr'>τοῦ</span> <span class='ocrx_word' id='word_1_518' title='bbox 1161 2711 1254 2742; x_wconf 77' lang='grc' dir='ltr'>ἔθνους</span> <span class='ocrx_word' id='word_1_519' title='bbox 1269 2710 1491 2745; x_wconf 69' lang='grc' dir='ltr'>ωνεληλυθὸντες</span> <span class='ocrx_word' id='word_1_520' title='bbox 1510 2709 1547 2740; x_wconf 84' lang='grc' dir='ltr'>ὡς</span> <span class='ocrx_word' id='word_1_521' title='bbox 1569 2709 1598 2735; x_wconf 80' lang='grc' dir='ltr'>ἐν</span> <span class='ocrx_word' id='word_1_522' title='bbox 1621 2709 1718 2744; x_wconf 81' lang='grc' dir='ltr'>εἱρκτῇ</span> 
     </span>
    </p>
   </div>
   <div class='ocr_carea' id='block_1_73' title="bbox 934 2754 1719 2792">
    <p class='ocr_par' dir='ltr' id='par_1_73' title="bbox 934 2754 1719 2792">
     <span class='ocr_line' id='line_1_73' title="bbox 934 2754 1719 2792; baseline -0.006 -7"><span class='ocrx_word' id='word_1_523' title='bbox 934 2758 1160 2792; x_wconf 84' lang='grc' dir='ltr'>συνεκλείσθησαν</span> <span class='ocrx_word' id='word_1_524' title='bbox 1170 2765 1176 2772; x_wconf 90' lang='grc'><strong>·</strong></span> <span class='ocrx_word' id='word_1_525' title='bbox 1195 2757 1248 2783; x_wconf 71' lang='grc' dir='ltr'>ἔδει</span> <span class='ocrx_word' id='word_1_526' title='bbox 1262 2757 1315 2792; x_wconf 81' lang='grc' dir='ltr'><strong>γὰρ</strong></span> <span class='ocrx_word' id='word_1_527' title='bbox 1328 2757 1390 2788; x_wconf 82' lang='grc' dir='ltr'>τοὺς</span> <span class='ocrx_word' id='word_1_528' title='bbox 1406 2757 1435 2782; x_wconf 86' lang='grc' dir='ltr'><strong>ὲν</strong></span> <span class='ocrx_word' id='word_1_529' title='bbox 1449 2755 1540 2791; x_wconf 80' lang='grc' dir='ltr'>ἡμέρᾳ</span> <span class='ocrx_word' id='word_1_530' title='bbox 1561 2754 1608 2781; x_wconf 81' lang='grc' dir='ltr'>τοῦ</span> <span class='ocrx_word' id='word_1_531' title='bbox 1623 2754 1719 2790; x_wconf 79' lang='grc' dir='ltr'>Πάσχα</span> 
     </span>
    </p>
   </div>
   <div class='ocr_carea' id='block_1_74' title="bbox 933 2800 1716 2839">
    <p class='ocr_par' dir='ltr' id='par_1_74' title="bbox 933 2800 1716 2839">
     <span class='ocr_line' id='line_1_74' title="bbox 933 2800 1716 2839; baseline -0.005 -9"><span class='ocrx_word' id='word_1_532' title='bbox 933 2803 972 2839; x_wconf 78' lang='grc' dir='ltr'><strong>τῷ</strong></span> <span class='ocrx_word' id='word_1_533' title='bbox 995 2804 1099 2839; x_wconf 84' lang='grc' dir='ltr'>Σωτῆρι</span> <span class='ocrx_word' id='word_1_534' title='bbox 1114 2803 1339 2834; x_wconf 78' lang='grc' dir='ltr'>ἐπιϐουλευκότας</span> <span class='ocrx_word' id='word_1_535' title='bbox 1360 2801 1396 2837; x_wconf 84' lang='grc' dir='ltr'><strong>μὴ</strong></span> <span class='ocrx_word' id='word_1_536' title='bbox 1414 2801 1507 2828; x_wconf 80' lang='grc' dir='ltr'>ἄλλοτε</span> <span class='ocrx_word' id='word_1_537' title='bbox 1522 2800 1556 2827; x_wconf 78' lang='grc' dir='ltr'>τὰ.</span> <span class='ocrx_word' id='word_1_538' title='bbox 1580 2801 1716 2836; x_wconf 66' lang='grc' dir='ltr'>ἐπίχειρα,</span> 
     </span>
    </p>
   </div>
   <div class='ocr_carea' id='block_1_75' title="bbox 934 2846 1716 2885">
    <p class='ocr_par' dir='ltr' id='par_1_75' title="bbox 934 2846 1716 2885">
     <span class='ocr_line' id='line_1_75' title="bbox 934 2846 1716 2885; baseline -0.003 -9"><span class='ocrx_word' id='word_1_539' title='bbox 934 2846 970 2876; x_wconf 79' lang='grc' dir='ltr'>ὧν</span> <span class='ocrx_word' id='word_1_540' title='bbox 984 2849 1146 2885; x_wconf 84' lang='grc' dir='ltr'>ἐτόλμησαν,</span> <span class='ocrx_word' id='word_1_541' title='bbox 1168 2849 1272 2876; x_wconf 84' lang='grc' dir='ltr'>παθεῖν.</span> <span class='ocrx_word' id='word_1_542' title='bbox 1289 2848 1417 2875; x_wconf 77' lang='lat' dir='ltr'><strong>Eusebius</strong></span> <span class='ocrx_word' id='word_1_543' title='bbox 1437 2848 1505 2882; x_wconf 83' lang='lat' dir='ltr'><strong>apud</strong></span> <span class='ocrx_word' id='word_1_544' title='bbox 1523 2847 1601 2883; x_wconf 78' lang='lat' dir='ltr'><strong>Sync.</strong></span> <span class='ocrx_word' id='word_1_545' title='bbox 1614 2855 1640 2882; x_wconf 84' lang='lat' dir='ltr'><strong>p.</strong></span> <span class='ocrx_word' id='word_1_546' title='bbox 1654 2847 1716 2880; x_wconf 64' lang='grc' dir='ltr'><strong>ΜΞ,</strong></span> 
     </span>
    </p>
   </div>
   <div class='ocr_carea' id='block_1_76' title="bbox 935 2895 1507 2931">
    <p class='ocr_par' dir='ltr' id='par_1_76' title="bbox 935 2895 1507 2931">
     <span class='ocr_line' id='line_1_76' title="bbox 935 2895 1507 2931; baseline -0.002 -8"><span class='ocrx_word' id='word_1_547' title='bbox 935 2897 966 2930; x_wconf 79' lang='grc' dir='ltr'><strong>Α,</strong></span> <span class='ocrx_word' id='word_1_548' title='bbox 981 2901 1005 2923; x_wconf 78' lang='lat' dir='ltr'><strong>ct</strong></span> <span class='ocrx_word' id='word_1_549' title='bbox 1021 2896 1089 2931; x_wconf 78' lang='lat' dir='ltr'><strong>apud</strong></span> <span class='ocrx_word' id='word_1_550' title='bbox 1107 2895 1204 2924; x_wconf 85' lang='lat' dir='ltr'><strong>Chron.</strong></span> <span class='ocrx_word' id='word_1_551' title='bbox 1218 2895 1308 2930; x_wconf 77' lang='lat' dir='ltr'><strong>pascit.</strong></span> <span class='ocrx_word' id='word_1_552' title='bbox 1319 2903 1345 2929; x_wconf 76' lang='grc' dir='ltr'><strong>ρ.</strong></span> <span class='ocrx_word' id='word_1_553' title='bbox 1361 2895 1422 2929; x_wconf 66' lang='grc'><strong>247,</strong></span> <span class='ocrx_word' id='word_1_554' title='bbox 1441 2895 1507 2922; x_wconf 76' lang='grc' dir='ltr'><strong>Α-Β.</strong></span> 
     </span>
    </p>
   </div>
  </div>
