1913 3137
260 141 311 169 551

870 267 968 287 οιῑιιρ.
1005 266 1135 288 CHRISTUS
1188 267 1252 287 R0].

599 138 734 167 EUSEBII
754 138 993 167 CASSARIENSIS
1010 138 1085 166 OPP.
1107 137 1196 166 PARS
1215 138 1235 166 Ι.
1256 153 1291 158 -
1311 137 1505 167 HISTORICA.
1832 142 1884 169 55?

1332 268 1347 286 α
1364 258 1506 287 Secundus
1524 260 1586 294 post.
1603 259 1738 287 Neronem
1753 258 1885 287 Domitia~

1291 301 1343 322 nus
1356 294 1528 322 Christianos
1542 295 1717 330 persequitur
1730 304 1737 321 :
1751 299 1778 322 et
1789 295 1841 322 sub
1852 303 1886 322 eo

1169 329 1262 357 Domi-
1288 330 1428 365 apostolus
1457 330 1578 358 Ioannes
1608 331 1636 357 in
1656 329 1783 357 Patmum
1809 331 1886 358 insu-

1169 365 1261 392 tianus
1287 365 1341 391 lam
1367 365 1503 401 relegatus
1529 366 1720 401 Apocalypsim
1743 366 1822 398 vidit,
1845 367 1883 393 uti

1286 405 1380 427 narrat
1396 400 1526 428 Irenaaus.

1155 414 1260 421 ___

863 461 1023 490 SECUNDA
1053 459 1281 489 PERSECUTIO.

1046 518 1081 546 95

1190 519 1222 546 M
1276 555 1282 556 ί
1314 519 1328 546 b
1350 519 1510 556 Apollonius
1535 518 1661 556 Tyaneus
1683 524 1712 548 et
1731 519 1884 556 Euphrates

1275 555 1398 590 insignes
1416 555 1571 590 philosophi
1587 556 1734 583 habentur.

291 612 305 632 ε
319 602 490 630 Domitianus
506 609 564 635 eos,
584 602 630 637 qui
646 602 680 630 de
698 609 798 637 genere
815 601 898 628 David
922 604 1011 634 erant,
1030 599 1148 628 interﬁci
1171 601 1311 636 praecepit,
1329 604 1360 628 ut
1381 601 1474 629 nullus
1492 601 1648 630 Iudaeorum
1666 602 1746 637 regni
1761 602 1882 638 reliquus

255 652 335 679 foret.

234 719 239 728 ί
292 699 391 727 Scribit
421 699 546 726 Bruttius
571 698 705 734 plurimos
731 697 950 726 Christianorum
977 697 1029 726 sub
1055 697 1211 725 Domitiano
1229 695 1328 724 fecisse
1340 697 1502 733 martyrium
1518 707 1526 725 :
1543 697 1614 725 inter
1627 704 1698 733 quos
1716 701 1745 725 et
1762 696 1881 725 Flaviam

254 747 420 775 Domitillam
433 746 520 774 Flavii
538 746 685 774 Clementis
699 747 822 774 consulis
841 754 874 774 ex
891 753 986 773 sorore
1001 749 1120 781 neptem,
1136 745 1164 772 in
1182 744 1299 772 insulam
1311 743 1437 772 Pontiam
1454 745 1610 781 relegatam,
1626 745 1690 780 quia
1705 752 1736 773 se
1750 743 1881 772 Caristia-

253 802 317 822 nam
332 801 393 821 esse
411 797 508 821 testata
524 797 575 821 est.

291 842 349 870 Hoc
363 851 433 870 anno
449 842 538 869 beatus
555 842 697 876 Dionysius
719 846 796 877 atque
820 841 946 868 Nicasius
970 848 1030 867 cum
1055 841 1133 868 sociis
1153 842 1207 868 suis
1229 850 1275 876 per
1289 850 1413 869 coronam
1428 842 1551 877 martyrii
1569 846 1740 875 pervenerunt
1756 841 1791 869 ad
1806 841 1880 869 Chri—

253 897 334 917 slum.

287 971 458 999 Domitianus
482 971 590 999 occisus
614 971 642 998 in
663 969 785 1004 Palatio,
810 978 859 1006 per
912 971 982 1006 219

252 1008 416 1042 vespillones
429 1007 583 1041 ignobiliter
596 1011 765 1042 cxportatur,
786 1013 858 1033 anno

253 1043 341 1078 aetatis
356 1042 492 1078 xxxvial.
510 1042 583 1078 xy].

289 1076 506 1112 [Alexandrinae
524 1076 652 1104 Ecclesiae
673 1076 772 1104 tertius
795 1076 854 1111 epi-

253 1120 353 1148 scopus
371 1113 480 1148 praefuit
495 1112 583 1140 Cerdo
596 1112 676 1139 annis
693 1112 831 1139 undecim.

1055 969 1090 997 97

1197 935 1231 962 l5
1319 937 1336 961 ά
1353 935 1434 962 Multa
1450 934 1527 969 signa
1543 938 1625 970 atque
1647 938 1776 970 portenta
1791 934 1879 962 Romae

1199 971 1232 997 l6
1284 973 1312 998 et
1328 971 1354 998 in
1368 974 1424 998 toto
1438 969 1504 998 orbe
1522 969 1605 997 facta.

1092 1049 1106 1067 ε
1124 1039 1159 1067 Χ.
1175 1039 1292 1068 NERVA
1307 1048 1380 1068 anno
1399 1049 1420 1073 ι,
1435 1041 1576 1069 mensibus
1590 1049 1628 1068 ιν.

1211 1077 1224 1104 Ι
1316 1085 1331 1112 g
1344 1075 1440 1104 Justus
1454 1083 1469 1103 a
1486 1076 1631 1105 Tiberiade
1642 1075 1802 1104 Iudaeorum
1813 1075 1872 1103 scri-

1284 1116 1346 1146 ptor
1360 1112 1528 1147 agnoscitur.

285 1158 374 1187 Nerva
389 1158 486 1186 morbo
503 1158 574 1193 perit
589 1160 616 1185 in
632 1158 720 1186 hortis
738 1157 914 1186 Sallustianis
931 1166 1004 1187 anno
1015 1159 1104 1187 aetatis
1122 1164 1207 1192 uxu,
1224 1166 1286 1187 cum
1297 1159 1354 1193 jam
1374 1158 1524 1194 Traianum
1542 1158 1701 1194 adoptasset
1718 1159 1748 1186 in
1770 1158 1861 1186 ﬁlium.

287 1204 425 1240 Trajanus
440 1204 596 1240 Agrippinae
612 1205 638 1232 in
652 1204 748 1232 Galliis
764 1208 913 1240 .mperator
928 1204 1027 1238 factus,
1044 1210 1125 1233 natus
1140 1205 1239 1233 Italicae
1252 1206 1281 1232 in
1296 1205 1436 1240 Hispania.

285 1251 302 1278 h
322 1251 441 1280 Senatus
463 1252 595 1285 decrevit,
621 1255 650 1279 ut
667 1252 759 1279 omnia
782 1259 843 1287 qua:
869 1252 1040 1281 Domitianus
1056 1256 1201 1286 statuerat,
1231 1252 1260 1280 in
1279 1252 1387 1279 irritum
1401 1252 1577 1280 ducerentur.
1595 1251 1689 1286 Itaque
1703 1251 1797 1284 multi,
1813 1259 1877 1286 quos

250 1299 354 1334 injuste
379 1299 507 1334 ejecerat,
529 1299 564 1327 de
590 1299 686 1327 exsilio
710 1299 826 1331 reversi,
846 1300 972 1326 nonnulli
995 1300 1066 1328 bona
1091 1300 1204 1336 propria
1228 1302 1397 1334 receperunt.
1427 1298 1511 1326 Aiunt
1534 1302 1561 1326 et
1578 1298 1733 1333 apostolum
1748 1297 1875 1325 Joannem

249 1347 302 1375 hoc
321 1350 444 1381 tempore
458 1346 556 1373 exsilio
579 1346 729 1374 resolutum
745 1344 882 1380 Ephesum
899 1345 1008 1374 venisse
1022 1355 1028 1373 :
1041 1345 1069 1373 in
1083 1353 1138 1381 qua
1156 1346 1225 1374 urbe
1240 1349 1268 1373 et
1287 1345 1434 1380 hospitium
1449 1347 1476 1372 et
1494 1344 1598 1372 amicos
1611 1344 1819 1371 amantissimos
1838 1344 1876 1371 sui

250 1393 378 1422 habebat.

286 1439 301 1466 k
315 1432 447 1467 Joannem
463 1438 626 1474 apostolum,
642 1446 729 1474 usque
741 1438 774 1466 ad
790 1437 858 1466 Tra-

249 1474 307 1509 jani
331 1478 453 1510 tempora
477 1474 595 1502 lrcnaaus
620 1475 766 1510 episcopus
795 1482 856 1507 per-

251 1509 396 1537 mansisse
404 1510 500 1537 scribit
517 1518 525 1536 :
643 1511 681 1545 Β,
703 1510 850 1545 DCCCL.

251 1548 313 1579 post
328 1551 408 1579 quem
426 1545 563 1572 auditores

250 1580 312 1615 ejus
326 1579 448 1615 insignes
463 1579 573 1608 fuerunt
587 1579 694 1615 Papias,
706 1579 859 1615 Hierapoli-

250 1616 333 1642 tanus‘
353 1616 510 1650 episcopus,
535 1620 563 1651 et
572 1614 750 1651 Polycarpus,
767 1614 862 1650 Smyr-

251 1656 337 1684 naeus,
355 1654 382 1678 et
402 1651 533 1686 lgnatius,
551 1650 750 1678 Antiochenus.

1033 1545 1086 1573 100

914 1652 985 1687 22o
1041 1650 1090 1678 lOl
1219 1651 1236 1678 3

1042 1721 1094 1748 102
1219 1721 1237 1748 4

1042 1756 1094 1784 105
1221 1756 1237 1783 5

1121 1439 1191 1469 iXl.
1209 1437 1390 1467 TRAIANUS
1405 1438 1485 1466 annis
1502 1433 1559 1469 xix.
1576 1437 1720 1465 mensibus
1737 1445 1777 1465 vt.

1211 1510 1225 1536 1
1315 1509 1430 1537 Decreto
1461 1512 1573 1537 senatus
1600 1506 1688 1535 Nerva
1715 1507 1790 1536 inter
1816 1507 1875 1535 deos

1209 1544 1227 1571 2
1279 1545 1393 1573 relatus.

1321 1580 1331 1607 ι
1359 1579 1491 1606 Romanae
1526 1578 1655 1606 Ecclesiae
1691 1579 1875 1613 episcopatum

1288 1619 1404 1651 quartus
1425 1614 1547 1649 suscepit
1563 1613 1705 1641 Evarislus
1725 1614 1813 1641 annis
1830 1622 1874 1641 no-

1291 1658 1350 1679 vem
1355 1670 1361 1676 .

1310 1719 1493 1782 hmtTrajanus
1502 1719 1536 1747 de
1545 1718 1625 1747 Dacis
1634 1723 1660 1747 et
1669 1718 1782 1755 Scythis
1790 1719 1876 1747 trium

1328 1764 1342 1782 3
1359 1775 1365 1782 .

1290 1763 1365 1791 pnat.

291 1813 309 1831 η
328 1803 476 1840 Traianus,
502 1804 575 1832 victo
599 1811 664 1840 rege
685 1804 824 1837 Decibalo,
849 1803 959 1832 Daciam
986 1803 1049 1832 fecit
1073 1804 1242 1839 provinciam
1263 1813 1269 1830 :
1290 1802 1391 1835 Iberos,
1416 1801 1566 1833 Sarmatas,
1591 1801 1741 1833 Osroenos,
1763 1799 1873 1831 Arabas,

249 1852 452 1888 BosphoranOS,
467 1852 594 1884 Colchos,
611 1853 639 1880 in
656 1852 735 1881 iidem
760 1852 864 1888 accepit
879 1862 885 1880 :
902 1852 1064 1884 Seleuciam,
1085 1852 1304 1888 Ctesiphontem,
1321 1850 1487 1885 Babylonem
1507 1848 1651 1884 occupavit
1680 1851 1708 1876 et
1733 1847 1833 1875 tenuit.
1851 1846 1875 1873 in

254 1899 324 1926 mari
338 1898 433 1927 Rubro
449 1899 565 1927 classem
581 1899 711 1931 instituit,
730 1903 760 1926 ut
773 1907 822 1934 per
837 1907 898 1927 eam
913 1898 996 1926 India:
1010 1899 1078 1927 ﬁnes
1092 1903 1224 1927 vastaret.

285 2007 301 2026 a
317 1999 448 2035 Δεύτερος
465 2000 533 2034 μετὰ
547 1999 593 2026 τὸν
607 1998 721 2034 Νέρωνα
734 1998 896 2034 Δομετιανὸς
909 1998 1037 2034 Χριστια-

248 2046 311 2077 νοὺς
324 2045 444 2078 ἐδίωξενι
461 2047 504 2072 ἐπ’
520 2044 602 2072 αὑτοῦ
620 2044 647 2071 δὲ
661 2045 708 2072 καὶ
721 2046 735 2071 ὁ
745 2044 893 2076 ἀπόστολος
911 2044 1038 2080 Ἰωάννης

249 2091 289 2122 εἰς
303 2090 413 2125 Πάτμον
427 2089 578 2125 ὲξορῖζεται
597 2090 646 2125 τὴν
665 2091 757 2125 νῆσον,
773 2089 835 2116 ἔνθα
852 2089 900 2124 τὴν
924 2089 1040 2117 Ἄποκά-

247 2134 328 2169 luti/tv
345 2135 496 2170 ἑωρακέναι
508 2135 628 2169 λέγεται,
639 2135 677 2167 ὡς
690 2135 763 2171 δηλοῖ
773 2136 927 2171 Εἰρηναῖος.
939 2134 1037 2163 Chron.

248 2180 338 2214 pasc'h.
358 2188 384 2214 ρ.
396 2180 459 2213 250,
476 2181 506 2208 C.

285 2225 300 2252 ὕ
323 2226 500 2259 ’Δπολλώνιος
515 2228 529 2253 ὁ
544 2227 665 2259 Τυανεὺς
682 2228 729 2254 καὶ
742 2228 888 2264 Εὐφράτης
902 2229 1039 2264 φιλόσοφοι

250 2271 383 2308 ἠκμιιζον.
403 2271 478 2299 Idem
493 2280 519 2307 p.
536 2273 598 2305 545,
617 2272 648 2300 C.

286 2326 299 2344 ε
315 2319 479 2353 Δομετιανὸς
499 2319 562 2350 τοὺς
582 2319 636 2345 ἀπὸ
657 2319 752 2353 γένους
773 2320 855 2346 ama
868 2320 1039 2357 ἀναιρεῖσθαι

251 2362 427 2400 προσέταξεν,
445 2364 488 2391 ἵνα
509 2365 545 2400 μή
566 2373 607 2397 τις
628 2365 761 2393 Ἰουδαίων
782 2367 921 2402 βασιλικοῦ
945 2367 1041 2402 γένους

250 2409 411 2445 ἀπολειφθῇ.
429 2410 525 2436 Πολλοὶ
537 2411 565 2437 δὲ
580 2412 749 2447 Χριστιανῶν
762 2414 954 2450 ἐμαρτύρησαν
969 2413 1040 2440 κατὰ

249 2456 422 2491 Δομετιανὸν,
443 2456 480 2488 ὼς
494 2457 508 2483 ὁ
518 2457 644 2492 Βρέττιος
661 2459 770 2495 ἱστορεῖ,
785 2461 813 2486 ὲν
829 2457 869 2492 οἷς
880 2460 928 2487 καὶ
938 2460 1042 2487 Φλαυῒα,

249 2502 407 2537 Δομετὶλλα,
433 2502 565 2538 ὲξαδέλφη
585 2504 745 2539 Κλήμεντος
765 2506 879 2533 Φλαυῒου
893 2506 1038 2538 ὑπατικοῦ,

249 2548 286 2580 ὡς
303 2548 454 2583 Χριστιανὴ
469 2549 509 2581 εἰς
522 2549 602 2585 νῆσον
615 2549 731 2578 Ποντίαν
751 2552 940 2586 φυγαδεύεται.
966 2552 1040 2579 Idem

248 2601 276 2628 ρ.
290 2595 354 2626 544,
369 2595 402 2622 Α.
592 2594 599 2604 ”

284 2640 302 2666 d
326 2641 369 2668 Ἐν
389 2641 482 2678 Ῥώμῃ
496 2642 574 2678 θεοση
580 2643 653 2677 μεῖαι
669 2642 764 2669 πολλαὶ
778 2645 824 2671 καὶ
838 2644 897 2672 καθ’
910 2644 974 2680 ὅλης
985 2644 1036 2679 τῆς

248 2687 411 2723 οἰκουμένης
423 2689 562 2723 γεγόνασι.
576 2689 689 2716 Ibidem.

285 2741 298 2758 ε
321 2733 462 2768 Ῥωμαίων
494 2735 621 2770 βασιλεὺς
654 2738 668 2761 ι’
694 2735 817 2771 Νερούας
861 2735 1036 2762 ἐδασιλευσεν

249 2778 307 2810 ἔτος
323 2779 362 2806 ἓν.
378 2779 451 2807 Idem
465 2789 490 2815 ρ.
504 2781 566 2815 546,
580 2781 610 2809 C.

284 2824 297 2857 f
320 2825 521 2862 Ἀλεξανδρείας
543 2828 692 2862 ἐπίσκοπος
716 2829 825 2866 Κέρδων
841 2829 888 2865 ἔτη
912 2833 936 2857 ι’.
962 2829 1036 2857 Idem
1062 2833 1065 2837 '

249 2877 277 2904 ρ.
292 2868 354 2903 sn,
368 2870 400 2898 Β.

1123 2006 1138 2033 g
1161 1997 1275 2029 Ἰοῦστος
1288 1997 1418 2033 Τιϐερεὺς
1432 1997 1557 2030 Ἰουδαῖος
1573 2004 1748 2033 συγγραφευς
1765 1995 1877 2030 ἐγνωρί-

1089 2044 1162 2076 ζετο.
1178 2044 1292 2077 Ibidem,
1308 2044 1342 2071 Β.

1125 2091 1142 2117 lt
1158 2090 1321 2126 Δομετιανοῦ
1335 2091 1363 2117 al
1380 2090 1457 2125 τιμαὶ
1471 2089 1662 2127 καθῃρέθησαν
1679 2088 1732 2115 ὑπὸ
1748 2088 1799 2123 τῆς
1817 2096 1878 2121 συγ-

1089 2136 1199 2172 κλήτουο
1214 2136 1262 2163 καὶ
1275 2137 1299 2162 οἱ
1317 2136 1417 2168 ἀδίκως
1429 2135 1628 2167 ἀπελασθέντες
1639 2134 1802 2169 ἐπανῆλθον·
1817 2133 1878 2159 ἔνιοι

1089 2182 1224 2209 ἀπέλαϐον
1239 2183 1286 2209 καὶ
1298 2183 1347 2214 τὰς
1357 2182 1460 2214 οὐσίας.
1477 2181 1552 2209 Idem
1562 2190 1588 2217 ρ.
1603 2181 1666 2212 245,
1680 2180 1712 2208 C.
1728 2180 1808 2207 Κατὰ
1819 2179 1878 2206 τοῦ-

1088 2237 1135 2255 τον
1151 2228 1196 2255 τὸν
1213 2229 1307 2264 χρόνον
1320 2230 1334 2254 ὁ
1352 2228 1478 2263 βασιλεὺς
1496 2228 1620 2263 Νερούας
1638 2225 1822 2254 ἀνεκαλέσατο
1835 2225 1877 2251 τὸν

1088 2275 1236 2303 ἀπόστολον
1255 2275 1382 2310 Ἰωάννην
1392 2275 1445 2301 ἀπὸ
1456 2275 1513 2301 Πάτ
1519 2283 1569 2309 μου
1584 2275 1633 2310 τῆς
1645 2274 1739 2308 νήσου,
1751 2272 1800 2299 καὶ
1814 2270 1875 2307 ἦλθ’

1090 2322 1170 2349 πάλιν
1182 2321 1222 2353 εις
1237 2322 1363 2356 Ἔφεσον.
1382 2321 1478 2348 Chron.
1492 2320 1581 2355 pascit.
1597 2327 1623 2354 p.
1640 2319 1703 2351 251,
1720 2318 1754 2347 Β.

1127 2369 1136 2395 ί
1155 2367 1297 2403 Ῥωμαίων
1313 2370 1346 2394 ια’
1363 2366 1520 2393 ἐϐασίλευσε
1534 2365 1666 2401 Τραϊανὸς
1677 2365 1724 2400 ἔτη
1739 2364 1783 2392 ιϐ’.
1797 2363 1875 2399 Sync.

1089 2422 1115 2449 ρ.
1132 2413 1242 2446 546,1).

1124 2459 1139 2486 k
1161 2458 1286 2494 Ἰωάννην
1307 2458 1455 2485 ἀπόστολον
1477 2457 1620 2494 Εἰρηναῖος
1640 2455 1687 2483 καὶ
1709 2455 1785 2483 ἄλλοι
1808 2455 1877 2481 ἱστο-

1091 2504 1167 2541 ροῦσι
1185 2505 1353 2540 παραμεῖναι
1367 2504 1406 2540 τῷ
1424 2504 1473 2539 βίῳ
1486 2504 1537 2535 ἕως
1549 2503 1602 2529 τῶν
1615 2503 1718 2538 χρόνων
1732 2501 1873 2537 Τραϊανσῦν

1091 2551 1150 2587 μεθ’
1162 2550 1191 2577 ὃν
1198 2550 1338 2582 Παππίας,
1353 2549 1537 2587 Ἱεραπολίτης
1545 2549 1591 2576 καὶ
1601 2548 1780 2583 Πολύκαρπος
1791 2546 1876 2582 Σμύρ-

1089 2606 1138 2633 νης
1152 2597 1300 2628 ἐπίσκοπος
1315 2597 1446 2624 ἁκουσταὶ
1459 2596 1541 2624 αὑτοῦ
1559 2595 1750 2632 ὲγνωρίζοντο.
1766 2594 1840 2621 Idem
1851 2602 1873 2627 ρ.

1090 2644 1152 2677 347,
1168 2643 1198 2671 C.

1126 2690 1134 2716 ι
1157 2690 1300 2725 Ῥωμαίων
1319 2689 1467 2721 ἐπίσκοπος
1490 2689 1642 2725 Εὐάρεστος
1665 2688 1714 2723 ἐτη
1741 2687 1775 2714 θ’.
1798 2686 1872 2722 Sync.

1088 2745 1114 2771 ρ.
1133 2736 1197 2768 5M,
1209 2736 1243 2763 Α.

1124 2792 1150 2809 m
1165 2783 1297 2818 Τραϊανὸς
1313 2783 1404 2815 Δάκας
1418 2783 1464 2810 καὶ
1480 2782 1586 2814 Σκύθας
1600 2781 1720 2814 ὑπέταξε
1740 2782 1788 2808 καὶ
1806 2780 1875 2815 ἐθρι-

1091 2829 1235 2864 άμϐευσεν.
1251 2829 1364 2857 Ibidem.

1127 2884 1142 2903 ιι
1151 2875 1283 2910 Τραϊανὸς
1295 2876 1547 2911 ἐπαρχίανιὲποίησε
1562 2875 1610 2909 τὴν
1624 2875 1740 2902 Δακίαν.
1754 2873 1871 2904 Ibid..A.
