1913 3137
218 177 395 185 ιιι-...-

583 97 715 125 EUSEBII
734 98 973 127 CESARIENSIS
991 99 1066 127 OPP.
1088 99 1177 127 PARS
1195 100 1216 141 1ἴ
1236 116 1264 121 -—
1281 101 1473 130 lllSTORlCA.
1778 105 1827 133 556

831 225 925 246 OLYIP.
961 224 1089 246 CHRISTUS
1131 226 1196 246 ROI.

1116 287 1213 322 Traja-

1134 331 1186 350 nus

838 400 910 435 224

982 394 1034 427 ηπ

1141 393 1175 420 19
1247 404 1263 422 α
1278 394 1442 431 Salaminam
1458 395 1551 431 urbem
1568 394 1828 431 Cypritintertectis

1227 430 1256 457 in
1267 437 1297 458 ea
1314 430 1470 464 gentilibus,
1488 430 1646 458 subvertere
1658 430 1759 459 Judaei.

249 509 263 536 b
280 508 415 544 Trajanus
438 508 534 536 morbo
549 509 575 535 in
601 507 711 534 civitate
734 505 874 534 Selinunte
896 506 979 542 perit,
995 506 1062 538 sive,
1089 510 1119 533 ut
1142 506 1206 533 alibi
1232 507 1363 541 scriptum
1388 507 1552 542 reperimus,
1577 508 1649 543 apud
1673 508 1826 537 Seleuciam

213 556 308 583 urbem
323 555 444 588 Isauriae,
465 555 598 589 proﬂuvio
616 554 720 581 ventris
740 555 892 582 exstinctus
915 557 958 581 est
977 561 1049 580 anno
1069 554 1156 581 aetatis
1181 561 1246 580 uin
1259 552 1307 588 [αι.
1324 552 1434 588 tum],
1459 562 1552 582 mense
1566 562 1650 587 nono,
1665 554 1711 583 die
1721 559 1828 590 quarto.

213 603 282 631 Ossa
297 604 356 638 ejus
373 604 401 630 in
416 611 513 630 urnam
527 610 636 630 auream
660 602 768 635 collata,
785 601 833 637 [aL
852 600 976 637 collecta]
992 605 1018 629 et
1040 601 1068 628 in
1083 600 1142 628 foro
1159 601 1210 629 sub
1226 602 1352 628 columna
1368 602 1474 636 posita:
1498 602 1627 637 solusque
1643 603 1767 630 omnium
1781 603 1828 630 im-

211 654 323 684 perator
336 649 406 676 intra
420 648 518 677 Urbem
535 649 666 684 sepultus.

249 695 386 723 Adrianus
415 695 606 722 Alexandriam
632 695 681 722 abs
707 693 808 721 Iudaeis

213 731 372 758 subversam
406 730 459 766 [ιιι.
486 729 668 766 laborantem]
695 730 809 764 publicis

214 765 375 792 instauravit
390 765 528 800 eapensis.

249 800 266 826 ιι
291 799 432 827 Adrianus
457 799 565 827 Iudaeos
593 799 665 834 capit
690 799 810 827 secundo

213 840 308 862 contra
327 836 464 862 Romanos
479 835 650 863 rebellantes.

987 798 1037 825 118

1090 702 1102 720 c
1116 693 1172 721 XII.
1187 693 1361 721 ADRIANUS
1379 694 1458 722 annis
1474 700 1530 722 xxI.

1266 729 1315 756 Hic
1328 729 1464 765 Adrianus
1471 730 1577 765 italicae
1590 731 1617 757 in
1634 729 1767 765 Ilispania
1780 739 1828 758 na-

1229 768 1274 791 tus
1287 764 1457 791 consobrina:
1471 763 1579 799 Trajani
1594 766 1664 792 ﬁlius
1679 763 1741 792 fuit.

1162 799 1175 825 1
1229 834 1245 836 __
1266 799 1404 836 Adrianus
1426 800 1628 836 eruditissimus
1656 801 1684 827 in
1712 804 1827 836 utraque

1229 834 1320 871 lingua
1334 844 1340 861 :
1360 835 1407 871 sed
1425 835 1452 862 in
1465 842 1609 869 puerorum
1627 843 1720 863 amore
1731 834 1827 871 parum

1229 870 1372 897 continens
1383 869 1443 897 fuit.

249 960 262 978 e
275 945 422 979 mutaui?
435 947 546 983 Traiani
573 946 698 975 invidens
712 945 804 981 gloriae
818 945 852 973 de
865 945 987 980 Assyria,
1012 944 1218 980 Mesopotamia,
1234 945 1372 978 Armenia,
1389 951 1456 980 quas
1477 946 1522 973 ille
1537 945 1692 981 provincias
1715 946 1827 978 fecerat,

213 996 328 1023 removit
345 995 491 1023 exercitus.

250 1042 385 1068 Adrianus
399 1040 502 1074 reliqua
517 1038 681 1066 tributorum
703 1036 817 1064 urbibus
837 1035 981 1068 relaxavit,
996 1035 1099 1064 chartis
1113 1035 1221 1070 publice
1239 1035 1368 1064 incensis.
1383 1035 1519 1064 Plurimos
1533 1036 1615 1063 etiam
1631 1036 1698 1071 ipsis
1717 1037 1826 1065 tributis

215 1090 314 1116 liberos
329 1088 463 1123 praestitit.

211 1179 250 1214 Β.
278 1175 483 1213 DCCCLXX.

246 1267 261 1293 g
278 1257 437 1285 Plutarchus
448 1256 623 1293 Litazrgneus.
645 1257 673 1281 et
695 1253 804 1293 Sestus,

210 1297 237 1320 et
246 1289 446 1327 'Agalhohulus.
463 1295 489 1318 et
505 1290 672 1322 OEnomaus,
687 1289 806 1323 philoso—

211 1329 254 1363 phi
268 1329 387 1363 insignes
405 1327 547 1353 habentur.

983 1195 1033 1222 119

982 1251 1033 1279 120

1157 1196 1174 1221 2
1262 1196 1276 1230 f
1287 1195 1403 1224 Senatus
1414 1196 1561 1231 Traianum
1576 1196 1604 1223 in
1619 1196 1685 1224 deos
1699 1196 1793 1224 refert.

1155 1252 1172 1278 5
1258 1251 1275 1277 Ιι
1284 1251 1474 1279 Alexandrinae
1485 1250 1612 1278 Ecclesiae
1624 1253 1739 1287 quintus
1762 1260 1824 1281 con-

1228 1287 1349 1327 stituitur
1364 1288 1507 1321 episcopus
1527 1287 1621 1315 Justus
1640 1288 1722 1315 annis
1738 1289 1823 1317 unde-

1226 1329 1290 1349 σιω.

245 1388 254 1413 ἱ
268 1385 539 1413 Romanae-Ecclesia;
555 1388 649 1412 sextus
663 1384 848 1418 episcopatum
863 1382 958 1410 Xistus
975 1383 1056 1410 annis
1069 1382 1162 1410 decem
1183 1385 1266 1409 tenet.

246 1433 260 1457 Ir
275 1433 377 1459 Bellum
391 1436 487 1459 contra
507 1430 682 1458 Sauromatas
704 1434 808 1465 gestum
841 1431 910 1465 225
985 1430 1034 1457 121

211 1473 253 1495 est-
272 1468 322 1494 hoc
338 1472 469 1502 tempore.

227 1538 231 1542 η
247 1499 402 1536 Euphrates
425 1501 536 1529 Stoicus
549 1499 726 1537 philosophus
750 1507 808 1526 mo-

211 1541 378 1606 rlltlibpliisus
398 1566 495 1598 ﬂuvrus
514 1568 669 1597 Eleusinam
681 1569 809 1606 inunda-

210 1607 249 1633 vit
266 1604 368 1641 :‘quem
385 1606 519 1633 Adrianus
533 1609 614 1640 ponte
626 1604 804 1640 conjungens,

209 1643 323 1669 Athenis
335 1642 451 1669 hiemem
468 1642 566 1675 exegit.

983 1533 1034 1560 £22

978 1568 1035 1603 ~4225

1159 1430 1176 1457 4
1248 1429 1258 1455 ί
1271 1429 1408 1465 Adrianus
1422 1429 1449 1456 in
1468 1429 1579 1465 Libyam
1589 1450 1595 1461 ,
1618 1437 1679 1464 qua:
1690 1437 1705 1456 a
1725 1429 1825 1458 Judaei:

1212 1468 1317 1491 vastata
1332 1464 1429 1497 fuerat,
1445 1464 1567 1492 colonias
1583 1465 1666 1492 misit.

1159 1534 1176 1561 5
1247 1532 1427 1570 ηδΛᾶι-ὶοηιιε
1448 1534 1658 1562 Atheniensibus
1685 1535 1761 1570 leges
1781 1542 1824 1569 pe-

1158 1571 1174 1596 6
1211 1568 1330 1595 tentibus
1342 1576 1374 1605 ex
1386 1569 1516 1597 Draconis
1531 1574 1556 1597 et
1575 1570 1684 1596 Solonis
1703 1568 1825 1605 reliquo-

1212 1611 1326 1638 rumque
1343 1603 1490 1639 librisjura
1503 1605 1670 1640 composuit:

244 1727 261 1745 η
279 1718 370 1745 Terrm
386 1723 460 1744 motu
472 1717 543 1753 apud
569 1716 722 1751 Bithyniam
745 1715 901 1742 Nicomedia
924 1715 980 1742 ruit
995 1725 1002 1743 :
1018 1719 1045 1743 et
1069 1715 1184 1744 Nicaeum
1211 1717 1287 1745 urbis
1305 1717 1422 1752 plurima
1438 1725 1534 1745 eversa
1557 1721 1620 1745 sunt
1634 1717 1760 1744 aediﬁcia.
1786 1715 1822 1742 Ad

208 1772 323 1800 quorum
340 1764 564 1791 instaurationem
578 1762 715 1789 Adrianus
727 1761 760 1788 de
773 1761 881 1796 publico
900 1761 1014 1796 largitus
1027 1766 1069 1790 est
1082 1763 1232 1798 impensas.

979 1809 1028 1836 121

1155 1810 1170 1836 7

244 1865 259 1884 ο
272 1855 465 1890 Hierosolymis
481 1854 604 1882 decimus
618 1857 679 1889 post
693 1853 847 1889 Philippum
867 1854 1043 1882 constituitur
1055 1855 1200 1890 episcopus
1223 1856 1337 1884 Seneca.
1355 1856 1420 1884 Post
1432 1865 1511 1892 quem
1531 1857 1692 1885 undecimus
1707 1856 1820 1885 Justus:

209 1906 251 1933 cui
267 1903 386 1932 succedit
400 1902 576 1930 duodecimus
594 1901 669 1930 Levi.
692 1901 757 1929 Post
771 1909 850 1936 quem
869 1902 1089 1930 tertiusdecimus
1112 1902 1226 1938 Ephres.
1248 1903 1367 1937 Quartus
1379 1905 1502 1932 decimus
1513 1903 1602 1933 Joses.
1617 1904 1741 1938 Quintus
1751 1905 1822 1933 deci-

207 1959 269 1979 mus
282 1949 376 1977 Iudas.
393 1948 425 1975 lli
442 1956 536 1975 omnes
554 1955 640 1982 usque
663 1947 696 1974 ad
721 1947 901 1979 eversionem,
915 1954 996 1981 quam
1027 1948 1062 1975 ab
1083 1948 1202 1975 Adriano
1227 1957 1355 1984 perpessa
1383 1954 1425 1978 est
1447 1950 1626 1984 Hierusalem,
1646 1959 1681 1978 ex
1702 1951 1822 1978 circum-

207 1998 310 2026 cisione
320 1995 440 2031 episcopi
458 1994 632 2030 praefuerunt.

241 2096 257 2114 a
270 2088 337 2118 Τοὺς
353 2088 380 2112 ὲν
392 2086 521 2122 Σᾶλαμῖνι
532 2086 580 2121 τῆς
594 2085 706 2122 Κύπρου
717 2086 851 2122 ’Έλληνας
867 2086 986 2113 Ἰουδαῖοι

206 2133 354 2163 ἀνελόντες,
371 2131 419 2167 τὴν
436 2132 510 2158 πόλιν
531 2132 713 2165 κατέσκαψαν.
736 2131 814 2166 Sync.
829 2139 855 2166 p.
873 2131 935 2163 518,
953 2132 986 2159 Λ.

242 2178 256 2203 b
276 2177 406 2212 Τραϊανὸς
417 2177 486 2212 νόσῳ
497 2177 618 2211 τελευτᾷ.
632 2176 742 2204 Ibidem.

242 2233 255 2251 c
283 2224 422 2259 Ῥωμαίων
449 2225 480 2250 ιε’
492 2224 663 2251 ἐϐασίλευσεν
689 2224 825 2261 Ἀδριανὸς
839 2225 928 2257 Αἴλιος
941 2225 986 2260 ἔτη

207 2273 259 2297 ια’.
274 2269 386 2302 Ibidem,
408 2268 440 2297 C.
706 2278 708 2283 '

241 2316 259 2342 ἀ
281 2315 416 2351 Ἀδριανὸς
432 2315 574 2348 Ἰουδαίους
586 2315 654 2342 κατὰ
673 2315 866 2351 Ἀλεξανδρέων
881 2317 989 2343 στασιά-

208 2361 303 2393 ζοντας
317 2360 452 2387 ἐκόλασεν.
467 2360 577 2392 Ibidem.
588 2361 622 2388 D.

242 2417 255 2436 ε
281 2408 416 2445 Ἀδριανὸς
434 2408 520 2443 χρεῶν
538 2408 646 2443 ὀφειλὰς
662 2408 715 2434 τῶν
729 2408 774 2434 ὑπ’
790 2407 869 2434 αὐτὸν
887 2408 988 2434 πόλεων

206 2454 359 2490 ἀνηκούσαις
379 2453 416 2489 τῷ
430 2453 549 2489 δημοσίῳ
566 2454 636 2488 λόγῳ
655 2453 787 2488 ἀπέκοψε,
809 2453 911 2485 καύσας
927 2454 988 2485 τοὺς

207 2501 318 2535 χάρτας.
341 2499 370 2525 '0
396 2499 476 2530 αὐτὸς
502 2499 644 2534 Ῥωμαίοις
668 2499 766 2533 φόρους
789 2498 900 2530 πολλοὺς
927 2499 988 2533 ὲχα-

208 2546 312 2581 ρίσατο.
330 2544 442 2572 Ibidem.

241 2592 254 2626 f
271 2591 304 2617 Ἠ
320 2590 469 2626 σύγκλητος
493 2590 552 2616 θεὸν
574 2590 705 2625 Τραϊανὸν
728 2589 888 2625 ἑψηφίσατο.
907 2590 985 2624 Sync.

205 2643 231 2670 ρ.
244 2636 306 2668 549,
320 2636 355 2663 Α.
370 2632 378 2636 ’

239 2690 254 2716 g
271 2682 441 2718 Πλούταρχος
462 2683 618 2717 Χαιρωνεὺς
632 2683 677 2708 καὶ
691 2683 786 2715 Σέξτος
809 2683 856 2709 καὶ
876 2683 987 2717 Ἀγαθό-

206 2725 299 2759 ϐουλος
324 2728 370 2754 καὶ
399 2728 529 2764 Οἰνόμαος
556 2729 694 2764 φιλόσοφοι
721 2729 905 2764 ὲγνωρίζοντο.
932 2730 987 2757 Ibi-

205 2771 274 2803 dem,
291 2773 324 2800 Β.

240 2817 258 2843 Ir
272 2818 469 2856 Ἀλεξανδρείας
477 2823 623 2856 ἐπίσκοπος
631 2824 743 2857 Ἰοῦστος
752 2824 796 2859 ἔτη
807 2823 983 2860 t’.Ibidem,R.

1075 2089 1084 2113 ί
1116 2088 1256 2123 Ῥωμαίων
1289 2089 1434 2120 ἐπίσκοπος
1466 2090 1560 2123 γέγονε
1584 2090 1684 2121 Ξὺστος
1714 2090 1762 2126 ἐτη
1788 2089 1820 2118 θ’.

1043 2135 1153 2169 Ibidem,
1172 2136 1204 2163 Β.

1076 2182 1089 2209 k
1106 2183 1277 2217 Σαυρομάται
1291 2183 1557 2220 κατεπολεμήθησαν.
1573 2184 1683 2211 Ibidem.

1075 2228 1243 2255 ίἌποικὶαν
1273 2230 1312 2261 εις
1340 2229 1441 2264 Λιϐύην
1462 2229 1651 2265 ἐρημωθεῖσαν
1685 2228 1819 2265 Ἀδριανὸς

1039 2272 1170 2307 ἐπεμψεν.
1186 2273 1298 2301 Ibidem.

1075 2327 1098 2344 m
1116 2319 1144 2344 '0
1154 2319 1234 2351 αὐτὸς
1251 2320 1399 2356 Ἀθηναίοις
1409 2319 1552 2352 ἀξιώσασιν
1565 2322 1596 2347 ἐκ
1606 2321 1659 2346 τῶν
1670 2321 1820 2356 Δράκοντος

1039 2365 1086 2390 καὶ
1099 2364 1215 2396 Σόλωνος
1229 2366 1326 2400 νόμους
1341 2365 1523 2398 ὲπισυνὲταξε,
1535 2366 1668 2401 χειμάσας
1683 2368 1724 2398 εὶς
1743 2367 1821 2402 Ἀϐή-

1038 2418 1085 2441 va;
1097 2411 1143 2436 καὶ
1157 2411 1269 2446 μυηθεὶς
1283 2411 1316 2437 τὰ
1331 2411 1488 2444 Ἐλευσίνια,
1499 2413 1545 2439 καὶ
1554 2412 1716 2447 γεφυρώσας
1736 2413 1820 2439 Ἐλευ-

1040 2456 1099 2481 σῖνα
1115 2455 1345 2483 κατακλυσθεῖσαν
1361 2456 1412 2484 ὑπὸ
1427 2457 1545 2492 Κεφισοῦ
1558 2457 1691 2493 ποταμοῦ.
1707 2457 1817 2485 Ibidem.

1073 2510 1090 2527 η
1109 2501 1245 2536 Ἀδριανὸς
1267 2502 1447 2538 Νικομήδειαν
1472 2502 1574 2538 σεισμῷ
1596 2503 1820 2530 καταπτωθεῖσαν

1039 2548 1085 2573 καὶ
1101 2547 1217 2574 Νίκαιαν
1234 2547 1325 2580 πόλεις
1345 2548 1468 2580 Βιθυνίας
1486 2549 1621 2584 χρήμασιν
1641 2549 1816 2585 ἀνεστήσατο.

1039 2592 1151 2624 Ibidem,
1167 2593 1201 2619 A.

1072 2647 1087 2664 ο
1106 2639 1297 2674 Ἰεροσολύμων
1309 2640 1420 2671 δέκατος
1442 2640 1589 2672 ἐπίσκοπος
1607 2640 1731 2672 Ἐνέκας·
1747 2640 1819 2667 ἑνδέ-

1038 2691 1118 2715 κατος
1147 2683 1276 2715 Ἰοῦστος·
1303 2684 1450 2714 δωδέκατος
1473 2685 1567 2716 Λευίς·
1597 2685 1817 2721 τρισκαιδέκατος

1044 2729 1170 2764 Ἐφραῖμ·
1198 2729 1489 2766 τεσσαρεσκαιδέκατος
1508 2730 1622 2766 Ἰωσήφ·
1648 2730 1819 2757 πεντεκαιδέ-

1038 2783 1118 2806 κατος
1149 2775 1257 2808 Ἰούδας.
1286 2775 1345 2802 καθ’
1369 2776 1398 2802 δν
1423 2776 1468 2802 ἐπὶ
1495 2774 1630 2811 Ἀδριανοῦ
1658 2775 1750 2808 τελεία
1773 2774 1817 2802 καὶ

1037 2821 1136 2857 ἐσχάτη
1151 2822 1244 2856 γέγονε
1257 2822 1305 2858 τῆς
1321 2822 1421 2854 πόλεως
1435 2822 1542 2854 ἅλωσις.
1558 2821 1630 2849 Idem
1642 2830 1668 2857 p.
1683 2822 1747 2856 519,
1758 2822 1817 2849 550.
