1913 3137
107 162 158 191 565
724 165 869 194 CBRONIC

940 165 971 193 [Μ
991 166 1054 195 LIB.
1075 167 1108 195 ll.
1673 172 1724 200 διε

109 243 1724 260 ____—__________—___________

661 293 756 314 οιηρ,
784 295 913 317 CHRISTUS
956 296 1014 317 JUD.

105 460 145 495 Β.
181 460 367 498 DCCCXX.
513 490 516 494 .
667 466 738 500 212
826 465 860 492 69

1092 297 1145 317 ιιοιι

934 361 1030 396 Agrip-
1083 360 1155 388 Nero

963 404 996 431 pa

966 466 1001 493 ει
1107 466 1141 494 14

135 559 169 588 L.
184 562 305 590 Annaeus
323 560 417 595 Melas,
436 560 545 590 Seneca:
561 562 646 590 frater
658 567 686 591 et
697 563 843 595 Gallionis,
860 564 930 592 bona
944 564 1048 593 Lucani
1064 570 1161 602 poetae.
1174 567 1223 595 ﬁlii
1237 569 1292 602 sui,
1309 568 1439 597 aNerone
1450 575 1631 605 promeretur.

137 617 155 636 ιι
171 609 274 636 Contra
291 608 411 642 Iudaeos,
428 610 475 645 qui
490 609 575 637 Cestii
591 609 663 637 Flori
679 611 822 638 avaritiam
838 619 894 638 non
917 611 1036 641 ferentes
1051 614 1229 649 rebellabant,
1243 614 1429 651 Vespasianus
1443 617 1574 653 magister
1589 618 1693 647 militiae
1706 627 1721 647 a

99 654 209 683 Nerone
221 657 426 690 transmittitur,
444 659 493 694 qui
505 659 635 694 plurimas
650 659 750 687 Judaeze
763 661 844 688 urbes
861 660 944 695 capit.

134 702 149 728 ὁ
164 701 275 730 Flavius
283 702 417 739 Josephus
431 706 548 740 scriptor
562 705 722 739 historicus,
736 706 789 734 dux
806 706 868 734 belli
880 705 1046 741 Iudaeorum,
1059 715 1122 736 cum
1138 717 1154 737 a
1163 708 1294 738 Romanis
1307 710 1513 739 interﬁciendus
1524 716 1607 745 esset,
1619 712 1723 749 Vespa-

99 748 178 776 siano
194 750 358 783 praenuntiat
372 749 405 778 de
423 755 511 778 morte
523 751 648 786 Neratiis,
667 755 694 779 et
708 752 767 785 ejus
779 752 904 787 imperio.

133 804 149 824 c
164 795 246 830 Nero,
261 804 322 824 cum
339 805 353 824 a
374 803 470 826 senatu
481 803 648 834 quaereretur
663 798 697 826 ad
711 806 830 834 poenam,
843 806 859 826 e
891 799 992 833 palatio
1007 799 1124 835 fugiens,
1141 801 1175 828 ad
1192 806 1320 836 quartum
1336 802 1418 831 Urbis
1441 803 1598 831 milliarium
1613 805 1641 832 in
1657 806 1722 833 sub-

98 843 207 870 urbano
230 843 320 870 liberti
334 844 463 872 sui-inter
481 846 615 872 Salariam
637 849 663 872 et
680 844 875 872 Nomentanam
904 845 976 872 viam
993 847 1170 882 semetipsum
1185 847 1333 881 interﬁcit,
1352 856 1424 876 anno
1440 850 1529 877 aetatis
1552 858 1609 878 suae
1631 859 1719 886 uxr,

97 892 181 924 atque
195 888 224 916 in
241 896 274 916 eo
288 889 378 918 omnis
395 889 510 925 Augusti
524 889 628 917 familia
640 893 831 917 consummata
846 892 898 916 est.

132 935 150 961 ὀ
167 935 234 963 Post
249 934 384 963 Neronem
400 936 485 963 Galba
501 937 530 963 in
545 935 666 968 Hiberia,
680 934 806 963 Vitellius
819 935 846 962 in
866 934 1022 968 Germania,
1039 935 1110 964 Otho
1124 936 1227 971 Romae,
1246 938 1388 974 imperium
1401 940 1583 976 arripuerunt.

133 981 244 1010 Marcus
260 981 361 1010 Fabius
377 981 562 1015 Quintilianus
575 982 690 1009 Romam
706 989 722 1009 a
738 981 820 1009 Galba
836 980 1005 1016 perducitur.

133 1036 149 1054 ε
161 1026 349 1063 Vespasianus
364 1028 470 1056 duobus
486 1027 588 1063 praeliis
600 1032 744 1063 superatos
754 1027 862 1056 Judmos
877 1028 911 1055 ad
923 1035 1017 1056 muros
1030 1029 1171 1065 compulit.

132 1073 218 1101 Galba
239 1074 357 1109 septimo
371 1081 465 1102 mense
481 1074 587 1110 imperii
606 1074 649 1102 sui
663 1074 690 1100 in
704 1073 793 1101 medio
807 1073 936 1101 Romanae
951 1074 1026 1101 urbis
1044 1074 1101 1102 foro
1119 1075 1209 1111 capite
1224 1079 1378 1105 truncatur.

131 1119 205 1148 Otho
221 1120 303 1148 tertio
320 1121 396 1155 regni
411 1120 453 1147 sui
469 1128 562 1149 mense
572 1120 643 1155 apud
659 1119 814 1147 Vetriacum
831 1119 884 1155 [ιιι.
896 1118 1070 1156 Bebriacum]
1086 1121 1197 1156 propria
1213 1129 1294 1150 manu
1310 1124 1450 1153 occubuit.

128 1166 267 1199 Vitellius,
283 1174 298 1193 a
317 1163 478 1201 VeSpasiani
503 1166 618 1194 ducibus
643 1166 763 1199 occisus,
781 1165 809 1192 in
826 1165 945 1193 Tiberim
962 1166 1114 1201 projicitur,
1134 1172 1230 1196 octavo
1248 1177 1343 1199 mense
1369 1171 1474 1208 imperii
1486 1174 1540 1208 sui,
1551 1176 1577 1202 et
1589 1173 1634 1204 die
1651 1183 1717 1206 uno.

129 1213 227 1246 Galba,
241 1213 324 1248 Otho,
340 1213 476 1248 Vitellius,
494 1217 675 1250 regnaverunt
687 1220 759 1241 anno
773 1220 838 1245 uno,
851 1213 991 1242 mensibus
1006 1221 1063 1242 sex.

126 1260 142 1294 ί
156 1259 314 1288 Antiochia:
331 1260 470 1289 secundus
485 1260 631 1296 episcopus
641 1260 785 1289 ordinatur
798 1259 927 1297 lgnatius.

816 1477 850 1504 70

992 1360 1007 1386 g
1021 1350 1079 1378 VII.
1114 1350 1352 1382 VESPASIANUS
1368 1355 1447 1384 annis
1461 1363 1500 1389 rx,
1517 1357 1659 1386 mensibus
1675 1365 1715 1390 ιι,

1043 1397 1139 1426 diebus
1151 1406 1219 1426 xx".

957 1477 992 1504 25
1117 1479 1130 1506 ί

124 1555 142 1581 Ιι
155 1553 346 1589 Vespasianus
363 1554 435 1589 apud
447 1553 569 1582 Iudaeam
587 1553 735 1589 imperator
749 1555 784 1583 ab
796 1555 919 1583 exercitu
936 1556 1099 1592 appellatus,
1112 1560 1139 1586 et
1161 1557 1261 1585 bellum
1283 1557 1345 1586 Tito
1361 1557 1416 1586 ﬁlio
1432 1560 1640 1594 commendans,
1655 1560 1714 1589 Ro-

93 1611 163 1631 mam
179 1611 229 1639 per
243 1602 438 1631 Alexandriam
454 1602 648 1639 proﬁciscitur.

124 1682 293 1720 Capitolium
307 1684 400 1712 Romae
414 1684 566 1713 incensum.
814 1685 845 1713 Ἠ

953 1685 988 1713 26
1110 1687 1128 1714 2

126 1780 243 1818 i'l‘itus,
260 1781 353 1812 Iudaea
374 1788 453 1819 capta
475 1788 502 1812 et
522 1783 718 1820 Hierosolymis
733 1783 888 1818 subversis,
904 1791 938 1813 nc
954 1785 1039 1813 millia
1063 1786 1184 1813 virorum
1209 1784 1346 1813 interﬁcit.
1369 1783 1504 1821 Iosephus
1528 1793 1594 1814 vero
1619 1786 1716 1817 scribit.

91 1830 223 1858 undecies
238 1835 355 1858 centena
369 1830 453 1857 millia
469 1831 539 1858 fame
555 1834 582 1857 et
602 1830 692 1865 gladio
708 1830 834 1865 periisse,
850 1834 877 1858 et
892 1831 945 1858 alia
960 1836 1068 1859 centum
1083 1831 1167 1859 millia
1182 1832 1352 1867 captivorum
1369 1832 1478 1867 publice
1494 1832 1660 1859 venundata.
1679 1831 1715 1860 Ut

89 1881 182 1903 autem
200 1880 276 1904 tanta
289 1875 436 1904 multitudo
451 1875 648 1911 Hierosolymis
664 1876 841 1911 reperiretur,
855 1884 969 1906 causam
983 1884 1140 1912 azymorum
1155 1876 1241 1904 fuisse
1252 1876 1355 1905 refert:
1371 1877 1406 1905 ob
1421 1885 1481 1912 qua:
1494 1884 1526 1905 ex
1542 1877 1616 1904 omni
1635 1881 1715 1913 gente

89 1920 176 1949 Judaei
189 1922 223 1949 ad
239 1921 368 1956 templum
380 1921 558 1955 confluentes,
575 1921 641 1949 urbe
657 1922 735 1957 quasi
751 1930 863 1950 carcere
891 1927 955 1950 sunt
977 1923 1086 1950 reclusi.
1106 1922 1232 1958 Oportuit
1247 1923 1320 1951 enim
1334 1923 1362 1951 in
1377 1923 1420 1951 his
1434 1923 1529 1951 diebus
1545 1923 1656 1951 Pascha:
1666 1931 1714 1952 eos

90 1970 222 2004 interﬁci,
233 1969 260 1997 in
273 1969 373 2006 quibus
391 1968 560 1997 Salvatorem
573 1970 777 1997 cruciﬁxerant.

123 2080 142 2097 α
161 2070 280 2096 Ἰουδαῖοι
296 2068 438 2103 Ῥωμαίων
453 2067 609 2103 ἀπέστησαν
619 2068 665 2095 ἐπὶ
679 2069 789 2095 Γεστίου
802 2069 874 2096 Φλώ-

88 2125 137 2153 ρου
154 2115 200 2142 διὰ
216 2114 369 2146 πλεονεξίαν
391 2112 472 2140 αὑτοῦ
490 2113 622 2149 ἄμετρον·
639 2115 681 2149 ἐφ’
697 2115 742 2147 οὓς
755 2117 769 2142 ὁ
780 2115 873 2151 Νέρων

87 2161 294 2190 Οὐεσπασιανὸν
327 2158 564 2195 στρατοπεδάρχην
598 2161 761 2196 ἐξέπεμψεν.
799 2160 873 2188 Idem

87 2217 113 2244 ρ.
127 2208 191 2240 556,
207 2207 241 2234 D.

123 2255 138 2281 b
158 2253 272 2285 Φλάϐιος
299 2253 452 2288 Ἰώσηππος
476 2253 666 2289 συγγραφεὺς⁷
686 2252 875 2287 στρατηγήσας

87 2299 160 2335 ὑπὲρ
177 2296 334 2330 Ἰουδαίων,
359 2299 407 2325 καὶ
424 2298 528 2334 μέλλων
543 2298 582 2330 είς
598 2298 643 2324 τὸν
660 2297 775 2333 πόλεμον
798 2298 874 2324 ἀναι-

91 2344 196 2380 ρεῖσθαι
209 2363 217 2378 ,
241 2343 363 2375 θεσπίζει
385 2343 579 2378 Οὐεσπασιανῷ
600 2343 663 2379 περὶ
683 2344 732 2379 τῆς
751 2343 875 2379 Νέρωνος

87 2392 235 2427 τελευτῆς,
252 2390 300 2418 καὶ
320 2390 370 2425 τῆς
390 2389 472 2417 αὑτοῦ
496 2388 700 2416 Οὐεσπασιανοῦ
728 2388 872 2424 βασιλείας.

88 2437 186 2465 Chron.
201 2437 291 2471 pasch.
303 2445 330 2471 ρ.
343 2436 405 2468 250,
418 2435 452 2463 D.

122 2492 137 2510 c
153 2483 247 2518 Νέρων
260 2481 356 2510 ἑαυτὸν
371 2481 486 2508 ἀνεῖλεν.
501 2481 634 2509 Cedrenus
648 2488 676 2515 ρ.
691 2480 754 2513 215,
770 2480 802 2508 Ῑ).

123 2529 140 2555 d
156 2528 235 2556 Μετὰ
250 2528 376 2564 Νέρωνος
397 2527 502 2559 Γάλϐας
524 2526 698 2554 ἐϐασίλευσεν
714 2527 743 2552 ἐν
760 2525 873 2562 Ἰϐηρίᾳ,

88 2573 241 2604 οὐιτέλλιος
253 2573 281 2599 ἐν
295 2571 446 2608 Γερμανίᾳ·
462 2572 549 2599 Ὄθων
565 2572 610 2598 ἐπὶ
624 2571 731 2608 Ῥώμης
740 2580 748 2588 ν
761 2571 874 2602 ἕκαστος

88 2619 177 2647 αὐτῶν
194 2620 249 2655 ἰδίᾳ.
269 2618 356 2653 ἐπέϐη
375 2619 408 2654 τῇ
429 2618 518 2654 ἀρχῇ..
534 2618 632 2646 Chron.
655 2618 744 2652 pasch.
766 2625 792 2652 ρ.
809 2618 871 2652 245,

87 2666 149 2693 246.

120 2721 134 2739 ε
150 2710 356 2742 Οὐεσπασιανὸς
372 2710 432 2737 δυσὶ
453 2710 580 2746 πολέμοις
604 2711 746 2743 Ἰουδαίους
774 2711 874 2747 τρεψά-

90 2767 166 2793 μενος
183 2757 358 2785 ἀπέκλεισεν.
379 2755 457 2791 Sync.
473 2764 498 2791 ν.
517 2755 584 2788 540,
606 2756 638 2783 B.
654 2756 760 2788 Γάλϐας
781 2756 873 2782 ἐϐασί-

89 2804 163 2831 λευσε
189 2805 280 2840 μῆνας
305 2803 338 2835 ζ’,
363 2803 408 2829 καὶ
431 2803 459 2828 ἐν
481 2802 550 2838 μέσῃ
566 2803 598 2837 τῇ
622 2802 764 2837 Ῥωμαίων
787 2802 875 2837 ἀγορᾷ

89 2851 134 2887 τὴν
146 2850 269 2886 κεφαλὴν
284 2847 441 2883 ἀπετμήθη.
458 2846 546 2873 Ὄθων
560 2847 719 2882 βασιλεύσας
734 2848 820 2883 μῆνας
837 2852 871 2882 γ’,

88 2897 265 2934 διεχειρίσατο
283 2895 390 2921 ἑαυτόν.
408 2893 495 2920 Chron
520 2893 606 2929 pascit.
623 2903 640 2928 p
664 2894 726 2926 2/15,
740 2894 802 2927 246,
817 2894 848 2920 Α.

963 2069 976 2101 f
987 2068 1149 2104 Ἀντιοχείας
1161 2067 1308 2099 ἐπίσκοπος
1321 2067 1459 2102 Ἰγνάτιος.
1473 2067 1553 2103 Sync.
1565 2075 1591 2102 ρ.
1605 2069 1668 2102 542,
1678 2068 1711 2096 B.

962 2141 977 2168 g
999 2132 1139 2168 Ῥωμαίων
1158 2130 1180 2163 ζ’
1205 2130 1378 2157 ἐϐασίλευσεν
1394 2130 1595 2162 Οὐεσπασιανὸς
1617 2130 1664 2166 ἔτη
1678 2131 1712 2158 θ’.

929 2179 1026 2206 Chron.
1042 2177 1131 2212 pasch.
1148 2185 1174 2212 p.
1188 2176 1251 2208 246,
1265 2176 1299 2203 Α.

964 2238 980 2265 It
993 2238 1196 2269 Οὐεσπασιανὸς
1209 2237 1396 2274 αὐτοκράτωρ,
1410 2238 1556 2273 στέψαντος
1568 2237 1649 2265 αὐτὸν
1664 2238 1714 2265 τοῦ

929 2283 1055 2321 στρατοῦ,
1070 2283 1113 2309 τὸν
1126 2282 1197 2309 κατὰ
1218 2282 1350 2309 Ἰουδαίων
1365 2282 1520 2318 ἐγχειρίσας
1533 2282 1650 2318 πόλεμον
1666 2283 1715 2309 Τί-

928 2339 976 2364 τῳ,
986 2329 1066 2360 αὐτὸς
1077 2329 1109 2355 δι’
1124 2327 1325 2364 Ἀλεξανδρείας
1334 2329 1373 2360 εὶς
1382 2328 1430 2363 τὴν
1445 2328 1587 2363 Ῥωμαίων
1600 2328 1714 2363 ἀφίκετο

928 2376 1015 2402 πόλιν.
1032 2375 1106 2402 Idem
1121 2383 1147 2410 p.
1158 2374 1221 2406 246,
1236 2373 1306 2401 A-C.

963 2434 972 2460 t'
983 2433 1070 2464 Τῖτος,
1087 2432 1228 2463 Ἰουδαίους
1239 2430 1485 2466 πολιορκήσας,καὶ
1495 2431 1529 2457 τὰ
1541 2430 1714 2466 Ἱεροσόλυμα

928 2478 1117 2513 κατασκάψας,
1126 2478 1172 2504 καὶ
1185 2477 1318 2513 μυριάδας
1333 2476 1437 2513 ἀνδρῶν
1451 2476 1589 2511 ἐφόνευσε.
1602 2477 1670 2512 Φησὶ⁸
1685 2477 1714 2502 δὲ

928 2526 974 2553 καὶ
990 2524 1141 2560 Ἰώσηππος
1157 2523 1229 2559 λιμῷ
1245 2524 1292 2550 καὶ
1311 2524 1432 2559 μαχαίρᾳ.
1449 2524 1580 2559 μυριάδας
1600 2526 1633 2559 ρι’
1647 2523 1714 2549 ἀπο-

927 2570 1038 2602 λέσθαι,
1068 2570 1114 2597 καὶ
1137 2569 1219 2601 άλλας
1246 2571 1322 2605 τρεῖς
1351 2569 1483 2605 μυριάδας
1513 2568 1714 2603 διαπεπράσθαι

927 2615 1120 2653 αἰχμαλώτων
1141 2617 1226 2643 αἴτιον
1242 2615 1269 2642 δὲ
1283 2615 1313 2642 τὸ
1326 2615 1437 2642 τοσοῦτο
1454 2614 1555 2650 πλῆθος
1575 2613 1646 2640 κατὰ
1664 2613 1714 2650 τὴν

927 2665 1004 2691 πόλιν
1030 2663 1160 2700 εὑρῆσθαί
1182 2672 1247 2699 φησι
1265 2663 1314 2699 τὴν
1329 2663 1376 2690 τοῦ
1397 2662 1491 2697 Πάσχα
1511 2661 1624 2697 ἑορτὴν,
1648 2661 1676 2688 ἐν
1695 2659 1712 2698 ᾗ

928 2710 1027 2742 πάντες
1040 2711 1064 2737 ot
1086 2710 1132 2736 τοῦ
1155 2709 1248 2741 ἔθνους
1263 2708 1485 2743 ωνεληλυθὸντες
1504 2707 1542 2739 ὡς
1563 2707 1592 2733 ἐν
1616 2707 1712 2743 εἱρκτῇ

928 2756 1154 2791 συνεκλείσθησαν
1164 2763 1170 2770 ·
1189 2755 1242 2782 ἔδει
1256 2755 1309 2791 γὰρ
1322 2755 1385 2786 τοὺς
1401 2756 1430 2781 ἐν
1443 2754 1534 2790 ἡμέρᾳ
1556 2752 1603 2780 τοῦ
1617 2753 1713 2788 Πάσχα

927 2802 966 2837 τῷ
989 2802 1093 2837 Σωτῆρι
1107 2801 1334 2832 ἐπιϐουλευκότας
1354 2800 1390 2835 μὴ
1408 2800 1500 2827 ἄλλοτε
1517 2799 1551 2826 τὰ
1574 2799 1710 2834 ἐπίχειρα,

928 2844 963 2874 ὦν
979 2847 1140 2883 ἐτόλμησαν,
1162 2847 1267 2874 παθεῖν.
1283 2846 1412 2873 Eusebius
1431 2847 1500 2880 apud
1517 2846 1596 2882 Sync.
1608 2854 1635 2881 p.
1648 2846 1711 2879 542,

929 2895 961 2928 Α,
976 2899 999 2921 et
1015 2895 1083 2929 apud
1102 2893 1198 2922 Chron.
1213 2893 1303 2928 past/1.
1314 2901 1339 2927 ρ.
1354 2892 1416 2926 247,
1435 2893 1501 2920 Α-Β.
