1913 3137
255 144 306 171 551

865 269 962 290 οινιιρ.
1000 268 1130 290 CHRISTUS
1183 269 1247 290 11011.

866 418 972 426 -υ---
1008 417 1113 425 _—-—

594 141 729 169 EUSEBII
749 141 988 170 CESARIENSIS
1005 141 1080 169 OPP.
1102 140 1191 168 PARS
1211 140 1231 168 Ι.
1251 156 1286 161 -
1306 139 1499 170 HISTORICA.
1827 144 1872 172 55‘?

1326 270 1342 288 α
1359 261 1501 290 Secundus
1519 263 1581 296 post
1598 262 1731 290 Neronem
1746 261 1873 289 Domitia-

1285 304 1338 324 nus
1351 297 1523 325 Christianos
1537 297 1710 332 persequitur
1724 307 1731 324 :
1744 302 1773 325 et
1784 297 1836 325 sub
1845 306 1874 325 eo

1163 331 1257 360 Domi-
1283 333 1423 367 apostolus
1453 333 1572 360 Joannes
1602 331 1632 360 in
1650 332 1778 360 Patmum
1804 333 1874 361 insu-

1164 368 1255 395 tianus
1282 367 1336 394 lam
1362 368 1497 404 relegatus
1523 368 1714 404 Apocalypsitn
1738 368 1818 401 vidit,
1839 370 1872 395 uti

1281 408 1375 429 narrat
1392 403 1521 431 Irenaaus.

858 463 1018 492 SECUNDA
1047 462 1276 492 PERSECUTIO.

1041 520 1075 549 95

1185 521 1217 549 Η
1271 557 1275 558 ν
1309 522 1323 549 b
1344 522 1505 557 Apollonius
1530 521 1656 558 Tyaneus
1678 527 1706 550 et
1725 521 1873 558 Euphrates

1271 557 1392 593 insignes
1410 557 1565 593 philosophi
1582 558 1728 586 habentur.

286 615 300 634 ε
314 605 485 633 Domitianus
501 612 559 637 eos,
579 605 625 639 qui
642 604 676 632 de
693 612 792 640 genere
811 603 893 631 David
917 607 1006 637 erant,
1025 602 1143 631 interﬁci
1166 603 1306 638 przecepit,
1324 607 1355 631 ut
1376 604 1469 632 nullus
1486 603 1643 632 Iudaeorum
1661 605 1740 640 regni
1756 605 1873 640 reliquus

250 655 330 682 foret.

229 720 234 730 λ
287 702 386 730 Scribit
416 702 540 729 Bruttius
566 701 701 737 plurimos
726 700 945 729 Christianorum
972 700 1024 729 sub
1050 699 1206 728 Domitiano
1224 698 1323 727 fecisse
1335 699 1520 735 martyrium:
1538 699 1609 728 inter
1621 707 1692 736 quos
1711 703 1740 728 et
1757 699 1871 727 Flaviani

249 750 415 778 Domitillam
427 749 514 777 Flavii
533 749 680 777 Clementis
694 749 817 778 consulis
836 757 870 777 ex
886 756 981 776 sorore
995 752 1114 784 neptem,
1131 748 1159 775 in
1175 747 1294 774 insulam
1306 746 1431 775 Pontiam
1448 747 1604 783 relegatam,
1621 748 1685 783 quia
1700 755 1731 775 se
1745 746 1873 775 Christia-

249 805 311 824 nam
327 804 388 824 esse
405 800 503 823 testata
519 800 570 823 est.

286 845 343 872 Hoc
359 854 428 872 anno
443 845 532 872 beatus
550 845 692 879 Dionysius
715 849 791 879 atque
814 844 941 871 Nicasius
966 851 1025 870 cum
1050 844 1128 870 sociis
1147 845 1202 871 suis
1224 853 1269 879 per
1283 853 1407 871 coronam
1422 844 1545 879 martyrii
1563 847 1734 878 pervenerunt
1752 844 1788 871 ad
1802 844 1872 871 Chri—

248 900 329 920 slum.

282 974 452 1002 Domitianus
477 973 585 1001 occisus
610 974 637 1001 in
658 971 780 1007 Palatio,
806 980 854 1008 per
907 974 978 1009 219'

247 1011 411 1051 vespillones
424 1010 578 1052 ignlobililc't‘
591 1013 760 1044 exportatur,
781 1016 853 1036 anno

247 1044 335 1081 aetatis
351 1053 429 1081 xxxv
438 1044 487 1081 [aL
504 1044 578 1081 xiv].

284 1078 501 1115 [Alexandrinae
518 1078 653 1115 Ec‘clesiae
668 1079 766 1107 tertius
790 1078 849 1114 epi-

247 1114 348 1150 scOpus
366 1115 475 1150 praefuit
490 1114 578 1142 Certlo
591 1114 672 1141 annis
688 1114 826 1142 undecim.

1192 938 1226 965 I5
1314 940 1330 964 α
1348 937 1429 965 Multa
1445 936 1619 973 signaratque
1641 940 1772 973 portenta
1787 936 1870 964 Roma:

1194 974 1226 1000 Iti
1279 975 1307 1000 et
1322 974 1349 1000 in
1363 977 1419 1000 toto
1433 972 1499 1000 orbe
1517 972 1600 1000 facta.

1087 1051 1101 1070 e
1119 1041 1154 1070 X.
1169 1042 1287 1071 NERVA
1302 1051 1374 1070 anno
1394 1051 1414 1075 ι,
1430 1043 1571 1072 mensibus
1585 1046 1622 1070 tv.

1206 1080 1219 1107 1
1310 1087 1326 1114 g
1339 1078 1436 1106 Justus
1449 1086 1464 1105 a
1481 1078 1625 1107 Tiberiade
1636 1077 1797 1106 Judazorum
1808 1078 1865 1106 scri-

1279 1118 1341 1149 ptor
1355 1115 1523 1149 agnoscitur.

280 1161 369 1189 Nerva
385 1161 482 1189 morbo
497 1161 569 1196 perit
583 1163 611 1187 in
627 1161 715 1188 hortis
733 1160 909 1189 Sallustianis
926 1169 998 1189 anno
1010 1162 1099 1190 aetatis
1116 1169 1201 1194 Lxxtl,
1219 1169 1280 1189 cum
1291 1162 1349 1196 jam
1369 1160 1518 1197 Trajanum
1537 1161 1695 1196 adoptasset
1712 1161 1743 1188 in
1763 1161 1854 1188 ﬁlium.

282 1206 420 1242 Trajanus
434 1207 591 1243 Agrippina:
606 1207 634 1234 in
647 1207 743 1235 Galliis
759 1211 908 1242 .mperator
922 1207 1022 1240 factus,
1039 1213 1120 1235 natus
1134 1207 1234 1236 Italica:
1247 1209 1276 1235 in
1290 1207 1431 1243 Hispania.

280 1253 297 1280 Ιι
317 1253 436 1283 Senatus
458 1254 590 1287 decrevit,
615 1258 645 1281 ut
662 1254 754 1282 omnia
777 1261 838 1289 qua:
863 1254 1034 1283 Domitianus
1051 1259 1195 1288 statuerat,
1226 1255 1254 1282 in
1274 1254 1382 1282 irritum
1396 1254 1572 1282 ducerentur.
1589 1254 1683 1288 Itaque
1698 1254 1790 1286 multi,
1806 1261 1870 1289 quos

246 1302 349 1337 injuste
374 1301 501 1337 ejecerat,
524 1302 558 1329 de
584 1301 682 1329 exsilio
705 1301 820 1334 reversi,
841 1302 967 1329 nonnulli
989 1303 1061 1330 bona
1086 1303 1198 1338 propria
1223 1305 1392 1337 receperunt.
1422 1301 1506 1328 Aiunt
1529 1305 1556 1329 et
1572 1301 1727 1336 apostolum
1741 1299 1869 1328 Joannem

244 1349 298 1377 hoc
316 1353 440 1384 tempore
453 1348 551 1376 exsilio
574 1348 724 1376 resolutum
740 1347 877 1383 Ephesum
894 1348 1003 1376 venisse
1017 1357 1023 1375 :
1036 1348 1064 1375 in
1078 1355 1132 1384 qua
1151 1349 1220 1376 urbe
1235 1351 1262 1376 et
1281 1347 1429 1383 hospitium
1443 1349 1471 1375 et
1489 1347 1592 1374 amicos
1606 1346 1812 1374 amantissimos
1832 1347 1870 1374 sui

245 1396 373 1424 habebat.

281 1442 296 1468 k
309 1436 442 1470 .loannem
457 1440 621 1476 apostolum,
636 1449 723 1476 usque
736 1441 769 1468 ad
785 1440 853 1468 Tra-

243 1477 302 1512 jani
326 1480 448 1512 tempora
472 1477 589 1505 Irenzeus
615 1478 760 1512 episcopus
790 1484 852 1509 per-

1115 1443 1126 1469 ί
1140 1441 1186 1471 Kl.
1204 1440 1385 1469 TRAIANUS
1400 1440 1480 1468 annis
1497 1434 1553 1472 xix.
1570 1439 1714 1468 mensibus
1730 1447 1770 1467 vr.

245 1509 519 1540 mansisse-scribit:
633 1509 676 1548 Ἠ,
697 1512 845 1548 υςορι,
1046 1513 1080 1541 99
1206 1513 1219 1548 1
1310 1512 1424 1540 Decreto
1457 1515 1568 1540 senatus
1594 1509 1682 1538 Nerva
1708 1510 1783 1538 inter
1809 1509 1868 1538 deos

245 1551 308 1582 post
323 1555 403 1582 quem
420 1548 558 1575 auditores
658 1547 662 1548 ⁷
703 1581 720 1582 η
826 1547 829 1548 ⁷
1028 1548 1081 1576 100
1203 1547 1222 1574 2
1274 1548 1388 1575 relatus.

245 1580 306 1617 ejus
321 1580 442 1617 insignes
457 1582 568 1610 fuerunt
581 1581 854 1617 Papias,Hierapoli—
1316 1583 1326 1609 Ι
1354 1582 1486 1609 Romanae
1521 1580 1649 1617 Ecglesiae
1685 1581 1868 1615 episcopatum

244 1615 328 1645 tanus
347 1615 504 1654 episcopus,
530 1622 558 1654 et
567 1615 745 1654 Poli'earpus,
762 1615 857 1653 Sinyr-
1214 1653 1219 1654 γ
1282 1621 1398 1654 quartus
1420 1616 1541 1651 suscepit
1557 1615 1699 1643 Evaristus
1720 1617 1806 1643 annis
1822 1623 1868 1643 no-

246 1659 332 1686 naeus,
349 1652 376 1680 et
398 1653 528 1689 lgnatius,
546 1652 744 1681 Antiochenus.
814 1652 818 1653 ⁷
909 1655 980 1689 220
1036 1652 1085 1680 101
1214 1653 1231 1680 5
1285 1652 1357 1681 vem.

1037 1723 1090 1750 102
1214 1723 1232 1750 4
1320 1732 1344 1750 m
1353 1722 1487 1759 Trajanus
1496 1721 1531 1749 de
1540 1721 1620 1749 Dacis
1628 1725 1655 1749 et
1664 1721 1777 1758 Scythis
1784 1722 1871 1749 trium-

1037 1759 1090 1786 105
1215 1759 1232 1786 5

1285 1759 1360 1793 phat.

286 1816 303 1834 η
323 1806 470 1842 Traianus,
497 1807 570 1834 victo
593 1814 659 1843 rege
680 1807 819 1840 Decibalo,
845 1806 954 1834 Daciam
981 1806 1044 1834 fecit
1068 1807 1236 1842 provinciam
1258 1815 1264 1832 :
1285 1805 1386 1838 Iberos,
1411 1803 1561 1836 Sarmatas,
1586 1803 1736 1835 Osroenos,
1759 1802 1867 1834 Arabas,

243 1855 446 1891 Bosphoranos,
462 1855 589 1888 Colchos,
605 1856 634 1882 in
651 1855 730 1884 [idem
755 1855 859 1890 accepit
874 1865 880 1882 :
897 1854 1060 1887 Seleuciam,
1080 1854 1298 1890 Ctesiphontem,
1316 1852 1482 1887 Babylonem
1501 1851 1646 1886 occupavit
1674 1853 1703 1878 et
1729 1850 1827 1878 tenuit.
1843 1848 1869 1875 lu

248 1901 320 1929 mari
333 1901 428 1929 Rubro
444 1902 560 1930 classem
576 1902 706 1934 instituit,
725 1905 754 1929 ut
769 1910 816 1937 per
832 1909 892 1930 eam
908 1901 991 1929 Indiae
1005 1901 1073 1930 ﬁnes
1088 1905 1218 1930 vastaret.

279 2010 296 2029 α
312 2002 442 2037 Δεύτερος
459 2003 528 2037 μετὰ
541 2001 587 2028 τὸν
601 2000 716 2037 Νέρωνα
729 2001 892 2036 Δομετιανὸς
904 2001 1032 2036 Χριστια-

243 2048 306 2080 νοὺς
319 2048 438 2081 ἐδίωξεν·
456 2049 499 2075 ἐπ’
515 2047 597 2074 αὐτοῦ
615 2047 642 2074 δὲ
656 2048 703 2074 καὶ
716 2047 888 2078 ὁὰπόστολος
906 2047 1033 2083 Ἰωάννης

244 2094 284 2125 είς
297 2093 408 2128 Πάτμον
423 2092 573 2128 ὲξορίζεται
592 2093 641 2128 τὴν
660 2093 752 2128 νῆσον,
767 2092 830 2119 ἔνθα
847 2091 895 2127 τὴν
919 2092 1035 2119 Ἀποκά-

242 2137 322 2172 λυψιν
339 2138 491 2173 ἑωρακέναι
503 2137 622 2172 λέγεται,
634 2138 672 2169 ὡς
684 2138 758 2173 δηλοῖ
767 2138 921 2174 Εἰρηναῖος.
934 2137 1032 2165 Chron.

242 2183 333 2217 past/1.
354 2191 379 2217 p.
390 2183 453 2215 250,
470 2183 501 2211 C.

280 2228 295 2255 b
318 2229 495 2262 Ἀπολλώνιος
510 2231 524 2257 ὁ
539 2230 660 2261 Τυανεὺς
677 2230 724 2257 καὶ
737 2231 883 2266 Εὐφράτης
897 2231 1034 2266 φιλόσοφοι

244 2274 378 2311 ἧκμ-ιζον.
397 2274 472 2302 Idem
488 2283 514 2310 p.
531 2275 593 2309 545,
611 2275 642 2303 C.

280 2329 294 2347 ε
310 2321 473 2356 Δομετιανὸς
494 2322 558 2353 τοὺς
577 2322 632 2349 ἀπὸ
652 2322 747 2356 γένους
769 2323 850 2350 Δαυῖδ
863 2323 1034 2359 ἀναιρεῖσθαι

246 2366 422 2403 προσέταξεν,
439 2367 483 2393 ’ίνα
504 2369 540 2403 μή
560 2377 602 2399 τις
623 2368 756 2396 Ἰουδαίων
776 2370 916 2405 βασιλικοῦ
939 2370 1035 2404 γένους

245 2412 405 2448 ἀπολειφθῇ.
424 2413 520 2439 Πολλοὶ
532 2413 560 2440 δὲ
575 2415 744 2449 Χριστιανῶν
757 2416 949 2453 ἐμαρτύρησαν
964 2415 1035 2443 κατὰ

244 2459 417 2494 Δομετιανὸν,
438 2459 475 2491 ὡς
488 2460 502 2486 ὁ
513 2460 639 2495 Βρέττιος
655 2462 765 2498 ἱστορεῖ,
780 2464 808 2489 ὲν
823 2460 864 2494 οἷς
875 2463 923 2489 καὶ
933 2462 1037 2490 Φλαυῖα,

244 2505 402 2540 Δομετίλλα,
428 2505 560 2541 ἐξαδέλφη
580 2507 740 2542 Κλήμεντος
759 2508 874 2536 Φλαυτου
888 2508 1033 2540 ὑπατικοῦ,

243 2551 281 2582 ὡς
298 2550 448 2586 Χριστιανὴ
463 2552 504 2584 εἰς
516 2552 597 2588 νῆσον
611 2553 725 2580 Ποντίαν
745 2554 935 2589 φυγαδεύεται.
961 2554 1035 2582 Idem

243 2604 271 2630 Ρ.
285 2597 350 2629 544,
363 2597 397 2625 Α.
587 2598 594 2606 ”

279 2643 297 2669 d
320 2644 363 2670 ‘Ev
384 2644 477 2681 Ῥώμῃ
491 2645 569 2681 θεοση
575 2646 648 2680 μεῖαι
663 2645 758 2672 πολλαὶ
773 2647 819 2673 καὶ
832 2647 892 2674 καθ’
905 2647 968 2683 ὅλης
980 2647 1031 2682 τῆς

243 2690 405 2726 οἰκουμένης
419 2691 557 2726 γεγόνασι.
571 2691 683 2719 Ibidem.

280 2744 294 2761 ε
315 2736 456 2771 Ῥωμαίων
489 2737 616 2772 βασιλεὺς
648 2741 662 2764 ι’
689 2738 812 2774 Νερούας
855 2737 1031 2765 ἐϐασίλευσεν

244 2780 302 2812 ἔτος
319 2781 357 2809 ἓν.
373 2782 447 2810 Idem
459 2791 485 2818 ρ.
499 2784 561 2817 546,
575 2783 605 2812 C.

279 2827 293 2859 f
315 2827 516 2865 Ἀλεξανδρείας
539 2831 687 2865 ἐπίσκοπος
710 2832 819 2869 Κέρδων
836 2832 882 2868 ἔτη
907 2835 931 2859 ι’.
956 2831 1031 2859 Idem
1057 2835 1060 2840 '

245 2880 272 2906 ρ.
287 2871 349 2906 5n,
364 2872 395 2900 Β.

1117 2009 1133 2036 g
1155 2000 1270 2032 Ἰοῦστος
1283 1999 1413 2036 Τιϐερεὺς
1426 1999 1552 2032 Ἰουδαῖος
1568 2007 1743 2035 συγγραφευς
1761 1997 1871 2033 ἐγνωρί-

1084 2047 1157 2078 ζετο.
1173 2047 1287 2079 Ibidem,
1304 2046 1337 2074 D.

1120 2093 1136 2119 It
1153 2093 1315 2129 Δομετιανοῦ
1330 2093 1358 2120 αί
1375 2093 1452 2128 τιμαὶ
1466 2092 1657 2129 καθῃρέθησαν
1673 2090 1727 2118 ὑπὸ
1744 2091 1797 2126 τῆς
1813 2099 1872 2124 συγ-

1084 2138 1194 2175 κλήτου·
1209 2138 1257 2165 καὶ
1270 2139 1294 2165 οἱ
1311 2138 1411 2170 ἀδίκως
1424 2137 1622 2169 ἀπελααθέντες
1634 2137 1799 2172 ἐπανῆλθον-
1812 2136 1872 2162 ἔνιοι

1083 2185 1219 2212 ἀπέλαϐον
1233 2185 1281 2212 καὶ
1293 2185 1342 2217 τὰς
1351 2185 1454 2216 οὐσίας.
1473 2184 1546 2211 Idem
1557 2192 1583 2219 ρ.
1598 2183 1661 2215 Ξιιέἰ,
1675 2183 1706 2211 C.
1723 2183 1804 2210 Κατὰ
1814 2182 1872 2210 τοῦ·

1083 2240 1129 2258 τον
1146 2231 1191 2258 τὸν
1207 2231 1302 2267 χρόνον
1315 2232 1329 2257 ὁ
1347 2230 1473 2265 βασιλεὺς
1492 2231 1615 2265 Νερούας
1632 2229 1818 2256 ἀνεκαλέσατο
1830 2229 1872 2254 τὸν

1083 2278 1231 2305 ἀπόστολον
1250 2277 1377 2313 Ἰωάννην
1387 2277 1440 2304 ἀπὸ
1451 2277 1508 2304 Πὰτ
1513 2285 1564 2312 μου
1578 2278 1628 2312 τῆς
1640 2276 1735 2311 νήσου.
1747 2275 1796 2302 καὶ
1810 2273 1870 2310 ἦλθ’

1085 2324 1165 2351 πάλιν
1178 2324 1217 2356 είς
1231 2324 1358 2358 Ἔφεσον.
1376 2323 1473 2350 Chron.
1486 2322 1576 2358 pascit.
1592 2330 1618 2356 ρ.
1635 2321 1697 2354 251,
1715 2321 1750 2349 Β.

1122 2371 1132 2397 i
1149 2370 1292 2406 Ῥωμαίων
1308 2372 1341 2396 ια’
1358 2369 1515 2396 ἐϐασίλευσε
1529 2367 1661 2404 Τραῖανδς
1672 2367 1719 2403 ἔτη
1735 2367 1778 2394 ιϐ’.
1793 2366 1870 2401 Sync.

1083 2425 1110 2451 ρ.
1127 2416 1237 2449 516,1).

1119 2461 1134 2488 k
1155 2461 1281 2497 Ἰωάννην
1302 2460 1449 2487 ἀπόστολον
1471 2460 1615 2496 Εἰρηναῖος
1635 2458 1682 2486 καὶ
1703 2457 1781 2485 ἄλλοι
1804 2458 1873 2484 ἱστο-

1086 2506 1162 2543 ροῦσι
1179 2507 1347 2543 παραμεῖναι
1362 2507 1400 2542 τῷ
1418 2506 1467 2542 βίῳ
1480 2506 1532 2537 ἕως
1544 2505 1597 2531 τῶν
1610 2505 1713 2540 χρόνων
1727 2503 1869 2540 Τραϊανοῦ·

1086 2553 1145 2589 μεθ’
1157 2553 1186 2580 ὃν
1193 2553 1333 2584 Παππίας,
1347 2552 1531 2589 Ἱεραπολίτης
1539 2550 1586 2578 καὶ
1595 2550 1776 2586 Πολύκαρπος
1787 2549 1874 2584 Σμύρ-

1084 2609 1133 2635 νης
1146 2600 1294 2631 ἐπίσκοπος
1309 2599 1440 2627 ἀκουοταὶ
1454 2599 1536 2626 αὑτοῦ
1554 2597 1746 2634 ἐγνωρίζοντο.
1762 2597 1837 2624 Idem
1847 2604 1870 2630 p.

1085 2646 1147 2679 547,
1163 2645 1193 2673 C.

1121 2693 1129 2719 ί
1153 2692 1294 2728 Ῥωμαίων
1313 2691 1462 2723 ἐπίσκοπος
1485 2692 1636 2727 Εὐάρεστος
1660 2691 1708 2725 ἔτη
1737 2690 1771 2716 0'.
1793 2689 1872 2724 Sync.

1083 2747 1109 2773 p.
1128 2739 1193 2771 5M,
1205 2739 1238 2765 Α.

1119 2794 1145 2812 m
1160 2785 1292 2821 Τραϊανὸς
1308 2785 1398 2818 Δάκας
1413 2786 1459 2812 καὶ
1475 2784 1580 2816 Σκύθας
1595 2784 1715 2817 ὑπέταξε
1735 2784 1783 2810 καὶ
1801 2783 1873 2818 ἐθρι-

1086 2832 1230 2867 άμϐευσεν.
1246 2831 1358 2859 Ibidem.

1121 2877 1278 2913 u'I‘paiavb;
1290 2878 1542 2914 ἐπαρχίαν-ἐποίησε
1556 2878 1605 2911 τὴν
1619 2877 1735 2904 Δακίαν.
1750 2875 1870 2907 Ibid.,/I.
