1913 3137
198 162 247 191 [BI
262 190 270 198 ,
587 156 720 184 EUSEBI’I
739 153 978 184 CAESARlENSlS
998 153 1073 182 OPP.
1095 151 1185 180 PARS
1204 151 1225 179 ι.
1239 167 1273 172 -
1288 150 1484 179 HISTORICA.
1777 148 1827 176 59!

202 228 1811 246 __________________________________

826 284 923 304 οιςιιι».
961 283 1092 304 CHRISTUS
1131 283 1195 303 ROI.

1086 345 1224 385 Constan-

1131 384 1188 407 tius

1101 428 1207 435 ___—-.—

850 455 922 489 983
996 469 1049 497 355
1156 467 1190 494 12

237 535 340 563 Bellum
356 534 496 563 Persicum
514 540 679 564 nocturnum
694 534 765 570 apud
783 533 926 569 Singaram
938 554 945 566 ,
963 534 989 560 in
1013 541 1066 568 quo
1079 531 1152 559 haud
1174 530 1284 558 dubiam
1303 529 1446 557 victoriam
1465 528 1581 555 militum
1600 527 1752 555 stoliditate
1768 534 1830 561 per-

202 584 332 611 didimtts.
348 583 442 619 Neque
457 591 521 611 vero
535 584 619 611 ullum
633 583 795 610 Constantio
811 589 844 609 ex
862 589 961 612 norem
981 579 1151 616 gravissimis
1167 578 1266 613 przeliis
1284 580 1380 604 contra
1399 575 1498 603 Persas
1516 575 1626 610 gravius
1643 575 1747 602 bellum
1771 575 1829 602 fuit.

202 628 280 661 Nam,
298 634 324 656 ut
341 630 392 656 alia
410 631 547 662 omittam,
564 629 652 657 Nisibi
668 630 793 662 obsessa,
813 628 937 655 Bizalnlze
952 632 978 655 et
994 626 1089 653 Amida
1107 629 1193 660 capta:
1207 629 1280 652 sunt.

237 675 469 710 Quadragesimus
489 676 622 704 Maximus
636 679 698 710 post
723 676 870 703 lllacarium
900 675 1149 710 Hierosolymorum
1177 672 1323 707 episcopus
1349 670 1475 698 moritur.
1501 669 1568 697 Post
1580 677 1660 704 quem
1681 668 1830 696 Ecclesiam

202 721 298 748 Ariani
314 721 466 749 invadunt:
483 721 508 748 id
521 726 564 749 est
577 721 708 757 Cyrillns,
729 720 892 756 Eutychius,
911 728 1022 747 rursum
1040 719 1169 755 Cyrillus,
1186 717 1315 750 tremens,
1337 717 1418 745 tertio
1430 716 1559 752 Cyrillus,
1576 715 1711 746 Hilarius,
1733 718 1832 750 quarto

202 768 341 804 (Iyl‘illus;
364 777 479 804 quorum
506 769 635 804 Cyrillns,
663 776 725 795 cum
741 776 755 794 a
773 767 891 795 Maximo
916 767 1014 794 fuisset
1029 767 1170 802 presbyter
1191 765 1345 796 ordinatus,
1370 768 1397 791 et
1414 768 1475 799 post
1491 767 1606 790 mortem
1628 762 1688 797 ejus
1703 762 1743 788 ita
1757 761 1782 788 ei
1799 761 1833 787 ab

202 814 456 849 Acacio,episeopo
470 814 643 846 Cmsariensi,
674 819 701 842 et
717 815 823 842 ca-teris
841 814 979 849 episcopis
1006 814 1116 841 Arianis
1140 814 1315 848 episcopatus
1336 810 1553 846 promitteretnr,
1579 809 1602 837 si
1626 808 1831 836 ordinationem

204 856 313 886 Maximi
339 859 522 894 repudiasset,
551 859 685 887 diaconus
715 859 742 886 in
768 860 884 887 ecclesia
909 860 1112 887 administravit
1136 869 1142 886 :
1167 859 1203 886 ob
1227 866 1308 893 quam
1338 857 1506 892 impietatem
1535 856 1682 884 sacerdotii
1707 855 1832 884 mercede

203 909 345 940 pensatus.
360 905 526 938 Heraclium,
543 913 624 940 quem
647 905 769 933 moriens
791 905 925 933 Maximus
947 905 976 932 in
998 914 1078 934 suum
1094 905 1184 932 locum
1202 904 1392 936 substituerat,
1414 903 1493 930 varia
1509 902 1604 930 fraude
1616 902 1781 934 sollicitans,
1799 901 1834 928 de

205 952 334 987 episcopo
346 952 373 978 in
386 952 574 987 presbyterum
591 951 756 988 regradavit.

987 997 1040 1024 3'34
1147 997 1181 1024 i5

242 1053 375 1081 Romanae
391 1053 519 1081 Ecclesim
537 1053 694 1081 tricesimus
709 1057 824 1088 quartus
846 1053 989 1080 ordinatur
1006 1054 1151 1089 episcopus
1170 1053 1303 1082 Liberius.
1316 1054 1376 1087 Quo
1391 1055 1418 1081 in
1441 1053 1567 1081 exsilium
1588 1053 1623 1080 oh
1649 1053 1728 1081 fidem
1745 1058 1834 1088 truso,

204 1108 299 1128 omnes
315 1101 406 1128 clerici
420 1101 579 1134 jurarerunt
601 1099 673 1135 quod
691 1101 794 1126 nnllnm
811 1099 894 1126 alium
911 1100 1092 1134 susciperent.
1110 1099 1209 1128 Verum
1233 1108 1297 1127 cum
1319 1100 1394 1127 Felix
1410 1100 1445 1127 ab
1454 1099 1562 1127 Arianis
1578 1099 1676 1126 fuisset
1697 1101 1723 1127 in
1739 1107 1832 1128 sacer-

206 1146 310 1173 dOtium
327 1146 502 1177 substitutus,
526 1146 634 1181 plurimi
652 1146 844 1181 pejerareruut
861 1155 868 1173 :
891 1151 917 1173 et
936 1151 997 1182 post
1013 1154 1114 1174 anmnn
1132 1155 1195 1174 cum
1211 1145 1302 1174 Felice
1317 1147 1397 1181 ejecti
1416 1151 1498 1179 sunt;
1521 1146 1585 1182 quia
1608 1145 1734 1174 Liberius
1751 1147 1835 1174 taedio

207 1193 296 1221 victus
310 1194 410 1225 exsilii,
426 1199 452 1221 et
468 1195 494 1220 iu
505 1194 632 1221 IncreIiea
647 1195 781 1229 pravitate
795 1195 986 1229 subscribens,
1002 1194 1116 1222 Romam
1132 1195 1211 1230 quasi
1224 1195 1312 1223 victor
1323 1196 1482 1222 intraverat.

239 1239 331 1268 Roma:
350 1241 467 1276 populus
482 1241 613 1276 adversus
635 1241 804 1276 Magnentia-
1259 1242 1419 1270 Vetranioni
1435 1242 1505 1276 apud
1523 1243 1649 1269 Naissnm
1663 1250 1677 1269 ει
1690 1241 1829 1270 Constan-

205 1275 421 1338 nosrrehcllaus
447 1277 482 1304 ab
506 1275 650 1304 Heraclida
679 1283 805 1305 senatore
1223 1279 1263 1306 tio
1283 1279 1388 1314 regium
1405 1275 1511 1314 insigne
1521 1277 1686 1305 detractum.

206 1320 264 1338 urat
277 1316 340 1338 itur.
1185 1325 1188 1328 ‘

206 1320 340 1346 prouttur.
1185 1325 1188 1328 ‘

241 1357 397 1392 Magnentio
411 1359 482 1394 apud
495 1359 724 1394 Augustodimnm
743 1358 892 1394 arripiente
917 1359 1072 1394 imperium.
1098 1359 1234 1388 Constans
1258 1359 1330 1387 haud
1345 1360 1424 1394 longe
1444 1359 1477 1386 ab
1494 1358 1636 1393 llispania,
1655 1365 1728 1385 anno
1743 1358 1834 1386 aetatis

204 1412 260 1431 istm
276 1405 428 1436 tricesimo,
445 1406 551 1440 imperii
571 1406 612 1433 sui
629 1406 710 1432 tertio
722 1406 840 1438 decimo,
864 1405 890 1432 in
904 1407 1026 1438 castello,
1040 1407 1083 1434 cui
1107 1414 1204 1433 nomen
1220 1410 1261 1433 est
1285 1406 1395 1438 Helene,
1417 1406 1590 1433 interficitur.
1613 1404 1701 1438 Quam
1721 1404 1757 1432 ob
1775 1412 1835 1432 rem

204 1450 312 1477 turbata
326 1458 353 1477 re
369 1450 488 1485 publica,
505 1449 633 1477 Vetranio
651 1449 757 1483 Mursat,
770 1451 937 1486 Nepotianus
955 1452 1047 1479 Romae
1065 1451 1241 1486 imperatores
1257 1451 1331 1479 facti.

240 1497 385 1532 Nepotiani
400 1501 483 1532 caput
500 1498 554 1532 pilo
569 1506 617 1533 per
632 1497 730 1526 Urbem
748 1498 951 1532 circumlatum,
983 1499 1130 1534 munitaeque
1158 1499 1372 1534 proscriptiones
1391 1497 1524 1525 nobilium
1542 1501 1569 1525 et
1585 1496 1674 1524 cades
1690 1496 1780 1526 facta.

1003 1557 1057 1584 555
1164 1557 1198 1585 M

207 1625 212 1631 _
236 1588 370 1652 li‘tofnnplli
386 1590 518 1618 nobilium
529 1589 683 1619 Antiochia:
697 1598 712 1618 a
728 1590 806 1619 Gallo
1001 1591 1053 1620 556
1160 1593 1194 1620 15
1244 1631 1253 1654 ι
1273 1591 1364 1620 Gallus
1375 1592 1528 1619 Constantii
1546 1590 1678 1627 patruelis
1687 1590 1779 1618 Caesar
1796 1590 1836 1618 fa-

207 1634 233 1652 In
248 1634 276 1652 er
289 1634 319 1653 CC
334 1634 352 1653 Ι.
1226 1635 1241 1654 ε
1257 1635 1298 1654 ιις.

206 1634 352 1653 tntertcctt.

1226 1634 1297 1655 (ειυς.

241 1681 413 1716 Magnentius
426 1681 525 1710 Mursat
537 1683 644 1712 rictus:
660 1683 687 1711 in
702 1692 757 1719 quo
772 1685 865 1719 prmlio
883 1684 1012 1712 Romanae
1027 1685 1098 1712 vires
1115 1684 1302 1712 conciderunt.

187 1766 190 1771 '
240 1727 334 1756 Gallus
357 1727 478 1761 Iudaeos,
504 1730 550 1765 qui
578 1729 730 1758 interfectis
756 1739 805 1766 per
829 1735 937 1758 nectent
973 1731 1108 1759 militibus
1133 1738 1208 1758 arma
1231 1730 1265 1757 ad
1287 1729 1474 1758 rebellandum
1493 1729 1660 1762 invaserant,
1686 1731 1834 1764 oppressit.

205 1775 284 1802 caesis
298 1774 391 1802 multis
407 1775 548 1802 hominum
565 1775 698 1810 millibus,
723 1784 810 1818 usque
826 1777 859 1804 ad
875 1777 1012 1804 innoxiam
1032 1781 1138 1805 aetatem
1157 1785 1164 1803 :
1184 1781 1211 1804 et
1228 1776 1352 1804 civitates
1366 1783 1461 1804 eorum
1478 1775 1685 1807 Diocaasaream,
1699 1774 1833 1803 Tiberia-

205 1823 278 1855 dem,
302 1827 329 1850 et
344 1822 505 1858 Diospolim,
523 1824 696 1860 plurimaque
713 1816 812 1860 oppida
830 1824 886 1860 igni
903 1824 1024 1852 tradidit.

858 1885 930 1921 284
1001 1883 1053 1921 {>57
1162 1882 1195 1921 4.9

241 1915 399 1945 Gennadius
408 1916 606 1953 Forojuliensis
614 1918 808 1946 oratorﬂomre
859 1913 904 1921 ’ν
919 1913 925 1919 ’
1001 1919 1053 1946 358
1163 1917 1195 1944 Π
1267 1916 1415 1953 Minervius
1439 1915 1644 1953 Burdigalensis
1669 1916 1766 1943 rhetor
1782 1913 1836 1941 Ro-

205 1951 323 1987 insignis
337 1953 463 1980 habetur.
480 1951 486 1953 ⁷
1229 1961 1280 1980 ma:
1294 1952 1488 1980 ﬂorentissime
1501 1952 1590 1979 docet.

239 1995 410 2032 Magnentius
425 1998 549 2034 Lugduni
566 1999 593 2026 in
610 2000 711 2034 palatio
728 2000 839 2035 propria
856 2007 884 2027 se
898 2007 980 2026 manu
999 1998 1129 2026 interficit
1146 2005 1152 2024 :
1171 2002 1197 2025 et
1217 1997 1364 2025 Decentius
1385 1997 1470 2024 frater
1480 1997 1552 2031 ejus,
1570 2003 1651 2032 quem
1666 1995 1701 2023 ad
1719 1994 1836 2023 tuendas

204 2042 306 2071 Gallias
319 2044 456 2072 Caesarem
476 2045 599 2077 miserat,
615 2046 687 2081 apud
706 2045 830 2073 Senonas
847 2046 945 2080 laqueo
960 2045 1043 2072 vitam
1059 2044 1159 2080 explet.

636 2104 678 2138 Β,
702 2103 810 2140 ΜΟΧ,
1008 2101 1060 2129 559
1169 2102 1201 2130 18
1249 2137 1254 2140 _
1272 2100 1367 2129 Gallus
1381 2101 1472 2140 Caesar
1485 2100 1649 2140 sollicitatus
1661 2100 1834 2140 aConstan:

1237 2137 1274 2163 lio
1304 2137 1438 2171 patrueli,
1468 2136 1511 2163 cui
1539 2136 1566 2163 in
1593 2136 1787 2171 suspicionem
1801 2135 1837 2162 ub

242 2169 374 2197 Silvanus
394 2169 422 2197 in
446 2169 533 2198 Gallia
557 2179 602 2198 res
624 2179 710 2199 noras
733 2173 813 2200 moli-
1235 2169 1336 2205 regiam
1362 2171 1478 2198 indolem
1505 2169 1650 2204 venerat,‘
1665 2171 1754 2198 lstrize
1778 2169 1833 2206 [αι.

205 2209 251 2232 tus
267 2205 398 2232 vicesimo
418 2210 514 2232 octavo
531 2206 575 2234 die
588 2208 743 2234 exstinctus
757 2213 810 2236 est.
1234 2205 1358 2243 Histone]
1373 2206 1517 2234 occiditur.

243 2262 401 2290 Victorinus
419 2263 511 2291 rhetor
522 2267 549 2291 et
567 2263 689 2292 Donatus
704 2265 900 2298 grammaticus
918 2270 1070 2301 praceptor
1088 2271 1166 2292 meus
1182 2263 1275 2291 Romae
1291 2263 1413 2299 insignes
1431 2263 1566 2291 habentur
1577 2270 1585 2288 :
1596 2270 1612 2290 e
1625 2263 1727 2298 quibus
1739 2262 1836 2290 Victo-

204 2309 282 2335 rinus
299 2307 379 2334 etiam
394 2311 511 2335 statuam
527 2308 553 2335 in
576 2308 635 2335 foro
649 2308 760 2343 Trajani
777 2308 827 2346 [αι.
843 2308 978 2345 Romano]
998 2308 1108 2336 meruit.

240 2362 377 2398 Alcimus
394 2366 421 2389 et
449 2361 608 2397 Delphidius
633 2364 757 2391 rhetores
784 2365 810 2391 in
1008 2363 1060 2390 560
1169 2363 1201 2391 19
1275 2362 1406 2390 Paulinus
1416 2367 1442 2390 et
1453 2362 1600 2390 Rhodanus
1617 2362 1768 2390 Galliarum
1785 2363 1837 2398 epi-

204 2398 352 2434 Aquitania
369 2397 564 2424 ﬂorentissime
579 2399 690 2426 docent.
1235 2399 1312 2434 scopi
1327 2399 1354 2425 in
1366 2398 1491 2426 exsiliunt
1501 2399 1535 2426 ob
1551 2399 1631 2426 tidem
1644 2399 1727 2426 trusi.

213 2469 220 2488 ‘
241 2433 338 2471 Petrus
353 2433 570 2468 Caesaraugustae
584 2438 679 2460 orator
694 2434 811 2469 insignis

203 2473 295 2496 cocct.

241 2527 374 2560 Donatus,
393 2535 408 2554 a
424 2536 479 2563 quo
494 2535 575 2563 supra
590 2528 757 2556 Donatianos
773 2528 828 2556 dici
846 2529 873 2555 in
886 2527 978 2555 Africa
995 2527 1227 2558 memoravimus,
1254 2526 1421 2561 Carthagine
1444 2526 1563 2560 pellitur.
1586 2525 1703 2558 Quidam
1717 2530 1835 2555 sectato-

207 2583 251 2603 res
264 2575 326 2609 ejus
341 2576 422 2602 ctiam
441 2574 596 2602 Montcnses
614 2580 724 2607 vocant,
744 2583 777 2602 eo
794 2576 866 2609 quod
880 2575 1023 2602 ecclesiam
1040 2574 1132 2602 Roma:
1149 2574 1266 2609 prinmm
1284 2573 1311 2599 in
1327 2578 1418 2599 monte
1432 2572 1533 2600 habere
1549 2577 1701 2607 cmperunt.

239 2620 373 2648 Eusebius
405 2620 586 2648 Vcrccllcnsis
602 2621 756 2655 cpiscopus,
776 2626 802 2648 et
815 2620 933 2651 Lucifer,
950 2628 981 2647 ac
1001 2620 1148 2657 Dionysius
1170 2619 1343 2651 Caralitanm,
1361 2618 1609 2646 etMt-diolancnsis
1627 2618 1756 2646 Ecclesia:
1778 2619 1835 2655 cpio

206 2669 292 2702 scopi,
321 2667 482 2696 Pancratius
495 2675 604 2701 quoque
629 2666 768 2695 Romanus
791 2668 942 2702 presbyter,
961 2671 987 2694 et
1005 2666 1114 2694 Hilarus
1137 2667 1271 2693 diaconus
1291 2664 1458 2692 distantibus
1472 2665 1543 2692 inter
1558 2672 1588 2693 se
1603 2665 1637 2692 ab
1649 2665 1761 2692 Arianis
1773 2669 1800 2692 et
1819 2673 1833 2692 θ

204 2714 366 2748 Constantio
381 2715 547 2742 damnantur
559 2714 674 2742 exsiliis.

241 2772 364 2801 Julianus
390 2774 474 2802 frater
491 2773 560 2801 Galli
584 2773 728 2802 Mediolani
749 2772 805 2799 Cae-
1270 2769 1425 2799 Sarmatina.
1438 2769 1580 2801 Amatlias,
1599 2773 1627 2796 ct
1638 2768 1776 2796 Macarius
1792 2769 1833 2796 di-

207 2815 260 2847 Si";
273 2810 434 2847 appellatur.
483 2845 497 2847 η
518 2845 538 2847 _
569 2837 573 2842 ,
611 2845 616 2847 _
650 2845 655 2847 _
683 2844 688 2847 _
857 2809 926 2847 285
1004 2807 1053 2835 56!
1159 2807 1195 2835 20
1235 2804 1744 2847 sci'pulidutoniiinsigne‘sltabentur.

243 2839 374 2877 Reliqui-ae
385 2845 500 2878 apostoli
518 2839 655 2872 Timothei
669 2844 805 2871 Constan—
857 2839 923 2847 ⁷⁷⁷
1231 2875 1247 2878 Α
1271 2841 1395 2878 Liberius
1406 2840 1551 2874 episcopus
1561 2839 1702 2867 Romanus
1718 2840 1746 2866 in
1766 2839 1834 2867 exsi-

206 2875 328 2912 uopolim
342 2875 464 2906 invectas.
1230 2875 1296 2903 lium
1309 2876 1434 2902 mittitur.
