1913 3137
90 148 140 176 593
704 150 954 179 CHRONICORUM
971 151 1035 178 LIB.
1058 151 1090 178 ii.
1570 166 1573 169 ι
1657 152 1708 180 591

709 283 805 303 οιῖἊΡ.
831 283 962 304 ειιιιιετιῑε
999 283 1062 303 ΒΟΙ.

970 368 1107 409 Constan-

1002 407 1058 430 tius

850 452 954 459 _-_._
989 452 1095 459 —__—

123 490 261 519 Antonius
275 491 426 520 monachus
451 492 600 520 centesimo
618 492 712 528 quinto
729 499 802 519 anno
817 493 904 521 aetatis
928 493 957 520 in
979 501 1074 521 eremo
1095 493 1221 524 moritur,
1238 493 1335 520 solitus
1361 493 1453 521 multis
1470 493 1503 520 ad
1529 485 1709 521 sta-venienti-

90 538 140 566 bus
155 537 190 565 de
208 537 294 565 Paulo
306 538 422 574 quodam
439 538 556 566 Theban
575 539 649 567 mirae
674 539 848 568 beatitudinis
875 540 934 567 viro
961 539 1062 568 referre
1083 540 1242 575 complura:
1259 539 1339 574 cujus
1354 547 1405 568 nos
1417 540 1519 568 exitum
1529 540 1603 569 brevi
1618 541 1708 569 libello

88 583 283 618 explicuimus.

124 628 246 657 Hilarius
274 629 417 664 episcopus
437 628 615 657 Pictaviensis
643 629 760 657 factione
787 629 928 657 Saturnini
955 631 1120 658 Arelatensis
1137 631 1268 666 episcopi,
1283 631 1504 666 reliquorumque
1524 632 1570 666 qui
1591 638 1654 659 cum
1675 640 1707 660 eo

87 678 180 708 erant,
193 675 369 708 Arianorum,
383 680 446 703 ante
457 676 606 704 triennium
623 677 650 703 in
669 675 812 712 Phrygiam
827 678 922 712 pulsus
938 677 1022 705 libros
1036 677 1069 704 de
1083 681 1177 704 nostra
1188 677 1319 712 religione
1333 676 1480 712 componit.

125 719 256 748 Saraceni
280 721 308 748 in
328 722 523 749 monasterium
543 721 614 749 beati
627 721 737 749 Antonii
750 722 886 750 irruentes
903 722 1075 750 Sarmatham
1089 723 1264 750 interﬁciunt.

123 764 229 798 Magnae
246 766 459 794 Alamannorum
476 766 560 802 copiae
574 766 645 802 apud
660 767 869 803 Argentoratum
885 766 935 804 [aL
946 767 1146 803 Argentarium,
1159 767 1230 803 infra
1244 767 1590 804 Argentariam].oppidum
1607 766 1708 796 Gallia-

87 821 161 846 rum,
178 821 193 840 a
211 813 317 842 Caesare
326 813 435 842 Iuliano
447 822 593 850 oppressae.

127 889 279 928 Evantbins
304 890 510 928 eruditissimus
530 891 689 928 grammati-
864 891 916 919 562
1021 892 1054 920 21
1156 892 1318 920 Constantio
1343 891 1454 928 Romam
1480 893 1617 928 ingresso,
1644 901 1707 921 ossa

87 933 192 964 eorum
207 925 443 964 Constantinopoli
463 927 533 964 diem
558 926 624 953 ohiit
639 936 645 953 :
661 926 691 954 in
1108 929 1220 964 Androm
1234 928 1372 964 apostolip
1385 931 1411 955 et
1424 925 1522 964 VLIJcat—
1534 925 1707 964 evangelista:

87 961 169 1002 cuius
186 960 274 988 locum
293 968 327 988 ει
346 961 437 989 Africa
458 961 589 989 Chrestus
607 969 688 989 assu-
1109 970 1123 989 a
1141 960 1447 997 Constantinopolitanis
1462 963 1531 990 miro
1543 960 1634 992 favoie
1647 971 1708 992 sus-

87 1000 184 1023 mitur.
1107 1003 1196 1033 cepta.

123 1042 255 1070 Paulinus
280 1041 454 1070 Trevirorum
477 1043 622 1078 episcopus
638 1043 665 1070 in
680 1041 795 1079 Phrygia
817 1043 866 1079 [αι.
884 1043 992 1081 Pythia]
1006 1045 1136 1073 exsulans
1159 1045 1284 1075 moritur.

123 1087 282 1115 Nicomedia
295 1091 374 1116 terra!
388 1092 462 1115 motu
479 1087 602 1115 funditus
615 1095 721 1120 eversa,
737 1088 834 1115 vicinis
850 1088 963 1116 urbibus
980 1097 1012 1117 ex
1029 1093 1105 1124 parte
1119 1089 1248 1117 versatis.

859 1133 912 1161 363
1018 1134 1054 1161 2‘2

123 1190 250 1226 Synodus
267 1191 338 1225 apud
358 1191 509 1218 Ariminum
531 1195 558 1218 et
579 1189 729 1218 Seleuciam
745 1179 856 1217 Isauriae
877 1189 948 1217 facta
966 1201 972 1218 :
996 1192 1022 1218 in
1046 1199 1098 1227 qua
1116 1191 1229 1226 antiqua
1252 1189 1362 1218 Patrum
1382 1191 1458 1225 ﬁdes,
1473 1191 1568 1220 decem
1591 1193 1708 1227 primum

88 1238 253 1271 lagatorum,
267 1237 364 1264 dehinc
379 1237 500 1263 omnium
516 1236 668 1272 proditione
683 1235 810 1263 damnata
823 1239 874 1263 est.

123 1281 255 1319 Hilarius,
276 1291 338 1309 cum
363 1282 434 1317 apud
459 1282 689 1317 Constantinopo-
865 1282 917 1309 364
1023 1283 1060 1310 25
1122 1318 1125 1319 ν
1148 1283 1300 1319 Honoratus
1312 1291 1344 1310 ex
1360 1283 1487 1318 praefecto
1503 1284 1630 1319 praetorio
1644 1283 1708 1319 (ιρι.

89 1318 135 1343 lim
153 1318 253 1354 librum
272 1325 321 1352 pro
337 1326 365 1354 se
378 1319 537 1345 Constantio
552 1319 690 1353 porrexis-
1110 1318 1330 1354 liarumprimus
1354 1319 1590 1354 Constantinopoli
1611 1318 1707 1354 praefe-

88 1356 141 1381 set.
155 1353 189 1379 ad
206 1353 308 1380 Callias
321 1353 410 1380 rediit.
1104 1357 1165 1380 ctus
1183 1353 1241 1380 urbi
1258 1353 1355 1381 factus.

125 1387 302 1416 Macedonius
312 1388 548 1424 Constantinopoli
568 1387 691 1424 pellitur.
1144 1387 1301 1428 Gratianus,
1319 1388 1364 1423 qui
1382 1396 1456 1416 nunc
1484 1389 1632 1424 imperator
1653 1392 1706 1419 est,

1105 1428 1240 1450 nascitur.

123 1479 227 1509 Omnes
243 1489 310 1516 pene
322 1486 379 1509 toto
390 1483 456 1510 orbe
467 1481 595 1510 Ecclesia:
608 1483 659 1510 sub
668 1482 777 1510 nomine
792 1482 867 1517 pacis
877 1486 904 1511 et
918 1481 990 1518 regis
1000 1482 1164 1509 Arianorum
1179 1481 1318 1508 consortio
1330 1482 1496 1516 polluuntur.

105 1560 110 1566 _
128 1525 308 1569 Constantius
331 1527 600 1569 Mopsocrenisinter
621 1529 687 1555 Cili—
721 1535 791 1569 286
864 1527 917 1556 565
1024 1527 1059 1555 24
1119 1527 1381 1569 __Constantinopoli
1395 1527 1512 1555 maxima
1535 1526 1651 1554 ecclesia
1664 1527 1708 1554 de-

86 1562 159 1598 ciam
184 1562 438 1598 Cappadociamque
459 1563 592 1596 moritur,
615 1571 689 1590 anno
722 1562 790 1569 ”“¹“¹
1110 1563 1228 1591 dicatur.

85 1597 175 1624 aetatis
186 1595 303 1633 nvial.
317 1595 402 1634 nuli
584 1595 587 1596 ⁷

1113 1633 1117 1634 7
1145 1598 1232 1634 Gallia
1244 1605 1291 1632 per
1299 1597 1437 1634 llilarium
1461 1596 1643 1634 Ariminensis
1656 1595 1706 1633 [αι.

1104 1632 1224 1669 Arianae]
1242 1633 1361 1668 perﬁdiae
1373 1633 1450 1660 dolos
1464 1632 1585 1660 daumat.

122 1698 249 1727 Meletius
269 1699 398 1728 Sebastia:
415 1700 603 1728 Armeniorum
621 1700 764 1736 episcopus
781 1701 815 1728 ab
831 1700 932 1728 Acacio
958 1707 985 1731 et
1003 1701 1119 1738 Georgio
1146 1700 1282 1735 episcopis
1301 1699 1410 1727 Arianis
1430 1699 1602 1726 Antiochiam
1619 1703 1708 1726 trans-

86 1747 195 1774 fertur:
217 1749 244 1773 et
265 1749 327 1780 post
346 1754 400 1774 non
422 1747 524 1782 grande
547 1748 677 1782 temporis
699 1747 883 1780 intervallum,
905 1754 969 1775 cum
983 1746 1168 1783 presbyteros,
1192 1746 1239 1781 qui
1259 1746 1292 1774 ab
1313 1745 1436 1773 Eudoxio
1459 1750 1633 1774 anteeessore
1657 1753 1707 1773 suo

85 1791 207 1828 depositi
223 1791 340 1825 fuerant,
356 1793 535 1829 suscepisset,
549 1794 637 1821 exsilii
650 1793 832 1829 iustissimam
846 1801 958 1822 causam
978 1793 1067 1821 subita
1083 1793 1145 1821 ﬁdei
1162 1792 1346 1820 demutatione
1361 1792 1470 1819 delusit.

128 1869 254 1911 Georgio
271 1879 318 1912 per
341 1871 620 1912 seditionemupopuli
642 1872 684 1912 in-
969 1869 1114 1898 XXXVIII.
1131 1869 1296 1897 JULIANUS
1313 1877 1385 1896 anno
1398 1876 1462 1901 uno,
1479 1868 1620 1896 mensibus
1633 1872 1705 1896 octo.

84 1906 237 1940 censo,qui
248 1906 279 1933 in'
292 1908 378 1934 locum
388 1906 527 1933 Athanasii
551 1908 585 1934 ab
607 1907 684 1934 Aria—

84 1941 130 1967 nis
158 1940 248 1968 fuerat
273 1941 425 1973 ordinatus,
443 1941 610 1969 Athanasius
625 1941 686 1969 Ale-
859 1941 911 1968 566
1036 1941 1048 1968 Ι

85 1975 230 2003 xandriam
248 1978 403 2004 revertitur.

120 2033 233 2063 Iuliano
260 2036 293 2063 ad
318 2035 453 2064 idolorum
473 2037 576 2063 cultum
598 2043 740 2069 converso,
765 2035 864 2063 blanda
884 2035 1038 2070 persecutio
1062 2034 1113 2061 fuit
1139 2033 1254 2061 illiciens
1276 2033 1374 2069 magis,
1401 2041 1482 2069 quam
1506 2033 1647 2068 impellens
1674 2031 1706 2059 ad

85 2081 297 2109 sacriﬁcandum
315 2092 322 2109 ε
341 2083 368 2109 in
388 2089 441 2117 qua
458 2083 536 2109 mulli
554 2090 586 2110 cx
602 2083 705 2110 nostris
718 2082 857 2109 voluntate
870 2082 979 2116 propria
996 2083 1169 2108 corruerunt.

122 2129 257 2157 Eusebius
269 2133 296 2157 et
310 2129 418 2158 Lucifer
427 2130 460 2158 de
474 2131 571 2158 exsilio
586 2135 758 2158 revertuntur
772 2141 778 2158 :
791 2139 806 2158 e
823 2130 922 2165 quibus
937 2129 1045 2158 Lucifer
1071 2131 1167 2159 ascitis
1188 2130 1295 2158 duobus
1326 2129 1532 2157 confcssoribus
1554 2128 1706 2159 Paulinum,

85 2176 230 2203 Eustachii
247 2177 365 2211 episcopi
393 2176 591 2213 presbyterum.
604 2177 649 2212 qui
677 2185 706 2204 se
725 2185 862 2212 nunquam
878 2176 1065 2204 haereticorum
1079 2177 1272 2205 communione
1287 2175 1432 2211 polluerat,
1446 2175 1474 2202 in
1488 2178 1563 2210 parte
1575 2173 1707 2201 catholica

85 2222 241 2249 Antiochiae
256 2223 413 2257 episcopum
431 2222 504 2250 facit.

864 2268 917 2295 567
1038 2268 1062 2299 2'.
1143 2267 1308 2295 Emilianus
1325 2267 1360 2294 ob
1376 2273 1485 2293 ararum
1502 2265 1707 2293 subversionem

1107 2302 1250 2331 Dorustori
1267 2310 1282 2329 a
1296 2302 1400 2329 vicario
1411 2301 1575 2328 incenditur.

120 2361 308 2391 Prohaeresius
338 2363 460 2398 sophista
486 2363 669 2396 Atheniensis,
686 2364 743 2399 lege
764 2364 838 2395 data,
858 2371 892 2392 ne
908 2363 1054 2391 Christiani
1081 2362 1233 2390 liberalium
1258 2361 1356 2389 artium
1382 2360 1510 2388 doctores
1524 2362 1627 2390 essent,
1644 2364 1709 2386 cum

84 2411 137 2438 sibi
156 2410 312 2445 specialiter
322 2409 448 2437 Julianus
464 2409 634 2440 concederet,
650 2413 680 2437 ut
698 2409 869 2437 Christianos
880 2409 1001 2441 doceret,
1018 2408 1140 2436 scholam
1154 2411 1250 2443 sponte
1264 2405 1396 2435 deseruit.

120 2454 246 2482 Ecclesia
271 2454 421 2481 Antiochiae
449 2454 553 2486 clausa,
584 2458 611 2481 et
637 2454 797 2489 gravissima
819 2453 986 2481 imminentis
1016 2452 1219 2488 persecutionis
1247 2452 1367 2487 procella
1390 2451 1435 2480 Dei
1453 2451 1594 2479 voluntate
1619 2449 1709 2484 sopita

84 2505 138 2528 est.
164 2500 231 2527 Nam
252 2499 378 2528 Julianus
397 2501 425 2528 in
448 2501 545 2528 Persas
561 2499 698 2535 Profectus
721 2505 843 2528 nostrum
859 2504 919 2535 post
939 2500 1080 2527 victoriam
1095 2499 1151 2528 diis
1169 2500 1332 2534 sanguinem
1348 2501 1457 2526 voverat
1473 2507 1479 2525 :
1497 2497 1543 2524 ubi
1558 2503 1573 2522 a
1590 2495 1709 2531 quodam

85 2549 216 2576 simulato
241 2547 354 2583 perfuga
382 2548 414 2575 ad
431 2547 538 2575 deserta
559 2547 716 2583 perductus,
734 2555 795 2575 cum
814 2547 884 2575 fame
905 2552 932 2575 et
955 2548 1000 2575 siti
1024 2547 1153 2583 Apostala
1171 2547 1334 2583 perdidisset
1345 2545 1507 2578 exercitum,
1524 2548 1550 2571 et
1569 2542 1709 2570 inconsul-

85 2595 142 2623 tius
167 2603 183 2623 a
210 2602 322 2622 suorum
338 2598 443 2622 erraret
468 2594 632 2630 agminibus,
658 2594 693 2622 ab
710 2595 789 2622 obvio
812 2593 881 2622 forte
904 2594 1024 2621 hostium
1046 2594 1136 2628 equite
1156 2597 1237 2620 conto
1258 2593 1304 2620 ilia
1335 2591 1476 2627 perfossus
1504 2589 1618 2620 interiit,
1635 2594 1708 2615 anno

83 2641 174 2669 :etatis
201 2647 266 2668 χχχι
293 2640 344 2677 [aL
374 2639 473 2676 xxxu].
503 2639 568 2668 Post
596 2647 675 2676 quem
700 2639 826 2675 sequenti
851 2640 905 2667 die~
926 2639 1058 2667 Jorianus
1082 2646 1115 2666 ex
1136 2638 1294 2673 primicerio
1316 2637 1529 2665 domesticorum
1559 2634 1707 2669 imperator

85 2686 175 2714 factus
201 2690 253 2713 est.

890 2730 1010 2758 XXXIX.
1031 2729 1200 2758 JOVIANUS
1213 2730 1353 2757 Iliensibus
1367 2732 1439 2756 octo.

119 2779 252 2807 Jovianns
267 2785 359 2805 rerum
374 2777 543 2814 necessitate
560 2777 685 2814 compul-

85 2806 261 2843 susiNisibin
285 2817 312 2840 ct
341 2819 464 2848 magpam
489 2806 688 2848 Mesopotamim
859 2810 911 2839 568
1036 2811 1047 2837 1
1141 2809 1303 2848 δαρνοραικε
1333 2806 1503 2848 Mart-gilium
1531 2812 1706 2842 «rumpatur-

86 2842 190 2886 partem
206 2848 306 2883 Sapori
323 2842 543 2883 regivPersarum
561 2842 682 2874 tradidit.
1107 2853 1155 2879 pus
1176 2842 1387 2878 Rolhomagensi:
1409 2842 1475 2870 VII.
