1913 3137
113 172 169 203 597
738 174 990 204 CHRONlCORUM
1009 176 1074 205 LIB.
1095 177 1126 205 ll.
1692 182 1744 208 I98

134 239 1735 253 Ἣ

116 286 225 311 urbano
248 282 305 310 ﬁlio
323 282 466 315 derelicto,
489 282 704 320 Hierosolymam
726 285 885 321 navigavit:
905 285 948 313 ubi
961 289 1038 313 tanto
1059 286 1189 313 virtutum
1209 285 1400 321 praecipueque
1424 285 1588 315 humilitatis
1610 287 1744 316 miraculo

116 328 179 362 fuit,
194 334 223 356 ut
237 328 345 357 Theclae
355 336 456 358 nomen
470 331 617 366 acciperet.

741 383 836 403 OLVIP.
862 383 994 405 ειιιιετυδ
1039 384 1103 404 ΙιΟΙ.

1017 423 1143 465 Valenti~

1027 467 1127 487 manus

1008 498 1035 523 et
1047 493 1149 523 Valens

915 545 990 593 Ξῑῖ
1025 545 1092 592 ’ὦ

151 597 341 637 Aquileienses
370 599 482 632 clerici,
507 599 587 635 quasi
609 600 711 628 chorus
915 600 968 628 379
1059 600 1089 627 Η
1189 599 1264 627 Multi
1279 600 1474 637 monachorum
1489 601 1583 630 Nitriae
1594 609 1642 637 per
1656 602 1742 630 tribu.-

115 635 260 662 heatorum
278 635 425 662 habemur.
453 642 499 680 Β.
521 642 707 683 ΜΕΧΧΧ.
1153 642 1203 663 nos
1217 640 1243 663 et
1257 636 1358 664 milites
1369 636 1441 664 caesi.

151 703 266 737 Valens,
282 705 340 738 lege
358 705 433 741 data,
451 709 481 732 ut
496 705 621 732 monachi
638 705 711 732 mili-
1186 706 1255 739 Quia
1271 706 1406 741 superiori
1429 714 1502 734 anno
1523 706 1655 734 Sarmatae
1671 706 1742 734 Pan-

113 744 217 776 tarent,
232 740 358 776 nolentes
381 739 502 776 fustibus
522 741 606 776 jussit
622 741 709 768 inter-
1151 742 1248 770 nonias
1283 739 1475 774 vastaverunt,
1503 742 1586 770 iidem
1613 743 1740 771 consules

114 776 160 802 ﬁci
173 775 221 811 [aL
237 775 364 803 ﬂuctibus
375 775 491 811 necari].
524 775 529 776 ⁷
1152 784 1338 812 permansere.

152 821 218 849 Post
233 821 360 849 Auxentii
375 830 464 850 seram
480 825 607 854 mortem,
626 821 772 849 Mediolani
786 822 932 851 Ambrosio
946 823 1076 859 episcopo
1092 823 1254 856 constituto,
1271 823 1368 852 omnis
1391 823 1425 851 ad
1448 823 1528 851 ﬁdem
1547 828 1648 852 rectam
1665 824 1741 852 italia

113 868 294 895 convertitur.

150 913 310 941 Theodulus
326 911 492 940 miserabilis
505 911 660 947 presbyter,
678 913 743 940 dum
760 913 896 942 adversus
917 915 1118 945 conscientiam
1135 916 1237 945 furoris
1265 917 1309 945 sui
1330 917 1466 945 sacriﬁcia
1481 916 1537 945 Deo
1547 916 1645 945 oﬁ'erre
1657 917 1739 946 aude-

113 965 168 992 ret,
184 961 212 988 in
231 960 327 988 mediis
346 960 476 995 precibus
493 959 615 987 eliditur.
1475 959 1477 961 '

150 1006 368 1039 Valentinianus,
385 1006 476 1034 subita
488 1005 630 1041 sanguinis
642 1004 795 1039 eruptione,
814 1006 886 1041 quod
900 1006 993 1035 Graece
1007 1007 1141 1042 αροριεπίε
1149 1013 1271 1042 vocatur,
1283 1009 1432 1046 Brigitioue
1446 1013 1570 1041 moritur.
1582 1012 1647 1042 Post
1659 1021 1740 1049 quem

112 1051 264 1080 Gratianus
285 1056 426 1087 assumpto
443 1052 470 1079 in
493 1051 636 1086 imperium
649 1049 837 1079 Valentiniano
855 1051 948 1085 fratre,
966 1060 1028 1080 cum
1043 1058 1141 1088 patruo
1155 1053 1267 1083 Valente
1282 1057 1388 1092 regnat.

149 1100 336 1134 Apollinarius
360 1099 538 1127 Laodicensis
555 1098 705 1134 jactatione
734 1098 835 1134 ingenii
860 1100 994 1134 quosdam
1019 1108 1127 1129 errores
1149 1102 1326 1137 pertinaciter
1351 1111 1523 1139 asseverans,
1543 1105 1669 1134 haeresim
1697 1107 1740 1133 sui

112 1146 235 1174 nominis
249 1146 406 1177 suscitavit,
427 1152 508 1180 quam
526 1144 661 1172 Damasus
677 1144 771 1172 habito
787 1144 880 1173 Romae
894 1146 1014 1174 concilio
1029 1147 1178 1176 damnavit.

149 1189 322 1218 Theodosius
341 1189 488 1218 Theodosii
513 1192 607 1224 postea
623 1189 798 1224 imperatoris
806 1193 892 1224 pater,
904 1195 932 1218 et
948 1191 1058 1226 plurimi
1076 1193 1210 1221 nobilium
1225 1195 1320 1222 occisi.

148 1239 286 1267 Photinus
310 1239 338 1266 in
353 1238 459 1265 Galatia
476 1237 608 1270 moritur,
624 1244 640 1264 a
661 1245 717 1272 quo
732 1237 959 1265 Photiuianorum
983 1239 1081 1275 dogma
1101 1239 1312 1277 Judaicumﬂ):
1337 1243 1383 1278 qui
1408 1244 1493 1272 multa
1516 1246 1691 1274 continentia:
1712 1252 1740 1275 et

112 1287 216 1323 ingenii
233 1287 304 1314 bona
321 1294 376 1314 uno
391 1285 526 1321 superbiae
546 1285 618 1312 malo
632 1284 752 1320 perdidit
766 1284 816 1321 [αι.
831 1286 1020 1323 decoloravit].

148 1334 363 1375 Alamannorum
381 1332 497 1375 triginta.
507 1330 720 1375 circiterumiillia
914 1331 966 1360 580
1057 1333 1091 1360 12
1180 1334 1298 1375 {Basilius
1313 1336 1492 1375 Casariensis
1506 1338 1651 1373 episcopus
1667 1339 1737 1375 Cap-

112 1368 186 1404 apud
207 1368 395 1404 Argentariam
416 1365 547 1404 oppidum
569 1365 718 1393 Galliarum
1143 1370 1265 1404 padociat
1276 1372 1367 1400 clarus
1381 1372 1505 1399 habetur.

112 1402 148 1432 ab
164 1402 286 1431 exercitu
298 1402 423 1430 Gratiani
436 1406 535 1430 strata.

148 1451 322 1480 Florentinus
334 1455 362 1480 et
375 1451 501 1479 Bonosus
526 1449 578 1487 [αι.
595 1449 744 1486 Bosonius]
759 1453 787 1477 et
806 1449 921 1479 Ruﬁnus
941 1451 1062 1488 insignes
1076 1453 1204 1481 monachi
1225 1453 1380 1483 habentur:
1407 1463 1422 1484 e
1437 1455 1538 1492 quibus
1564 1455 1737 1484 Florentinus

112 1505 170 1527 tam
185 1500 344 1528 misericors
359 1499 386 1526 in
404 1502 515 1534 egentes
529 1497 590 1529 fuit,
607 1501 637 1523 ut
654 1497 733 1532 vulgo
747 1501 826 1532 pater
842 1506 992 1534 pauperum
1010 1504 1125 1528 vocatus
1142 1500 1188 1528 sit.

150 1546 295 1597 Liupgratis
315 1545 342 1597 i'n
355 1542 714 1597 congressi'orlenltomanis,
748 1562 820 1597 290
910 1544 960 1572 581
1053 1545 1087 1572 i5

111 1566 714 1610 autimas.;;;.;i.:°m;asn:'""""'
748 1566 826 1598 290.

147 1627 223 1656 Gens
237 1627 378 1654 Hunorum
398 1625 503 1654 Gothos
525 1627 635 1652 vastat:
660 1624 706 1659 qui
733 1631 749 1651 a
774 1623 907 1654 Romanis
929 1627 988 1655 sine
1009 1635 1149 1656 armorum
1171 1629 1342 1664 depositione
1366 1631 1504 1666 suscepti,
1533 1638 1580 1666 per
1597 1630 1737 1657 avaritiam

113 1676 226 1704 Maximi
242 1676 320 1704 ducis
335 1675 369 1702 ad
385 1673 570 1703 rebellandum
586 1671 658 1700 fame
671 1672 846 1702 coactisunt.

914 1721 967 1749 582
1058 1723 1090 1750 η
1180 1723 1280 1752 Valens
1294 1725 1328 1752 de
1339 1725 1481 1761 Antiochia
1493 1724 1567 1761 exire
1581 1726 1738 1761 compulsus

1146 1767 1206 1786 sera
1224 1760 1384 1794 poenitentia
1402 1764 1513 1788 nostros
1529 1759 1561 1788 de
1574 1759 1679 1789 exsiliis
1695 1769 1738 1788 re-

1143 1799 1233 1822 vocat.

149 1840 338 1877 Lacrymabile
355 1840 454 1869 bellum
475 1840 504 1867 in
518 1838 655 1867 Thracia:
674 1840 703 1866 in
717 1846 782 1874 quo,
805 1839 949 1868 deserente
963 1839 1086 1874 equitum
1103 1840 1242 1875 praesidio,
1258 1840 1388 1867 Romana:
1403 1841 1523 1876 legiones
1539 1848 1554 1868 a
1571 1840 1666 1868 Gothis
1678 1843 1737 1869 cin-

112 1895 165 1917 cta
185 1897 272 1925 usque
287 1889 321 1917 ad
336 1889 551 1917 internecionem
572 1895 649 1916 caesae
667 1891 741 1915 sunt.
757 1887 816 1922 lpse
831 1888 979 1923 imperator
989 1887 1101 1920 Valens,
1114 1896 1176 1915 cum
1193 1888 1291 1925 sagitta
1311 1888 1421 1916 saucius
1438 1889 1551 1923 fugeret,
1570 1890 1596 1916 et
1610 1888 1646 1916 ob
1661 1888 1738 1916 dolo-

112 1943 172 1963 rem
187 1935 300 1963 nimium
316 1942 386 1970 saepe
397 1942 468 1970 equo
484 1934 630 1966 laberetur,
645 1933 679 1961 ad
692 1933 836 1968 cujusdam
851 1934 922 1962 villae
936 1941 1028 1962 casam
1048 1935 1207 1970 deportatus
1218 1939 1272 1964 est.
1285 1935 1345 1969 Quo
1358 1935 1584 1972 persequentibus
1602 1936 1736 1968 barbaris,

111 1988 140 2011 et
155 1984 267 2011 incensa
280 1983 372 2015 domo,
390 1983 530 2018 sepultura
543 1989 652 2018 qucque
667 1982 766 2009 caruit.

148 2029 192 2058 Ab
207 2027 414 2060 Urbecondita,
431 2036 517 2064 usque
536 2028 570 2055 ad
591 2033 743 2056 extremum
758 2027 839 2062 hujus
854 2026 945 2062 operis
962 2034 1075 2059 annum,
1090 2027 1159 2054 ﬁunt
1173 2027 1237 2054 anni
1249 2034 1351 2055 ICXXXI
1366 2027 1418 2055 hoc
1434 2028 1515 2056 modo
1529 2038 1536 2056 -.
1554 2029 1611 2057 Sub
1628 2030 1737 2065 regibus

111 2075 179 2102 anni
191 2082 278 2109 cm;
297 2076 349 2103 sub
364 2075 523 2102 consulibus
536 2075 600 2102 anni
614 2082 729 2108 CDLXIV;
743 2074 794 2102 sub
809 2074 977 2108 Augustis-et
991 2072 1147 2100 Caesaribus
1158 2073 1222 2099 anni
1243 2080 1362 2100 cnuvu.

148 2121 322 2157 Colliguntur
336 2130 432 2150 omnes
449 2123 513 2149 anni
529 2130 617 2157 usque
635 2122 662 2149 in
677 2123 850 2149 consulatum
865 2120 987 2148 Valentis
1003 2122 1105 2150 sexies.
1118 2125 1144 2148 et
1160 2120 1341 2148 Valentiniani
1355 2119 1478 2149 Iunior-is
1495 2121 1593 2149 iterum
1608 2122 1733 2158 Augusti,

110 2177 128 2197 α
139 2170 238 2204 quinto
255 2169 359 2197 decimo
370 2169 473 2198 Tiberii
488 2177 561 2197 anno
575 2174 602 2197 et
613 2170 807 2205 praedicatione
822 2169 929 2196 Domini
946 2168 1012 2197 Iesu
1026 2168 1129 2196 Christi
1148 2169 1212 2196 anui
1227 2175 1311 2196 eccm.

148 2218 171 2244 A
186 2217 307 2245 secundo
317 2225 389 2245 anno
398 2217 470 2245 Darii
483 2218 556 2253 regis
567 2218 720 2249 Persarum,
729 2225 783 2252 quo
791 2221 914 2252 tempore
921 2217 1051 2251 templum
1061 2215 1261 2251 Hierosolymis
1272 2216 1452 2243 instauratum
1463 2220 1515 2249 est,
1524 2216 1586 2243 anni
1596 2223 1734 2243 παρείθη.

146 2263 190 2290 Ab
206 2263 358 2298 Olympiade
372 2264 470 2299 prima,
491 2271 544 2298 qua
556 2267 635 2291 aetate
651 2264 721 2299 apud
735 2263 863 2291 Hebraeos
876 2263 960 2290 lsaias
975 2263 1164 2298 prophetabat,
1178 2262 1242 2290 anni
1259 2270 1349 2290 »ςινιι

147 2309 171 2335 Α
185 2307 331 2337 Salomone
343 2313 371 2337 et
386 2311 471 2344 prima
484 2309 665 2337 aediﬁcatione
679 2309 785 2344 templi,
800 2309 864 2336 anni
882 2316 1006 2337 acccc“.

146 2356 174 2383 Α.
184 2356 342 2391 captivitate
351 2354 450 2390 Troiae.
467 2363 522 2390 quo
537 2358 660 2390 tempore
680 2353 797 2381 Samson
813 2353 883 2388 apud
899 2353 1027 2382 Hebraeos
1041 2359 1109 2387 erat,
1130 2354 1194 2380 anni
1208 2361 1302 2381 sum.

147 2403 173 2429 Λ
184 2402 276 2437 Moyse
290 2406 317 2429 et
330 2402 451 2436 Cecrope
465 2402 553 2436 primo
565 2408 628 2435 rege
639 2400 746 2431 Atticae,
763 2399 827 2426 anni
842 2406 960 2426 locccxc
977 2398 1025 2434 |al.
1038 2406 1201 2432 lDCCCXCIlI;
1219 2401 1255 2427 al.
1269 2400 1427 2437 uoccccxc].

148 2449 193 2476 Ab
207 2448 344 2475 Abraham
359 2452 386 2475 et
400 2455 483 2482 regno
496 2447 559 2474 Nini
575 2451 603 2474 et
620 2445 819 2477 Samiramidis,
838 2446 903 2472 anni
917 2452 1069 2472 Ilcccxcv.

148 2493 279 2520 Coniinct
291 2492 381 2520 omnis
395 2499 483 2519 canon
498 2491 532 2518 ab
546 2491 684 2518 Abraham
704 2497 791 2525 usque
806 2489 840 2516 ad
855 2493 963 2524 tempus
978 2490 1194 2524 suprascriptum
1208 2498 1295 2518 annos
1313 2497 1463 2519 IICCCXCV.

145 2541 167 2567 A
183 2539 286 2568 diluvio
302 2546 387 2574 usque
400 2539 434 2566 ad
447 2538 584 2566 Abraham
599 2542 782 2573 supputantur
798 2538 862 2565 anui
875 2545 996 2566 Dcccxcu
1014 2538 1063 2574 [αι.
1076 2538 1237 2574 nccccxut].

147 2588 181 2616 Et
198 2589 233 2616 ab
245 2587 333 2615 Adam
351 2594 438 2622 usque
449 2588 481 2614 ad
495 2587 638 2618 diluvium,
651 2587 714 2613 anni
729 2594 868 2614 uucchn.

146 2636 230 2664 Fiunt
247 2636 282 2663 ab
302 2635 441 2662 Abraham
461 2642 549 2669 usque
564 2634 599 2661 ad
621 2635 745 2669 quintum
763 2635 898 2662 decimum
920 2633 1041 2662 Valentis
1063 2641 1175 2667 annum,
1196 2633 1223 2661 id
1237 2638 1280 2661 est
1295 2641 1382 2669 usque
1405 2639 1465 2669 post
1481 2633 1652 2662 consulatum
1677 2634 1737 2669 ejus

109 2685 212 2717 sexies,
224 2689 252 2712 et
266 2683 450 2711 Valentiniani
466 2683 564 2709 iterum
577 2682 708 2717 Augusti,
725 2689 820 2709 omnes
835 2689 864 2708 ar

878 2682 899 2709 ai
913 2690 1031 2709 VIIDXXIX
1046 2681 1095 2718 [αι.
1110 2682 1271 2718 vuutxxtxl.

222 2740 286 2761 ειυς
308 2739 411 2765 USQUE
442 2738 649 2760 HlEﬂONYMUS
669 2737 848 2759 PRESBYTER
869 2737 1013 2759 ORDINEM
1034 2737 1291 2759 PBECEDENTIUM
1313 2737 1454 2759 DIGESSI‘I‘
1474 2736 1641 2759 Αιγωειυιι.

146 2797 185 2832 (Ι)
202 2796 298 2832 Recte
312 2795 456 2832 Iudaicum
471 2802 521 2830 pro
544 2794 691 2832 inductum.
707 2794 775 2821 Nam
797 2794 981 2832 iudaizantem
1006 2794 1153 2821 Photinum
1178 2794 1365 2832 ecclesiastica
1388 2799 1482 2832 narrat
1500 2793 1625 2832 historia.
1641 2792 1737 2832 _Porro

109 2828 270 2868 sequentem
284 2831 318 2858 de
333 2830 442 2868 Photini
459 2828 586 2868 superbia
601 2830 744 2868 per-icopcu
761 2830 964 2868 stulti_aliquo_t
981 2837 1162 2868 amanuenscs
1178 2830 1384 2868 ad‘proxiuiam
1400 2828 1429 2855 S.
1442 2829 1541 2868 _Ba_silii
1559 2828 1647 2868 u_|_agni
1665 2831 1736 2868 peri-

108 2863 204 2902 copem
221 2866 439 2898 transtulerunt;
452 2863 668 2902 quoilﬂmendum
685 2863 738 2902 nou
754 2863 988 2902 agnovitiu’Adn.
1005 2864 1137 2902 Scaliger,
1151 2864 1201 2902 sed
1211 2863 1360 2902 P_ont_acuiu
1375 2872 1429 2891 non
1441 2864 1518 2900 fugit,
1530 2863 1639 2892 codices
1654 2865 1750 2893 etiam.

109 2899 235 2931 Vaticani
249 2905 414 2937 coarguunt,
430 2899 600 2929 ct’Basilium
611 2900 814 2929 sanctissimum
829 2900 862 2928 ab
873 2900 966 2935 iniqua
979 2899 1171 2928 criminatione
1187 2899 1345 2928 defendunt.
