1913 3137
180 175 1794 202 m

612 255 831 286 ΛΡΡΕΝΒΙΧ
850 257 908 286 ΑΒ
927 257 1102 288 EUSEBII
1120 257 1367 290 CHRONICON

250 417 649 533 snnins
732 351 1274 539 insumit
1348 425 1728 540 mnus

764 606 1207 671 TEMPORUM

386 732 612 799 USQUE
652 733 746 790 AD
785 734 976 792 SUAM
1014 735 1331 794 AZTATEM
1373 738 1590 796 RATIO

697 851 711 867 ι
728 851 803 869 ιιιωδ
819 851 993 869 ωςτοκιεοιιωί
1009 853 1130 870 ευυυλῒω
1148 853 1274 871 ὖΟΜΞσΙἎ.

293 925 371 947 ορυε
392 925 435 946 ΕΣ
459 926 607 948 ηΔιοΑΝιε
635 927 774 953 QUINQUE
802 926 966 949 CODICIBUS
983 929 1023 950 ΔΒ
1038 928 1160 950 JOANNB
1186 929 1332 952 ZODRABO
1363 930 1508 952 DOCTORE
1534 930 1684 952 ARMENIO

417 965 607 987 DXLIGENTEB
641 966 841 988 EXSCIUI‘TUM
870 967 973 993 ATQUE
1004 968 1202 990 EMENDA‘I‘UM
1229 969 1368 991 JOANNES
1396 970 1564 992 ZOHBABUS-

567 1005 606 1026 ΕΤ
634 1005 773 1027 Ακαειυε
810 1006 908 1028 ΙΙΔΙυῧ
939 1007 1064 1028 PRIMUM
1090 1008 1280 1030 CONJUNCTIS
1309 1009 1400 1030 CUIUS

669 1045 859 1067 LLTINITATE
888 1046 1042 1068 DONATUM
1073 1047 1228 1074 δοτιερυε
1257 1048 1306 1069 ΙΙ.-

781 1086 968 1106 ιιιδτιητυω
1000 1086 1194 1109 EDIDERUNT.

748 1159 898 1189 (Mediolani,
910 1157 984 1189 regiis
998 1160 1070 1190 typis,
1080 1166 1221 1184 ucccxvm.

964 1247 1003 1255 ..-

596 1313 670 1357 DE
706 1312 978 1358 SAMUELE
1027 1300 1362 1358 P'R/E‘FATIO.

208 1464 228 1491 1.
245 1464 375 1493 Samuelis
388 1467 562 1493 summarium
578 1466 711 1494 commode
726 1475 785 1492 cum
803 1466 916 1493 Eusebio
934 1468 1156 1502 eonjimgitur.—-
1173 1465 1321 1501 Postquam
1342 1465 1485 1493 Eucebiuni
1501 1465 1624 1494 Chronici
1643 1468 1719 1496 cui-is
1739 1469 1801 1496 edi—

176 1511 314 1545 tionisque
336 1511 428 1540 labore
444 1511 552 1539 tandem
568 1512 714 1546 aliquando
729 1511 853 1539 defuncti
868 1512 981 1544 fuimus,
999 1522 1029 1540 ea
1046 1513 1136 1540 statim
1151 1512 1280 1547 cogitatio
1295 1519 1346 1539 nos
1359 1511 1453 1544 subiit,
1475 1512 1640 1540 solilatimne
1654 1515 1797 1541 mallemus

173 1556 240 1584 istos
263 1556 389 1585 Canones
415 1557 443 1584 in
471 1558 558 1584 lucem
576 1558 710 1590 emittere,
728 1566 763 1585 an
778 1563 809 1584 ut
823 1559 901 1585 multi
925 1558 1022 1592 Graeci,
1041 1563 1071 1585 ut
1085 1558 1156 1593 Syri,
1183 1562 1213 1585 ut
1225 1556 1314 1585 Latini
1350 1558 1430 1593 (quos
1445 1559 1516 1586 inter
1532 1559 1659 1594 princeps
1685 1558 1796 1590 Eusebii

172 1602 306 1637 interpres
327 1601 359 1630 Ι).
378 1601 558 1638 Hieronymus
584 1602 743 1638 primusque
757 1602 844 1629 editor
857 1602 1065 1630 Mediolanensis
1085 1602 1277 1638 Monibritius),
1294 1602 1476 1630 Eusebianum
1501 1611 1570 1638 opus
1586 1609 1796 1632 consecutorum

172 1656 325 1684 temporum
354 1649 438 1684 gestis
449 1649 673 1682 cutnuiavcrunt;
690 1657 740 1677 nos
757 1657 865 1684 quoque
875 1650 938 1677 item
951 1649 1233 1677 editionemnostram
1245 1650 1395 1685 posteriore
1407 1651 1497 1686 aliqua
1516 1652 1631 1679 historia
1652 1654 1795 1680 continua-

173 1703 278 1723 remus.
286 1695 416 1731 Equidem
432 1697 479 1724 ubi
492 1696 526 1724 de
537 1696 735 1732 prosequendis
747 1696 911 1724 Canonibus
923 1698 1058 1725 sententia
1077 1697 1190 1732 placuit,
1206 1697 1275 1724 nihil
1292 1697 1473 1732 opportunius
1494 1697 1545 1724 fuit
1563 1697 1688 1726 Samuele
1707 1699 1790 1726 chro-

173 1743 313 1779 nographo
330 1743 469 1776 Armenio,
489 1743 569 1778 cujus
584 1744 674 1772 omnis
690 1745 824 1772 industria
837 1753 864 1771 in
878 1752 911 1772 eo
930 1745 1138 1780 diligentissime
1153 1749 1258 1772 versata
1272 1749 1326 1776 est,
1347 1748 1377 1771 ut
1391 1745 1462 1780 apud
1476 1746 1591 1781 gentiles
1605 1754 1672 1774 suos
1684 1746 1792 1774 Eusebii

171 1789 223 1817 sibi
239 1797 382 1824 personam
394 1797 542 1825 vocemque
553 1794 719 1825 capesseret.
731 1789 798 1818 Nam
813 1799 876 1818 cum
891 1791 1019 1819 universo
1035 1799 1116 1826 opere
1123 1790 1244 1822 Eusebii,
1257 1791 1353 1818 latiore
1369 1791 1496 1818 nimirum
1510 1793 1623 1819 historia
1637 1800 1669 1820 ac
1680 1793 1794 1820 linearis

171 1835 285 1863 canonis
299 1835 417 1870 cpitomc
431 1838 553 1862 uteretur
570 1834 691 1868 Samuel,
706 1835 778 1863 haud
791 1836 849 1871 ipse
860 1836 1005 1864 consilium
1019 1837 1101 1871 cepit,
1111 1836 1184 1871 quod
1196 1836 1259 1863 olim
1270 1835 1360 1864 Latini
1375 1837 1508 1870 fecerunt,
1517 1841 1603 1864 totum
1616 1838 1681 1865 illud
1694 1839 1794 1873 prioris

172 1880 236 1908 libri
251 1882 376 1910 volumen
386 1881 475 1910 securi
491 1880 609 1910 Tenedia
623 1883 775 1916 resecandi;
787 1891 894 1916 verum,
905 1884 1018 1912 mitiore
1027 1888 1171 1911 contentus
1180 1884 1324 1916 sententia,
1334 1885 1453 1919 priorem
1463 1885 1571 1920 quidem
1585 1886 1683 1913 librum
1696 1890 1735 1913 tot
1745 1894 1795 1913 au-

170 1932 275 1957 ctorum
298 1930 441 1958 sententiis
455 1929 658 1957 redundantem
682 1938 714 1957 ac
732 1930 850 1962 varium,
861 1931 929 1958 satis
942 1930 1017 1958 brevi
1030 1931 1193 1966 compendio
1218 1930 1372 1964 conclusit;
1388 1931 1566 1965 posteriorem
1579 1936 1668 1959 autem
1685 1933 1718 1960 ad
1750 1934 1791 1960 sui

170 1977 301 2012 temporis
325 1985 403 2004 usum
422 1977 502 2012 paulo
518 1977 609 2012 aptius
627 1976 860 2010 accommodavit,
871 1977 963 2004 addita
981 1976 1083 2005 Christi
1099 1974 1164 2009 tera,
1183 1978 1319 2011 rebusque
1332 1978 1425 2004 multis
1439 1985 1508 2012 quas
1521 1977 1656 2006 Eusebius
1667 1979 1795 2014 neglexe-

169 2028 234 2050 rat:
260 2028 316 2051 tum
346 2024 420 2060 quod
446 2024 562 2052 instituti
591 2027 675 2059 caput
688 2027 757 2056 erat,
773 2023 842 2051 adeo
867 2028 1018 2058 temporum
1039 2023 1217 2059 digestionem
1248 2023 1386 2058 produxit,
1410 2028 1439 2050 ut
1465 2025 1499 2051 ab
1518 2032 1590 2052 anno
1618 2025 1792 2053 Constantini

169 2070 257 2105 Magni
272 2069 409 2097 viecsimo-
420 2070 460 2105 (in
472 2077 526 2104 quo
547 2069 627 2096 linem
640 2068 703 2096 fecit
718 2068 869 2108 Eusebius)_
890 2069 922 2096 ad
939 2069 1066 2104 quintum
1096 2077 1183 2104 usque
1197 2075 1225 2097 et
1236 2069 1470 2105 quadragesimum
1502 2070 1634 2099 Manuelis
1660 2072 1791 2099 Comneni

169 2114 336 2146 decuti-crit;
362 2114 434 2148 quod
468 2114 567 2149 ingens
591 2113 806 2140 additamentum
832 2121 876 2142 res
897 2121 1032 2141 annorum
1063 2115 1279 2149 octingentorum
1312 2120 1339 2142 et
1367 2115 1563 2151 quinquaginta
1588 2118 1794 2152 complectitur~

169 2161 341 2195 Quanquam,
359 2164 389 2186 ut
401 2168 462 2187 vere
472 2160 607 2191 dicamus,
622 2159 648 2187 id
660 2160 795 2194 praecipue
811 2161 945 2195 syectavit
956 2160 1066 2188 Samuel
1083 2168 1234 2196 magnoque
1251 2161 1342 2188 studio
1360 2162 1483 2196 perfecit,
1501 2167 1530 2190 ut
1547 2172 1592 2192 res
1613 2165 1791 2195 Armeniacas

167 2215 283 2244 quarum
298 2207 402 2234 nullum
417 2206 565 2240 ,vestigium
585 2205 658 2241 apud
675 2205 822 2234 Eusebium
845 2206 938 2234 videre
965 2210 1017 2237 est.
1033 2214 1048 2234 e
1068 2214 1175 2233 summo
1203 2208 1291 2242 gentis
1317 2207 1449 2236 historico
1472 2208 1639 2238 Chorenensi
1661 2211 1736 2240 Mose
1762 2214 1790 2240 in

167 2260 245 2281 suam
258 2253 473 2280 lucubrationem
489 2252 651 2283 transferret
662 2252 728 2286 ;.ubi
743 2260 808 2280 vero
816 2253 863 2280 hic
879 2253 960 2280 etiam
975 2253 1115 2285 deficeret,
1126 2254 1280 2289 complures
1290 2255 1361 2283 alios
1377 2260 1402 2283 et
1413 2264 1509 2291 graves
1519 2257 1709 2285 Armeniorum
1722 2260 1790 2287 scri-

168 2305 261 2337 ptorcs
271 2305 448 2336 excerperet;
465 2299 499 2327 ad
514 2305 665 2328 extremum
681 2308 741 2335 qua:
754 2301 812 2336 ipse
828 2301 943 2334 viderat,
957 2301 1180 2336 chronographife
1204 2304 1395 2332 committeret.
1412 2304 1470 2332 Non
1499 2313 1553 2333 uno
1570 2309 1660 2334 autem
1676 2307 1787 2335 nomine

168 2347 328 2376 Eusebianze
338 2347 450 2375 editioni
468 2347 578 2382 prodest
589 2345 724 2375 Samuelis
738 2347 908 2381 conjunctio.
923 2347 1045 2383 Namque
1061 2348 1088 2375 in
1108 2349 1203 2384 primis
1217 2351 1301 2385 priori
1319 2351 1458 2378 Canonum
1472 2351 1688 2380 Ensebianorum
1704 2354 1790 2381 histo-

167 2395 215 2422 ria;
230 2394 322 2430 (quam
338 2401 423 2429 prope
449 2394 531 2421 stulte
544 2393 654 2428 quidam
670 2393 759 2421 critici
784 2393 841 2428 jam
857 2393 981 2421 iictitiam
998 2395 1156 2430 nullamque
1171 2404 1231 2424 csse
1242 2396 1384 2432 putabant)
1399 2398 1583 2425 testimonium
1596 2401 1787 2434 gravissimum

168 2439 366 2474 indubiumque
379 2438 473 2474 adjicit
494 2438 614 2471 Samuel,
626 2438 690 2465 dum
710 2442 738 2466 et
749 2439 809 2474 ejus
823 2439 986 2475 promniium
1006 2448 1091 2476 prope
1105 2441 1139 2469 ad
1151 2442 1268 2469 litteram
1283 2443 1458 2477 exprimit.et
1473 2451 1517 2471 res
1527 2444 1689 2473 Chaldaicas
1717 2455 1747 2474 se
1761 2447 1788 2474 in

167 2485 297 2520 praedicto
308 2485 377 2512 libro
388 2485 486 2520 legisse
502 2488 707 2517 commemorat,
722 2489 749 2512 et
762 2485 835 2512 unde
847 2485 980 2514 Eusebius
990 2485 1151 2514 Hebraicam
1168 2488 1370 2523 clironologiam
1392 2490 1427 2517 sit
1443 2497 1558 2518 exorsus
1574 2491 1663 2523 docet,
1676 2495 1703 2519 et
1716 2492 1791 2527 ejus-

167 2532 229 2559 dem
244 2531 365 2558 imitator
379 2530 442 2562 τοὺς
461 2528 532 2556 LXX
544 2528 694 2557 Bibliorum
708 2530 870 2565 lnlerpretes
882 2532 998 2566 pressim
1014 2533 1168 2568 sequendos
1179 2533 1326 2567 existimat,
1341 2538 1370 2562 et
1386 2535 1447 2563 illas
1460 2536 1554 2571 viginti
1568 2538 1743 2573 genealogias
1757 2540 1790 2567 ab

167 2579 262 2607 eodem
278 2577 396 2605 Eusebio
408 2580 548 2604 mutuatur
569 2585 575 2602 :
597 2583 752 2611 quanquam
771 2578 829 2612 ipse
844 2577 952 2605 demum
979 2579 1195 2613 patriarcharum
1219 2588 1319 2608 uxores
1343 2586 1439 2616 sponte
1459 2583 1553 2610 inserit
1574 2592 1607 2611 cx
1629 2585 1720 2620 aliquo
1736 2585 1790 2613 lor-

167 2633 241 2656 tasse
267 2625 375 2654 Veteris
401 2624 569 2652 Testamenti
595 2624 830 2660 pseudepigrapbo
846 2625 927 2659 libro,
956 2626 1061 2654 erudita
1080 2628 1240 2656 curiositate
1260 2629 1381 2657 delectas
1400 2629 1449 2665 (α).
1473 2629 1544 2663 Quid
1560 2633 1674 2659 autem?
1700 2640 1790 2660 nonne

168 2672 277 2700 Samuel
293 2671 439 2699 emendare
455 2670 602 2698 Eusebium
621 2671 737 2703 videtur,
746 2679 807 2698 cum
820 2671 970 2699 Cainanum
986 2672 1075 2708 (cujus
1091 2673 1224 2703 Eusebius
1239 2675 1333 2703 omissi
1348 2683 1431 2704 causa
1440 2681 1479 2704 tot
1489 2677 1605 2712 Syncelii
1618 2679 1791 2707 criminatio.

168 2720 248 2746 nibus
257 2718 354 2754 patuit)
364 2718 391 2745 in
402 2717 619 2753 patriarcharum
630 2717 725 2745 ordine
738 2718 926 2745 collocandum
938 2718 1125 2748 demonstrat?
1147 2720 1242 2748 Nonne
1262 2721 1371 2750 nomina
1385 2722 1442 2750 sive
1452 2724 1563 2758 propria
1586 2724 1643 2752 sive
1662 2725 1788 2760 gentilia.

203 2795 241 2831 (a)
255 2796 364 2832 Legesis
384 2795 518 2824 Samuelis
534 2796 674 2832 prologum
700 2799 726 2824 et
751 2796 852 2831 prioris
868 2797 952 2831 partis
972 2797 1058 2832 prima
1076 2799 1163 2834 capita
1176 2799 1239 2827 duo.
