1913 3137
72 149 120 178 601
599 150 643 178 DE
663 150 824 180 SAMUELE
843 151 979 180 ANIENSI
998 152 1194 182 PHEFATIO'.
1646 157 1700 185 60%

70 215 162 234 nonne
171 214 309 234 annorum
320 211 409 241 notas,
418 214 509 234 nonne
517 207 569 234 alia
575 208 716 242 complura
725 216 785 243 quae
793 208 821 235 in
828 207 937 236 Eusebii
947 208 1088 237 codicibus
1107 209 1199 237 luxata
1219 211 1340 243 luerunt,
1358 215 1432 239 recte
1447 211 1555 240 Samuel
1564 213 1699 243 interdum

69 253 236 280 censtituit‘!
255 252 377 288 Denique
403 253 437 280 ad
452 252 560 281 Eusebii
577 254 670 281 crisim
682 254 748 289 quid
758 262 815 281 nou-
841 254 886 281 hic
907 255 1031 282 conferat
1057 260 1162 287 auctor.
1186 256 1233 292 qui
1257 256 1338 284 modo
1359 255 1505 284 Eusebium
1527 257 1561 286 ab
1582 266 1611 287 se
1632 267 1701 295 pene

69 300 190 327 exscribi
206 299 351 327 confirmat
368 299 405 335 (a)
419 309 426 333 ;
444 300 523 328 modo
539 301 625 329 eidem
639 301 676 328 ita
691 309 721 329 se
732 302 855 329 innixum
873 302 982 335 fatetur,
1003 306 1041 337 ut,
1058 311 1091 330 co
1106 303 1250 336 subducto,
1278 304 1345 332 nihil
1366 305 1485 333 scribere
1493 306 1581 341 possit
1595 306 1650 343 (li)?

105 355 139 384 ΙΙ.
160 357 294 385 Samuelis
305 361 407 393 patria,
423 359 518 386 notitia
534 361 616 394 operis
633 365 658 387 et
680 359 823 388 Mttcenas.
838 376 872 381 ——
889 360 944 388 Sed
959 361 1119 397 priusquam
1135 361 1169 389 de
1184 362 1327 398 multiplici
1342 362 1477 392 Samuelis
1490 365 1606 393 utilitate
1625 365 1701 393 dica-

72 411 146 435 mus,
163 412 255 439 opere
267 406 384 440 pretium
404 410 445 434 est
462 406 495 433 de
510 406 570 442 ipso
595 407 703 434 homine
731 412 758 434 et
782 407 816 434 de
843 407 997 439 codicibus,
1027 408 1100 436 unde
1123 416 1192 444 opus
1216 410 1396 444 protrahitur,
1423 418 1530 438 summa
1553 418 1616 438 cum
1638 412 1700 439 bre-

69 455 154 478 vrtate
170 452 317 480 disserere.
344 452 491 485 Samuelis,
515 453 648 488 dignitate
665 453 827 489 presbyteri,
855 454 945 489 patria
961 453 1014 481 fuit
1027 453 1108 488 Ania,
1123 455 1260 483 Armenia:
1283 456 1349 483 urbs
1375 456 1407 484 ad
1423 456 1524 484 flumen
1549 458 1699 486 Achuriutn

73 499 140 529 sita,
161 497 192 525 in
208 505 240 526 ea
260 499 407 534 provincia:
420 499 555 526 Araratiae
570 499 680 534 regione
694 506 775 533 quam
787 498 933 534 geographi
945 497 1041 526 dicunt
1062 499 1207 528 Siraciam.
1229 499 1292 528 Hatc
1317 500 1387 527 Ania
1397 508 1460 528 cum
1475 508 1547 528 nono
1562 501 1700 531 Christia-

69 552 112 572 ne
126 552 190 572 aera:
205 546 306 573 saeculo
316 553 370 574 non
385 546 492 573 modica
509 545 674 573 incrementa
687 545 848 581 accepisset,
864 549 1008 580 propterea
1024 545 1097 580 quod
1114 545 1287 581 Bagratuniis
1303 546 1472 581 principibus
1488 547 1590 582 regiam
1607 548 1699 576 sedem

74 594 221 630 prteberet,
233 594 340 622 decimo
353 594 462 629 quidem
477 594 675 629 undecimoque
689 593 789 622 saeculo
799 600 854 621 tam
871 594 999 629 frequens
1009 599 1120 629 tamque
1129 593 1271 629 splendida
1299 594 1398 626 evasit,
1416 599 1447 622 ut
1472 595 1568 623 domos
1588 600 1698 623 centum

72 643 158 674 mille,
176 643 274 678 templa
289 646 380 669 autem
390 642 451 676 plus
461 641 534 669 mille
546 641 675 670 habuisse
687 641 792 669 feratur
805 641 851 677 (c).
866 641 951 669 Porro
967 642 1025 670 inec
1037 642 1104 670 urbs
1113 641 1257 676 diligenter
1268 640 1435 668 secernenda
1449 645 1490 668 est
1504 642 1538 669 ab
1551 641 1620 669 Anio
1635 649 1700 678 pro-

68 689 180 721 vinciat,
196 697 257 724 qua:
264 688 364 716 dicitur
377 688 431 716 alta
443 688 582 722 Armenia,
604 688 716 716 castello
730 688 803 723 quod
819 687 1106 717 Moscs.Chorenensis
1123 692 1316 716 commemorat
1327 688 1378 723 (ά).
1392 688 1449 724 Age
1465 696 1530 716 vero
1546 689 1632 724 ipsius
1649 689 1700 719 Sa.

67 736 169 764 muelis
183 734 384 770 chronographi
398 734 562 762 mentionem
580 734 683 761 faciunt
696 735 814 770 primum
825 735 934 770 quidem
961 734 1084 762 Armenii
1110 735 1259 770 scriptores
1280 734 1412 770 Cyriacus
1431 734 1631 771 Ganzaghenus
1648 745 1700 766 sa)-

68 784 123 811 culi
153 791 203 810 xui
233 783 331 816 homo;
367 782 465 810 iterum
493 786 622 816 sequente
651 783 752 810 saeculo
783 783 824 810 vir
848 783 973 811 eruditus
998 782 1142 810 Vardanus
1165 782 1424 815 Barzerberdensis;
1452 786 1568 818 uterque
1592 783 1620 810 in
1641 785 1700 813 suis

68 830 202 858 Haicanis
213 829 352 857 historiis:
367 829 485 863 denique
508 834 644 863 postrema
661 832 740 856 aetate
756 828 900 863 Serposius
917 829 943 855 in
959 828 1128 857 Armeniaca;
1141 828 1262 856 historiae
1278 830 1451 864 compendio,
1465 831 1548 866 quod,
1565 831 1701 866 scriptore

69 883 139 903 usus
154 883 290 911 anonymo
305 875 404 908 amico,
422 874 554 909 impensis
564 873 750 908 subsidiisque
764 873 890 901 maximis
905 874 1059 905 adornavit,
1076 873 1213 901 Samuelis
1237 874 1382 902 chronicos
1411 882 1532 903 canones
1546 875 1622 910 justo
1637 876 1697 911 qui-

67 924 131 950 dem
155 923 258 953 rarius,
274 922 322 950 sed
344 927 434 950 tamen
450 922 594 957 aliquoties
614 921 768 956 compellat.
791 921 925 949 Praeterea
937 920 1071 948 Gallicani
1086 921 1191 956 aliquot
1214 920 1336 956 perdocti
1355 921 1480 950 homines
1496 922 1600 950 codicis
1623 922 1699 950 Pari-

68 968 136 995 staci
153 968 250 995 notitia
266 968 320 1000 usi,
337 975 386 995 nec
401 968 521 1002 segniter
541 975 592 994 nec
609 966 794 1002 perfunctorie
809 966 964 994 Samuelem
986 971 1112 994 nostrum
1136 967 1336 994 commendant.
1365 967 1474 995 Primus
1498 969 1525 996 in
1555 969 1597 997 his
1613 968 1698 998 Vilic-

70 1013 168 1049 l'royus
196 1013 332 1041 Samuelis
360 1012 515 1040 Chronicon
538 1012 745 1048 diligentissime
766 1013 957 1045 contrectavit,
983 1017 1065 1049 atque
1084 1013 1176 1048 operis
1198 1013 1320 1041 universi
1345 1014 1479 1042 rationein
1511 1015 1637 1050 exposuit
1652 1015 1697 1052 (ι).

75 1061 144 1088 Exin
172 1060 312 1096 Villefroyi
340 1060 448 1088 sehedis
466 1061 617 1087 instructus
643 1058 771 1087 Frerctus
790 1059 926 1088 Samuelis
946 1060 1150 1096 chronologiam
1173 1068 1235 1088 cum
1261 1061 1350 1089 fructu
1381 1062 1523 1097 usurpavit
1550 1062 1578 1090 in
1592 1064 1698 1091 disser-

70 1110 177 1136 talione
192 1108 325 1135 De'anno
353 1108 508 1135 Armeniaca
530 1107 574 1143 (Γ).
599 1107 651 1135 Sed
676 1109 747 1136 enim
773 1115 854 1135 nemo
878 1107 1035 1136 affluentius
1061 1108 1258 1136 laudabiliusve
1287 1108 1470 1137 Samuelianis
1497 1110 1585 1144 copiis
1615 1114 1701 1138 semet

75 1157 231 1188 exornavit,
250 1164 331 1191 quam
346 1156 512 1184 novissimus
526 1155 736 1194 Sammartinius
749 1155 796 1191 (g),
812 1156 853 1182 vir
875 1156 1046 1184 orientalium
1072 1155 1225 1184 studiorum
1244 1160 1337 1183 nostra
1361 1161 1440 1184 :etate
1456 1157 1698 1192 prudentissimus,

69 1205 114 1239 qui
131 1204 166 1231 de
184 1203 319 1231 Armeniae
339 1203 452 1230 historia
473 1205 500 1230 et
523 1202 686 1237 geographia
714 1210 790 1237 asque
807 1202 876 1230 bene
898 1202 940 1230 vel
964 1202 1050 1229 etiam
1080 1202 1218 1237 copiosius
1240 1202 1390 1230 meriturus
1413 1206 1467 1235 cst,
1487 1210 1569 1237 quam
1587 1203 1633 1231 ille
1652 1204 1699 1231 diu

68 1251 257 1280 memorabilis
281 1250 487 1278 Sancticrucius
515 1250 549 1278 de
573 1250 721 1277 Alexandri
751 1251 837 1285 gestis
864 1255 946 1285 atque
974 1249 1167 1286 scriptoribus.
1187 1249 1246 1277 Jam
1269 1258 1303 1278 ex
1328 1251 1388 1285 ipso
1412 1251 1503 1278 statim
1537 1251 1649 1287 prologo
1671 1254 1699 1279 et

69 1306 132 1326 mox
165 1307 181 1326 e
211 1299 312 1334 prioris
336 1299 422 1334 partis
444 1297 624 1325 conclusione
647 1297 850 1332 cognoscimus,
880 1297 1032 1325 Samuelem
1061 1297 1223 1332 patriarcha
1248 1297 1372 1332 Gregorii
1396 1299 1524 1333 precibus
1555 1302 1697 1326 exoratum

69 1346 139 1373 hanc
165 1346 344 1373 summarium
367 1350 520 1380 temporum
534 1344 726 1371 tractationem
744 1345 909 1379 scripsisse:
926 1344 974 1372 sed
999 1347 1042 1371 est
1065 1343 1213 1372 obscurum
1230 1343 1264 1370 ad
1284 1351 1365 1378 quem
1387 1343 1547 1378 Gregorium
1563 1343 1699 1372 Samuelis

68 1394 150 1420 verba
167 1393 330 1427 pertineant.
348 1391 474 1419 Profecto
491 1391 616 1419 nonnulli
636 1391 757 1426 cogitant
769 1392 803 1419 de
816 1391 948 1426 Gregorio
963 1391 1020 1423 illo,
1039 1390 1085 1426 qui
1104 1398 1176 1418 anno
1189 1390 1293 1418 Christi
1311 1390 1380 1417 1116
1401 1390 1505 1418 electus
1520 1395 1562 1418 cst
1577 1391 1698 1426 vixitque

69 1440 96 1466 in
117 1440 279 1473 pontificatu
293 1445 381 1465 annos
401 1445 466 1469 Lm;
488 1445 539 1465 nos
563 1441 655 1464 tamen
674 1436 809 1464 Samuelis
833 1437 933 1464 librum
949 1435 1080 1471 Gregorio
1106 1437 1197 1471 potius
1212 1436 1315 1470 juniori
1330 1436 1451 1468 oblatum
1478 1444 1632 1468 censemus.
1650 1438 1695 1472 qui

69 1487 145 1514 Nersi
166 1486 284 1514 Claiensi
301 1485 434 1513 successit
450 1491 522 1511 anno
534 1483 603 1511 H76
619 1493 625 1511 :
642 1483 723 1518 cujus
743 1484 782 1511 rei
799 1484 935 1518 permulta
957 1483 1056 1511 indicia
1077 1487 1152 1514 sunt.
1168 1483 1215 1510 sed
1234 1483 1298 1510 illud
1315 1483 1395 1518 longe
1414 1483 1608 1515 certissimum,
1624 1485 1697 1520 quod

68 1532 198 1559 nimirum
217 1531 327 1558 Samuel
346 1533 444 1564 quarto
466 1527 593 1563 Gregorii
606 1528 736 1563 junioris,
755 1536 804 1556 seu
826 1528 938 1564 Deghae,
963 1536 1036 1556 anno
1057 1529 1262 1564 chronologiam
1283 1535 1297 1555 a
1312 1536 1342 1556 se
1363 1528 1522 1556 adornatam
1547 1530 1696 1563 concludit,

68 1582 105 1608 uti
124 1588 188 1608 mox
217 1578 358 1607 evidenter
385 1577 556 1604 docebimus.

102 1637 146 1664 111.
165 1636 332 1665 Samueliani
347 1635 487 1662 summarii
504 1634 618 1662 codices.
635 1649 671 1654 —-
687 1634 886 1661 Chronic-orum
906 1633 1041 1661 Samuelis
1056 1641 1192 1661 canonum
1206 1634 1315 1662 codices
1340 1634 1411 1662 haud
1437 1634 1622 1670 infrequentes
1651 1644 1697 1663 oc-

67 1689 183 1713 currunt
200 1690 284 1710 :nam
306 1684 403 1717 praeter
425 1681 593 1715 complures,
617 1679 664 1714 qui
689 1679 715 1706 in
731 1680 920 1706 Armeniorum
937 1680 1110 1707 bibliothecis
1138 1679 1313 1711 delitescunt,
1328 1679 1496 1707 Parisiacqu
1520 1688 1607 1716 nuper
1622 1689 1698 1708 com-

67 1729 300 1760 memoravimus.
324 1727 416 1762 Neque
438 1731 526 1753 tamen
551 1723 660 1753 Samuel
690 1726 731 1752 vel
752 1726 891 1760 Europa‘is
912 1726 955 1753 vel
972 1725 1157 1754 Orientalibus
1173 1726 1245 1761 tvpis
1269 1730 1331 1752 ante
1358 1726 1409 1753 hoc
1427 1730 1545 1761 tempus,
1563 1733 1696 1763 quantum

67 1781 183 1812 scimus,
209 1778 359 1811 impressus
378 1777 431 1802 est.
462 1773 521 1800 lam
540 1774 566 1800 in
582 1777 656 1800 tanto
671 1773 796 1800 codicum
826 1781 940 1801 numero
957 1774 1002 1801 vix
1024 1773 1096 1800 ullus
1110 1776 1162 1806 est,
1191 1774 1219 1800 in
1247 1781 1301 1808 quo
1325 1772 1460 1801 Samuelis
1484 1775 1609 1803 (Iunones
1626 1777 1696 1805 ultra

67 1825 193 1854 auctoris
216 1823 375 1852 terminum,
392 1827 490 1854 nempe
504 1819 575 1846 ultra
590 1818 693 1858 Christi
715 1826 814 1845 annum
848 1819 928 1849 1179.
954 1826 970 1846 a
995 1818 1196 1845 recentioribus
1212 1818 1427 1855 cltronographis
1444 1821 1486 1848 vel
1501 1823 1582 1848 etiam
1597 1823 1696 1851 scribis

67 1871 182 1909 produci
202 1877 257 1897 non
274 1869 401 1900 soleant;
427 1874 481 1901 quo
506 1873 605 1900 genere
620 1865 797 1892 additamenti
817 1873 852 1893 ne
868 1865 953 1892 codex
972 1865 1081 1900 quidem
1098 1864 1254 1892 l’arisiacus
1280 1870 1377 1898 caret;
1407 1866 1532 1902 idemque
1554 1868 1579 1894 in
1595 1867 1697 1896 Grauis

66 1920 149 1947 etiam
172 1925 205 1945 ac
219 1916 323 1944 Latinis
339 1915 454 1941 aliorum
466 1916 609 1939 auctorum
623 1911 760 1938 chronicis
772 1911 892 1938 solemne
907 1911 1151 1946 pervulgatumque
1174 1914 1226 1938 est.
1252 1911 1373 1946 Denique
1397 1919 1451 1938 non
1482 1913 1569 1940 solum
1591 1918 1698 1948 protra-

66 1971 128 1993 ctus
146 1968 190 1991 est
207 1962 328 1994 Samuel,
343 1968 437 1988 verum
453 1960 534 1987 etiam
552 1958 632 1986 alieni
651 1959 734 1993 panni
753 1958 861 1986 laciniis
873 1959 1038 1993 quandoque
1060 1959 1233 1990 intertextus,
1255 1966 1308 1993 qua
1327 1959 1361 1986 de
1377 1967 1407 1986 re
1418 1963 1489 1986 notm
1501 1966 1601 1988 nostrae
1615 1961 1698 1988 lecto-

66 2019 111 2039 res
143 2007 293 2036 identidem
320 2005 515 2034 admonebunt.
546 2004 625 2031 Nunc
649 2003 859 2030 Mediolanensis
884 2003 1019 2031 Samuels
1046 2003 1130 2031 editio
1155 2011 1171 2030 e
1196 2005 1316 2038 quinque
1343 2005 1466 2033 codicum
1493 2007 1638 2035 collatione
1666 2016 1698 2040 ac

65 2054 247 2082 varietatibus
274 2052 390 2079 conflata
416 2055 470 2078 est.
495 2049 625 2084 Princeps
657 2048 793 2076 Samuelis
819 2050 973 2084 exemplar,
997 2049 1070 2085 quod
1093 2049 1176 2076 veluti
1209 2049 1418 2078 fundamentum
1437 2051 1569 2080 editionis
1597 2058 1699 2081 nostra:

67 2102 223 2139 posuimus,
245 2100 319 2126 circa
350 2105 450 2125 annum
461 2104 522 2124 aera:
551 2096 722 2123 Armeniaca;
741 2095 794 2123 656
817 2095 932 2131 (Christi
959 2096 993 2124 ad
1024 2096 1160 2125 Samuelis
1188 2098 1409 2132 supputationem
1438 2099 1528 2135 1209)
1556 2107 1697 2130 exaratum

66 2138 167 2181 iuerat,
196 2148 310 2182 ideoque
332 2145 472 2172 tricesimo
499 2143 555 2171 fere
582 2138 644 2178 post
669 2142 794 2170 Chronici
816 2143 896 2171 linem
922 2151 996 2171 anno
1016 2143 1171 2172 confectum
1198 2145 1384 2179 cognoscitur.
1410 2141 1536 2181 Namque
1563 2147 1697 2176 Samuelis

67 2196 287 2224 lucubrationem
310 2199 404 2220 revera
427 2198 500 2217 anno
521 2190 590 2218 “79
625 2190 782 2225 explicitum
812 2197 890 2222 csse,
921 2189 1067 2217 manifesto
1096 2190 1175 2218 docct
1211 2191 1335 2219 Chronici
1363 2192 1448 2220 codex
1481 2193 1560 2226 alter,
1588 2195 1615 2221 in
1644 2202 1698 2230 quo

67 2244 131 2271 licet
155 2249 225 2276 opus
247 2239 332 2266 multo
365 2237 481 2265 ulterius
510 2237 696 2271 protrahatur,
718 2236 849 2272 pratdicto
867 2241 956 2263 tamen
980 2244 1052 2264 anno
1075 2237 1143 2264 1169
1161 2237 1295 2272 ejusmodi
1320 2238 1470 2266 admonitio
1493 2241 1697 2274 perscribitur:

69 2289 137 2316 Heio
165 2288 274 2322 explirit
298 2285 406 2321 facundi
426 2284 558 2312 Samuelis
583 2285 758 2319 compositio,
779 2284 825 2319 qui
854 2292 918 2310 sane
945 2283 1107 2310 uehementer
1138 2285 1240 2311 curarit
1267 2289 1295 2310 ut
1320 2284 1531 2312 emendatissime
1563 2287 1698 2316 scriberet.

66 2335 175 2369 Appulit
203 2338 291 2360 autent
308 2340 389 2367 usque
410 2333 445 2359 ad
473 2341 549 2360 suam
577 2334 682 2360 omnino
706 2337 830 2365 (etatem;
856 2341 915 2359 cum
939 2332 1059 2359 historici
1085 2333 1203 2368 ofﬁciunt
1225 2333 1302 2360 tilde
1321 2335 1460 2368 prtcterilis
1476 2335 1698 2372 prrcsentibusque

67 2383 214 2412 disserere:
235 2381 306 2408 ultra
329 2389 387 2408 vero
411 2389 442 2407 ea
464 2389 521 2415 qua:
545 2381 572 2407 in
593 2381 646 2407 rita
673 2380 797 2415 cujusque
822 2385 977 2412 verruntur,
999 2381 1120 2415 progredi
1144 2389 1196 2407 non
1224 2381 1311 2408 liceat.
1347 2381 1503 2416 Quanquam
1533 2382 1613 2417 igitur
1640 2390 1699 2418 pos;

67 2429 135 2455 hunc
156 2428 244 2455 locum
270 2428 354 2462 pergit
381 2426 466 2453 adhuc
495 2427 605 2454 linearis
631 2427 851 2454 Armeniacarum
878 2434 966 2452 rerum
993 2426 1125 2458 historia,
1157 2426 1327 2454 nihilominus
1349 2427 1485 2461 complura
1510 2428 1605 2455 menda
1632 2430 1698 2456 satis

67 2478 214 2510 coarguunt
229 2473 310 2500 alium
332 2482 387 2500 esse
411 2474 503 2508 scripti
529 2477 682 2506 auctorem,
698 2481 760 2500 nam
785 2477 881 2507 prwler
897 2471 998 2500 Christi
1021 2480 1131 2508 wrwque
1160 2472 1345 2500 Armeniorum
1368 2481 1468 2505 annos,
1497 2474 1536 2500 nil
1563 2482 1699 2508 propemo-

67 2521 130 2547 dum
156 2520 233 2547 recte‘
251 2528 278 2546 se
299 2519 386 2546 habet.
403 2518 497 2554 Neque
517 2523 608 2546 tamen
642 2519 756 2546 reticere
771 2518 843 2550 licet,
871 2519 1078 2554 princepsillud
1105 2519 1242 2553 exemplar
1259 2519 1331 2553 putri
1360 2519 1414 2546 situ
1431 2519 1502 2546 haud
1523 2527 1586 2546 raro
1613 2519 1701 2547 fuisse

68 2569 230 2600 corruptum
250 2565 441 2600 nonnullisque
466 2560 570 2595 chartis
604 2567 741 2595 mutilum.
769 2565 797 2594 id
828 2573 894 2593 vero
921 2565 1050 2593 damnum
1072 2569 1227 2601 reparatum
1256 2570 1300 2593 est
1332 2565 1442 2594 invento
1468 2566 1522 2592 alio
1550 2565 1697 2600 Byzantina

69 2612 96 2638 in
123 2611 191 2638 urbe
219 2610 368 2646 exemplari
400 2611 458 2648 (Ιι),
483 2613 555 2650 quod
585 2620 658 2640 anno
687 2612 796 2647 quidem
825 2619 886 2638 tera:
919 2611 1087 2638 Armeniaca:
1115 2610 1184 2637 l552
1211 2609 1335 2645 (Christi
1359 2611 1452 2647 i385)
1479 2612 1610 2646 scriptum
1638 2609 1697 2637 fuc-

105 2718 142 2752 (a)
159 2717 237 2744 Part.
250 2725 270 2748 ι,
284 2724 345 2752 cap.
359 2717 385 2748 7,
404 2716 449 2744 22.
682 2737 687 2741 .

949 2713 982 2750 (Γ)
998 2713 1138 2742 Μέηιοὶνω
1151 2714 1183 2742 de
1207 2714 1310 2743 I'Acad.
1326 2715 1371 2742 de:
1386 2715 1479 2748 iitum,
1495 2718 1515 2740 t.
1532 2713 1602 2746 XlX,
1621 2721 1648 2749 p.
1662 2713 1697 2741 85

157 2751 509 2823 IfegicosiexﬁcgnAt-menim
524 2785 736 2823 geographicum
754 2784 856 2811 editum
913 2757 984 2823 δᾳῗῴ
998 2783 1136 2823 Μέηξοὶνεε
1147 2785 1303 2823 Itistoriques
1313 2789 1338 2811 et
1352 2783 1554 2820 géograp/uques
1565 2792 1612 2810 sur
1625 2784 1698 2812 l‘Ar-

71 2819 288 2852 Venétiisfanno
304 2821 382 2848 1769.
395 2821 473 2849 Nunc
487 2819 557 2848 Attia
576 2819 660 2857 pagus
673 2827 721 2848 est.
913 2820 1047 2857 mé‘Itt'eLl.
1060 2819 1079 2851 l,
1100 2821 1212 2857 passim.

104 2858 140 2890 (ά)
157 2857 231 2885 Hist.
251 2864 282 2887 lt,
300 2857 344 2883 11.
577 2853 584 2856 ’
611 2853 624 2857 ⁷
915 2888 924 2890 Α
947 2854 984 2890 (h)
998 2854 1084 2887 Hujus
1099 2853 1261 2889 exemplaris
1274 2854 1457 2890 apographum
1472 2862 1486 2882 a
1497 2861 1526 2882 se
1543 2853 1697 2883 confectum

106 2888 139 2928 te)
159 2892 238 2927 Apud
253 2891 629 2924 Montfauconium,Biblioth.
652 2901 714 2919 mss.
733 2900 758 2927 p.
778 2890 855 2918 10-26.
911 2888 934 2916 J.
957 2888 1097 2916 Zohrahus
1114 2888 1266 2917 conservat.
