1911 3136
200 171 256 200 603
712 169 883 198 APPENDIX
902 171 948 198 AD
967 170 1103 199 EUSEBll
1122 169 1333 199 CHRONICON.
1783 169 1841 197 σοι

199 235 255 264 rat.
276 231 313 258 ita
329 235 419 259 tamen
439 235 469 258 ut
483 230 554 259 idem
567 229 600 257 ab
615 230 808 264 antiquissimo
822 231 945 257 omnium
969 229 1065 258 codice
1081 235 1220 266 sumptum
1235 231 1393 262 diceretur,
1416 235 1513 262 nempe
1534 227 1568 255 ab
1593 227 1755 263 apographo
1787 235 1841 255 an-

203 278 249 306 nis
265 279 408 307 duodecim
425 283 485 314 post
503 278 643 306 conditum
661 285 730 313 opus
750 277 886 305 confecto.
903 277 976 306 Sane
1006 278 1033 305 id
1057 278 1234 315 Byzantinum
1252 276 1391 312 exemplar
1417 282 1581 310 magnopere
1600 274 1680 302 nobis
1694 273 1838 310 placebat.

200 324 316 359 ejusque
326 333 376 359 ope
390 332 461 359 saepe
488 332 586 359 pravas
610 324 834 360 interpolationes
861 324 1048 360 cognovimus,
1066 333 1126 360 quae
1152 325 1187 352 ab
1215 325 1336 352 auctoris
1365 321 1473 360 ingenio
1502 321 1674 349 vehementer
1699 320 1840 348 abhorre-

201 369 276 396 bant.
291 368 427 397 llacteuus
441 369 492 396 tria
506 369 779 397 commemoravimus
796 367 930 395 Samuelis
947 369 1112 404 exemplaria
1125 377 1131 402 ;
1150 369 1288 404 princeps,
1306 368 1332 395 id
1345 373 1386 396 est
1398 369 1629 404 antiquissimum,
1643 369 1764 396 alterum
1779 376 1838 403 quo

200 422 342 443 mouemur
354 416 387 443 de
401 416 476 450 justo
488 416 607 443 auctoris
624 415 753 447 conﬁnio,
768 416 879 443 tertium
895 415 1084 450 Byzantinum.
1098 415 1144 443 llis
1154 415 1264 442 demum
1279 414 1331 442 alia
1344 415 1399 442 duo
1411 418 1725 448 accesserunt,quorum
1742 421 1834 441 unum

200 469 250 489 nec
260 463 336 490 valde
350 463 490 498 antiquum
505 466 532 490 et
544 470 626 497 porro
639 462 842 497 imperfectum;
860 462 974 490 alterum
984 462 1213 496 recentissimum,
1228 461 1309 497 idque
1323 461 1350 488 in
1365 468 1466 488 annum
1476 460 1545 488 1698
1555 460 1695 491 desinens,
1708 463 1836 486 temera-

200 508 249 535 riis
270 508 394 536 videlicet
407 508 613 536 accessionibus
635 512 717 543 atque
730 508 988 543 interpolationibus
1011 511 1130 536 scatens.
1149 507 1244 542 Operis
1259 507 1377 541 denique
1395 506 1491 533 titulus
1508 506 1535 532 in
1551 505 1692 532 codicibus
1705 504 1833 539 scriptus

199 556 224 583 is
252 555 306 583 fere
325 560 366 584 est
382 564 461 591 quem
480 557 506 583 in
524 556 612 583 fronte
641 555 770 583 editionis
797 556 938 590 posuimus
956 565 963 583 :
981 555 1113 583 Samuelis
1135 555 1279 590 presbyteri
1301 554 1423 581 Aniensis
1441 558 1585 587 temporum
1605 560 1687 588 usque
1701 552 1737 579 ad
1751 558 1835 578 suam

198 606 302 629 etatem
317 602 385 628 ratio
399 610 412 628 ε
424 602 498 628 libris
510 601 695 628 historicorum
711 601 862 627 summatim
876 600 996 628 collecta.

234 645 279 674 ιν.
293 646 345 680 Qui
356 648 391 673 sit
407 638 572 673 Saniueliani
583 646 723 673 summarii
737 646 892 680 fructus.—
905 644 958 672 Sed
975 644 1081 680 rogabit
1094 643 1191 679 aliquis
1203 637 1256 679 qua
1266 643 1421 671 communis
1433 642 1559 670 utilitatis
1574 650 1623 678 spe
1645 649 1735 678 quove
1761 649 1834 677 pru-

199 693 273 722 denti
288 701 355 722 cons
367 694 404 720 lio
424 693 583 721 Armenium
601 694 838 728 chronographum
855 692 889 720 ad
906 692 1099 727 Europaeorum
1116 692 1206 720 studia
1223 691 1415 727 perferendum
1439 690 1584 718 curemus?
1611 697 1730 725 namque
1758 689 1831 717 illud

196 739 350 774 iustissime
369 739 471 767 dicitur
486 749 492 766 :
515 739 587 767 Nova
601 744 628 767 et
643 740 718 766 utilia
732 740 778 774 qui
791 743 894 769 narrat.
904 743 1043 766 auctorem
1052 739 1126 766 hunc
1137 739 1277 773 perhibeto
1292 738 1405 766 bonum.
1417 736 1473 764 Nos
1484 743 1549 764 sane
1563 735 1690 768 fatemur,
1708 736 1837 771 priorem-

200 785 336 813 Samuelis
351 789 454 820 partem
480 793 574 821 parum
591 785 766 813 emolumenti
785 786 794 820 (
808 790 905 820 praeter
932 784 1042 812 Eusebii
1060 784 1313 820 confirmationem)
1329 784 1424 811 all'erre
1443 793 1449 811 :
1466 790 1510 810 res
1523 782 1596 809 enim
1621 781 1773 809 llebraicas
1797 785 1828 809 et

199 830 367 864 reliquorum
383 830 459 857 orbis
473 830 537 857 olim
553 830 657 865 cogniti
678 822 840 865 populorum
867 830 904 857 ita
927 828 1047 856 Samueli
1079 829 1211 857 Eusebius
1227 830 1393 865 suppeditat,
1417 835 1447 858 ut
1477 832 1529 859 hoc
1547 832 1726 859 summarium
1751 831 1827 858 nihil

199 876 255 904 fere
288 877 385 904 habeat
410 882 508 912 praeter
529 877 638 905 Eusebii
666 878 838 913 aliorumque
860 877 1132 913 chronograpborum
1164 878 1272 905 brevem
1286 879 1430 913 quamdam
1446 880 1655 914 repetitionem;
1678 878 1831 906 historiam-

199 930 281 957 porro
305 923 494 951 Armeniacam
522 931 609 959 usque
630 924 664 951 ad
686 924 826 951 Christum
855 924 889 952 de
905 923 1017 959 Virgine
1041 925 1161 959 genitum
1187 923 1300 952 totidem
1328 932 1399 960 saepe
1416 926 1507 953 verbis
1527 933 1542 952 c
1565 925 1638 954 Mose
1653 918 1829 953 Chorenensi

199 969 324 998 videmus
363 971 502 998 arcessiri.
531 970 624 1006 Neque
653 976 743 999 tamen
770 976 812 999 est
839 979 889 999 cur
915 973 1060 1007 quisquam
1088 975 1231 1006 propterea
1257 970 1411 999 Samuclem
1439 972 1621 1008 spernendum
1652 975 1740 1007 putet,
1766 971 1824 999 nisi

199 1017 270 1045 idem
288 1022 326 1043 tot
351 1015 463 1044 Latinos
479 1019 519 1049 eti.
533 1016 643 1045 Grazeos
662 1017 886 1053 chronograpbos
916 1026 993 1053 aeque
1038 1018 1152 1054 pedibus
1167 1018 1264 1049 trahat,
1287 1020 1332 1053 qui
1353 1019 1474 1055 plerique
1494 1028 1590 1048 omnes
1609 1028 1671 1048 cum
1698 1021 1734 1048 ab
1757 1020 1828 1048 orbe

198 1063 310 1091 condito
335 1063 486 1095 ordiamur,
513 1065 668 1092 necessaria
690 1065 794 1092 ratione
817 1065 846 1093 ﬁt
864 1070 894 1093 ut
919 1066 1042 1093 eamdem
1057 1067 1194 1094 cramhem
1219 1067 1364 1094 videantur
1386 1075 1543 1104 recoquere.
1582 1068 1745 1103 Quanquam
1774 1075 1828 1096 nos

198 1118 243 1138 res
270 1109 446 1138 Armeniacas
466 1113 613 1139 multorum
640 1113 673 1139 ad
688 1120 768 1141 aures
794 1121 867 1140 nunc
882 1114 997 1148 primum
1014 1119 1192 1149 perventuras
1210 1122 1365 1149 speramus,
1385 1116 1605 1151 quandoquidem
1626 1116 1708 1151 huius
1737 1117 1830 1152 gentis

198 1164 243 1186 res
263 1156 383 1183 nondum
410 1156 476 1184 satis
495 1157 523 1184 in
548 1158 670 1192 populari
691 1158 751 1186 luce
782 1163 938 1190 versantur.
958 1164 1068 1194 propter
1090 1167 1184 1186 eorum
1201 1160 1377 1195 paucitatem,
1403 1161 1449 1195 qui
1472 1161 1505 1188 ad
1521 1161 1570 1189 has
1597 1161 1756 1188 scribendas
1782 1168 1831 1187 ac-

196 1206 349 1231 cesserunt.
380 1203 433 1231 Sed
459 1204 522 1231 licet
539 1203 611 1238 quod
636 1204 753 1239 quisque
768 1204 839 1231 volet
881 1205 1031 1237 existimet,
1067 1205 1095 1232 in
1121 1209 1216 1233 nostra
1251 1205 1361 1241 quidem
1397 1207 1515 1234 editione
1549 1212 1680 1242 quantum
1714 1197 1837 1234 Eusebii-

196 1250 301 1286 primus
322 1251 389 1278 liber
407 1251 527 1279 secundo
554 1251 684 1286 dignitate
699 1256 819 1287 praestat.
837 1252 1004 1280 tantumdem
1021 1252 1156 1279 Samuelis
1184 1261 1246 1288 pars
1272 1252 1408 1288 posterior
1422 1253 1539 1288 priurem
1565 1252 1738 1288 iucunditate
1766 1251 1830 1279 l‘ru-

196 1301 296 1333 ctuque
323 1303 443 1334 supcrat.
462 1299 646 1327 Romanorum
664 1305 690 1327 et
717 1301 874 1328 Graecorum
895 1301 1073 1336 imperatores
1097 1305 1205 1329 centum
1221 1302 1379 1329 scribuntur
1402 1302 1472 1336 apud
1487 1300 1640 1328 Samuelem
1655 1300 1689 1328 ab
1702 1300 1836 1335 Augusto-

197 1342 230 1369 ad
259 1343 409 1372 Manuelem
437 1345 617 1373 Comnenum.
640 1346 787 1374 Persarum
816 1354 924 1382 quoque
946 1355 1026 1382 reges
1050 1347 1166 1382 primum
1182 1347 1332 1378 Arsacidae.
1352 1355 1413 1374 mox
1436 1346 1576 1374 Sasanidae
1597 1350 1657 1381 post
1680 1345 1825 1373 Christum

197 1396 284 1424 usque
301 1391 334 1417 ad
352 1391 534 1419 Mahumetum
553 1392 614 1427 plus
629 1393 740 1427 triginta
765 1398 934 1420 narrantur:
959 1394 1006 1428 qui
1041 1398 1185 1429 postquam
1211 1393 1307 1422 fatales
1329 1394 1419 1421 exitus
1444 1393 1610 1424 habuerunt.
1631 1395 1734 1420 exorta!
1760 1396 1831 1419 sunt

197 1433 396 1462 Saracenorum
413 1436 568 1463 Amirarum
588 1436 757 1472 tyrannides,
784 1445 900 1471 quarum
922 1438 1019 1472 ingens
1035 1437 1141 1473 imperii
1168 1438 1253 1465 moles
1267 1438 1364 1472 partim
1378 1437 1487 1473 quidem
1504 1437 1681 1465 internecivis
1702 1436 1776 1464 odiis
1792 1443 1824 1463 ao

196 1480 427 1512 dissensionibus,
440 1482 537 1515 partim
553 1489 617 1509 vero
630 1481 792 1517 Scytharum
805 1483 922 1511 adventu
934 1488 996 1518 post
1011 1491 1097 1512 annos
1113 1484 1311 1519 quinquaginta
1326 1484 1436 1512 circiter
1449 1492 1531 1519 supra
1540 1484 1674 1511 ducentos
1681 1483 1825 1511 debilitata

197 1534 229 1554 ac
257 1526 390 1560 dissipata
414 1531 466 1554 est.
496 1527 639 1555 Prmdictis
667 1529 800 1564 interiecti
823 1529 932 1557 fuerunt
960 1531 1149 1558 Armeniorum
1177 1531 1300 1567 dynastas
1323 1531 1394 1558 miro
1415 1531 1479 1559 ludo
1505 1531 1622 1558 fortuna:
1647 1531 1754 1566 iactati,
1774 1530 1826 1556 Ar-

197 1572 298 1600 sacidae
314 1573 444 1600 nimirum
464 1581 553 1608 reges,
571 1573 726 1601 Mamieunii
741 1573 887 1610 principes,
904 1573 1016 1607 Guunii,
1034 1574 1188 1608 libestunii,
1215 1575 1369 1608 Arzerunii,
1386 1575 1553 1610 Bagratunii,
1573 1579 1670 1610 praeter
1690 1576 1825 1608 Persicos.

199 1618 354 1650 Arabicos,
382 1618 486 1650 lberos,
512 1619 676 1654 Graecosque
691 1620 844 1654 praefectos.
873 1619 949 1648 Adde
968 1621 1159 1648 Armeniorum
1177 1621 1348 1656 patriarchas
1380 1629 1519 1657 nunquam
1547 1622 1730 1650 intermissos.
1752 1623 1826 1651 Adde

199 1664 302 1692 Christi
324 1672 407 1692 aaram
436 1673 451 1692 a
478 1665 599 1700 vulgari‘
611 1667 678 1694 satis
701 1666 929 1699 dissentientem,
953 1674 1006 1702 qua
1036 1668 1063 1694 in
1085 1675 1114 1695 re
1139 1667 1275 1696 Samuelis
1305 1668 1500 1704 cbronologia,
1526 1672 1638 1703 propter
1664 1673 1784 1696 veterem
1799 1671 1825 1696 et

196 1711 386 1747 gravissimam
413 1718 584 1738 summorum
612 1712 770 1739 criticorum
797 1712 832 1740 de
860 1720 914 1739 tera
938 1713 1042 1748 vulgari
1067 1714 1372 1750 controversiamia).
1390 1714 1463 1741 haud
1491 1713 1569 1741 ﬂocci
1596 1713 1722 1742 facienda
1761 1718 1816 1742 est.

197 1756 274 1784 Adde
292 1763 373 1784 ieram
393 1756 595 1788 Armeniacam.
613 1764 667 1784 non
683 1761 711 1784 ut
726 1757 806 1792 vulgo
819 1757 941 1785 Armenii
956 1762 1115 1793 supputaut,
1131 1758 1234 1785 Christi
1251 1766 1322 1786 anno
1344 1759 1406 1792 55l,
1422 1759 1470 1787 sed
1487 1767 1559 1786 anno
1579 1759 1631 1786 553
1655 1759 1821 1787 institutam.

198 1801 272 1836 quod
304 1802 448 1829 verissime
474 1809 489 1828 a
505 1801 632 1829 Samuele
659 1802 715 1830 dici
742 1802 905 1838 jampridem
930 1802 1095 1839 V'illei'royus
1126 1811 1159 1832 ex
1182 1811 1254 1831 anno
1284 1803 1535 1840 Hierosolymorum
1554 1804 1753 1832 aCbristianis
1777 1812 1824 1832 ca-

199 1853 306 1883 ptorum
320 1848 557 1876 demonstravisse
567 1848 675 1876 videtur
691 1848 738 1884 (ll).
753 1848 812 1876 Jam
825 1849 890 1884 ipsa:
908 1857 952 1878 res
963 1851 1089 1878 aetatibus
1103 1858 1195 1886 regum
1215 1850 1383 1886 interpositae
1395 1856 1503 1886 quanta:
1514 1851 1623 1878 demum
1636 1850 1721 1878 sunt?
1733 1849 1824 1883 Quan-

195 1904 277 1933 quam
297 1895 431 1923 Samuelis
442 1903 496 1923 non
513 1899 555 1922 est
567 1895 689 1929 historia,
704 1895 751 1923 sed
766 1895 855 1930 capita
865 1896 989 1932 quaedam
1002 1901 1030 1924 et
1046 1897 1167 1925 historiae
1181 1898 1406 1929 commentarius,
1422 1898 1542 1924 virorum
1561 1900 1654 1924 tamen
1672 1897 1821 1925 illustrium

197 1942 318 1969 facinora
343 1942 485 1969 innumera
516 1945 777 1969 commemorantur.
796 1941 829 1968 Et
853 1942 962 1976 quidem
985 1943 1125 1970 lastissima
1150 1947 1192 1970 est
1221 1943 1386 1970 illuminatio
1409 1941 1613 1974 Armeniorum,
1629 1949 1684 1977 quo
1695 1946 1817 1977 tempore

195 1997 262 2026 gens
290 1989 336 2016 illa
363 1989 490 2016 universa
516 1988 668 2015 incredibili
696 1987 788 2016 studio
813 1992 841 2016 et
866 1996 1002 2017 consensu
1031 1989 1065 2016 ad
1086 1989 1225 2017 Christum
1242 1989 1406 2020 convolavit,
1432 1987 1563 2023 prodigiis
1589 1987 1715 2023 plurimis
1735 1988 1821 2015 maxi-

196 2037 302 2071 tnisque
324 2034 375 2062 SS.
406 2034 530 2065 Gregorii
549 2039 575 2061 et
603 2033 762 2069 Rbipsimia:
788 2035 974 2069 comitumque
995 2035 1144 2063 virtutibus
1175 2039 1229 2062 tota
1254 2035 1383 2062 Armenia
1406 2033 1590 2068 strepentibus
1620 2033 1667 2070 (c).
1693 2033 1762 2061 Exin
1787 2038 1824 2064 tot

196 2081 358 2116 templorum
375 2079 620 2113 cmnobiorumque
647 2079 772 2111 mdilicia,
791 2083 832 2105 tot
853 2080 984 2115 martyrio
999 2079 1157 2112 fortissima,
1174 2083 1215 2107 tot
1226 2079 1358 2107 doctrinis
1376 2079 1572 2113 laboribusque
1585 2080 1749 2106 conﬁrmata
1762 2080 1824 2108 reli-

196 2128 254 2164 gio.
278 2127 441 2161 Quanquam
468 2133 533 2153 vero
563 2130 658 2161 postea
689 2133 739 2153 nec
761 2126 878 2154 haereses
902 2134 992 2161 neque
1025 2126 1174 2154 schismata
1200 2133 1289 2161 neque
1317 2126 1435 2161 partium
1457 2125 1609 2160 prtesertitn
1637 2124 1824 2153 furiosissime

197 2175 287 2203 studia
319 2174 483 2205 defuerunt;
513 2176 604 2200 tamen
627 2172 702 2199 natio
714 2173 908 2200 Armeniorum
924 2181 1065 2208 nunquam
1083 2181 1112 2201 se
1142 2181 1158 2200 a
1183 2173 1378 2200 communione
1394 2171 1519 2199 Romana
1545 2172 1666 2199 cunctim
1689 2172 1822 2206 seiunxit.

196 2220 266 2255 Quid
281 2219 408 2246 Haieanie
425 2218 585 2245 litteraturm
609 2218 828 2253 auspicatissima
863 2219 940 2246 initia
966 2222 993 2246 et
1020 2226 1181 2254 progressus
1198 2225 1284 2253 prope
1312 2217 1498 2249 admirabiles,
1513 2217 1565 2245 nisi
1595 2220 1652 2243 tam
1671 2224 1742 2252 saepe
1758 2225 1824 2253 pro-

196 2269 264 2298 cella
279 2268 442 2297 litterarum,
470 2265 552 2292 turbo
571 2272 603 2292 ac
629 2268 778 2300 tempestas
799 2266 963 2294 eruditionis
977 2266 1068 2294 omnis
1095 2266 1196 2293 bellum
1221 2265 1361 2293 Persicum
1378 2269 1406 2292 et
1430 2272 1491 2292 mox
1505 2264 1653 2291 Arahicum
1669 2264 1696 2291 in
1722 2265 1822 2293 Arme-

196 2316 276 2343 niam.
287 2311 469 2349 pervasisset?
481 2311 668 2340 Mabumeticae
679 2314 807 2348 potentiae
818 2314 985 2341 incunabula
997 2318 1023 2342 et
1036 2314 1203 2342 incrementa
1216 2313 1383 2350 (quanquam
1395 2312 1576 2340 communiori
1590 2311 1817 2341 Saracenicorum

195 2368 349 2398 temporum
373 2359 496 2387 historia:
512 2367 607 2395 parum
623 2368 743 2389 consona
756 2360 765 2396 (
780 2361 815 2396 τι)
829 2381 836 2393 ,
853 2361 990 2390 Armeniae
1012 2361 1202 2398 lacrymabiles
1231 2361 1408 2393 vastationes,
1427 2359 1585 2387 Latinorum
1606 2360 1633 2387 in
1651 2358 1822 2388 Palaastimm

195 2408 382 2444 expeditiones
406 2409 473 2435 satis
499 2409 582 2435 ubere
599 2406 670 2442 stylo
700 2407 878 2435 scribuntur:
899 2416 988 2443 neque
1004 2407 1086 2435 ullius
1113 2416 1183 2442 pene
1211 2408 1250 2435 rei
1281 2407 1398 2435 varietas
1417 2407 1605 2439 desideratur;
1634 2414 1688 2434 non
1715 2407 1822 2434 urbium

196 2453 345 2490 primordia
355 2457 382 2480 et
391 2453 506 2486 excid'a,
519 2460 572 2480 non
582 2452 669 2481 caedes
683 2453 842 2485 innumerae,
859 2461 912 2480 non
925 2454 1085 2488 pestilentiae
1097 2453 1248 2488 famesque.
1265 2460 1319 2480 non
1336 2453 1508 2484 scclera,non
1526 2451 1646 2484 fraudes,
1656 2459 1712 2479 non
1725 2454 1822 2479 strata-

195 2504 312 2536 gemata,
336 2507 390 2526 non
418 2499 536 2534 denique
551 2499 697 2526 multorum
717 2499 857 2527 hominum
883 2499 994 2532 litteris,
1022 2500 1216 2531 sanctimonia,
1235 2499 1332 2526 bellica
1356 2503 1415 2526 arte
1436 2498 1625 2533 praestantium
1641 2497 1818 2526 enumeratio.

195 2548 283 2581 Atque
296 2546 354 2572 haec
370 2545 462 2572 omnia
481 2545 554 2572 notis
567 2544 703 2572 editorum
716 2545 842 2580 plurimis
856 2550 883 2572 et
905 2545 1132 2580 castigationibus
1152 2545 1314 2573 illustranda
1329 2548 1410 2572 erant
1426 2549 1507 2580 atque
1527 2543 1680 2579 purganda,
1696 2542 1750 2570 nisi
1770 2549 1818 2569 nos

195 2591 334 2620 festinatio
346 2591 436 2626 operis
451 2590 485 2617 ab
500 2589 574 2617 omni
588 2589 644 2617 I'ere
662 2588 839 2624 exquisitiore
853 2596 919 2616 cura
933 2595 1085 2618 avocasset.

230 2639 263 2669 ν.
283 2640 322 2668 De
340 2639 473 2668 Samuelis
493 2637 648 2666 ortliodoxia
667 2638 833 2672 conjectum.
858 2652 895 2657 ——
918 2636 997 2665 Nunc
1016 2638 1039 2666 si
1067 2638 1130 2665 licet
1148 2637 1183 2666 de
1202 2637 1337 2673 religiosis
1357 2645 1466 2672 quoque
1487 2636 1623 2664 Samuelis
1643 2634 1816 2671 dogmatibus

231 2727 269 2763 (α)
282 2728 351 2755 Vide
364 2728 387 2756 si
401 2727 468 2755 nihil
484 2727 568 2757 aliud.
587 2730 660 2754 certe
678 2727 764 2763 libros
783 2725 890 2753 Henrici
908 2725 979 2754 San-
1030 2734 1095 2754 num
1110 2727 1210 2763 Christi
1226 2727 1278 2753 MS
1288 2726 1489 2763 retrahendum
1504 2730 1546 2763 est
1569 2723 1664 2763 (quod
1688 2725 1748 2763 ipse
1767 2722 1817 2763 _Sa-

194 2758 329 2791 cle‘nicutii
345 2763 382 2790 De
395 2763 509 2798 vulgaris
526 2771 587 2790 terre
604 2762 795 2798 emendatione.
900 2796 906 2798 Α
918 2796 923 2798 Α
936 2797 940 2798 ν
953 2796 962 2798 4
1029 2762 1102 2789 muel
1119 2762 1151 2798 ad
1168 2770 1212 2789 an.
1230 2762 1331 2789 Chriin
1347 2761 1400 2798 6‘18
1416 2762 1484 2789 satis
1499 2758 1578 2788 docet
1590 2758 1620 2794 )V;
1641 2764 1698 2786 tum
1721 2758 1811 2784 Mallu-

232 2797 268 2833 (ἡ)
285 2796 738 2833 Apudlllontiauconiumﬂiblioth.
753 2805 828 2828 mss.,
849 2804 876 2831 p.
898 2796 976 2828 l0l6,
1029 2798 1094 2824 meti
1114 2796 1449 2833 priorumqueCalil‘arum
1473 2803 1516 2823 res
1538 2800 1621 2833 gesue
1643 2802 1677 2821 ex
1701 2800 1812 2820 accura-

196 2832 276 2860 1017.
309 2831 315 2833 ⁷
1028 2832 1146 2859 tioribus
1161 2832 1280 2859 Arabum
1300 2832 1421 2859 historiis
1435 2831 1632 2866 cognoscenda!
1650 2833 1733 2866 sunt,
1750 2834 1813 2862 quae

232 2867 267 2900 (ιι)
287 2866 355 2902 [lege
370 2867 402 2894 ad
416 2867 518 2895 Christi
533 2875 634 2895 annum
651 2867 712 2894 505.
1029 2875 1082 2894 non
1104 2866 1198 2901 par'um
1224 2866 1332 2894 Samuel
1355 2867 1389 2894 ad
1412 2875 1455 2894 an.
1472 2864 1534 2894 ‘6i8
1557 2864 1717 2902 perturbare
1734 2868 1810 2898 atque

230 2902 270 2936 (Δ)
291 2900 398 2930 Scilicet
421 2907 478 2930 tum
504 2903 602 2938 begira:
617 2903 724 2930 initium
748 2903 833 2930 multo
849 2906 909 2930 ante
926 2909 975 2930 an-
1029 2900 1177 2930 obscurare
1192 2902 1308 2930 videtur.
