1911 3136
81 164 137 192 603
601 167 645 195 DE
666 167 828 196 SAHUELE
843 167 980 196 ANIENSI
999 167 1192 196 PREFATIO.
1652 168 1704 196 συθ

84 226 226 261 judicium
248 227 423 264 interponere
437 248 445 261 ,
467 228 495 256 in
515 229 610 264 primis
629 229 779 257 notandum
799 233 858 263 est,
878 229 1031 257 Orientales
1051 229 1193 256 haereticos
1212 227 1443 265 (Samosatenum
1463 233 1529 263 puta
1541 249 1549 260 ,
1578 227 1704 255 Macedo-

86 273 187 305 nium,
209 273 366 302 Nestorium
387 278 468 310 atque
486 274 565 310 alios)
578 282 632 302 non
651 275 768 303 obscure
786 275 813 302 in
832 275 884 302 hoc
904 274 1032 302 Chronico
1052 267 1237 301 condemnari.
1257 271 1318 299 lam
1338 273 1373 300 ab
1393 275 1451 307 ipsa
1471 271 1706 300 Chalcedonensis

86 321 190 356 synodi
214 322 418 357 oppugnatione
437 325 464 349 et
481 329 496 348 a
516 321 631 349 crimine
651 321 885 357 Monophysitico,
900 321 936 348 ob
951 329 1012 356 qme
1031 320 1142 348 nomina
1162 320 1233 347 male
1247 319 1385 346 interdum
1399 318 1518 344 Armenii
1533 317 1705 350 audiverunt,

84 368 156 395 satis
178 367 290 395 Samuel
310 368 458 396 abhorrere
476 369 596 397 videtur.
617 369 642 397 Is
662 371 763 405 quippe
781 377 853 397 anno
872 369 976 398 Christi
997 369 1050 396 640
1069 368 1172 396 diserte
1191 368 1290 399 docet,
1311 367 1345 394 ab
1374 366 1461 394 Esdra
1480 365 1635 400 patriarcha
1654 365 1706 392 Ar-

86 414 245 440 meniorum
268 414 296 441 in
316 414 551 442 Chalcedonensis
562 415 657 450 synodi
669 415 829 442 sententiam
849 409 963 450 pedibus
984 415 1051 441 itum
1068 422 1149 447 esse;
1165 421 1227 441 cum
1247 417 1337 440 tamen
1355 418 1426 438 anno
1442 410 1544 437 Christi
1560 410 1612 437 527
1627 414 1707 439 caute

84 459 262 491 reticuisset,
285 460 468 494 patriarcham
482 460 593 489 Nersem
609 462 835 490 Astarachensem
846 483 854 495 ,
872 463 1101 498 Eutychianorum
1118 462 1259 489 fraudibus
1277 458 1707 494 circumventumPersarumque

86 507 176 534 armis
193 508 373 535 conterritum
395 508 433 543 (α)
447 528 455 541 ,
476 510 612 544 pix-edictae
635 511 730 546 synodi
754 518 875 538 canones
898 510 1066 542 rescidisse,
1090 517 1145 544 quo
1174 509 1284 537 silentio
1304 507 1413 536 Samuel
1439 508 1620 535 calamitatem
1646 508 1707 542 ejus

86 555 152 584 facti
174 558 297 586 studiose
316 566 346 586 se
365 561 456 593 tegere
477 557 577 585 innuit.
598 556 706 586 Rursus
726 566 798 585 anno
816 557 919 586 Christi
940 558 993 585 856
1013 557 1153 584 Zachariae
1173 556 1336 592 patriarcha:
1351 556 1551 583 ecclesiasticas
1570 556 1707 583 constitu—

84 604 177 631 tiones
197 604 306 632 Samuel
332 605 492 632 collaudat:
514 606 588 639 atqui
608 605 779 640 exploratum
799 609 858 636 est.
887 605 922 632 ab
948 605 1001 633 hoc
1028 605 1157 641 pontiﬁce
1184 603 1433 631 Chalcedonensem
1455 602 1552 629 iterum
1573 601 1706 641 synodum

86 648 175 676 fuisse
193 651 394 685 comprobatam
413 652 461 687 (b).
478 651 572 685 Quid?
590 652 775 688 Eutychianos
792 654 872 685 duos,
885 652 1017 681 Joannem
1037 652 1278 680 Mairacomensem
1295 654 1321 678 ct
1338 649 1473 684 Sergium,
1488 656 1579 676 nonne
1596 637 1706 676 SamueI

86 700 185 730 aperte
202 701 363 724 exsecratur
382 698 440 733 (c)?
466 698 576 726 Utinam
599 704 627 726 et
651 699 768 726 Zenonis
789 699 934 726 Ilenoticon
963 703 1047 734 atque
1073 697 1213 725 Anastasii
1240 697 1416 732 praedictique
1439 695 1555 724 Zenonis
1581 695 1706 731 dogmata

85 741 167 776 nigro
184 749 261 777 aeque
279 743 371 778 lapillo
390 744 509 780 signaret
529 745 568 780 (Δ)
584 746 591 772 l
617 745 676 773 Nisi
702 745 773 773 forte
800 745 933 773 Samuelis
955 746 982 772 hi
1002 746 1056 772 loci
1076 745 1232 778 interpolati
1251 748 1316 772 sunt
1335 744 1368 771 ab
1386 745 1421 772 iis
1439 745 1539 779 quibus
1557 742 1708 771 Chalcedo-

88 796 177 816 nense
196 790 342 818 concilium
363 791 522 826 displicuit;
544 793 616 827 quod
635 800 721 828 genus
741 792 980 828 interpolationum
999 792 1065 819 alibi
1083 799 1192 827 quoque
1222 792 1250 828 in
1278 790 1415 819 Samuelis
1439 791 1580 818 codicibus
1606 790 1706 825 depre-

85 834 243 863 hendimus.
265 835 317 864 Sed
339 836 473 868 Samuelis
497 827 686 868 orthodoxiam
707 841 744 868 nil
763 827 948 868 vehementius
966 827 1239 875 eommendat,quam
1259 840 1331 873 quod
1351 839 1374 867 is
1389 840 1416 866 in
1432 840 1527 875 Deghae
1547 839 1707 875 patriarcha:

84 879 213 907 clientela
240 880 312 910 fuit.
336 882 416 917 cujus
440 885 560 913 hominis
585 885 708 913 doctrina
735 885 868 913 catholica
896 893 930 913 ex
957 885 1080 919 ejusdem
1107 885 1219 919 scriptis
1244 885 1382 920 rebusque
1413 886 1497 921 gestis
1518 886 1706 921 cognoscitur.

84 923 209 960 Namque
228 925 317 962 Degha
336 928 446 963 scriptis
466 929 564 957 litteris
584 929 633 965 (et
651 930 759 965 quidem
780 930 861 957 etiam
883 929 917 956 ad
936 929 1115 957 Caelestinum
1142 929 1176 956 ΙΙΙ
1201 930 1320 964 papam)
1347 930 1587 967 Monophysiticam
1602 931 1706 965 5labem

86 971 243 1000 insectatus
262 977 324 1006 est,
345 978 440 1002 coacta
461 981 551 1003 autern
571 977 677 1012 synodo
695 978 769 1004 circa
788 984 850 1004 cum
871 977 959 1012 ipsum
982 985 1097 1009 annum,
1116 985 1171 1012 quo
1190 977 1339 1004 Chronicon
1359 976 1494 1005 Samuelis
1522 977 1706 1020 concluditur.

89 1019 161 1047 duas
180 1021 341 1050 solemniter
361 1022 465 1051 Christi
484 1028 597 1052 naturas
616 1025 651 1052 ab
669 1024 806 1052 Armeniis
826 1025 1040 1060 pronuntiandas
1061 1024 1166 1051 curavit
1196 1024 1241 1059 (e).
1270 1024 1391 1059 Denique
1410 1024 1480 1060 quod
1501 1024 1587 1052 sancti
1607 1019 1705 1051 nomen

85 1066 185 1095 Joanni
206 1067 332 1097 Ozniensi
351 1070 466 1105 largitur
486 1071 598 1099 Samuel
618 1072 658 1107 (ί)
674 1092 683 1104 ,
703 1072 731 1099 ἱη
751 1072 847 1107 primis
864 1071 1005 1099 sciendum
1024 1075 1085 1104 est,
1104 1072 1311 1100 criminationes
1328 1072 1459 1099 adversus
1476 1072 1549 1099 hunc
1569 1072 1705 1098 hominem

87 1115 207 1143 inventis
225 1124 326 1151 nupera
348 1121 426 1144 aetate
447 1117 617 1144 documentis
636 1125 798 1152 magnopere
824 1117 909 1146 fuisse
929 1117 1030 1145 fractas
1043 1137 1050 1150 ,
1072 1117 1253 1152 eumdemque
1273 1125 1287 1144 a
1308 1117 1527 1153 Monophysitica
1547 1118 1708 1153 suspicione

87 1161 233 1188 'iberatum
254 1162 302 1197 (g).
323 1161 356 1188 Et
374 1162 483 1198 quidem
503 1163 530 1189 in
551 1167 670 1190 veterum
698 1163 807 1198 scriptis
833 1163 920 1191 sancti
948 1171 1046 1191 nomen
1075 1163 1165 1191 civilis
1195 1164 1385 1191 tantummodo
1412 1165 1565 1199 privatique
1594 1163 1707 1192 honoris

86 1215 172 1236 causa
193 1209 327 1236 interdum
348 1209 496 1237 tribuitur:
516 1208 636 1237 Joannes
653 1214 742 1237 autem
763 1209 807 1237 hic
825 1209 969 1237 Ozniensis
1004 1209 1031 1236 in
1060 1216 1138 1237 sacra
1165 1209 1356 1236 Armeniorum
1385 1209 1547 1236 Kalendaria
1578 1210 1708 1244 pleraque

87 1264 143 1284 non
170 1261 213 1284 est
232 1258 343 1285 relatus.
365 1257 494 1285 Miramur
511 1258 575 1285 item
597 1258 761 1293 singularem
782 1257 916 1286 Samuelis
943 1257 970 1284 in
998 1257 1123 1293 religiosa
1151 1257 1267 1285 historia
1292 1256 1437 1285 scribenda
1457 1255 1616 1289 tranquillit'
1628 1260 1705 1288 tem,

85 1309 151 1329 cum
171 1306 262 1330 tamen
279 1302 376 1330 Oriens
393 1304 499 1338 magnis
519 1303 668 1330 factionum
688 1303 805 1331 ﬂammis
819 1303 894 1330 omni
911 1307 1033 1338 tempore
1047 1304 1192 1332 exarserit.
1208 1304 1288 1331 Certe
1302 1302 1444 1338 permultis
1458 1301 1706 1329 controversiarum

87 1350 190 1377 harum
211 1351 394 1385 scriptoribus
413 1354 519 1377 tantum
539 1358 611 1386 saepe
629 1350 748 1378 furorem
767 1351 972 1378 dissensionum
992 1355 1076 1378 aestus
1095 1350 1215 1385 ebjecit,
1237 1355 1267 1377 ut
1285 1357 1378 1378 eorum
1404 1352 1507 1376 mentes
1532 1347 1604 1376 haud
1627 1346 1708 1375 valde

85 1394 180 1421 absint
200 1395 235 1421 ab
254 1395 381 1426 insania,
403 1394 503 1422 nedum
526 1394 612 1421 facilis
631 1394 722 1422 aditus
741 1395 848 1422 veritati
877 1395 1056 1430 relinquatur.
1081 1395 1163 1430 Atqui
1187 1403 1255 1430 opus
1279 1399 1321 1422 est
1341 1399 1370 1421 ut
1394 1394 1567 1422 Christianus
1591 1393 1706 1428 quisque

86 1438 216 1471 lenitati,
237 1440 461 1471 mansuetudini,
480 1444 664 1475 praetereaque
679 1440 793 1474 unitati,
807 1441 961 1468 concordiae
976 1444 1003 1468 et
1021 1440 1179 1468 obedientim
1195 1440 1301 1468 studeat
1315 1450 1320 1467 :
1338 1439 1458 1474 alioquin
1476 1439 1618 1466 videamus
1631 1458 1639 1470 ,
1656 1435 1706 1471 per

88 1482 175 1510 Deum
195 1483 395 1512 immortaleml
418 1491 496 1520 quem
517 1484 545 1511 in
563 1484 653 1511 locum
674 1492 719 1512 res
738 1492 833 1513 sacras
852 1488 1031 1520 perventuras
1051 1489 1189 1520 putemus.
1212 1484 1263 1511 Sed
1282 1485 1343 1519 quis
1362 1485 1470 1512 demum
1501 1483 1635 1511 Samuelis
1659 1490 1705 1510 or-

87 1530 246 1557 thodoxiam
267 1538 321 1558 non
339 1539 373 1558 ea
389 1539 421 1558 ea
441 1519 599 1557 narratione
617 1533 777 1563 auguretur,
797 1519 860 1564 qua,
872 1529 1032 1565 Gregorium
1049 1519 1234 1565 patriarcbam
1256 1529 1290 1556 lll
1309 1529 1467 1557 Armenium
1487 1538 1502 1557 a
1521 1529 1704 1556 Romanorum

87 1578 199 1612 regibus
223 1583 303 1613 atque
329 1577 502 1614 pontiﬁcibus
528 1583 635 1603 summo
659 1576 764 1604 honore
790 1576 914 1604 affectum
940 1577 1072 1612 gloriatur
1091 1576 1143 1612 (In),
1174 1583 1292 1611 eumque
1311 1576 1344 1603 ad
1362 1575 1592 1612 Jerosolymorum
1613 1575 1706 1602 urbem

88 1623 244 1658 profectum
257 1645 264 1657 ,
283 1632 297 1651 a
317 1624 423 1651 Latinis
440 1625 477 1652 ibi
496 1625 671 1652 versantibus
689 1624 871 1652 orthodoxum
890 1633 951 1653 esse
967 1625 1120 1660 judicatum
1132 1645 1140 1659 ,
1162 1629 1188 1652 et
1207 1631 1315 1652 summo
1333 1625 1422 1652 studio
1435 1625 1561 1660 onmique
1575 1623 1707 1650 charitate

87 1668 240 1696 dilectum:
261 1677 315 1704 qua
334 1677 364 1697 re
382 1669 498 1697 miriﬁce
516 1670 668 1697 delectatus
688 1669 820 1702 Samuel,
841 1670 904 1698 hinc
925 1671 978 1698 sibi
997 1670 1105 1698 demum
1124 1671 1296 1705 exploratum
1322 1671 1383 1703 ait,
1403 1674 1509 1705 gentem
1535 1676 1611 1696 suam
1637 1676 1707 1695 nun-

87 1723 172 1750 quam
187 1717 311 1751 supremi
329 1716 455 1744 Numinis
473 1716 558 1752 gratia
574 1716 733 1744 excidisse?
750 1717 810 1744 Jam
830 1717 897 1744 illud
917 1721 1025 1753 quantae
1045 1718 1158 1753 justitiaa
1184 1721 1236 1751 est,
1265 1717 1337 1752 quod
1364 1720 1458 1744 narrat
1480 1716 1638 1752 Gregorium
1658 1722 1707 1751 pa-

87 1763 238 1791 triarcham
258 1764 335 1792 valde
353 1764 550 1800 improbavisse
578 1763 769 1791 Armeniorum
794 1764 898 1799 aliquot
922 1765 1098 1792 defectionem
1128 1765 1163 1792 ab
1188 1764 1355 1792 heterodoxo
1381 1773 1462 1800 rege,
1492 1765 1537 1800 qui
1566 1769 1652 1791 tamen
1677 1766 1706 1791 et

86 1810 253 1838 Christianis
272 1811 359 1839 sacris
379 1811 429 1839 ﬁde
456 1811 573 1846 obligata
593 1811 720 1845 favebat,
740 1816 766 1839 et
783 1811 843 1847 jure
863 1813 996 1847 imperare
1024 1812 1165 1840 ridebatur
1195 1812 1256 1847 (i)?
1275 1811 1433 1846 Quanquam
1452 1809 1515 1836 alibi
1537 1808 1706 1836 Saracenicae

84 1857 278 1892 superstitioni
293 1860 320 1884 et
334 1857 471 1892 tyrannidi
501 1865 550 1893 pro
563 1858 661 1885 merito
676 1859 814 1886 maledicit
829 1858 948 1887 Samuel.
964 1860 1076 1892 Quantae
1090 1867 1188 1887 rursus
1204 1860 1370 1887 fortitudinis
1383 1862 1425 1886 est
1438 1879 1445 1891 ,
1464 1857 1535 1893 quod
1550 1855 1704 1883 Graecorum

85 1905 266 1939 principum,
301 1912 416 1940 quorum
437 1904 494 1939 ipse
512 1905 556 1933 vel
573 1909 652 1933 actate
671 1906 714 1933 vel
740 1914 824 1942 prope
849 1907 876 1934 in
901 1907 1002 1935 ditione
1025 1908 1152 1940 vivebat,
1174 1907 1314 1943 perﬁdiam
1334 1908 1362 1934 in
1380 1905 1492 1933 Latinos
1510 1909 1591 1939 atque
1609 1903 1705 1938 impie-

85 1956 174 1979 tatem
192 1951 323 1980 adversus
341 1959 450 1979 causam
470 1950 654 1978 Christianam
673 1955 729 1978 tam
757 1956 850 1987 aperte
872 1953 1035 1980 cundemnat
1059 1952 1130 1988 (j)?
1154 1952 1212 1980 Nisi
1231 1952 1317 1986 forte,
1337 1952 1410 1988 quod
1429 1953 1456 1978 in
1476 1958 1505 1977 re
1528 1949 1610 1977 simili
1636 1948 1705 1975 dixit

87 1997 271 2034 Hieronymus
291 1999 327 2034 (k)
341 2018 349 2030 ,
369 1999 450 2026 timor
469 1997 515 2024 Dei
535 1998 675 2025 hominum
694 1998 817 2026 timorem
837 2000 955 2035 expellit.
980 1999 1097 2027 Omnino
1117 1999 1225 2026 Samuel
1250 1998 1385 2034 ejusmodi
1409 1996 1526 2030 scriptor
1543 1997 1604 2026 est,
1623 2001 1704 2030 quem

84 2045 217 2080 genuisse
235 2045 355 2073 Armenii
374 2046 471 2073 merito
490 2046 652 2081 glorientur,
672 2045 797 2082 Europaei
817 2051 910 2075 autem
928 2055 1002 2075 nunc
1021 2054 1189 2083 cognoscere
1208 2047 1336 2082 gestiant.

124 2163 165 2206 (θλ
183 2163 253 2199 Lege
271 2163 427 2199 Serposium
452 2165 610 2199 Compendia
637 2167 753 2199 Norico,
777 2171 799 2195 ι.
830 2167 850 2194 ll
862 2187 870 2200 ,
925 2202 931 2206 Α
960 2167 996 2202 (g)
1017 2166 1087 2201 Lege
1103 2166 1272 2206 Serposium,
1288 2169 1314 2206 ‘t.
1329 2164 1368 2206 ΙΙ,ἶ
1384 2161 1599 2206 piata}???
1614 2169 1703 2206 55"]ng

85 2207 115 2236 ι).
183 2195 242 2236 gitti.
321 2195 330 2199 ”
517 2195 522 2199 ’
746 2195 751 2199 ’
862 2195 869 2200 ’
925 2195 1043 2236 ἰιθὶῖιῖιυδ
1055 2195 1219 2229 “sermo-nem
1244 2195 1330 2236 ipsius
1349 2195 1493 2228 Oz'niensis
1508 2201 1600 2224 contra
1615 2195 1705 2225 Plion-

122 2234 161 2268 (ἁ)
182 2233 290 2273 ξεῂρος
305 2236 458 2273 compend,
474 2241 494 2263 t.
510 2237 531 2264 ll
543 2257 551 2270 ,
565 2245 591 2273 p.
607 2237 642 2264 46
655 2241 682 2265 et
696 2237 757 2264 454.

287 2259 290 2262 r
305 2236 458 2273 compend,
474 2241 494 2263 t.
510 2237 531 2264 ll
543 2257 551 2270 ,
565 2245 591 2273 p.
607 2237 642 2264 46
655 2241 682 2265 et
696 2237 757 2264 454.
925 2242 952 2264 ta
968 2233 1041 2273 lic-os.

126 2272 163 2307 (ς)
183 2269 286 2307 ᾼίξνευ.
303 2272 351 2307 Ch.
370 2269 432 2299 645.
452 2269 455 2270 ν
566 2269 575 2273 ’

566 2269 575 2273 ’
959 2273 999 2307 (Ιι)
1019 2271 1058 2298 Ad
1073 2279 1119 2300 an.
1135 2271 1185 2307 Ch.
1203 2271 1281 2307 Hté.

124 2304 164 2342 td}
178 2304 224 2342 _Ad
242 2312 287 2342 an.
303 2306 353 2333 Ch.
370 2306 422 2332 495
436 2311 463 2342 et
477 2307 538 2335 5H.
650 2341 667 2342 η
961 2304 997 2342 (ἰ)
1017 2307 1058 2332 Ad
1075 2314 1120 2333 an.
1137 2306 1187 2342 (lli.
1204 2305 1283 2342 “26.

121 2337 159 2378 (ej
177 2337 247 2378 Lege
262 2340 421 2378 Serposhtm
437 2341 592 2377 Compend.,
609 2346 630 2370 t.
647 2341 686 2376 ll,
702 2350 728 2378 p.
745 2342 807 2370 ιω.
1019 2341 1057 2378 Ad
1074 2349 1118 2378 an.
1136 2341 1186 2378 Ch,
1204 2341 1312 2378 1099.9
1326 2339 1395 2378 4450

120 2373 161 2410 (ι’)
179 2373 225 2401 Ad
237 2383 281 2402 an.
299 2373 347 2402 Ch.
367 2376 425 2404 718.
503 2373 507 2377 ’
586 2373 591 2376 ⁷
679 2373 685 2376 ⁷
702 2373 711 2378 ’
961 2373 997 2412 (ir)
1018 2376 1130 2410 Prwfat.
1149 2376 1183 2403 ad
1200 2374 1306 2403 Eusebii
1322 2375 1418 2404 Chron.
1435 2375 1461 2403 in
1477 2376 1541 2405 tino.
