1911 3136
181 153 233 181 607

563 268 1647 281 Ἥ-

711 157 882 190 ΛΡΡΕΝΟΙΧ
904 159 949 186 AD
969 159 1103 187 EUSEBH
1122 160 1330 190 CHRONICON.

697 354 981 433 SAMUELIS
1026 357 1298 435 ANIENSIS

530 499 942 559 SUMMARII
1009 504 1471 561 TEMPORUM

800 619 945 666 PARS
979 621 1185 667 PRIOR.

836 803 1175 852 PROLOGUS.

243 961 248 966 .
270 939 338 966 Cum
356 942 412 965 tres
434 938 461 964 in
483 942 574 973 partes
588 938 746 966 universum
760 939 893 974 temporis
908 948 971 975 spa-
985 945 1008 972 Λ
1022 943 1049 968 et
1066 940 1209 967 ministros
1224 943 1250 967 et
1267 939 1394 966 conscios
1410 946 1517 966 arcanae
1536 939 1687 968 voluntatis
1701 948 1760 968 sua:
1778 941 1815 968 fe-

186 984 254 1010 lium
270 983 353 1010 dividi
368 984 465 1014 soleat.
483 983 510 1010 in
524 984 690 1018 prieteritum
705 983 885 1020 videlicet,-in
902 993 972 1020 pra:-

187 1037 250 1057 scns
265 1033 346 1064 atque
370 1029 397 1056 in
414 1029 546 1061 futurum,
569 1029 694 1057 humana:
718 1034 807 1057 tamen
823 1031 971 1059 voluntatis

187 1075 294 1103 ali'ectio
309 1076 341 1102 ad
364 1075 492 1110 prateriti
515 1075 603 1110 magis
623 1079 705 1110 atque
723 1075 819 1108 futuri,
837 1085 919 1112 quam
938 1077 972 1105 ad

188 1123 329 1158 praesentis
352 1122 536 1157 cognitionem
557 1121 621 1149 ferri
646 1122 762 1149 videtur.
785 1122 844 1150 Jam
866 1123 924 1151 fore
943 1128 972 1150 ιιι

188 1170 321 1197 homines.
340 1170 397 1196 sive
420 1169 491 1197 sacri
519 1169 577 1196 sive
592 1167 710 1203 profani,
733 1169 778 1196 illa
794 1170 885 1204 potius
908 1175 973 1198 tem-

186 1224 252 1250 pora
264 1216 443 1250 inquirerent,
457 1214 553 1242 divina:
566 1222 675 1250 quoque
689 1215 839 1250 Scripturae
853 1224 903 1243 nos
922 1216 972 1244 do-

186 1267 258 1293 cent.
274 1261 492 1297 quandoquidem
508 1261 550 1288 vel
568 1262 634 1296 ipsis
650 1261 831 1289 familiaribus
847 1263 905 1290 suis
917 1263 972 1290 aie-

187 1308 231 1335 bat
253 1307 298 1335 ille
316 1306 446 1334 Viviticus
460 1327 468 1340 ,
484 1317 493 1332 ι
509 1305 566 1334 Non
581 1310 623 1334 est
646 1314 766 1334 vestrum
790 1316 870 1336 nosse
891 1309 972 1337 horas

185 1358 213 1380 cl
223 1353 261 1390 (ί)
275 1357 397 1388 tempora
412 1361 472 1388 qua:
486 1352 565 1380 Pater
577 1354 666 1388 posuit
678 1345 704 1380 in
717 1361 764 1381 sua
781 1358 914 1389 potestate
924 1355 942 1381 '.
960 1364 969 1381 ι

187 1399 264 1432 Quod
283 1399 392 1427 effatum
415 1407 470 1426 non
488 1399 522 1426 de
546 1407 674 1434 supremo
691 1400 780 1427 solum
796 1401 970 1435 exterminio,

186 1445 232 1473 sed
250 1445 284 1473 de
301 1445 470 1480 temporibus
492 1445 619 1473 omnibus
643 1445 747 1473 idcirco
766 1446 971 1481 pronuntiatum

186 1500 266 1520 verax
288 1492 333 1519 ille
348 1491 483 1519 Eusebius
498 1491 535 1518 ait
548 1491 598 1526 (2),
613 1495 642 1518 ut
657 1491 680 1518 si
696 1492 742 1526 qui
760 1496 824 1520 sunt
841 1492 973 1520 curiosio-

187 1546 231 1567 rcs
248 1543 328 1573 atque
352 1539 444 1565 inania
470 1541 635 1568 scrutantes.
662 1538 679 1564 ii
703 1539 797 1573 paucis
821 1539 864 1566 his
882 1539 972 1566 verbis

186 1585 399 1614 deterrerentur,
418 1583 564 1618 quominus
585 1582 739 1610 doctrinam
767 1587 920 1618 temporum
943 1593 973 1612 se

188 1630 296 1665 assequi
320 1637 400 1665 posse
413 1633 488 1657 certa
509 1630 624 1657 scientia
642 1629 821 1658 confiderent.
846 1630 972 1658 Profecto

187 1675 308 1703 divinum
329 1675 379 1701 hoc
393 1674 622 1709 Dominicumque
637 1675 778 1702 oraculum
794 1683 825 1702 eo
838 1676 973 1711 prmcipue

189 1721 301 1749 nomine
312 1721 415 1748 editum
428 1725 482 1752 est,
499 1724 529 1747 ut
541 1728 671 1748 ranarum
682 1729 772 1748 rerum
785 1722 972 1757 exploratores

187 1769 297 1795 incasso
310 1767 402 1795 labore
425 1766 631 1802 supersedeant.
648 1767 714 1800 Qua:
728 1767 800 1794 enim
815 1768 922 1803 Cognita
946 1773 973 1796 et

187 1813 359 1840 considerata
376 1813 505 1840 utilitatis
528 1813 632 1848 aliquid
656 1813 784 1845 ali'crunt,
800 1821 832 1840 ea
856 1814 915 1848 ipse
934 1814 971 1850 (5)

187 1860 281 1886 docuit
297 1859 440 1894 palamque
457 1858 521 1886 fecit
542 1858 570 1886 in
586 1858 753 1894 propheticis
769 1859 857 1892 libris,
873 1859 972 1894 quibus

188 1907 277 1932 οηιιιὶα
301 1913 334 1932 ex
356 1905 451 1932 ordine
474 1905 650 1933 continentur
670 1913 772 1940 usque.
788 1905 821 1932 ad
850 1905 972 1933 dirimunt

189 1950 306 1979 Verbum
333 1959 395 1979 cum
422 1956 520 1978 natura
550 1959 649 1979 carnea
674 1951 862 1986 conjunctum,
892 1956 973 1986 capto

189 1998 267 2025 initio
283 1997 318 2025 ab
331 1997 450 2025 oraculis
466 2004 513 2024 ore
529 1996 613 2024 Musis
627 1996 760 2024 divinitus
775 1997 919 2032 evulgatis.

222 2043 250 2071 ‘2.
269 2043 329 2070 .Iam
344 2051 376 2071 ex
392 2043 516 2078 plurimis
537 2043 597 2077 ejus
615 2043 652 2070 rei
669 2044 760 2071 causis
779 2042 847 2071 duas
866 2047 972 2071 tantum

189 2090 339 2125 prmcipuas
365 2093 460 2116 notare
485 2088 707 2124 sufliciatzquod
731 2089 848 2116 divinant
874 2089 973 2116 scilicet

195 2135 305 2163 Verbum
321 2136 348 2162 in
366 2135 462 2170 primis
484 2135 599 2162 voluerit
623 2143 655 2163 os
668 2143 763 2163 eorum
781 2136 971 2170 comprimere.

189 2181 234 2216 qui
250 2187 392 2208 creaturas
406 2181 540 2216 principio
553 2186 580 2208 ct
599 2181 650 2208 line
661 2185 787 2208 carentes
803 2181 894 2209 dicere
913 2182 973 2209 ausi

189 2231 268 2261 sunt;
288 2227 384 2254 deinde
399 2235 507 2255 eversos
533 2232 644 2263 paterna
671 2227 827 2255 hatrcditate
850 2228 973 2256 homines

188 2281 237 2309 spe
265 2273 362 2301 Letilici
391 2275 523 2302 adventus
549 2275 591 2302 sui
620 2281 766 2301 recreare:
785 2274 974 2309 superioribus

187 2318 367 2346 contiuuatim
386 2320 493 2347 Sicculis
516 2320 695 2347 humanitatis
716 2327 731 2346 a
752 2327 781 2348 se
802 2321 974 2348 assumenda:

189 2366 346 2401 mysterium
362 2366 498 2401 parabolis
511 2367 718 2401 visionibusque
729 2366 911 2399 confirmans;
924 2374 974 2402 po-

188 2416 290 2439 stremo
303 2416 390 2439 autem
404 2413 602 2447 perfectissima
618 2413 732 2440 scientia
747 2413 896 2447 discipulos
907 2421 973 2442 suos

188 2457 324 2490 imbuens.
342 2464 437 2486 sancto
453 2458 555 2493 Spiritu
570 2458 598 2485 in
613 2458 723 2486 eosdem
746 2459 870 2487 immisso
883 2468 890 2487 :
903 2467 974 2495 quos

224 2536 235 2553 ι
253 2536 311 2564 Act.
325 2543 345 2569 ι,
361 2536 387 2564 7.
425 2537 435 2552 ²
454 2535 538 2563 Marc.
550 2543 610 2568 χιιι,
624 2536 668 2563 52.

224 2615 262 2650 (Ι)
282 2614 319 2642 Ita
346 2619 381 2647 et,
397 2622 451 2640 non
469 2614 517 2645 rel,
535 2613 637 2650 habent
651 2613 759 2642 Samuel
780 2615 898 2650 itemque
916 2614 972 2641 Eu—

190 2651 282 2678 sebius
298 2651 324 2677 in
336 2650 543 2685 Prommio,nee
559 2657 611 2676 non
626 2649 789 2677 Armeniaca
799 2651 857 2685 ipsa
873 2649 969 2677 Biblia.

190 2687 224 2713 Δι
238 2685 332 2713 Grzcca
349 2689 376 2713 et
390 2685 486 2712 Latina
502 2684 600 2716 Biblia,
614 2684 661 2711 vel.

225 2720 263 2755 (ᾖ)
284 2721 312 2748 In
329 2721 427 2756 prioris
443 2721 505 2748 libri
520 2719 666 2747 Prommio.

225 2756 262 2782 l"i
284 2756 362 2782 Deus.

306 2766 362 2784 ιιιιε.

237 2757 248 2770 ,.

237 2757 263 2828 ἰζ
283 2757 450 2828 sixtsz'divus
470 2792 629 2828 Gregorius,
653 2792 687 2820 de
701 2798 756 2826 quo
775 2798 850 2823 mox,
873 2790 972 2818 dicitur

189 2826 270 2859 vulgo
290 2826 467 2855 Illumfnator.

226 2861 265 2898 (ξ)
287 2861 399 2898 Yidetur
414 2863 558 2891 dicendum
578 2862 696 2891 Faustus
713 2861 888 2898 Byzantinus.

226 2895 266 2931 (6)
286 2895 424 2925 Obscurus
435 2899 475 2926 rel
484 2903 629 2934 corruptus
635 2895 745 2927 videtur
751 2897 794 2925 hic
807 2897 881 2925 locus
891 2897 917 2924 in
927 2896 973 2924 Sa-

1023 985 1071 1018 cit,
1092 993 1238 1020 rerumque
1258 984 1435 1012 inel‘l‘abilium
1461 991 1572 1019 gnaros,
1594 992 1710 1019 quarum
1737 986 1814 1013 lucu-

1024 1033 1096 1059 lento
1111 1031 1256 1066 splendore
1275 1035 1406 1058 creatura:
1426 1031 1562 1058 universa:
1581 1035 1712 1058 saturatas
1738 1035 1812 1060 sunt.

1023 1078 1153 1106 llomines
1173 1076 1255 1112 igitur
1270 1077 1391 1104 omnium
1416 1084 1507 1104 rerum
1532 1081 1644 1104 naturas
1664 1077 1765 1110 edocti.
1780 1078 1814 1106 de

1023 1123 1177 1158 praitcritis,
1197 1123 1378 1158 praesentibus
1398 1126 1479 1157 atque
1496 1121 1596 1150 futuris
1615 1123 1738 1150 scribere
1762 1131 1811 1159 ag-

1023 1170 1110 1205 gressi
1129 1173 1204 1199 suut.
1223 1172 1317 1204 utpote
1331 1169 1365 1196 ab
1380 1169 1454 1196 illius
1475 1169 1582 1196 veracis
1598 1168 1743 1204 discipulis
1764 1178 1815 1197 no-

1023 1216 1097 1242 tione
1112 1214 1236 1242 veritatis
1258 1215 1352 1242 imbuti
1366 1223 1372 1241 :
1385 1219 1442 1241 tum
1461 1215 1543 1241 etiam
1560 1214 1762 1244 disertissimus
1781 1219 1810 1243 et

1023 1261 1245 1296 sapientissimus
1267 1261 1382 1295 quisque
1398 1260 1431 1288 ad
1453 1261 1631 1289 elaborandas
1651 1261 1740 1296 gentis
1758 1269 1814 1289 sua

1022 1307 1255 1342 cbronographias
1268 1307 1400 1333 incubuit.

1057 1354 1083 1382 5.
1106 1353 1181 1386 Quos
1200 1353 1271 1380 inter
1287 1353 1402 1389 (primos
1424 1353 1537 1388 inquam
1560 1354 1680 1389 itemque
1696 1354 1816 1381 novissi-

1024 1400 1092 1434 mos)
1109 1399 1308 1434 amplissimum
1324 1398 1467 1433 dignitatis
1481 1399 1570 1426 locum
1588 1400 1684 1427 beatus
1699 1400 1745 1427 ille
1761 1399 1816 1426 Eu-

1023 1446 1116 1474 sebius
1137 1445 1276 1473 obtinuit:
1298 1445 1397 1472 deinde
1414 1445 1541 1473 Socrates
1563 1446 1814 1481 historiographus,

1023 1492 1123 1527 aliique
1138 1492 1306 1527 complures.
1324 1490 1429 1524 Nostra;
1445 1499 1525 1526 porro
1537 1493 1625 1527 gentis
1640 1492 1758 1527 primum
1770 1492 1817 1519 aio

1024 1537 1185 1565 historicum
1204 1537 1289 1564 fuisse
1302 1537 1532 1572 Agathangelum,
1545 1538 1592 1572 qui
1609 1538 1731 1573 origines
1742 1539 1813 1564 scri-

1024 1582 1085 1618 psit'
1101 1583 1310 1611 illuminationis
1330 1582 1368 1618 (4)
1392 1583 1584 1611 Armeniorum
1610 1589 1725 1611 curante
1751 1583 1822 1610 divo

990 1620 1008 1648 Β
1024 1629 1166 1665 Gregorio,
1183 1630 1263 1664 cujus
1278 1629 1360 1656 etiam
1377 1629 1536 1657 multimoda
1551 1629 1681 1665 patientia
1695 1630 1819 1657 mirabim

1024 1676 1086 1703 liter
1105 1676 1242 1703 inclaruit.
1268 1675 1385 1703 Secutus
1405 1679 1446 1703 est
1463 1675 1553 1704 Moses
1568 1675 1756 1704 Chorcnensis
1772 1678 1815 1704 bi-

1024 1722 1124 1749 storica
1137 1721 1315 1749 reridicentia
1335 1721 1494 1757 praenobilis
1509 1731 1516 1749 :
1529 1722 1630 1750 deinde
1642 1723 1770 1756 Eliszeus,
1786 1728 1814 1751 et

1023 1766 1143 1794 Lazarus
1168 1771 1195 1794 et
1217 1765 1346 1798 Faustus,
1373 1766 1420 1801 qui
1445 1769 1473 1793 et
1496 1765 1709 1802 Byzantius(5),
1732 1767 1821 1801 paulo

1024 1814 1163 1848 antiquior
1187 1813 1423 1840 historicusznec
1447 1820 1501 1839 non
1526 1812 1669 1839 Heraclius
1697 1820 1713 1839 a
1730 1812 1813 1840 Sebio

1024 1859 1151 1893 episcopo
1171 1858 1297 1885 laudatus
1310 1857 1359 1893 (6),
1381 1862 1439 1885 tum
1463 1862 1490 1885 et
1506 1857 1635 1885 Leontius
1658 1859 1813 1894 presbyter.

1023 1909 1049 1931 et
1063 1903 1210 1934 Sabuhius,
1224 1908 1250 1930 et
1268 1904 1395 1931 dominus
1409 1903 1540 1936 Joannes,
1555 1908 1581 1931 et
1594 1905 1747 1939 posteriore
1766 1906 1813 1932 de-

1024 1957 1098 1976 mum
1111 1953 1191 1976 :elate
1208 1949 1364 1985 Stephanus
1377 1950 1483 1982 doctor,
1505 1955 1687 1984 cognomento
1703 1950 1815 1979 Asolni-

1024 1996 1103 2024 chius
1117 1997 1166 2031 (7).
1182 1995 1271 2031 Atque
1291 1996 1320 2023 hi
1335 1996 1368 2023 de
1392 1996 1474 2024 rebus
1489 1996 1670 2029 Armeniacis.
1693 1997 1816 2032 itemque

1024 2042 1069 2069 alii
1100 2042 1211 2077 plurimi
1241 2041 1276 2070 de
1311 2042 1426 2078 singulis
1454 2043 1600 2078 gentibus,
1639 2044 1816 2072 narrationes

1024 2096 1088 2116 suas
1101 2093 1246 2116 texuerunt
1257 2088 1445 2116 tantummodo
1459 2093 1520 2124 post
1536 2089 1668 2116 Adamum
1683 2090 1815 2125 paradiso

1023 2136 1175 2166 emissum,
1208 2136 1262 2162 vita
1295 2134 1355 2170 ejus
1383 2142 1465 2170 quam
1502 2135 1528 2162 in
1556 2135 1685 2170 paradiso
1721 2137 1814 2171 exegit

1024 2181 1125 2209 omissa
1135 2181 1182 2217 (8).
1201 2202 1208 2209 .
1227 2202 1234 2209 .
1253 2201 1261 2209 .
1277 2182 1317 2209 uti
1333 2181 1464 2209 Dominus
1479 2181 1578 2214 aiebat,
1595 2181 1665 2209 diem
1682 2182 1812 2209 nimirum

1024 2231 1051 2255 et
1066 2228 1172 2257 horam.
1198 2236 1252 2263 qua
1274 2228 1309 2256 sit
1335 2227 1394 2263 ipse
1417 2231 1559 2258 Venturos,
1574 2234 1589 2254 a
1615 2228 1726 2255 nemine
1748 2232 1816 2254 ante

1025 2274 1152 2309 cognosci
1166 2275 1175 2290 ³
1194 2283 1200 2301 :
1217 2282 1277 2309 qua‘
1294 2274 1375 2301 verba
1393 2281 1454 2301 cum
1476 2273 1510 2300 ad
1526 2273 1636 2308 angelos
1658 2272 1814 2308 Filiumque

1025 2321 1113 2356 ipsum
1135 2321 1269 2352 retulerit.
1291 2320 1530 2355 interrogationem
1548 2319 1618 2346 hane
1635 2323 1811 2346 commovet:

1024 2367 1104 2402 Atqui
1132 2367 1155 2394 si
1180 2370 1240 2394 erat
1257 2367 1314 2402 ipse
1338 2373 1484 2398 venturus,
1499 2373 1617 2400 quonam
1640 2365 1711 2393 idem
1734 2369 1814 2400 pacto

1025 2413 1119 2441 horam
1136 2413 1291 2440 nesciebat?
1305 2412 1375 2447 Ergo
1397 2420 1432 2440 ne
1454 2419 1572 2440 interere
1587 2412 1662 2447 ipsos
1684 2410 1818 2440 alliceret.

1024 2459 1052 2487 id
1069 2460 1103 2487 ab
1118 2467 1150 2487 eo
1163 2459 1264 2487 dictum
1281 2460 1416 2487 existimo.

1023 2615 1120 2643 muelis
1133 2614 1286 2642 codicibus.
1303 2614 1380 2647 Quod
1393 2619 1481 2641 autem
1494 2614 1591 2640 merito
1601 2613 1809 2645 mireris,etiam

1026 2649 1180 2685 Stephanus
1201 2650 1376 2677 Asclnichius
1398 2650 1425 2676 in
1452 2657 1508 2677 sua:
1529 2648 1810 2685 IlistoriieVPrommio

1025 2684 1150 2748 euptgem
1163 2685 1237 2712 hunc
1248 2686 1337 2712 locum
1352 2684 1446 2712 eadem
1460 2685 1627 2712 obscuritate
1639 2684 1808 2711 laborantem

1025 2728 1056 2748 ex
1069 2729 1085 2746 ιι
1107 2725 1144 2748 et.

1025 2728 1156 2817 εἰξἚῖἻή
1170 2755 1214 2783 his
1237 2755 1373 2783 Armeniis
1399 2754 1539 2782 historicis
1554 2754 1619 2782 alibi
1642 2753 1808 2789 loquendum

1025 2799 1050 2817 νι
1072 2799 1086 2817 C
1100 2799 1142 2817 Ul'.

1024 2796 1175 2861 Ἣίξὲξυίίοο
1189 2827 1249 2853 loco
1269 2826 1296 2854 in
1312 2825 1497 2855 eniendatiore
1512 2824 1648 2852 Samuelis
1661 2822 1811 2860 exemplari

1026 2860 1150 2888 inuu'ilur
1166 2862 1271 2888 lacuna.
1542 2878 1543 2881 η
