1911 3136
82 153 137 180 609

463 152 637 183 SAMUELIS
653 154 814 183 ANIENSIS
834 153 1005 200 SUPIMARII
1022 157 1213 187 TEilPORUM
1231 158 1321 187 PARS
1339 159 1360 187 1.

1662 160 1713 188 610

122 212 148 240 4.
171 212 228 249 Ego
250 221 316 242 vero
336 214 480 249 imperitia
500 214 670 250 inscitiaeque
692 222 759 242 mea:
780 214 875 242 imme-
889 215 913 244 Δ
926 215 1151 250 deprehenditur.
1172 217 1258 246 Porro
1283 222 1372 246 autem
1396 218 1415 245 ii
1437 222 1562 246 sanctum
1584 217 1714 253 Spiritum

83 266 159 292 mor,
176 262 204 286 te
225 263 354 294 rogante,
375 267 392 287 o
417 259 596 287 sanctimonia
615 260 721 295 fulgens
741 259 872 296 Cregori.

86 305 182 332 studio
206 305 255 332 tibi
271 305 438 341 obsequendi
466 306 599 340 impulsus
623 314 682 333 sum
705 306 738 333 ad
760 314 791 333 ea
815 314 875 341 qua:

85 351 137 379 tibi
157 356 237 379 erant
258 352 285 379 in
300 352 371 380 votis
395 352 550 381 scribenda.
568 353 662 388 Agesis
689 353 772 388 igitur
787 353 875 380 sancti

87 397 210 433 Spiritus
222 405 272 432 ope
286 397 383 430 fretus,
396 405 428 426 ex
442 398 484 426 his
494 399 628 426 historicis
642 399 760 426 breviter
772 407 876 426 seruio‘

85 445 133 472 nis
154 446 205 472 mei
225 446 369 477 rationem,
388 450 467 481 prout
485 450 530 472 tua
545 445 597 473 fert
620 446 766 478 sententia,
781 447 876 473 decor-

87 499 170 527 pam;
187 492 224 518 ita
240 496 330 519 tamen
345 496 374 519 ut
391 500 526 528 nusquam
543 499 558 518 a
574 493 697 520 veritatis
712 492 781 519 calle
794 491 877 520 deﬂe-

88 542 174 564 ctam.
191 537 223 565 Et
237 538 346 573 quidem
362 546 394 566 ex
418 543 472 565 tam
489 539 592 574 ingenti
609 545 722 566 numero
740 538 794 565 duo
809 538 876 564 inihi

89 585 228 620 praecipue
255 585 340 612 facem
368 585 533 620 prtefcrect,
565 585 698 613 Eusebius
725 593 757 612 ac
788 585 878 612 Moses

81 631 286 658 'Chorenensis.
301 630 359 658 Jam
375 639 440 658 vero
461 632 578 666 primum
597 632 706 667 quidem
726 632 760 659 ab
774 632 878 659 Adamo

90 677 237 709 inchoatis,
256 677 378 705 desinam
402 677 428 704 in
450 677 608 705 Noachnvn:
624 679 687 706 hinc
703 678 736 706 ad
758 679 879 706 Abraha-

90 731 166 750 inum
179 730 265 758 usque
274 731 391 758 pergam.
406 723 502 750 Postea
520 724 790 760 chronograpborum
804 733 879 752 more

89 770 187 798 lineari
205 771 310 798 ratione
325 775 443 804 tempore
459 771 492 797 ad
507 778 558 798 nos
572 779 658 806 usque
671 771 804 806 digeram.
825 771 877 799 De.-

90 817 176 852 niqne
192 817 244 843 hoc
259 817 287 843 in
302 824 384 851 opere
401 817 424 844 si
440 824 510 844 vana
533 817 666 852 reject-ro,
684 822 710 845 ct
725 817 879 845 necessaria

89 863 252 897 complexus
273 862 360 896 fuero,
377 870 434 890 rem
457 863 506 891 tibi
527 871 570 891 me
592 867 697 899 gratam
720 871 800 898 spero
817 870 879 890 esse

90 908 240 935 facturum.

124 954 153 981 5.
175 953 279 981 Revera
298 961 531 989 supervacaneum
550 954 676 983 ducimus
695 954 767 982 haud
783 955 880 989 proba»

90 1000 162 1028 biles
186 1000 376 1028 Chaldaeorum
400 1001 529 1029 historias
555 1006 582 1028 et
605 1001 747 1028 barbarica
769 1002 879 1028 nomina

90 1047 332 1082 recitarezquibns
343 1047 365 1075 si
378 1047 439 1083 quis
450 1047 591 1082 indigebit,
604 1052 703 1082 praesto
718 1053 759 1075 est
773 1047 879 1074 mirifici

91 1092 204 1121 Eusebii
225 1094 302 1125 liber.
320 1094 381 1122 sine
398 1101 452 1129 quo
466 1094 651 1129 nosmetipsos
671 1093 743 1121 haud
760 1094 880 1121 scribere

89 1147 173 1174 posse
200 1140 326 1168 fatemur.
351 1139 511 1175 Quanquam
542 1148 637 1174 reapse
664 1139 795 1175 quidquid
820 1140 880 1175 ejus

89 1186 201 1221 gerieris
219 1187 254 1213 ibi
271 1186 402 1222 scripturn
417 1191 470 1220 est,
486 1195 574 1222 neque
590 1187 794 1222 opportunitate
806 1191 880 1215 caret

90 1240 181 1267 neque
207 1232 333 1260 utilitate.
363 1232 420 1260 Etsi
445 1233 516 1260 enim
549 1234 701 1269 peregrinis
723 1234 880 1261 nominibus

90 1279 199 1313 p:iseos
214 1278 307 1306 Patres
327 1278 464 1314 indigitat.
482 1287 672 1314 annorumque
689 1280 809 1307 rationes
831 1280 881 1306 iiii-

90 1325 211 1352 tnaniter
230 1324 380 1352 exuberant
395 1334 401 1351 :
415 1323 525 1351 Patrum
552 1329 642 1352 tanien
665 1333 796 1352 numerus
816 1333 881 1352 con-

89 1371 164 1406 gruit
181 1378 242 1398 cum
258 1371 360 1399 divinis
375 1371 520 1406 Scriptxris
533 1370 581 1407 (9i.
599 1371 658 1397 Alia
673 1371 784 1405 insuper
797 1378 880 1397 causa

91 1417 154 1448 fuit.
174 1418 349 1452 quamobrem
376 1426 408 1445 ea
427 1417 596 1445 referrentur
617 1425 677 1452 quae
703 1418 738 1444 ab
758 1417 811 1444 illis
825 1417 879 1451 .itl)

91 1463 172 1497 quasi
186 1463 386 1490 somniantibus
399 1464 550 1498 excogitata
573 1467 637 1489 sunt
651 1472 657 1489 :
672 1463 735 1497 quia
752 1463 880 1489 nimirum

91 1508 239 1536 Chaldaeus
260 1509 312 1536 fuit
327 1509 510 1541 Abrabanins.
529 1508 643 1544 ejusque
660 1509 778 1544 majores
799 1508 881 1536 Chal-

928 261 1026 290 ducem
1039 263 1140 291 habent
1153 264 1200 298 qui
1210 263 1387 299 Septuaginta
1398 262 1479 292 Viros
1491 267 1632 291 sectantur
1640 262 1696 300 (15)
1706 273 1712 290 :

926 308 1027 343 quibus
1040 317 1091 337 nos
1110 317 1218 344 quoque
1236 310 1418 343 adhaerentes,
1434 318 1502 342 rem,
1520 317 1602 345 quain
1619 317 1715 337 sumus

926 355 1059 390 aggressi,
1073 355 1260 390 expediamus.

1243 421 1358 449 CAPUT
1378 421 1397 449 1.

929 487 1056 520 Quam-tm
1076 489 1144 515 ratio
1160 492 1303 523 temporum
1313 489 1383 523 apud
1396 488 1568 524 Septuaginta
1584 489 1716 524 Interpre-

978 529 1015 551 tes
1029 525 1207 558 perscribatur
1221 525 1253 550 ab
1267 523 1370 551 Adamo
1385 532 1464 560 usque
1475 525 1508 551 ad
1523 525 1662 552 diluvium.

963 591 983 618 l.
1004 590 1115 620 Priscus
1131 592 1212 619 homo
1230 591 1352 619 Adamus
1367 595 1429 626 post
1444 591 1544 618 exitum
1558 598 1573 618 e
1590 589 1717 626 paradiso

929 645 1001 665 anno
1023 639 1110 666 mtalis
1130 645 1218 665 ccxxx
1239 638 1332 673 genuit
1354 636 1466 664 Si-tlnun
1482 645 1514 664 cx
1530 635 1583 663 Eva
1600 637 1717 672 conjuge

928 692 979 711 sua
993 693 999 711 ε
1014 684 1134 719 vixitque
1147 685 1236 711 adhuc
1247 684 1327 711 annis
1338 689 1386 710 nec
1398 690 1484 717 usque
1498 682 1530 709 ad
1542 690 1651 709 cxxxvn
1661 683 1715 717 (16)

928 736 1029 756 annum
1053 729 1204 756 Malalielis.
1229 728 1305 756 Alios
1333 736 1441 763 quoque
1472 727 1566 762 genuit
1595 727 1665 754 ﬁlios
1690 732 1718 755 et

929 775 1010 802 ﬁlias.
1027 774 1100 802 Oblit
1115 774 1203 802 :etatis
1220 782 1293 801 anno
1308 782 1456 802 nccccxxx.

965 821 997 848 11.
1021 821 1122 848 Sollius
1148 829 1235 849 annos
1254 825 1334 849 natus
1356 828 1404 847 ccv
1427 819 1520 855 genuit
1542 818 1661 846 Enosum
1684 822 1718 846 Cx

931 867 1014 894 Alora
1044 867 1114 902 (17)
1146 867 1262 902 coniuge
1287 875 1335 894 sua
1363 875 1370 893 :
1397 866 1520 900 vixitque
1550 865 1639 892 adhuc
1669 872 1718 891 an-

931 914 974 941 nis
1005 921 1091 940 nccvu
1124 920 1211 947 usque
1237 913 1271 939 ad
1295 921 1330 939 xx
1353 920 1454 939 annum
1479 911 1593 938 Euoclii.
1619 910 1719 939 Gcnuit

930 959 1000 986 ﬁlios
1017 963 1044 987 et
1063 959 1141 987 filias.
1160 958 1233 986 Obiit
1248 959 1336 986 astatis
1353 965 1424 985 anno
1437 965 1556 985 nccccxu
1573 957 1638 992 (18).

968 1004 1012 1032 111.
1034 1004 1142 1032 Euosus
1155 1013 1243 1032 annos
1255 1010 1336 1032 natus
1352 1011 1402 1032 cxc
1417 1005 1509 1039 genuit
1525 1004 1673 1031 Cainanum
1684 1011 1718 1030 ex

930 1051 1026 1079 Nuena
1052 1052 1168 1086 conjuge
1187 1058 1235 1078 sua
1253 1060 1260 1079 :
1278 1051 1401 1085 vixitque
1423 1050 1512 1078 adhuc
1530 1050 1610 1077 annis
1634 1057 1718 1077 nccxv

930 1105 1018 1132 usque
1045 1097 1078 1124 ad
1105 1105 1152 1124 LIII
1180 1104 1281 1123 annum
1304 1097 1472 1124 Mathusalae.
1493 1095 1593 1124 Ceuuit
1607 1095 1678 1123 filios
1692 1099 1720 1123 et

932 1143 1014 1170 filias.
1033 1142 1106 1170 Obiit
1122 1143 1211 1170 atatis
1225 1150 1297 1169 anno
1314 1148 1434 1170 occccvd

968 1188 1013 1217 IV.
1034 1189 1172 1217 Caiuanns
1191 1196 1279 1216 annos
1303 1192 1384 1216 natus
1399 1196 1468 1216 ccxx
1492 1189 1585 1223 genuit
1600 1187 1719 1216 Blalalie—

930 1236 982 1264 lem
1012 1244 1051 1263 ex
1073 1235 1204 1263 Malaleda
1231 1234 1347 1270 conjuge
1372 1242 1422 1262 sua
1450 1242 1457 1260 :
1485 1235 1607 1270 vixitque
1630 1234 1720 1262 adhuc

931 1282 1011 1309 annis
1037 1288 1122 1308 occxt.
1158 1287 1245 1315 usque
1276 1281 1309 1307 ad
1340 1287 1421 1307 Lxxxt
1449 1287 1550 1306 annum
1580 1279 1708 1307 Lamech

930 1328 1031 1356 Genuit
1048 1328 1117 1354 titius
1130 1332 1156 1355 et
1174 1328 1252 1354 tilias.
1266 1325 1339 1354 Obiit
1352 1327 1440 1353 mtaiis
1455 1334 1526 1353 anno
1542 1333 1651 1354 nccccx.

965 1372 997 1400 ν.
1019 1372 1134 1400 Malaliel
1149 1380 1236 1400 annos
1251 1375 1332 1398 natus
1348 1378 1416 1398 ccxv
1430 1371 1523 1406 genuit
1541 1370 1669 1397 Jaredum
1685 1378 1719 1398 ex

931 1418 999 1446 Dina
1020 1419 1137 1454 cenjuge
1160 1426 1232 1446 sua:
1254 1419 1373 1453 vixitque
1399 1417 1487 1445 adhuc
1513 1417 1592 1444 annls
1615 1423 1720 1444 Dccxxx

932 1473 1019 1501 usque
1047 1466 1080 1492 ad
1108 1472 1191 1492 vani
1214 1472 1316 1491 annum
1341 1463 1454 1491 Noachi.
1479 1461 1578 1490 Geuuit
1601 1463 1672 1490 [ilios
1693 1466 1721 1489 et

932 1511 1012 1538 tilias.
1028 1509 1101 1538 Obiit
1115 1511 1203 1537 :etatis
1219 1518 1290 1536 anno
1307 1516 1434 1536 ncccxcv.

90 1555 157 1582 dicae
180 1554 324 1589 indigenae,
355 1562 436 1589 quam
459 1563 515 1582 rem
543 1555 610 1582 liber
631 1554 768 1582 Gcnescos
790 1559 881 1590 aperte
896 1568 917 1597 α
970 1556 1013 1584 Vl.
1033 1555 1149 1584 Jaredus
1169 1563 1257 1583 annos
1280 1559 1361 1584 natus
1375 1563 1447 1583 cum
1469 1555 1563 1591 genuit
1579 1554 1720 1581 Enochum

93 1600 263 1635 prodit(il).
279 1600 336 1628 lino
363 1601 414 1627 illa:
439 1601 615 1628 narrationes
644 1601 749 1628 nullum
772 1601 880 1628 veritati

91 1648 283 1675 testimonium
306 1655 361 1674 non
376 1648 562 1683 suppeditant,
579 1657 676 1683 nempe
693 1648 766 1683 quod
784 1649 881 1675 attinet.

90 1694 125 1721 ad
143 1693 290 1726 diluvium,
306 1693 339 1721 ad
357 1694 441 1722 turris
459 1694 609 1729 opiﬁcium,
628 1699 708 1729 atque
733 1694 766 1721 ad
783 1698 881 1722 czelera

91 1748 154 1775 qua:
169 1740 270 1767 ibidem
294 1744 510 1775 consequuntur.
533 1739 582 1772 Ea,
601 1741 719 1776 inquam,
746 1741 815 1767 ratio
831 1739 882 1767 fuit

92 1786 184 1814 beatis
199 1786 252 1813 illis
266 1785 395 1813 Patribus
412 1794 465 1815 cur.
483 1787 539 1813 iure
552 1786 789 1814 commemoranda
805 1792 882 1822 puta-

91 1836 166 1860 rent.
178 1831 262 1860 Nobis
279 1837 370 1860 tamen
383 1840 445 1860 cuin
459 1832 574 1860 istorum
593 1833 795 1861 lucubrationes
809 1834 882 1860 sutli-

92 1886 158 1906 cere
170 1878 324 1909 vidcantur,
338 1886 371 1906 ea
390 1878 505 1905 materia
523 1877 590 1906 satis
603 1878 665 1910 erit,
680 1886 740 1914 quae
755 1879 881 1906 instituto

92 1927 192 1951 nostro
205 1923 343 1951 conducit.

129 1970 157 1998 6.
178 1969 238 1997 lam
253 1970 375 2005 ipsorum
393 1968 592 1997 Chronicorum
608 1969 715 1996 initium
729 1970 764 1998 ab
784 1970 881 1997 Adami

92 2025 108 2045 e
126 2016 264 2052 perbeatis
283 2016 337 2043 illis
352 2016 462 2044 sedibus
479 2018 554 2045 exitu
572 2017 696 2045 seniores
717 2017 755 2044 illi
771 2017 881 2052 sapien-

93 2063 196 2090 tissimi
222 2061 368 2098 petendum
392 2063 639 2099 ceusueruntUS).
663 2063 793 2098 Quisquis
818 2070 882 2091 vero

93 2108 176 2135 aliter
202 2111 330 2142 nugatur,
355 2107 563 2135 diuturnitatem
588 2108 648 2142 ejus
673 2108 808 2135 incolatns
829 2108 881 2136 sibi

93 2161 158 2181 esse
184 2154 352 2188 exploratam
377 2153 526 2187 dictitans;
542 2158 588 2180 aut
614 2154 648 2182 de
672 2154 734 2181 ρωιί
759 2159 787 2182 et
809 2158 882 2182 terra

94 2199 209 2227 conditu
227 2199 371 2226 temeraria
386 2199 474 2226 eil'utit
487 2199 558 2235 (15);
577 2200 651 2232 huic,
674 2200 797 2235 inquam,
817 2207 883 2228 cave

935 1610 967 1630 ex
993 1602 1114 1629 Baraclia
1141 1602 1195 1637 (l9)
1225 1602 1341 1637 conjuge
1367 1609 1415 1629 sua
1446 1610 1453 1629 :
1484 1601 1606 1636 vixitque
1631 1600 1721 1627 adhuc

935 1649 1015 1676 annis
1049 1656 1115 1676 Dccc
1150 1656 1237 1683 usque
1267 1648 1300 1675 ad
1333 1655 1435 1675 cccxxx
1475 1655 1575 1674 annum
1607 1645 1719 1674 Noacbi.

935 1695 1035 1723 Genuit
1051 1695 1121 1722 ﬁlios
1141 1700 1168 1722 et
1186 1695 1265 1721 tilias.
1285 1693 1358 1721 Obiit
1374 1694 1463 1721 aetatis
1481 1701 1552 1720 anno
1573 1700 1718 1720 nccccuu.

971 1741 1026 1768 Vll.
1048 1741 1175 1768 Euochns
1199 1735 1388 1767 anuos-natus
1410 1746 1479 1766 cur
1500 1739 1593 1774 genuit
1614 1738 1721 1765 Mathu—

935 1788 1020 1815 salam
1047 1795 1080 1814 cx
1104 1785 1222 1813 Jadnera
1246 1786 1363 1821 conjuge
1386 1793 1436 1813 sua
1457 1795 1463 1812 :
1488 1785 1609 1820 vixitque
1632 1784 1722 1811 adhuc

935 1834 1015 1860 annis
1034 1841 1066 1861 cc
1088 1842 1094 1860 :
1118 1840 1236 1867 cumque
1260 1831 1316 1859 Deo
1337 1832 1494 1867 placuisset.
1513 1831 1663 1858 translatus
1679 1835 1722 1858 est

936 1887 1008 1907 anno
1047 1887 1133 1906 xxxiii
1163 1877 1303 1905 Lameclii.
1334 1877 1442 1912 Genuit
1472 1877 1540 1904 [ilios
1567 1881 1595 1904 et
1624 1877 1720 1910 ﬁlias;

936 1926 1087 1953 translatus
1109 1929 1151 1953 est
1174 1925 1265 1952 aetatis
1277 1931 1360 1951 "anno
1380 1930 1490 1951 cccsxv.
1503 1923 1544 1950 Ab
1558 1923 1660 1950 Adamo
1675 1931 1722 1951 us-

935 1980 987 2008 que
1003 1972 1037 1999 ad
1052 1971 1191 1999 Enocbuin
1206 1971 1369 1999 translatum
1389 1969 1577 2006 generationes
1590 1978 1625 1997 vn
1643 1970 1722 1997 anni-

935 2026 988 2054 que
1005 2025 1198 2045 ICCCCLSXIVII
1217 2017 1380 2045 conﬂantur.

971 2063 1038 2092 Vill.
1054 2063 1207 2091 Mathusala
1221 2071 1308 2091 annos
1321 2067 1403 2090 natus
1416 2069 1506 2090 ccxvn
1518 2061 1612 2096 genuit
1625 2060 1720 2088 Lamo-

935 2111 1016 2138 cbum
1042 2118 1075 2137 ex
1099 2109 1175 2137 Edna
1197 2110 1314 2145 conjuge
1334 2116 1383 2136 sua
1393 2118 1408 2140 ,ς
1423 2108 1544 2143 vixitque
1560 2107 1649 2135 adhuc
1671 2115 1720 2134 an-

937 2158 981 2185 nis
1004 2164 1101 2185 ncccu.
1124 2157 1173 2184 ilic
1198 2157 1278 2184 annis
1298 2164 1343 2183 xiv
1363 2155 1419 2191 (20)
1447 2155 1550 2183 diluvio
1573 2155 1719 2190 superfuit,

936 2203 1008 2238 quod
1034 2211 1067 2231 ex
1091 2203 1178 2238 ipsius
1203 2203 1264 2229 vitm
1289 2202 1377 2237 spatio
1401 2200 1586 2236 cognoscitur.
1610 2199 1638 2227 In
1661 2200 1721 2227 aliis

94 2246 176 2273 fidem
185 2245 302 2272 tribuas.
316 2244 438 2280 Namque
453 2245 487 2272 ab
504 2252 537 2273 eo
549 2249 680 2280 tempore.
691 2255 745 2281 quo
757 2247 802 2273 ille
820 2253 884 2274 sua-
900 2249 922 2277 D
939 2251 1028 2275 tamen
1043 2247 1244 2283 excinplaribus
1261 2247 1363 2274 vixisse
1377 2247 1456 2273 annis
1474 2250 1612 2281 postquam
1626 2253 1721 2280 genue-

93 2291 210 2318 vissimo
226 2291 288 2318 vitae
301 2298 400 2326 genere
414 2291 515 2319 excidit
535 2292 581 2327 qui
592 2293 647 2327 (14)
664 2292 785 2321 Αιιτιιηυε
803 2300 884 2320 voca-

93 2343 140 2366 tus
157 2343 200 2365 est
216 2337 280 2373 (quo
297 2338 407 2366 nomine
427 2346 522 2366 omnes
533 2341 653 2367 cunctim
670 2340 793 2367 homines
804 2340 886 2375 signi-

95 2386 238 2420 ﬁcantur),
258 2384 335 2418 inde,
359 2385 487 2420 inquam.
510 2389 604 2413 nostra
631 2391 784 2421 temporum
815 2386 885 2413 ratio

93 2431 238 2458 exordium
260 2431 342 2466 cepit.
372 2439 404 2459 ea
425 2431 552 2459 videlicet
575 2440 635 2467 qua:
655 2432 682 2459 in
708 2431 884 2468 Septuaginta

97 2477 225 2504 virorum
246 2478 471 2512 interpretatione
494 2481 537 2506 est
551 2488 558 2506 :
572 2478 643 2513 apud
662 2478 789 2507 Hebraeos
811 2479 883 2506 enim

94 2524 247 2552 discrimen
261 2524 356 2560 ingens
375 2525 403 2552 in
425 2529 577 2561 temporum
600 2527 752 2560 pt'msertiut
770 2534 884 2554 numero

131 2602 171 2637 (9)
192 2601 294 2630 Confer
307 2602 416 2630 Eusebii
433 2602 531 2631 Chron.
550 2601 571 2635 1,
587 2610 619 2635 ii,
633 2602 660 2631 8.

127 2638 186 2672 (10)
207 2637 351 2665 Chaldaeis.

130 2673 189 2705 (Η)
211 2673 311 2701 Euseb.
335 2673 434 2702 Chron.
451 2674 472 2706 l,
489 2681 546 2704 xvi.
561 2673 589 2700 9.

130 2709 190 2743 (12)
210 2708 310 2736 Euseb.
327 2708 425 2736 Chron.
442 2709 462 2737 Ι,
477 2717 532 2738 va.
549 2709 566 2736 5
581 2708 609 2736 ϐ.

129 2745 188 2779 (15)
205 2742 360 2781 [locupacto
375 2745 499 2772 videntur
512 2752 633 2781 peci-are_
641 2745 803 2773 nominatim
819 2745 884 2781 Syn-

93 2781 232 2840 cellq’suet
256 2779 397 2807 Cedrenus
422 2781 450 2807 in
474 2788 588 2807 suorum
614 2779 805 2808 Chronicorunt
829 2779 884 2817 pri-

93 2822 157 2840 nior
179 2822 223 2840 iis.

93 2822 223 2842 HIOI'UIIS.

133 2850 189 2884 (14)
205 2849 297 2876 Codex
313 2857 362 2884 pro
376 2850 420 2884 qui
437 2850 517 2877 habet
532 2854 617 2882 atque.

133 2885 189 2920 (15)
200 2885 366 2913 Conferatur
377 2885 475 2914 Euseb.
495 2884 592 2913 Chron.
612 2886 631 2919 l,
648 2894 701 2920 xu,
719 2886 736 2914 7
749 2891 775 2915 et
786 2887 828 2916 17.

938 2300 979 2322 rut
998 2295 1116 2321 traditur
1135 2301 1290 2321 nccuxxn.
1306 2293 1405 2321 Genuit
1421 2293 1490 2321 tilios
1504 2298 1531 2320 ct
1549 2293 1628 2320 ﬁlias.
1648 2291 1721 2320 Obiit

935 2342 1024 2369 relatis
1038 2348 1110 2368 anno
1123 2348 1277 2368 ocecccxix.

970 2386 1018 2414 1X.
1051 2385 1204 2413 Lamechus
1233 2393 1321 2413 annos
1350 2389 1431 2413 natus
1461 2392 1599 2412 cuxxvm
1628 2384 1721 2420 genuit

936 2432 1078 2460 Nearchum
1103 2439 1119 2459 e
1143 2431 1236 2459 Bedna
1260 2432 1376 2467 conjuge
1398 2439 1448 2459 sua
1464 2441 1471 2458 :
1487 2431 1608 2466 vixitque
1632 2430 1721 2458 adhuc

936 2479 1016 2506 annis
1031 2487 1134 2506 nxxxv.
1149 2478 1225 2505 Patri
1244 2486 1295 2506 suo
1313 2478 1471 2506 Mathusalae
1485 2482 1664 2513 prasinortuus
1678 2481 1721 2504 est

937 2523 1106 2556 Lamachus.
1132 2528 1275 2558 postquam
1308 2523 1414 2551 vixerat
1452 2531 1538 2559 usque
1570 2523 1604 2550 ad
1631 2529 1720 2550 nxxxv

972 2604 1027 2640 (iii)
1049 2604 1125 2630 Alius
1140 2603 1224 2630 codex
1242 2611 1322 2630 cxxx.

970 2641 1026 2674 (l7)
1041 2640 1082 2666 Al.
1098 2639 1171 2669 eod..
1186 2640 1284 2665 Azorn.

971 2676 1028 2711 (18)
1040 2675 1082 2702 ΑΙ.
1107 2675 1180 2711 cod”
1195 2681 1327 2711 ncccccu.

971 2711 1026 2744 (l9)
1042 2711 1084 2747 A_|.
1098 2710 1172 2747 cod"
1195 2710 1332 2747 Bavucha.
1416 2745 1421 2747 _
1665 2741 1682 2747 υ

971 2741 1026 2781 (20)
1053 2745 1143 2772 Codex
1174 2753 1245 2773 unus
1267 2745 1471 2781 oririis.omisso
1497 2749 1626 2781 numero.
1649 2741 1719 2781 alius

934 2778 1065 2809 mendose
1081 2782 1157 2808 annis
1169 2789 1249 2807 Lxxx.
1266 2780 1364 2808 Verum
1385 2780 1541 2812 supputatio
1556 2780 1635 2805 docet
1649 2778 1720 2804 scri-

934 2817 1054 2844 bendum
1077 2824 1133 2844 xiv.
1164 2815 1329 2844 Conferatur
1350 2813 1484 2842 Eusebius
1505 2814 1558 2842 col.
1584 2813 1633 2841 H7
1655 2820 1719 2840 cum

934 2860 962 2879 ιι.
981 2852 1006 2878 1.
