1911 3136
223 142 272 170 σιι

225 253 298 273 anno
316 253 443 272 νεῦιιιιι.

260 289 294 318 Χ.
315 290 441 318 Noachus
456 297 542 317 annos
558 293 639 317 natus
655 297 671 316 ι)
686 290 780 325 genuit
794 289 918 322 Semum,
933 290 1005 318 Cha-

225 343 299 363 mum
327 340 408 370 atque
429 334 554 370 Iapetum
578 342 593 362 e
619 334 766 362 Noemzara
782 335 971 370 conjugesua
996 343 1004 361 ι

224 382 345 416 vixitque
365 380 453 407 adhuc
471 381 550 408 annis
569 388 584 407 c
609 388 695 415 usque
714 380 747 407 ad
769 381 900 407 diluvium
918 389 928 406 .'
946 385 1006 415 post

225 427 354 454 diluvium
386 430 476 452 autem
509 426 588 453 annis
617 433 692 453 cccc.
719 425 791 453 Obiit
819 426 907 453 aetatis
935 433 1006 452 anno

224 478 332 499 uccccc.
356 471 396 498 Ab
418 471 528 499 Enocho
550 472 684 499 translato
709 480 795 506 usque
817 472 851 499 ad
875 472 1005 499 diluvium

223 516 411 552 generationes
447 521 503 543 tres
534 516 652 550 annique
683 524 767 543 uccu
801 521 1004 544 coacervantur.

224 563 264 589 Ab
290 563 394 589 Adamo
425 562 728 598 autcmgenerationes
754 562 857 596 decem.
889 563 1007 598 annique

224 616 363 636 ιιιιεαιιιι.

534 663 648 692 CAPUT
668 664 700 692 II.

225 710 291 747 Opta
318 711 387 737 ratio
419 715 572 747 temporum
591 710 815 747 scribalunap‘ud
838 710 1008 747 Septuaginta

245 744 400 779 Interpretes
414 754 430 772 α
445 744 522 773 sema
539 745 572 772 ad
588 753 685 772 annum
699 745 844 772 Abra/tami
859 744 983 780 primam.

259 790 305 817 Xl.
323 791 419 818 Scmus
428 799 513 818 annos
525 797 605 818 natus
614 798 628 817 c
639 789 924 826 genuitArphaxadem
937 800 1008 821 anno

227 836 314 864 altero
336 841 397 871 post
416 836 547 864 diluvium
572 845 587 864 e
605 835 776 863 Dizaclibade
797 836 911 872 conjuge
933 846 981 865 sua
1001 848 1007 866 :

225 881 346 916 vixitque
361 882 448 909 adhuc
463 883 542 910 annis
559 890 585 910 ι).
600 881 699 909 Genuit
711 881 781 908 ﬁlios
797 885 823 908 et
839 883 918 911 ﬁlias.
934 883 1008 914 Obiit

224 927 311 953 aetatis
327 933 398 954 anno
413 934 455 953 oc.

259 970 315 997 XII.
330 971 506 1006 Arphaxades
517 979 603 1000 annos
616 978 697 1001 natus
710 982 797 1002 cxxxv
810 976 902 1011 genuit
917 975 1007 1003 Salam

223 1023 259 1042 ex
287 1015 391 1043 Rabuia
418 1016 534 1051 conjuge
560 1026 608 1045 sua
635 1028 642 1046 :
669 1019 789 1054 vixitque
814 1021 903 1048 adhuc
929 1021 1008 1048 annis

225 1068 331 1088 ccccni.
360 1061 458 1089 Genuit
481 1062 551 1090 ﬁlios
573 1067 601 1091 et
629 1063 708 1092 ﬁlias.
729 1065 801 1093 Obiit
825 1067 913 1094 aetatis
936 1074 1008 1094 anno

228 1112 361 1132 DXXXVIII.

261 1150 329 1178 XIII.
352 1150 414 1178 Sala
440 1159 526 1180 annos
548 1158 628 1182 natus
646 1161 717 1182 cxxx
738 1156 830 1191 genuit
844 1156 976 1184 Heberum
993 1166 1008 1185 e

226 1195 322 1223 Mucha
332 1197 446 1232 conjuge
456 1205 505 1225 sua
515 1207 521 1224 :
531 1199 650 1234 vixitque
661 1201 750 1227 adhuc
760 1201 839 1229 annis
851 1209 940 1229 ccccvr
952 1203 1007 1238 (2!)

226 1249 314 1276 usque
329 1243 362 1269 ad
375 1251 412 1270 vn
427 1252 527 1271 annum
544 1244 668 1273 Seruchi.
684 1246 784 1275 Genuit
798 1247 868 1276 ﬁlios
882 1252 909 1276 et
927 1249 1006 1277 ﬁlias.

225 1286 297 1315 Obiit
311 1289 398 1316 aetatis
411 1297 482 1317 anno
498 1298 607 1318 oxxxvr.

259 1333 329 1362 XIV.
346 1334 467 1363 IIeberus
486 1344 572 1364 annos
590 1341 671 1364 natus
691 1344 790 1365 cxxxlv
802 1338 896 1374 genuit
911 1339 1008 1367 Phale-

225 1386 286 1407 cum
307 1387 322 1407 e
346 1380 420 1408 Zuba
441 1382 555 1417 conjuge
578 1391 627 1410 sua
653 1393 660 1410 :
680 1384 798 1418 vixitque
822 1384 910 1411 adhuc
931 1385 1009 1412 annis

225 1433 375 1453 ccccxxxiu
387 1435 474 1462 usque
489 1427 521 1454 ad
536 1436 638 1455 xxxvnt
654 1436 754 1456 annum
768 1429 895 1458 Nachori.
910 1430 1010 1458 Genuit

225 1471 295 1498 ﬁlios
305 1475 331 1499 et
345 1472 423 1500 ﬁlias.
440 1472 512 1500 Obiit
526 1474 613 1501 aetatis
628 1481 699 1501 anno
714 1482 815 1502 uvau.

261 1515 319 1543 XV.
335 1516 467 1545 Phalccus
488 1525 574 1546 annos
596 1524 677 1546 natus
690 1526 788 1546 cxxxlv
809 1521 901 1556 genuit
920 1521 1007 1556 Baga-

226 1569 288 1588 vutu
310 1569 325 1588 e
345 1561 425 1589 Ziura
444 1564 559 1598 conjuge
584 1571 632 1590 sua
654 1573 661 1590 :
681 1564 800 1600 vixitque
823 1565 911 1593 adhuc
932 1567 1010 1594 anuis

226 1614 287 1634 ccm
310 1615 397 1642 usque
422 1607 455 1634 ad
470 1615 559 1635 Lxxvn
579 1608 634 1643 (22)
650 1616 750 1636 annum
773 1609 897 1639 Seruchi.
914 1610 1012 1639 Genuit

228 1653 299 1680 ﬁlios
314 1657 341 1680 ct
365 1653 443 1681 ﬁlias.
468 1653 540 1681 Obiit
560 1655 648 1683 aetatis
669 1663 739 1682 anno
758 1662 883 1684 ccchni.
904 1657 1012 1686 Phaleci

225 1704 305 1727 astate
336 1703 408 1727 terra
431 1700 517 1727 divisa
542 1705 584 1728 est
601 1709 607 1727 :
626 1708 688 1728 nam
708 1707 735 1729 et
750 1701 882 1730 Phalccus
898 1703 1011 1731 divisio-

228 1753 290 1772 nem
308 1746 452 1781 signiﬁcat.
468 1745 522 1774 Iste
542 1747 651 1782 quidem
676 1747 744 1783 patri
767 1756 816 1775 suo
834 1754 1013 1783 praemortuus

226 1796 277 1819 est.
303 1790 332 1819 In
355 1792 476 1826 ejusdem
501 1797 607 1820 aetatem
636 1794 718 1821 turris
740 1802 848 1829 quoque
873 1795 1011 1830 opiﬁcium

227 1837 320 1865 incidit
341 1846 348 1864 :
365 1838 482 1873 itemque
502 1838 623 1873 loquelae,
640 1846 700 1873 qua:
716 1845 828 1867 eatenus
843 1848 896 1867 una
914 1841 1010 1874 fuerat,

227 1883 254 1910 in
268 1882 399 1918 plurimas
417 1883 547 1910 dialectos
562 1891 610 1918 pro
625 1891 739 1911 numero
756 1884 875 1911 tribuum
890 1885 988 1912 divisio
1003 1894 1009 1911 :

227 1936 281 1964 qua
325 1937 406 1964 super
438 1937 467 1956 re
501 1937 563 1957 cum
593 1929 685 1957 divina
715 1929 856 1965 Scriptura
886 1931 1012 1958 historici

226 1975 333 2002 externi
353 1976 537 2004 consentiunt.
557 1975 744 2004 Conﬁciuntur
763 1976 854 2012 itaque
877 1985 892 2004 a
910 1977 1012 2005 diluvio

229 2028 315 2055 usque
336 2020 369 2047 ad
397 2021 493 2047 turrim
516 2021 719 2055 procreationes
748 2023 868 2056 quinque
894 2023 1012 2058 annique

227 2073 308 2093 nxxv.
330 2065 371 2092 Ab
390 2065 493 2093 Adamo
517 2071 608 2094 autem
635 2067 837 2102 procreationes
857 2068 1012 2102 quindecim

227 2111 346 2145 annique
360 2117 532 2138 unoccuvu.

262 2155 332 2183 XVI.
349 2155 414 2183 Post
438 2155 582 2184 Phalecum
604 2164 667 2184 vero
687 2156 814 2192 Bagavus
833 2165 919 2185 annos
930 2162 1011 2186 natus

747 140 919 168 APPENDIX
937 140 983 168 AD
999 139 1133 168 EUSEBII
1148 137 1355 167 CIlRONlCON.

223 207 324 228 annum
340 198 453 228 Noachi.
471 199 569 227 Genuit
590 198 660 227 ﬁlios
683 201 709 226 et
726 198 806 226 ﬁlias.
822 198 898 226 Obiit
915 198 1002 226 aetatis
1018 201 1039 228 Α
1053 205 1111 224 ram
1141 205 1174 224 ex
1201 197 1295 225 Iescha
1333 196 1448 231 conjuge
1485 204 1533 223 sua
1564 205 1571 221 :

1794 138 1851 165 ﬁli

1602 196 1723 231 vixitque
1751 197 1850 225 adhuc

1056 243 1134 270 annis
1147 250 1209 270 cxrx
1225 250 1312 277 usque
1325 242 1358 270 ad
1374 251 1436 269 xux
1451 250 1551 270 annum
1566 242 1725 270 Abrahami.
1741 242 1851 271 Genuit

1056 288 1125 315 ﬁlios
1142 293 1169 315 et
1186 289 1264 316 ﬁlias.
1281 287 1353 316 Obiit
1364 289 1451 316 aetatis
1465 296 1537 315 anno
1550 296 1662 316 cxcvm.

1090 332 1160 360 XIX.
1175 333 1263 360 Thara
1279 341 1365 361 annos
1379 337 1460 360 natus
1476 341 1527 361 Lxx
1545 334 1637 369 genuit
1652 334 1849 362 Abrahamum

1056 388 1089 407 ex
1118 379 1194 406 Edna
1218 379 1332 414 conjuge
1357 387 1425 412 sua;
1451 379 1572 414 vixitque
1601 388 1687 415 usque
1713 380 1748 406 ad
1772 388 1851 408 xxxv

1056 432 1157 451 annum
1176 423 1271 457 Isaaci,
1291 431 1387 459 nempe
1408 424 1541 459 superfuit
1564 425 1644 452 annis
1665 432 1766 452 cxxxv.
1794 425 1851 452 Ge-

1055 472 1115 498 nuit
1130 470 1199 498 ﬁlios
1215 475 1241 498 et
1255 471 1333 498 ﬁlias.
1345 470 1418 498 Obiit
1429 470 1518 498 Thara
1533 472 1620 498 aetatis
1633 479 1705 498 anno
1717 479 1782 500 ccv.

1091 515 1151 543 XX.
1175 516 1285 544 Primus
1312 516 1459 544 Abrahami
1484 524 1582 545 annus.
1611 518 1807 546 Conﬁciuntur
1833 527 1849 546 a

1056 562 1158 590 diluvio
1183 570 1269 597 usque
1290 562 1323 589 ad
1345 570 1446 590 annum
1471 563 1588 598 primum
1611 564 1757 592 Abrahami
1783 573 1850 600 pro-

1058 607 1211 634 creationes
1237 615 1333 635 novem
1363 608 1482 642 annique
1506 615 1654 635 acccchu.
1676 608 1717 636 Ab
1739 610 1849 636 Adamo

1058 657 1148 680 autem
1169 654 1374 688 procreationes
1397 661 1441 680 xix
1463 653 1581 688 annique
1604 662 1793 686 IIICLXXIIV,
1811 655 1848 681 ita

1057 704 1088 728 ut
1109 699 1281 727 Abrahamus
1305 699 1332 726 in
1353 699 1481 727 vicesima
1503 701 1692 734 procreatione
1712 701 1759 728 sit.
1783 700 1849 728 Ilaec

1059 746 1167 780 quidem
1194 745 1344 773 secundum
1367 744 1544 781 Septuaginta
1559 745 1686 773 Virorum
1708 746 1849 781 interpre-

1057 797 1195 819 tationem.

1359 848 1473 877 CAPUT
1497 849 1542 877 IIL

1183 894 1221 921 De
1235 895 1353 922 Cainano
1367 899 1391 922 et
1407 895 1468 922 aliis
1481 894 1637 930 quibusdam
1652 894 1721 929 (23).

1095 940 1120 967 Ι.
1141 939 1219 967 llaud
1237 941 1317 975 pauci
1333 941 1474 968 enimvero
1493 940 1700 975 prudentissimi
1719 939 1846 968 historici

1057 987 1091 1013 ad
1109 986 1322 1021 procreationem
1339 993 1526 1021 annorumque
1540 993 1682 1013 numerum
1693 986 1847 1013 Cainanum

1058 1029 1210 1064 adjungunt
1235 1037 1296 1057 cum
1327 1030 1406 1057 annis
1434 1038 1510 1063 cxx;
1545 1037 1661 1065 eumque
1688 1030 1767 1057 aiunt
1796 1030 1848 1057 Ar-

1058 1073 1181 1108 phaxade
1197 1079 1291 1101 natum
1310 1073 1434 1109 Salreque
1448 1078 1598 1110 parentem.
1614 1073 1679 1102 Rem
1696 1078 1788 1101 autem
1805 1075 1841 1101 ita

1058 1119 1218 1147 describunt
1238 1129 1244 1147 ε
1262 1120 1439 1155 Arphaxades
1462 1128 1546 1148 annos
1579 1124 1660 1147 natus
1681 1127 1795 1148 cxxxvn
1815 1128 1846 1147 ex

1058 1164 1162 1192 Itabuia
1190 1173 1274 1193 uxore
1306 1174 1355 1194 sua
1382 1166 1476 1201 genuit
1503 1165 1653 1193 Cainanum
1690 1175 1697 1192 :
1730 1172 1848 1200 cumque

1058 1210 1147 1238 adhuc
1161 1211 1241 1238 annis
1257 1219 1355 1238 ccccul
1370 1211 1490 1242 vixisset.
1509 1211 1661 1239 exstinctus
1673 1215 1727 1239 est.
1748 1211 1848 1239 Cain:-

1058 1263 1110 1282 nus
1125 1263 1211 1283 annos
1227 1260 1307 1283 natus
1323 1263 1374 1283 cxx
1388 1254 1478 1283 Salam
1493 1263 1508 1283 e
1524 1255 1611 1283 Secha
1622 1263 1707 1283 uxore
1722 1263 1773 1283 sua
1785 1263 1847 1283 sus-

1058 1301 1129 1336 cepit
1145 1309 1152 1328 :
1172 1309 1288 1337 cumque
1308 1303 1396 1330 adhuc
1423 1302 1502 1330 annis
1521 1309 1702 1329 cchxxxxvu
1721 1302 1845 1333 vixisset.

1057 1347 1134 1374 obiit.
1150 1346 1235 1376 Porro
1250 1348 1331 1382 hujus
1346 1349 1385 1376 rei
1403 1349 1518 1377 testibus
1534 1352 1647 1376 utuntur
1658 1348 1847 1376 celeberrimis

1058 1393 1280 1428 doctissimisque
1293 1394 1377 1426 viris,
1401 1393 1517 1430 Origene
1537 1395 1641 1422 scilicet
1659 1394 1847 1429 Gregoriooue

1059 1436 1197 1473 Theologo
1214 1443 1294 1473 atque
1307 1438 1458 1474 Epiphanio
1472 1439 1571 1475 Cyprio
1591 1450 1597 1467 :
1614 1440 1668 1467 imo
1687 1439 1758 1466 adeo
1775 1438 1845 1466 Luca

1059 1483 1223 1517 evangelista
1236 1484 1322 1511 sancti
1337 1483 1455 1518 Spiritus
1470 1485 1560 1519 pleno,
1577 1484 1623 1519 qui
1637 1484 1712 1511 illum
1724 1484 1752 1511 in
1770 1491 1845 1511 suam

1060 1528 1244 1563 genealogiam
1269 1529 1358 1556 intulit
1376 1529 1443 1565 (24).
1461 1529 1498 1558 De
1519 1530 1615 1557 horum
1631 1537 1695 1565 ergo
1712 1530 1845 1557 sententia

1060 1570 1230 1598 Abiahauius
1246 1572 1354 1606 quidem
1374 1573 1533 1600 vicesimum
1548 1573 1664 1608 primum
1681 1573 1771 1599 locqu
1786 1576 1847 1607 post

1059 1616 1192 1644 Adamum
1215 1622 1341 1652 occupat.
1367 1618 1478 1646 Summa
1498 1623 1588 1646 autem
1607 1626 1758 1650 annorum,
1778 1626 1847 1653 quos

1061 1661 1194 1690 ELsebius
1224 1664 1258 1690 ab
1283 1663 1388 1691 Adamo
1412 1665 1446 1691 ad
1464 1664 1649 1691 Abrahamum
1673 1671 1845 1690 IIICLXXXIV

1061 1707 1166 1740 scribit,
1182 1708 1215 1735 ad
1229 1715 1365 1735 lMlCCCIV
1382 1710 1533 1743 consurgit.

1095 1753 1122 1780 2.
1143 1753 1257 1789 Insuper
1274 1758 1301 1781 et
1321 1754 1408 1782 Moses
1424 1754 1609 1783 Chorenensis
1630 1755 1845 1792 comparativum

1060 1799 1223 1826 lalerculum
1241 1800 1379 1828 instruens
1398 1801 1523 1836 stirpium
1539 1809 1600 1837 qua
1610 1811 1623 1829 ιι
1636 1803 1724 1831 tribus
1738 1803 1839 1832 Noacbi

1061 1845 1124 1872 ﬁliis
1150 1845 1184 1872 ad
1204 1845 1388 1873 Abrahamum
1413 1855 1502 1882 usque
1529 1848 1698 1883 perlingunt.
1721 1851 1843 1878 eumdem

1061 1891 1242 1925 patriarchatn
1254 1891 1405 1919 Cainanum
1423 1892 1451 1918 in
1467 1900 1546 1920 suam
1561 1893 1703 1921 historiam
1721 1895 1844 1923 inseren-

1060 1936 1124 1963 dum
1146 1937 1267 1969 curavit,
1293 1941 1421 1972 quartum
1439 1945 1452 1965 a
1471 1938 1582 1966 Noacho
1605 1943 1633 1967 et
1652 1948 1667 1967 a
1687 1940 1769 1969 Semo
1790 1945 1842 1970 ter-

1063 1983 1129 2009 tium
1148 1991 1154 2009 :
1173 1983 1321 2019 eademque
1341 1985 1447 2012 ratione
1470 1984 1581 2012 Thiram
1604 1993 1619 2012 a
1634 1985 1746 2014 Noacho
1762 1995 1842 2022 quar-

1061 2031 1129 2059 tum,
1155 2029 1266 2055 tertium
1297 2034 1387 2056 autem
1416 2037 1431 2056 a
1459 2029 1571 2057 labetho
1597 2039 1604 2057 :
1639 2035 1697 2058 tum
1729 2032 1844 2067 denique

1062 2072 1247 2100 llestraimum
1279 2078 1406 2108 quartum
1437 2082 1452 2101 a
1480 2074 1611 2109 Noacho,
1638 2076 1802 2113 tertiumque
1828 2086 1843 2104 δ

1061 2118 1163 2146 Chamo
1182 2119 1256 2146 dicit.
1273 2119 1331 2153 Qua
1347 2120 1380 2147 de
1392 2128 1422 2147 re
1438 2120 1508 2148 idem
1522 2121 1611 2149 Moses
1625 2121 1776 2150 historicus
1795 2123 1842 2150 hoc

1061 2168 1141 2198 pacto
1160 2165 1255 2192 scribit
1275 2165 1331 2202 (25)
1347 2174 1356 2194 :
1376 2175 1384 2192 ι
1403 2166 1525 2193 Arduum
1546 2167 1650 2196 scilicet
1668 2175 1740 2200 esse.
1763 2170 1842 2197 ratio-

228 2209 316 2230 cxxxv
331 2203 424 2237 genuit
439 2202 589 2229 Seruchum
600 2211 615 2230 ο
629 2202 698 2230 Sura
715 2205 828 2238 conjuge
841 2211 890 2231 sua
908 2213 913 2230 :
931 2205 1010 2232 vixit-
1026 2210 1047 2238 ῐ)
1062 2217 1123 2237 nem
1152 2214 1304 2246 temporum
1342 2213 1404 2240 inde
1429 2221 1516 2248 usque
1543 2214 1591 2242 abs
1624 2222 1715 2241 rerum
1741 2217 1844 2251 origine

228 2255 282 2282 que
313 2249 402 2275 adhuc
426 2250 504 2275 annis
524 2255 594 2275 ccvn
625 2256 712 2283 usque
736 2249 768 2275 ad
793 2257 884 2276 Lxxvn
908 2257 1009 2277 annum

228 2292 356 2320 Nachori.
375 2292 474 2320 Genuit
495 2293 565 2321 ﬁlios
589 2297 615 2321 et
640 2293 720 2322 ﬁlias.
740 2294 812 2322 Obiit
832 2296 919 2322 aetatis
939 2303 1010 2323 anno

228 2346 343 2366 CCCXL“.

264 2383 342 2410 XVII.
365 2383 502 2412 Seruchus
514 2392 600 2413 annos
615 2390 695 2413 natus
709 2393 780 2413 cxxx
799 2387 890 2421 genuit
905 2386 1011 2414 Nacho-

229 2438 289 2458 rum
306 2438 320 2458 e
336 2430 437 2458 Meleha
455 2432 570 2466 conjuge
591 2439 639 2459 sua
657 2441 664 2459 :
681 2433 800 2467 vixitque
819 2433 909 2461 adhuc
930 2434 1010 2461 anuis

228 2485 259 2505 cc
281 2485 366 2511 usque
389 2477 420 2504 ad
439 2485 463 2504 LI
481 2485 580 2504 annum
605 2478 759 2506 Abrahami.
783 2478 882 2506 Genuit
899 2480 968 2507 ﬁlios
983 2484 1010 2507 et

229 2524 307 2550 ﬁlias.
322 2523 396 2550 Obiit
411 2524 499 2551 aetatis
516 2531 587 2550 anno
601 2531 715 2552 cccxxx.

263 2568 356 2596 XVIII.
371 2569 513 2596 Nachurus
532 2577 618 2597 annos
638 2575 718 2598 natus
733 2578 816 2598 Lxxix
831 2572 924 2607 genuit
938 2571 1010 2598 Tha-

299 2668 321 2700 Ι)
334 2668 375 2696 Al.
388 2669 462 2700 cod.,
477 2677 641 2698 cccccxxxx.

294 2704 320 2736 Ξ)
337 2705 376 2730 .\l.
390 2705 461 2734 βοά..
479 2713 558 2732 Lxxv.

265 2739 321 2774 (:25)
338 2739 402 2765 Exin
417 2741 535 2774 cupitum
557 2740 649 2767 titulos
663 2749 712 2768 nos
728 2741 868 2768 addemus.

267 2772 321 2810 (2t)
337 2774 402 2800 Cum
419 2772 468 2801 nos
487 2774 637 2802 Samuele-n
655 2777 748 2810 paucis
763 2777 906 2803 admodum
929 2778 1009 2805 adno-

231 2808 377 2847 tationibus
392 2810 580 2837 illustratidinn
591 2808 798 2845 sumpsernnus,
814 2813 884 2846 quod
900 2813 1007 2847 quidem

232 2841 265 2867 ad
280 2843 351 2870 hunc
364 2844 496 2872 l'amOsum
514 2847 547 2874 de
565 2841 686 2874 Caiuano
700 2841 1008 2882 locuiu‘aitinct,llecto-

265 2668 293 2704 (2

265 2704 291 2730 12

1060 2255 1227 2289 exploratam
1255 2257 1355 2284 habere
1384 2262 1466 2292 atque
1489 2258 1616 2293 colligere
1638 2267 1646 2285 :
1671 2260 1757 2287 multo
1781 2269 1843 2288 vero

1061 2300 1205 2332 dillicilius,
1222 2301 1294 2336 ipsas
1315 2302 1447 2329 hominum
1464 2303 1628 2338 propagines
1646 2310 1842 2339 consequenter

1061 2353 1076 2372 a
1090 2346 1175 2373 tribus
1190 2346 1291 2374 Noachi
1306 2348 1398 2375 liberis
1411 2349 1602 2383 pervestigare.
1619 2349 1840 2386 Quandoquidem

1061 2394 1088 2417 et
1103 2392 1200 2418 divinae
1216 2392 1319 2423 littera.
1337 2392 1440 2419 delecta
1455 2400 1497 2424 ea,
1511 2401 1570 2427 quae
1587 2394 1618 2420 ad
1635 2401 1664 2421 se
1679 2395 1836 2428 pertinebat,

1062 2435 1134 2463 Serui
1145 2438 1282 2472 prosapia,
1296 2438 1463 2472 reliquarum
1478 2439 1579 2465 nullam
1591 2441 1722 2466 rationein
1741 2440 1836 2468 habue-

1060 2488 1132 2509 runt.
1153 2487 1281 2517 tauquam
1295 2488 1445 2517 spretarqu
1457 2485 1579 2511 videlicet
1595 2492 1682 2519 neque
1698 2484 1835 2519 dignarum

1060 2534 1119 2561 qum
1134 2528 1159 2553 in
1174 2528 1305 2554 orationis
1317 2536 1372 2555 sum
1382 2532 1482 2556 textum
1497 2529 1705 2556 inserereatur.)
1720 2529 1834 2557 Rursus-

1060 2581 1113 2608 que
1129 2574 1166 2600 ait
1183 2582 1190 2600 :
1209 2583 1218 2599 ι
1240 2573 1313 2601 Licet
1323 2575 1349 2601 id
1364 2574 1390 2601 in
1407 2575 1481 2602 nullo
1497 2575 1728 2609 interpretationis
1741 2580 1834 2602 nostra:

1060 2685 1106 2704 res
1121 2681 1231 2704 nostros
1245 2675 1278 2702 ad
1298 2675 1447 2703 Cahnctum
1465 2676 1490 2702 in
1505 2674 1568 2702 Cen.
1586 2683 1613 2705 x,
1631 2674 1677 2705 ει,
1691 2679 1719 2701 et
1733 2675 1765 2701 ad
1782 2673 1833 2700 Mil-

1061 2712 1125 2738 liurn
1143 2713 1168 2738 in
1184 2711 1248 2738 an.
1266 2718 1306 2740 ιιι,
1321 2711 1365 2740 56,
1379 2712 1492 2738 libenter
1504 2711 1671 2744 ahlegatnus.
1687 2710 1756 2744 apud
1770 2716 1832 2743 quos

1059 2752 1086 2774 et
1112 2748 1194 2780 prisci
1211 2745 1306 2774 Patres
1325 2750 1351 2773 et
1370 2745 1493 2774 hodierni
1516 2745 1606 2772 critici
1621 2746 1728 2772 abunde
1747 2745 1831 2780 dispm

1059 2786 1127 2813 tant.

1096 2815 1151 2851 {25)
1169 2816 1241 2844 Hist.
1259 2825 1278 2850 I,
1292 2816 1318 2844 ι.
