1911 3136
61 128 113 156 615

57 185 209 220 exemplari
225 190 366 214 exaratum
381 192 519 219 occurrat,
535 194 623 221 neque
644 187 671 214 in
690 187 745 214 ullo
763 186 851 214 Chro-
865 189 891 218 Α

57 234 123 259 nico
138 236 230 259 exstet
241 252 247 263 ,
265 236 443 267 ρι’πιειηιιςιιη
459 233 529 267 apud
552 232 688 260 eruditum
705 233 850 267 quemdam

57 278 291 313 ingeniosumque
326 277 424 314 Syrum
471 278 634 312 hominem;
672 279 850 306 nihilominus

57 324 144 359 plane
164 324 246 352 nobis
272 329 407 352 constare
425 324 611 352 Mestraimum
634 325 758 353 eumdem
790 333 852 353 esse

56 372 143 404 atque
162 368 351 400 Mezraimum.
376 369 422 404 qui
444 369 553 404 quidem
578 369 712 405 (Egyptus
734 370 850 403 videtur,

56 415 98 440 nti
127 412 283 442 Nebrothus
311 414 391 441 Belus
414 419 466 442 est.
491 424 501 441 ι
526 414 586 441 1am
602 419 628 443 et
651 415 747 443 barum
769 417 852 443 trium

50 459 184 495 gentium
200 460 241 488 sic
255 460 416 488 latercalum
430 461 539 496 digerit.

115 504 215 533 Semus
253 525 262 533 .
300 525 309 533 .
346 505 466 534 Chamus
490 527 497 534 .
537 526 544 533 .

111 552 309 588 Arpbaxades.
345 552 453 581 Chusus
490 573 498 581 .
537 573 546 580 .

110 598 262 626 Cainanus.
304 618 311 624 .
349 597 522 625 Mestraimus
543 617 549 624 .

111 643 178 671 Sala
207 662 215 670 .
254 663 262 670 .
301 663 309 669 .
347 643 502 672 Nebrothus
540 665 547 671 .
587 666 593 672 .

584 527 591 533 .
628 506 768 535 Jabethus.

586 572 594 580 .
632 553 776 582 Gamerus.

589 619 597 627 .
636 599 729 626 Thira.

632 644 815 680 Tborgomus.

115 689 260 717 lleberus.
301 710 309 717 .
348 689 446 717 Babius
491 710 499 717 .
537 710 546 717 .
585 711 591 718 .
631 690 742 719 Haicus.

110 735 257 764 Phalecus.
299 755 307 761 .
346 736 448 763 Anehis
492 758 497 763 .
538 757 545 764 .
585 756 591 763 .
630 736 808 764 Armenacus.

112 781 260 817 Ragavus.
300 803 307 810 .
345 782 461 810 Arbelus
490 802 498 811 .
536 803 544 810 .
584 803 592 810 .
628 783 747 811 Armais.

112 828 264 856 Seruchus.
304 849 310 856 .
349 829 472 856 Chaaalus
493 848 500 855 .
539 848 547 856 .
586 848 594 855 .
632 829 753 857 Amasia.

111 873 268 903 Nachorus.
301 895 308 902 .
345 874 461 902 Arbelus
491 895 498 902 .
537 895 545 902 .
585 894 592 902 .
631 868 799 903 Gelamus.‘

111 918 214 947 Thara.
255 939 263 947 .
299 941 306 947 .
345 920 451 949 Ninus.
490 941 497 948 .
536 941 543 948 .
582 940 589 948 .
628 920 739 948 Harma.

116 965 308 994 Abrahamus.
346 966 446 1002 Ninyas
491 987 499 994 .
538 987 545 994 .
587 987 593 993 .
630 966 758 994 Aramns.

93 1011 121 1038 3.
149 1010 252 1039 Deinde
264 1011 338 1038 addit
357 1021 364 1039 :
390 1021 399 1037 ‹
420 1012 447 1039 ln
462 1012 557 1040 Cbami
580 1012 689 1048 quidem
708 1019 795 1046 usque
818 1011 853 1038 ad

59 1056 160 1083 Ninum
175 1057 306 1092 progenie
325 1064 422 1088 annos,
437 1057 538 1092 quibus
551 1058 667 1093 quisque
682 1057 848 1092 procreavit,

59 1109 198 1136 nusquam
220 1109 367 1136 expressos
382 1101 506 1137 reperiri.
527 1103 567 1130 vel
589 1102 621 1129 ad
638 1109 688 1129 nos
705 1106 780 1130 certe
795 1110 851 1130 non

58 1147 221 1182 pervenisse
237 1155 243 1174 :
261 1151 317 1173 tum
334 1150 361 1174 et
383 1147 417 1175 de
431 1147 545 1174 .lahetlio
558 1152 653 1175 nostro
667 1148 734 1175 satis
748 1153 852 1175 certum

58 1192 127 1218 nihil
149 1191 245 1224 tradi;
271 1192 448 1220 nihilominus
469 1195 621 1226 expositum
644 1193 741 1220 harum
768 1193 852 1220 trium

57 1237 227 1264 familiarum
244 1246 330 1273 genus
344 1242 457 1266 eatenus
473 1246 534 1266 esse
554 1239 738 1271 verissimum,
758 1244 853 1274 quate-

58 1290 110 1310 nus
134 1283 342 1317 procreationes
367 1283 492 1311 undecim
516 1289 581 1312 sunt
601 1292 688 1319 usque
710 1285 743 1312 ad
764 1284 852 1312 Abra-

58 1328 191 1359 hamum,
229 1327 344 1364 Ninyam
377 1334 458 1365 atque
478 1329 618 1358 Aramnm.
650 1331 745 1360 Arzeus
779 1334 852 1360 enim

54 1375 253 1402 duodecimum
276 1375 364 1402 locum
386 1377 490 1404 obtinet
502 1378 694 1414 posteriorque
705 1377 775 1406 Nino
786 1383 827 1407 cst
842 1388 849 1406 :

57 1420 187 1456 idemque
203 1421 302 1448 acerba
316 1426 394 1449 male
415 1427 528 1450 mortem
545 1423 612 1450 obiit
634 1431 648 1450 a
672 1423 852 1452 Samiramide

58 1474 158 1495 caesus.
181 1476 193 1493 ι
213 1467 251 1495 De
266 1467 308 1495 bis
323 1472 415 1495 autem
434 1468 505 1495 haud
522 1473 564 1496 est
578 1477 628 1496 cur
642 1470 786 1505 quisquam
801 1471 851 1497 du-

58 1512 224 1540 bitationem
249 1521 303 1548 prze
326 1521 355 1541 se
374 1513 452 1541 ierat.
470 1513 574 1549 Quippe
604 1514 641 1541 ait
663 1524 670 1541 :
700 1524 709 1540 ‹
727 1515 851 1543 Certiora

58 1566 177 1593 quzeque
193 1566 226 1586 ex
242 1559 325 1586 variis
339 1559 461 1587 historiis
479 1567 527 1594 pro
544 1560 614 1587 virili
631 1564 708 1595 parte
729 1561 853 1596 decerpsi

58 1611 122 1638 quae,
139 1612 155 1631 a
179 1605 289 1631 nemine
309 1605 442 1639 prudente
453 1610 640 1640 oppugnatum
659 1606 691 1633 iri
707 1611 783 1641 puto,
801 1607 854 1635 nisi

59 1649 146 1683 aliqui
169 1648 239 1676 forte
258 1649 377 1676 veritatis
393 1650 598 1685 exstinguenda:
610 1651 759 1686 cupiditate
778 1652 854 1679 labo-

60 1694 200 1729 rantzqui
217 1695 240 1722 si
254 1695 300 1729 qui
316 1700 390 1728 sunt,
406 1696 495 1723 isthoc
511 1696 618 1731 quidem
631 1705 661 1725 se
677 1702 756 1733 pacto
768 1706 856 1734 quan-

60 1744 119 1767 tum
131 1740 199 1767 libet
215 1740 362 1768 oblectent.
379 1750 388 1767 ι

95 1785 124 1812 4.
149 1784 206 1812 Nos
225 1785 308 1821 igitur
328 1786 384 1821 jam
406 1787 470 1815 inde
491 1794 506 1813 a
527 1787 616 1815 tribus
637 1788 741 1817 Noachi
761 1789 854 1818 liberis

60 1838 150 1866 usque
186 1831 221 1858 ad
253 1831 339 1860 divini
366 1832 447 1861 Verbi
476 1834 670 1862 revelationem
694 1835 853 1871 singillatim

60 1877 186 1905 scribere
209 1877 364 1911 ordiamur,
385 1879 503 1914 primum
525 1880 635 1915 quidem
660 1879 732 1908 Semi
754 1889 854 1916 propa-

59 1924 165 1960 ginem,
190 1923 288 1951 deinde
313 1923 422 1956 Chami,
439 1929 579 1960 postremo
602 1925 715 1954 labethi.
731 1926 852 1959 Scmum,

59 1968 167 1997 Noachi
189 1973 283 1996 natum
309 1970 470 2004 maximum,
492 1975 587 2005 gentes
612 1976 713 1999 extera:
737 1971 853 2000 Zcruani

60 2015 176 2042 nomine
189 2014 331 2047 denotant,
350 2014 485 2043 Cbamum
501 2015 603 2048 Titani.
626 2017 767 2044 labethum
784 2017 853 2053 lapi-

59 2060 154 2088 tostis.
176 2059 268 2095 Neque
286 2060 329 2088 liis
351 2061 451 2094 solum,
468 2070 560 2089 verum
576 2063 658 2090 ctiam
679 2063 790 2099 reliquis
806 2071 853 2099 pa-

60 2106 193 2134 triarchis
206 2112 285 2142 capto
304 2107 382 2134 initio
396 2107 430 2134 ab
444 2108 547 2135 Adamo
561 2109 714 2138 inconditas
734 2111 853 2146 appella-

61 2153 152 2180 tiones
174 2151 312 2187 adinguut.
335 2156 418 2188 atque
440 2161 573 2181 annormn
595 2163 739 2182 numerum
757 2156 852 2183 unius-

474 126 648 155 SAMUELIS
667 127 825 156 ANIENblS
845 127 1014 156 SUMMARH
1033 127 1227 156 TEMPORUM
1246 127 1335 155 PARS
1353 126 1373 156 Ι.

1638 127 1691 156 θη

938 186 982 214 Vl.
1030 186 1143 215 Jaredus
1175 207 1182 215 .

938 232 993 260 \‘ll.
1029 233 1156 261 Enoclius
1173 255 1180 261 .

1223 208 1230 215 .
1267 208 1273 214 .
1312 187 1441 215 Davonus
1455 188 1526 216 saris
1538 196 1565 216 ι.

1220 255 1226 262 .
1267 254 1274 260 .
1313 233 1690 264 Evendoracbussarisxvtlt.

938 279 1005 306 Vlll.
1029 280 1181 307 Mathusala
1219 299 1227 308 .
1266 301 1272 308 .
1311 280 1505 316 Amempsinus
1521 281 1592 308 saris
1608 289 1635 308 x.

937 324 982 352 IX.
1025 325 1176 353 Lamecbus
1214 345 1222 353 .
1262 345 1270 352 .
1309 325 1427 353 Otiartes
1443 326 1513 354 saris
1527 335 1585 354 rm.

938 370 971 399 Χ,
1023 371 1162 399 Noaclius.
1214 391 1222 398 .
1265 391 1271 396 .
1314 371 1464 399 Xisutbrus
1477 372 1636 399 sarisxvnl.

940 415 1098 444 Universum
1128 417 1222 443 decem
1256 416 1353 443 horum
1376 425 1468 452 regum
1494 421 1600 444 aetatem
1620 417 1691 445 saris

902 465 1011 489 centum
1027 461 1120 497 viginti
1132 462 1275 495 deﬁniunt,
1289 469 1349 496 quae
1359 466 1423 489 sunt
1440 470 1572 490 annorum
1589 463 1691 498 myriao

903 506 952 535 des
976 512 1031 535 tres
1049 516 1133 542 supra
1155 508 1336 543 quadraginta
1353 513 1540 543 praetereaque
1557 507 1598 536 bis
1615 509 1691 535 mille

904 554 978 581 anni.
1004 553 1065 581 llaec
1091 554 1304 589 historiograpbi
1324 553 1525 582 Chaldaeorum.
1549 554 1604 583 Nos
1625 561 1692 582 vero

904 599 1015 627 incertis
1030 600 1072 627 his
1087 599 1288 634 praetermissis,
1301 598 1490 634 aggrediamur
1501 599 1535 626 ad
1545 599 1690 626 dicendum

905 652 964 679 qua
980 645 1066 672 divini
1083 645 1144 671 libri
1161 645 1212 672 hoc
1227 649 1306 680 pacto
1321 643 1443 671 tradunt.

1207 712 1322 740 CAPUT
1337 712 1382 740 IV.

1114 767 1237 796 Gentium
1254 768 1395 796 divisiones
1408 768 1477 805 (‘37).

941 825 967 852 Ι.
984 824 1065 853 Semo
1078 826 1209 861 progeniti
1220 830 1284 855 sunt
1294 827 1415 862 quinque
1431 826 1508 854 liberi
1527 835 1534 853 :
1549 824 1660 854 Elamus
1673 833 1691 853 α

868 860 891 890 Β
904 879 959 906 quo
971 860 1107 905 Elamitae;
1121 860 1237 906 Asurus,
1253 860 1330 908 aquo
1339 860 1444 908 Assyrii
1456 881 1464 905 ;
1476 872 1663 908 Arphaxades,
1675 880 1691 900 a

904 926 958 953 quo
967 917 1084 946 Chaldai
1095 918 1215 953 ;Ludus.
1228 927 1243 946 a
1254 927 1308 955 quo
1317 919 1382 955 Lydi
1400 919 1456 955 (28)
1469 929 1477 952 ;
1492 919 1609 955 denique
1623 920 1693 946 Ara-

904 973 976 996 mus.
989 973 1004 992 a
1021 973 1075 1000 quo
1093 966 1208 994 Aramaai
1220 966 1266 1002 qui
1279 966 1359 993 etiam
1374 964 1434 1001 Syri
1450 966 1614 992 vocitantur.
1624 966 1692 991 Ara-

904 1011 941 1038 mi
956 1010 1034 1038 liberi
1052 1015 1132 1039 sunt:
1146 1011 1213 1042 Hus,
1226 1019 1240 1038 a
1256 1020 1310 1047 quo
1322 1011 1404 1047 Lagi;
1418 1010 1497 1043 Enul,
1511 1018 1527 1037 a
1544 1018 1598 1046 quo
1618 1009 1693 1037 Enu—

904 1057 952 1091 lii;
969 1057 1069 1090 Gader,
1088 1065 1103 1084 a
1124 1066 1178 1092 quo
1196 1057 1350 1093 Gasplieni;
1366 1057 1522 1089 Mosocbus,
1536 1065 1551 1083 a
1566 1063 1620 1091 quo
1637 1055 1694 1082 Μο-

904 1103 973 1132 scni.
992 1103 1234 1136 FiliiArpbaxadis
1251 1104 1343 1136 :Sala,
1361 1105 1441 1139 cujus
1470 1103 1541 1131 illius
1559 1102 1693 1136 Heberus,

904 1156 919 1175 a
931 1156 986 1184 quo
1000 1148 1106 1176 Hebraei
1126 1149 1193 1185 (‘29).
1212 1148 1272 1176 Filii
1297 1149 1394 1177 lleberi
1412 1159 1419 1177 :
1441 1149 1586 1180 Pbalerus,
1603 1155 1618 1175 a
1638 1155 1693 1183 quo

903 1195 988 1230 stirps
1013 1195 1161 1222 Abrahami
1198 1195 1387 1230 componitur;
1418 1194 1566 1226 Jectanus.
1593 1202 1608 1222 a
1637 1201 1693 1229 quo

903 1245 1032 1268 creantur
1045 1241 1122 1268 liberi
1139 1241 1290 1268 tredecim:
1313 1249 1431 1276 quorum
1460 1245 1526 1268 natu
1557 1240 1693 1267 maximus

903 1285 1080 1318 Elmodadus,
1098 1294 1113 1313 a
1133 1293 1187 1322 quo
1204 1285 1262 1312 lndi
1277 1295 1284 1319 ;
1300 1290 1356 1313 tum
1384 1286 1509 1317 Salecus,
1527 1293 1541 1312 a
1561 1292 1616 1320 quo
1640 1284 1692 1311 Ba-

902 1331 999 1358 ctriani
1012 1340 1019 1365 ;
1033 1331 1223 1363 Asarniotbus,
1232 1339 1245 1357 a
1255 1339 1309 1366 quo
1323 1331 1444 1364 Arabes;
1458 1331 1601 1362 Jareclms,
1611 1338 1625 1357 a
1636 1337 1691 1365 quo

901 1375 1033 1403 Jaracbzei
1046 1385 1052 1409 ;
1063 1375 1243 1408 Zodoramus,
1265 1383 1279 1402 a
1300 1383 1355 1410 quo
1369 1375 1486 1403 Carmeli
1499 1384 1506 1409 ;
1523 1375 1596 1407 Ezel,
1607 1382 1622 1401 a
1636 1382 1690 1410 quo

902 1422 1017 1455 Ariani;
1036 1421 1127 1453 Decla,
1143 1428 1158 1448 a
1171 1429 1227 1456 quo
1241 1420 1385 1454 Gedrusii;
1403 1420 1496 1452 Gebal.
1510 1428 1525 1447 a
1546 1428 1602 1455 quo
1625 1420 1692 1455 Scy-

902 1468 970 1500 thae;
987 1468 1121 1501 Abimeel,
1138 1475 1153 1494 a
1167 1475 1221 1502 quo
1237 1466 1372 1502 llyreani;
1390 1465 1471 1498 Saba,
1486 1473 1501 1492 a
1520 1473 1574 1500 quo
1588 1465 1693 1492 Arabes

866 1532 887 1560 ε
904 1514 984 1548 primi
1009 1514 1085 1549 (50);
1108 1512 1235 1560 Upbir,a
1258 1521 1313 1548 quo
1335 1511 1455 1560 Aramii;
1472 1510 1582 1560 levilal
1598 1517 1613 1537 a
1638 1517 1694 1544 quo

905 1559 1160 1596 Gynmosophistaz;
1177 1558 1291 1590 Joabus,
1318 1566 1332 1584 a
1357 1566 1411 1593 quo
1429 1557 1533 1584 Aradii.
1551 1556 1582 1583 Hi
1599 1563 1694 1583 omnes

904 1605 1017 1634 Jectano
1033 1606 1114 1641 geniti
1133 1610 1195 1633 sunt
1208 1605 1291 1632 fratre
1303 1603 1413 1631 Pbaleci
1429 1613 1435 1630 :
1452 1610 1604 1638 eorumque
1616 1603 1691 1630 inco-

904 1651 1096 1679 latusaMasiis
1106 1651 1161 1686 (51)
1175 1658 1260 1686 usque
1270 1650 1333 1677 dum
1343 1650 1436 1678 venias
1445 1649 1478 1676 ad
1492 1648 1623 1684 Splieram
1636 1648 1694 1685 (52)

904 1702 1024 1724 montem
1039 1698 1197 1725 orientalem
1209 1717 1216 1727 .
1233 1697 1360 1732 pertinet.
1378 1695 1411 1721 Et
1425 1695 1534 1730 quidem
1548 1695 1612 1722 alibi
1623 1695 1694 1722 dici-

905 1746 949 1770 tur
964 1743 1019 1778 (35)
1043 1743 1170 1771 universa
1194 1741 1267 1769 Semi
1286 1741 1394 1769 soboles
1418 1745 1535 1768 tractum
1554 1748 1662 1768 onmem
1677 1747 1693 1766 a

904 1789 1056 1816 Bactrianae
1072 1788 1172 1816 ﬁnibus
1187 1788 1307 1816 incolere
1324 1787 1510 1814 Rbinocuram
1524 1787 1579 1822 (54)
1593 1794 1692 1821 usque,

904 1842 959 1869 quo
975 1834 1036 1862 loco
1063 1833 1142 1870 Syria
1164 1834 1199 1861 ab
1218 1833 1337 1870 Egypto
1352 1833 1516 1865 secernitur,
1535 1832 1654 1867 itemque
1675 1838 1692 1858 a

904 1879 1000 1907 Rubro
1015 1881 1101 1914 mari;
1113 1884 1139 1908 et
1150 1880 1184 1907 ab
1195 1887 1243 1907 ora
1259 1879 1345 1907 maris
1357 1879 1430 1914 quod
1441 1883 1483 1906 est
1497 1877 1532 1905 ad
1545 1877 1690 1905 Arsinoem

904 1929 1037 1957 Indicam.

946 1975 974 2003 2.
991 1973 1087 2003 Chami
1100 1973 1177 2001 liberi
1192 1972 1312 2008 quinque
1326 1981 1332 1998 :
1346 1978 1462 2007 quorum
1475 1974 1540 1997 natu
1556 1969 1692 1996 maximus

904 2022 1025 2053 Cliusus,
1040 2028 1055 2047 a
1082 2027 1136 2055 quo
1161 2018 1256 2046 Cliusii
1277 2026 1284 2045 :
1313 2021 1371 2044 tum
1396 2015 1579 2047 Meslraimus,
1603 2022 1618 2041 a
1636 2022 1692 2049 quo

903 2067 1039 2104 Egyptii;
1062 2066 1185 2097 Pliudus,
1207 2072 1221 2091 a
1244 2071 1298 2099 quo
1313 2063 1500 2098 Trrglodytae;
1519 2061 1692 2092 Cbauaanes,

904 2122 919 2141 a
936 2121 991 2149 quo
1000 2113 1057 2140 Afri
1070 2116 1151 2147 atque
1164 2111 1319 2139 Plimnices.
1333 2109 1417 2137 Cbusi
1431 2108 1597 2135 liberisunt:
1609 2105 1691 2138 Saba,

904 2160 952 2191 lla,
981 2159 1092 2191 Sabaat,
1116 2158 1229 2193 llegma,
1252 2156 1417 2184 Sabacaiba.
1442 2153 1549 2181 Rursus
1576 2153 1687 2188 Regula:

59 2197 200 2232 cuj“5que
222 2197 363 2232 Proren'm
385 2207 391 2225 ⁵
413 2206 507 2234 “emi”
523 2200 563 2227 δῖε)
582 2208 589 2226 ε
609 2210 619 2225 ί
636 2199 655 2228 Ι·
671 2201 770 2228 AlOI‘US
783 2201 854 2229 satis
869 2201 891 2228 D
906 2206 995 2237 liberi,
1015 2205 1086 2232 Saba
1109 2208 1135 2231 ct
1153 2203 1319 2232 Judadanes.
1344 2201 1427 2229 Aiunt
1445 2204 1576 2236 prrctcrea
1593 2199 1692 2226 divina:

59 2245 156 2272 decem
178 2243 245 2279 (26).
263 2253 272 2270 ι
291 2244 370 2279 (Suro
390 2249 479 2272 autem
503 2251 543 2273 ter
562 2246 637 2274 mille
659 2254 690 2274 ac
708 2252 850 2275 sexcentos

59 2297 151 2317 annos
178 2295 321 2318 contentos
346 2291 433 2318 aiunt.
458 2290 543 2319 Neros
568 2293 648 2319 etiam
673 2293 804 2327 quosdam
825 2297 852 2320 et

60 2343 143 2363 sosos
160 2334 311 2370 adjungunt
327 2344 335 2361 :
351 2343 447 2364 uerum
466 2337 530 2362 anni
547 2338 670 2364 sexcenti
690 2337 850 2370 coniiciunt,

60 2387 160 2408 sosum
174 2380 336 2416 sexaginta.)

95 2425 131 2454 ll.
197 2425 296 2453 Setinis
334 2447 340 2453 .
380 2447 389 2454 .
427 2446 434 2454 .

97 2471 143 2499 Ill.
198 2471 305 2500 Enosus
337 2493 344 2500 .
384 2494 391 2500 .
428 2495 434 2500 .
474 2474 596 2501 Almelon
612 2476 682 2502 saris
698 2483 757 2503 xui.

96 2517 142 2546 IV.
193 2518 341 2547 Cainanus.
383 2539 390 2546 .
425 2539 432 2547 .
474 2521 623 2547 Animenon
637 2521 708 2548 saris
725 2529 773 2548 χιι.

99 2565 131 2593 ν.
194 2565 310 2593 Malaiiel
332 2585 340 2593 .
378 2585 385 2592 .
426 2586 433 2593 .
468 2566 644 2602 Amegalarus
656 2568 725 2594 saris
741 2568 832 2596 xvnl.‘

472 2427 605 2462 Alaparus
619 2428 688 2456 saris
702 2436 745 2455 Ill.

98 2642 156 2678 (26)
176 2643 277 2671 (Ionl'er
295 2643 395 2672 Euseb.
407 2643 505 2671 Chron.
525 2643 545 2673 Ι.
561 2651 579 2677 ι,
595 2644 623 2671 2.

98 2679 157 2712 (27)
182 2678 238 2705 Hac
252 2687 335 2712 super
351 2687 378 2706 re
403 2680 562 2706 ('0llSlli(‘lldl
584 2683 648 2706 sunt
664 2679 799 2707 Eusebius
819 2680 847 2708 in

62 2713 177 2741 exordio
193 2715 268 2745 libri,
282 2713 437 2748 Syncellus.
455 2723 480 2748 ρ.
499 2715 593 2745 45-51,
614 2716 731 2749 itemque
747 2715 849 2743 Cedrc-

63 2757 126 2779 nus.
141 2750 186 2776 l'ol.
200 2749 294 2781 12-14,
310 2750 472 2784 quibuscum
487 2758 541 2778 non
556 2751 615 2778 sine
632 2751 721 2778 l'ructu
737 2749 849 2779 Samuel

64 2785 279 2819 comparabitur.

99 2818 155 2854 (ἧς)
168 2821 210 2846 Al.
223 2819 298 2849 cod.
315 2818 390 2846 Lazi.

99 2854 155 2890 (:29)
166 2855 210 2884 Al.
227 2855 303 2889 cod.,
311 2854 426 2894 Edim.

905 2249 1012 2278 litterae.
1027 2256 1042 2274 a
1063 2247 1155 2274 Chuso
1171 2246 1291 2281 genitum
1317 2252 1379 2272 esse
1399 2243 1559 2274 Nebrotum,
1575 2242 1621 2276 qui
1637 2241 1693 2276 pri-

905 2302 967 2321 mus
984 2294 1010 2320 in
1026 2293 1091 2321 orbe
1111 2293 1186 2327 gigas
1203 2291 1296 2323 fuerit,
1310 2296 1391 2325 atque
1413 2289 1484 2316 hunc
1495 2289 1628 2324 gigantem
1645 2294 1692 2314 co—

906 2346 963 2365 ram
982 2338 1096 2365 Doinino
1109 2337 1164 2364 Deo
1179 2336 1318 2364 venationi
1338 2342 1448 2370 operam
1465 2333 1574 2361 dedisse
1591 2342 1597 2360 :
1611 2340 1692 2360 cum—

907 2383 1023 2419 demque
1044 2383 1215 2418 auspicatum
1234 2389 1296 2409 esse
1317 2388 1429 2417 regnum
1453 2387 1467 2406 a
1493 2379 1639 2414 Babylone.
1656 2377 1701 2405 ab-

907 2430 1006 2461 Oredo,
1026 2430 1059 2457 ab
1073 2428 1192 2458 Acliade.
1214 2435 1228 2454 a
1248 2428 1369 2454 Chalane
1387 2427 1413 2452 in
1434 2425 1544 2460 regione
1566 2423 1691 2451 Scuaiar.

905 2475 1027 2503 Indidem
1046 2480 1169 2503 exortum
1182 2482 1243 2501 esse
1258 2475 1387 2505 Asurum,
1405 2479 1419 2498 a
1434 2479 1487 2506 quo
1505 2470 1600 2497 Ninive
1613 2470 1692 2496 item-

906 2530 959 2557 que
970 2522 1082 2549 Roboda
1101 2521 1167 2548 urbs
1179 2520 1348 2547 condebatur
1360 2526 1421 2545 cum
1437 2517 1577 2544 Clialane:
1594 2519 1650 2542 tum
1663 2517 1692 2542 et

908 2569 1086 2600 llaseulanes,
1102 2568 1173 2595 inter
1199 2565 1323 2594 Ninivem
1345 2569 1372 2592 et
1391 2565 1550 2595 Cbalanem,
1567 2568 1627 2596 quae
1648 2563 1691 2587 est

938 2647 994 2680 (50‘-
1012 2645 1094 2680 Sync.
1111 2650 1136 2671 ct
1147 2644 1263 2671 Cedren.
1280 2642 1381 2680 Ar‘abe:
1401 2641 1498 2680 Indjfi.

937 2673 992 2713 (ὅσ)
1013 2676 1095 2708 liiblia
1116 2680 1174 2706 Lat.
1188 2680 1294 2712 vulgata
1311 2677 1379 2705 Gen.
1399 2684 1426 2708 x,
1444 2673 1635 2707 50,deMessa.

939 2716 992 2751 (3'2)
1009 2716 1217 2751 BibliayIIIgala
1236 2715 1346 2751 Sep/ref.

942 2747 997 2785 (55)
1019 2751 1083 2778 Vide
1099 2747 1255 2784 Syncellum
1269 2753 1294 2775 et
1308 2747 1473 2785 (Ie-(irenum.

940 2777 1161 2822 (Eii-illihioriira
1189 2791 1286 2822 opinari
1309 2783 1384 2808 urbis
1402 2782 1521 2814 itemque
1545 2777 1690 2808 torrentis.

904 2819 1041 2850 Interdqu
1057 2821 1187 2850 scribitur
1198 2819 1383 2846 Rliinicorura.
