1911 3136
246 133 299 161 615

249 241 300 268 ter,
319 236 422 264 creavit
444 234 600 266 Luditnum,
613 243 628 261 a
645 242 699 269 quo
714 233 802 270 Lydi;
827 234 997 267 Seneimum,
1018 244 1032 262 a

248 289 303 318 quo
317 281 485 316 Pamphylii;
509 279 648 311 Salbium,
663 288 679 307 a
706 289 760 316 quo
781 281 878 314 Libes;
895 281 1035 316 Nepthali-

250 336 322 356 mum
337 331 362 355 et
379 326 632 358 Patrosonimum,a
647 334 701 361 quo
717 326 829 361 Cretes;
845 327 1034 359 Caslinimum,

250 383 264 401 a
280 381 334 409 quo
348 373 433 411 Lycii.
445 372 516 400 unde
530 375 557 399 et
575 380 661 406 genus
681 372 900 406 Philisueurum;
914 373 1034 408 Captho.

251 421 359 451 rituum,
375 427 390 446 a
402 426 456 454 quo
479 418 554 445 Daci.
573 418 660 446 Porro
675 419 837 448 Chanaanes
850 421 969 455 primum
986 427 1036 446 na-

235 471 339 494 ‘torum
361 465 482 500 suscepit
504 464 644 497 Sidonem,
664 473 743 501 aquo
761 465 876 498 Sidonii,
893 469 920 492 et
934 465 1035 497 Chetze,

249 515 276 539 et
291 511 419 542 Jebusmi,
435 515 462 538 et
476 511 638 542 Amorrlnei,
657 515 684 538 et
698 511 844 546 Gergcstei.
861 514 888 538 et
902 509 1000 542 Levzei,
1011 515 1038 538 et

248 557 380 588 Arvacrei,
395 557 466 585 unde
479 556 620 592 Tripolitae
635 565 744 592 quoque
758 561 785 585 et
799 557 927 590 Aminaei;
939 557 1037 584 deinde

248 602 392 635 Aradium,
408 609 423 628 a
439 609 493 636 quo
511 602 625 636 Aradii;
643 602 812 634 Samrinum,
829 609 845 629 a
868 610 921 637 quo
937 601 1038 629 0rtho~

249 649 469 681 sii;Amathum,
488 656 503 675 a
520 657 574 684 quo
582 649 748 676 Amathusii.
762 648 831 676 llinc
846 648 1037 683 proseminatm

250 699 315 722 sunt
336 695 552 722 Chananazorum
570 699 666 730 gentes
681 695 794 722 omnino
807 702 882 721 xxxtt
898 704 904 721 :
921 701 1037 729 quorum

251 741 319 768 lines
334 741 443 769 fuerunt
457 749 471 767 a
486 740 587 769 Sidone
603 749 690 776 usque
702 741 767 768 dum
779 740 910 768 Geramm
931 741 1035 772 venias,

250 791 277 815 et
291 795 306 814 a
323 787 394 814 Gaza
412 795 498 822 usque
512 787 576 814 dum
602 786 748 814 Sodomam
764 790 791 814 et
812 785 993 814 Gomorrham
1011 789 1038 813 et

250 834 379 862 Ademam
391 837 418 862 et
428 833 584 861 Seboimum
600 838 627 861 et
643 833 741 861 Lasam
755 833 858 860 venias.
876 832 936 860 Alio
947 837 1037 859 tamen

754 132 922 160 APPENDIX
939 133 985 159 AD
1004 131 1138 160 EUSEBH
1159 131 1366 160 CHRONICON.

247 190 315 218 urbs
329 188 526 217 maxima.Jam
537 193 565 216 et
580 188 763 222 Mestraimus,
777 188 968 225 Egyptiorum
985 197 1034 225 pa-
1052 193 1074 220 Α

1823 134 1870 161 616

1403 189 1516 218 CAPUT
1529 189 1558 217 ν.

1156 266 1159 268 η
1370 234 1441 262 Semi
1454 236 1587 270 prosapia.

1124 279 1148 306 l.
1166 280 1261 314 Agesis
1274 287 1338 314 ergo
1355 279 1418 307 inde
1435 280 1543 307 initium
1554 280 1660 316 capiam
1681 280 1731 308 ubi
1750 281 1869 310 ordinem

1086 326 1307 360 procreationum
1335 326 1449 361 abrupi,
1472 334 1586 362 quaeque
1625 326 1778 362 interjectae
1810 337 1869 357 sunt

1087 371 1260 398 narrationes
1288 370 1421 397 omittam.
1452 370 1491 398 lbi
1523 371 1628 399 scilicet
1656 372 1762 399 dictum
1792 377 1869 403 est.a

1087 416 1177 444 Thara
1191 424 1278 443 annos
1294 421 1358 443 nato
1373 424 1425 444 Lxx
1442 418 1548 452 genitos
1563 417 1651 445 fuisse
1675 418 1868 450 Abrahamuu.,

1088 466 1115 489 et
1127 461 1282 489 Nachorum
1299 467 1326 489 et
1345 462 1472 490 Aranem.
1484 462 1571 490 Porro
1580 464 1698 496 Aranes,
1711 465 1805 499 genito
1821 464 1869 492 Lo-

1088 508 1145 540 tho,
1170 507 1275 543 parenti
1301 515 1351 535 suo
1374 507 1470 535 Thara:
1486 515 1667 544 praemortuus
1680 514 1723 538 est
1748 510 1777 538 in
1792 512 1868 537 natali

1089 557 1160 580 terra
1190 553 1327 580 Chaldzzea.
1352 553 1543 588 Adjunxerunt
1575 559 1667 582 autent
1699 555 1751 582 sibi
1775 563 1868 583 uxores

1089 600 1260 628 Abrahamus
1275 604 1303 627 et
1317 599 1479 633 Nachorus;
1497 600 1592 628 Saram
1609 601 1796 634 Abrahamus.
1809 603 1868 631 Mel-

1088 645 1167 673 cham
1182 645 1271 673 Arane
1281 650 1372 673 natam
1384 645 1535 674 Nachorus.
1554 647 1688 675 Catterum
1709 648 1778 676 Sara
1793 649 1869 676 steri.

1088 691 1122 719 lis
1138 691 1239 718 nullam
1253 699 1286 718 ex
1304 699 1333 719 se
1348 692 1453 726 prolem
1473 692 1580 720 edebat.
1602 693 1671 720 Exin
1689 692 1797 722 Tharas
1810 703 1868 722 eum

1087 738 1180 765 liberis
1191 737 1346 765 Clialdazam
1364 738 1496 766 deserens
1514 744 1544 766 ut
1562 739 1589 766 in
1613 739 1798 768 Chananzeam
1822 743 1868 768 mi-

1086 787 1190 818 graret,
1216 783 1338 811 Charras
1366 791 1453 818 usque
1484 785 1629 819 processit,
1659 785 1752 821 ibique
1781 787 1868 814 sedem

1088 830 1162 864 lixit;
1178 837 1295 864 eumque
1315 830 1402 857 aetatis
1417 837 1518 857 annum
1531 831 1749 860 ducentesimum
1769 837 1867 868 ageret,

251 881 311 907 loco
326 879 456 906 dicuntur
472 878 527 914 (35)
544 879 585 905 ha:
602 882 698 914 gentes
715 886 730 904 a
753 877 938 905 Rhinicorura
951 885 1037 912 usque
1053 867 1073 893 Β
1086 875 1199 902 Charris
1210 880 1313 903 natura
1327 877 1473 904 concessit.

249 925 371 952 Gadiron
384 925 519 952 australes
536 924 663 959 regiones
676 924 837 952 incoluisse.

286 993 312 1020 3.
334 991 440 1019 iiut-sus
453 1000 484 1031 ex
498 992 592 1020 eodem
605 991 742 1020 Geneseos
757 993 836 1024 libro.
847 991 955 1019 Jabelhi
971 993 1038 1019 libe-

251 1037 275 1064 ri
291 1046 297 1064 :
316 1036 458 1069 Gamerus,
477 1044 491 1063 a
503 1045 557 1072 quo
568 1036 670 1064 Gatniri
691 1037 767 1073 (56);
785 1037 927 1073 Magogus,
948 1045 963 1064 a
983 1046 1038 1073 quo

251 1083 334 1110 tleltat
347 1087 374 1109 et
387 1081 504 1116 Galatae;
518 1082 596 1109 Mada
609 1090 623 1109 a
640 1090 695 1117 quo
707 1082 795 1116 Medi;
811 1081 943 1116 Javanus,
956 1091 970 1110 a
984 1090 1038 1118 quo

253 1125 377 1154 llellencs
406 1127 463 1162 (37)
487 1131 514 1153 et
533 1126 630 1160 lenes;
648 1126 720 1154 Elisa
736 1131 762 1155 et
777 1127 928 1160 Thobelus,
949 1134 969 1154 α·
983 1135 1038 1163 quo

251 1172 391 1207 Thessali;
417 1173 574 1206 Mosoehus,
588 1182 604 1201 a
622 1182 677 1209 quo
693 1173 794 1210 Illyrii;
814 1174 924 1206 Thiras,
950 1183 965 1201 a
982 1183 1038 1210 quo

251 1218 389 1252 Thraces;
405 1219 576 1251 Cheteimus,
594 1228 608 1247 a
621 1228 675 1256 quo
692 1220 864 1248 Macedones.
879 1221 966 1248 Porro
983 1221 1038 1248 ϐαρ

251 1266 318 1292 meri
333 1266 411 1293 liberi
427 1275 434 1293 :
454 1265 643 1298 Aschanazus,
660 1275 676 1294 a
695 1275 750 1302 quo
767 1266 916 1301 Sarmatae;
934 1267 1038 1303 Ripha~

250 1311 307 1342 tlta,
321 1318 335 1337 a
346 1319 400 1346 quo
416 1311 585 1339 Sauromatae
595 1312 669 1347 (38);
682 1312 856 1348 Thergomus
869 1313 937 1348 (59).
956 1322 971 1340 a
983 1322 1038 1348 quo

252 1356 363 1384 llaieani
381 1358 448 1393 (40).
471 1357 584 1386 Javanis
608 1362 701 1386 autem
723 1358 800 1386 liberi
816 1369 824 1386 :
844 1359 917 1387 Elisa
936 1359 1003 1395 (Η),
1022 1367 1038 1386 a

251 1411 306 1436 quo
317 1402 473 1431 Sicilienses
485 1408 512 1431 et
527 1404 709 1432 Athenienses
723 1414 731 1438 ;
749 1404 874 1438 'lharsis,
890 1413 906 1432 a
923 1414 977 1440 quo
989 1405 1036 1432 lli-

252 1448 310 1476 beri
333 1452 360 1475 et
375 1448 529 1484 Tyrrheni;
548 1449 630 1482 Citis,
651 1457 666 1476 a
689 1457 744 1485 quo
771 1450 886 1478 Romani
903 1455 930 1478 et
947 1451 1036 1479 Latini

252 1497 279 1520 et
294 1493 401 1520 lihodii.
413 1493 453 1520 Ex
471 1494 513 1522 his
534 1495 624 1521 coloni
644 1495 752 1522 deducti
768 1500 833 1523 sunt
849 1504 898 1531 per
913 1497 1035 1531 gentium

253 1541 357 1568 insulas
369 1541 396 1567 in
405 1549 468 1569 suas
479 1542 580 1577 quique
590 1543 725 1577 regimies,
737 1544 828 1579 populi
836 1545 948 1571 omnino
958 1545 1038 1580 quin-
1051 1548 1072 1575 C

253 1587 341 1614 decim
356 1607 363 1619 ,
379 1587 461 1622 hique
475 1596 489 1615 a
505 1589 591 1616 Medis
607 1589 640 1617 ad
659 1589 816 1624 llesperiam
833 1598 921 1625 usque
936 1592 1038 1626 pertin-

250 1637 329 1668 gunt,
342 1641 401 1668 qua:
420 1637 494 1668 patet
516 1635 550 1662 ad
572 1634 711 1662 Oceanum
727 1640 754 1663 et
777 1636 915 1663 borealem
931 1637 1037 1672 plagam

251 1683 416 1714 prospectat.
430 1679 564 1716 Deinceps
584 1686 763 1709 recensentur
784 1682 876 1717 populi
896 1690 934 1714 ιι,
957 1683 1036 1710 item-

251 1734 305 1760 que
319 1734 411 1753 eorum
425 1727 544 1755 ditiones
557 1735 606 1762 per
621 1727 808 1762 aquilonarem
819 1731 936 1756 tractum
953 1737 968 1755 a
982 1729 1038 1757 Me-

251 1772 294 1799 dis
310 1779 395 1806 usque
406 1772 536 1800 Gadiron.
553 1772 650 1800 Patent
670 1773 775 1800 scilicet
798 1773 833 1801 ab
857 1781 937 1802 amne
954 1774 1038 1802 Pota-

251 1818 326 1846 mino
341 1818 398 1854 (42)
415 1826 503 1854 usque
515 1819 549 1846 ad
562 1818 721 1847 Mastusiam
739 1819 812 1854 quod
827 1824 869 1846 est
888 1819 957 1847 llion
969 1820 1035 1859 (ἦῦ).

285 1896 312 1923 4.
339 1895 393 1924 Sed
409 1896 482 1923 enim
500 1904 550 1932 ego
565 1901 660 1932 gentes
682 1897 805 1932 Singulas
825 1897 908 1924 trium
934 1896 1034 1924 Noachi

252 1940 367 1968 filiorum
384 1941 513 1969 distincte
530 1950 572 1969 me
582 1943 771 1978 expositurum
795 1943 884 1977 recepi
902 1950 989 1977 usque
1003 1943 1035 1969 ad

251 1986 391 2014 Christum
405 1995 467 2014 cum
491 1987 610 2016 humana
625 1993 723 2016 natura
743 1989 931 2023 coniunctum,
949 1997 1036 2024 quan-

251 2040 332 2067 quam
352 2032 452 2059 divina:
480 2032 576 2060 littera:
593 2033 729 2060 Semiticre
746 2038 850 2061 tantum
869 2034 979 2062 familiae
993 2042 1036 2061 se-

251 2078 318 2104 riem
335 2078 439 2112 scripto
450 2079 606 2111 continent;
622 2078 656 2105 de
671 2078 774 2105 Cltamo
789 2082 880 2106 autem
896 2084 978 2114 atque
991 2078 1036 2107 Ja-

252 2121 343 2154 betbo,
355 2126 452 2156 praeter
463 2123 536 2149 dicta
548 2130 563 2149 a
576 2131 619 2149 me
635 2123 772 2159 superius,
787 2124 856 2150 nihil
874 2128 1034 2151 memorant.

252 2166 322 2202 Ergo
337 2166 409 2194 Semi
424 2168 537 2203 stirpem
555 2175 570 2194 a
582 2168 672 2203 primo
700 2168 846 2197 Abrahami
871 2176 943 2196 anno
963 2177 1036 2196 nunc

251 2213 377 2239 exordiar
397 2213 552 2241 :hactenus
568 2213 640 2240 eniti]
660 2214 688 2241 in
714 2214 903 2249 superioribus
926 2214 1035 2250 scripsi,
1054 2230 1074 2257 υ

252 2256 328 2283 brevi
345 2257 408 2284 licet
422 2259 503 2293 style,
518 2258 612 2286 midtis
625 2260 816 2294 prtetcrmissis
829 2270 835 2286 :
848 2267 902 2295 quo
914 2259 1037 2287 scriben-

251 2301 279 2328 di
293 2309 392 2338 genere
409 2303 435 2329 in
448 2304 627 2338 sequentibus
642 2306 723 2331 etiam
737 2309 809 2338 utar,
820 2313 881 2340 qua:
898 2306 931 2333 de
947 2306 1037 2333 since-

252 2348 291 2375 ris
305 2352 361 2374 ttnu
378 2349 480 2376 exteris
496 2353 552 2376 tum
569 2350 670 2378 nostris
682 2350 822 2379 historicis
835 2355 916 2386 prout
927 2359 1035 2386 atquum

251 2393 400 2424 videbitur.
418 2395 595 2422 eoaccrvabo.

362 2491 426 2531 Vide
442 2493 597 2531 Syncellum
612 2498 639 2522 et
653 2495 817 2531 Cedreunm.

287 2528 343 2590 (:56)
365 2527 469 2564 Nempe
486 2528 664 2563 Cappadoces.
688 2530 756 2558 Vide
779 2531 877 2558 Euseb.
897 2538 959 2566 pag.
983 2530 1031 2563 43,

287 2598 343 2633 (57)
369 2597 580 2635 Nempeﬁrrrci.
605 2599 638 2626 Et
659 2600 767 2635 quidem
783 2600 904 2628 Armenii
925 2599 1034 2628 Grzeros

251 2635 332 2667 vulgo
345 2633 453 2668 quidem
471 2633 552 2662 Imm;
569 2633 679 2668 dicunt;
693 2644 755 2662 eum
771 2641 860 2663 autent
874 2636 967 2662 volunt
981 2636 1036 2664 ele-

251 2670 360 2705 gantius
377 2670 461 2703 loqui,
481 2669 621 2698 Hellenas:
639 2678 777 2705 nunquam
792 2679 856 2699 vero
868 2670 982 2698 ercos.

287 2704 341 2736 (58)
356 2705 397 2731 Al.
411 2705 484 2736 iod.,
497 2705 674 2733 Sororum/iw.

286 2739 341 2773 (59)
360 2738 433 2776 llaiei
449 2745 524 2776 pater
535 2740 555 2767 Τ
559 2742 715 2776 horgmnus.
725 2749 805 2776 quem
817 2741 940 2769 nominat
951 2741 1032 2769 etiam

253 2773 375 2810 Ezechiel
393 2773 478 2807 xxvii,
497 2775 538 2806 Μ,
550 2782 577 2802 et
595 2773 710 2810 xixvnt,
724 2773 751 2804 ti.

298 2809 342 2844 40)
355 2808 373 2834 V
379 2810 441 2844 ulgo
450 2811 469 2836 Α
476 2811 578 2838 rmenii.

300 2843 401 2878 tl).Al.
413 2843 594 2882 cod.,_l£liaa.

1122 921 1150 949 2.
1168 921 1247 948 Anno
1268 922 1356 949 relatis
1371 923 1572 958 septuagesimo
1586 924 1683 959 quinto
1698 924 1868 952 Abrahamus

1088 966 1135 994 Dei
1147 968 1312 995 revelatione
1322 968 1420 1004 dignus
1431 969 1541 996 habitus
1552 974 1593 996 est
1604 990 1611 1002 ,
1623 975 1651 998 et
1663 970 1753 998 solum
1767 975 1869 999 vertere

1087 1012 1193 1046 jussus.
1209 1012 1300 1047 Quare
1311 1014 1424 1041 Charris
1435 1014 1536 1042 relictis
1549 1013 1732 1043 Chananatam
1747 1017 1867 1043 incoluit.

1089 1058 1157 1086 Tum
1171 1067 1257 1087 annos
1271 1067 1318 1087 sex
1340 1067 1422 1095 supra
1442 1061 1580 1096 octoginta
1600 1061 1657 1095 jam
1681 1066 1764 1090 natus
1789 1064 1867 1090 tilium

1088 1112 1119 1131 ex
1136 1105 1223 1140 Agare
1240 1104 1314 1132 Sara:
1329 1106 1427 1132 ancilla
1442 1106 1578 1141 suscepit,
1594 1107 1639 1133 cui
1658 1114 1759 1135 nomen
1776 1109 1869 1136 indidit

1088 1150 1211 1184 lsmaeli,
1227 1151 1299 1179 unde
1314 1151 1510 1180 lsmaelitarum
1526 1153 1600 1180 natio
1610 1157 1672 1187 est;
1685 1154 1867 1189 Agarenorum

1088 1198 1229 1231 videlicet,
1246 1199 1292 1233 qui
1307 1198 1390 1225 etiam
1407 1197 1536 1226 Saraceni
1561 1203 1588 1225 ct
1612 1198 1717 1234 Tagikii
1745 1201 1804 1236 (44)
1827 1209 1869 1228 vo-

1087 1248 1196 1271 cantur.
1212 1243 1326 1279 lnsuper
1339 1251 1411 1272 anno
1426 1250 1488 1272 ante
1510 1245 1689 1272 centesimum
1713 1245 1788 1274 Deus
1811 1255 1868 1273 cum

1089 1290 1136 1317 illo
1149 1288 1238 1318 foedus
1252 1291 1303 1317 init
1317 1290 1552 1323 circumcisionis,
1567 1291 1682 1326 ideoque
1694 1292 1754 1327 ipse
1766 1294 1870 1320 cuncti~

1088 1345 1142 1372 que
1153 1337 1261 1369 ,domus
1283 1336 1344 1371 ejus
1368 1345 1457 1364 mares
1482 1337 1693 1366 circumcisione
1715 1339 1756 1365 uti
1781 1346 1868 1374 cmpe-

1089 1387 1152 1409 runt
1165 1392 1171 1410 :
1189 1387 1244 1409 tum
1260 1383 1340 1410 etiam
1356 1382 1526 1410 Abrahamus
1541 1390 1590 1418 pro
1604 1383 1740 1415 Abramo,
1755 1384 1869 1419 itemque

1089 1427 1171 1456 Sarra
1195 1436 1246 1464 pro
1271 1428 1339 1455 Sara
1364 1429 1429 1456 dicti
1449 1432 1523 1457 sunt.
1548 1427 1643 1464 quue
1662 1436 1736 1456 anno
1751 1429 1868 1457 nondum

1088 1475 1182 1509 elapso
1198 1475 1330 1502 Dominus
1347 1473 1418 1503 Deus
1435 1482 1497 1502 cum
1511 1475 1618 1510 angelis
1634 1474 1706 1510 apud
1724 1474 1868 1503 Mambrem

1088 1520 1176 1548 eidem
1194 1528 1347 1556 apparens,
1371 1521 1443 1548 ultro
1466 1521 1568 1556 prolem
1591 1522 1694 1556 recepit
1714 1529 1745 1549 se
1760 1522 1786 1549 ei
1807 1529 1869 1549 cou-

1091 1575 1243 1595 cessurum.
1259 1566 1351 1594 Primo
1367 1567 1439 1595 inter
1458 1568 1608 1603 prophetas
1627 1568 1787 1596 Abrahamo
1807 1570 1869 1597 divi-

1092 1621 1157 1641 num
1172 1613 1290 1641 Verbum
1308 1613 1426 1640 humana
1442 1614 1532 1649 specie
1548 1615 1744 1649 aspectandum
1760 1622 1791 1642 se
1808 1623 1869 1650 pne-

1092 1660 1160 1687 bens
1180 1659 1352 1687 ethnicorum
1378 1659 1547 1687 vocationem
1568 1660 1770 1695 portendebat,
1793 1669 1869 1696 quazn

1091 1713 1138 1740 per
1155 1705 1338 1741 evangelicam
1353 1705 1462 1733 demum
1476 1705 1561 1733 divini
1575 1705 1657 1733 Verbi
1673 1704 1828 1734 doctrinam
1846 1707 1868 1733 in

1091 1753 1169 1780 nobis
1184 1752 1273 1785 Deus.
1290 1752 1317 1779 id
1331 1757 1370 1779 est
1391 1753 1418 1780 in
1438 1754 1559 1788 gentium
1583 1753 1764 1782 universitate
1775 1774 1783 1786 ,
1805 1762 1869 1780 con-

1091 1799 1248 1826 summavit.

1125 1845 1151 1873 5.
1160 1844 1220 1872 lam
1230 1852 1293 1872 vero
1303 1844 1483 1872 centesimum
1498 1852 1600 1872 annum
1613 1845 1702 1880 agenti
1714 1845 1867 1873 Abrahamo

1091 1898 1108 1918 e
1125 1889 1193 1917 Sara
1208 1891 1324 1925 conjuge
1343 1894 1425 1918 natus
1447 1894 1490 1918 est
1511 1890 1643 1918 lsaacus:
1666 1898 1721 1926 quo
1741 1896 1870 1918 nascente

1091 1934 1166 1963 Sara:
1187 1935 1274 1970 ipsius
1295 1936 1490 1971 nonagesimus
1510 1943 1598 1963 annus
1619 1936 1788 1963 vertebatur.
1813 1935 1870 1964 H1":

1090 1986 1180 2010 autent
1195 1989 1256 2008 cum
1269 1981 1343 2009 edito
1355 1981 1448 2009 lsaaco
1462 1982 1541 2009 annis
1554 1986 1655 2016 septem
1667 1984 1694 2007 et
1704 1981 1818 2016 triginta
1829 1989 1871 2008 su-

1091 2028 1238 2064 perfuisset
1251 2049 1259 2062 ,
1278 2029 1333 2056 vita
1350 2028 1469 2056 excessit
1495 2027 1561 2055 Post
1577 2028 1652 2055 Sara:
1664 2028 1771 2055 obitum
1787 2029 1873 2055 Abra-

1090 2075 1187 2102 hamus
1203 2073 1401 2102 Damascenum
1415 2074 1574 2101 Eleazarum
1591 2073 1722 2100 famulum
1739 2074 1767 2101 in
1784 2074 1870 2102 Meso-

1089 2121 1238 2156 potamiam
1252 2120 1352 2156 iegavit
1365 2140 1372 2152 ,
1392 2119 1601 2156 Rebeccamquc
1618 2119 1748 2148 Balbuele
1764 2125 1871 2151 natam,

1091 2167 1192 2194 Labani
1217 2174 1356 2198 sororem,
1377 2165 1471 2194 lsaaeo
1485 2166 1542 2193 lilio
1565 2173 1617 2193 suo
1639 2165 1830 2193 collocandam
1847 2167 1872 2193 in

1090 2214 1265 2241 matrimonio
1286 2213 1403 2240 curavit.
1429 2211 1498 2240 Exin
1522 2213 1581 2247 ipse
1604 2220 1712 2248 quoque
1737 2211 1872 2240 Cazturam

1091 2259 1142 2287 sibi
1158 2266 1269 2286 uxorem
1284 2259 1425 2293 adjunxit,
1441 2257 1475 2285 de
1489 2265 1544 2293 qua
1560 2258 1661 2286 liberos
1676 2265 1723 2285 sex
1740 2258 1871 2292 suscepit.

1089 2305 1178 2340 Atque
1194 2306 1231 2332 ita
1246 2305 1401 2332 Abraliamo
1425 2304 1515 2332 tribus
1538 2312 1553 2332 e
1577 2304 1738 2340 coniugibus
1765 2304 1873 2332 soboles

1089 2350 1186 2377 oborta
1214 2355 1281 2383 est;
1310 2350 1399 2385 primo
1426 2348 1536 2384 quidem
1566 2357 1600 2376 cx
1630 2349 1718 2385 Agare
1745 2349 1871 2385 Egyptia

1088 2395 1184 2423 lsmael
1195 2415 1203 2428 ,
1218 2403 1233 2422 a
1249 2403 1303 2430 quo
1318 2403 1385 2430 gens
1400 2394 1598 2423 lsmaelitarum
1612 2404 1620 2428 ;
1633 2399 1690 2421 tum
1704 2403 1720 2422 e
1738 2394 1808 2422 Sara
1821 2396 1873 2422 isa-

1120 2494 1177 2529 (3‘2)
1194 2493 1338 2530 Syncellns
1351 2498 1380 2530 rt
1394 2494 1544 2526 Cedrenus,
1560 2493 1655 2530 Tanai.

1119 2530 1174 2564 (45)
1193 2529 1229 2556 ita
1245 2530 1326 2556 etiam
1341 2529 1492 2560 Cedrenus,
1511 2530 1557 2557 l‘ol.
1575 2529 1618 2560 14,
1631 2529 1683 2562 ἓως
1698 2529 1872 2561 Hastensis;

1084 2565 1132 2600 τῆς
1149 2565 1219 2591 κατὰ
1236 2565 1325 2600 Ἴλιον.
1348 2564 1449 2592 Verum
1473 2564 1724 2600 SyucelluspLSO.
1742 2565 1796 2596 ἕως
1816 2565 1872 2591 Ma-

1087 2598 1213 2632 σιέουσὶας
1230 2599 1280 2634 τῆς
1300 2600 1370 2626 κατὰ
1385 2599 1471 2635 ἥλιον,
1486 2607 1567 2635 usque
1591 2598 1808 2626 ad'llastusiam
1824 2600 1872 2626 sali

1087 2636 1245 2662 annositum.

1103 2643 1259 2705 "iiiiuiiiic
1282 2669 1390 2697 nomine
1411 2669 1534 2697 Armenii
1555 2670 1689 2696 barbaros
1704 2669 1813 2697 Arabia:
1827 2677 1872 2705 po-

1108 2707 1152 2732 uln
1167 2706 1318 2740 antiquitus
1334 2705 1555 2739 imligilaverunt.
1580 2704 1618 2731 Ita
1635 2705 1662 2731 in
1678 2704 1764 2732 Biblts
1779 2704 1870 2732 Arun.

1100 2741 1108 2766 l
1127 2740 1249 2768 Marhab.
1266 2748 1320 2771 xtl,
1341 2740 1383 2767 l0.
1402 2740 1447 2767 Sic
1461 2741 1542 2767 etiam
1570 2741 1698 2774 sequiore
1717 2745 1798 2768 atate
1827 2747 1870 2774 ap-

1086 2776 1223 2811 pellabant
1248 2774 1403 2811 Saracenos
1425 2775 1561 2802 Armenia:
1586 2782 1775 2811 oppressores;
1804 2774 1871 2811 Quin

1086 2809 1153 2837 adeo
1164 2818 1233 2844 quos
1247 2810 1368 2844 l‘luropaai
1385 2810 1484 2838 Turcas
1492 2811 1599 2845 dicunt,
1613 2810 1738 2838 Armenii
1753 2809 1871 2845 Tagikiot

1086 2852 1158 2872 nunc
1176 2846 1326 2872 nominant.
