1911 3136
104 126 160 158 ’θιἾ

488 129 660 158 SAMUELl-S
679 126 838 158 ANIENSIS
859 127 1029 157 SUMMARII
1049 129 1242 157 TEMPORUM
1259 126 1350 158 PARS
1365 130 1385 157 l.

1687 135 1738 162 818

107 200 192 224 acus,
210 199 225 219 a
243 200 297 227 quo
312 197 378 227 gens
391 190 546 219 Iudaeorum
560 202 566 219 :
581 196 749 228 postremum
765 200 780 219 e
796 192 897 219 Cetura
912 193 935 221 Α
950 189 1033 216 tionis
1049 190 1119 216 intra
1135 197 1223 217 annos
1238 197 1313 216 xxv"
1335 189 1477 224 perduxit,
1499 198 1626 226 annoque
1648 195 1739 221 atatis

107 247 176 275 gens
192 238 356 266 Parthorum
368 238 488 269 exstitit.
503 246 619 272 quorum
636 245 746 273 germen
761 243 803 265 est
816 238 898 264 Arsa—

106 293 155 312 ces
173 285 219 312 ille
236 285 354 320 inclytus
368 284 589 311 Pahlaviensium
605 290 631 311 et
646 285 841 312 Arsacidarum
859 284 899 310 fa—

107 331 248 358 miliarum
262 331 428 366 progenitor.
448 330 532 366 Igitur
545 331 717 358 Ahrahamus
741 335 803 365 post
823 331 899 365 geni-

109 382 168 403 tum
186 376 309 404 lsaacum
331 376 452 412 quinque
474 376 562 403 adhuc
577 376 658 403 annis
678 380 705 403 et
724 375 898 410 septuaginta

108 423 250 458 peractis.
266 423 303 450 ita
320 426 349 449 ut
364 429 452 450 annos
473 423 587 450 omnino
609 426 720 448 centum
741 426 767 448 et
788 426 898 455 septua-

108 470 186 504 ginta
200 469 321 504 quinque
335 469 448 496 vixisset
461 489 468 500 ,
487 469 542 495 fato
557 476 608 496 suo
630 468 742 496 functus
763 472 815 496 est.
838 467 898 495 JanI

108 514 222 542 lsaacus
237 514 406 549 sexagesimo
429 514 517 541 aetatis
528 520 599 540 anno
618 513 735 540 Esavum
756 513 850 548 genuit
872 518 900 541 et

108 559 262 591 Iacobum,
279 565 422 594 postquam
446 559 526 586 annis
552 559 647 594 viginti
674 559 701 585 in
724 559 898 585 matrimonio

109 614 175 633 cum
190 606 314 633 Rebecca
332 605 429 632 fuerat.
446 604 575 639 Idemque
591 604 670 632 annis
693 604 782 631 adhuc
802 604 897 640 viginti

107 656 137 678 et
154 655 263 678 centum
279 655 418 685 superstes
431 651 597 684 octogesimo
611 654 637 677 et
649 651 799 678 centesimo
812 651 898 678 :etatis

109 703 186 722 anno
202 695 332 723 decessit.

146 742 175 768 4.
195 740 297 768 Jacobo
312 741 359 767 lilii
375 741 518 768 duodecim
532 748 593 768 cum
615 741 669 768 lilia
691 741 775 777 geniti
798 745 863 769 sunt
884 749 899 768 e

106 788 220 816 duabus
232 788 333 815 Labani
348 787 455 814 filiabus
465 808 472 820 ,
485 787 532 814 Lia
548 788 652 816 scilicet
667 793 748 823 atque
759 787 878 816 Rachele
889 809 897 821 .

111 841 164 862 nec
176 842 231 861 non
244 839 278 862 ex
290 834 386 861 haram
400 833 507 861 ancillis
521 833 628 862 duabus
643 835 716 861 Balla
731 834 894 870 Zelphaque.

109 878 275 913 Quanquam
290 887 354 907 vero
368 878 472 914 primus
487 879 511 907 ei
528 884 608 907 natus
637 880 673 907 sit
702 879 798 907 Ruben
814 888 896 915 quem

110 932 187 952 anno
201 926 289 952 aetatis
305 925 400 963 quinto
414 929 441 952 et
454 926 622 961 octogesimo
636 926 730 961 genuit
744 946 751 957 ,
777 931 836 953 tum
854 925 898 953 Si-

107 975 195 998 ‘meon
211 975 288 998 sexto
302 975 329 998 et
343 971 511 1007 octogesimo
525 980 532 1005 ;
546 971 666 999 Levinus
679 975 769 999 tamen
785 972 897 1007 praefer-

107 1021 159 1044 ‘tur
172 1017 200 1045 in
213 1017 322 1050 ordine,
334 1025 414 1053 quem
426 1019 514 1045 aetatis
529 1019 646 1053 septimo
668 1018 723 1054 (45)
739 1023 766 1046 et
787 1023 898 1054 octoge-

110 1062 185 1089 simo
200 1068 271 1089 anno
287 1064 408 1095 creavit,
425 1063 459 1091 de
473 1063 553 1097 cujus
574 1063 656 1091 etiam
670 1071 768 1098 genere
784 1071 898 1099 magnus

112 1108 160 1135 ille
181 1107 270 1135 Moses
285 1112 396 1136 exortus
411 1112 453 1135 est
472 1118 478 1135 :
496 1116 557 1143 quae
578 1116 622 1136 res
647 1110 682 1136 ita
709 1109 874 1137 describitur
890 1119 896 1136 :

110 1152 233 1181 Jacobus
248 1161 335 1181 annos
351 1158 432 1181 natus
443 1162 554 1182 Lxxxvn
566 1163 581 1182 e
590 1154 638 1182 Lia
649 1155 766 1191 conjuge
787 1162 836 1183 sua
848 1154 899 1182 Le-

110 1200 207 1227 vinum
221 1200 362 1236 suscepit;
377 1199 495 1228 Levinus
510 1209 597 1229 annos
621 1205 702 1228 natus
722 1209 786 1229 ιινι
806 1201 900 1236 genuit

110 1245 268 1272 Cabathum
281 1255 288 1279 ;
300 1246 440 1273 Cahathus
453 1254 539 1275 annos
551 1253 631 1275 natus
645 1255 713 1274 LxIII
729 1247 824 1282 genuit
834 1247 900 1274 Am-

109 1296 221 1316 rarnum
233 1299 241 1323 ;
253 1290 398 1318 Amramus
411 1298 497 1318 annos
510 1295 591 1319 natus
603 1299 656 1319 Lxx
670 1291 765 1327 genuit
777 1291 878 1320 Mosem
891 1301 899 1325 ς

112 1336 205 1364 Moses
227 1344 312 1364 annos
329 1342 409 1364 natus
424 1345 493 1364 ιλιι
511 1337 629 1373 (Egypto
645 1338 776 1373 populum
793 1338 898 1366 eduxit.

148 1384 177 1410 5.
198 1382 304 1411 Rursus
328 1384 476 1411 secundum
504 1385 650 1412 chronicos
679 1384 790 1413 Eusebii
816 1393 900 1413 cano-

110 1437 164 1457 nes
176 1429 232 1465 (16)
245 1429 347 1457 Jacobo
362 1438 462 1457 annum
477 1430 627 1457 secundum
642 1435 669 1458 et
693 1431 901 1466 nonagesimum

113 1477 206 1512 agenti
223 1477 257 1504 de
267 1476 389 1505 'Itachele
404 1485 488 1505 uxore
503 1476 638 1512 Iosephus
661 1482 742 1505 natus
760 1482 819 1505 est:
842 1482 900 1505 tum

950 236 1100 263 centesimo
1114 239 1141 263 et
1154 236 1263 263 decimo
1279 236 1357 264 obiit.

987 281 1012 309 7.
1041 281 1136 309 Iesum
1161 282 1325 317 praefectura
1349 282 1475 309 Iudicum
1502 283 1649 311 subsecuta
1674 289 1738 317 est;

951 335 1067 362 quorum
1085 328 1189 362 primus

989 374 1008 400 Ι.
1036 373 1169 401 Godoniel
1186 375 1266 401 annis
1281 382 1314 401 η

986 419 1017 446 ll.
1045 420 1156 447 Avodus
1171 420 1251 448 annis
1267 428 1347 447 Lux.

987 465 1029 492 Ill.
1058 465 1178 493 Baracus
1194 470 1221 493 et
1236 465 1342 493 Debora
1357 466 1437 494 annis
1453 475 1496 494 ιι.

987 510 1031 537 IV.
1060 511 1225 547 Samegarus
1240 517 1334 546 postea
1347 513 1394 546 qui
1410 513 1577 548 alienigenas
1593 519 1736 542 sexcentos

950 556 1114 584 trucidavit.

986 602 1018 629 V.
1037 602 1148 631 Gedeon
1164 604 1243 631 annis
1260 612 1304 630 XL.

987 647 1030 675 VI.
1047 648 1240 677 Abimelechus
1255 650 1334 677 annis
1352 658 1390 676 III.

985 694 1044 720 Vll.
1062 694 1148 722 Thola
1164 696 1243 722 annis
1257 703 1336 722 xxIII.

986 740 1051 768 Vill.
1067 740 1159 769 Jairus
1176 741 1255 769 anuis
1270 749 1339 768 xxu.

986 786 1031 813 IX.
1049 786 1206 822 Jephthmus
1220 787 1302 815 annis
1315 795 1352 814 Vl.

984 832 1018 860 Χ.
1038 832 1163 860 Hesebon
1189 834 1270 860 annis
1294 841 1345 862 vri.
1368 833 1495 868 (Baraco
1522 835 1599 862 liberi
1626 839 1736 870 septua-

914 863 934 890 Β
948 879 1034 914 ginta,
1056 878 1191 907 Heseboni
1204 879 1316 914 triginta
1329 863 1438 906 fuerunt
1453 879 1586 919 [ιω-49]).
1601 863 1736 910 Heseboni

949 926 978 953 in
994 925 1170 953 Hebraeorum
1185 926 1334 960 exemplari
1349 927 1476 954 subditur
1491 927 1572 955 Aﬂlon
1585 928 1669 962 judex
1683 936 1732 954 aII-

948 972 991 999 nis
1015 979 1051 1003 x,
1073 979 1155 1006 quem
1175 976 1268 999 tamen
1292 971 1470 1007 Septuaginta
1493 973 1658 1008 lnterpretes
1680 982 1736 1000 non

947 1016 1175 1053 agnoscunt(50).
1188 1016 1275 1051 Hujus
1290 1024 1364 1044 anno
1378 1018 1458 1045 tertio
1471 1018 1548 1045 Ilium
1561 1023 1672 1054 captum
1684 1024 1736 1047 est.

984 1062 1029 1090 XI.
1048 1063 1159 1091 Labdon
1175 1065 1254 1091 annis
1268 1072 1327 1091 VIII.
1343 1063 1430 1099 Hujus
1445 1064 1626 1100 quadraginta
1641 1065 1717 1093 liberi
1730 1087 1736 1096 .

949 1110 1104 1145 horumque
1119 1109 1168 1136 ﬁlii
1183 1110 1296 1145 triginta
1320 1111 1347 1137 in
1367 1111 1538 1146 septuaginta
1560 1112 1646 1140 asinis
1661 1113 1737 1148 equi-

948 1156 1057 1183 tabant.

985 1201 1041 1228 XII.
1064 1201 1197 1237 Sampson
1214 1204 1293 1230 annis
1310 1211 1353 1229 xx.

987 1247 1056 1275 XHI.
1077 1247 1137 1275 Heli
1155 1248 1233 1275 anuis
1252 1256 1294 1274 χι..
1314 1247 1413 1274 Verum
1436 1249 1462 1275 in
1490 1249 1667 1284 Septuaginta
1693 1247 1733 1275 lu-

951 1298 1101 1330 terpretum
1115 1294 1265 1329 exemplari
1281 1294 1439 1321 scribuntur
1455 1303 1489 1322 xx
1506 1295 1526 1320 ³.

987 1339 1059 1367 XIV.
1081 1340 1191 1367 Samuel
1208 1344 1289 1375 atque
1305 1339 1370 1366 Saul
1385 1341 1464 1368 annis
1479 1348 1522 1367 ιι.

987 1387 1013 1414 8.
1033 1386 1104 1413 Sane
1119 1393 1181 1413 cum
1198 1386 1225 1412 in
1243 1386 1390 1413 evolvenda
1407 1386 1480 1414 Semi
1494 1387 1596 1422 stirpe,
1610 1395 1737 1422 procreao

952 1431 1057 1458 tionum
1074 1432 1173 1459 seriem
1194 1431 1267 1458 haud
1291 1432 1410 1459 alienam
1435 1433 1469 1459 ab
1490 1434 1647 1468 evangelica
1671 1434 1727 1460 Mat

953 1478 1014 1505 thsei
1034 1478 1157 1509 ratione,
1173 1486 1261 1513 usque
1277 1478 1310 1504 ad
1325 1477 1474 1512 Josephum
1490 1484 1516 1506 et
1538 1479 1651 1506 Mariam
1673 1488 1740 1507 con—

112 1528 140 1550 et
162 1522 297 1558 Iosephus
308 1531 381 1551 anno
393 1524 480 1552 aetatis
491 1524 597 1552 decimo
611 1524 726 1559 septimo
740 1533 754 1551 a
771 1524 901 1552 fratribus
916 1534 938 1564 ε
955 1527 1081 1550 texturos
1094 1531 1145 1550 nos
1159 1524 1386 1558 promiserimus;
1400 1531 1415 1551 e
1431 1523 1524 1551 Jacobi
1541 1524 1632 1552 liberis
1646 1531 1740 1559 optare

112 1570 244 1598 venditus
262 1572 399 1599 concessit
417 1570 444 1598 in
457 1570 601 1607 Egyptum
615 1580 622 1604 ;
636 1578 752 1606 cumque
763 1570 799 1598 ibi
813 1571 902 1598 trede—

113 1617 170 1643 cim
187 1617 267 1645 annis
282 1617 308 1644 in
315 1618 454 1653 ergastulo
467 1618 574 1649 fuisset,
585 1625 656 1645 anno
666 1617 753 1645 atatis
765 1617 903 1645 tricesimo

113 1663 225 1698 Egypti
241 1663 411 1692 dominatum
428 1665 546 1692 obtinuit
557 1685 564 1696 ,
580 1672 635 1699 quo
651 1671 699 1699 per
719 1671 806 1691 annos
827 1667 903 1690 octo-

110 1709 192 1743 ginta
207 1709 383 1743 perfunctus,
406 1718 478 1738 anno
499 1711 607 1738 demum
625 1710 776 1737 centesimo
796 1709 902 1735 decimo

113 1758 188 1785 diem
213 1766 369 1793 supremum
389 1760 466 1786 obiit.
489 1760 579 1786 f‘rimo
592 1759 759 1794 Egyptiacrc
770 1757 903 1784 ubertatis

112 1812 190 1832 anno
206 1813 296 1833 rerum
312 1806 486 1833 moderamen
500 1806 533 1833 ad
547 1805 696 1840 JoseplIuIII
709 1805 826 1832 delatum
841 1809 882 1831 est
895 1813 900 1830 :

114 1858 191 1877 anno
212 1856 303 1878 autem
328 1855 426 1878 octavo
447 1851 541 1879 sa'vire
565 1851 664 1878 ibidem
692 1850 777 1878 fames
801 1850 901 1885 cmpit,

114 1897 198 1931 cujus
214 1897 377 1924 calamitatis
393 1905 464 1924 anno
479 1898 564 1924 altero
578 1896 697 1924 Jacohus
712 1897 739 1923 in
755 1895 903 1932 [Egyptum

115 1943 260 1970 descendit
284 1951 355 1970 anno
377 1944 466 1970 astatis
488 1950 578 1974 cur,
603 1943 741 1977 vitamque
763 1942 798 1968 ibi
823 1942 902 1968 annis

114 1989 209 2016 adhuc
225 1997 279 2016 xvu
295 1990 456 2025 productam
473 1997 545 2016 anno
560 1989 667 2017 demum
682 1996 772 2016 cuvII
787 1988 901 2018 clausit.

110 2043 173 2070 quo
190 2040 312 2071 tempore
331 2043 422 2063 rerum
442 2036 596 2071 potiebatur
611 2044 683 2063 anno
696 2036 751 2070 jam
771 2039 848 2063 sexto
864 2035 903 2061 vi-

114 2082 275 2115 cesimoque
288 2081 424 2117 Iosephus
434 2101 440 2112 ,
457 2081 505 2116 qui
520 2086 547 2109 et
565 2081 644 2109 annis
659 2089 704 2109 ων
719 2081 866 2116 superfuit.

152 2127 181 2154 6.
200 2126 318 2162 losepho
331 2136 347 2155 e
359 2128 428 2155 vivis
440 2133 543 2162 erepto,
557 2129 716 2155 servitutem
733 2129 778 2155 lilii
794 2128 902 2155 lsraelis

114 2173 274 2200 serviebant
289 2173 424 2209 Egyptiis
440 2174 518 2202 annis
533 2182 622 2201 chIv.
646 2173 727 2201 Fiunt
747 2182 812 2209 ergo
826 2183 842 2200 ει
856 2173 903 2201 Ja-

113 2219 182 2246 cobi
203 2219 335 2247 descensu
356 2220 421 2246 anni
443 2227 522 2247 ccxv.
538 2220 618 2247 Anno
638 2219 780 2247 servitutis
804 2223 899 2254 quarto

962 2211 1058 2244 Porro,
1087 2210 1176 2245 inquit
1193 2210 1250 2244 (52)
1261 2229 1269 2240 ,

116 2271 203 2299 supra
220 2264 417 2299 sexagesimum
431 2264 519 2293 Moses
531 2265 618 2292 lucem
633 2266 754 2300 aspexit;
770 2267 816 2299 qui
828 2270 904 2292 octo-

115 2311 195 2346 ginta
206 2317 292 2338 annos
305 2310 445 2345 ingressus
455 2331 462 2342 ,
476 2319 538 2338 cum
554 2311 637 2338 fratre
649 2310 755 2338 Aarone
766 2314 823 2338 tres
839 2310 902 2338 item

113 2360 145 2383 et
161 2357 298 2391 octoginta
322 2364 408 2384 annos
434 2360 511 2387 nato.
538 2357 668 2392 populum
696 2356 816 2391 Egypto
837 2357 903 2383 sub—

114 2401 197 2428 duxit
211 2410 217 2427 :
230 2402 273 2428 cui
296 2406 439 2437 postquam
456 2402 536 2429 annis
550 2402 732 2438 quadraginta
751 2403 776 2429 in
793 2403 902 2430 deserto

116 2447 290 2482 praefuisset,
316 2455 388 2474 anno
409 2449 495 2475 astatis
519 2448 650 2476 vicesimo
673 2456 755 2483 supra
779 2449 902 2476 centesi-

116 2501 195 2519 mum
214 2494 338 2520 moritur.
357 2493 422 2521 Post
438 2494 539 2522 Mosem
553 2494 633 2522 Iesus
649 2494 715 2521 Navi
729 2494 800 2521 filius
811 2515 817 2526 ,
845 2494 904 2522 Jor-

114 2540 190 2566 dane
200 2540 371 2571 transmisso,
388 2542 516 2575 populum
531 2541 585 2575 (i7)
598 2540 625 2567 in
638 2545 738 2568 terram
755 2542 905 2568 annuntia-

151 2605 174 2620 “
189 2604 329 2638 Jmlic.III,
347 2606 390 2632 5|.
430 2607 439 2620 ³
461 2606 468 2632 Ι
488 2606 554 2642 Reg.
579 2615 619 2638 Iv,
640 2607 681 2633 18.

155 2670 211 2703 (45)
233 2671 274 2697 Al.
290 2671 351 2698 cod.
364 2691 370 2702 ,
386 2679 469 2700 sexto.

154 2705 213 2738 (46)
235 2705 301 2733 Vide
317 2709 350 2732 ad
365 2715 410 2734 an.
426 2707 573 2734 Abrahami
590 2708 652 2734 252.

150 2740 212 2775 ’(47)
226 2741 317 2777 βοιω.
333 2742 420 2773 Αι-ιιι.,
436 2751 479 2769 eos
495 2751 543 2777 pro
558 2743 692 2777 populum.

151 2776 263 2810 (ιε-49)
283 2776 344 2803 Alio
359 2777 385 2803 in
407 2776 500 2804 codice
527 2776 700 2806 desideratur
720 2778 772 2804 hoc
796 2785 904 2805 comma

115 2811 277 2846 parenthesi
301 2812 433 2838 clausum.

155 2846 213 2881 (50)
233 2845 271 2872 Ita
285 2847 366 2873 etiam
382 2846 514 2874 Eusebius
527 2848 560 2874 ad
575 2857 619 2875 an.
636 2849 697 2876 852.
715 2847 813 2874 Verum
830 2848 900 2875 idem

117 2881 147 2908 in
175 2881 268 2916 priore
289 2881 359 2908 libro
384 2883 466 2909 semcl
489 2884 565 2918 ponit
590 2885 666 2918 (col.
682 2883 728 2910 lGi
745 2884 752 2918 )
770 2887 795 2911 et
818 2884 902 2911 semel

279 2930 495 2968 Parnm.qu
515 2933 601 2964 XIX.

953 1567 1050 1595 ludam
1064 1568 1262 1601 debueramus,
1280 1577 1294 1595 a
1318 1576 1373 1603 quo
1393 1570 1599 1604 procreationes
1622 1570 1739 1599 deduce-

954 1622 1046 1642 remus
1061 1623 1068 1646 ;
1092 1615 1220 1649 quoniam
1236 1623 1268 1641 ex
1286 1615 1367 1649 hujus
1384 1616 1495 1642 surculo
1510 1615 1641 1644 Dominus
1661 1625 1740 1644 exor-

954 1665 998 1688 tus
1028 1665 1080 1688 est.
1106 1661 1300 1688 Verumtamen
1323 1669 1436 1688 necesse
1463 1662 1533 1693 fuit,
1558 1663 1584 1689 in
1610 1663 1692 1690 Masis
1714 1667 1740 1690 ct

953 1708 1018 1737 Jesu
1035 1708 1259 1742 reliquorumque
1274 1708 1389 1742 gratiam
1401 1728 1407 1740 ,
1424 1708 1470 1743 qui
1488 1709 1588 1743 populo
1604 1717 1690 1744 usque
1706 1711 1739 1736 ad

955 1754 1085 1782 Davidem
1111 1754 1158 1788 jus
1186 1753 1389 1786 reddiderunt,
1419 1753 1550 1781 Levinum
1579 1755 1638 1782 loco
1664 1754 1741 1783 Jutiae

954 1807 1182 1829 commemorare.
1201 1799 1280 1826 Nunc
1298 1804 1387 1827 autem
1405 1800 1477 1828 unde
1492 1809 1540 1836 par
1557 1805 1598 1827 est
1618 1809 1674 1828 rem
1691 1801 1739 1828 dc-

954 1855 1009 1875 ηυο
1027 1852 1191 1882 repetamus.

989 1894 1016 1921 9.
1038 1894 1212 1921 Abrahamus
1238 1894 1331 1928 genuit
1357 1894 1499 1928 lsaacum;
1526 1894 1634 1921 lsaacus
1657 1893 1740 1922 Jaco-

954 1940 1038 1972 bum;
1056 1939 1174 1966 Jacobus
1199 1946 1272 1965 anno
1291 1939 1379 1965 aetatis
1394 1946 1515 1965 LxxerII
1535 1939 1633 1966 Judam
1653 1948 1668 1968 θ
1692 1940 1741 1969 Lia

955 1994 1039 2013 uxore
1055 1985 1177 2020 suscepit
1192 1995 1198 2017 ;
1215 1985 1300 2012 ludas
1317 1992 1404 2011 annos
1422 1988 1502 2011 natus
1521 1992 1603 2011 IILvIII
1622 1983 1738 2011 Pharem

954 2031 1067 2067 genuit;
1084 2030 1186 2057 Phares
1201 2034 1290 2056 autem
1307 2035 1379 2055 anno
1392 2029 1480 2054 altatis
1502 2036 1565 2054 LVIII
1584 2027 1639 2063 (5i)
1655 2027 1740 2054 Ezro—

954 2081 1038 2105 nem;
1068 2073 1156 2100 Ezron
1183 2079 1255 2098 anno
1282 2071 1370 2098 aetatis
1397 2077 1462 2096 LV’lll
1480 2070 1573 2104 genuit
1589 2069 1739 2102 Aramum;

954 2121 1071 2148 Aramus
1094 2127 1166 2146 anno
1190 2118 1279 2145 aetatis
1304 2124 1374 2143 vau
1403 2116 1495 2150 genuit
1522 2116 1740 2149 Amiuadahum;

955 2165 1141 2193 Amiuadabus
1169 2171 1241 2190 anno
1265 2163 1352 2190 aetatis
1378 2171 1428 2190 xcv
1456 2162 1549 2198 genuit
1576 2161 1738 2189 Naasonem.

1304 2213 1363 2236 erat
1386 2209 1572 2236 Aminadabus
1598 2209 1741 2244 copiarum

954 2257 1031 2285 Judze
1048 2258 1113 2288 dux,
1132 2264 1187 2291 quo
1202 2260 1325 2290 tempore
1341 2254 1429 2282 Moses
1451 2253 1561 2282 lsraelis
1582 2254 1740 2289 progeniem

955 2313 987 2332 ex
1017 2303 1134 2339 Egypto
1163 2302 1284 2329 deduxit.
1310 2300 1472 2328 Conﬂantur
1502 2299 1583 2336 igitur
1610 2308 1626 2327 a
1651 2300 1740 2334 primo

956 2349 1103 2376 Abrahami
1120 2355 1192 2374 anno
1211 2353 1297 2381 usque
1313 2345 1347 2372 ad
1365 2345 1555 2380 migrationem
1572 2352 1604 2372 ex
1623 2343 1741 2379 Egypto

955 2394 1161 2430 procreationes
1179 2401 1241 2424 \‘Ill,
1260 2392 1378 2426 annique
1395 2399 1450 2424 Dv;
1469 2391 1503 2417 ab
1524 2390 1629 2417 Adamo
1651 2393 1742 2416 autem

956 2440 1160 2476 procreationes
1176 2446 1276 2469 xvaII,
1293 2437 1412 2473 annique
1429 2442 1633 2463 mumcnxulx.

992 2487 1035 2513 l0.
1054 2485 1164 2513 Naason
1180 2492 1267 2511 annos
1286 2488 1366 2510 natus
1383 2490 1446 2510 κων
1463 2482 1555 2517 genuit
1574 2481 1740 2507 Salmonem.

957 2532 1092 2567 Eratque,
1110 2532 1148 2559 ait
1166 2530 1221 2566 (55)
1233 2551 1240 2563 ,
1259 2530 1367 2557 Naason
1390 2530 1516 2564 princeps
1541 2527 1617 2554 Iudae
1638 2527 1742 2562 myria-

955 2672 1058 2699 omittit
1083 2671 1157 2704 (col.
1177 2670 1247 2704 168)
1271 2669 1404 2696 .‘Elonem.
1431 2667 1507 2693 Nunc
1534 2665 1643 2704 quidem
1654 2664 1740 2704 “apud

954 2706 1026 2733 LXX
1055 2698 1151 2737 Viros,
1169 2714 1229 2737 cap.
1240 2700 1303 2736 4x”,
1331 2705 1377 2733 Η,
1403 2711 1451 2729 nec
1475 2709 1528 2728 non
1544 2698 1624 2735 apud
1653 2698 1739 2726 Biblia

955 2742 1030 2769 Arm.
1047 2743 1167 2769 occurrit
1185 2739 1276 2767 xElon.

993 2778 1049 2811 (51)
1070 2777 1110 2805 Al.
1127 2776 1201 2805 cod..
1219 2784 1274 2802 I.Ix.

1070 2811 1146 2846 Apud
1178 2811 1341 2842 Eusebium,
1359 2817 1377 2840 I,
1401 2808 1444 2841 ιϐ,
1466 2808 1519 2841 22,
1541 2806 1667 2835 Namson
1688 2814 1742 2835 neu

958 2848 977 2874 Α
984 2848 1151 2875 minadabus.

995 2882 1050 2917 (55)
1071 2881 1186 2909 Ibidem.

1545 2924 1588 2956 20
