1911 3136
212 113 263 138 (ἱ19

722 111 892 139 APPENDIX
910 111 956 139 AD
976 111 1110 140 EUSEBII
1127 111 1338 139 CHRONICON.
1789 113 1836 140 620

212 171 277 197 dum
293 171 319 198 in
335 171 461 206 deserto,
476 172 590 206 ejusque
611 179 690 199 soror
701 171 840 199 Elisabeth
863 171 994 200 Eleazaro
1009 175 1031 203 Α
1045 172 1115 199 haus
1124 172 1261 207 captivum
1276 171 1399 204 abduxit,
1409 178 1553 206 regemque
1566 171 1633 198 dixit
1641 171 1835 200 Eliachimum.

213 216 328 244 Aaronis
344 217 400 244 lilio
416 222 499 252 nupta
516 217 584 250 luit,
601 225 655 252 quo
669 217 798 253 conjugio
822 223 931 245 creatus
955 221 997 245 est

213 260 346 294 Phinees,
368 265 449 297 atque
471 262 508 289 ita
531 263 644 298 conligit
670 267 700 290 ut
719 262 797 291 Iudae
823 271 908 298 genus
933 271 996 291 cum

213 306 332 335 Levitico
347 307 474 335 aiIinitate
488 307 659 343 jungeretur.
679 308 790 336 Salmon
809 317 896 338 annos
913 313 995 337 natus

213 361 283 380 xxxv
300 354 393 388 genuit
414 354 544 382 Boosum.
567 355 696 390 Eratque,
709 356 758 386 ait.
772 355 884 383 Salmon
907 356 995 383 tribus

210 397 286 425 Judze
313 399 454 434 princeps,
481 407 535 435 quo
558 405 680 436 tempore
704 400 784 429 J‘esus
808 409 870 428 cum
893 401 994 436 populo

209 442 353 471 Jordanem
368 444 485 479 trajecit.
514 445 540 473 Is
568 454 680 473 uxorem
705 447 841 482 copulavit
862 447 915 475 sibi
941 447 996 474 Ra-

209 486 325 521 habam,
342 496 422 524 quam
447 489 526 517 divus
541 491 707 526 evangelista
719 491 784 518 dicit
800 490 957 519 Rechabam
971 492 993 519 ⁸.

210 535 281 564 lJem
295 536 498 565 Bethlehemum
510 539 605 566 urbem
617 540 645 566 in
656 539 733 567 Judze
744 540 847 568 ditione
859 541 992 568 fundavit.

245 582 287 611 II.
308 583 412 612 Boosus
435 592 522 613 annos
545 590 626 614 natus
650 594 716 614 cvm
742 587 836 623 genuit
858 587 992 616 Obedum.

209 627 296 656 liooso
312 630 403 665 nupsit
423 629 513 658 Rutha
542 631 667 660 Moabitis
688 632 798 661 femina.
823 633 992 669 Epiphanius

207 674 389 702 Alnanitidem
401 675 439 702 ait
450 675 567 703 Rutham
578 697 585 709 ,
599 678 704 705 scilicet
714 679 906 706 Amonitidem.
922 679 994 708 Obe-

208 721 260 747 dus
273 728 359 748 annos
372 725 452 749 natus
466 730 492 749 Ct
505 724 598 758 genuit
611 723 742 751 Jessaaum
752 733 758 757 ;
770 724 889 753 Jcssaeus
905 733 992 754 annos

210 771 288 794 natus
314 774 384 794 cxxx
410 768 504 803 genuit
531 768 679 803 Davidem;
705 769 790 798 David
807 779 894 799 annos
910 777 993 800 natus

208 819 274 839 ιιίιι
291 814 385 846 genuit
412 813 597 842 Solomonem.
622 815 669 843 Ille
690 816 852 845 tricenarius
877 825 992 854 regnum

1087 218 1178 245 XVIII.
1200 218 1387 250 Eliachimus,
1412 217 1538 252 idemque
1557 217 1738 251 :Ioaehimus,
1760 219 1836 246 annis

1050 271 1099 290 xu.
1117 262 1204 297 Hujus
1221 269 1293 289 anno
1307 263 1414 290 decimo
1435 261 1556 290 .Iudaaam
1580 262 1835 290 Nabuchodonoso-

1050 317 1098 337 rus
1113 309 1234 341 domuit,
1252 312 1278 337 et
1293 313 1354 344 post
1370 314 1508 344 acceptum
1532 309 1566 336 ab
1580 309 1734 337 Eliachimo
1751 310 1836 337 tribu‘

1050 360 1106 382 tum
1124 356 1268 383 abscessit.

1084 399 1154 426 XIX.
1176 400 1351 433 Joachimus,
1368 400 1492 435 idemque
1511 399 1656 427 .Iechonias
1668 420 1676 432 ,
1693 400 1835 428 mensibus

1050 454 1091 473 ιιι.
1110 445 1247 474 Reversus
1270 446 1557 473 Nabuchodonosorus
1575 445 1752 473 Joachimum
1767 454 1834 482 quo-

1049 500 1101 527 que
1117 493 1144 519 in
1160 493 1343 527 captivitatem
1359 491 1520 526 deportavit.

1084 537 1142 565 XX.
1164 538 1317 565 Mathanias
1328 558 1335 570 ,
1355 537 1480 573 idemque
1497 537 1661 571 Sedeehias,
1681 539 1764 566 annis
1779 547 1817 566 xl.

1083 584 1250 612 Duodecimo
1281 584 1420 612 Sedechize
1447 592 1519 612 anno
1546 584 1834 614 Nabuchodonosorus

1048 630 1191 658 Chaldaeus
1212 631 1300 665 captis
1316 630 1512 666 Hierosolymis
1534 632 1665 666 templum
1689 635 1830 660 cremavit.

1048 678 1184 705 lilanserat
1211 678 1343 713 templum
1367 677 1446 706 annis
1471 684 1601 706 cccchu.
1629 678 1657 706 ln
1679 679 1831 715 quadrage-

1048 725 1124 752 simae
1144 724 1266 759 septimae
1284 724 1445 759 Olympiadis
1467 731 1568 751 annum
1589 729 1720 760 quartum
1739 725 1831 753 incidit

1048 770 1215 806 captivitatis
1240 770 1364 802 initium,
1382 770 1531 805 eademque
1554 778 1641 798 annos
1657 772 1830 807 septuaginta

1047 817 1201 852 oecupavit.
1217 815 1284 844 Post
1297 823 1401 843 annum
1416 816 1584 851 captivitatis
1600 816 1763 844 vicesimum
1780 817 1831 844 Na-

209 859 365 893 auspicatus
377 864 435 892 est,
451 861 586 896 annisque
601 869 635 888 xi.
657 862 786 895 retinuit,
806 864 860 890 vita
886 864 920 891 ad
945 872 987 892 se-
1008 859 1029 886 Β
1044 863 1292 892 buchodonosorus
1306 871 1321 891 e
1337 863 1392 890 vita
1407 863 1543 899 migravit.

208 905 405 940 ptuagesimum
422 914 522 934 annum
536 911 683 942 protracta.
699 907 826 936 Solomon
844 917 930 938 annos
942 918 991 937 na-

208 955 249 978 tus
269 960 325 979 xxu
342 952 398 988 (54)
412 954 505 989 genuit
521 953 703 982 Roboamum.
724 954 797 982 Idem
822 960 921 991 quarto
948 964 991 984 re-

208 999 253 1033 gni
270 999 311 1025 sui
329 1006 400 1026 anno
416 1000 509 1035 templi
525 1000 669 1028 aediﬁcium
692 1001 837 1029 excitabat.
859 1002 868 1037 (
878 1001 901 1028 Δ
918 1002 992 1030 Mosc

207 1051 372 1080 egressaque
385 1053 416 1072 ex
433 1046 551 1082 Egypto
565 1055 652 1082 usque
667 1047 701 1075 ad
722 1047 897 1076 Solomonem
919 1052 990 1076 tem-

207 1091 297 1125 plique
322 1091 459 1126 opificium
484 1093 666 1121 coniiciuntur
690 1095 753 1122 anni
779 1102 924 1123 ccccnxxx.
950 1095 992 1123 Ab

207 1137 309 1165 Adamo
332 1142 422 1166 autem
451 1140 643 1175 nulucuix.)
670 1140 742 1168 Idem
771 1141 924 1170 duodennis
947 1150 992 1170 re—

206 1192 287 1219 gnum
303 1185 417 1219 adeptus
438 1190 481 1214 est
505 1186 580 1223 (55),
606 1187 679 1222 quod
703 1195 738 1214 xi.
764 1188 845 1216 annis
872 1188 989 1221 insedit,

206 1230 298 1259 vivens
311 1232 390 1259 annis
405 1239 451 1259 LII.

239 1288 282 1315 l2.
302 1287 367 1316 Post
395 1288 568 1318 Solomonem
595 1290 701 1320 Israelis
727 1299 841 1326 regnum
867 1292 990 1320 bifariam

205 1334 320 1362 divisum
338 1339 389 1363 est.
424 1335 553 1364 Samaria:
574 1337 668 1365 decem
690 1338 817 1367 tribubus
846 1339 988 1375 imperavit

206 1379 383 1408 Ieroboamus
399 1381 496 1409 Nabati
517 1382 603 1415 (ilius,
621 1385 698 1419 isque
720 1393 767 1412 rex
791 1384 898 1413 lsraelis
915 1387 990 1413 voci-

201 1430 276 1455 tatus
292 1431 343 1454 est.
361 1426 537 1463 Jerosolymis
551 1433 641 1456 autem
663 1429 806 1464 imperavit
828 1430 988 1459 Roboamus

206 1472 360 1500 Solomonis
378 1473 449 1501 iilius
460 1493 467 1506 ,
484 1473 561 1509 isque
576 1482 624 1501 rex
640 1475 717 1502 Iuda:
732 1476 883 1511 appellatus
899 1482 951 1505 est.

239 1517 259 1545 I.
281 1517 437 1546 Roboamus
451 1525 545 1555 regnat
557 1519 734 1557 Jerosolymis
748 1523 828 1551 annis
842 1530 908 1550 xvu.

239 1563 272 1591 ιι.
292 1564 376 1592 Abias
392 1565 471 1593 annis
489 1574 530 1593 Ill.

239 1609 282 1638 II.
303 1610 357 1638 Asa
374 1611 430 1647 (56)
445 1613 524 1640 annis
539 1620 594 1640 xu.

238 1656 282 1684 IV.
303 1657 467 1693 .Iosaphatus
484 1659 562 1686 annis
581 1667 633 1687 xxv
653 1660 720 1696 (57).

240 1702 271 1729 V.
292 1702 419 1732 Joramus
436 1704 516 1732 annis
534 1713 594 1732 γιιι.

238 1748 282 1776 Vl.
303 1749 437 1778 Ochosias
455 1758 526 1778 anno
545 1759 563 1778 ι.

237 1795 293 1823 VII.
313 1795 426 1824 Godolia
440 1802 527 1825 mater
541 1797 601 1833 ejus
616 1799 695 1826 annis
711 1807 760 1827 vn.

217 1867 223 1872 _
238 1840 305 1867 VIII.
324 1840 424 1869 Joasus
440 1843 520 1870 annis
535 1851 580 1870 ιιι..
596 1843 663 1872 Tres
681 1844 764 1872 hosce
780 1853 873 1881 reges,
888 1854 986 1881 nempe

196 1885 348 1914 'Ochosiam
374 1895 435 1915 eum
461 1888 575 1916 Godolia
601 1895 703 1923 matre,
728 1890 840 1919 Joasum
859 1896 885 1919 et
903 1892 986 1919 Ama-

201 1931 268 1958 siam
279 1952 286 1965 ,
301 1932 402 1961 idcirco
417 1935 443 1961 in
458 1942 536 1962 suam
551 1937 734 1972 genealogiam
747 1937 914 1972 evangelista
929 1946 985 1965 non

200 1978 307 2011 intulit,
323 1979 395 2014 quod
411 1980 457 2007 illa
473 1981 545 2013 ﬁlia,
561 1981 589 2008 hi
605 1987 717 2017 nepotes
735 1983 838 2010 Achabi
855 1983 981 2011 fuissent.

235 2023 280 2051 IX.
301 2024 424 2053 Amesias
440 2027 519 2054 annis
533 2035 608 2054 xxix.

233 2070 268 2098 Χ.
289 2071 419 2105 Azarias,
445 2073 570 2108 idemque
592 2073 692 2107 Ozias,
721 2075 801 2103 annis
827 2083 875 2102 LII.
903 2075 982 2102 Anno

198 2114 272 2142 Ozias
287 2116 495 2152 quadragesimo
510 2126 582 2146 nono
597 2119 684 2154 prima
700 2121 836 2156 Olympias
851 2125 910 2148 acta
927 2125 980 2148 est.

235 2162 281 2190 XI.
302 2163 461 2192 Joathamus
476 2165 555 2193 annis
571 2173 627 2193 xvr.

1079 907 1123 935 15.
1143 907 1268 935 .Iamvero
1283 908 1310 935 in
1324 907 1441 935 Matthzei
1457 907 1613 943 genealogia
1623 907 1772 936 Jechonias
1785 916 1830 943 ge-

1045 953 1103 982 nuit
1119 953 1293 982 Salathielem
1318 962 1390 982 anno
1404 954 1490 982 aetatis
1506 962 1548 981 LvI
1577 964 1583 981 :
1608 955 1653 982 hic
1675 954 1830 983 Zorobabe-

1043 1000 1095 1027 lem
1117 1008 1189 1028 anno
1216 1008 1259 1028 LVI
1275 1009 1282 1034 ;
1309 1001 1354 1027 hic
1365 1000 1501 1027 Abiudum
1523 1008 1595 1028 anno
1608 1009 1660 1028 ην
1675 1009 1683 1034 ;
1698 1001 1743 1028 hic
1759 1000 1831 1027 Elia-

1043 1046 1162 1073 chimum
1179 1054 1250 1074 anno
1265 1055 1315 1079 1.x;
1334 1046 1377 1073 hic
1385 1046 1582 1086 Azorem‘anno
1597 1054 1697 1079 xxxix;
1716 1047 1762 1074 hic
1782 1047 1831 1074 Sa-

1043 1091 1160 1120 dochum
1179 1100 1252 1120 anno
1267 1100 1342 1120 xxxi.
1355 1092 1446 1120 Primo
1461 1091 1579 1119 Sadoehi
1592 1100 1664 1120 anno
1677 1093 1830 1120 Alexander

1044 1137 1155 1166 Macedo
1175 1138 1314 1165 inclaruit.
1330 1137 1355 1165 Is
1369 1138 1480 1165 Achiam
1492 1145 1563 1164 anno
1576 1139 1664 1165 aetatis
1677 1145 1774 1170 xxxiv;
1787 1138 1829 1165 hic

1041 1182 1168 1210 Eliudum
1189 1190 1261 1210 anno
1286 1191 1355 1213 xxx;
1369 1182 1413 1210 hic
1426 1181 1578 1209 Eliazarum
1607 1189 1678 1209 anno
1690 1190 1746 1209 Lxu
1760 1191 1768 1215 ;
1786 1183 1829 1209 hic

1042 1228 1197 1256 llathanem
1221 1235 1292 1255 anno
1317 1235 1441 1260 xxxvnt;
1462 1227 1507 1253 hic
1523 1226 1652 1254 Iacobum
1672 1234 1745 1254 anno
1774 1235 1827 1260 Lx;

1041 1272 1087 1300 hic
1106 1272 1254 1307 Josephum
1286 1279 1358 1298 anno
1377 1279 1468 1299 Lxxw.
1502 1270 1582 1298 Jesus
1604 1270 1734 1300 Christus
1755 1273 1828 1307 apud

1040 1319 1117 1347 Iudae
1134 1319 1338 1346 Bethlehemum
1359 1317 1492 1345 nascitur.
1520 1317 1632 1344 Summa
1655 1319 1790 1353 temporis
1812 1327 1828 1346 a

1042 1365 1134 1400 templi
1160 1364 1333 1399 reparatione
1359 1363 1392 1391 ad
1416 1364 1518 1391 Christi
1546 1363 1647 1390 natalia
1673 1365 1738 1391 anni
1764 1371 1828 1392 sunt

1040 1419 1124 1439 nxvln
1138 1421 1145 1445 ;
1162 1419 1177 1438 a
1189 1411 1336 1438 Solomone
1348 1411 1491 1446 primoque
1505 1410 1598 1446 templi
1611 1410 1727 1438 aedilicio
1742 1418 1828 1446 usque

1041 1458 1074 1486 ad
1088 1458 1237 1486 secundum
1262 1457 1327 1484 anni
1351 1465 1428 1490 nxu;
1444 1457 1478 1484 ab
1492 1456 1566 1484 exitu
1592 1456 1626 1483 ad
1650 1456 1826 1484 Solomonem

1041 1505 1105 1532 anni
1119 1511 1254 1532 CCCCLXXX
1272 1512 1279 1536 ;
1295 1503 1329 1530 ab
1342 1503 1500 1531 Abrahamo
1514 1504 1548 1529 ad
1561 1503 1663 1530 exitum
1683 1503 1750 1530 anni
1772 1510 1826 1535 nv;

1041 1559 1057 1578 a
1071 1550 1174 1578 diluvio
1187 1550 1221 1577 ad
1237 1550 1422 1577 Abrahamnm
1444 1549 1509 1576 anni
1521 1556 1657 1579 necccun
1672 1557 1680 1581 ;
1704 1549 1740 1576 ab
1754 1549 1828 1576 Ada-

1041 1605 1086 1624 mo
1114 1597 1147 1624 ad
1162 1596 1293 1624 diluvium
1315 1595 1379 1623 anni
1402 1603 1529 1622 unccxul
1549 1605 1555 1622 :
1575 1602 1682 1622 summa
1708 1595 1827 1630 denique

1041 1644 1172 1678 temporis
1188 1642 1222 1670 ab
1236 1641 1341 1669 Adamo
1363 1641 1398 1668 ad
1419 1641 1521 1669 Christi
1545 1640 1646 1668 natalia
1671 1640 1738 1668 anni
1762 1647 1826 1668 sunt

1041 1695 1317 1721 unuuucnxxxxvm,
1345 1691 1427 1723 prout
1456 1687 1634 1722 Septuaginta
1660 1686 1826 1722 Interpretes

1040 1735 1147 1763 docent.

1076 1793 1118 1819 M.
1139 1792 1204 1819 Post
1217 1792 1320 1819 obitum
1337 1791 1492 1819 Solomonis
1504 1811 1512 1824 ,
1530 1795 1559 1818 ut
1573 1791 1630 1825 jam
1646 1791 1753 1820 dictum
1764 1799 1823 1824 est,

1038 1838 1180 1866 Roboamo
1203 1845 1316 1873 regnum
1344 1845 1462 1868 exorso.
1487 1838 1542 1864 imo
1568 1838 1656 1872 primo
1683 1839 1825 1874 regnantis

1039 1891 1111 1911 anno
1122 1903 1130 1916 ,
1147 1882 1278 1910 Samariae
1291 1882 1385 1910 decem
1402 1882 1527 1910 tribubus
1543 1882 1678 1917 imperare
1693 1885 1779 1919 erepit

1074 1930 1095 1958 Ι.
1115 1929 1295 1957 Jeroboamus
1309 1928 1405 1955 Nabati
1422 1928 1493 1956 [ilius
1509 1929 1589 1956 annis
1604 1936 1672 1956 xxn.

1072 1975 1132 2003 Jam
1149 1976 1189 2003 uti
1207 1975 1316 2002 Davidis
1341 1979 1419 2002 aetate
1439 1975 1670 2010 prophetaverant
1693 1975 1823 2008 Gaddus,

1036 2022 1192 2055 Nathanes,
1219 2021 1364 2057 Asaphus;
1389 2029 1540 2056 rursusque
1564 2021 1720 2050 Solomonis
1745 2026 1825 2050 aetate

1039 2069 1195 2101 Sadochus,
1212 2068 1315 2095 Achias
1331 2067 1460 2095 Silonites
1480 2072 1507 2095 et
1530 2067 1661 2102 Sameas;
1683 2068 1722 2095 ita
1741 2069 1824 2096 etiam

1036 2115 1192 2143 Jeroboami
1234 2114 1338 2148 ﬁliique
1365 2113 1426 2147 ejus
1450 2113 1547 2141 Nabati
1574 2118 1654 2141 astate
1680 2114 1822 2142 vaticinati

1037 2164 1101 2188 sunt
1123 2160 1240 2192 Achias,
1264 2158 1395 2190 Sameas,
1419 2163 1476 2185 tum
1500 2163 1528 2186 et
1548 2159 1592 2186 ille
1609 2160 1655 2194 qui
1678 2161 1712 2188 ad
1736 2160 1823 2195 ipsam

235 2208 291 2236 XII.
312 2209 438 2238 Achazus
452 2211 531 2239 annis
545 2220 601 2239 xvr.
616 2211 765 2240 Undecimo
779 2214 882 2241 Achazi
907 2221 979 2241 anno
997 2210 1019 2236 Ι)
1034 2208 1165 2235 Samaria!
1179 2214 1254 2234 aram
1270 2207 1291 2238 ⁵,
1309 2213 1360 2233 nec
1375 2212 1430 2232 “0"
1446 2204 1545 2232 JORSI'S
1556 2225 1563 2236 ν
1581 2210 1607 2232 ει
1620 2205 1678 2234 ³081
1689 2227 1696 2239 .
1711 2211 1738 2234 ει
1753 2207 1823 2234 Λιθ-

200 2254 280 2281 Israel
297 2254 324 2281 in
339 2256 497 2283 servitutem
514 2263 529 2283 a
545 2256 736 2286 Salmanasaro
751 2259 877 2287 redactus
891 2265 944 2287 est.

234 2299 300 2328 XIII.
320 2300 451 2329 Ezechias
470 2302 548 2330 annis
564 2311 638 2331 xxix.
655 2303 733 2332 Nono
759 2305 883 2333 Ezechiae
908 2313 980 2334 anno

198 2345 311 2372 Romam
327 2346 448 2374 condidit
464 2347 615 2382 Romulus,
631 2350 678 2385 qui
693 2355 750 2378 erat
773 2352 805 2378 al.
822 2351 978 2380 Abrahamo

198 2399 286 2419 annus
303 2399 457 2420 MCCLxxxnI
473 2394 539 2430 (58).

233 2437 301 2466 XIV.
322 2438 462 2468 Manasscs
476 2441 556 2469 annis
570 2449 616 2473 μ’.

231 2481 290 2510 XV.
311 2483 430 2511 Amosus
444 2485 524 2512 annis
542 2493 595 2512 xu.

230 2527 300 2556 XVI.
321 2529 408 2558 .Iosias
423 2532 502 2558 annis
517 2540 596 2559 xxxr.

229 2573 312 2602 XVII.
332 2575 483 2605 Joachasus
501 2579 640 2605 mensibus
662 2586 703 2605 III.
725 2576 889 2604 Joachasum
911 2577 980 2605 Nece

228 2652 241 2669 δ
259 2652 353 2680 Matth.
375 2662 394 2686 ι,
416 2655 442 2681 5.
481 2655 491 2670 ³
511 2655 546 2682 Ill
560 2656 628 2691 Reg.
646 2663 704 2687 xm,
727 2654 752 2680 I.

232 2731 286 2767 (5d)
306 2731 349 2758 Al.
364 2732 441 2762 θοὰ..
458 2739 505 2760 xn.

231 2766 286 2800 (55)
305 2767 345 2793 Ita
359 2767 397 2803 ait
411 2771 437 2794 et
451 2767 615 2803 Eupolemus
627 2767 697 2803 apud
708 2767 854 2796 Eusebium
864 2789 871 2803 ,
883 2768 974 2803 Ρητρ.

196 2808 286 2833 evang.
303 2809 328 2827 Ix
339 2820 346 2832 .
361 2801 406 2829 30.
493 2801 501 2803 7

234 2835 289 2872 (56)
308 2836 350 2864 AI.
366 2836 427 2864 cod.
438 2856 445 2869 ,
461 2837 590 2873 Amp/ms.

1036 2255 1090 2282 rias
1105 2254 1231 2288 idemque
1242 2251 1337 2280 Addus
1347 2271 1354 2284 ,
1371 2255 1452 2286 atque
1466 2251 1596 2278 Ananias.

1071 2299 1102 2327 II.
1123 2299 1242 2327 Nabatus
1259 2298 1339 2326 annis
1353 2306 1384 2324 ιι.

1070 2345 1114 2373 Ill.
1135 2345 1214 2380 Bajas
1230 2344 1286 2380 (59)
1303 2344 1381 2372 annis
1398 2351 1473 2371 xxiv.

1070 2391 1115 2419 IV.
1135 2391 1182 2418 Ela
1199 2391 1278 2418 annis
1294 2398 1324 2418 ιι.

1069 2439 1102 2466 V.
1123 2438 1233 2467 Zambri
1248 2438 1388 2466 mensibus
1402 2446 1450 2465 vn.

1069 2484 1114 2512 Vl.
1135 2485 1211 2512 Amri
1227 2485 1308 2512 annis
1322 2493 1372 2512 xu.

1068 2530 1124 2558 VII.
1146 2531 1291 2558 Achaabus
1307 2532 1387 2559 annis
1404 2539 1472 2558 xxn.

1068 2577 1125 2604 Sub
1141 2578 1191 2604 hoc
1206 2578 1342 2612 propheta:
1358 2578 1466 2605 fuerunt
1481 2577 1598 2611 Abdias,
1615 2578 1689 2606 Elias
1699 2599 1706 2611 ,
1722 2578 1804 2607 Jesns
1816 2599 1822 2610 ,

1069 2733 1123 2764 (57)
1143 2732 1185 2760 Al.
1201 2731 1261 2759 cod.
1273 2751 1281 2764 ,
1297 2739 1382 2759 van.

1069 2768 1123 2802 (58)
1144 2767 1242 2795 Maenia
1255 2768 1410 2802 templaque
1423 2767 1515 2796 Romm
1528 2769 1579 2797 hoc
1589 2777 1663 2798 anno
1675 2777 1691 2797 a
1703 2769 1818 2799 Romulo

1032 2803 1163 2831 asdilicata
1178 2802 1259 2829 tradit
1273 2802 1415 2830 Eusebius.

1069 2838 1125 2874 (59)
1143 2837 1261 2873 Euseb.,
1277 2837 1392 2866 Baasus.
