1911 3136
111 164 161 190 C21

485 161 656 190 SAIIIUELIS
676 157 834 188 ANIENSIS
851 160 1021 188 SUMMARII
1041 159 1230 188 TEIII'ORUM
1248 161 1337 188 PARS
1354 162 1373 189 I.

1680 164 1733 192 (ἐξ

110 220 205 253 Oziel,
231 220 346 249 Michael
362 230 369 255 ;
392 221 453 248 falsi
477 226 564 248 autem
592 221 728 257 propheta:
751 220 898 248 Sedechias
912 222 936 251 Α
949 220 1078 249 dimissos
1094 220 1214 253 Iudaeos.
1230 222 1345 256 przeside
1362 221 1529 249 Zorobabele
1542 222 1588 256 qui
1603 222 1732 256 templum

111 272 196 301 atque
211 266 325 294 Ehezer.

148 311 218 338 VIII.
238 312 370 339 Oehosias
384 312 467 340 annis
486 320 515 338 ιι.

152 356 200 383 IX.
221 357 347 385 Joramus
375 358 455 385 annis
487 366 535 385 xu.
559 357 666 385 Iterum
700 358 899 392 prophetabant

113 403 188 430 Elius
204 407 231 430 et
248 403 369 431 Eliswus.
388 403 507 438 Septimo
530 403 631 430 Jorami
659 411 730 430 anno
756 404 828 431 lilias
856 414 899 431 su‘

113 450 238 484 perlatus
256 453 307 477 est.

149 494 183 521 X.
205 494 255 522 Jeu
270 495 349 522 annis
365 503 461 521 xxvuI.

149 539 238 568 Minas
250 561 257 572 ,
274 548 343 576 quas
358 540 404 568 Dei
437 540 511 567 furor
526 542 551 568 in
574 541 713 569 Achabum
734 550 898 577 uxoremque

108 586 174 621 ejus
196 585 348 614 Jezabelem
374 587 542 618 intenderat,
566 587 616 615 .leu
644 588 677 614 ad
701 596 757 615 rem
783 590 898 616 contulit

111 632 192 660 caesis
206 633 376 668 septuaginta
394 633 495 660 Achabi
514 634 605 660 liberis
616 655 623 666 ,
638 642 688 661 nec
703 642 756 662 non
773 634 898 663 Jezabele

112 678 238 711 Sidonia,
251 684 277 706 et
288 680 492 715 quadringentis
502 680 661 708 exsecrandi
672 680 735 708 idoli
748 682 896 717 prophetis.

110 725 165 753 Per
179 726 206 753 id
224 731 329 761 tempus
345 726 416 761 apud
434 727 558 753 Israelem
577 728 756 761 prophetabat
772 728 895 756 Azarias.

147 771 194 799 XI.
215 771 367 799 Joachazus
383 772 462 799 antiis
479 780 543 798 xvu.
563 772 649 808 Ilujus
663 777 742 800 aetate
759 781 804 800 rex
819 774 896 801 Judaa

108 817 211 845 Joasus
225 818 350 845 Azariam
375 818 526 851 interfecit,
540 823 598 846 tum
612 824 639 846 et
654 819 766 848 Elisaaus
782 821 836 847 vita
850 829 895 848 (ιι-

108 864 208 890 cessit.

148 908 205 936 XII.
218 909 316 937 .loasus
325 910 404 937 annis
422 918 477 937 xvi.

147 954 217 981 XIII.
230 954 430 983 Hieroboamus
451 956 530 983 annis
548 963 601 982 xu.
626 955 714 990 Ilujus
729 961 810 984 aztate
825 958 895 984 vati-

107 1001 195 1028 cinati
214 1006 277 1028 sunt
293 1000 527 1035 Oseas,Amosus,
547 1001 629 1029 Isaias
642 1006 667 1029 et
678 1001 772 1030 Jonas.

145 1046 218 1075 XIV.
231 1044 379 1075 Zacharias
396 1048 536 1076 mensibus
551 1056 586 1075 vi.

146 1093 207 1121 XV.
225 1093 361 1121 Selluinus
376 1093 473 1121 diebus
483 1102 547 1121 ην.

145 1139 219 1166 XVI.
235 1139 394 1168 Manaemus
412 1140 492 1167 annis
509 1148 534 1167 ιι.

147 1186 229 1214 XVII.
250 1186 370 1214 Phaeeas
381 1187 459 1214 annis
477 1195 504 1213 χ.
519 1186 596 1214 Nono
613 1187 694 1222 hujus
720 1195 792 1215 anno
808 1187 895 1222 prima

104 1233 246 1268 olympias
263 1237 322 1260 acta
336 1237 389 1260 est.

145 1278 240 1307 XVIII.
258 1278 377 1307 Phaceas
396 1279 476 1307 annis
491 1287 536 1306 xx.

144 1324 218 1352 XIX.
231 1324 315 1352 Oseas
331 1324 410 1353 annis
426 1333 465 1352 ιι.

145 1370 217 1398 Osca
232 1375 371 1406 regnante,
385 1371 476 1398 decem
493 1371 581 1398 tribus
596 1370 721 1398 servituti
735 1370 895 1405 mancipata

107 1420 176 1444 sunt
190 1424 205 1443 a
221 1415 423 1448 Salmanasaro,
449 1416 623 1451 deletumque
646 1415 825 1444 Israeliticum
848 1416 896 1443 Sa-

108 1464 204 1491 maria:
215 1472 338 1499 regnum,
351 1471 423 1491 anno
448 1464 550 1491 Achazi
563 1463 725 1498 imperantis
737 1463 892 1495 undecimo,

108 1514 256 1545 postquam
267 1510 346 1537 annis
362 1517 411 1537 ccr.
422 1512 555 1538 stetisset.
580 1509 649 1536 Hine
662 1513 752 1536 autem
771 1509 804 1536 ad
825 1512 894 1536 tem-

953 267 1102 302 urbemque
1130 268 1251 295 restituit
1269 277 1275 295 :
1295 271 1352 294 tum
1361 272 1388 295 et
1404 267 1547 302 pontiﬁces
1570 268 1734 295 exstiterunt

952 321 1037 347 usque
1050 318 1083 339 ao
1100 317 1210 340 unctum
1224 313 1332 345 ducem,
1350 313 1378 340 in
1390 321 1444 348 quo
1460 314 1622 348 patriarchae
1638 313 1733 342 Jacobi

950 359 1106 386 vaticinatio
1125 359 1227 386 exitum
1258 359 1355 386 sortita
1379 362 1421 387 est
1436 359 1552 386 dicentis
1567 368 1574 387 :
1590 359 1668 386 Haud
1683 359 1733 386 de-

949 404 1083 432 fectorum
1096 413 1110 431 e
1121 403 1190 430 Juda
1207 403 1356 439 principem
1366 424 1373 435 ,
1389 404 1431 431 vel
1444 403 1477 430 de
1492 404 1615 438 ejusdem
1631 403 1733 432 femore

949 449 1056 481 ducem,
1074 449 1161 483 quoad
1173 448 1217 475 ille
1232 448 1390 476 adventaret
1415 449 1449 475 ad
1460 457 1539 483 quem
1555 449 1671 484 pertinet
1683 449 1733 477 ἰιιι-

949 496 1054 530 perium
1070 496 1089 523 ⁸.
1104 495 1162 522 Jam
1175 496 1244 523 duce
1260 496 1427 524 Zorobabele
1443 496 1565 531 pontifex
1578 501 1637 524 erat
1651 495 1733 524 Jesus

947 542 1090 570 Josedechi
1106 542 1178 569 ﬁlius
1196 550 1203 567 :
1217 543 1278 569 exin
1301 541 1442 569 Jachimus
1456 562 1463 574 ,
1482 542 1552 569 idem
1565 543 1610 577 qui
1622 542 1733 569 Joaelii~

949 595 1020 619 mus,
1035 587 1099 615 .Iesu
1115 588 1206 615 ﬁlius:
1224 595 1273 615 nec
1299 596 1354 615 non
1384 587 1480 614 Elarus
1494 589 1560 623 (60),
1588 589 1658 616 idem
1686 588 1732 622 qui

947 634 1100 665 Esiasibus,
1118 635 1191 662 ﬁlius
1213 633 1341 661 Jachimi.
1371 634 1435 660 Erat
1446 635 1558 669 insuper
1578 634 1679 662 Esdras
1693 643 1734 661 szi-

947 680 1056 713 rerdos,
1069 680 1159 708 scriba
1180 680 1269 715 legum
1292 688 1445 712 sacrarum,
1472 680 1627 715 nobilisque
1641 681 1735 707 doctor

947 733 1042 753 eorum
1051 726 1097 761 qui
1114 725 1251 761 Babylone
1280 726 1306 753 in
1332 726 1452 753 .lud:eam
1470 726 1649 753 ascenderant
1667 729 1731 761 (61].

945 771 1045 799 Joadas
1062 772 1139 798 Asibi
1157 772 1237 804 Illius,
1255 772 1307 799 sub
1320 780 1375 806 quo
1388 771 1534 798 Nehemias
1556 773 1734 806 Artaxispin-

946 826 1040 850 cerua,
1051 826 1149 854 genere
1159 817 1299 850 Hebraeus,
1312 818 1450 853 Babylone
1465 819 1536 845 venit
1550 818 1733 853 Ilierosolynm

949 872 1097 898 murosque
1109 863 1249 891 excitavit.
1265 863 1385 891 Joannes
1398 863 1489 890 Joadu:
1506 864 1586 891 ﬁlius.
1615 864 1731 890 Joannis

948 910 1020 937 ﬁlius
1033 910 1148 942 Jaddus,
1159 910 1239 944 cujus
1250 914 1329 937 aetate
1346 909 1457 937 Ilacedo
1472 910 1624 936 Alexander
1639 910 1734 936 Ιιὶιειυ-

948 957 1053 991 solyma
1067 955 1207 990 ingressus
1223 955 1307 982 Deum
1318 955 1453 982 adoravit.
1466 956 1548 982 Unius
1563 955 1640 982 .laddi
1653 956 1734 981 ﬁlius.

947 1002 1059 1029 Simeon
1073 1004 1253 1036 cognomento
1273 999 1379 1028 Justus.
1400 1000 1534 1027 Simeonis
1561 1000 1643 1027 frater
1659 1000 1736 1027 Eira-

948 1055 1039 1079 zarus,
1051 1047 1166 1081 subquo
1178 1045 1357 1081 Septuaginta
1380 1045 1436 1072 Viri
1453 1046 1560 1073 divinos
1576 1046 1659 1072 libros
1672 1045 1735 1071 Ριο-

947 1093 1032 1120 Iemaei
1045 1093 1119 1129 regis
1131 1093 1210 1128 jussu
1225 1093 1258 1120 ad
1280 1092 1381 1120 (ἔπεσε
1398 1092 1495 1127 lingua:
1511 1092 1735 1119 consuetudinem

946 1137 1168 1164 transtulerunt.
1198 1137 1338 1164 Manasses
1366 1136 1485 1163 Eleazari
1512 1141 1634 1171 patruus.
1651 1136 1734 1164 Onias

948 1180 1085 1208 Simeonis
1099 1180 1170 1209 Iusti
1194 1181 1275 1209 ﬁlius.
1296 1180 1371 1208 Oniaa
1395 1181 1466 1209 ﬁlius
1485 1182 1604 1212 Simeon,
1618 1182 1669 1208 sub
1682 1190 1735 1215 quo

946 1231 1009 1254 erat
1022 1226 1104 1254 .lesus
1123 1226 1242 1254 Sirachi.
1261 1226 1396 1254 Simeonis
1412 1227 1481 1253 ﬁlius
1496 1227 1588 1254 Onias.

983 1273 1027 1301 I8.
1045 1272 1113 1301 Tres
1128 1273 1227 1301 deinde
1246 1281 1278 1300 ac
1291 1273 1401 1308 triginta
1418 1278 1476 1308 post
1492 1274 1734 1300 annosAntlocnus

947 1318 1103 1353 Epiphanes
1119 1318 1239 1346 Iudaeam
1268 1319 1411 1353 ingressus
1439 1320 1626 1354 ponliliratum
1640 1318 1734 1345 Iudai-

946 1372 1008 1391 cum
1020 1372 1036 1391 a
1055 1363 1120 1391 .lesu
1135 1368 1317 1399 cognomento
1327 1363 1427 1391 Jasonc
1442 1365 1473 1391 ad
1486 1365 1606 1397 ejusdem
1625 1364 1734 1391 fratrem

946 1408 1045 1437 Oniam
1063 1410 1241 1443 -transtulit;
1271 1417 1368 1437 rursus
1400 1409 1463 1436 huic
1492 1413 1636 1444 ereptum,
1661 1408 1735 1436 Onia:

946 1460 1125 1491 cognomento
1143 1455 1263 1482 Menelao
1278 1455 1360 1482 dedit.
1381 1455 1442 1482 Mox
1464 1455 1557 1490 elapso
1574 1455 1732 1490 quinquen-

946 1502 992 1529 nio
1011 1501 1151 1538 occupatis
1176 1500 1372 1537 Hierosolymis
1397 1501 1526 1536 templum
1555 1500 1678 1535 diripuit,
1697 1501 1735 1527 si-

108 1557 185 1591 plum
207 1555 402 1592 Hierosolymis
420 1555 681 1583 Nabuchodonosori
699 1555 726 1583 vi
743 1554 794 1583 sub
808 1554 893 1582 Sede-
909 1568 929 1596 C
946 1547 1130 1596 BFumIWis
1149 1547 1280 1596 υίῖωρίεξ
1312 1547 1411 1596 illidet“
1432 1547 1592 1596 ξοηοθίνίῑὶ
1616 1547 1642 1573 in
1657 1545 1735 1573 θητί-

107 1603 172 1630 chia
188 1610 313 1630 eversum
329 1602 393 1630 anni
407 1606 586 1630 numerantur
601 1610 673 1630 CLVI.

144 1650 189 1677 I5.
206 1648 226 1675 E
242 1649 464 1685 Paralipomenis.
481 1649 540 1677 Jam
560 1650 593 1677 de
614 1649 709 1676 Levini
739 1656 840 1685 genere
856 1655 901 1675 sa-

107 1694 237 1721 cerdotes
246 1702 333 1729 usque
343 1695 376 1721 ad
392 1694 580 1729 captivitatem
611 1694 721 1721 fuerunt
734 1694 761 1720 hi
773 1703 779 1719 :
796 1693 899 1723 Aaron.

110 1741 267 1772 Eliazarus,
285 1740 415 1773 Ihinees,
430 1741 564 1772 Abiudus,
579 1741 719 1773 Borchias,
737 1739 829 1771 Ozias,
848 1739 900 1766 Za-

111 1795 188 1818 reas,
201 1787 362 1818 Mariolhus.
392 1787 527 1818 Amarias,
551 1786 712 1817 Achitobus.
745 1785 898 1816 Sadochus,

109 1833 270 1864 Achiamas,
285 1833 409 1865 Azarias,
420 1832 519 1864 Jonan,
532 1832 654 1863 Azarias.
666 1832 801 1863 Amarias,
818 1831 900 1858 Achi-

107 1879 205 1910 tobus.
223 1879 376 1910 Sadochus,
394 1879 508 1905 Elumus
521 1899 528 1910 ,
547 1878 685 1910 lIeIchias,
703 1879 827 1909 Azarias,
846 1877 899 1904 Za-

112 1933 198 1956 razus,
219 1924 397 1956 Josedcchus,
427 1925 473 1959 qui
497 1925 660 1960 Babylonem
691 1925 826 1952 concessit
844 1932 898 1959 quo

110 1976 235 2005 tempore
251 1970 535 1999 Nabuchodonosorus
561 1970 658 1998 Iudam
676 1971 810 1998 servitute
822 1978 898 2005 pres-

110 2017 159 2044 sit.
175 2015 461 2052 Hchara'ipomenis
474 2017 664 2044 commendata
679 2020 753 2043 sunt.

150 2062 194 2089 16.
212 2062 377 2097 IgiturJosia
394 2063 502 2090 tertium
515 2063 570 2097 jam
596 2067 621 2089 et
641 2062 776 2089 decimum
796 2070 897 2089 annum

110 2106 192 2134 Iuda:
216 2108 375 2142 imperante.
409 2108 516 2134 initium
540 2108 722 2144 prophetandi
746 2107 896 2135 Hieremias

112 2153 181 2180 fecit
196 2163 203 2180 :
222 2159 277 2179 tum
294 2157 319 2180 et
337 2161 409 2180 anno
432 2153 554 2187 ejusdem
584 2153 655 2186 regis
673 2153 794 2180 secundo
815 2159 897 2187 supra

113 2199 275 2227 \icesimum
288 2199 442 2234 Sophortias
470 2203 497 2226 et
516 2199 666 2227 Hieremias
682 2200 896 2234 prophetabant:

954 1595 1016 1621 zino
1029 1594 1084 1630 (62)
1099 1599 1188 1621 autem
1220 1593 1294 1621 Jovis
1316 1593 1463 1627 Ilospitalis
1478 1594 1499 1620 ⁷.
1522 1593 1559 1619 Ea
1575 1596 1736 1627 tempestate

954 1642 1097 1669 Ilatathias
1122 1640 1232 1675 quidam
1258 1639 1386 1667 sacerdos
1408 1639 1559 1666 Asamonaai
1586 1638 1657 1666 ﬁlius
1671 1658 1679 1671 ,
1701 1647 1732 1665 cx

952 1688 1054 1723 oppido
1071 1687 1210 1720 IIodimo,
1236 1687 1307 1714 bello
1331 1686 1463 1713 adversus
1490 1685 1582 1720 copias
1606 1685 1734 1712 Antiochi

952 1742 1014 1762 cum
1029 1733 1091 1761 ﬁliis
1102 1733 1161 1760 suis
1172 1732 1341 1760 decertabat.
1364 1730 1396 1758 Et
1414 1730 1499 1758 Iudas
1524 1738 1590 1758 sane
1608 1731 1679 1758 ﬁlius
1694 1730 1735 1757 fn-

952 1786 1012 1814 gam
1026 1778 1153 1813 Syrorum
1164 1777 1239 1809 fecit,
1256 1776 1440 1810 templumque
1453 1775 1586 1806 lustravit,
1599 1782 1631 1801 ac
1648 1775 1734 1809 patria

951 1831 1029 1851 sacra
1047 1823 1177 1854 restituit,
1195 1829 1256 1857 quae
1285 1821 1403 1848 triennio
1417 1820 1615 1847 obsoleverant.
1633 1819 1734 1847 Deinde

950 1870 1063 1898 Menelai
1090 1869 1246 1896 Iudaeorum
1267 1867 1404 1903 pontiﬁcis
1428 1866 1608 1895 sacerdotium
1635 1866 1734 1900 excipit

949 1918 1082 1947 Alcimus,
1105 1916 1177 1943 idem
1203 1915 1249 1950 qui
1270 1914 1421 1944 Jachimus,
1448 1914 1552 1940 alienus
1567 1913 1629 1940 licet
1640 1913 1733 1947 generi

949 1962 1122 1990 sacerdotali.
1148 1961 1329 1994 Quamobrem
1353 1960 1436 1986 Onias
1455 1958 1594 1986 sacerdote
1607 1959 1732 1993 progeni-

947 2014 992 2037 tus
1014 2010 1039 2036 in
1056 2009 1203 2044 Egyptum
1217 2007 1409 2042 proﬁciscitur,
1428 2006 1518 2040 ibique
1534 2005 1626 2031 urbem
1640 2004 1734 2031 condit

949 2056 1100 2090 Amopolim
1115 2055 1217 2089 (65).in
1233 2061 1318 2088 eaque
1335 2053 1464 2087 templum
1489 2051 1521 2078 ad
1540 2051 1626 2077 instar
1640 2050 1734 2077 Iliero-

949 2100 1105 2135 solymitani
1133 2099 1292 2134 erigendum
1306 2102 1395 2124 curat.
1415 2097 1537 2124 Aplciluus
1565 2100 1654 2122 autem
1670 2103 1733 2122 cum

948 2146 1017 2174 Juda
1035 2146 1185 2181 conﬂigens
1210 2145 1285 2172 brevi
1302 2153 1317 2171 a
1334 2144 1389 2171 Deo
1417 2150 1564 2178 percussus
1597 2142 1698 2169 interiit
1711 2141 1731 2167 ³.

950 2192 1031 2227 Igitur
1044 2192 1181 2219 connnuni
1210 2191 1339 2226 suffragio
1366 2190 1549 2219 sacerdotium
1577 2189 1609 2216 ad
1636 2187 1733 2216 .ludam

114 2252 266 2280 rursusque
281 2253 352 2272 anno
368 2245 505 2273 Sedechiaa
522 2249 620 2280 quarto
634 2245 774 2273 Baruchus
790 2250 817 2273 et
833 2245 894 2272 Ilie-

952 2239 1077 2266 collatum
1090 2242 1142 2265 est.

115 2292 218 2318 remias
232 2300 239 2317 :
255 2296 350 2318 octavo
364 2295 453 2318 autem
480 2291 644 2325 captivitatis
658 2299 729 2317 anno
741 2291 831 2318 Daniel
847 2291 897 2317 Ba-

114 2337 216 2371 bylone
231 2340 257 2363 et
275 2336 417 2364 Ezechiel:
436 2341 491 2362 tum
510 2344 582 2363 anno
594 2340 690 2363 octavo
714 2344 745 2363 ac
756 2337 896 2364 tricesimo

114 2383 233 2417 Aggaus
253 2386 280 2408 et
303 2382 470 2409 Zacharias:
492 2386 569 2412 sexto
589 2381 706 2416 denique
719 2390 790 2409 anno
812 2389 895 2416 supra

114 2429 314 2463 sexagesimum
333 2428 412 2455 iidem
426 2428 540 2463 Aggaeus
554 2435 586 2455 ac
600 2427 757 2458 Zacharias,
779 2429 897 2463 itemque

114 2474 273 2501 Malachias.
287 2475 344 2501 Alia
370 2474 482 2501 historia
502 2473 586 2501 tradit
608 2475 767 2502 vaticinatos
781 2482 842 2501 esse
856 2475 897 2500 his

113 2520 286 2554 temporibus
313 2518 477 2551 Naliumum,
491 2519 718 2551 Ambachumum,
733 2519 892 2547 IiIalachiam

113 2572 198 2600 atque
212 2565 359 2593 Danieleui.

152 2609 196 2637 I'I.
214 2610 334 2638 Iamvero
345 2619 398 2645 quo
409 2615 488 2645 pacto
500 2610 622 2639 videntes
632 2614 659 2638 et
676 2611 814 2646 propheta:
825 2611 896 2646 apud

113 2665 239 2693 captivos
247 2662 334 2690 erant,
353 2658 447 2684 eodem
459 2658 539 2684 etiam
559 2662 619 2692 post
641 2665 693 2684 tu
721 2665 808 2684 annos
825 2658 894 2691 apud

987 2307 1028 2333 IS).
1043 2307 1061 2333 I.
1076 2305 1171 2337 ludas,
1187 2305 1232 2340 qui
1255 2309 1282 2331 et
1297 2303 1495 2333 Macchahaaus.
1524 2303 1602 2330 annis
1618 2311 1646 2330 ιιι
1663 2303 1733 2330 intra

949 2352 1126 2388 Olympiadem
1140 2351 1316 2378 centesimam
1332 2350 1584 2384 quinquagesimam
1599 2349 1731 2384 quintam.

985 2408 1016 2435 II.
1033 2407 1174 2439 Jonathas,
1190 2407 1236 2441 qui
1253 2410 1279 2432 et
1292 2405 1434 2440 Aphuthus
1446 2425 1453 2436 ,
1465 2405 1544 2431 anuis
1555 2412 1612 2430 xix.

987 2453 1029 2480 III.
1045 2453 1149 2484 Simon,
1163 2452 1210 2487 qui
1222 2457 1248 2479 et
1262 2451 1382 2483 Tarscis,
1402 2451 1482 2478 annis
1496 2458 1556 2477 vui.

986 2498 1030 2526 IV.
1046 2498 1199 2534 Hyrcanus,
1213 2497 1259 2532 qui
1275 2500 1301 2524 el.
1314 2496 1445 2527 Joannes,
1462 2498 1542 2523 annis
1557 2503 1629 2522 xxvt.

986 2555 1018 2582 V.
1038 2555 1209 2583 Aristabulus
1223 2562 1294 2581 anno
1309 2562 1326 2581 ι.
1348 2554 1387 2581 Ad
1402 2554 1581 2581 sacerdotium
1593 2551 1734 2578 Aristabu-

950 2599 993 2628 lus
1008 2601 1131 2628 diadema
1143 2601 1245 2636 regium
1254 2600 1362 2634 adjecit.

987 2656 1026 2683 VI.
1041 2656 1178 2690 Jannaaus,
1198 2657 1280 2692 quiet
1293 2656 1460 2688 Alexander,
1477 2654 1556 2681 annis
1570 2661 1644 2680 xxvn
1665 2652 1731 2687 (66).

151 2735 163 2751 ⁸
181 2734 251 2763 Gen.
272 2742 346 2761 nix.
367 2734 409 2761 I0.
447 2735 456 2750 "
472 2734 494 2761 II
511 2735 632 2762 Machab.
651 2744 687 2767 Vt,
708 2735 734 2761 ἲ.
772 2736 782 2751 ⁸
801 2734 820 2761 ΙΙ
837 2734 965 2762 Machab.
982 2743 1019 2767 ix,
1041 2735 1084 2768 55,
1099 2735 1143 2762 56.

153 2804 210 2838 (60)
227 2802 265 2829 Ita
277 2802 384 2838 codices
401 2802 545 2830 Samuelis.

152 2837 208 2872 (6i)
221 2837 322 2865 Confer
335 2837 479 2864 Eusebium
492 2838 525 2865 ad
544 2847 588 2866 an.
605 2838 682 2866 I358.

153 2874 212 2911 (62)
227 2872 313 2901 Codd.
320 2891 327 2905 ,
341 2872 459 2899 Samrin.

987 2789 1042 2838 (63$
1055 2803 1199 2834 Eusebius,
1215 2803 1247 2829 ad
1260 2811 1360 2829 annum
1376 2801 1450 2833 1856,
1469 2801 1598 2836 οηυρΙιὶι.

988 2838 1042 2873 (GI)
1058 2839 1098 2865 Al.
1117 2839 1189 2871 cod.,
1210 2846 1311 2865 xxxvu.
