1911 3136
193 122 246 149 (εὲὅ

716 119 886 147 APPENDIX
905 120 951 146 AD
970 119 1104 148 EUSEBII
1125 120 1331 149 CHRONICON.

1783 119 1830 147 691

228 179 286 207 VII.
303 178 457 207 Alexandra
479 184 547 206 uxor
574 178 720 205 Alexandri
746 178 825 206 annis
855 185 893 205 ιχ.
922 178 983 206 Ilaec
998 183 1022 211 Α
1071 178 1115 206 IV.
1136 179 1244 211 Zames,
1259 180 1304 214 qui
1317 183 1343 206 et
1360 178 1474 210 Ninuas,
1491 177 1569 205 annis
1586 186 1673 204 χχχιι.

189 225 349 253 Alexandra
362 224 455 251 Salina
469 227 563 251 vocata
584 227 636 251 est.

227 271 295 298 VIII.
310 270 453 306 Hyrcanus
465 270 545 297 annis
560 278 644 296 xxxiv
661 269 728 305 (65).

226 318 271 345 20.
287 318 354 344 Cum
369 316 542 343 Aristabulus
564 320 591 343 et
613 315 757 350 Hyrcanus
771 316 919 344 Alexandri
936 317 983 343 ﬁlii

194 365 265 391 inter
280 371 309 390 se
326 365 529 394 concertarent,
542 361 689 397 Pompeius
702 363 841 390 Romanus
851 370 982 398 superve-

192 409 464 438 niensAristabqum
476 408 602 435 vinctum
613 416 706 436 secum
720 409 843 442 abduxit,
858 409 984 445 Hyrcano

191 460 281 483 autem
300 455 492 490 pontiﬁcatum
506 455 692 487 conﬁrmavit.
709 455 754 490 qui
773 455 884 490 quidem
903 456 983 484 annis

190 507 308 536 quatuor
325 501 493 537 trigintaque
505 506 567 536 post
584 509 599 527 a
619 501 727 529 Parthis
751 506 847 536 captus
860 505 914 530 est.
939 501 985 529 Sic

189 548 344 576 Judaaorum
373 555 486 583 regnum
498 549 628 582 unctique
658 547 787 582 praesides
812 548 984 586 desiverunt,

190 596 229 622 uti
248 595 343 622 Daniel
365 594 525 630 praedixerat
540 601 545 619 :
570 597 716 621 unctorum
729 597 820 621 autem
834 594 984 629 praesidum

190 642 301 669 nomine
315 640 672 676 pontiﬁcesintelliguntur,
690 641 736 675 qui
756 644 820 676 post
840 640 983 668 redituma

190 688 352 723 captivitate
365 688 468 723 populo
482 687 651 722 prmluerunt
666 697 671 714 :
691 687 793 721 quique
806 687 864 714 orsi
878 693 893 712 a
906 693 985 713 sexa-

191 737 293 769 gesima
305 735 399 769 quinta
415 734 568 769 Olympiade
586 734 639 760 sub
654 732 746 765 Dario,
764 733 919 769 Olympiade
935 732 982 759 de-

190 788 265 807 mum
279 781 427 808 centesima
441 781 606 814 octogesima
628 783 705 807 sexta
735 779 815 807 ﬁnem
838 778 982 807 fecerunt:

1069 226 1101 252 V.
1122 226 1204 253 Arius
1219 226 1299 253 annis
1313 234 1376 252 xxx.

1070 271 1114 299 Vl.
1135 271 1246 299 Aralins
1259 272 1338 298 annis
1354 278 1396 297 χι.

1071 316 1125 343 VII.
1146 316 1261 348 Xerxes,
1279 317 1326 351 qui
1340 319 1366 343 et
1381 316 1489 347 Baleus,
1505 316 1585 343 annis
1601 323 1665 342 xxx.

1070 362 1136 389 VIII.
1157 363 1349 390 Armamithris
1366 363 1445 390 annis
1462 370 1576 390 xxxvtu.

1070 409 1115 437 IX.
1135 409 1269 437 Belochus
1281 410 1360 437 annis
1376 418 1457 438 xxxv.

1070 454 1104 482 X.
1125 454 1221 482 Baleus
1236 455 1315 482 annis
1329 463 1363 482 xv
1376 455 1443 490 (69).

1071 500 1115 528 XI.
1136 501 1249 529 Altadas
1262 501 1341 528 annis
1353 509 1439 528 χχχιι.

1071 546 1126 573 XII.
1148 546 1279 574 MameIus
1293 547 1373 574 annis
1389 555 1453 574 xxx.
1467 547 1546 574 Anno
1561 546 1644 581 hujus
1663 550 1766 581 quarto
1781 545 1824 573 de-

1036 593 1107 621 cimo
1123 592 1258 628 Iosephus
1274 593 1350 620 obiit.

1072 638 1140 666 Xlll.
1162 639 1295 674 Mamylus
1310 639 1379 665 alter
1393 638 1473 666 annis
1488 646 1553 665 xxx.

1072 684 1140 711 XIV.
1162 684 1320 719 Sparzethus
1336 685 1415 712 annis
1432 692 1475 711 χι..

1072 731 1128 758 XV.
1150 731 1324 759 Mancbaleus
1340 731 1420 758 annis
1436 738 1499 757 xxx.

1070 776 1141 805 XVI.
1174 776 1303 812 Sphaerus
1333 777 1413 804 annis
1445 785 1491 804 xx.
1527 775 1612 811 Ilujus
1643 783 1717 803 anno
1747 777 1823 804 tertio

190 825 263 860 quod
281 826 411 860 temporis
432 826 603 853 intervallum
620 825 713 852 Daniel
730 825 862 860 propheta
876 828 986 859 septua—
1036 823 1155 859 Cecrops
1171 823 1286 851 Athenis
1302 823 1407 859 primus
1424 823 1557 858 regnavit.

191 873 479 907 ginla‘lichdonmdum
507 874 586 899 titulo
604 873 822 900 adumbraxerat.
847 873 977 908 Equidem
994 862 1015 889 Β

191 922 253 952 post
266 916 421 953 Hyrcanum
438 927 516 945 llL‘lllO
532 918 582 945 fuit
597 926 610 945 e
622 927 720 953 genere
740 918 912 949 sacerdotali.
931 918 978 945 sed

191 961 289 995 ignota:
305 962 398 996 stirpis
413 963 543 989 menstrui
557 963 666 997 quidam
682 964 720 990 vel
736 963 817 989 annui
836 963 977 998 praesides.

190 1005 260 1033 Tum
275 1007 392 1042 denique
406 1007 525 1035 Herodes
537 1009 688 1044 alienigena
714 1018 827 1044 regnum
848 1009 976 1041 obtinuit,

190 1052 271 1086 cujus
283 1053 420 1079 tricesimo
438 1055 557 1081 suutlnlIO
575 1063 646 1081 anno
666 1055 797 1083 Dominus
821 1055 919 1084 Noster
930 1055 977 1084 Je-

191 1106 239 1125 sus
250 1098 379 1126 Christus
397 1105 477 1126 natus
493 1106 545 1127 est.

497 1167 610 1194 CAPUT
626 1169 668 1196 VI.

420 1223 513 1249 C/mmi
529 1227 652 1258 prosapia
676 1226 745 1260 (66).

228 1279 252 1306 I.
270 1278 410 1307 Hactenus
425 1288 475 1308 nos
492 1289 542 1316 pro
553 1286 682 1317 suscepto
696 1284 838 1318 proposito
853 1289 977 1319 posteros

190 1323 263 1352 Scmi
277 1326 311 1352 ad
325 1326 471 1354 adventum
489 1335 575 1362 usque
595 1328 697 1356 Christi
723 1330 824 1357 divinis
844 1331 922 1359 libris
934 1333 978 1359 in-

188 1372 246 1398 nixi
260 1371 434 1407 digessimus.
452 1373 530 1400 Nunc
548 1375 581 1401 ad
599 1374 733 1402 Chamum
758 1384 819 1411 quae
841 1378 978 1411 pertinent

187 1416 333 1444 scribenda
362 1422 443 1451 sunt;
466 1419 539 1446 haud
566 1427 646 1453 sane,
672 1424 701 1447 ut
713 1420 798 1454 Semi,
827 1422 977 1450 liberorum

190 1462 346 1495 successio,
364 1464 411 1490 sed
427 1472 560 1492 annorum
582 1474 729 1500 numerus,
744 1475 838 1502 regum
855 1469 976 1501 nomina,

185 1510 248 1535 'tum
259 1516 382 1543 quaenam
400 1514 494 1544 gentes
516 1512 637 1546 potentia
660 1517 746 1540 auctae
767 1514 914 1542 alterutras
932 1515 978 1543 de-

184 1553 326 1586 vicerunt,
344 1562 429 1589 usque
441 1556 473 1582 ad
488 1556 634 1584 humanam
663 1557 817 1586 Servatoris
838 1564 975 1586 naturam.

189 1597 229 1625 Ex
242 1606 275 1626 eo
284 1599 367 1634 igitur
383 1601 453 1632 loco,
475 1602 502 1628 in
531 1610 585 1637 quo
611 1610 702 1630 sermo
725 1609 820 1632 noster
844 1605 977 1638 substitit,

184 1651 252 1671 eum
269 1645 365 1672 Chami
386 1648 597 1681 procreationes,
607 1655 688 1684 prout
704 1657 751 1677 eas
767 1658 854 1678 sacrae
869 1651 978 1680 Littera:

188 1690 347 1724 tradebant,
361 1691 556 1727 descripsimus
569 1703 576 1727 ;
595 1696 704 1729 exinde,
717 1696 841 1732 inquam,
856 1697 978 1725 ordiatur

190 1738 310 1764 narratio
321 1746 336 1766 e
351 1743 433 1766 certae
448 1739 509 1767 ﬁdei
531 1740 608 1769 libris
636 1742 744 1776 hausta,
767 1752 865 1779 nempe
878 1753 976 1773 secun-

188 1783 253 1810 dum
279 1786 452 1813 narrationes
477 1787 671 1815 chronicorum
702 1789 813 1818 Eusebii
837 1799 977 1819 canonum

188 1829 370 1865 Iiistoricique
397 1831 590 1860 Armeniorum
603 1834 687 1863 Mosis
696 1836 893 1871 Chorenensis;
909 1847 977 1874 quo-

188 1883 250 1902 rum
272 1877 382 1911 quidem
407 1882 563 1912 postremus
591 1881 631 1908 sic
660 1882 698 1908 ait
715 1882 790 1918 (67):
814 1884 872 1912 «De
902 1884 975 1917 Belo,

188 1921 268 1956 cujus
280 1926 359 1950 aetate
366 1924 500 1952 maximus
512 1930 606 1953 noster
620 1929 777 1963 progenitor
789 1929 856 1956 vixit
863 1929 974 1963 IIaicus,

189 1968 267 1994 multi
281 1970 365 1996 multa
384 1970 513 2005 variaque
521 1972 708 2008 tradiderunt;
726 1983 776 2010 ego
792 1980 881 2004 autem
895 1986 975 2012 quem

189 2014 338 2041 Saturnum
362 2022 519 2051 nuncupant
546 2023 627 2054 atque
657 2019 750 2048 Belum
767 2042 774 2055 ,
808 2022 976 2051 Nebrotbum

181 2058 274 2087 ‘I'uisse
289 2061 331 2087 aio
346 2069 351 2086 :
368 2069 421 2096 qua
436 2071 518 2098 super
529 2072 557 2092 re
572 2064 692 2101 Egyptii
707 2075 769 2094 cum
782 2068 856 2096 Mose
866 2071 976 2105 eonspi~

189 2108 261 2137 rant,
271 2111 463 2140 percensentes
484 2109 646 2145 Vulcanum,
661 2112 750 2140 Solem
767 2122 798 2141 ac
813 2114 974 2150 Saturnum,

188 2150 235 2185 qui
260 2155 324 2177 Sunt
347 2152 477 2186 Chaunus,
504 2155 594 2183 Cusus
626 2165 659 2184 ac
685 2158 851 2193 Nebrothus,
872 2162 975 2191 omisso

1064 869 1146 897 XVII.
1167 869 1286 897 Ascades
1300 869 1356 904 (70)
1373 870 1452 897 annis
1465 878 1508 897 η.
1522 869 1608 904 IIujus
1628 874 1727 897 octavo
1754 875 1824 895 anno

1031 915 1119 943 Moses
1140 915 1197 950 jam
1218 916 1409 951 octogenarius
1426 915 1556 950 populum
1577 922 1609 941 ex
1627 913 1749 949 Egypto
1761 914 1823 942 sub-

1030 962 1116 989 duxit.

1065 1008 1158 1036 XVIII.
1179 1008 1311 1044 Amyntas
1326 1009 1407 1036 annis
1423 1016 1484 1035 va.

1064 1053 1136 1081 XIX.
1157 1053 1290 1081 Belechus
1306 1052 1361 1089 (Ἡ)
1378 1053 1458 1080 annis
1475 1061 1537 1079 xxv.

1065 1099 1124 1127 XX.
1145 1099 1291 1135 Balepares
1304 1099 1383 1127 annis
1402 1107 1465 1126 xxx.

1066 1145 1136 1172 XXI.
1158 1146 1319 1181 Lamprides
1335 1146 1415 1173 annis
1430 1153 1517 1173 χχχιι.

1064 1192 1146 1219 XXII.
1167 1193 1295 1229 Pannyas
1309 1193 1388 1220 annis
1405 1200 1467 1220 XLV.

1064 1237 1159 1266 XXIII.
1181 1238 1326 1267 Sosarmus
1345 1239 1425 1267 annis
1444 1247 1501 1266 χιχ,

1064 1284 1158 1313 XXIV.
1180 1285 1297 1313 Zosares
1313 1285 1393 1313 annis
1411 1293 1457 1312 xx.

1064 1331 1147 1358 XXV.
1169 1332 1330 1367 Lamprides
1346 1333 1427 1359 annis
1446 1340 1510 1359 xxx.

1063 1377 1158 1406 XXVI.
1181 1378 1320 1405 Mithrenis
1338 1378 1418 1405 annis
1433 1386 1518 1405 xxvn.

1063 1424 1170 1452 XXVII.
1195 1424 1333 1451 Taulanes
1348 1424 1428 1451 annis
1443 1432 1517 1450 xxxi.
1537 1423 1617 1449 Anno
1635 1422 1772 1450 Tautanis
1783 1420 1822 1449 vi-

1029 1473 1131 1499 cesimo
1144 1471 1242 1506 quinto
1259 1471 1325 1498 urbs
1340 1470 1419 1497 Ilium
1435 1474 1513 1504 capta
1531 1474 1581 1497 est.

1063 1515 1183 1544 XXVIII.
1205 1516 1331 1544 Teutaaus
1343 1516 1423 1543 annis
1438 1524 1481 1543 χι..

1064 1561 1158 1589 XXIX.
1179 1562 1317 1590 Othencus
1330 1561 1410 1589 annis
1423 1569 1485 1588 xxx.

1065 1607 1149 1636 XXX.
1174 1607 1315 1645 Dercyllus
1331 1609 1411 1636 annis
1432 1616 1475 1635 χι..

1063 1656 1158 1683 XXXI.
1177 1656 1304 1691 Eupalles
1328 1657 1407 1683 annis
1428 1664 1544 1683 xxxvtn.
1561 1655 1669 1682 Tertius
1693 1662 1726 1682 ac
1742 1654 1823 1681 trico-

1029 1703 1115 1731 simus
1135 1703 1217 1737 hujus
1236 1710 1325 1730 annus
1345 1703 1441 1729 incidit
1465 1703 1491 1729 in
1518 1708 1645 1737 quartum
1664 1701 1821 1729 Solomonis

1029 1757 1130 1776 annum
1147 1754 1228 1784 atque
1242 1750 1268 1776 in
1286 1749 1379 1784 templi
1392 1748 1542 1783 opiﬁcium.

1063 1795 1170 1822 XXXII.
1191 1794 1375 1822 Lavosthcnes
1402 1795 1482 1822 annis
1512 1802 1573 1821 xtv.
1606 1794 1681 1821 Gens
1708 1793 1819 1821 Iudaica

1028 1841 1151 1869 bifariam
1167 1841 1305 1868 dividitur.

1063 1887 1179 1914 XXXIII.
1200 1887 1339 1922 Pcrtiages
1355 1888 1411 1923 (79.)
1428 1887 1506 1915 annis
1519 1895 1582 1914 xxx.

1062 1934 1182 1963 XXXIV.
1203 1934 1335 1969 Ophrates
1348 1935 1427 1962 annis
1443 1943 1488 1962 xx.

1061 1981 1168 2008 XXXV.
1188 1981 1358 2016 Opbratanes
1371 1982 1450 2009 annis
1464 1990 1489 2009 ι..

1063 2027 1181 2054 XXXVI.
1205 2028 1350 2062 Acrapales
1366 2028 1446 2054 annis
1463 2035 1529 2053 χιιι.

1061 2074 1192 2101 XXXVII.
1214 2074 1344 2102 Thonnus
1355 2074 1534 2105 Coneolerus,
1547 2073 1640 2101 Cra-ce
1651 2072 1743 2101 dictus
1753 2072 1818 2101 Sar-

1027 2120 1195 2154 danapallus,
1212 2120 1290 2146 annis
1304 2127 1348 2146 xx.

1062 2165 1088 2191 3.
1110 2163 1323 2199 Sardanapallus
1340 2164 1383 2191 hic
1399 2164 1555 2191 tricesimus
1571 2168 1704 2198 septimus
1720 2172 1735 2191 a
1752 2164 1816 2192 Belo

189 2195 365 2244 btestraimo:
383 2199 502 2233 primum
516 2204 588 2229 enim
614 2204 686 2238 apud
701 2213 731 2232 se
747 2205 884 2235 hominem
897 2209 974 2236 aiunt
992 2208 1012 2235 ὓ
1028 2209 1088 2240 fuit,
1101 2217 1248 2244 reginaque
1263 2210 1436 2244 Assyriorum
1451 2214 1616 2244 postremus.
1639 2209 1711 2236 lJem
1739 2210 1818 2237 volu-

190 2242 276 2270 fuisse
290 2242 453 2272 Vulcanum.
468 2256 476 2271 ι

222 2287 249 2315 2.
270 2288 341 2324 Ergo
357 2298 388 2317 ex
407 2291 457 2318 hoc
469 2292 536 2327 :ipso
552 2295 617 2322 Belo
639 2301 731 2324 noster
750 2298 826 2326 hicce
842 2304 976 2329 tractatus

187 2335 358 2363 inchoandus
372 2341 423 2365 est.

222 2380 243 2408 Ι.
261 2381 341 2409 Belus
357 2383 492 2412 universis
505 2386 576 2414 Asiae
592 2388 750 2422 provinciis,
768 2395 866 2425 praeter
882 2392 972 2426 Indos,

187 2427 342 2456 dominatur
356 2431 435 2458 annis
446 2440 500 2459 an
517 2433 586 2468 (68).

222 2472 253 2502 ιι.
274 2474 360 2503 Ninus
375 2476 439 2504 item
454 2483 516 2512 post
535 2479 627 2507 Belum
648 2482 728 2511 annis
745 2492 793 2511 LII.
812 2484 876 2512 Nini
889 2486 973 2521 hujus

187 2519 396 2556 quadragesimo
420 2528 518 2557 quarto
547 2533 619 2553 anno
641 2528 812 2557 Abrahamus
839 2539 854 2558 a
883 2519 972 2558 'I‘liara

185 2566 293 2600 genitus
308 2571 360 2594 est.

216 2611 263 2640 Ill.
285 2612 445 2643 Samiramis
462 2616 523 2644 Nini
535 2619 634 2654 conjux
650 2620 729 2648 annis
747 2630 812 2649 XLII.

233 2727 278 2763 66)
291 2729 366 2757 Ilune
377 2727 484 2759 titulum
499 2734 599 2761 habent
611 2735 730 2763 codices.

233 2762 278 2797 67)
295 2763 378 2797 Hist.,
392 2776 410 2795 ι.
423 2767 449 2794 6.

297 2800 433 2863 ira)?
442 2806 490 2863 CL":
506 2805 561 2840 Dei,
576 2815 631 2843 va,
647 2808 786 2843 t7,scribit
801 2817 862 2837 va.

234 2831 277 2862 69)
297 2831 428 2871 An'c'odq
449 2831 498 2867 ιιι.

232 2691 278 2728 65)
293 2694 336 2721 AI.
353 2696 426 2728 cod.,
442 2705 535 2725 xxxvr.

221 2691 278 2796 366)
291 2729 366 2770 llune
377 2732 484 2759 titulum
499 2734 532 2760 ha

233 2762 278 2796 67)
295 2763 378 2796 Hist.,
392 2776 410 2795 ι.
423 2767 449 2794 6.

1028 2256 1121 2290 ptariae
1135 2256 1254 2282 mollitiae
1270 2256 1436 2290 luxuriatque
1448 2255 1538 2283 studio
1562 2260 1677 2283 cunctos
1699 2257 1748 2290 qui
1764 2256 1817 2283 sibi

1027 2304 1221 2335 praecesserant
1239 2300 1387 2335 superavit.
1403 2299 1585 2332 Quamobrem
1603 2299 1739 2328 Varnaees
1756 2302 1818 2336 qui-

1026 2346 1099 2378 dam,
1118 2348 1206 2381 patria
1222 2346 1326 2378 Medus,
1340 2346 1421 2372 homo
1431 2346 1535 2372 viribus
1546 2346 1709 2382 egregiaque
1723 2347 1816 2374 animo

1025 2392 1164 2427 prazditus,
1182 2400 1243 2419 cum
1261 2392 1400 2420 Medorum
1415 2392 1470 2419 dux
1485 2396 1568 2425 esset,
1587 2400 1713 2427 unusque
1730 2401 1763 2420 ex
1781 2394 1816 2420 iis

1025 2440 1071 2474 qui
1087 2439 1120 2466 ad
1142 2439 1236 2467 urbem
1252 2439 1352 2467 Ninum
1369 2440 1516 2474 quotannis
1533 2439 1678 2467 veniebant
1697 2440 1816 2467 ducatus

1025 2491 1108 2511 causa
1130 2483 1295 2517 exercendi;
1313 2484 1347 2515 is,
1366 2483 1487 2518 inquam,
1504 2485 1615 2519 cognito
1637 2485 1708 2519 regis
1730 2493 1816 2520 pravo

1025 2530 1144 2565 ingenio,
1161 2530 1263 2558 amicos
1289 2530 1339 2557 sibi
1359 2530 1518 2558 liberalitate
1542 2531 1674 2563 devinxit,
1698 2531 1815 2558 Belesiiu

1025 2576 1053 2602 in
1071 2576 1168 2610 primis
1189 2583 1326 2603 summum
1345 2576 1441 2604 ducem
1466 2576 1688 2612 Babyloniorum,
1703 2578 1817 2612 quicum

1022 2621 1092 2647 inita
1106 2622 1237 2648 societate
1252 2621 1479 2657 Sardanapallum
1495 2622 1651 2655 debellavit,
1670 2624 1717 2659 qui
1738 2631 1816 2651 sece-

1059 2703 1114 2737 (70)
1137 2703 1173 2730 Ita
1201 2705 1282 2731 etiam
1297 2704 1442 2732 Eusebius.
1461 2705 1533 2733 Idem
1548 2711 1639 2734 tamen
1662 2706 1738 2738 alibi,
1761 2707 1813 2732 Ar-

1023 2739 1141 2765 carades.

1058 2773 1114 2807 (7i)
1130 2774 1242 2806 liuseb.,
1257 2775 1397 2804 Beloc/ms.

1059 2808 1114 2844 (7‘2)
1131 2810 1180 2842 IJ.,
1197 2809 1353 2838 Pet-iliades.
