1911 3136
88 144 141 171 €25

463 145 634 173 SAMUI'IIS
648 146 806 174 ANIENSIS
828 146 1000 175 SUMMARII
1020 143 1212 174 TEMPORUM
1227 144 1316 172 PARS
1334 144 1353 173 I.

1667 145 1718 172 626

90 205 157 231 dens
173 204 201 234 in
214 204 320 240 regiam
332 204 457 233 incendio
471 210 556 234 semet
568 208 707 234 cremavit.
725 207 793 234 Tum
807 207 878 235 Bele-
893 213 915 240 Α
965 208 991 236 5.
1012 207 1089 235 Nunc
1106 215 1154 242 age
1168 206 1307 234 Medorum
1323 212 1401 240 rcges
1412 210 1589 240 exponamus.
1608 203 1719 233 Exstin-

92 251 143 277 sim
156 250 289 286 Babyloni
305 259 396 286 regem
430 253 560 287 imposuit
571 253 718 285 Varbaces,
733 253 879 288 itidemque

91 295 235 323 Parcarum
263 303 386 324 nostrum
413 302 525 333 propter
547 298 598 326 sibi
619 302 744 326 navatam
770 307 878 334 operam

91 342 248 370 diademate
273 345 380 370 ornavit
401 344 477 379 (73);
502 344 559 379 ipse
588 349 677 372 autem
707 345 879 380 Assyriorum

92 387 125 414 ad
143 386 237 414 Medos
260 388 400 415 transtulit
423 388 576 422 imperium.
604 388 672 416 Exin
696 389 879 424 interregnum

91 438 151 460 erat
166 441 253 468 usque
269 435 301 461 ad
316 434 454 462 Medorum
468 442 557 470 regem
571 435 696 470 Dejocem
719 434 880 463 Intermedio

92 484 216 514 tempore
229 480 346 507 Chaldaei
367 489 457 508 rerum
475 482 552 516 politi
572 485 655 514 sunt;
679 489 793 516 quorum
814 486 881 508 tem-

91 532 159 559 pora
178 529 205 552 et
218 526 407 553 successiones
422 534 483 554 cum
503 527 561 554 suis
575 527 756 561 peculiaribus
772 528 881 562 regibus

92 570 209 597 seorsim
226 570 392 598 scribuntur.

127 616 155 642 4.
177 615 227 643 Hic
239 624 304 651 ergo
319 616 529 653 Babyloniorum
543 626 621 653 reges
638 623 783 653 ponantur.

127 660 148 688 I.
170 660 246 688 Phua
271 662 351 690 annis
377 671 432 690 xvt.
456 663 543 698 Hujus
567 669 645 691 sexto
676 663 781 691 decimo
811 670 882 690 anno

92 708 184 743 prima
199 708 331 744 olympias
349 714 407 736 acta
421 714 473 737 est.

130 752 162 780 II.
182 753 441 789 Thaglatphalsarus
456 755 535 783 annis
550 764 634 783 xxvu.
649 756 674 784 Is
687 757 767 784 tertio
777 757 882 784 decimo

94 806 168 826 anno
186 807 347 835 progressus
366 800 394 827 in
409 799 528 828 Judaeam
539 822 546 835 ,
561 802 695 836 potiorem
711 802 771 837 ejus
785 802 883 829 incola-

93 852 156 871 rum
172 848 276 879 partem
289 846 423 880 captivam
438 842 560 874 abduxit.

931 258 976 281 cto
990 252 1185 287 Sardanapalle
1198 252 1301 286 primus
1313 251 1434 285 regnavit

966 298 986 326 I.
1010 298 1145 325 Varbaces
1161 298 1240 325 annis
1256 305 1350 324 xxvul.

965 344 998 372 II.
1020 344 1166 371 Sosartnus
1180 344 1260 370 annis
1277 352 1341 370 xxx.

968 389 1010 416 III.
1031 388 1161 415 Mamicar
1175 388 1253 415 anuis
1267 396 1310 415 XL.

966 435 1011 463 1V.
1030 435 1179 462 Cardiceus
1192 435 1272 462 annis
1286 442 1346 461 xm.

967 481 998 508 V.
1019 480 1133 516 Dejoces
1150 480 1229 507 annis
1248 488 1301 507 le.
1318 480 1367 507 Hic
1382 480 1518 507 Ecbatana
1530 480 1661 509 condidit.

968 525 1012 553 VI.
1033 525 1180 553 Phraorles
1193 524 1271 551 annis
1287 532 1365 554 XXIV._

967 572 1023 599 VII.
1043 572 1179 607 Cyaxares
1196 571 1276 598 annis
1292 578 1376 597 xxxu.

968 617 1036 644 VIII.
1057 617 1215 651 Asdahages
1227 616 1307 643 annis
1321 624 1435 642 xxxv-nu.

968 663 1046 691 lIunc
1059 662 1196 690 interfecit
1206 662 1337 697 Tigranes
1349 661 1483 688 Haicanus
1498 661 1553 696 (77)
1564 660 1635 696 Cyro
1650 659 1715 687 Per-

934 718 970 738 sa:
981 709 1083 737 ftedere
1097 710 1220 744 junctus.
1229 708 1391 743 Quanquam
1404 707 1536 734 Eusebius
1547 706 1602 742 (78)
1617 706 1715 741 aliique

934 756 1058 784 historici
1072 755 1207 790 dejectum
1222 754 1391 789 Asdahagem
1407 754 1440 781 ab
1451 761 1505 780 uno
1514 753 1585 788 Cyro
1598 752 1686 784 aiunt,
1700 761 1715 778 a

934 809 987 837 quo
1000 801 1137 828 Medorum
1154 808 1263 835 quoque
1278 808 1389 835 regnum
1402 800 1537 828 sublatum
1550 803 1607 828 est:
1620 800 1717 827 nihilo-

935 848 1025 875 minus
1037 846 1187 881 Moses(79)
1199 846 1297 873 caedem
1312 845 1461 881 Asdahagis
1473 854 1488 873 a
1497 845 1613 881 Tigrane
1623 850 1716 881 patra-

128 889 176 917 III.
199 890 408 920 Salmanasarus
425 891 544 928 Assyriis
568 893 704 927 imperavit
723 893 803 920 annis
822 901 878 920 xvt.
895 905 916 933 Β
930 897 985 920 tam
999 893 1090 920 refert.
1118 892 1144 918 Id
1173 896 1263 919 autem
1293 892 1441 918 verisimile
1469 892 1558 918 evadit
1580 892 1614 918 ob
1639 893 1715 926 plura

94 936 119 963 Is
135 937 199 964 item
222 937 303 964 tertio
327 938 402 972 regni
425 938 467 965 sui
491 946 573 972 anno,
596 943 691 966 octava
715 939 879 974 olympiade,

93 981 189 1009 decem
207 982 332 1010 tribubus
343 983 369 1010 in
382 983 565 1019 captivitatem
580 984 738 1019 depoltatis,
753 984 882 1011 Samaria:

93 1035 209 1062 regnum
223 1028 331 1055 delevit.

128 1072 174 1100 IV.
197 1073 406 1103 Senecherimus
421 1075 540 1112 Assyriis
557 1076 695 1110 imperavit
710 1075 789 1103 annis
804 1083 880 1102 xvui.

93 1120 119 1146 Is
147 1119 280 1148 adversus
309 1119 495 1156 Hierosolyma
522 1121 724 1156 expeditionem
750 1121 880 1155 suscepit.

92 1164 248 1200 Iudaeaque
263 1166 344 1193 urbes
359 1167 475 1194 obsedit.
491 1166 533 1194 Ab
552 1167 605 1194 hoc
621 1167 652 1193 ad
668 1165 883 1193 Nabuchodono-

94 1219 189 1238 sorum
229 1212 352 1240 historici
388 1212 576 1241 Chaldaeorum
613 1220 700 1240 annos
738 1218 884 1240 numerant

94 1266 216 1285 Lxxxvnl
242 1259 309 1293 (7t).
336 1257 414 1294 Apud
439 1260 548 1287 eosdem
571 1264 633 1295 post
660 1258 883 1287 Senecherimum

93 1305 226 1333 scribitur

129 1351 163 1378 ν.
183 1351 339 1380 Asordanes
355 1352 426 1380 ﬁlius
442 1352 501 1387 ejus
517 1353 596 1381 annis
612 1362 671 1381 vur.

129 1396 175 1424 VI.
195 1397 298 1425 Asodes
316 1398 372 1433 (75)
386 1399 464 1426 annis
478 1407 533 1425 xxI.

129 1442 188 1470 VII.
210 1442 304 1470 Frater
318 1444 376 1479 ejus
389 1443 468 1472 annis
483 1452 539 1471 XXI.

129 1488 199 1515 VIII.
221 1488 426 1524 Nabupalsarus
443 1490 523 1517 annis
538 1499 574 1518 XI.

129 1535 176 1563 IX.
196 1535 378 1564 Marudachus
394 1535 528 1564 Baldanes
543 1537 623 1565 annis
638 1546 664 1565 x.

129 1580 165 1607 x.
191 1580 477 1609 Nabuchodonosorus
501 1582 598 1610 deinde
626 1583 706 1610 annis
735 1590 821 1614 xuii,
849 1580 916 1610 abC

94 1626 250 1662 olympiade
267 1626 385 1654 secunda
406 1635 489 1663 supra
507 1628 751 1664 quadragesimam.
770 1628 794 1657 Is
812 1637 883 1656 anno

95 1673 239 1701 Eliachimi
273 1673 380 1701 decimo
408 1673 517 1702 Iudaeos
550 1674 577 1702 in
611 1682 687 1702 suam
721 1678 882 1710 potestatem

95 1719 210 1755 redegit,
228 1724 387 1756 partemque
402 1720 558 1748 earumdem
578 1722 723 1748 maximam
742 1721 883 1749 famulatui

94 1765 275 1793 addicendam
290 1766 413 1794 abduxit.
436 1765 505 1793 Tum
519 1766 600 1794 etiam
618 1766 756 1794 Danielem
775 1770 884 1802 tresque

95 1819 196 1846 pueros
212 1811 328 1839 triennio
338 1815 400 1846 post
415 1821 422 1839 :
438 1819 535 1839 rursus
547 1812 620 1839 enim
635 1812 719 1844 venit,
735 1812 884 1847 ipsumque

95 1855 266 1884 loachimum
284 1857 373 1885 avexit
387 1857 533 1892 captivum.
549 1857 616 1884 Cum
635 1858 692 1892 jam
707 1865 808 1885 annum
829 1862 884 1886 ter—

94 1902 164 1928 tium
181 1909 264 1936 supra
278 1902 438 1930 vicesimum
454 1906 580 1937 regnaret
596 1901 883 1937 Nabuchodonosorul,

95 1945 285 1980 Hierosolyma
300 1952 378 1983 capta
392 1951 456 1975 sunt
472 1957 480 1975 :
497 1948 622 1983 quintum
633 1952 722 1976 autem
736 1953 796 1983 post
813 1957 885 1976 men-

95 2000 154 2020 sem
193 1994 320 2028 princeps
352 1993 500 2021 satellitum
532 1993 745 2022 Nabuzardanes
784 1996 884 2030 templo

95 2046 187 2077 ignem
208 2039 333 2074 subjecit.
354 2039 491 2067 Vicesimo
514 2039 631 2076 denique
649 2040 772 2068 Iudaica:
800 2042 884 2076 capti—

97 2084 190 2111 cilatis
202 2092 273 2111 anno
285 2083 570 2114 Nabuchodonosorus
584 2087 639 2113 vita
653 2086 789 2114 discessit.
799 2086 883 2121 Cujus

96 2137 124 2157 In
139 2130 229 2157 locum
246 2131 410 2158 substitutus
426 2134 468 2159 est
483 2132 555 2159 ﬁlius
569 2132 689 2167 ejusdem

132 2174 180 2201 XI.
210 2174 349 2207 Baltasar,
381 2176 426 2211 qui
454 2180 480 2203 et
506 2176 713 2205 Ilmarudachus
741 2178 820 2205 annis
852 2186 881 2205 ιι.

97 2218 202 2246 Deinde

130 2263 190 2291 XII.
210 2265 342 2300 Astyages
368 2265 423 2301 (76)
451 2273 524 2294 anno
551 2275 570 2294 I.
600 2267 625 2295 Is
653 2275 699 2294 eas
727 2268 831 2295 litteras
855 2268 882 2295 in

97 2310 201 2345 pariete
214 2314 340 2337 exaratas
355 2311 422 2337 vidit
438 2319 507 2345 quas
520 2311 611 2338 Daniel
625 2312 817 2346 interpretatus
831 2318 881 2340 est.

132 2355 204 2383 XIII.
226 2355 325 2384 Darius
340 2356 437 2385 Medus
452 2358 532 2385 annis
547 2366 583 2386 tv.

133 2401 203 2429 XIV.
224 2402 322 2431 Darius
337 2402 459 2430 Arsaviri
474 2404 553 2430 annis
569 2412 608 2430 IlI.

131 2447 201 2474 Exin
214 2448 351 2474 sublatum
367 2452 410 2475 est
426 2447 631 2483 Babyloniorum
650 2449 802 2484 imperium.

135 2579 191 2614 (75)
207 2577 274 2605 Vide
286 2577 388 2605 Mosem
398 2576 493 2609 Chor.,
505 2576 577 2605 Hist.
591 2584 610 2608 ι,
625 2577 668 2609 21,
681 2582 707 2604 et
719 2578 881 2611 Samuelem,

99 2614 308 2683 ωῗπῖὀοηΐετ
325 2647 481 2678 Eusebium,
499 2655 518 2678 I,
532 2646 559 2679 5,
581 2646 608 2673 2.

135 2684 191 2718 (75)
208 2684 249 2709 Al.
265 2683 341 2717 cod.,
357 2683 507 2718 Asamoges.

135 2718 192 2752 (76)
216 2718 255 2745 Ita
280 2719 332 2745 hoc
353 2718 423 2749 loco,
439 2718 585 2753 Astyages;
606 2723 632 2745 at
656 2718 781 2752 inferius,
798 2719 885 2746 Asda-

100 2753 190 2824 ha???)
210 2788 247 2815 Ita
270 2788 391 2824 Armenii
404 2775 520 2822 primum
537 2789 610 2816 hunc
625 2788 768 2823 Tigranem
788 2790 884 2818 distin-

101 2829 185 2857 guunt
195 2832 209 2849 a
227 2823 426 2859 posterioribus
439 2823 531 2859 stirpis
544 2824 746 2852 Arsacidarum.

136 2859 190 2894 (78)
207 2857 266 2886 Lib.
284 2865 305 2890 I,
322 2857 364 2890 15,
380 2857 406 2884 7.

933 948 993 975 qua:
1017 939 1195 972 acciderunt,
1224 943 1336 974 propter
1367 940 1455 966 somni
1483 939 1587 966 scilicet
1612 939 1713 970 visum,

932 987 1108 1022 dolosamque
1125 986 1277 1020 Asdahagis
1303 985 1503 1013 simulationem
1526 992 1579 1019 qua
1600 985 1652 1012 sibi
1670 983 1716 1011 Ti-

933 1034 1025 1069 granis
1039 1041 1160 1061 sororem
1178 1033 1350 1059 matrimonio
1361 1032 1539 1066 copulandam
1553 1035 1695 1058 curaverat
1708 1040 1714 1057 :

932 1080 975 1106 cui
991 1079 1090 1106 mentis
1101 1085 1209 1113 quoque
1224 1085 1280 1105 suae
1299 1077 1449 1104 consilium'
1462 1083 1591 1103 arcanum
1608 1083 1715 1103 resera-

933 1124 981 1150 vit.
996 1123 1034 1151 Re
1054 1128 1144 1150 autem
1164 1122 1300 1149 intellecta
1317 1121 1459 1156 Tigranes,
1478 1121 1549 1155 quod
1576 1121 1715 1149 somnians

933 1170 1048 1201 viderat,
1068 1169 1165 1196 diurna
1181 1169 1243 1195 luce
1256 1172 1403 1195 exsecutus
1416 1172 1467 1194 cst.
1487 1167 1515 1194 Id
1534 1171 1624 1195 tamen
1643 1167 1715 1195 haud

934 1215 1051 1242 absurde
1066 1214 1138 1249 Cyro
1152 1213 1203 1248 ipsi
1218 1213 1366 1240 tribuitur:
1381 1220 1441 1238 cum
1454 1213 1524 1238 enim
1534 1212 1627 1240 eadem
1638 1216 1716 1240 aetate

934 1260 1013 1287 ambo
1031 1260 1158 1291 vixerint,
1175 1262 1201 1285 et
1215 1257 1324 1293 quidem
1341 1257 1473 1291 Tigranes
1490 1258 1620 1285 societate
1637 1266 1713 1285 com-

935 1306 1023 1333 militii
1039 1305 1111 1342 Cyro
1132 1306 1276 1333 devinctus
1295 1305 1385 1336 fuerit,
1402 1305 1523 1339 ejusdem
1552 1305 1711 1332 mandatum

934 1352 1078 1379 exhaurire
1095 1352 1171 1380 visus
1188 1356 1239 1380 est.

970 1396 997 1424 6.
1031 1397 1126 1433 Agesis
1148 1398 1201 1425 hoc
1221 1398 1282 1425 loco
1307 1396 1443 1432 Lydorum
1468 1404 1577 1432 quoque
1604 1405 1715 1433 mgnum

935 1443 1023 1478 placet
1046 1444 1192 1471 collocare.
1226 1445 1306 1470 Anno
1332 1442 1454 1470 Sosarmi
1477 1443 1617 1471 Medorum
1645 1443 1716 1478 regis

934 1489 1095 1517 duodecimo
1111 1489 1244 1525 olympias
1260 1489 1347 1525 prima
1363 1492 1473 1524 peracta
1486 1493 1528 1516 est
1538 1510 1545 1522 ,
1568 1489 1717 1524 eodemque

936 1541 1008 1562 anno
1029 1535 1135 1570 primus
1150 1535 1222 1570 apud
1235 1535 1323 1571 Lydos
1337 1536 1461 1570 regnavit

969 1579 990 1607 I.
1029 1580 1152 1616 Ardysus
1166 1580 1282 1616 Alyattze
1296 1580 1379 1607 annis
1401 1587 1494 1607 xxxvt.

969 1625 1001 1653 II.
1023 1626 1145 1662 Alyattes
1160 1627 1239 1654 annis
1257 1635 1312 1654 xiv.

970 1671 1013 1698 III.
1036 1671 1118 1700 Meles
1133 1673 1211 1700 annis
1229 1681 1278 1700 xu.

971 1717 1016 1745 IV.
1037 1718 1190 1746 Candaules
1206 1726 1272 1746 xvu.

966 1763 1114 1792 Candaulis
1130 1764 1212 1799 hujus
1230 1765 1372 1793 historiam
1387 1769 1480 1792 narrat
1490 1763 1715 1798 Herodotus(80),

935 1818 1031 1846 nempe
1051 1811 1122 1846 quod
1139 1811 1162 1839 is
1177 1811 1261 1839 nimio
1274 1820 1337 1848 erga
1360 1820 1437 1840 suam
1459 1812 1599 1847 conjugem
1627 1811 1717 1838 studio

934 1856 1104 1888 elatus,hauc
1118 1857 1278 1884 feminarum
1292 1858 1413 1885 omnium
1430 1857 1639 1892 pulcherrimam
1660 1856 1718 1883 exi-

934 1902 1100 1934 stimaverit,
1126 1903 1307 1938 nudatamque
1326 1904 1447 1932 vestibus
1473 1902 1540 1938 Gygi
1566 1903 1637 1929 clam
1671 1902 1718 1929 de-

935 1949 1126 1976 monstraverit
1141 1957 1148 1982 ;
1166 1956 1220 1984 qua
1236 1949 1384 1984 ignominia
1411 1950 1520 1984 sapiens
1532 1956 1600 1975 uxor
1617 1947 1652 1974 ad
1664 1948 1718 1974 ira-

935 1993 1062 2024 cundiam
1078 1998 1212 2022 commota
1236 1994 1416 2022 occidendum
1443 1994 1591 2026 curaverit,
1612 1993 1718 2028 sibique

934 2039 1022 2067 virum
1036 2039 1182 2068 adsciverit
1200 2039 1310 2075 Gygem.
1432 2042 1435 2044 ’

970 2084 1001 2111 V.
1022 2084 1109 2120 Gyges
1120 2086 1199 2112 annis
1215 2093 1308 2113 xxxvi.

971 2129 1014 2156 Vl.
1035 2130 1123 2165 Ardys
1134 2131 1213 2157 annis
1229 2138 1343 2157 xxxvm.

969 2175 1026 2204 VII.
1047 2175 1186 2204 Sadiartes
1212 2176 1292 2204 annis
1307 2184 1352 2203 xv.

971 2221 1029 2249 VIII
1060 2223 1180 2258 Alyattes
1194 2223 1274 2250 annis
1290 2230 1365 2249 χιιι.

971 2267 1016 2295 IX.
1036 2267 1148 2295 Crtesus
1165 2268 1243 2295 annis
1265 2275 1309 2295 xv.

972 2311 1022 2338 llic
1039 2320 1110 2338 anno
1135 2311 1198 2346 Cyri
1223 2310 1430 2346 quartodecimo
1449 2311 1550 2338 dicitur
1575 2311 1609 2337 ab
1622 2311 1717 2337 eodem

934 2356 1005 2391 Cyro
1029 2355 1198 2383 interfectus.
1216 2355 1252 2382 Ita
1265 2354 1400 2390 Lydorum
1415 2362 1528 2389 regnum
1544 2354 1648 2381 ﬁnitum
1667 2358 1718 2381 est.

933 2402 1122 2429 Armeniorum
1147 2406 1236 2435 tamen.
1251 2401 1397 2430 historicus
1411 2399 1498 2428 MOSes
1524 2400 1648 2428 Crmsum
1675 2407 1719 2426 ca-

937 2452 1012 2482 ptum
1031 2447 1256 2481 interfectumque
1270 2447 1303 2473 ab
1319 2447 1467 2474 Artaxerxe
1486 2446 1586 2477 Partho
1602 2446 1655 2481 (81)
1669 2446 1717 2477 ait,

973 2580 1027 2611 (79)
1048 2579 1131 2610 Hist.,
1145 2588 1169 2611 ι,
1182 2579 1226 2606 ‘28.

973 2580 1027 2613 (79)
1048 2580 1131 2610 Hist.,
1145 2588 1169 2611 ι,
1182 2580 1226 2606 ‘28.
1695 2611 1701 2616 .

972 2615 1032 2651 (80)
1047 2614 1103 2651 Hac
1121 2622 1203 2651 super
1225 2621 1254 2651 re
1273 2614 1408 2651 recolatur
1430 2614 1514 2651 Mosis
1532 2613 1717 2651 C_h_oreuen_sis

936 2647 1054 2678 loc‘us’in
1072 2647 1189 2677 Eusebio
1203 2649 1236 2675 ad
1252 2649 1515 2676 annum.Abrahami
1529 2648 1593 2674 1301
1607 2654 1623 2674 a
1638 2647 1718 2673 nobis

936 2686 1047 2722 relatus.
1068 2684 1101 2711 Et
1115 2684 1223 2722 quidem
1236 2683 1344 2722 Samuel
1360 2692 1373 2711 a
1386 2684 1468 2711 Mosis
1481 2685 1717 2722 progymnasmate

935 2721 1026 2755 potius
1043 2718 1131 2754 quam
1144 2720 1178 2746 ab
1194 2718 1330 2746 Herodoto
1347 2723 1486 2747 mutuatus
1501 2718 1570 2746 hanc.
1591 2718 1718 2744 notitiam

935 2757 1049 2783 videtur.
1334 2762 1336 2764 '

972 2791 1028 2824 (81)
1045 2790 1145 2817 Partho
1169 2791 1273 2819 scilicet
1295 2788 1477 2825 cognomine;
1498 2792 1556 2816 erat
1580 2787 1651 2815 enim
1674 2786 1718 2813 hic

936 2826 1068 2853 Armeniae
1085 2834 1140 2853 rex.
