1911 3136
212 171 262 197 (τῇ
742 167 914 195 APPENDIX
929 168 973 195 AD
994 166 1128 195 EUSEBII
1147 166 1352 196 cunomcon.
1779 158 1833 185 638

213 229 326 264 ejusque
343 228 383 256 rei
403 228 556 263 complures
584 230 669 254 testes
694 226 812 258 invocat,
831 231 859 254 ut
881 227 907 254 in
935 227 994 262 ejus
1011 230 1033 258 Α
1084 227 1142 254 XII.
1176 226 1419 258 Archelausfannis
1429 233 1503 253 xxiv.

215 273 283 300 libro
297 274 352 308 (82)
371 273 460 301 videre
477 278 528 300 est.
1084 272 1153 299 XIII.
1175 272 1287 300 Orestes
1300 272 1379 299 annis
1395 279 1436 299 ιιι.

249 320 275 348 7.
296 320 364 355 Ergo
379 320 429 346 hoc
444 323 533 354 pacto,
548 319 895 353 prouluarratur,sublatis
909 318 994 353 Baby-
1084 318 1153 345 XIV.
1175 318 1325 345 Archelaus
1341 317 1421 344 annis
1443 323 1487 347 iii.

215 364 362 396 loniorum,
376 364 515 392 Medorum
545 365 735 401 Lydorumque
753 365 873 399 imperiis
900 369 995 399 regnat
1079 364 1136 390 XV.
1152 365 1281 399 Amyntas
1296 371 1368 390 anno
1383 370 1402 389 ι.

248 410 268 438 I.
287 411 373 446 Cyrus
388 410 466 437 annis
484 418 548 437 xxx.
568 410 592 437 Is
607 410 695 445 primo
709 410 783 444 regni
802 410 844 436 sui
862 417 933 436 anno
947 408 994 436 Ju-
1083 410 1154 437 XVI.
1175 409 1324 437 Pausanias
1339 416 1410 436 anno
1426 416 1444 435 i.

214 455 296 483 daica:
309 456 399 491 gentis
415 456 611 490 quinquaginta
628 455 713 482 millia
725 455 894 490 captivorum
914 455 995 482 liher—
1082 456 1164 483 XVII.
1185 457 1315 491 Amyntas
1331 454 1409 482 annis
1422 462 1458 481 VI.

214 507 268 529 tate
282 502 391 529 donavit
408 511 415 529 :
430 502 475 536 qui
490 502 601 536 quidem
622 501 811 535 Hierosolyma
823 500 927 528 reversi
955 500 994 526 al-
1080 502 1171 529 XVIII.
1189 502 1303 536 Argmus
1315 500 1394 527 annis
1404 508 1434 527 ii.

213 552 270 574 tare
285 548 482 579 excitaverunt,
499 547 647 581 templique
664 546 843 573 fundamenta
852 546 992 581 iecerunt:
1083 548 1153 576 XIX.
1166 548 1298 583 Amyntas
1313 546 1393 574 annis
1406 553 1484 573 xviii.

212 592 283 626 quod
294 596 384 619 tamen
396 592 571 618 ﬁnitimarum
581 592 700 625 gentium
710 598 792 618 causa
804 590 994 625 imperfectum
1081 595 1140 621 xx,
1160 593 1312 621 Alexander
1332 600 1403 619 anno
1415 601 1434 619 ι.

211 637 336 664 manebat
356 645 442 671 usque
459 637 490 663 ad
510 637 617 663 Darium
631 636 780 671 Vestaspis.
797 636 923 672 Tomyris
939 636 995 662 Ma-
1080 640 1149 667 xxL
1171 639 1332 667 Ptolemaeus
1346 638 1425 664 annis
1439 645 1474 663 ιγ.

211 686 365 717 sagetarum
382 683 493 709 heroina
510 682 608 717 Cyrum
624 682 770 710 interfecit.
1083 686 1165 713 χχιι.
1186 684 1316 712 Perdicca
1329 684 1409 710 annis
1427 690 1462 709 iv.

247 725 278 752 Π-
300 726 448 762 Cambyses
467 727 545 754 almis
560 735 597 754 IX-
1081 729 1176 757 XXIII.
1193 729 1335 764 Philippus
1351 727 1428 754 annis
1446 734 1519 752 xxVI.

246 771 290 800 ιιι·
311 772 380 807 Magi
396 773 451 799 duo
466 772 564 800 fratres
580 773 721 800 mensibus
736 781 796 799 vm-
1079 776 1173 803 xxw.
1192 775 1345 803 Alexander
1362 773 1478 807 Philippi
1491 770 1570 798 annis
1596 777 1634 796 ιιι
1648 771 1676 796 et
1689 767 1829 795 mensibus

245 818 290 846 Ν·
311 818 408 846 Darius
424 819 563 853 ννειθςιιίε
581 819 652 846 ﬁlius
664 819 742 846 almis
753 826 843 845 XXXVI-
1043 831 1080 850 vi.
1093 822 1143 849 Hic
1157 822 1250 848 orbem
1267 824 1401 847 terrarum
1422 816 1607 851 compluribus
1627 814 1741 849 regibus
1761 812 1828 846 deje-

243 863 328 899 Hujus
353 865 438 892 altero
454 872 525 892 anno
544 864 692 891 Zorobabcl
713 865 842 899 templum
867 863 992 895 aediﬁcat,

1066 869 1095 896 .is
1107 867 1232 898 obtinuit,
1241 872 1379 899 annosque
1386 871 1460 890 xxxii
1468 865 1547 889 natus
1555 860 1690 895 Babylone
1701 858 1772 885 diem
1785 864 1828 885 su-

212 912 283 944 quod
301 918 371 937 anno
382 916 478 945 quarto
494 911 653 945 olympi-adis
667 910 769 945 quinia:
783 917 865 945 supra
884 917 992 945 sexageo
1009 902 1032 932 Β
1046 920 1168 948 premum
1190 911 1265 938 obiit.
1284 909 1388 937 Exinde
1403 908 1545 943 imperium
1562 905 1621 939 ejus
1640 905 1714 932 inter
1739 903 1829 938 plures

212 959 307 984 Simam
325 959 478 985 3b50|ulum
498 963 548 984 ρει·
1045 959 1159 986 divisum
1171 962 1222 985 est.
1237 957 1306 992 Ipsis
1313 955 1423 990 quidem
1438 952 1629 980 Macedonibus
1641 950 1760 985 imperat
1767 948 1828 975 Phi-

247 1001 278 1029 V.
299 1002 403 1030 Xerxes
417 1003 490 1028 Darii
521 1003 599 1030 annis
618 1011 670 1030 xxi.
1044 1004 1134 1039 lippus
1146 1003 1191 1038 qui
1203 1006 1229 1029 et
1242 1001 1375 1033 Aridaeus;
1390 997 1561 1026 Alexandriae
1574 1003 1639 1023 vero
1646 994 1758 1029 Egypli
1768 993 1830 1020 Pto-

247 1047 290 1075 Vl.
310 1048 464 1075 Artabanus
478 1049 617 1075 mensibus
644 1056 692 1075 VII.
1044 1050 1154 1076 Iemzeus
1170 1048 1249 1082 Lagi:
1261 1051 1317 1073 tum
1332 1045 1411 1072 annis
1426 1045 1544 1080 quinque
1553 1047 1613 1077 post
1623 1041 1742 1075 imperat
1754 1039 1830 1066 Asia-

248 1092 302 1120 VII.
338 1094 454 1121 Artaxes
484 1095 668 1128 LOIlglIII‘JnllS
695 1094 774 1121 annis
792 1103 835 1122 η.
866 1094 993 1121 Nonnulli
1044 1095 1086 1121 nis
1103 1095 1255 1129 Antigonus
1269 1101 1276 1125 ;
1292 1091 1453 1119 duodecimo
1470 1089 1587 1124 denique
1607 1091 1670 1123 post
1683 1085 1829 1113 Alexandri

213 1138 352 1166 I‘Jstlierem
365 1140 477 1167 subhoc
489 1141 628 1168 exstitisse
645 1141 735 1168 aiunt:
749 1141 821 1176 quod
832 1149 881 1177 ego
890 1146 992 1172 tamen,
1045 1140 1148 1167 obitum
1167 1146 1239 1166 anno
1255 1138 1342 1174 Syris,
1358 1135 1487 1171 Babyloni
1515 1134 1656 1169 plagisque
1680 1131 1830 1166 superiori-

211 1184 300 1219 inqnii
330 1185 463 1213 Eusebius
481 1186 553 1219 (85),
582 1193 635 1212 non
657 1186 753 1220 probo,
775 1186 994 1221 quandoquidem
1046 1186 1096 1213 bus
1120 1185 1275 1212 dominatur
1287 1183 1419 1210 Seleucus
1439 1180 1566 1207 Nicanor.

210 1231 303 1258 Esdrm
323 1231 384 1259 libri
398 1240 444 1266 per
456 1240 513 1259 eam
527 1236 634 1258 aetatem
648 1232 742 1267 scripti
762 1220 863 1259 nullam
884 1220 943 1266 ejus
956 1231 995 1258 rei
1079 1232 1106 1259 9.
1126 1231 1183 1266 Age
1197 1237 1262 1258 vero
1271 1227 1492 1264 quandoquidem
1508 1226 1591 1253 hosce
1601 1220 1829 1267 commemoravi-ﬁ

211 1278 376 1305 mentionem
393 1278 505 1303 fui-iuni.
1043 1286 1115 1309 mus,
1131 1276 1301 1311 singulorum
1317 1280 1427 1308 quoque
1441 1271 1551 1299 nomina
1564 1269 1668 1304 scripto
1680 1266 1828 1302 complecti

248 1323 310 1350 \‘lil.
339 1324 441 1350 Xerxes
458 1324 594 1351 mensibus
611 1332 638 1350 ii.
1043 1332 1096 1351 non
1116 1323 1215 1358 pigeat.
1634 1360 1650 1361 η
1804 1356 1810 1361 _

244 1369 290 1395 IX.
317 1370 469 1405 Sogdianus
487 1364 628 1398 mensibus
645 1378 690 1398 vn.
1079 1364 1232 1396 Alexandro
1255 1374 1270 1394 e
1293 1365 1363 1393 vivis
1382 1366 1486 1398 erepto,
1501 1360 1697 1389 Macedonibus
1720 1363 1829 1393 ι>τοιπιθ

247 1415 279 1441 X.
312 1414 411 1443 Darius
436 1415 544 1442 Nothus
561 1417 642 1443 annis
658 1424 716 1448 xix,
732 1416 766 1443 ab
780 1415 932 1451 Olympiade
947 1423 994 1442 oc-
1044 1415 1160 1449 imperat
1456 1453 1461 1455 _
1487 1453 1511 1455 ﬂ
1654 1449 1660 1455 .

209 1461 340 1495 togesima
358 1469 438 1488 nona.
1082 1457 1165 1485 XXV.
1186 1457 1338 1492 Philippus,
1352 1455 1399 1490 qui
1409 1457 1435 1482 et
1448 1453 1582 1483 Aridazus,
1598 1453 1677 1483 annis
1690 1456 1741 1476 vii.

246 1505 291 1533 XI.
311 1507 426 1534 Artaxes
441 1506 566 1534 Mnemon
580 1507 660 1534 annis
677 1515 720 1534 xi...
745 1506 801 1533 Sub
816 1506 868 1534 hoc
897 1505 995 1534 Esther
1081 1503 1174 1530 XXVI.
1195 1503 1335 1530 Casander
1346 1501 1426 1528 annis
1437 1507 1484 1527 xix
1500 1497 1567 1533 (⁸6)·

212 1551 274 1579 fuit.
1007 1578 1024 1585 η
1083 1549 1188 1578 XXVII.
1206 1548 1268 1576 Filii
1289 1548 1372 1583 hujus
1382 1547 1461 1577 annis
1472 1554 1508 1573 iv.

248 1596 306 1624 XII.
327 1597 454 1629 Artaxes,
468 1597 515 1632 qui
542 1602 569 1624 et
595 1596 698 1629 Ochus,
714 1597 792 1624 annis
814 1605 886 1624 xxvt.
1006 1578 1025 1602 (2
1080 1594 1197 1622 XXVIII.
1218 1578 1371 1629 Demetrius
1387 1591 1467 1618 annis
1481 1599 1498 1618 v
1516 1589 1585 1625 (37).

250 1643 317 1671 XIII.
339 1643 453 1671 Artaxes
468 1642 534 1671 Ochi
549 1644 628 1671 annis
642 1651 689 1671 iv.‘
1079 1641 1173 1668 XXIX.
1194 1640 1317 1676 Pyrrhus
1332 1637 1471 1665 mensibus
1487 1643 1536 1663 VII.

246 1688 316 1716 XIV.
337 1689 434 1716 Darius
452 1690 559 1717 Arsami
574 1689 652 1717 annis
668 1697 704 1716 vt.
1079 1686 1163 1714 XXX.
1184 1685 1363 1722 Lysimachus
1378 1684 1458 1711 annis
1473 1691 1488 1709 ν
1505 1686 1533 1709 et
1544 1680 1686 1709 mensibus
1700 1686 1739 1706 vii
1762 1677 1826 1711 (88).

249 1735 374 1763 Iliannos
389 1743 474 1763 ccxxx
491 1739 691 1770 occupaverunt
703 1735 769 1768 (84).
785 1735 851 1762 Exin
878 1735 994 1762 Alexan-
1080 1733 1174 1761 XXXI.
1194 1733 1356 1760 Ptolemmus
1366 1730 1636 1759 Ceraunusaiinmet
1644 1724 1824 1753 mensibusn.

211 1778 260 1808 der
270 1778 379 1806 Macedo
388 1784 562 1814 regnatanno
570 1781 656 1815 primo
670 1780 831 1815 olympiadis
840 1781 994 1808 centesimm
1081 1778 1188 1807 XXXII.
1211 1778 1344 1813 Meleager
1358 1776 1498 1804 mensibus
1513 1781 1542 1800 ii.

213 1825 371 1857 undecima},
398 1826 566 1861 septimoque
593 1827 668 1861 regni
682 1827 724 1853 sui
746 1835 818 1853 anno
832 1826 993 1862 Babylonem
1082 1825 1201 1852 XXXIII.
1221 1825 1366 1859 Antipater
1381 1823 1478 1850 diebus
1491 1828 1551 1848 ιιι-ν.

211 1872 295 1906 capit,
309 1873 456 1908 occisoque
469 1872 550 1900 Dario
573 1872 718 1901 Persarum
751 1873 895 1908 imperium
912 1874 993 1901 delet.
1079 1871 1197 1899 XXXIV.
1219 1870 1367 1899 Sosthenes
1379 1869 1459 1895 annis
1482 1875 1513 1895 ιι.

1084 1917 1191 1944 XXXV.
1217 1917 1369 1952 Antigonus
1381 1915 1502 1943 Gouatas
1516 1914 1595 1942 annis
1608 1921 1704 1941 xxxVI.

1081 1962 1201 1990 XXXVI.
1224 1960 1462 1989 Demetriusannis
1479 1967 1506 1986 x.

1077 2007 1210 2035 XXXVII.
1230 2007 1383 2042 Antigonus
1398 2005 1478 2033 annis
1494 2013 1538 2033 xv.

1082 2053 1224 2081 XXXVIII.
1241 2053 1383 2088 Philippus
1397 2052 1477 2080 annis
1492 2059 1560 2079 xui.

1082 2098 1203 2126 XXXIX.
1221 2098 1337 2125 Perseus
1350 2099 1430 2124 annis
1446 2106 1471 2125 Χ.

1083 2144 1230 2171 Interfecto
1244 2143 1354 2175 Perseo,
1370 2142 1487 2170 Romani
1508 2143 1704 2172 Macedonibus
1719 2146 1827 2173 liberu-

1049 2195 1101 2217 tem
1117 2189 1247 2225 impertiti
1261 2193 1334 2221 sunt,
1351 2189 1446 2224 eisque
1460 2189 1500 2216 sui
1513 2189 1583 2224 juris
1595 2197 1655 2217 csse
1685 2198 1829 2221 concesse-

1010 2247 1034 2276 ι)
1049 2241 1112 2263 runt
1129 2237 1207 2263 annis
1223 2244 1267 2262 xiv
1278 2235 1346 2269 (89).

1079 2281 1133 2309 XL.
1154 2281 1248 2309 Falsus
1261 2281 1401 2316 Philippus
1414 2288 1486 2308 anno
1501 2289 1521 2307 ι.

1087 2327 1199 2354 Summa
1215 2334 1348 2354 annorum
1360 2334 1478 2355 DCXLVII.

247 1928 274 1956 8.
294 1928 370 1955 Nunc
401 1929 527 1963 quoniam
539 1929 565 1956 in
576 1929 721 1956 Alexandri
731 1931 892 1957 mentionem
902 1930 993 1960 incidi.

212 1974 287 2000 lubet
301 1974 335 2000 ab
363 1974 466 2009 origine
495 1979 610 2002 cunctos
627 1974 803 2002 Macedonum
831 1983 907 2010 reges
933 1975 995 2001 huic

213 2020 315 2052 Scripta
329 2021 498 2055 consignare.
511 2020 603 2056 Neque
617 2021 689 2048 enim
707 2021 860 2048 Alexander
876 2021 996 2048 Macedo-

213 2074 277 2096 num
287 2074 334 2093 rex
350 2067 454 2101 primus
469 2066 528 2098 fuit,
541 2068 588 2095 sed
604 2072 719 2102 quartus
729 2076 811 2102 supra
827 2068 995 2103 vicesimum.

212 2111 267 2146 jam
290 2112 393 2146 primus
417 2112 593 2140 Macedonum
614 2121 661 2140 rex
679 2114 729 2140 fuit

250 2156 270 2183 Ι.
306 2157 428 2185 Caranus
445 2159 524 2185 annis
539 2167 605 2186 xxii.

248 2201 280 2228 II.
318 2202 419 2230 Ctenus
435 2203 514 2231 annis
526 2212 563 2230 xu

250 2248 293 2274 Ill.
314 2248 466 2283 Tyrimmas
484 2250 562 2276 annis
579 2257 690 2276 xxxvm.

249 2293 294 2320 IV.
315 2293 442 2321 Perdit-ca
463 2295 541 2322 annis
557 2303 591 2321 ι.ι.

249 2338 282 2366 γ.
304 2340 435 2374 Argeiaus
452 2341 532 2368 annis
551 2349 664 2368 xxxvm.

249 2384 293 2412 Vl.
311 2385 454 2420 Philippus
470 2387 549 2414 annis
572 2395 687 2415 nm",
1086 2385 1129 2412 Io.
1149 2384 1264 2412 Interest
1294 2388 1322 2412 et
1345 2388 1444 2411 caetera
1460 2392 1542 2419 regna
1566 2384 1731 2415 describere.
1752 2387 1828 2414 Anno

250 2429 305 2457 VII.
327 2429 434 2457 Ermus
450 2431 505 2465 (85)
525 2431 604 2458 annis
621 2440 693 2459 xxvi.
1050 2435 1111 2466 post
1134 2430 1280 2458 Alexandri
1293 2431 1347 2457 fata
1362 2430 1457 2465 quinto
1472 2431 1587 2466 imperat
1603 2432 1714 2460 Asianis

249 2475 318 2503 VIII.
339 2476 447 2503 Alcetas
461 2476 541 2503 annis
553 2485 627 2505 xxix.
1078 2478 1098 2504 I.
1121 2478 1271 2512 Antigonus
1285 2477 1363 2503 annis
1375 2484 1450 2504 xviii.

248 2522 294 2549 IX.
320 2524 451 2558 Amyntas
470 2522 549 2550 annis
561 2531 587 2550 ι..
1082 2523 1114 2550 II.
1134 2522 1287 2550 Demetrius
1302 2522 1468 2550 Poliorcetes
1484 2523 1563 2551 annis
1575 2532 1640 2551 xvu.

248 2569 280 2596 X.
314 2568 467 2596 Alexander
483 2569 561 2597 annis
572 2577 645 2596 xLiv.
1086 2568 1234 2596 Amborum
1265 2568 1415 2595 dominatio
1444 2569 1589 2603 conjuncta
1614 2578 1701 2598 annos
1715 2575 1824 2605 occupat

248 2615 294 2642 XI.
311 2614 439 2642 Perdicca
454 2615 543 2649 annis.
554 2623 651 2642 xxvm.
1049 2622 1130 2642 xxxv.
1142 2613 1235 2649 Operae
1254 2615 1370 2648 pretium
1399 2618 1441 2641 est
1454 2622 1502 2642 eos
1522 2615 1585 2642 item
1600 2616 1646 2650 qui
1662 2616 1705 2643 his
1721 2623 1825 2644 succer

258 2712 304 2780 3%}
320 2712 570 2774 ἔῖἱλλλὶήἷῆεδδ.

1067 2712 1180 2742 09.cum
1199 2715 1261 2738 nota
1275 2712 1299 2738 5.

1085 2748 1140 2780 (85)
1156 2746 1203 2773 Dic
1218 2746 1299 2780 xErop

259 2746 304 2780 8'5)
320 2747 359 2774 Ad
379 2756 477 2774 annum
493 2747 570 2774 I553.
1085 2748 1140 2781 (85)
1156 2746 1203 2773 Dic
1218 2746 1335 2780 [Emptis
1351 2748 1391 2774 vel
1406 2746 1532 2781 zEropas.

260 2782 304 2809 84)
321 2782 399 2810 lInnc
418 2791 525 2817 quoque
541 2790 684 2810 numerum
701 2783 734 2809 ah
750 2783 865 2810 Eusebio
879 2783 996 2810 desumit
1085 2782 1140 2817 (36)
1158 2781 1295 2809 Vetustior
1308 2782 1404 2813 codex,
1418 2781 1600 2809 Casamaiider
1613 2783 1689 2810 armis
1704 2790 1753 2812 xx.

220 2815 339 2853 Samuel.
352 2815 456 2852 Quippe.
470 2815 603 2845 Eusebius
624 2818 694 2853 apud
716 2819 877 2849 Ccdrcniim,
889 2826 914 2852 p.
935 2820 993 2849 I95,
1084 2815 1139 2849 (87)
1154 2818 1194 2843 Al.
1209 2817 1280 2853 cod..
1298 2825 1339 2843 xv.

227 2851 260 2888 A.
276 2852 368 2888 scribit
395 2860 408 2878 a
425 2851 504 2888 ’Cyrn
532 2853 564 2880 ad
584 2851 767 2881 Alexandrum
795 2851 993 2880 aniios’ccxxx.
1083 2854 1137 2886 (88)
1155 2852 1317 2888 glorifei'atiir
1336 2852 1468 2888 Eusebius
1484 2860 1502 2883 i,
1518 2852 1563 2884 38,
1578 2853 1603 2879 4.

216 2885 378 2916 (lonferatur
403 2885 490 2914 alitem
516 2888 660 2916 Eusebiani
679 2897 771 2922 regum
795 2889 917 2917 Iaterculi
939 2890 993 2916 col.
1087 2888 1140 2920 (80)
1155 2887 1200 2914 Dic
1217 2895 1259 2913 xix
1279 2895 1340 2913 cum
1357 2887 1482 2920 I'Znsebio,
1500 2889 1552 2914 col.
1571 2888 1621 2915 235
