1911 3136
79 119 144 150 653

122 177 276 214 Principes
290 181 361 215 quod
377 181 430 209 vita
448 190 568 212 maneret

122 223 229 252 XVIII.
247 225 335 254 Melon
351 227 389 264 (5)
407 229 487 257 annis
502 238 546 257 xx.

123 269 204 299 XIX.
221 271 338 300 Acastus
353 275 431 302 annis
448 284 540 303 xxxvi.

121 317 191 344 XX.
210 319 363 354 Archippus
377 322 456 349 annis
469 331 526 350 xix.

122 363 204 391 XXI.
219 363 386 400 Thersippus
400 368 480 396 annis
496 377 550 396 xLi.

123 407 216 436 XXII.
231 409 353 438 Phorbas
367 412 445 439 annis
458 421 531 440 xxxi.

124 454 229 482 XXIII.
243 456 373 492 Megacles
389 459 468 486 annis
484 468 548 487 xxx.

124 499 227 528 XXIV.
242 501 391 537 Diognetus
407 505 487 532 annis
500 514 597 533 xxvm.

121 546 212 575 XXV.
227 547 369 577 Pheraeles
380 550 459 578 annis
473 559 530 582 xix.

120 590 224 619 XXVI.
241 593 377 628 Ariphron
390 595 469 622 annis
486 604 530 622 xx.

124 637 239 665 XXVII.
258 638 409 677 Thespieus
421 641 501 670 annis
517 650 605 668 xxvii.

124 682 248 710 XXVIII.
269 684 425 720 Againestor
440 687 477 722 (AI)
497 689 574 714 annis
590 697 634 715 xx.

122 727 225 756 XXIX.
243 729 388 766 [Eschylus
401 733 479 759 annis
495 741 568 760 xxiii.

123 773 221 801 Primo
234 775 356 811 {Escliyli
378 784 449 804 anno
481 784 575 813 regnat
597 780 666 814 apud
686 779 774 816 Lydos
791 780 877 817 Ardy-

87 827 163 853 sus;
198 822 279 848 tertio
304 826 393 849 autem
426 823 508 857 hujus
538 832 609 851 anno
632 825 718 860 prima
744 825 876 861 Olympias

87 869 150 892 acta
167 865 313 893 est.i’orro
334 867 404 894 hanc
428 868 610 904 Olympiadem
633 870 752 898 instituit
774 871 877 904 Iphitus

87 911 265 939 Praxionida:
292 912 427 941 Haemonis
451 912 505 950 '(5).
537 914 574 941 Ex
604 915 655 942 hoc
683 915 739 950 jam
756 919 877 951 tempore

87 956 249 984 Graecorum
261 958 436 994 chronologia
452 960 603 988 ﬁrmitatem
618 969 672 995 prie
683 970 712 989 se
724 962 792 988 ferre
807 962 877 989 vide-

87 1006 135 1029 tnr
143 1010 208 1029 cum
223 1009 301 1030 antea
322 1012 371 1039 pro
384 1014 434 1033 suo
448 1006 564 1042 quisque
578 1007 654 1035 Iibito
669 1016 725 1037 rem
739 1008 874 1040 deﬁniret.

127 1048 214 1075 XXX.
232 1049 368 1078 Alcmaeon
382 1052 460 1079 annis
476 1059 506 1080 II.

129 1094 228 1123 XXXI.
242 1095 364 1131 Charops
374 1098 452 1125 annis
464 1107 491 1126 x.

123 1141 232 1168 XXXII.
248 1142 396 1171 [Esimides
409 1145 488 1173 annis
504 1153 529 1172 x.

122 1187 246 1215 XXXIII.
259 1189 380 1217 Clidicus
395 1191 474 1218 annis
490 1199 516 1218 x.

123 1234 246 1263 XXXIV.
259 1235 439 1272 Hippomenes
449 1238 528 1265 annis
539 1247 565 1266 x.

124 1280 234 1308 XXXV.
249 1282 392 1311 Leocrates
406 1285 485 1313 annis
502 1294 530 1316 x._

123 1325 246 1353 XXXVI.
260 1328 401 1362 Apsander
415 1330 494 1356 annis
511 1338 538 1356 x.

123 1371 255 1399 XXXVII.
274 1373 386 1409 Eryxias
398 1375 477 1402 annis
489 1383 515 1402 x.

123 1417 293 1445 Athenarum
322 1427 400 1454 reges
424 1424 483 1456 post
510 1428 596 1451 annos
617 1428 766 1448 ncccuxui
790 1421 870 1452 tinem

89 1463 253 1492 habuerunt.

127 1508 168 1535 I6.
186 1507 310 1536 Postulat
325 1509 441 1537 instituti
458 1511 542 1538 nostri
562 1511 642 1542 ratio.
656 1517 684 1538 ut
695 1511 772 1540 hisce
787 1512 870 1540 Lace-

89 1553 287 1581 daemoniorum
306 1563 414 1590 quoque
435 1563 512 1591 reges
537 1556 728 1592 adjungamus,
753 1566 868 1593 quorum

89 1601 194 1635 primus
224 1607 295 1627 anno
324 1600 459 1629 Samuelis
489 1606 518 1629 et
543 1602 634 1631 Saulis
661 1607 737 1631 sexto
765 1605 870 1632 decimo

89 1651 184 1682 regnat

123 1692 144 1721 I.
162 1693 327 1729 Eurystheus
347 1694 425 1721 annis
441 1702 506 1722 xui.

123 1737 155 1765 II.
175 1738 240 1773 Agis
250 1746 321 1766 anno
334 1746 351 1765 i.

123 1783 166 1810 Ill.
188 1783 361 1812 Echestratus
378 1783 456 1812 annis
473 1793 552 1812 xxxv.

123 1827 167 1856 IV.
185 1828 301 1856 Labotas
317 1829 395 1856 annis
407 1837 509 1857 xxxvn.

124 1872 156 1899 V.
174 1873 317 1900 Doristhus
335 1874 413 1901 annis
431 1882 505 1902 xxix.

125 1918 167 1947 VI.
186 1920 326 1954 Agesilaus
337 1919 417 1946 annis
432 1928 502 1951 xtiv.

126 1963 178 1991 VII.
196 1965 343 1993 Archelaus
356 1967 435 1994 annis
448 1975 492 1994 1.x.

126 2009 188 2036 VIII.
209 2010 332 2045 Telecles
347 2014 424 2041 annis
437 2021 482 2041 xL.

123 2054 167 2082 IX.
186 2055 345 2085 Alcamanes
361 2060 440 2087 annis
454 2068 555 2088 xxxvii.

124 2101 170 2129 His
187 2107 247 2136 post
256 2110 342 2131 annos
353 2112 454 2133 cccxxv
465 2106 502 2143 (ὃ)
515 2107 574 2136 ﬁnis
586 2113 626 2135 est
638 2109 789 2144 impositus.

124 2148 166 2174 17.
185 2148 263 2176 Anno
279 2151 393 2179 istorum
414 2153 514 2187 altera,
531 2155 575 2190 qui
597 2159 654 2183 erat
678 2156 800 2184 decimus
821 2165 866 2185 se-

453 125 626 154 SAMUELIS
641 128 799 156 ANIENSIS
817 130 986 160 SUMMARII
1001 133 1199 164 -TEMPORUM
1211 135 1300 165 PARS
1316 138 1336 166 I.

895 191 918 219 Α
970 190 1037 218 \‘Ill.
1056 193 1242 222 Aristomedes
1258 196 1338 223 annis
1357 204 1440 226 xxxv.

971 236 1016 264 IX.
1037 237 1157 273 Agenion
1171 240 1250 267 annis
1265 249 1320 267 xvi.

972 282 1005 310 X.
1026 284 1178 312 Alexander
1191 286 1269 313 annis
1287 294 1350 314 xxv.

970 327 1015 355 XI.
1036 327 1156 357 Telestes
1171 331 1248 357 annis
1261 339 1309 358 xii.

970 373 1026 400 XII.
1048 374 1210 404 Autoinenrs
1226 377 1288 404 anni
1308 385 1338 406 ιι.

969 419 1000 446 Ili
1018 425 1198 458 regnaverunt
1214 422 1294 449 annis
1312 431 1443 457 cccxxw;
1461 425 1608 456 eodemque
1631 432 1714 460 anno,

933 473 986 500 quo
999 465 1206 499 Lacedaemonii,
1222 468 1377 496 (lesiverunt
1387 471 1471 504 prima
1484 471 1643 506 Olympiade.

972 511 1013 537 I8.
1040 510 1204 546 Populoruin
1230 513 1349 540 omnium
1374 521 1520 549 regumque
1544 515 1712 544 ethnicorum

932 560 1080 584 extremam
1097 557 1198 591 placuit
1215 557 1293 584 nobis
1311 557 1494 586 Romanorum
1512 560 1712 596 chronologiam

933 602 1076 629 coniicere.
1090 603 1173 629 Nemo
1187 603 1286 638 quippe
1301 607 1459 631 cazterorum
1468 605 1521 631 voti
1537 606 1623 632 nostri
1639 614 1713 634 coni-

932 656 981 683 pos
1001 649 1089 676 factus
1102 653 1154 681 est,
1174 649 1285 677 Cnuisri
1300 650 1422 677 videlicet
1438 651 1504 678 lucis
1515 652 1585 678 caelo
1601 660 1712 679 manan-

931 694 975 725 tis,
1008 694 1074 721 solis
1102 694 1211 729 inquam
1241 695 1363 729 justitize.
1394 695 1493 723 Verum
1524 697 1566 728 III,
1588 697 1621 723 ad
1645 705 1712 732 quos

931 738 1089 766 scribendos
1101 747 1172 766 nunc
1185 741 1337 774 aggredior,
1351 748 1505 776 quanquam
1528 747 1609 769 noctu
1626 743 1674 770 vize
1684 751 1713 770 se

930 784 1134 816 commiserunt.
1154 789 1233 821 atque
1256 786 1343 818 initio,
1360 787 1398 813 uti
1414 788 1518 818 cateri.
1536 787 1563 814 in
1596 789 1712 816 tenebris

930 831 1030 857 versati
1056 835 1139 863 sunt;
1159 832 1334 859 nihilominus
1348 841 1378 859 ex
1401 833 1442 860 liis
1461 833 1553 868 plures
1573 834 1646 869 digni
1663 835 1711 860 ha.

894 867 914 894 Β
928 876 976 903 biti
994 881 1055 903 sunt
1070 877 1115 911 qui
1137 877 1281 911 splendore
1299 876 1367 904 lucis
1381 867 1615 909 collustrarcntur;
1633 882 1711 912 prout

927 929 977 951 suo
993 923 1052 950 loco
1066 930 1214 958 cognosces
1231 923 1267 958 (7)

960 967 1019 994 Jani
1035 975 1098 995 vero
1115 968 1195 995 tertio
1209 973 1268 1002 post
1286 967 1363 995 Ilium
1378 972 1485 1002 captum
1504 975 1586 1000 anno,
1603 968 1711 995 biennio

926 1018 987 1040 ante
1007 1013 1200 1048 Sampsonem,
1225 1013 1348 1041 Teutami
1374 1019 1463 1040 autem
1488 1014 1616 1041 vicesimo
1639 1022 1711 1040 nono

926 1063 997 1082 anno
1011 1055 1081 1090 apud
1096 1055 1208 1083 Latinos
1224 1059 1319 1090 regnat

959 1099 979 1126 I.
999 1100 1101 1128 [Encas
1116 1101 1195 1128 annis
1209 1108 1250 1127 iii.

962 1143 991 1173 II.
1011 1144 1148 1173 Ascanius
1167 1144 1246 1172 annis
1257 1153 1371 1172 xxxvut.

959 1189 1002 1217 III.
1024 1190 1125 1217 Silvius
1143 1189 1235 1217 Enete
1248 1192 1326 1218 annis
1344 1199 1418 1218 xxix.

958 1234 1002 1261 IV.
1031 1235 1142 1262 Latinus
1162 1234 1263 1263 Silvius
1286 1236 1365 1262 annis
1386 1243 1462 1262 xxxi.
1484 1235 1502 1261 Α
1526 1235 1622 1262 Latino
1642 1241 1710 1270 gens

924 1281 1012 1312 Latini
1028 1281 1152 1316 appellati
1171 1288 1219 1317 per
1233 1288 1319 1308 annos
1336 1287 1444 1308 cccccx.

959 1326 990 1353 ν.
1012 1326 1112 1354 [Encas
1124 1327 1224 1354 Silvius
1239 1327 1318 1353 annis
1333 1334 1358 1353 ι..

956 1371 1000 1399 Vl.
1020 1372 1087 1399 Alba
1104 1371 1203 1400 Silvius
1215 1373 1293 1400 annis
1306 1380 1400 1400 xxxix.

959 1417 1013 1445 VII.
1034 1417 1129 1453 Epitus
1145 1417 1246 1445 Silvius
1259 1419 1339 1446 antiis
1354 1426 1427 1445 xxvi.

961 1464 1026 1493 VIII.
1049 1465 1137 1500 Capys
1154 1464 1255 1492 Silvius
1269 1465 1348 1493 annis
1361 1473 1456 1492 xxviii.

957 1509 1001 1537 IX.
1023 1510 1156 1537 Anchises
1174 1509 1212 1544 (8)
1229 1509 1329 1537 Silvius
1343 1510 1421 1537 annis
1437 1518 1495 1536 xiii.

957 1556 990 1583 X.
1011 1556 1135 1583 Tiberius
1151 1556 1252 1584 Silvius
1263 1557 1340 1584 annis
1353 1565 1411 1583 vtii.

957 1603 1001 1629 XI.
1023 1603 1139 1638 Agrippa
1157 1601 1258 1630 Silvius
1272 1602 1351 1630 annis
1362 1610 1415 1630 XLI.

956 1649 1012 1678 XII.
1031 1650 1177 1676 Aremulus
1193 1648 1294 1676 Silvius
1312 1648 1391 1675 annis
1404 1656 1459 1676 xix.

954 1695 1021 1723 XIII.
1041 1696 1172 1723 Aventius
1190 1695 1291 1722 Silvius
1305 1694 1384 1722 annis
1399 1702 1501 1721 xxxvii.

954 1737 1023 1764 XIV.
1043 1737 1145 1765 Procas
1161 1736 1262 1764 Silvius
1274 1737 1352 1764 annis
1367 1744 1422 1763 xxi.

956 1782 1013 1809 XV.
1034 1782 1158 1810 Amulius
1181 1781 1282 1810 Silvius
1305 1782 1383 1809 annis
1403 1789 1479 1808 xuii.
1506 1782 1533 1808 In
1554 1782 1634 1816 hujus
1653 1790 1702 1809 an-

922 1837 986 1858 num
999 1828 1134 1856 decimum
1149 1835 1251 1855 nanum
1265 1827 1350 1862 prima
1363 1827 1495 1862 olympias
1507 1827 1630 1855 incurrit.

955 1875 974 1902 l.
994 1873 1127 1902 Romulus
1144 1875 1223 1902 annis
1243 1873 1355 1901 xxxvtii.
1375 1872 1425 1900 IIic
1442 1881 1512 1900 anno
1533 1880 1582 1900 suo
1597 1872 1703 1900 decimo

919 1928 1010 1953 nono,
1044 1922 1090 1956 qui
1122 1920 1172 1948 fuit
1205 1921 1365 1956 Olympiadis
1393 1920 1541 1946 undecima:
1578 1924 1700 1955 quartus,

920 1967 1017 2002 templa
1039 1971 1066 1995 et
1081 1967 1181 1994 mmnia
1200 1966 1293 1994 Romae
1307 1965 1438 1993 fundavit.
1456 1964 1524 1992 Iliiic
1542 1965 1605 1992 anni
1627 1965 1701 1992 urbis

919 2013 1035 2041 condita:
1053 2013 1140 2048 putari
1160 2013 1293 2048 incipiunt
1308 2013 1356 2048 (9),
1379 2013 1424 2047 qui
1439 2019 1510 2039 anno
1529 2011 1616 2046 primo
1635 2009 1701 2037 Phi-

919 2059 985 2094 lippi
995 2059 1068 2086 mille
1082 2063 1270 2086 numerantur.
1284 2057 1351 2086 Hinc
1366 2057 1446 2085 etiam
1463 2056 1549 2083 Latini
1565 2055 1701 2082 Romano-

919 2114 978 2133 rum
1005 2113 1103 2132 nomen
1130 2104 1291 2131 habuerunt.
1326 2102 1516 2137 Congeruntur
1549 2106 1637 2129 autem
1665 2109 1699 2129 ex

919 2151 1004 2178 [Enea
1020 2151 1052 2178 ad
1067 2150 1211 2181 Romulum
1225 2149 1288 2176 anni
1304 2157 1442 2176 ccccxxvt.

89 2194 186 2233 ptimus
205 2194 338 2224 Samuelis
353 2202 379 2225 et
397 2198 496 2233 Saulis,
518 2206 611 2237 regnat
626 2203 696 2240 apud
711 2201 866 2236 Corinthios

954 2196 984 2224 II.
1006 2197 1092 2225 Numa
1111 2196 1258 2231 Pompilius
1273 2196 1352 2222 annis
1365 2203 1421 2222 ιιι.
1440 2194 1490 2221 Hic
1504 2201 1610 2221 menses
1630 2193 1700 2221 duos

124 2241 143 2268 I.
163 2241 270 2269 Alethes
287 2244 366 2270 annis
379 2252 460 2272 xxxv.

123 2285 152 2313 ll.
173 2285 247 2314 Ixion
259 2289 336 2316 annis
350 2297 452 2317 xxxvii.

122 2329 164 2357 Ill.
179 2330 294 2366 Agelaus
309 2333 388 2361 annis
399 2342 500 2362 xxxvn.

122 2374 164 2402 IV.
184 2375 301 2405 Primnis
315 2378 394 2406 annis
407 2386 487 2406 xxxv.

123 2420 154 2449 V.
174 2421 287 2450 Bacehis
306 2425 385 2452 annis
399 2433 480 2456 xxxv.

121 2467 161 2495 VI.
181 2467 277 2503 Agelas
297 2470 375 2498 annis
389 2478 453 2498 xxx.
520 2505 525 2511 _

126 2513 174 2541 Vll.
190 2513 343 2543 Eudemeus
362 2516 440 2544 annis
453 2525 518 2545 xxv.

134 2591 158 2625 5)
173 2592 319 2626 Eusebius,
337 2593 444 2622 Medon.

132 2627 157 2664 ᾗ)
170 2627 267 2664 ded.,
285 2629 444 2664 Agemeslor.
717 2644 727 2654 .

125 2662 160 2698 (5)
177 2663 246 2702 Hoc;
257 2662 354 2702 nomen
377 2670 535 2702 corruptum
556 2670 596 2693 est
616 2667 686 2702 apud
711 2667 862 2696 Samuelem

93 2697 127 2723 uti
140 2699 208 2731 apud
228 2697 373 2726 Eusebium
388 2700 422 2726 ad
437 2697 535 2727 (uirium
549 2697 691 2729 Abra/i'ami'
703 2710 799 2729 uccxn.

134 2732 157 2763 6)
170 2733 212 2759 Al.
229 2734 302 2765 cod.,
325 2741 458 2762 cccxxvn.

137 2768 159 2806 ’1)
173 2768 265 2806 Mirari
278 2769 341 2796 licet
353 2774 434 2806 atque
444 2771 561 2798 osculari
577 2771 862 2806 religiosumlArmenii

95 2802 202 2842 hominis
223 2811 344 2842 sensum,
368 2802 417 2842 qui
440 2802 736 2842 prmiezeteris'priscis
756 2809 861 2842 populis

96 2835 223 2865 Romanos
237 2838 360 2871 suspicit,
375 2835 480 2874 quia'lii
496 2841 596 2869 Christi
614 2835 671 2870 lucc
685 2835 763 2876 digni
778 2835 859 2871 habiti

915 2253 986 2278 anno
1002 2244 1104 2271 addidit
1118 2242 1214 2270 Janum
1227 2247 1254 2269 et
1269 2242 1402 2269 Februum
1415 2241 1480 2274 (I0),
1493 2248 1587 2275 nempe
1597 2239 1698 2267 Janua-

917 2292 986 2318 rium
1006 2293 1086 2325 atque
1100 2288 1289 2320 Februarium,
1302 2295 1363 2314 cum
1380 2288 1472 2314 decem
1483 2291 1561 2314 antea
1575 2287 1698 2313 diceren-

915 2340 995 2410 tl"III.
1015 2381 1110 2409 Tullus
1124 2380 1255 2408 Ilostilius
1271 2379 1325 2414 (Il)
1341 2379 1421 2406 annis
1435 2386 1520 2405 xxxii.

952 2429 995 2457 IV.
1017 2429 1107 2456 Ancus
1123 2429 1237 2460 Marcius
1251 2427 1329 2454 annis
1342 2434 1421 2454 xxiii.

951 2475 983 2501 V.
1004 2474 1169 2509 Tarquinius
1190 2473 1300 2501 Priscus
1327 2473 1405 2500 anuis
1440 2479 1530 2499 xxxvii
1556 2471 1621 2505 (12).
1649 2471 1698 2498 Ilic

916 2521 959 2549 isti
975 2522 1053 2548 linem
1072 2521 1180 2547 faciunt.

915 2605 989 2631 sunt.
1005 2601 1068 2627 dum
1083 2607 1172 2627 rerum
1186 2599 1273 2626 adhuc
1288 2599 1449 2634 potirentur.

952 2635 988 2671 (8)
1005 2635 1148 2666 Eusebius,
1162 2634 1317 2671 Carpentus.

947 2669 985 2706 ('9)
999 2671 1083 2697 Aliter
1100 2671 1126 2696 iu
1139 2670 1233 2706 codice
1251 2669 1412 2706 Eusebium.

1018 2706 1046 2743 In
1062 2705 1153 2743 codd"
1166 2704 1265 2743 Juniim
1278 2709 1304 2743 μ
1320 2704 1458 2743 Pheguutz.
1501 2738 1507 2743 _
1589 2737 1606 2743 Α

949 2737 972 2774 (1
982 2737 1004 2774 ι)
1015 2740 1101 2767 Codd.
1113 2740 1259 2770 Samuelis,
1273 2737 1572 2774 ldiliusIAtEusehinf.
1585 2737 1690 2764 Otilius.

950 2773 1005 2810 (l2)
1024 2775 1081 2802 Duo
1103 2783 1180 2810 reges
1207 2775 1397 2802 desiderantur
1410 2773 1513 2800 Servius
1538 2773 1651 2805 Tullius,
1667 2776 1693 2801 rt

915 2811 1072 2846 Tarquinius
1093 2810 1234 2844 Superbus.
