1911 3136
196 137 249 166 6'55

690 133 861 162 APPENDIX
880 133 925 161 AD
946 133 1080 162 EUSEBH
1097 134 1302 165 CHRONICON.

1777 138 1839 166 636

233 194 299 222 Post
323 202 402 230 reges
421 194 587 230 prml‘uerunt
614 193 706 221 Romae
731 194 859 221 consules
875 202 889 220 a
904 194 987 221 Bruto
1002 197 1024 225 Α
1039 195 1131 225 sitam,
1143 203 1224 230 quam
1240 200 1267 224 et
1279 195 1422 223 llarchiam
1435 197 1609 233 nuncupavit.
1621 196 1735 225 Interim
1747 197 1838 226 Belus

198 241 311 272 exorsi;
340 240 438 267 deinde
463 239 575 270 tribuni,
605 247 669 266 mox
695 239 843 267 dictatores
870 240 986 275 (nempe

198 286 386 321 eloquentes);
410 293 506 312 rursus
525 285 664 317 consules,
685 285 732 320 qui
755 293 769 312 a
789 284 938 320 Tarquinio
953 286 986 313 ad

198 332 294 359 Caium
309 331 409 358 Julium
425 331 588 358 exstiterunt
604 331 683 357 annis
698 338 808 358 ccccu.

233 377 298 405 Past
328 377 376 404 hos
406 383 477 403 anno
511 377 597 404 altero
629 377 783 404 centesimae
815 377 988 411 octogesima:

199 428 305 459 quarta:
322 422 486 458 Olympiadis
501 430 635 449 summam
657 427 818 458 potestatem
844 423 914 457 apud
934 422 989 449 Ro-

198 477 293 498 manos
316 468 436 496 exercuit
454 468 537 496 Caius
556 468 645 496 Julius
666 469 744 496 annis
766 470 897 504 quinque,
913 477 989 496 men-

198 516 274 543 sibus
315 519 416 550 septem
445 515 546 542 minus.
579 514 647 542 Exin
678 514 814 542 Cazsarum
847 515 990 550 appnllatio

197 561 327 589 obtinuit.
349 560 408 588 Jam
435 561 488 588 huc
507 568 595 596 usque
618 561 681 588 anni
699 561 753 588 duo
768 561 916 596 Cleopatrae
939 570 990 588 nu-

200 610 359 640 merantur;
384 605 505 641 reliquos
531 605 626 641 viginti
647 604 739 633 eadem
764 606 816 633 sub
846 606 977 634 Romanis

201 652 338 688 exigebat.

235 699 374 734 Augustus
389 698 468 725 annis
481 705 535 730 LVI,
555 697 694 726 mensibus
708 705 745 725 vt.
760 698 800 725 Ab
815 698 895 732 hujus
904 698 990 733 primo

202 752 276 771 anno
292 744 455 771 Antiocheni
470 751 534 771 suos
551 750 637 771 annos
653 749 808 771 numerant.
824 743 911 778 Ilujus
927 745 990 772 item

201 783 273 817 anno
285 789 390 817 decimo
402 789 556 817 Iudaeorum
569 790 697 824 praesules
712 790 795 817 amoti
809 794 882 821 sunt,
899 798 992 824 regna-

201 835 293 870 vitque
333 834 454 862 Herodes
471 834 630 868 alienigena.
670 833 738 860 Ecce
762 838 851 860 autem
877 833 990 868 Augusti

1038 241 1064 267 in
1096 241 1215 276 reliquos
1238 249 1335 269 omnes
1360 241 1528 269 dominatum
1555 243 1686 277 adeptus,
1712 236 1847 271 Haicurn'

1037 293 1145 320 quoque
1164 286 1326 321 Babylonem
1344 287 1459 313 accersit
1477 296 1484 313 :
1500 295 1616 322 eumque
1635 287 1737 315 Haicus
1751 296 1837 315 man-

1038 331 1100 358 data
1127 339 1181 359 non
1203 331 1314 364 faceret,
1339 332 1479 367 egreditur
1503 333 1633 361 adversus
1655 341 1718 361 eum
1747 333 1835 361 Belus

1041 378 1154 405 immani
1177 379 1330 413 arrogantia
1351 378 1449 406 elatus.
1473 377 1525 406 Sed
1544 380 1615 406 enim
1638 380 1691 406 telo
1707 379 1781 406 ictus
1795 380 1834 405 ab

1039 423 1122 451 Haico
1138 424 1193 450 vita
1207 424 1339 458 spoliatur
1357 433 1363 450 :
1380 424 1426 459 qui
1439 425 1546 460 quidem
1566 425 1638 452 haud
1651 425 1748 460 paucis
1769 430 1834 460 post

1040 467 1122 495 annis
1136 468 1190 494 vita
1207 468 1349 503 producta,
1362 467 1473 496 ditionis
1484 469 1616 497 haeredem
1631 471 1754 497 moriens
1771 470 1834 497 reli-

1039 515 1096 549 quit
1107 515 1297 543 Armenacum.

1073 561 1100 588 2.
1122 561 1289 588 Armenacus
1306 561 1361 597 (14)
1382 560 1459 588 Haici
1479 561 1560 592 ﬁlius,
1574 566 1636 596 post
1654 562 1760 589 obitum
1778 571 1831 598 pa—

1042 605 1108 637 tris,
1129 604 1228 632 fratres
1241 605 1311 632 duos
1325 604 1445 632 Chorum
1463 609 1490 633 et
1506 605 1681 633 Manavazum
1706 607 1735 634 in
1756 607 1829 634 Har—

1041 650 1135 677 chensi
1160 650 1300 684 provincia
1320 651 1447 686 reliquit,
1467 651 1586 687 itemque
1607 652 1708 680 Bazum
1733 652 1830 680 Mana-

1041 696 1100 723 vazi
1116 696 1170 731 (15)
1192 696 1285 724 lilium.
1303 696 1389 724 Porro
1406 705 1421 724 a
1438 697 1587 725 Manavazo
1604 697 1731 734 Bazoque
1746 698 1828 726 dictae

1041 740 1167 767 l‘cruntur
1188 742 1314 776 satrapiae
1326 741 1480 770 Mauavazia
1497 747 1523 771 et
1541 743 1688 775 Bcznunia,
1706 746 1828 781 itemque

1042 793 1074 813 ea
1089 794 1149 821 qua:
1165 785 1285 814 0rdunia
1303 788 1473 823 appellatur:
1490 796 1505 815 a
1519 789 1610 817 Choro
1625 795 1715 817 autem
1732 796 1828 825 gentes

1044 832 1268 861 ChOI‘CiIOI‘UhiIP.
1294 834 1355 869 Ipse
1370 841 1434 861 vero
1449 834 1619 863 Armenacus
1639 835 1711 862 ultra
1735 841 1829 864 trans-

201 882 287 908 altero
301 885 326 907 et
341 880 559 915 quadragesimo,
575 879 690 906 Herodis
708 879 793 907 altero
811 884 837 906 et
852 880 990 908 lriccSimo
1005 871 1026 898 Β
1040 885 1155 913 gressus
1166 898 1173 909 .
1200 878 1227 905 in
1253 879 1366 914 planitie
1393 880 1516 908 consedit
1538 881 1611 916 jugis
1635 882 1828 915 circumdata,

201 934 284 959 anno,
298 935 395 954 carens
411 931 532 961 tempore
549 925 641 953 Fiuns
655 925 703 952 De:
723 930 816 952 sancta
833 933 865 952 ex
881 925 990 960 Virgine

202 973 325 1003 nascitur
338 974 364 1000 in
380 977 502 1007 tempore
514 972 580 1007 (15).

499 1038 613 1066 CAPUT
634 1038 688 1066 γη.

375 1095 480 1122 Jabelhi
499 1096 622 1129 prosapia
642 1096 813 1122 Armeniaca.

236 1152 346 1180 Priores
366 1151 434 1180 duas
454 1153 643 1187 genealogias,
662 1151 734 1179 Semi
761 1151 888 1178 videlicet
910 1155 992 1186 atque

201 1198 306 1231 Chami,
323 1198 440 1226 breviter
456 1199 656 1230 rccensuimus,
669 1197 843 1232 easdemque,
860 1201 990 1232 quantum

202 1245 292 1276 licuit,
309 1252 357 1279 per
373 1245 563 1272 successiones
579 1249 605 1272 et
623 1248 745 1279 tempora
761 1243 795 1270 ad
812 1251 874 1270 eum
889 1251 990 1270 annum

202 1298 288 1326 usque
308 1291 481 1320 deduximus.
503 1299 558 1326 quo
588 1290 778 1318 manil'cstatus
800 1294 841 1317 est
862 1289 993 1316 Dominus

201 1339 247 1372 qui
271 1337 417 1364 humanam
439 1341 534 1372 sponte
553 1341 678 1363 naturam
695 1335 820 1363 adscivit.
835 1335 891 1369 Age
907 1342 990 1366 nunc,

201 1383 272 1418 quod
295 1384 419 1418 superior
443 1383 530 1410 oratio
554 1386 647 1410 nostra
669 1381 810 1416 promisit,
834 1381 867 1407 ad
886 1380 992 1408 Jabethi

201 1437 310 1464 quoque
321 1429 475 1464 progeniem
487 1427 694 1455 describendam
708 1426 872 1454 accedamus
891 1435 897 1453 :
914 1426 992 1460 cujus

203 1476 366 1504 successive:
377 1475 579 1510 procreationes
592 1475 624 1501 ad
635 1473 751 1500 Parthos
764 1480 850 1508 usque
860 1471 991 1503 deﬂuunt.

207 1530 258 1556 quo
280 1523 308 1548 lit
332 1526 362 1548 ut
385 1529 446 1548 cum
471 1521 598 1555 denique,
614 1520 659 1554 qui
683 1519 745 1547 fecit
767 1523 881 1554 utraque
897 1526 991 1550 unum,

207 1568 361 1598 Dominum.
391 1568 513 1602 inquam,
540 1571 662 1593 nostrum
695 1565 895 1599 continganius.
925 1564 992 1591 Cum

207 1614 287 1649 igitur
309 1613 428 1648 przedicti
448 1612 582 1641 sermonis
600 1612 685 1639 nostri
705 1619 803 1638 cursus
824 1611 857 1637 ad
872 1609 994 1645 Thorgo—

208 1667 279 1686 mum
295 1660 444 1691 devenerit,
461 1659 584 1693 sequitur
599 1662 628 1684 ut
645 1657 678 1684 ab
693 1665 725 1684 co
740 1658 800 1684 loco
810 1658 993 1685 narrationem

207 1713 302 1733 rursus
315 1705 500 1732 exordiamur.

241 1751 267 1778 1.
293 1751 316 1777 Α
339 1750 493 1785 Thorgomo
519 1750 556 1776 ait
590 1748 693 1785 (Moses
720 1748 903 1780 Cltorenensis,
925 1758 943 1782 ι,
966 1749 993 1783 9)

206 1800 377 1830 procreatum
393 1796 517 1823 Haicum.
535 1794 593 1822 .lam
607 1795 650 1822 hic
662 1794 763 1824 llaicns
779 1804 811 1822 ex
824 1803 918 1822 eorum
936 1800 994 1822 erat

206 1843 343 1877 gigantum
369 1850 485 1870 numero
511 1843 557 1877 qui
581 1842 736 1877 arrogantia
760 1841 855 1868 tumidi
882 1842 992 1876 impium

206 1889 346 1916 consilium
379 1888 569 1915 construendae
590 1888 673 1914 turris
696 1891 877 1922 pepererunt;
893 1887 994 1922 quique

207 1938 268 1968 post
280 1934 339 1968 ejus
353 1934 483 1962 immanis
495 1933 601 1961 mdilicii
616 1933 722 1959 ruinam
737 1940 798 1959 cum
814 1932 869 1967 jam
884 1933 954 1959 inter
965 1941 994 1960 se

206 1985 317 2015 propter
345 1980 496 2016 linguarum
528 1979 689 2006 divisionem
717 1986 772 2005 non
799 1978 992 2014 intelligerent,

207 2026 334 2061 superbia
357 2027 420 2053 elati
439 2030 562 2053 mutuum
582 2025 750 2052 dominatum
768 2024 938 2052 aﬂ‘cctabant.
957 2024 993 2056 ls.

206 2073 324 2108 inquam,
344 2072 444 2100 [laicus
475 2072 538 2100 Belo
562 2072 696 2100 obsistere
721 2079 806 2099 ausus
837 2075 888 2104 est,
914 2072 993 2107 cujus

207 2119 328 2146 studium
353 2126 385 2145 eo
412 2118 551 2153 spectabat
574 2123 612 2150 ut,
641 2119 750 2146 cunctis
774 2117 827 2146 sibi
851 2118 992 2152 subjectis,

207 2164 359 2201 generalem
383 2165 554 2200 tyrannidem
583 2168 732 2193 exerceret.
757 2164 796 2193 Ne
823 2164 887 2192 Belo
912 2164 994 2199 igitur

207 2209 406 2244 obtemperaret
433 2210 544 2242 Haicus,
573 2218 634 2237 cum
660 2210 724 2241 ﬁlio,
748 2218 828 2245 quem
858 2209 993 2244 Babylone

208 2260 376 2289 susceperat,
400 2258 561 2288 Armenaco,
579 2256 645 2291 petit
674 2256 838 2287 Araratiam,
863 2255 992 2283 trecentis

208 2300 275 2328 viris
298 2300 412 2335 aliisque
432 2301 553 2334 advenis,
569 2301 614 2336 qui
628 2309 656 2327 se
676 2301 714 2328 illi
727 2301 920 2334 adiunxerant.
933 2308 993 2327 cor-

209 2345 363 2374 roboratus.
381 2345 417 2372 lbi
434 2353 497 2372 vero
516 2346 548 2373 ad
570 2347 672 2373 montis
699 2346 804 2373 radices
825 2345 991 2372 domicilium

209 2392 319 2422 excitat.
345 2391 426 2426 idque
454 2400 516 2419 mox
542 2393 685 2419 Armenaci
715 2393 769 2419 ﬁlio
791 2391 892 2418 Cadmo
916 2391 994 2418 auri.-

210 2437 307 2470 buens,
330 2438 437 2473 longius
464 2438 519 2472 ipse
549 2446 708 2473 progressus
733 2442 775 2464 est
798 2438 830 2464 ad
854 2437 992 2472 regionem

211 2482 356 2518 quamdam
387 2483 459 2510 inter
484 2483 549 2510 solis
574 2491 701 2510 occasum
733 2488 759 2510 ct
782 2484 992 2517 septentrionem

246 2572 438 2608 (lﬁirrsamueq
460 2571 602 2608 titcuique
621 2571 718 2608 legenti
734 2575 850 2608 constat.
875 2571 992 2608 priorem

211 2606 320 2635 Eusebii
338 2606 436 2642 librum
460 2606 512 2642 hinc
527 2614 613 2641 usque
627 2607 654 2633 in
673 2607 862 2640 compendium
881 2607 992 2642 redegit.

210 2643 296 2670 Porro
311 2649 373 2677 cum
388 2641 459 2668 idem
471 2641 656 2668 Romanorum
673 2641 850 2677 imperatores
861 2641 931 2668 ultra
943 2641 995 2677 pri-

211 2685 284 2704 mum
311 2676 351 2703 vel
373 2677 487 2703 alterum
508 2677 642 2704 Caesarem
669 2684 722 2703 non
748 2675 894 2707 describat,
922 2675 992 2705 haud

211 2713 313 2739 scimus
328 2719 361 2738 an
373 2711 437 2739 hinc
448 2713 545 2739 merito
558 2711 766 2746 conjectandum
780 2711 827 2743 sit,
841 2710 993 2741 Samuelem

212 2747 306 2774 nititilo
321 2745 430 2773 Eusebii
452 2746 546 2775 codice
563 2745 642 2774 usum
667 2754 736 2773 esse.

249 2782 304 2816 (ﬂ)
326 2781 438 2808 Codices
460 2781 561 2818 aliique
582 2783 730 2817 scriptores
756 2781 836 2809 etiam
850 2804 857 2815 ,
883 2784 993 2812 Anime-

214 2823 305 2843 nacus.

248 2851 303 2886 (15)
325 2853 487 2882 Manavazus
503 2853 577 2880 [laici
594 2854 664 2881 lilius
677 2874 684 2886 ,
703 2854 846 2883 Arnmnaci
863 2855 955 2884 frater.

1041 932 1156 959 quorum
1169 925 1275 952 clatiori
1287 933 1384 954 nomen
1396 927 1457 954 fecit
1468 927 1589 962 Aragazo
1601 937 1607 955 :
1625 932 1682 954 tum
1694 930 1829 957 Armzeiso

1041 974 1103 1005 post
1141 971 1243 1005 aliquot
1277 971 1340 998 vitae
1365 979 1450 1000 annos
1484 973 1592 1007 genito,
1616 973 1662 1000 diu
1688 974 1752 1001 exin
1780 983 1830 1002 su-

1042 1020 1146 1051 perstes
1164 1016 1271 1043 domum
1289 1021 1394 1044 natura;
1409 1017 1551 1046 satisfecit.

1076 1062 1103 1089 5.
1124 1061 1273 1089 Armzeisus
1287 1062 1342 1098 (l6)
1363 1063 1506 1091 Armenaci
1529 1064 1600 1091 ﬁlius
1615 1065 1762 1092 stationem
1777 1065 1830 1092 sibi

1042 1107 1068 1134 in
1085 1107 1155 1135 colle
1172 1107 1205 1134 ad
1223 1109 1311 1135 amnis
1324 1108 1412 1144 ripam
1427 1109 1553 1137 mdiﬁcat.
1577 1109 1666 1145 Atque
1680 1110 1829 1138 stationem

1042 1153 1151 1188 quidem
1171 1161 1222 1181 suo
1244 1153 1277 1181 de
1298 1155 1408 1183 nomine
1434 1155 1600 1182 Armaviram
1615 1157 1752 1190 appellat,
1771 1165 1830 1183 am-

1043 1208 1103 1226 nem
1119 1203 1207 1227 autem
1231 1208 1262 1227 ex
1287 1200 1382 1228 Erasto
1399 1205 1496 1236 nepote
1518 1209 1568 1228 suo
1589 1201 1736 1229 Eraschem
1753 1203 1830 1229 voci-

1043 1249 1081 1272 Iat
1095 1245 1163 1280 (17).
1183 1245 1244 1274 Mox
1261 1246 1381 1274 Samum
1398 1247 1499 1279 ﬁlium,
1519 1248 1593 1282 prole
1615 1248 1725 1276 divitem
1748 1253 1830 1283 atque

1044 1299 1166 1319 voracem
1189 1293 1264 1328 (18),
1289 1293 1399 1320 boream
1420 1301 1516 1321 versus
1538 1295 1565 1321 in
1589 1300 1770 1330 campestrem
1791 1296 1832 1322 lo-

1043 1345 1105 1364 cum
1122 1337 1222 1364 emittit
1238 1338 1306 1366 satis
1320 1338 1429 1366 uberem
1447 1343 1473 1365 et
1492 1339 1673 1370 fructuosum,
1691 1339 1780 1374 Hujus
1797 1341 1830 1368 de

1044 1382 1155 1410 nomine
1169 1383 1244 1419 regio
1256 1383 1301 1410 illa
1319 1383 1423 1411 Siracia
1448 1389 1605 1420 nuncupata
1634 1389 1686 1413 est.
1702 1385 1763 1413 Jam
1779 1387 1828 1412 Ar-

1044 1429 1154 1456 Imeisus
1181 1428 1319 1456 Amasiam
1342 1431 1508 1465 procreavit,
1533 1431 1633 1459 diuaue
1657 1433 1748 1459 adhuc
1775 1433 1829 1459 vita

1045 1481 1111 1500 usus
1127 1481 1284 1508 supremum
1307 1474 1378 1502 diem
1394 1475 1470 1502 obiit.

1079 1519 1105 1546 4.
1125 1519 1250 1547 Amasias
1264 1520 1389 1548 Armzeisi
1408 1520 1477 1548 ﬁlius
1488 1541 1494 1552 ,
1514 1521 1594 1548 vitam
1611 1526 1718 1558 agitans
1731 1523 1829 1549 Arma-

1006 1554 1028 1582 C
1045 1565 1124 1596 viras,
1144 1564 1294 1593 Gelamium
1313 1567 1405 1601 genuit
1422 1570 1448 1593 et
1466 1554 1641 1595 Pharocbuni
1655 1573 1737 1603 atque
1753 1567 1830 1595 Zola-

1045 1611 1128 1638 cium.
1148 1611 1221 1638 idem
1240 1612 1339 1647 oppida
1354 1612 1409 1640 duo
1431 1613 1456 1640 in
1481 1613 1621 1641 radicibus
1643 1615 1745 1642 montis
1770 1615 1829 1641 fun-

1045 1656 1138 1689 davit,
1154 1657 1322 1693 totidemque
1345 1657 1409 1686 ﬁliis
1431 1660 1488 1686 suis
1508 1659 1651 1687 incolenda
1675 1661 1826 1691 concessit,

1045 1700 1189 1730 Pharocho
1213 1704 1317 1731 scilicet
1341 1704 1404 1731 forti
1430 1709 1456 1732 et
1481 1704 1591 1733 Zolacio
1612 1705 1753 1738 formoso,
1771 1714 1829 1741 qua:

1045 1748 1152 1782 quidem
1172 1749 1267 1776 horum
1282 1751 1391 1777 nomina
1407 1751 1524 1778 retinent
1539 1750 1721 1779 Parachotum
1736 1757 1763 1780 et
1778 1753 1828 1780 Ζο-

1044 1792 1185 1821 lacertam.
1212 1794 1327 1822 Montem
1351 1795 1467 1830 denique
1490 1795 1524 1823 de
1547 1805 1599 1824 suo
1624 1798 1738 1826 nomine
1763 1799 1828 1826 dixit

1046 1837 1186 1866 Masisium
1204 1839 1271 1875 (l9).
1293 1839 1317 1868 Is
1350 1848 1412 1868 cum
1427 1842 1505 1867 annis
1522 1846 1650 1876 praeterea
1666 1851 1721 1870 non
1733 1844 1827 1879 paucis

1044 1885 1125 1911 vitam
1143 1889 1340 1918 sustentasset,
1358 1886 1507 1914 Armavirze
1522 1888 1649 1915 decessit.

1079 1931 1106 1958 5.
1126 1930 1264 1959 Gelamius
1280 1931 1397 1960 Amasiae
1419 1932 1490 1960 ﬁlius
1514 1932 1642 1962 llarmam
1664 1936 1827 1970 procreavit.

1045 1973 1116 2002 Idem
1135 1976 1263 2010 oppidum
1281 1976 1308 2003 in
1322 1984 1370 2004 ora
1391 1977 1468 2004 lacus
1491 1978 1633 2011 condidit,
1654 1983 1827 2015 montemque

1043 2021 1198 2056 proximum
1214 2021 1308 2049 Gelum
1324 2022 1408 2056 dixit,
1424 2023 1516 2050 urbem
1533 2022 1726 2056 Gelacuniam,
1739 2025 1826 2053 lacum

1044 2067 1160 2102 denique
1174 2075 1247 2095 mare
1262 2068 1437 2096 Gelacunium
1454 2070 1520 2105 (‘20).
1533 2070 1655 2097 Gelamio
1673 2070 1747 2098 ﬁlius
1763 2072 1828 2099 alter

1044 2113 1095 2141 fuit
1109 2113 1221 2142 Sisacus
1231 2135 1238 2148 ,
1253 2115 1297 2142 cui
1313 2115 1380 2144 ﬁnes
1394 2116 1505 2144 ditionis
1518 2117 1659 2144 constituit
1674 2118 1708 2145 ab
1721 2126 1756 2145 eo
1768 2119 1825 2146 lacu

1043 2159 1174 2187 orientem
1191 2168 1302 2193 versus,
1319 2168 1372 2196 qua
1393 2161 1453 2189 ﬁuit
1467 2162 1556 2189 amnis
1573 2161 1708 2191 Eraschcs
1724 2163 1825 2199 ingenti

1009 2225 1031 2253 υ
1044 2205 1150 2239 agmine
1164 2209 1191 2232 et
1207 2206 1321 2241 strepitu
1336 2206 1363 2234 in
1378 2214 1425 2235 eos
1441 2214 1550 2242 campos
1566 2207 1694 2243 delapsus
1715 2209 1765 2243 qui
1784 2209 1824 2237 di-

1044 2255 1145 2278 cuntur
1161 2251 1316 2280 Chalavazl.
1341 2253 1371 2279 Ei
1394 2253 1496 2288 regioni
1522 2261 1621 2281 nomen
1645 2258 1687 2282 est
1711 2254 1823 2283 Siunia:

1044 2297 1091 2324 sed
1104 2297 1274 2326 commodius
1296 2297 1386 2326 Persa}
1408 2298 1502 2326 dicunt
1524 2298 1698 2327 Sisicaniam.
1723 2300 1822 2328 Urbem

1043 2343 1124 2370 etiam
1139 2343 1262 2371 condidit
1277 2344 1425 2372 Gelamiam
1447 2345 1480 2371 de
1502 2353 1552 2372 suo
1573 2345 1684 2373 nomine
1708 2346 1822 2378 dictam,

1043 2396 1104 2424 quae
1119 2394 1213 2424 postea
1227 2390 1261 2417 de
1277 2389 1394 2418 Garnico
1408 2395 1506 2425 nepote
1526 2391 1586 2426 ejus
1606 2390 1707 2419 Garnia
1729 2392 1821 2420 audiit.

1043 2434 1113 2462 Hinc
1144 2439 1221 2463 ortus
1248 2439 1289 2464 est
1315 2437 1469 2464 consecutis
1492 2437 1659 2472 temporibus
1694 2438 1746 2465 sub
1775 2438 1820 2465 Ar-

1045 2485 1155 2509 taxerxe
1164 2481 1285 2510 Varazus
1295 2482 1339 2510 ille
1350 2483 1521 2510 venationum
1534 2483 1678 2518 praefectus
1686 2483 1821 2511 Varalnu-

1080 2573 1135 2606 (l6)
1156 2574 1240 2600 Aliter
1257 2573 1355 2602 etiam.
1375 2575 1542 2601 Aramaisus.

1079 2609 1136 2642 (17)
1156 2609 1256 2643 Nempe
1270 2609 1396 2636 Araxcm.

1080 2645 1135 2679 (l8)
1156 2643 1318 2680 Conl‘eratur
1331 2645 1382 2680 hac
1395 2651 1476 2679 super
1490 2652 1518 2672 re
1531 2644 1657 2679 adagium
1674 2645 1745 2680 apud
1757 2645 1820 2672 Cho-

1044 2686 1186 2714 renensem
1198 2698 1205 2710 ,
1222 2678 1294 2714 Ilist.
1312 2688 1338 2711 ι,
1356 2679 1397 2705 ll.

1079 2714 1136 2749 (19)
1157 2713 1235 2740 llunc
1258 2714 1384 2741 immanis
1415 2713 1565 2742 altitudinis
1593 2719 1712 2742 montem
1734 2714 1817 2742 divina

1044 2749 1129 2776 Biblia
1146 2750 1257 2784 aliwque
1270 2754 1364 2784 gentes
1379 2749 1472 2776 dicunt
1486 2749 1594 2776 Ararat.

1081 2784 1136 2818 ('20)
1155 2783 1214 2819 Hoc
1242 2792 1314 2811 mare
1341 2786 1409 2817 (seu
1428 2785 1539 2817 lacum)
1569 2785 1670 2819 posteri
1695 2785 1815 2812 dixerunt
1835 2800 1839 2812 t

1045 2818 1285 2855 etiamASet-mzimn
1304 2820 1336 2846 ab
1355 2820 1443 2847 insula
1459 2818 1592 2852 Sevania,
1610 2821 1655 2847 ubi
1679 2827 1726 2847 arx
1744 2824 1816 2855 capti.

1045 2853 1207 2888 pcrdillicilis
