1911 3136
52 147 108 177 657

428 148 601 176 SAMUELIS
617 148 776 176 ANIENSIS
796 148 966 176 SUMMARH
987 147 1179 176 TEMPORUM
1195 147 1285 175 PARS
1303 147 1323 174 1.

1621 147 1695 175 -658

54 207 108 233 nias
132 205 259 232 familia:
279 205 348 232 fons.
364 204 471 232 Harmar
495 206 550 233 lilio
561 205 698 234 Gelainius
725 207 752 233 in
779 214 856 234 man-
871 209 893 238 Α
943 206 969 233 8.
988 206 1061 234 Arati
1075 206 1155 233 Arteo
1170 204 1255 240 geniti
1270 204 1341 232 illius
1362 204 1544 232 Anusavanus
1563 204 1623 232 fuit.
1644 204 1693 232 llic

55 252 128 280 datis
157 251 265 283 dedit,
295 256 323 279 ut
349 251 497 279 Arluavine
527 252 679 285 habitaret,
709 253 856 287 multisque

54 302 117 334 post
134 298 226 325 annis
251 299 404 326 exstinctus
414 303 466 326 est.
480 297 579 325 Harma
590 298 710 325 Gelamio
730 299 854 334 genitus,

56 350 191 379 suscepto
206 344 272 372 ﬁlio
285 345 395 378 Aramo,
413 349 474 379 post
488 352 575 372 annos
590 345 693 379 aliquot
707 344 773 372 obiit

89 392 117 418 6.
139 391 274 419 Aramus
290 390 396 418 Harmaa
411 391 483 418 filius
500 398 548 425 per
568 391 631 418 saavi
653 391 749 418 martis
769 396 856 418 certa-

56 438 131 465 mina
146 445 178 465 re
196 445 277 471 διξερε
288 437 415 472 praeclare
427 442 502 472 gesta
514 437 643 464 ditionem
656 444 733 464 suam
748 444 855 472 quaqua

58 490 155 510 versus
171 482 305 517 protulit.
323 481 369 508 Ab
392 481 474 516 hujus
498 481 607 508 nomine
631 488 766 508 consensu
790 489 856 516 gen-

57 529 125 556 tium
156 528 291 555 omnium
319 527 393 562 regio
420 531 513 553 nostra
540 527 673 561 appellata
697 531 762 554 est:
793 534 855 554 nam

59 574 145 602 Graeci
161 574 285 609 quidem
301 573 443 600 Armenios
455 592 461 604 .
479 572 539 608 Syri
562 581 626 600 vero
646 577 672 600 et
695 572 785 601 Persa:
805 573 855 599 Ar-

61 619 168 646 luenich
195 627 255 646 nos
278 618 383 646 dicunt.
406 617 454 646 llle
476 618 629 654 Nycharum
654 618 757 645 Madem
784 618 855 645 bello

61 666 171 697 captum
194 663 233 689 de
254 663 341 690 turris
363 670 441 690 muro
456 663 606 697 suspendit.
622 663 752 690 Eumdem
769 662 855 691 Ninus

62 709 218 736 secundum
235 717 252 735 a
270 716 300 736 se
313 709 381 735 dixit
397 709 476 743 eique
491 709 614 736 diadema
635 710 791 744 margaritis
811 709 854 736 in-

63 754 138 788 signe
150 756 269 789 gestare
282 753 434 786 concessit,
449 753 557 780 tametsi
570 753 660 788 specie
676 758 765 781 tenus.
782 753 853 780 Idem

63 800 226 827 Barsamum
243 800 302 827 vita
317 800 462 834 spoliavit:
477 803 533 826 tum
547 803 574 827 et
588 800 705 826 titanum
728 799 853 834 Paeapum

65 846 204 873 Chalidem
222 853 238 872 e
256 845 465 872 mediterraneis
476 845 629 876 submovit,
643 850 722 880 atque
736 845 762 872 in
777 846 854 872 insu-

908 252 1106 285 Anusavanus,
1120 251 1164 286 qui
1179 251 1268 278 Sausii
1282 258 1380 277 nomen
1392 251 1444 277 sibi
1458 251 1624 283 vindicavit,
1639 251 1695 278 for-

908 297 1053 324 titudinem
1079 301 1105 325 et
1128 297 1300 332 prudentiam
1326 303 1355 323 re
1376 296 1512 330 dictisque
1534 296 1694 323 mirabiliter

908 351 963 379 prae
977 352 1006 371 se
1018 343 1100 370 tulit:
1124 343 1193 378 apud
1219 342 1353 369 Zamzeum
1374 346 1466 370 autem
1487 343 1558 369 miro
1576 343 1694 370 ludibrio

908 388 1030 421 habitus,
1056 388 1235 414 nihilominus
1257 388 1407 414 amicorum
1430 387 1563 422 praesidiis
1589 392 1695 422 partem

907 435 1072 469 aliquantam
1084 433 1204 468 regionis
1218 437 1320 460 nostra;
1333 433 1487 468 impetravit
1499 441 1504 458 :
1520 440 1582 459 mox
1595 437 1622 460 et
1634 433 1695 460 uni-

905 486 1023 506 versam.
1035 478 1099 505 Post
1115 479 1187 505 hunc
1201 478 1272 505 haud
1288 485 1336 513 pro
1350 478 1456 513 generis
1467 478 1539 512 jure.
1554 478 1600 506 sed
1614 482 1695 513 prout

907 525 1022 560 quisque
1037 528 1170 559 tyrannus
1184 523 1311 561 potentiae
1323 523 1427 551 viribus
1442 524 1633 558 prazpollebat,
1649 531 1695 552 re-

906 570 978 605 gioni
1002 573 1105 596 nostra:
1120 569 1253 596 universae
1268 568 1399 596 dominati
1415 572 1494 601 sunt,
1511 577 1627 604 quorum
1641 577 1694 596 no-

907 616 978 642 mina
994 615 1051 641 haec
1070 624 1075 641 :
1092 614 1225 646 Parelus,
1243 613 1382 644 Arbocus,
1408 613 1547 646 Zavauus,
1569 613 1694 641 Pharna-

905 669 967 692 ces,
984 660 1092 689 Surius.
1117 659 1203 694 Hujus
1227 663 1305 686 aetate
1328 657 1408 686 Jesus
1432 658 1498 686 Navi
1516 660 1558 686 vir
1579 660 1693 692 caelebs.

905 713 1017 738 sanctus
1029 713 1055 737 et
1069 709 1148 737 fortis
1158 716 1220 735 cum
1229 706 1398 735 Chananaeos
1411 706 1573 734 debellasset
1583 726 1590 738 ,
1605 714 1637 733 ex
1653 707 1696 733 his

906 755 1009 790 aliquot
1021 755 1121 791 Agram
1137 755 1335 790 profugerunt,
1351 753 1523 788 navibusque
1536 753 1697 780 conscensis

905 801 1029 828 Tharsim
1047 805 1159 828 tenuere
1169 820 1176 832 ,
1192 807 1251 835 qua:
1267 807 1310 826 res
1326 802 1436 826 constat
1451 806 1484 825 ex
1499 798 1579 825 titulo
1593 798 1694 824 colum-

906 846 951 873 nis
967 846 993 873 in
1019 846 1112 873 Africa
1134 846 1268 880 inscripto
1287 845 1363 873 hisce
1384 844 1494 872 verbis:
1510 853 1519 869 ε
1531 842 1642 870 Josuam
1657 843 1696 870 la—

65 892 116 918 lam
131 892 288 927 quamdam
306 891 400 918 Asiani
416 893 501 919 maris
517 891 614 927 adegit.
631 891 702 919 idem
717 892 744 918 in
756 899 787 919 ea
802 899 856 918 me-
871 877 894 906 Β
910 896 1014 919 tronem
1032 891 1166 926 fugientes
1187 898 1237 918 nos
1256 890 1395 926 principes
1416 889 1634 917 Chananazorum
1651 896 1695 916 se-

67 937 217 964 dilerranea
230 937 343 971 regione
356 936 490 964 Mesacum
505 938 589 972 stirpe
604 945 654 964 sua
667 941 757 964 ortum
771 937 856 964 collo-

68 983 152 1014 cavit.
176 981 225 1017 qui
253 981 391 1009 Mazacam
416 982 557 1013 condidit.
584 982 734 1010 Caesaream
762 986 856 1017 postea

70 1032 200 1056 vocatam.
227 1028 368 1055 Mandavit
381 1032 512 1063 praeterea
527 1033 605 1055 terrae
618 1028 679 1062 ejus
694 1027 791 1056 incolis
803 1048 810 1059 ,
827 1031 856 1054 ut

69 1073 215 1101 llaicanam
246 1074 368 1109 linguam
398 1074 591 1101 addiscerem:
621 1073 796 1108 quamobrem
824 1081 857 1102 ea

71 1127 143 1154 plaga
155 1119 263 1147 dicitur
277 1129 294 1146 a
309 1118 406 1146 Graecis
421 1119 520 1154 πρώτη
536 1120 678 1154 Ἀρμενία,
693 1120 795 1147 scilicet
806 1119 857 1146 Ar-

71 1165 154 1192 menia
168 1165 272 1200 prima.
297 1164 367 1199 Hinc
388 1165 421 1193 ad
442 1166 508 1192 fines
524 1173 610 1200 usque
625 1165 751 1200 proprios
773 1165 857 1192 inter-

72 1208 155 1236 media
165 1209 226 1236 loca
238 1209 339 1237 incolis
352 1209 542 1244 frequentavit,
552 1218 611 1245 qua:
622 1210 757 1242 secundm,
771 1211 857 1238 tertia:

72 1253 122 1281 imo
135 1258 160 1282 et
173 1261 285 1291 quarta:
297 1255 432 1282 Armeniae
453 1256 648 1290 appellationes
671 1260 753 1283 nacta
780 1260 855 1284 sunt.

73 1298 131 1327 llaec
152 1301 184 1328 ad
209 1302 325 1329 verbum
346 1300 434 1329 Moses
457 1302 522 1337 (2|).
547 1301 646 1329 Verum
669 1302 715 1329 alii
731 1302 855 1329 historici

74 1346 198 1379 docent,a
211 1348 339 1376 Caesarea
351 1347 528 1382 Cappadocia
537 1347 570 1374 ad
581 1347 718 1375 Ponticam
733 1348 839 1383 plagam
848 1368 855 1380 ,

75 1391 124 1419 dici
137 1393 255 1428 primam
279 1393 458 1426 Armeniam;
483 1402 498 1421 a
522 1392 610 1421 Ponto
631 1394 665 1421 ad
686 1394 857 1426 Melitenem,

76 1438 216 1465 secundam
239 1439 421 1472 Armeniam;
438 1439 501 1466 hinc
521 1440 554 1466 ad
573 1439 683 1474 Zophiaa
701 1441 784 1472 lines,
806 1444 858 1468 ter-

75 1483 134 1510 tiam
145 1483 305 1512 Armeniam
319 1485 435 1512 :'exinde
449 1484 482 1512 ad
495 1485 590 1513 urbem
606 1485 754 1521 Martyrum
770 1487 858 1522 appel-

77 1527 152 1556 latam
173 1529 230 1565 (22)
253 1531 283 1556 in
303 1529 405 1558 Alzniaa
423 1531 570 1564 provinciae
592 1538 709 1563 occasu,
731 1536 854 1567 quartam

77 1574 250 1610 Armeniam;
285 1583 361 1603 suam
397 1576 514 1611 denique
541 1577 727 1612 magnitudine
756 1578 856 1614 insigni

77 1621 257 1654 provinciam,
281 1622 416 1650 Armeniae
436 1622 549 1657 majoris
569 1623 678 1650 nomine
700 1623 855 1650 distinctam

77 1666 155 1694 voluit
163 1666 230 1703 (23).
243 1667 298 1695 Sed
307 1669 378 1696 enim
392 1668 473 1696 hasce
482 1668 632 1697 divisiones
645 1668 791 1696 Mauricius
800 1669 858 1704 (24)

80 1713 258 1746 perturbavit,
276 1713 349 1748 quod
364 1713 410 1740 ubi
424 1721 468 1740 rcs
483 1713 552 1740 feret
574 1713 703 1741 narrabo.
723 1714 855 1746 Aramus,

79 1756 150 1784 Amo
163 1758 271 1793 genito,
286 1759 434 1794 longmvam
449 1759 532 1785 vitam
549 1757 666 1793 denique
678 1759 784 1786 clausit.

112 1802 135 1829 7.
153 1802 247 1831 Araus
261 1803 375 1839 pulcher
387 1803 479 1830 Arami
495 1803 566 1830 filius
578 1802 701 1830 eumdem
716 1803 856 1835 honorem,

81 1855 130 1882 quo
151 1853 227 1883 pater
253 1849 368 1876 aﬂ‘ectus
392 1849 499 1882 fuerat,
527 1856 542 1875 a
567 1848 635 1876 Nino
658 1848 760 1877 retulit.
788 1847 859 1875 Nino

83 1897 165 1921 autem
181 1896 338 1929 esstincto,
356 1900 480 1930 proterva
504 1896 550 1922 illa
573 1894 732 1922 Samiramis
748 1895 856 1922 Araaum

83 1940 215 1974 cupiditati
229 1949 288 1969 suae
303 1942 413 1969 minime
427 1941 620 1977 obsequentem
634 1941 704 1968 bello
715 1945 858 1976 persecuta

84 1987 136 2016 est,
149 1989 178 2012 ut
193 1986 219 2013 in
237 1994 316 2014 suam
332 1990 494 2022 potestatem
510 1986 660 2022 redigeret,
678 1985 724 2020 qui
744 1985 856 2015 interim

85 2028 109 2055 in
123 2031 246 2060 conflictu
262 2032 360 2060 bellico
373 2033 463 2068 periit.
485 2031 589 2060 Exinde
605 2031 748 2067 impudens
762 2031 856 2059 eadem

87 2073 237 2106 Samiramis
256 2079 393 2105 munitum
416 2077 483 2105 illud
509 2078 637 2113 oppidum
659 2077 794 2111 condidit,
813 2077 858 2105 cui

87 2120 117 2148 ad
132 2122 198 2150 hanc
212 2132 301 2159 usque
315 2124 386 2151 diem
403 2128 493 2151 manet
507 2124 650 2158 appellatio
665 2123 722 2150 Van
739 2123 794 2159 (9.5)
809 2133 816 2150 ε
831 2124 858 2151 in

89 2165 237 2196 Cardosium
257 2174 363 2202 autem,
384 2165 454 2197 Araei
471 2170 555 2196 ﬁliuni
574 2174 697 2204 captum,
716 2170 789 2198 Arati
810 2178 860 2197 no-

911 937 959 965 des
982 937 1035 964 huc
1055 937 1246 965 transtulimus
1270 936 1336 972 (26).
1358 946 1366 962 ι
1381 935 1417 962 Ex
1430 936 1463 963 iis
1478 943 1549 962 unus
1573 934 1696 962 Chuidas

910 985 995 1012 multo
1010 984 1224 1012 honestissimus
1241 984 1311 1011 inter
1328 986 1464 1011 nostrates
1478 981 1634 1010 Armeniam
1656 986 1696 1008 te-

910 1031 979 1058 nuit.
1006 1030 1132 1058 Profecto
1158 1037 1187 1057 re
1206 1030 1300 1057 sedulo
1314 1028 1485 1056 considerata
1499 1031 1606 1062 gentem
1619 1026 1694 1054 Gen-

909 1076 1033 1103 thuniam
1048 1076 1081 1103 ab
1095 1084 1127 1103 eo
1137 1079 1314 1110 propagatam
1331 1074 1507 1109 cognovimus
1521 1083 1527 1100 :
1543 1077 1570 1100 et
1584 1072 1693 1107 quidem

909 1123 987 1157 origo
1001 1121 1154 1149 Chananma
1171 1121 1294 1148 moribus
1316 1120 1404 1155 gentis
1422 1119 1508 1154 ipsius
1522 1118 1691 1153 coarguitur.

945 1169 972 1196 9.
992 1167 1058 1194 Post
1079 1166 1190 1193 Surium
1213 1165 1404 1197 Havanacius,
1425 1163 1574 1196 Vastacus,
1592 1163 1693 1190 Haica-

910 1215 978 1243 eius.
1006 1213 1036 1240 ln
1064 1216 1172 1240 aetatem
1198 1211 1307 1239 Belochi
1324 1210 1380 1246 (2'1)
1406 1209 1551 1237 Haicacius
1575 1209 1693 1236 traditur

911 1260 1057 1291 incidisse,
1074 1258 1184 1293 fatoque
1199 1257 1360 1293 perfunctus
1385 1257 1412 1284 in
1433 1256 1550 1291 quodam
1572 1255 1692 1282 tumultu

910 1311 1011 1334 temere
1028 1305 1062 1332 ab
1077 1312 1106 1331 se
1123 1304 1271 1331 concitato.
1289 1302 1377 1330 Secuti
1393 1306 1452 1329 sunt
1468 1301 1624 1332 Ambacus,
1639 1300 1693 1327 Ar-

910 1360 996 1380 nacus
1006 1372 1013 1385 ,
1031 1351 1180 1383 Savarsus,
1193 1349 1320 1377 Norzerus
1333 1369 1341 1382 ,
1356 1349 1490 1376 V’aramus
1501 1369 1509 1382 ,
1525 1348 1628 1379 Garus,
1642 1347 1693 1374 Go-

910 1406 1009 1430 racus,
1037 1397 1178 1428 libamus,
1207 1395 1353 1428 Enzacus,
1381 1394 1513 1426 Gelacus,
1540 1393 1691 1425 llauraaus,

912 1443 1074 1470 Zarmmrus.
1092 1441 1143 1469 llic
1159 1445 1315 1477 postremus
1331 1441 1395 1468 dum
1418 1439 1527 1467 Priamo
1547 1439 1692 1467 auxiliatur

911 1497 926 1517 a
943 1489 1066 1516 Tautano
1081 1488 1137 1523 (28)
1155 1488 1258 1515 missus
1273 1495 1336 1515 cum
1358 1486 1516 1522 Ethiopum
1537 1486 1658 1513 exercitu
1676 1493 1692 1514 ἢ

912 1535 1028 1563 fortibus
1044 1534 1146 1562 Graecis
1163 1535 1343 1568 interemptus
1366 1536 1418 1561 est.
1444 1531 1546 1559 Deinde
1565 1531 1693 1565 Perzius,

907 1581 1001 1608 Davidi
1017 1579 1126 1608 lsraelis
1138 1580 1194 1615 regi
1215 1578 1440 1613 contemporalis.
1456 1577 1524 1604 Tum
1538 1577 1688 1609 Arbunius,

906 1626 1045 1658 Bazucus,
1063 1625 1158 1658 lloius,
1173 1625 1300 1657 Jusacus,
1316 1619 1470 1660 Capacius,
1491 1623 1668 1651 Schzeordius
1679 1644 1686 1655 ,

905 1672 1040 1700 Parazrus.
1052 1671 1102 1699 Hic
1113 1671 1238 1699 Paraerus
1249 1671 1397 1698 Sclmordii
1411 1671 1483 1698 filius
1493 1691 1500 1703 ,
1515 1671 1591 1698 Haici
1604 1671 1688 1706 stirpe

905 1724 999 1751 ortus,
1024 1719 1095 1746 vires
1118 1726 1180 1745 cum
1205 1717 1328 1745 Varbace
1349 1717 1425 1744 Medo
1448 1716 1481 1744 ad
1505 1716 1689 1751 Sardanapal-

906 1766 961 1792 lum
975 1772 1058 1799 regno
1071 1763 1241 1799 spoliandum
1257 1763 1371 1790 contulit
1385 1772 1391 1790 :
1405 1763 1581 1797 quamobrem
1594 1763 1688 1790 diade-

906 1814 978 1837 mate
994 1817 1010 1837 a
1024 1809 1144 1837 Varbace
1156 1811 1284 1841 donatus,
1299 1810 1404 1845 primus
1417 1817 1449 1837 ex
1466 1808 1594 1836 Haicanis
1608 1816 1687 1836 coro-

907 1859 990 1883 natus
1006 1859 1060 1883 est.

943 1901 987 1928 l0.
1007 1900 1150 1928 Rhacimus
1163 1900 1260 1927 Paraari
1276 1899 1346 1928 filius
1365 1907 1464 1928 nomen
1481 1899 1600 1927 Rhaciazi
1625 1900 1690 1927 adeo

908 1950 972 1982 plus
991 1951 1033 1973 est
1055 1946 1088 1973 ab
1113 1947 1256 1973 oculorum
1274 1945 1417 1981 flagrantia
1433 1946 1580 1980 vultusque
1601 1946 1692 1980 splen-

908 1992 974 2019 dore
991 1991 1057 2027 (‘29).
1072 1991 1160 2026 Hujus
1176 1995 1254 2020 astate
1269 1999 1331 2019 cum
1347 1991 1634 2019 Nabuchodonosorus
1646 1991 1690 2019 Je.

909 2038 1108 2072 rosolymorum
1121 2038 1194 2064 cives
1206 2037 1233 2064 in
1245 2037 1430 2072 captivitatem
1441 2037 1618 2069 abduxisset,
1634 2037 1694 2072 ipse

909 2083 1018 2118 quidem
1033 2082 1191 2117 optimatem
1205 2082 1350 2117 quemdam
1366 2090 1380 2110 e
1394 2083 1510 2117 captivis
1523 2082 1624 2110 Judteis
1642 2091 1692 2110 no-

911 2129 983 2156 mine
1001 2127 1194 2156 Schambatum
1210 2135 1225 2154 a
1239 2127 1505 2156 Nabuchodonosoro
1520 2128 1692 2164 impetravit,

910 2182 991 2210 quem
1012 2174 1211 2209 perhonorifice
1232 2174 1303 2209 apud
1321 2181 1349 2202 se
1370 2174 1485 2202 habuit:
1504 2179 1586 2210 atque
1605 2183 1638 2202 ex
1660 2182 1694 2203 eo

89 2218 144 2239 men
155 2215 303 2242 transtulit.
322 2215 367 2241 Illa
385 2222 447 2241 mox
462 2223 477 2242 a
492 2215 636 2242 Zoroastre
648 2222 743 2250 mago,
767 2215 861 2243 Mediae
877 2222 898 2254 ι)
912 2228 978 2256 gens
992 2219 1155 2255 Bagratunia
1169 2219 1299 2247 manavit.
1312 2219 1401 2253 Quare
1415 2224 1441 2247 et
1457 2220 1577 2248 Sembati
1593 2229 1693 2249 nomen

90 2259 217 2296 principe,
231 2256 303 2290 bello
318 2263 435 2298 appetita
452 2265 493 2290 est
509 2272 515 2289 :
533 2262 566 2290 ab
588 2270 620 2290 eo
640 2263 744 2291 scilicet
759 2264 861 2292 Zoroa—.

92 2309 156 2339 stre,
171 2309 213 2335 cui
228 2309 376 2349 quotannis
398 2306 425 2335 in
446 2307 601 2336 Armeniam
621 2310 757 2338 ventitans
777 2310 862 2347 Assy’

93 2351 154 2378 riam
173 2354 315 2389 regendam
337 2354 521 2390 permittebat.
544 2354 573 2381 ld
592 2355 691 2381 bellum
705 2356 785 2384 Araeo
793 2365 861 2392 quo—

93 2401 138 2428 Que
153 2397 218 2426 Arati
232 2399 287 2427 filio
305 2400 385 2427 fatale
402 2399 452 2426 fuit
466 2409 472 2427 :
489 2399 553 2435 quin
572 2403 600 2427 et
617 2401 723 2435 impura
742 2400 862 2428 Samira-

94 2440 141 2468 mis
158 2441 223 2478 dum}
241 2444 329 2479 fugam
345 2445 372 2472 in
398 2444 552 2472 Armeniam
567 2445 686 2477 molitur,
703 2445 800 2473 Zamaai
814 2447 861 2477 ﬁlii

96 2485 131 2511 sui
144 2494 235 2522 manu,
250 2491 296 2525 qui
310 2494 352 2518 est
366 2489 470 2517 Ninuas
480 2510 487 2523 ,
504 2490 645 2518 interfecta
658 2495 710 2518 est.

129 2573 179 2644 (2‘)
199 2576 280 2610 Ηὶδιη
297 2586 323 2610 1,
341 2578 433 2606 11-15.

129 2608 169 2644 (ἓῖ
197 2610 257 2640 Haec
285 2614 352 2641 urbs
377 2614 488 2644 antiquo
513 2612 585 2641 nomi

128 2608 178 2648 (ξῖ)
197 2610 257 2640 Haec
274 2608 352 2641 'ur'bs
377 2614 488 2648 antiquo
513 2612 622 2641 nomine
653 2613 858 2647 Nep/terocerla,

99 2639 216 2683 iladlerno
233 2647 423 2683 Mupharghin,
448 2648 498 2675 sub
519 2648 627 2683 juniore
640 2647 792 2677 Theodosio
806 2650 858 2677 dici

100 2676 177 2717 “959‘
185 2684 264 2717 cmpit
276 2676 518 2717 Urbvaar-tyrum.

131 2711 180 2756 es
199 2711 322 2756 nam.

198 2750 265 2792 Nibil
281 2753 330 2792 hac
345 2761 426 2792 super
440 2761 467 2792 re
478 2753 631 2792 posteriore
646 2754 673 2792 in
689 2759 769 2792 parte
779 2754 859 2781 Sum-

103 2785 170 2847 ἓὶῶῗὶ
185 2787 273 2814 scribit
292 2785 400 2816 Samuel
420 2789 453 2815 ad
478 2785 635 2823 imperantis
650 2785 770 2818 Mannicii
792 2795 858 2816 tem-

135 2850 183 2882 ίὲὂὶ
202 2853 273 2884 Nunc
289 2857 367 2885 etiam
385 2859 436 2886 ista
454 2858 479 2884 in
494 2858 559 2886 urbe
574 2866 688 2892 magnus
709 2858 856 2885 Turt'm'um

911 2270 953 2295 est
967 2275 982 2294 a
998 2266 1169 2294 Schambato.
1182 2266 1248 2295 Post
1262 2266 1417 2294 Rhaeimum
1434 2267 1557 2295 diadema
1571 2267 1692 2296 Pharnaq

910 2320 960 2340 vas
975 2312 1089 2347 adeptus
1102 2315 1143 2340 est
1156 2321 1162 2339 :
1179 2317 1236 2339 tum
1249 2311 1391 2345 Pazaezus,
1407 2311 1557 2345 Cornacus,
1573 2313 1691 2346 Phavus,

911 2357 1049 2385 Haicacus
1058 2378 1065 2389 ,
1080 2357 1223 2385 Ervandus
1233 2378 1240 2391 ,
1259 2357 1398 2393 Tigranes.

947 2404 992 2431 Η.
1013 2403 1064 2432 llic
1080 2403 1212 2438 Tigranes
1227 2404 1348 2431 omnium
1364 2404 1410 2438 qui
1427 2404 1479 2432 sibi
1496 2409 1691 2440 praecesserant

912 2449 1120 2486 potentissimus
1136 2450 1188 2476 fuit
1201 2458 1208 2476 :
1223 2449 1302 2484 cujus
1316 2451 1472 2484 praestantis
1483 2451 1623 2486 dignitatis
1637 2452 1690 2478 lau-

911 2495 959 2522 des
980 2503 1013 2522 ex
1031 2494 1145 2522 historia
1166 2495 1256 2529 magni
1275 2494 1358 2523 Mosis
1380 2503 1545 2531 cognoscere
1571 2496 1642 2523 licet.
1664 2497 1693 2525 ls

913 2586 1022 2616 satrapa
1030 2581 1119 2617 degit.

948 2615 1003 2652 ('26)
1028 2615 1113 2649 Rern,
1137 2619 1236 2652 praeter
1259 2615 1460 2645 Chorencnscm
1485 2616 1611 2652 lliu._.i.
1637 2615 1698 2646 lB.‘

911 2650 1006 2679 narrat
1019 2650 1169 2686 Procopius
1184 2651 1253 2680 Bell.
1270 2652 1355 2679 Vand.
1371 2652 1416 2678 lib.
1433 2659 1469 2682 ll,
1491 2653 1540 2682 i0,
1556 2650 1687 2677 illustrat-

911 2694 964 2722 que
981 2686 1133 2722 Bcchartus
1149 2686 1227 2721 Geog.
1244 2695 1314 2714 sacr.
1332 2695 1358 2719 ι,
1376 2687 1420 2713 24.

949 2721 1005 2756 127)
1024 2720 1108 2756 Regis
1122 2720 1308 2756 Assyriorum.

947 2755 1004 2788 ('28)
1025 2755 1124 2783 Confer
1136 2755 1282 2783 Eusebium
1301 2765 1324 2787 ι,
1344 2756 1385 2788 15,
1402 2756 1428 2785 4.
1438 2755 1463 2782 5.

947 2784 1002 2826 (~29)
1018 2790 1136 2818 Aliorum
1147 2798 1255 2826 quoque
1266 2784 1403 2818 nominum
1415 2784 1504 2817 liceret
1512 2788 1689 2825 etymologiae

911 2827 1055 2861 plerasque
1073 2826 1174 2853 venari.
