1911 3136
217 120 267 144 1319

725 118 896 146 ΑΡΡΕΝΒΙΧ
914 118 960 145 ΔΙ)
979 118 990 146 I

1053 117 1114 145 EBII
1131 117 1328 146 CHRONICON
1335 138 1341 145 .
1790 119 1836 146 620

216 178 280 204 dum
296 178 323 205 in
339 178 464 213 deserto,
479 179 593 213 ejusque
614 185 693 206 soror
705 178 843 206 Elisabeth
867 178 997 206 Eleazaro
1012 181 1035 210 Α
1048 179 1118 206 haus
1127 178 1264 213 captivum
1279 177 1402 210 abduxit,
1411 185 1557 212 regemque
1569 176 1834 206 dixitEIiacbimum.

216 223 332 251 Aaronis
347 224 403 250 ﬁlio
419 229 502 259 nupta
519 223 587 257 fuit,
604 231 658 259 quo
673 224 802 259 conjugio
825 230 934 253 creatus
959 227 1000 251 est

216 267 350 301 I‘Iiinees,
371 272 452 304 atque
474 269 512 296 ita
535 270 647 304 conligit
674 273 703 296 ut
723 269 801 297 Judaa
827 278 912 305 genus
937 277 999 297 cum

216 313 335 342 Levitico
350 314 478 342 afﬁnitate
491 315 662 350 jungeretur.
682 315 793 343 Salmon
812 323 900 344 annos
917 320 998 344 natus

216 368 286 387 xxxv
303 361 396 395 genuit
416 360 547 388 Boosum.
570 361 699 397 Eratque,
712 363 762 393 ait,
775 362 887 389 Salmon
910 362 998 389 tribus

213 404 290 432 Judm
317 406 458 441 princeps,
484 414 539 442 quo
562 412 684 442 tempore
707 407 788 436 J‘esus
811 415 874 435 eum
896 408 997 443 popqu

212 449 357 478 Jordanem
371 451 490 486 trajecit.
518 452 543 480 Is
571 461 684 480 uxorem
708 453 845 488 copulavit
866 453 919 482 sibi
944 453 1000 481 Ra-

213 493 310 521 Iiabam
320 515 328 528 ,
345 503 426 530 quam
450 496 529 524 divus
545 497 710 532 evangelista
722 497 788 525 dicit
804 497 961 526 Rechabam
975 499 997 526 ⁸.

214 542 285 570 Idem
298 543 502 572 Bethlehemum
514 546 609 573 urbem
621 546 649 574 in
660 545 737 574 Iudae
748 547 851 575 ditione
862 548 996 575 fundavit.

248 589 290 618 II.
311 589 416 619 Boosus
439 599 525 619 annos
549 597 630 621 natus
653 600 720 620 cvm
745 594 840 630 genuit
862 594 996 622 Obedum.

212 634 299 663 Booso
315 637 406 671 nupsit
427 636 517 664 Rutha
546 638 670 667 Moabitis
692 639 802 667 femina.
827 639 996 676 Epiphanius

210 681 392 709 Amanitidem
404 682 442 709 ait
453 681 570 710 Rutham
582 704 588 716 ,
603 684 708 712 scilicet
718 685 910 713 Amonitidem.
926 685 998 714 Obe-

211 727 263 754 dus
276 735 362 755 annos
375 732 455 756 natus
469 736 495 756 ct
509 730 601 764 genuit
614 729 761 763 Jessaeum;
774 730 893 759 Jessaeus
909 740 996 760 annos

213 777 291 800 natus
317 781 388 801 cxxx
414 775 508 810 genuit
534 775 682 809 Davidem;
708 776 793 804 David
810 785 897 805 annos
913 783 997 806 natus

210 825 277 846 tvm
295 821 388 853 genuit
416 820 600 849 Solomonem.
626 821 672 849 llle
693 823 855 851 tricenarius
880 832 995 860 regnum

1089 224 1181 252 XVIII.
1203 224 1369 252 Eliachimus
1383 245 1390 257 ,
1415 224 1541 258 idemque
1560 223 1740 257 ioachimus,
1762 225 1836 252 annis

1054 278 1103 297 ιιι.
1121 269 1207 304 Hujus
1224 276 1296 296 anno
1310 269 1417 296 decimo
1439 267 1559 296 Iudaeam
1583 268 1835 297 Nabuchodonoso-

1054 324 1101 343 rus
1117 315 1238 348 domuit,
1255 319 1281 343 et
1296 319 1358 350 post
1373 320 1511 350 acceptum
1536 315 1570 342 ab
1584 315 1736 343 Eliachimo
1753 316 1836 344 tribu-

1054 366 1110 389 tum
1128 362 1272 390 abscessit.

1088 406 1158 433 XIX.
1179 406 1354 439 Joacbimus,
1371 406 1495 441 idemque
1514 405 1660 433 Jechouias
1671 426 1679 438 ,
1696 406 1835 434 mensibus

1054 460 1095 480 ιιι.
1114 451 1251 480 Reversus
1274 452 1560 480 Nabuchodonosorus
1579 451 1754 479 Joachimum
1770 460 1835 488 quo-

1052 507 1105 534 que
1121 499 1147 525 in
1164 499 1346 534 captivitatem
1362 498 1523 533 deportavit.

1088 544 1146 571 XX.
1167 544 1320 572 Mathanias
1331 564 1338 576 ,
1358 544 1484 579 idemque
1500 543 1665 577 Sedeehias,
1683 545 1767 572 annis
1782 553 1818 572 ιι.

1087 590 1253 618 Duodecimo
1284 590 1423 618 Sedechiae
1450 598 1522 618 anno
1549 590 1835 621 Nabuchodonosorus

1051 636 1194 664 Chaldaeus
1215 637 1303 672 captis
1319 637 1515 672 Hierosolymis
1539 638 1668 673 templum
1693 641 1832 666 cremavit.

1051 684 1188 711 Manserat
1215 684 1346 719 templum
1370 684 1450 712 annis
1474 691 1604 712 CCCCXLII.
1631 684 1661 712 In
1682 686 1832 721 quadrage-

1051 731 1127 758 sima:
1147 730 1269 765 septimae
1287 730 1449 765 Olympiadis
1470 738 1571 758 annum
1592 735 1722 766 quartum
1742 731 1833 759 incidit

1051 776 1218 811 captivitatis
1244 776 1367 808 initium,
1385 776 1534 811 eademque
1557 784 1644 805 annos
1660 779 1832 813 septuaginta

1050 824 1204 858 occupavit.
1220 821 1286 850 Post
1300 829 1404 849 annum
1419 822 1588 857 captivitatis
1603 823 1767 851 vicesimum
1783 823 1832 850 Na-

212 865 368 900 auspicatus
381 870 439 899 est,
455 867 590 902 annisque
604 876 638 895 ιι.
660 869 790 902 retinuit,
809 870 863 896 vita
890 871 923 897 ad
948 878 990 898 se-
1011 865 1032 892 B
1047 869 1294 898 buchodonosorus
1309 877 1324 898 e
1340 870 1395 896 vita
1410 869 1546 905 migravit.

212 912 408 947 ptuagesimnm
425 920 526 941 annum
540 917 686 948 protracta.
702 914 830 942 Solomon
848 923 933 944 annos
945 924 994 943 na-

211 962 253 985 tus
272 967 330 985 xxii
346 959 402 994 (54)
417 961 509 995 genuit
525 959 706 988 Roboamum.
728 960 801 989 Idem
826 966 925 997 quarto
951 971 995 990 re—

211 1005 257 1039 gni
274 1005 316 1032 sui
333 1013 405 1032 anno
421 1006 513 1042 templi
529 1006 672 1034 aediﬁcium
696 1008 840 1036 excitabat.
863 1008 905 1043 (A
922 1008 995 1036 Mose

211 1058 377 1086 egressuque
389 1059 421 1079 ex
437 1052 556 1088 [Egypto
569 1061 655 1088 usque
671 1053 705 1081 ad
726 1053 900 1082 Solomonem
923 1058 994 1083 tem-

211 1097 302 1131 plique
326 1098 463 1133 opiﬁcium
488 1099 670 1127 conﬁciuntur
693 1101 757 1127 anni
782 1108 928 1129 ccccuxx.
953 1101 995 1129 Ab

211 1144 313 1171 Adamo
336 1148 427 1172 autem
455 1148 646 1181 nuuncmx.)
674 1145 746 1174 Idem
775 1147 927 1176 duodennis
951 1156 995 1176 re-

210 1198 290 1225 gnum
307 1191 421 1226 adeptus
442 1196 484 1220 est
508 1192 583 1229 (55),
610 1193 683 1228 quod
706 1201 741 1220 ιι.
768 1194 848 1222 annis
875 1194 992 1228 insedit,

210 1236 301 1265 vivens
315 1238 394 1265 annis
409 1246 455 1265 ιιι.

243 1294 286 1321 12.
306 1293 370 1322 Post
399 1294 572 1323 Solomonem
597 1296 705 1325 Israelis
731 1304 844 1332 regnum
870 1298 993 1326 bifariam

208 1340 324 1368 divisum
341 1345 392 1370 est.
427 1341 556 1370 Samaria
578 1343 671 1371 decem
693 1344 820 1372 tribubus
849 1345 992 1381 imperavit

209 1385 386 1414 Jeroboamus
402 1387 499 1415 Nabati
519 1388 606 1421 ﬁlius,
624 1391 702 1425 isque
723 1399 770 1418 rex
794 1390 901 1419 Israelis
919 1392 993 1419 voci-

203 1436 280 1460 ‘tatus
296 1437 346 1460 est.
364 1432 540 1469 Jerosolymis
554 1438 644 1462 autem
666 1435 809 1471 imperavit
831 1436 990 1465 Roboamus

209 1478 363 1506 Solomonis
381 1479 470 1512 ﬁlius,
487 1480 564 1515 isque
580 1489 627 1508 rex
643 1481 720 1509 Judze
735 1482 886 1517 appellatus
902 1489 954 1511 est.

243 1523 262 1551 Ι.
285 1524 440 1553 Roboamus
453 1531 548 1562 regnat
560 1526 737 1563 Jerosolymis
751 1528 831 1557 annis
845 1537 911 1556 xvu.

243 1569 275 1597 II.
296 1571 379 1599 Abias
395 1571 474 1600 annis
492 1580 533 1600 ιιι.

238 1615 285 1644 II.
306 1616 361 1645 Asa
377 1617 432 1653 (56)
448 1619 527 1646 annis
542 1627 596 1646 ιιι.

241 1662 286 1690 IV.
306 1663 470 1700 Josaphatus
487 1666 565 1693 annis
584 1674 635 1694 xxv
657 1666 723 1703 (57).

243 1708 275 1736 V.
295 1709 422 1738 Joramus
439 1711 519 1738 annis
537 1719 597 1738 vin.

241 1755 286 1782 VI.
307 1755 440 1785 Ochosias
458 1764 529 1784 anno
548 1766 566 1784 I.

241 1801 296 1829 VII.
317 1802 429 1830 Godolia
443 1808 530 1831 mater
545 1804 604 1839 ejus
619 1806 698 1833 annis
714 1813 763 1833 vn.

221 1873 227 1878 ,
242 1847 309 1874 VIII.
328 1846 427 1876 Joasus
443 1850 523 1876 annis
539 1858 583 1877 ιιι.
600 1849 667 1878 Tres
684 1851 767 1878 hosce
783 1859 876 1887 rcges,
891 1860 989 1887 nempe

200 1891 351 1920 'Ochosiam
377 1901 438 1921 eum
464 1894 578 1922 Godolia
605 1901 706 1929 matre,
731 1896 843 1925 Joasum
862 1901 889 1926 et
906 1897 989 1925 Ama-

204 1937 289 1971 siam,
304 1939 406 1967 idcirco
421 1940 447 1967 in
461 1948 540 1969 suam
554 1943 737 1977 genealogiam
751 1943 918 1978 evangelista
933 1951 988 1971 non

203 1985 311 2017 intulit,
327 1986 399 2021 quod
414 1987 460 2014 illa
477 1987 548 2019 ﬁlia,
565 1988 592 2014 hi
609 1994 720 2024 nepotes
738 1989 841 2017 Aehabi
859 1989 985 2017 fuissent.

238 2030 284 2058 IX.
304 2030 427 2059 Amesias
443 2033 522 2061 annis
537 2041 611 2060 xxix.

236 2077 271 2104 X.
292 2078 422 2111 Azarias,
448 2079 573 2114 idemque
595 2080 695 2113 Ozias,
724 2081 804 2109 annis
830 2089 878 2108 LII.
906 2081 985 2108 Anno

202 2122 275 2149 Cziae
289 2123 498 2159 quadragesimo
513 2132 586 2152 nono
600 2126 687 2160 prima
703 2127 839 2162 olympias
854 2130 914 2154 acta
931 2132 983 2154 est.

238 2168 284 2197 XI.
305 2169 464 2198 Joathamus
479 2172 558 2199 annis
573 2180 630 2199 xvi.

1082 913 1126 941 13.
1146 913 1272 941 Jamvero
1286 914 1313 941 in
1327 913 1444 941 Matthaei
1460 914 1616 950 genealogia
1627 914 1775 942 Jechonias
1788 923 1831 950 ge-

1048 960 1106 988 nuit
1122 960 1296 988 Salathielem
1321 968 1393 987 anno
1406 961 1494 988 aetatis
1509 969 1551 988 LVI
1580 970 1586 988 :
1612 961 1656 988 hic
1678 960 1832 989 Zorobabe-

1047 1006 1098 1034 lem
1121 1014 1193 1034 anno
1219 1014 1262 1034 LVI
1278 1015 1285 1040 ;
1312 1007 1357 1034 hic
1368 1006 1505 1034 Abiudum
1527 1014 1598 1034 anno
1612 1015 1663 1034 va
1677 1015 1686 1040 ;
1701 1007 1748 1034 hic
1762 1007 1831 1034 Elia-

1046 1052 1165 1079 chimum
1182 1060 1253 1080 anno
1268 1061 1318 1086 1.x;
1337 1052 1380 1079 hic
1388 1052 1585 1093 Azorentanno
1599 1060 1700 1085 xxxix;
1720 1053 1765 1080 hic
1785 1053 1832 1080 Sa-

1046 1098 1163 1126 dochum
1182 1106 1254 1126 anno
1271 1107 1345 1126 xxxi.
1358 1098 1449 1126 Primo
1464 1097 1582 1126 Sadochi
1595 1106 1667 1126 anno
1680 1099 1831 1126 Alexander

1047 1143 1158 1172 Macedo
1179 1144 1317 1172 inclaruit.
1333 1144 1358 1172 Is
1372 1143 1483 1171 Achiam
1495 1151 1566 1171 anno
1579 1145 1667 1171 zetatis
1680 1151 1778 1176 xxx";
1789 1145 1830 1171 hic

1044 1188 1171 1216 Eliudum
1193 1196 1264 1216 anno
1289 1197 1357 1219 xxx:
1372 1188 1416 1216 hic
1428 1187 1581 1215 Eliazarum
1610 1195 1682 1215 anno
1693 1196 1771 1222 Lxu;
1788 1189 1829 1215 hic

1045 1234 1199 1262 Mathanem
1224 1241 1295 1261 anno
1320 1241 1444 1267 xxxviii;
1464 1233 1510 1259 bic
1526 1232 1655 1260 Jacobnm
1676 1240 1749 1261 anno
1777 1241 1828 1265 Lx;

1045 1278 1089 1307 hic
1110 1278 1258 1313 Josephum
1289 1285 1361 1304 anno
1380 1285 1471 1305 txxvt.
1505 1277 1585 1305 Jesus
1607 1276 1737 1306 Christus
1758 1279 1830 1314 apud

1043 1325 1120 1352 .Iudaa
1137 1325 1340 1352 Bethlehemum
1362 1323 1495 1351 nascitur.
1523 1323 1635 1350 Summa
1659 1325 1792 1359 temporis
1814 1333 1828 1352 ξ

1045 1371 1138 1406 templi
1162 1370 1336 1405 reparatione
1362 1370 1395 1397 ad
1419 1370 1521 1397 Christi
1549 1370 1650 1396 natalia
1676 1371 1740 1397 anni
1767 1377 1829 1399 sunt

1044 1425 1128 1445 nxvm
1141 1427 1148 1451 ;
1165 1425 1179 1444 ιι
1192 1417 1338 1444 Solomone
1351 1417 1494 1452 primoque
1508 1417 1600 1451 templi
1614 1416 1730 1444 aediﬁcio
1745 1424 1829 1452 usque

1044 1464 1077 1492 ad
1091 1464 1240 1492 secundum
1265 1463 1330 1490 anni
1353 1471 1431 1496 nxu;
1447 1463 1481 1490 ab
1496 1463 1569 1489 exitu
1595 1462 1629 1489 ad
1653 1462 1827 1490 Solomonem

1044 1511 1107 1538 anni
1122 1518 1258 1538 ccccuxx
1275 1518 1282 1542 ;
1298 1510 1332 1536 ab
1346 1509 1503 1537 Abrahamo
1517 1510 1550 1535 ad
1564 1509 1666 1536 exitum
1686 1509 1753 1536 anni
1775 1516 1826 1540 nr;

1044 1565 1060 1584 a
1074 1556 1177 1584 diluvio
1191 1556 1224 1583 ad
1240 1555 1426 1583 Abrahamum
1447 1554 1512 1582 anni
1524 1562 1660 1584 accccxtu
1676 1564 1683 1588 ;
1707 1555 1742 1582 ab
1757 1555 1827 1581 Ada~

1044 1611 1090 1630 mo
1117 1603 1150 1630 ad
1165 1602 1296 1630 diluvium
1318 1602 1382 1629 anni
1405 1609 1532 1629 unccxtu
1552 1611 1557 1628 :
1578 1608 1685 1628 summa
1711 1601 1827 1636 denique

1044 1650 1174 1684 temporis
1191 1648 1225 1675 ab
1239 1647 1344 1676 Adamo
1367 1647 1401 1674 ad
1422 1647 1524 1675 Christi
1548 1647 1649 1674 natalia
1674 1646 1741 1674 anni
1765 1653 1826 1674 sunt

1044 1702 1320 1726 lnuuttctxuxvut,
1349 1697 1430 1729 prout
1459 1693 1636 1728 Septuaginta
1663 1692 1827 1729 Interpretes

1043 1741 1150 1769 docent.

1080 1798 1121 1825 I4.
1142 1798 1207 1826 Post
1220 1798 1323 1825 obitum
1340 1797 1495 1825 Solomonis
1507 1818 1515 1830 ,
1532 1802 1562 1824 ut
1576 1797 1633 1831 jam
1648 1797 1756 1826 dictum
1767 1805 1823 1830 est.

1041 1844 1183 1872 Roboamo
1207 1851 1319 1879 regnum
1347 1851 1465 1874 exorso.
1490 1844 1545 1870 imo
1570 1844 1659 1878 primo
1686 1845 1825 1879 regnantis

1042 1897 1133 1922 anno,
1151 1889 1281 1916 Samaria:
1295 1889 1388 1916 decem
1405 1888 1529 1916 tribubus
1545 1888 1680 1923 imperare
1696 1891 1781 1925 ccepit

1077 1936 1098 1963 I.
1118 1935 1298 1963 Jeroboamus
1312 1934 1409 1961 Nabati
1425 1935 1496 1962 ﬁlius
1512 1935 1591 1961 annis
1607 1942 1675 1963 ιιιι.

1075 1981 1135 2009 Jam
1152 1982 1192 2009 uti
1209 1981 1319 2008 Davidis
1344 1984 1422 2008 atate
1442 1981 1673 2016 prophetaverant
1695 1981 1823 2015 Gaddus,

1039 2028 1196 2061 Natbanes,
1222 2027 1367 2063 Asaphus;
1392 2035 1542 2062 rursusque
1566 2027 1723 2056 Solomonis
1747 2032 1825 2056 aetate

1042 2075 1199 2107 Sadochus,
1215 2074 1318 2101 Aehias
1333 2073 1463 2101 Silonites
1483 2078 1510 2101 et
1532 2073 1664 2108 Sameas;
1686 2074 1724 2101 ita
1744 2075 1825 2102 etiam

1039 2121 1195 2149 Jeroboami
1238 2120 1340 2154 ﬁliique
1368 2119 1428 2154 ejus
1453 2119 1550 2147 Nabati
1577 2124 1657 2148 aetate
1683 2121 1822 2148 vaticinati

1040 2170 1104 2194 sunt
1126 2166 1244 2197 Aehias,
1266 2163 1398 2196 Sameas,
1422 2169 1479 2192 tum
1503 2169 1530 2192 et
1551 2165 1596 2193 ille
1611 2166 1659 2200 qui
1681 2166 1715 2194 ad
1738 2166 1823 2201 ipsam

238 2214 294 2242 XII.
315 2216 441 2244 Achazus
455 2217 534 2245 annis
549 2226 604 2246 xvi.
620 2217 769 2246 Undecimo
783 2220 885 2247 Achazi
910 2228 983 2247 anno
1001 2216 1022 2242 D
1038 2214 1168 2241 samariw
1182 2221 1257 2240 aram
1273 2213 1294 2244 ἰ
1312 2219 1363 2239 nec
1378 2218 1433 2238 n0“
1449 2210 1548 2238 1039's
1559 2232 1566 2242 ν
1584 2217 1610 2239 ει
1623 2211 1680 2240 τίθει
1692 2233 1699 2245 ›
1714 2217 1741 2241 el
1755 2214 1824 2241 Aﬂ'

203 2260 284 2288 Israel
300 2260 327 2287 in
342 2261 500 2289 servitutem
517 2269 533 2289 a
548 2262 739 2292 Salmanasaro
754 2265 880 2294 redactus
894 2271 947 2293 est.

237 2305 304 2334 XIII.
324 2306 454 2335 Ezechias
473 2308 551 2336 annis
567 2317 642 2337 xxix.
658 2309 736 2338 Nono
763 2311 886 2339 Ezechiae
911 2319 983 2340 anno

202 2351 314 2378 Romam
330 2352 452 2380 condidit
468 2352 619 2388 Romulus,
635 2356 681 2390 qui
696 2361 753 2384 erat
776 2358 808 2384 aI.
825 2358 981 2386 Abrahamo

201 2405 290 2425 annus
306 2405 461 2425 ucctxxxni
477 2399 543 2435 (58).

236 2443 305 2472 XIV.
326 2443 466 2472 Manasses
480 2446 560 2473 annis
575 2454 621 2477 tv.

235 2487 293 2516 XV.
315 2488 434 2516 Amosus
449 2490 528 2516 annis
547 2498 600 2517 xu.

234 2533 303 2562 XVI.
324 2535 412 2563 Josias
427 2537 506 2563 annis
521 2545 600 2563 xxxi.

233 2579 316 2607 XVII.
336 2580 488 2610 Joachasus
505 2583 645 2610 mensibus
667 2591 707 2610 ιιι.
729 2582 892 2611 Joachasum
915 2583 983 2611 Neci

231 2658 244 2675 ⁵
263 2658 356 2686 Matth.
379 2668 398 2692 ι,
420 2660 446 2686 5.
486 2660 495 2675 ⁸
516 2660 550 2687 III
565 2661 632 2696 Reg.
650 2668 708 2692 xm,
730 2660 756 2687 I.

232 2737 290 2773 (54)
309 2737 352 2764 AI.
368 2738 445 2768 cod..
461 2744 509 2765 xtl.

234 2772 289 2806 (55)
309 2773 348 2799 Ita
363 2773 400 2810 ait
414 2777 441 2800 et
455 2773 619 2809 Eupolemus
630 2774 699 2810 apud
711 2773 857 2803 Eusebium
867 2796 874 2810 ,
886 2775 977 2810 Priap.

200 2814 289 2839 evang.
307 2815 330 2833 IX
342 2827 349 2838 ,
364 2807 408 2835 50.
496 2807 504 2809 ”

237 2841 292 2877 (56)
311 2842 354 2869 AI.
369 2843 430 2871 cod.
441 2863 448 2876 ,
463 2844 593 2880 ΑσαρΙιιιε.

1039 2261 1094 2288 rias
1109 2260 1234 2294 idemque
1245 2258 1340 2286 Addus
1349 2277 1357 2290 ,
1374 2262 1456 2292 atque
1469 2257 1599 2285 Ananias.

1074 2305 1105 2334 II.
1127 2305 1245 2333 Nabatus
1262 2304 1342 2332 annis
1356 2312 1386 2331 ιι.

1074 2351 1117 2379 III.
1138 2351 1217 2386 Bajas
1233 2350 1288 2386 (50)
1305 2350 1384 2378 annis
1401 2357 1475 2377 xxiv.

1073 2397 1118 2425 IV.
1138 2397 1185 2424 EIa
1202 2397 1281 2424 annis
1296 2404 1327 2424 ιι.

1072 2445 1105 2472 V.
1126 2444 1237 2472 Zambri
1250 2444 1391 2472 mensibus
1404 2452 1453 2471 vn.

1072 2490 1117 2518 Vl.
1138 2490 1213 2517 Amri
1231 2491 1311 2518 annis
1326 2499 1375 2518 ιιι.

1071 2536 1126 2564 VII.
1149 2537 1294 2565 Achaabus
1311 2538 1390 2565 annis
1406 2544 1476 2564 xxu.

1071 2583 1128 2610 Sub
1143 2583 1194 2610 huc
1208 2584 1345 2618 propheta:
1360 2584 1469 2611 fuerunt
1485 2583 1600 2617 Abdias,
1618 2584 1692 2612 Elias
1702 2605 1709 2618 ,
1725 2584 1804 2613 Iesus
1816 2604 1824 2615 .

1072 2739 1126 2770 (57)
1146 2738 1188 2766 AI.
1204 2738 1264 2765 cod.
1276 2757 1284 2770 ,
1300 2745 1385 2766 vau.

1071 2774 1126 2808 (58)
1146 2773 1245 2801 Moenia
1258 2774 1413 2808 templaque
1425 2773 1518 2802 Romm
1530 2775 1582 2803 hoc
1591 2783 1666 2804 anno
1679 2784 1694 2804 a
1707 2776 1822 2805 Romulo

1035 2809 1166 2838 aediﬁcata
1181 2808 1263 2835 tradit
1276 2808 1418 2836 Eusebius.

1072 2844 1128 2880 (59)
1146 2843 1246 2872 Euseb.
1256 2865 1264 2879 ,
1280 2843 1395 2872 Baasus.
