1911 3136
127 152 174 178 εει
279 161 282 164 ν
499 154 670 182 SAMUELIS
690 156 848 183 ANIENSIS
865 156 1035 185 SUMMARII
1055 158 1245 188 TEMPORUM
1262 161 1351 189 PARS
1369 163 1387 191 l.
1694 170 1746 197 (ΕΞ

125 207 217 242 Oziel,
243 209 359 238 Michael
376 221 383 245 ;
406 211 467 239 falsi
490 218 578 241 autem
605 215 742 250 prophetae
765 216 911 244 Sedechias
925 218 949 248 Α
962 217 1091 247 dimissos
1107 218 1228 253 Judwos,
1243 222 1358 256 praside
1375 223 1542 252 Zorobabele
1555 225 1601 260 qui
1617 227 1745 261 templum

125 259 208 289 alque
223 255 338 284 Elrezer.
966 264 1115 300 urbemque
1143 255 1264 294 restituit
1281 277 1288 295 :
1307 272 1364 295 tum
1374 274 1401 297 et
1417 255 1572 304 pontiﬁces.
1583 272 1747 300 exstiterunt

160 298 229 327 Vill.
250 301 383 330 Ochosias
397 304 480 331 annis
499 312 528 331 ιι.
964 318 1049 345 usque
1063 298 1095 338 ad
1112 316 1222 339 unctum
1237 314 1344 347 ducem,
1363 315 1390 342 in
1402 298 1457 350 qluo
1472 317 1634 351 patriarchae.
1650 317 1745 346 Jacobi

163 344 211 371 IX.
232 345 358 375 Joramus
388 349 467 377 annis
499 357 547 377 xu.
572 350 679 378 alterum
712 353 912 387 prophclabant
961 344 1118 384 vaticinatio
1137 359 1239 385 exitum
1270 344 1367 387 sortita
1391 344 1433 389 est
1448 344 1563 389 dicentis
1579 372 1586 390 :
1602 362 1679 390 Haud
1695 364 1745 391 de-

124 390 198 418 Elias
215 396 242 418 et
259 392 381 421 Eliszeus.
400 394 519 429 Septimo
541 395 643 423 Jorami
670 405 742 425 anno
768 399 839 426 lilias
867 409 910 427 su-
960 401 1094 429 fecturum
1107 402 1201 429 eJuda
1218 404 1384 439 principem,
1400 406 1442 433 vel
1455 406 1488 433 de
1503 407 1625 441 ejusdem
1643 390 1745 435 femore

124 438 249 472 perlatus
266 443 318 467 est.
960 446 1067 479 ducem,
1085 449 1172 482 quoad
1184 448 1228 474 ille
1243 438 1401 477 adventaret
1426 451 1459 478 ad
1470 438 1549 485 quem
1566 453 1682 488 pertinet
1694 454 1744 481 im-

158 482 192 510 X.
214 483 265 510 Jeu
280 485 359 512 annis
375 494 472 513 xxvm.
959 494 1065 527 perium
1080 495 1100 521 ε.
1114 494 1172 521 Jam
1185 495 1254 523 duce
1271 496 1437 525 Zorobabele
1452 482 1574 534 pontifex.
1588 505 1647 528 erat
1661 500 1743 529 Jesus

158 528 266 561 Minas,
284 538 353 565 quas
368 531 414 558 Dei
447 532 522 560 furor
536 534 561 560 in
583 535 722 563 Achabum
744 545 908 573 uxoremque
957 538 1100 567 Josedechi
1116 540 1188 568 ﬁlius
1207 550 1212 566 :
1227 543 1288 569 exin
1311 542 1451 571 Jachimus
1466 565 1472 576 ,
1492 545 1561 572 idem
1574 547 1620 581 qui
1632 546 1743 574 Joachi~

117 573 182 608 ejus
204 574 358 604 Jezabelem
384 578 551 611 intenderat,
576 580 626 608 Jeu
653 581 687 608 ad
710 590 767 610 rem
793 586 907 612 contulit
959 585 1108 616 mus.Jesu
1124 587 1215 615 ﬁlius:
1233 596 1283 615 nec
1309 596 1363 616 non
1393 573 1667 626 Elarris(60),lidem
1696 594 1742 628 qui

120 621 200 648 caesis
214 623 386 658 septuaginta
403 624 504 652 Achabi
523 626 632 658 liberis,
647 635 697 655 nec
712 636 765 656 non
782 629 907 658 Jezabele
956 631 1109 664 Esiasibus.
1127 634 1199 661 iilius
1221 633 1349 662 Jachitni.
1380 635 1443 662 Erat
1455 637 1567 672 insuper
1586 638 1687 666 Esdras
1702 648 1743 666 sa-

119 666 247 700 Sidonia,
259 673 286 695 et
296 670 501 706 quadringentis
511 674 670 701 exsecrandi
681 674 744 702 idoli
757 678 904 712 prophetis.
956 677 1064 711 cerdos,
1077 679 1168 706 scriba
1188 679 1277 714 legum
1301 688 1453 714 sacrarum.
1481 684 1635 718 nobilisque
1649 685 1743 712 doctor

117 713 171 741 Per
186 714 212 741 id
231 719 337 750 tempus
353 716 424 751 apud
442 718 566 745 lsraelem
585 721 764 755 prophetabat
779 723 902 752 Azarias.
955 731 1050 750 eorum
1059 725 1105 759 qui
1122 713 1259 760 Babylone
1288 727 1313 753 in
1339 727 1459 754 Judream
1478 713 1656 757 ascenderant
1675 733 1739 765 (6H.

152 759 200 787 XI.
221 759 375 789 Joachazus
390 763 470 790 annis
486 771 551 791 xvn.
570 765 656 801 Hujus
671 771 750 795 aetate
766 776 812 796 rex
826 769 904 797 Judze
953 768 1052 797 Joadas
1069 770 1146 797 Asihi
1164 759 1244 804 ﬁlius,
1263 772 1315 799 sub
1327 781 1382 807 quo
1395 772 1541 801 Nellemias
1562 760 1741 811 Artaxis‘pin-

114 805 217 833 Joasus
231 807 357 835 Azariam
382 809 533 843 interfecit,
547 815 604 838 tum
619 818 646 840 et
661 813 773 842 Eliszeus
790 816 843 843 vita
858 825 902 843 ει·
953 824 1046 848 cerua,
1058 825 1155 852 genere
1166 817 1306 850 Hebraeus,
1319 818 1456 854 Babylone
1472 822 1543 847 venit
1556 821 1739 858 Hierosolyma

114 852 213 878 cessit.
921 887 939 912 υ
956 869 1103 896 murosque
1115 863 1255 890 excitavit.
1271 863 1391 892 Joannes
1404 865 1496 892 Joada:
1512 866 1592 894 ﬁlius.
1621 868 1738 895 Joannis

153 897 199 912 \‘ll
226 898 409 912 1ηη-..-,...,.ζ-
428 909 471 912 _....
956 907 989 912 ι...
1043 907 1054 912 -
1081 908 1106 912 ..
1203 909 1208 912 .
1353 910 1374 912 ,A

153 897 210 925 Xll.
222 898 322 927 Joasus
331 900 410 928 annis
428 909 482 928 va.
921 897 939 912 ¹²
953 907 1026 934 ﬁlius
1039 907 1153 940 Jaddus,
1165 909 1244 943 cujus
1256 915 1334 938 aetate
1353 910 1462 938 Macedo
1478 913 1630 940 Alexander
1644 915 1740 942 llieio-

151 943 222 970 Xlll.
236 944 435 974 Hieroboamus
457 948 536 974 annis
553 955 607 975 xu.
632 948 720 984 l'lujus
735 956 816 979 aetate
830 953 901 979 vati-
953 953 1058 988 solyma
1072 953 1212 988 ingressus
1228 954 1312 982 Deum
1323 956 1457 983 adoravit.
1471 958 1554 985 ()nins
1568 959 1645 985 .laddi
1658 960 1739 986 ﬁlius.

112 989 199 1016 cinati
218 995 282 1017 sunt
298 990 531 1025 Oseas,Amosus,
552 993 634 1022 Isaias
647 1000 672 1022 et
683 995 777 1024 Jonas.
952 999 1064 1026 Simeon
1078 1003 1258 1034 cognomento
1277 999 1384 1029 Justus.
1405 1001 1539 1030 Simeonis
1566 1003 1648 1031 frater
1663 1004 1741 1032 Elea:

149 1034 222 1063 XIV.
236 1035 383 1065 Zacharias
400 1039 540 1067 mensibus
556 1049 591 1067 vr.
952 1052 1043 1076 zarus,
1056 1045 1170 1079 subquo
1182 1044 1361 1080 Septuaginta
1384 1047 1439 1074 Viri
1457 1049 1564 1076 divinos
1580 1049 1664 1076 libros
1676 1049 1739 1076 Pto-

150 1081 210 1110 XV.
228 1082 365 1111 Sellumus
380 1084 477 1112 diebus
487 1093 551 1113 ην.
950 1090 1036 1117 lemaei
1049 1091 1122 1127 regis
1135 1091 1214 1126 jussu
1229 1093 1261 1120 ad
1284 1092 1385 1120 Grazcaa
1402 1094 1499 1129 l-ingme
1514 1096 1738 1122 consuetudinem

149 1127 222 1154 XVI.
239 1128 398 1158 Manaemus
415 1132 495 1158 annis
511 1140 538 1159 χ,
949 1135 1171 1163 transtulerunt.
1201 1136 1341 1165 Manasses
1369 1137 1488 1165 Eleazari
1515 1144 1638 1174 patruus.
1655 1140 1738 1168 Onias

149 1174 232 1203 XVII.
253 1175 373 1203 Phaceas
384 1178 462 1205 annis
480 1186 506 1205 χ,
522 1178 599 1206 Νοηο
616 1180 697 1215 hujus
722 1188 795 1210 anno
811 1182 898 1217 prima
951 1177 1088 1206 Simeonis
1102 1179 1172 1207 Justi
1196 1181 1278 1209 ﬁlius.
1298 1181 1374 1209 Oniae
1397 1182 1468 1210 ﬁlius
1487 1184 1607 1216 Simeon,
1622 1186 1672 1212 sub
1685 1194 1739 1220 quo

107 1221 249 1256 'olynlpias
266 1226 325 1249 acta
339 1228 391 1250 est.
949 1228 1011 1251 erat
1024 1224 1106 1252 Jesus
1126 1225 1244 1253 Sirachi.
1263 1226 1398 1256 Simeonis
1415 1230 1484 1256 tilius
1498 1229 1591 1258 Onias.

147 1266 242 1296 XVIII,
260 1267 379 1296 Phaceas
399 1270 477 1298 annis
493 1279 538 1298 xx.
985 1270 1029 1298 18.
1047 1270 1115 1299 Tres
1130 1272 1229 1300 deinde
1248 1281 1279 1300 ac
1293 1274 1403 1309 triginta
1421 1280 1479 1309 post
1494 1277 1737 1304 annosAntiocnus

146 1312 219 1341 XIX.
232 1313 317 1342 Oseas
332 1314 411 1343 annis
427 1324 466 1343 ix.
949 1315 1104 1350 Epiphanes
1120 1317 1241 1345 Judaaam
1269 1319 1412 1354 ingressus
1440 1323 1627 1355 ponliiimtum
1641 1322 1736 1349 Judai-

146 1358 218 1386 Osca
233 1365 372 1395 regnante,
386 1361 477 1389 decem
494 1363 581 1390 tribus
597 1364 722 1391 servituti
736 1365 896 1401 mancipata
947 1368 1009 1388 cum
1021 1369 1037 1389 a
1055 1361 1121 1390 Jesu
1136 1368 1317 1398 cognomento
1328 1364 1428 1392 Jasonc
1443 1367 1474 1393 ad
1487 1368 1606 1400 ejusdem
1626 1368 1735 1396 fratrem

107 1408 205 1432 sunta
221 1404 423 1439 Salmanasam,
449 1407 623 1444 deletumque
646 1408 825 1437 [graelitieum
849 1411 896 1438 sa-
947 1405 1045 1434 Oniam
1063 1409 1241 1442 -transtulit;
1271 1418 1368 1438 rursus
1401 1411 1463 1437 huic
1493 1417 1614 1447 ereptum
1630 1434 1636 1444 ,
1662 1413 1735 1440 Onim

108 1453 204 1480 marite
214 1461 338 1489 regnum,
351 1462 422 1482 anno
448 1455 549 1482 Achazi
562 1456 724 1491 imperantis
738 1457 892 1490 undecimo,
946 1458 1125 1487 cognomento
1143 1453 1263 1482 Menelao
1277 1456 1360 1483 dedit.
1381 1456 1440 1483 Mox
1465 1459 1557 1492 elapso
1574 1459 1732 1493 quinquen-

108 1502 254 1533 poslquam
266 1500 345 1527 annis
361 1507 410 1527 σοι,
422 1503 553 1529 ειθιίεςθι,
579 1501 648 1529 Hinc
661 1507 751 1530 autem
771 1503 804 1530 ad
825 1507 894 1531 ιθιη..
946 1499 992 1525 nio
1011 1500 1151 1536 occupatis
1176 1500 1371 1537 Hierosolymis
1397 1504 1524 1537 templum
1554 1504 1677 1539 diripuit,
1696 1515 1734 1532 si.

107 1545 184 1578 plum
205 1543 401 1582 Hierosolymis
418 1546 680 1576 Nabuchodonosori
697 1549 725 1577 vi
742 1549 793 1577 sub
807 1549 892 1577 Sede-
908 1564 928 1592 ε
945 1553 1027 1592 ﬁlium
1054 1545 1129 1574 -Ῑυνῖθ
1148 1547 1279 1582 Olympia
1310 1548 1410 1576 ibidem
1433 1550 1590 1583 θ’)ΙῙωολνίίς
1614 1551 1640 1577 ίιι
1656 1551 1734 1577 θητί-

104 1590 170 1617 Chia
187 1598 311 1618 eversum
327 1593 392 1619 anni
405 1598 584 1622 ιιυιηει-εηιυι-
599 1602 671 1623 cu.-
914 1590 928 1592 ⁷
952 1591 1015 1618 zino
1028 1592 1082 1628 (62)
1097 1597 1186 1620 autem
1219 1593 1293 1621 Jovis
1314 1593 1461 1629 llospitalis
1477 1596 1497 1622 τ.
1521 1596 1557 1622 lia
1574 1602 1734 1631 tempestate

141 1637 223 1665 15.13
240 1638 461 1675 Paralipomenis.
478 1641 538 1668 Jam
557 1642 591 1669 de
612 1642 707 1670 Levini
737 1651 838 1679 genere
854 1650 899 1671 sa-
952 1638 1094 1666 Matathias
1120 1639 1230 1674 quidam
1255 1640 1384 1667 sacerdos
1406 1642 1557 1668 Asmnomei
1584 1643 1675 1674 ﬁlius,
1699 1652 1729 1669 ex

104 1682 234 1710 cerdotes
243 1691 330 1719 usque
340 1685 374 1711 ad
389 1685 577 1720 captivitatem
608 1687 719 1714 fuerunt
731 1688 777 1715 hi:
793 1688 897 1718 Aaron,
951 1685 1051 1719 Oppido
1069 1685 1207 1719 Modimo,
1233 1686 1304 1713 bello
1329 1687 1459 1713 adversus
1488 1689 1578 1722 copias
1604 1690 1731 1716 Antiochi

106 1728 264 1762 Eliazarus'
282 1730 411 1764 Ihinees,
427 1732 560 1765 Abiudus’
575 1733 716 1767 Hor-Chias,
734 1733 826 1766 Ozias,
844 1734 897 1762 Za-
949 1739 1011 1758 cum
1026 1731 1088 1758 ﬁliis
1099 1731 1158 1758 suis
1169 1731 1337 1759 decertabat.
1361 1731 1393 1759 ΕΙ.
1411 1732 1496 1759 Judus
1521 1742 1586 1760 sane
1605 1735 1675 1761 ﬁlius
1691 1735 1732 1761 illv-

108 1783 184 1807 reas,
197 1775 359 1808 Mariothus,
388 1777 523 1810 Amat-ias,
547 1779 708 1810 Aehitobus,
742 1769 883 1808 Sadochus

958 1783 1008 1810 {am
1023 1774 1150 1810 Syrorum
1160 1775 1235 1808 fecit,
1252 1776 1436 1811 templumque
1449 1778 1582 1809 lustravit,
1596 1786 1627 1805 ac
1644 1781 1727 1813 patria

105 1821 266 1853 Achiamas,
281 1822 404 1855 Azarias,
415 1823 514 1855 Jonan,
527 1825 649 1856 Azarias,
661 1826 796 1858 Amarias,
813 1826 885 1854 Achi-

958 1828 1025 1848 Lacra
1043 1821 1173 1853 restituit,
1191 1829 1252 1856 quae
1281 1823 1399 1849 triennio
1414 1823 1611 1849 obsoleverunt.
1630 1823 1729 1850 Deindu

104 1867 200 1899 tobus,
218 1868 371 1900 Sadochus,
389 1869 503 1897 Elumus
516 1891 523 1902 ,
542 1870 680 1904 llelcliias,
698 1873 822 1904 Azarias,
842 1873 885 1900 Za-

958 1867 1058 1895 lenelai
1085 1866 1241 1895 Judaaorum
1262 1867 1399 1902 pontiﬁcis
1423 1869 1603 1896 sacerdotium
1630 1871 1730 1905 excipit

107 1920 192 1944 mus,
214 1913 392 1946 Iosedechus,
422 1916 468 1950 qui
491 1916 654 1952 Babylonem
686 1920 821 1946 concessi],
839 1928 893 1954 quo
944 1914 1076 1945 Alcimus.
1101 1915 1172 1941 idem
1197 1914 1243 1949 qui
1264 1914 1415 1946 Jachimus,
1442 1916 1547 1942 alienus
1562 1916 1624 1943 licet
1635 1918 1727 1951 generi

104 1963 230 1993 tempore
245 1959 529 1990 Nabuchodonosorus
555 1962 653 1990 Judam
670 1965 805 1993 servitute
816 1973 885 2000 pres-

960 1960 1116 1987 accrdotali.
1142 1959 1324 1993 Quamobrem
1347 1961 1430 1988 Onias
1449 1961 1588 1989 sacerdote
1601 1963 1727 1997 progeni-

104 2005 151 2032 sit.
168 2003 455 2041 HaacParalipomenis
467 2010 658 2036 commendata
673 2015 747 2037 sum,
941 2011 986 2034 tus
1008 2007 1033 2033 in
1050 2006 1196 2041 {Egyptum
1210 2008 1402 2042 proﬁciscitur,
1422 2008 1512 2042 ibique
1528 2008 1620 2034 urbem
1633 2009 1727 2036 condit

143 2050 187 2077 16.
205 2051 287 2085 lgitur
297 2052 370 2081 J05ia
387 2055 495 2081 tertium
508 2055 563 2089 jam
589 2060 615 2082 et
635 2056 769 2083 decimum
789 2065 891 2085 annum
942 2053 1093 2087 Αηιοροιίιιι
1109 2053 1210 2088 (65)-ἱη
1226 2061 1311 2088 θητιιιε
1328 2055 1457 2088 [emplum
1482 2054 1514 2080 πά
1533 2054 1619 2080 Ῑηείίπ
1634 2053 1727 2081 mem'

104 2093 185 2122 ludat
208 2096 368 2131 imperante.
401 2098 508 2126 initium
533 2101 714 2136 prophelandi
739 2102 889 2131 Hieremias
942 2098 1098 2133 solymitani
1126 2099 1285 2133 erigendum
1299 2103 1387 2126 curat.
1407 2099 1529 2126 A-lcirnus
1558 2103 1646 2126 autem
1663 2107 1726 2126 cum

106 2140 195 2168 fecit:
215 2147 270 2168 tum
286 2147 312 2169 et
330 2152 401 2170 anno
425 2145 546 2179 ejusdem
577 2147 647 2180 regis
665 2148 786 2174 secundo
807 2156 885 2183 supra

958 2144 1009 2171 uda
1028 2144 1177 2179 confligens
1202 2145 1277 2171 brevi
1295 2153 1309 2172 a
1326 2144 1381 2172 Deo
1409 2153 1557 2180 percussus
1589 2146 1723 2172 interiit“.

106 2188 267 2215 sicesimum
280 2188 434 2224 Sophonias
462 2195 488 2218 et
508 2191 658 2221 Hieremias
673 2195 885 2229 prophetabant:

958 2190 1023 2224 gitur
1036 2191 1172 2218 communi
1202 2190 1330 2227 suffragio
1357 2191 1540 2219 sacerdotium
1568 2192 1601 2219 ad
1627 2191 1725 2219 Judam

106 2241 258 2268 rursusque
273 2242 344 2262 anno
360 2235 497 2264 Sedechiae
513 2242 611 2272 quarto
626 2238 765 2267 Baruchus
781 2245 808 2268 et
824 2241 886 2268 llie-
904 2250 925 2276 ι)
942 2236 1069 2263 conatum
1082 2240 1134 2263 εει-

106 2279 209 2306 retnias
224 2288 230 2305 :
246 2285 341 2307 octavo
355 2286 444 2309 autem
471 2283 635 2317 captivitatis
649 2292 720 2311 anno
731 2285 822 2313 Daniel
838 2287 888 2313 Ba-

106 2324 207 2359 bylone
222 2330 249 2351 et
266 2325 407 2354 Ezechiel:
427 2332 482 2354 tum
501 2336 572 2356 anno
584 2333 679 2356 octavo
704 2338 735 2357 ac
747 2332 886 2359 tricesimo

105 2370 223 2405 Aggzeus
244 2375 271 2397 et
293 2371 460 2400 Zacharias:
483 2378 559 2404 sexto
579 2374 696 2410 denique
709 2384 780 2403 anno
802 2385 885 2412 supra

103 2417 304 2450 sexagesimum
322 2418 401 2445 iidem
416 2419 530 2454 Aggteus
544 2428 575 2447 ac
589 2420 746 2452 Zacharias,
768 2423 886 2458 itemque

103 2462 262 2490 Malachias.
276 2464 334 2490 Alia
359 2464 471 2492 historia
491 2466 574 2493 tradit
597 2469 756 2496 vaticinatos
770 2477 831 2497 esse
845 2470 886 2496 his

101 2508 275 2542 temporibus
302 2508 465 2542 Nahumum,
479 2511 706 2545 Ambachumum,
721 2513 881 2542 lllalaehiam

978 2304 1018 2330 l9.
1034 2304 1052 2330 l.
1066 2303 1161 2336 Judas,
1178 2305 1223 2339 qui
1246 2309 1273 2331 et
1288 2304 1485 2335 Macchabaeus.
1514 2306 1592 2333 annis
1608 2315 1636 2333 ιιι
1653 2307 1724 2335 intra

939 2350 1116 2385 Olympiadem
1130 2350 1305 2377 centesimam
1322 2351 1574 2386 quinquagesimam
1588 2353 1721 2387 quintam.

974 2405 1006 2432 ll.
1023 2404 1163 2436 Jonathas,
1180 2406 1225 2441 qui
1242 2411 1268 2433 et
1281 2407 1423 2440 Aplnuthus
1435 2427 1442 2438 ,
1455 2408 1534 2434 annis
1544 2415 1600 2434 xix.

976 2450 1018 2477 lil.
1034 2451 1137 2482 Simon,
1152 2452 1198 2485 qui
1210 2457 1236 2478 ct
1250 2451 1371 2484 Tarscis,
1391 2453 1470 2480 annis
1485 2461 1544 2480 vni.

975 2495 1018 2523 IV.
1034 2495 1187 2532 Hyrcanus,
1201 2497 1247 2531 qui
1263 2502 1289 2524 ct
1303 2497 1433 2530 Joannes,
1451 2501 1529 2526 annis
1545 2507 1617 2525 xxvt.

101 2560 186 2588 alque
200 2554 347 2583 Danielem,
974 2551 1006 2579 V.
1026 2553 1196 2581 Aristabulus
1211 2562 1282 2581 anno
1297 2563 1313 2581 ι.
1336 2555 1375 2582 Ad
1389 2556 1568 2583 sacerdotium
1580 2555 1721 2582 Aristabu-

139 2598 183 2625 17.
202 2598 322 2628 lamvero
333 2609 386 2635 quo
397 2606 475 2636 pacto
488 2602 609 2632 videntes
620 2608 646 2632 et
663 2606 801 2640 propheta:
812 2606 883 2641 apud
937 2596 980 2625 lus
995 2598 1118 2626 diadema
1130 2600 1232 2634 regium
1241 2600 1349 2635 adice“-

99 2654 226 2681 capuvos
234 2652 321 2680 erant,
340 2649 434 2675 eodem
446 2650 526 2676 etiam
546 2655 606 2685 post
628 2658 679 2678 ιιι
708 2660 795 2679 annos
811 2654 880 2687 apud
974 2653 1013 2680 νι.
1027 2653 1165 2688 Jannaaus,
1185 2656 1266 2691 quiet
1280 2657 1446 2689 Alexander,
1463 2657 1542 2684 antris
1556 2665 1630 2684 xxvn
1651 2657 1717 2692 (64).

136 2723 148 2740 ⁸
166 2722 236 2752 Gen.
258 2732 332 2751 nu.
353 2725 395 2752 lii.
434 2726 443 2740 ⁷
459 2725 480 2752 ll
498 2726 618 2755 Machab.
636 2737 673 2761 vr,
694 2729 720 2755 9.
758 2731 768 2746 ⁸
787 2729 805 2756 ll
823 2730 950 2759 Machab.
968 2740 1005 2764 rx,
1027 2732 1069 2766 53,
1085 2733 1129 2761 56.

137 2791 530 2839 SE9?1‘3_999i.2ﬁ:§eeelts-

1040 2800 1184 2839 Eusebius,
1200 2802 1231 2828 ad
1245 2810 1345 2829 annum
1360 2802 1435 2834 1856,
1454 2802 1582 2839 οηιιρήἰε.

205 2826 307 2871 (λοιιῐςι-
321 2826 464 2871 Eusebium
477 2829 510 2856 ad
529 2839 573 2858 an.
590 2830 667 2858 1558.
972 2826 1026 2871 (6ιῇ

136 2862 196 2899 (62)
210 2862 310 2895 Codd.,
326 2862 444 2890 Samrin.
