1911 3136
187 149 239 176 625

222 206 279 234 Vll.
297 203 452 233 Alexandra
472 209 540 230 uxor
568 201 714 229 Alexandri
740 200 819 228 annis
848 207 887 227 ix.
915 199 1016 231 ΠτεοΑ

182 251 343 279 Alexandra
357 250 449 277 Salina
463 251 557 275 vocata
578 250 630 275 est.

221 297 289 324 VIII.
304 296 448 332 Hyrcaniis
460 294 539 321 annis
554 301 638 320 xxxiv
656 292 723 328 (65).

220 344 266 371 20.
282 344 350 370 Cum
365 341 537 369 Aristabulus
559 344 586 367 et
608 339 752 374 Hyrcanus
766 338 914 366 Alexandri
931 337 978 364 lilii

188 392 260 417 inter
275 397 305 416 se
321 389 525 418 concertarent,
537 385 684 420 Pompeius
697 385 836 412 Romanus
847 392 978 420 superve-

188 434 460 465 niensAristabulum
471 433 598 460 vinetum
609 440 702 459 secum
716 431 839 464 abduxit,
853 430 980 467 Hyrcano

188 487 277 510 autem
296 480 488 517 pontiﬁcatum
502 478 688 510 conﬁrmavit,
705 478 750 513 qui
769 478 880 512 quidem
899 477 979 504 annis

187 534 303 564 quatuor
322 527 489 563 trigintaque
502 529 564 561 post
580 532 596 552 a
614 524 724 552 Parthis
747 529 843 559 captus
857 527 910 551 est.
935 522 982 549 Sic

186 575 341 603 Iudaeorum
369 581 483 608 regnum
494 573 625 606 unctique
655 570 784 605 praesides
808 570 981 607 desiverunt,

187 623 226 649 uti
246 621 340 648 Daniel
362 620 522 655 priedixeiat
537 626 542 644 :
567 621 713 645 unctoruin
726 620 817 643 autem
831 615 981 651 praesidum

187 669 299 695 nomine
312 666 457 702 pontiﬁces
468 665 669 700 intelliguntur,
687 664 734 698 qui
754 666 818 698 post
837 662 981 689 redituma

188 714 350 750 captivitate
362 713 465 749 populo
480 711 649 746 prml‘uerunt
664 720 669 737 :
689 709 791 744 quique
804 708 861 735 orsi
876 714 891 734 a
904 714 983 735 sexa-

189 763 291 796 gesima
303 760 398 795 quinta
413 758 567 794 olyinpiade
585 757 637 784 sub
652 755 744 787 Dario.
762 754 917 791 Olympiade
933 753 980 780 de-

189 815 263 834 mum
277 807 425 834 centesima
439 805 605 839 octogesima
626 807 703 831 sexta
734 802 813 829 linem
836 799 980 829 fecerunt:

189 851 262 887 quod
280 851 410 887 temporis
430 851 601 878 intervallum
619 849 712 876 Daniel
729 847 861 883 propheta
874 850 984 881 septua-

190 883 478 934 ginta‘lu-bdomzuliiiu
506 898 585 924 titulo
603 896 822 923 adumbraverat.
846 894 976 930 Equidem
993 883 1013 909 Β

190 948 253 979 post
265 942 420 979 Hyrcanum
437 952 516 970 nemo
532 943 581 969 fuit
596 950 610 969 e
621 949 720 977 genere
738 940 912 971 sacerdotali,
930 939 977 966 sed

192 988 289 1022 ignota
305 988 398 1022 stirpis
412 987 543 1013 menstrui
557 985 666 1021 quidam
680 986 721 1013 vel
735 985 817 1012 annui
836 984 977 1020 praesides.

191 1032 261 1059 Tum
275 1033 392 1068 denique
406 1033 525 1060 Herodes
537 1033 689 1068 alienigena
714 1039 828 1067 regnum
848 1031 976 1062 obtinuit,

191 1079 272 1113 cujus
283 1079 421 1105 tricesimo
439 1079 557 1105 secundo
576 1086 647 1106 anno
666 1078 798 1106 Dominus
820 1077 920 1106 Noster
931 1077 977 1105 Je-

192 1133 240 1152 sus
252 1124 380 1152 Christus
398 1130 478 1151 natus
494 1130 545 1152 est.

498 1191 612 1218 CAPUT
626 1192 670 1220 VI.

422 1248 514 1274 (Ilianii
531 1250 655 1283 prosapia
677 1249 747 1284 (66).

230 1306 254 1333 Ι.
272 1303 412 1332 Hactenus
427 1313 477 1333 nos
495 1313 543 1340 pro
556 1309 684 1340 suscepto
698 1306 840 1341 proposito
856 1310 979 1340 posteros

192 1350 266 1378 Semi
280 1351 314 1378 ad
328 1352 474 1379 adventum
491 1359 578 1386 usque
598 1351 699 1379 Christi
726 1352 826 1379 divinis
846 1352 924 1380 libris
936 1354 981 1379 in-

191 1398 249 1424 nixi
263 1397 437 1433 digessimus.
454 1397 532 1425 Nuiic
550 1398 584 1425 ad
602 1398 735 1425 Chainum
761 1406 821 1434 qua:
843 1399 981 1433 pertinent

190 1443 336 1470 scribenda
365 1447 446 1476 sunt;
470 1443 542 1470 haud
569 1451 649 1477 sane,
675 1447 704 1471 ut
716 1443 801 1475 Semi,
830 1444 980 1471 liberorum

194 1488 349 1521 successio,
367 1489 414 1516 sed
430 1496 563 1516 annorum
584 1497 732 1523 numerus,
747 1497 842 1525 regum
858 1490 979 1522 nomina,

189 1536 252 1561 'tum
263 1542 386 1569 quaenam
404 1539 498 1569 gentes
520 1536 641 1570 potentia
663 1540 750 1562 auctae
770 1536 918 1564 alterutras
935 1536 982 1564 de-

189 1580 330 1613 vicerunt,
348 1587 433 1614 usque
446 1581 477 1607 ad
492 1581 639 1607 humanam
667 1580 821 1609 Servatoris
842 1585 979 1608 naturam.

194 1624 234 1652 Ex
247 1625 372 1660 eoig'rtur
387 1626 457 1656 loco,
479 1626 507 1652 in
535 1634 589 1661 quo
616 1634 706 1653 sermo
730 1631 824 1654 noster
848 1626 981 1659 substitit,

189 1678 257 1697 cum
274 1671 370 1698 Chami
391 1672 602 1706 procreationes,
612 1678 693 1707 prout
708 1680 756 1700 eas
772 1680 859 1700 sacrae,
873 1672 983 1701 Littera:

194 1716 352 1749 tradebant,
367 1717 580 1752 descripsimus;
600 1719 709 1752 exinde,
722 1719 846 1754 inquam,
861 1719 983 1747 ordiatil'

195 1764 316 1790 narratio
327 1772 341 1791 e
357 1768 438 1791 certa:
454 1764 514 1791 tidei
536 1764 613 1792 libris
641 1765 750 1798 hausta,
773 1774 871 1801 nempe
884 1774 981 1794 secun-

194 1810 259 1837 dum
285 1811 458 1838 narrationes
483 1811 677 1839 chronicoruin
708 1811 819 1840 Eusebii
843 1821 983 1840 canonum

195 1856 376 1890 liistoricique
403 1856 597 1884 Armeniorum
610 1858 693 1886 Mosis
703 1859 899 1893 Chorcnensis;
916 1868 984 1894 quo-

196 1910 256 1929 rum
279 1902 388 1937 quidem
413 1907 570 1937 postremus
598 1905 638 1932 sic
667 1905 704 1931 ait
722 1905 796 1940 (67):
820 1906 879 1933 «lle
908 1906 981 1938 Belo,

195 1948 275 1982 cujus
287 1952 366 1975 atate
373 1949 507 1976 maximus
519 1954 613 1977 noster
627 1952 784 1986 progenitor
796 1951 863 1978 vixit
870 1951 982 1984 IIaicus,

197 1995 274 2020 iiiulti
288 1995 372 2022 multa
391 1995 520 2030 variaque
528 1996 715 2031 tradiderunt;
734 2006 783 2033 ego
799 2002 888 2026 autem
902 2007 982 2034 quem

197 2039 345 2067 Saturnum
370 2046 527 2076 nuncupant
554 2047 635 2077 atque
665 2043 757 2071 Belum
774 2064 782 2077 ,
816 2044 983 2072 Nebrothum

189 2085 282 2114 ’fuisse
296 2087 338 2113 aio
354 2094 359 2111 :
376 2095 428 2121 qua
444 2096 526 2122 super
536 2096 565 2116 re
580 2088 700 2124 [Egyptii
716 2098 777 2117 cuni
790 2090 864 2118 Mose
874 2092 984 2126 conspi~

197 2135 269 2164 rant,
279 2137 472 2166 percensentes
491 2133 655 2168 Vulcanum,
669 2135 759 2163 Solem
775 2144 807 2163 ac
822 2136 983 2171 Saturnum,

197 2177 243 2211 qui
268 2181 333 2204 eunt
356 2178 486 2210 Chanms,
513 2179 603 2207 Cusus
635 2189 667 2207 ac
694 2181 860 2215 Nehrothus,
881 2184 984 2211 omisso

710 141 879 169 APPENDIX
899 141 944 167 AD
964 139 1098 168 EUSEBII
1118 138 1325 168 CHRONICON.

1773 134 1822 162 6‘31

1065 199 1108 226 IV.
1130 199 1238 229 Zauies,
1252 199 1299 233 qui
1311 201 1337 224 et
1354 195 1468 227 Niiiuas,
1485 194 1563 221 annis
1580 201 1667 220 xxxii.

1063 246 1095 272 V.
1116 245 1198 272 Arius
1213 244 1293 272 annis
1307 252 1370 270 xxx.

1064 291 1109 318 Vl.
1130 290 1240 317 Aralius
1254 291 1332 316 annis
1348 296 1391 315 XL.

1066 336 1120 363 VII.
1141 335 1255 367 Xerxes,
1274 335 1321 369 qui
1334 337 1361 361 et
1376 334 1483 364 Baleus.
1500 332 1580 359 annis
1596 339 1660 358 xxx.

1065 382 1131 409 VIII.
1152 381 1344 409 Armamithris
1361 381 1440 407 annis
1456 386 1571 407 xxxviii.

1065 429 1110 456 IX.
1131 429 1265 456 Belocbus
1276 428 1355 455 aiinis
1371 435 1452 455 xxxv.

1066 474 1099 502 X.
1121 474 1217 501 Baleus
1232 473 1311 501 annis
1325 481 1359 500 xv
1372 472 1439 508 (69).

1066 520 1111 547 XI.
1133 519 1245 547 Altadas
1258 520 1337 546 annis
1349 527 1435 545 xxxii.

1068 566 1123 593 XII.
1145 566 1275 593 Mamelus
1289 565 1369 592 annis
1386 572 1450 592 xxx.
1463 563 1542 590 Anno
1557 562 1641 597 hujus
1660 566 1762 597 quarto
1776 559 1822 588 do-

1033 614 1103 641 cimo
1120 612 1255 647 Iosephus
1270 612 1347 638 obiit.

1069 658 1138 686 XIII.
1159 658 1292 693 Mamylus
1308 657 1376 683 alter
1391 656 1470 683 annis
1486 663 1550 682 xxx.

1069 703 1137 731 XIV.
1160 703 1318 738 Sparaethus
1333 702 1413 729 annis
1429 709 1473 728 XL.

1070 750 1126 778 XV.
1148 750 1321 777 Manclialeus
1338 749 1418 776 annis
1434 755 1497 775 xxx.

1069 796 1139 824 XVI.
1172 796 1301 831 Sphaerus
1332 795 1411 822 annis
1444 802 1490 821 xx.
1525 792 1610 827 Ilujiis
1641 799 1716 818 anno
1745 792 1823 818 tertio

1034 843 1153 878 Cecrops
1170 842 1284 870 Athenis
1300 841 1405 877 primus
1423 840 1555 875 regnavit.

1063 889 1145 917 XVII.
1166 888 1285 916 Ascades
1300 887 1355 922 (70)
1372 887 1451 914 annis
1463 895 1506 913 XL.
1521 885 1607 921 Ilujiis
1627 889 1726 912 octavo
1753 890 1823 910 anno

1030 936 1118 963 MOses
1140 935 1196 970 jam
1217 934 1409 969 octogenarius
1426 932 1555 968 populum
1576 938 1608 958 ex
1626 929 1748 965 Egypio
1761 928 1823 956 sub-

1030 981 1116 1009 duxit.

1065 1027 1158 1056 XVIII.
1180 1027 1311 1063 Amyntas
1327 1026 1406 1053 annis
1423 1033 1485 1052 va.

1064 1072 1136 1100 XIX.
1157 1072 1291 1100 Belechus
1306 1071 1362 1107 (Ἡ)
1378 1070 1458 1097 annis
1475 1077 1538 1096 xxv.

1065 1119 1125 1146 XX.
1146 1119 1292 1154 Balepares
1305 1117 1384 1144 annis
1402 1124 1467 1143 xxx.

1067 1165 1137 1192 XXI.
1158 1164 1320 1200 Lamprides
1335 1163 1416 1190 annis
1432 1170 1518 1189 xxxii.

1066 1212 1148 1239 XXII.
1168 1212 1296 1247 Pannyas
1310 1210 1390 1238 annis
1406 1218 1469 1237 va.

1066 1257 1161 1285 XXIII.
1183 1257 1328 1285 Sosarmus
1347 1256 1427 1284 annis
1445 1264 1502 1283 XIX.

1066 1304 1160 1332 XXIV.
1182 1304 1299 1331 Zosares
1315 1303 1396 1331 annis
1413 1310 1459 1329 xx.

1066 1350 1149 1378 XXV.
1171 1350 1332 1386 Lamprides
1349 1350 1429 1377 annis
1448 1357 1513 1376 xxx.

1066 1397 1161 1425 XXVI.
1184 1397 1322 1424 Mithraeus
1340 1396 1421 1423 anuis
1436 1403 1521 1422 XXVII.

1066 1443 1174 1471 XXVII.
1198 1443 1336 1470 Taulanes
1352 1441 1431 1468 aniiis
1446 1448 1520 1467 xxxi.
1541 1439 1619 1465 Anno
1637 1437 1775 1464 Tautanis
1786 1434 1825 1464 vi-

1033 1492 1134 1518 cesimo
1148 1490 1245 1525 quinto
1262 1489 1329 1516 urbs
1344 1488 1422 1515 Ilium
1438 1491 1516 1521 capta
1535 1490 1585 1513 est.

1067 1535 1187 1564 XXVIII.
1208 1535 1335 1563 Teuticus
1347 1534 1427 1560 annis
1442 1541 1485 1560 xi..

1068 1581 1162 1608 XXIX.
1183 1581 1321 1608 Otheneus
1334 1579 1414 1607 annis
1426 1586 1489 1606 xxx.

1070 1627 1153 1656 XXX.
1179 1627 1320 1663 Dercyllus
1336 1626 1416 1654 annis
1436 1633 1479 1652 XL.

1068 1675 1163 1703 XXXI.
1182 1675 1308 1710 Eupalles
1333 1675 1412 1701 annis
1433 1680 1548 1700 xxxviii.
1565 1671 1674 1698 Tertius
1699 1677 1732 1697 ac
1747 1669 1826 1696 trice-

1034 1723 1120 1750 simus
1140 1722 1223 1756 hujus
1242 1729 1330 1748 annus
1350 1720 1446 1747 incidit
1470 1719 1496 1746 in
1523 1724 1650 1754 quartum
1669 1716 1825 1744 Solomonis

1035 1777 1135 1796 aniium
1152 1773 1234 1803 atque
1248 1768 1274 1794 in
1292 1767 1385 1802 templi
1398 1765 1547 1801 opiﬁcium.

1069 1814 1176 1841 XXXII.
1197 1811 1381 1841 Lavos‘tlieiics
1408 1812 1488 1839 annis
1518 1819 1578 1837 ην.
1611 1809 1686 1837 Gens
1714 1808 1825 1837 Iudaica

1035 1861 1157 1889 bifariam
1174 1860 1312 1887 dividitur.

1070 1907 1186 1934 XXXIII.
1206 1906 1345 1941 Pei'tiages
1362 1905 1418 1940 (79.)
1435 1904 1513 1932 anuis
1525 1912 1588 1930 xxx.

1069 1953 1189 1982 XXXIV.
1210 1953 1342 1988 Oplirates
1355 1953 1434 1979 annis
1449 1960 1495 1979 xx.

1068 2000 1176 2027 XXXV.
1195 2000 1365 2035 Ophratanes
1378 1999 1458 2026 annis
1472 2007 1497 2026 L.

1071 2047 1189 2073 XXXVI.
1212 2046 1358 2081 Aerapales
1374 2045 1454 2072 annis
1471 2052 1537 2070 xi.ii.

1069 2093 1200 2120 XXXVII.
1221 2093 1352 2120 Tlionnus
1363 2091 1542 2122 Concoleriis,
1555 2089 1647 2116 Cra-ce
1658 2087 1751 2116 dictus
1761 2087 1825 2115 Sar-

1035 2139 1204 2174 danapallus,
1220 2138 1299 2165 aiiiiis
1312 2145 1357 2164 xx.

1071 2184 1097 2211 3.
1119 2183 1332 2217 Sardanapallus
1348 2182 1392 2209 hic
1408 2181 1564 2208 tricesimus
1579 2183 1712 2214 septimus
1728 2187 1743 2206 a
1760 2178 1824 2206 Belo

198 2222 374 2250 Mestraimo:
393 2225 510 2258 primum
525 2228 597 2252 enim
623 2227 695 2262 apud
710 2236 740 2255 se
756 2228 893 2256 hominem
906 2230 984 2256 aiunt
1001 2229 1021 2255 Ι)
1038 2229 1097 2260 fuit,
1110 2237 1257 2263 regumque
1272 2227 1445 2262 Assyriorum
1461 2231 1624 2261 postremus.
1647 2225 1720 2251 Idem
1748 2225 1826 2251 volu-

199 2269 285 2296 fuisse
299 2268 462 2296 Vulcanum.
478 2281 486 2295 ι

231 2313 259 2341 2.
280 2314 351 2350 Ergo
367 2323 398 2342 ex
416 2316 467 2342 hoc
479 2316 546 2351 Lipso
562 2318 627 2345 uelo
649 2323 741 2346 noster
759 2320 836 2348 liicce
852 2326 986 2350 tractatus

198 2361 368 2388 inclioandiis
382 2365 434 2390 est.

233 2406 254 2435 Ι.
272 2407 352 2435 Belus
367 2408 503 2436 universis
516 2409 586 2437 Asiae
603 2411 761 2445 provinciis,
780 2417 876 2447 piaeter
892 2413 983 2447 Indos,

198 2453 354 2481 dominatur
368 2455 446 2482 annis
457 2464 512 2482 i.xn
528 2457 597 2491 (68).

233 2498 265 2528 ιι.
285 2499 372 2528 Ninus
387 2501 450 2528 item
466 2507 528 2536 post
547 2503 639 2530 Belum
660 2505 739 2533 annis
757 2513 804 2532 ιιι.
824 2505 887 2533 Nini
901 2507 984 2541 hujus

199 2545 407 2581 quadragesimo
432 2552 530 2582 quarto
559 2556 631 2575 anno
654 2550 824 2578 Abraliamus
851 2560 867 2579 a
895 2550 984 2579 Thara

198 2592 306 2626 genitus
320 2596 372 2620 est.

228 2637 276 2665 '-Ill.
298 2637 457 2667 Samiramis
474 2640 535 2667 Nini
548 2641 647 2676 conjux
664 2642 742 2669 annis
760 2651 825 2670 xui.

243 2718 290 2753 65)
306 2719 349 2746 Al.
366 2721 440 2752 cod.,
457 2729 548 2748 XXXVI.

246 2753 291 2787 66)
304 2755 380 2782 I'iinc
390 2756 498 2783 titulum
513 2758 613 2784 habent
624 2757 744 2785 codices.

246 2788 291 2824 G7)
309 2789 392 2822 Hist,
406 2800 423 2819 i.
436 2790 463 2818 6.

248 2825 291 2867 ΕΞ)
313 2826 392 2867 θυεη
408 2827 446 2867 De
456 2831 504 2857 σίυη
520 2829 575 2864 Dei,
590 2839 645 2867 XVI,
661 2831 799 2867 t7,serili3i
815 2838 876 2859 va.

247 2857 291 2890 69y
311 2857 442 2896 A..'c'od.,
463 2870 511 2891 LII.

1037 2276 1130 2310 ptarite
1145 2275 1264 2301 mollitia:
1279 2273 1446 2307 luxuriatque
1458 2272 1548 2300 studio
1572 2276 1686 2299 cunctos
1708 2271 1756 2305 qui
1774 2271 1825 2298 sibi

1037 2323 1231 2355 praecesserant
1249 2318 1397 2353 superavit.
1413 2316 1595 2350 Quamobrem
1612 2315 1749 2343 Varnaees
1765 2316 1825 2350 qui-

1037 2365 1109 2398 dam,
1128 2367 1216 2400 patria
1233 2364 1336 2396 Medus,
1349 2363 1431 2390 homo
1441 2363 1545 2389 viribus
1556 2362 1718 2397 egregioqiie
1733 2362 1824 2388 animo

1036 2411 1175 2447 praeditus,
1192 2419 1253 2438 eum
1272 2410 1411 2438 Medorum
1426 2409 1482 2436 dux
1497 2413 1579 2441 esset,
1598 2416 1724 2443 unusque
1740 2416 1773 2435 ex
1790 2408 1824 2434 iis

1036 2460 1081 2494 qui
1098 2459 1130 2485 ad
1153 2459 1247 2485 urbem
1264 2457 1363 2485 Ninum
1380 2456 1527 2491 quotannis
1544 2455 1689 2483 veniebant
1707 2455 1826 2482 ducatus

1036 2510 1120 2530 causa
1141 2502 1306 2535 exercendi;
1324 2502 1358 2533 is,
1377 2501 1499 2536 inquam,
1516 2501 1626 2535 cognito
1648 2500 1719 2535 regis
1741 2507 1826 2534 pravo

1037 2550 1155 2585 ingenio,
1173 2549 1275 2576 amicos
1301 2548 1350 2575 sibi
1371 2547 1530 2575 liberalitate
1554 2547 1686 2579 devinxit,
1709 2546 1826 2573 Belesiiu

1037 2596 1065 2622 in
1083 2595 1180 2630 primis
1201 2601 1337 2621 summum
1357 2594 1454 2621 ducem
1479 2593 1699 2628 Babyloniorum,
1714 2593 1827 2627 quicum

1034 2641 1104 2667 inita
1120 2641 1249 2667 societate
1265 2639 1491 2674 Sardanapallum
1508 2639 1663 2671 debellavit,
1682 2639 1729 2674 qui
1751 2645 1826 2666 sece-

1069 2723 1127 2757 (ἿΟ)
1150 2723 1186 2749 lla
1214 2723 1295 2749 etiam
1310 2722 1455 2750 Eusebius.
1474 2722 1546 2750 Idem
1561 2727 1652 2750 tamen
1674 2721 1751 2753 alibi,
1775 2722 1824 2747 As-

1036 2759 1154 2785 canities.

1071 2794 1127 2827 (Ἠ)
1144 2793 1256 2825 Euseb.,
1271 2793 1411 2821 Beloc/m5.

1072 2828 1127 2863 (Ὠ)
1145 2829 1181 2856 IJ.
1188 2850 1194 2861 ,
1211 2828 1367 2855 Periltadcs.
