1911 3136
85 148 134 175 €25
445 148 617 175 SAMUELIS
632 148 790 177 ANIENSIS
812 149 983 177 SUMMARII
1003 145 1195 176 TEMPORUM
1209 147 1299 175 PARS
1317 146 1336 175 1.
1650 147 1701 175 626

86 208 147 235 dens
162 207 188 237 in
202 207 303 243 regiam
316 207 441 235 incendio
455 213 539 236 semet
552 210 690 237 cremavit.
708 209 776 237 Tum
791 210 862 237 Bele-
877 215 898 243 Α
948 210 974 238 5.
995 209 1072 237 Nunc
1089 217 1137 244 age
1151 209 1290 236 Medorum
1306 215 1384 243 rcges
1395 213 1572 242 exponamus.
1590 205 1702 235 Exstin-

87 255 133 281 sim
146 253 274 289 Babyloni
289 261 379 289 regem
413 255 543 289 imposuit
554 255 701 287 Varbaces,
716 256 863 291 itidemque

86 299 220 326 Parmrum
247 305 369 327 nostrum
397 305 508 335 propter
531 301 581 328 sibi
603 305 727 328 navatam
753 310 862 337 operam

87 345 232 372 diademate
257 347 363 373 ornavit
384 346 460 381 (75);
485 346 542 381 ipse
571 351 660 374 autem
690 347 863 383 Assyriorum

87 389 116 416 ad
131 389 221 417 Medos
244 390 383 418 transtulit
406 390 560 425 imperium.
587 390 655 418 Exin
679 392 862 426 interregnum

87 440 138 463 erat
151 444 236 471 usque
252 437 284 463 ad
299 436 437 464 Medorum
450 445 540 472 regem
555 437 679 472 Dejocem
702 437 864 465 lntermedio

88 486 199 517 tempore
212 482 329 510 Chaldaei
350 491 440 510 rerum
459 484 535 518 potiti
556 488 638 516 sunt;
662 492 776 518 quorum
797 488 864 511 tem-

88 535 145 562 pora
162 531 188 554 et
201 528 390 555 successiones
405 536 466 556 cum
487 529 544 556 suis
558 529 739 564 peculiaribus
755 530 864 565 regibus

88 572 191 599 scorsim
208 572 375 600 scribuntur.

117 618 141 645 4.
161 617 208 645 Hic
221 627 287 653 ergo
302 618 512 655 Babyloniorum
526 628 604 655 reges
621 626 766 656 ponantur.

117 663 136 690 l.
155 663 228 690 Phua
253 665 333 692 annis
360 673 415 692 xvt.
439 665 526 701 Hujus
550 671 628 693 sexto
659 665 764 693 decimo
794 673 865 692 anno

89 710 167 744 prima
182 710 314 746 olympias
331 716 391 738 acta
404 716 456 739 est.

120 754 148 782 ll.
166 755 424 791 Thaglatphalsarus
439 757 518 785 annis
533 766 618 785 xxvu.
632 758 657 786 is
670 759 749 786 tertio
760 759 865 786 decimo

91 808 153 828 anno
170 809 329 837 progressus
349 802 377 830 in
392 801 511 830 Iudaeam
523 824 530 837 ,
544 805 678 839 potiorem
694 804 754 839 ejus
768 804 867 832 incola-

91 854 142 873 rum
157 850 258 881 partem
271 847 405 882 captivam
421 844 543 876 abduxit.

914 260 959 283 cto
973 255 1168 290 Sardanapallo
1181 254 1283 289 primus
1296 253 1417 288 regnavit

950 301 969 328 Ι.
993 300 1129 328 Varbaces
1145 300 1222 327 annis
1238 308 1332 327 xxvut.

948 346 981 374 ll.
1003 346 1149 374 Sosarmus
1164 346 1243 373 annis
1260 354 1324 373 xxx.

951 391 994 419 lll.
1014 391 1144 418 Mamicar
1158 391 1236 418 annis
1250 398 1292 418 XL.

949 437 994 466 ιν,
1014 437 1161 465 Cardiceus
1175 437 1254 464 annis
1269 445 1329 464 xm.

948 483 981 511 V.
1002 483 1117 518 Dejoces
1133 483 1212 510 annis
1231 491 1284 509 LIV.
1301 482 1350 510 Hic
1365 482 1500 510 Ecbatana
1513 482 1644 511 condidit.

952 528 995 556 Vl.
1016 528 1163 555 Phraortes
1176 526 1254 554 annis
1269 535 1347 556 xxiv.

951 574 1006 601 Vll.
1026 575 1163 610 Cyaxares
1179 573 1259 600 annis
1274 581 1359 600 xxxii.

952 619 1019 647 Vlll.
1040 619 1198 654 Asdahages
1210 618 1289 645 annis
1303 626 1418 645 xxxvtn.

952 665 1029 693 Hunc
1042 664 1179 693 interfecit
1189 664 1320 699 Tigranes
1332 664 1466 691 Haieanus
1481 663 1536 698 (77)
1547 662 1618 698 Cyro
1633 661 1698 690 Fer.

918 720 953 740 sae
965 711 1066 739 findere
1080 712 1202 746 junctus.
1212 710 1373 745 Quanquam
1386 709 1519 737 Eusebius
1530 708 1584 745 (78)
1600 708 1698 744 aliique

917 758 1041 786 historici
1056 757 1190 792 dejectum
1205 756 1374 791 Asdabagcm
1389 756 1423 783 ab
1433 763 1487 783 uno
1497 755 1568 791 Cyro
1580 755 1669 787 aiunt,
1683 763 1697 781 a

917 812 970 839 quo
982 803 1120 831 Medorum
1137 810 1245 837 quoque
1261 810 1372 837 regnum
1384 803 1520 830 sublatum
1533 806 1590 830 est:
1603 802 1699 830 nihilo-

918 850 1008 876 minus
1019 848 1170 883 Moses(79)
1182 848 1280 875 caedem
1295 848 1444 883 Asdahagis
1456 856 1471 875 a
1480 848 1596 883 Tigrane
1606 852 1699 883 patra-

119 891 160 919 lll.
182 892 391 922 Salmanasarus
408 894 527 930 Assyriis
551 895 687 928 imperavit
706 895 785 922 annis
805 903 860 922 xvt.
877 908 899 935 Β
913 900 967 922 tam
982 895 1073 923 refert.
1101 895 1127 921 ld
1156 899 1246 921 autem
1276 894 1423 921 verisimile
1452 895 1541 921 evadit
1563 894 1596 921 ob
1622 895 1698 928 plura

91 938 112 965 ls
125 939 182 965 item
203 939 286 966 tertio
310 939 385 975 regni
408 940 450 967 sui
475 948 556 974 anno,
579 945 675 968 octava
698 941 862 977 Olympiade,

91 983 172 1010 decem
189 984 314 1012 tribubus
326 985 351 1012 in
365 985 547 1021 captivitatem
563 986 722 1021 dcpmtatis,
736 986 865 1013 Samaria:

91 1036 191 1063 regnum
205 1029 314 1057 delevit.

121 1074 159 1102 lV.
180 1075 389 1105 Seneeherimus
404 1077 522 1114 Assyriis
541 1078 678 1112 imperavit
693 1077 772 1105 annis
787 1085 863 1104 xrm.

92 1120 113 1148 ls
136 1120 261 1150 adversus
292 1122 478 1159 Hierosolyma
505 1123 707 1158 expeditionem
733 1123 863 1157 suscepit,

91 1165 228 1202 Judaaaaque
243 1168 326 1195 urbes
342 1169 458 1196 obsedit.
474 1169 516 1196 Ab
535 1169 588 1196 hoc
604 1169 635 1195 ad
651 1167 866 1196 Nabuchodono-

93 1220 173 1240 sorum
210 1214 335 1242 historici
371 1215 559 1243 Chaldaeorum
596 1222 683 1242 annos
721 1220 866 1242 numerant

92 1267 197 1287 txxxrtu
222 1261 292 1295 (7i).
319 1260 397 1296 Apud
422 1262 531 1289 eosdem
554 1266 616 1296 post
643 1260 865 1289 Senecherimum

92 1306 207 1335 scribitur

121 1352 149 1380 γ.
167 1353 322 1382 Asordanes
338 1354 409 1383 ﬁlius
425 1355 484 1390 ejus
501 1354 580 1383 annis
595 1364 654 1384 vni.

121 1397 160 1426 Vl.
179 1400 281 1427 Asodes
299 1400 355 1435 (75)
369 1401 448 1428 annis
461 1409 516 1427 xxi.

122 1443 172 1471 \'ll.
192 1444 287 1472 Frater
302 1445 359 1481 ejus
372 1445 451 1474 annis
466 1454 528 1478 xxi,

122 1490 182 1517 Vlll.
202 1490 409 1526 ﬂabupalsarus
426 1492 506 1520 annis
520 1501 557 1521 ιιι.

120 1537 161 1564 l'X.
179 1537 361 1566 Marudachus
377 1538 511 1566 Baldanes
526 1539 606 1567 annis
621 1548 647 1567 x.

916 950 976 977 qua:
1000 941 1178 974 acciderunt,
1207 945 1319 976 propter
1350 942 1438 968 somni
1466 941 1570 968 scilicet
1595 941 1696 972 visum,

915 990 1091 1024 dolosamque
1108 988 1260 1022 Asdahagis
1286 987 1486 1015 simulationem
1509 995 1562 1021 qua
1583 987 1635 1014 sibi
1653 986 1700 1013 'l‘i-

916 1036 1008 1071 granis
1022 1043 1143 1063 sororem
1161 1035 1333 1061 matrimonio
1344 1034 1522 1068 copulaudam
1536 1038 1678 1060 curaverat
1691 1042 1697 1059 :

915 1083 958 1108 cui
974 1081 1072 1108 mentis
1084 1087 1192 1116 quoque
1207 1087 1263 1107 sure
1282 1080 1432 1106 consilium'
1445 1086 1574 1106 arcanum
1591 1086 1699 1106 resera-

916 1126 964 1152 vit.
978 1125 1017 1153 Re
1037 1130 1127 1152 autem
1147 1125 1283 1152 intellecta
1300 1124 1442 1159 Tigranes,
1461 1124 1532 1158 quod
1559 1124 1698 1151 somnians

915 1172 1031 1203 viderat,
1051 1171 1148 1198 diurna
1165 1171 1225 1197 luce
1239 1174 1386 1197 exsecutus
1399 1174 1451 1196 est.
1470 1169 1497 1196 ld
1518 1173 1607 1197 tamen
1626 1170 1697 1197 haud

917 1217 1034 1244 absurde
1049 1216 1121 1252 Cyro
1135 1216 1186 1250 ipsi
1200 1215 1330 1242 tribuitur
1342 1223 1349 1241 :
1364 1223 1423 1240 cum
1437 1215 1507 1241 enim
1517 1214 1610 1242 eadem
1621 1219 1699 1242 aetate

917 1262 997 1289 ambo
1013 1262 1141 1294 vixerint,
1158 1264 1184 1288 et
1198 1259 1307 1295 quidem
1324 1260 1456 1293 Tigranes
1473 1261 1603 1287 societate
1620 1269 1696 1287 com-

917 1308 1006 1335 militii
1022 1307 1094 1344 Cyro
1115 1308 1258 1335 devinctus
1278 1307 1368 1338 fuerit,
1385 1306 1505 1341 ejusdem
1536 1308 1694 1335 mandatum

917 1355 1062 1382 exhaurire
1078 1355 1154 1382 visus
1170 1358 1222 1382 est.

953 1399 980 1426 6.
1014 1399 1109 1435 Agesis
1131 1400 1184 1427 hoc
1204 1400 1265 1427 loco
1290 1399 1426 1435 Lydorum
1451 1406 1560 1434 quoque
1587 1407 1699 1435 regnum

918 1445 1007 1480 placet
1028 1446 1174 1473 collocare.
1209 1447 1289 1473 Anno
1315 1444 1437 1473 Sosarmi
1460 1445 1600 1473 Medorum
1628 1446 1699 1480 regis

917 1491 1078 1519 duodecimo
1094 1492 1226 1527 Olympias
1243 1491 1330 1527 prima
1346 1495 1456 1527 peracta
1469 1496 1511 1519 est
1521 1512 1528 1524 ,
1551 1492 1701 1526 eodemque

919 1544 991 1565 anno
1012 1537 1118 1572 primus
1133 1537 1205 1572 apud
1217 1537 1306 1573 Lydos
1320 1539 1444 1573 regnavit

121 1581 151 1609 Χ.
174 1582 460 1611 Nabuchodonosorus
484 1584 581 1612 deinde
609 1585 689 1612 annis
718 1593 804 1617 xuii,
832 1583 899 1612 abC
951 1581 973 1610 Ι.
1012 1582 1134 1618 Ardysus
1149 1583 1266 1618 Alyattte
1279 1582 1361 1610 annis
1384 1589 1477 1610 xxxvt.

93 1627 230 1663 olympiade
248 1629 368 1657 secunda
389 1637 472 1665 supra
490 1630 734 1666 quadragesimam.
753 1631 777 1659 ls
795 1639 866 1659 anno

94 1673 220 1702 Eliachimi
254 1675 363 1703 decimo
391 1675 500 1704 Iudaeos
533 1677 560 1704 in
594 1685 670 1704 suam
704 1681 865 1712 potestatem

93 1720 192 1756 redegit,
209 1727 370 1758 partemque
384 1722 541 1750 eorumdem
561 1724 706 1750 maximam
725 1723 866 1751 famulatui

93 1766 256 1795 addicendam
272 1768 396 1796 abduxit.
419 1767 488 1795 Tum
502 1768 583 1796 etiam
601 1769 739 1796 Danielem
758 1773 867 1804 tresque

94 1819 179 1845 pueros
194 1813 311 1841 triennio
321 1817 383 1848 post
398 1823 405 1841 :
421 1821 518 1841 rursus
530 1814 603 1841 enim
618 1814 702 1846 venit,
718 1814 867 1850 ipsumque

94 1854 247 1885 loaehimum
264 1859 356 1886 avexit
370 1859 516 1894 captivum.
532 1859 599 1887 Cum
618 1860 675 1894 jam
690 1868 791 1887 annum
812 1864 867 1888 ter-

94 1902 151 1928 tium
166 1911 245 1938 supra
259 1904 421 1932 vicesimum
437 1908 563 1939 regnaret
579 1903 865 1939 Nabuchodonosorus,

94 1944 266 1982 Hierosolyma
283 1954 361 1985 capta
375 1953 439 1977 sunt
455 1959 462 1977 :
480 1950 605 1985 quintum
616 1954 704 1978 autem
719 1955 779 1985 post
796 1959 868 1978 meu.

94 1999 142 2019 sem
177 1995 303 2030 princeps
335 1996 483 2023 satellitum
515 1995 728 2024 Nabuzardanes
767 1998 867 2033 templo

95 2046 172 2076 Ignem
191 2041 317 2076 subjecit.
338 2040 474 2069 Vicesimo
497 2041 614 2078 denique
632 2042 755 2070 Iudaica:
783 2045 867 2078 capti-

96 2083 175 2112 sitatis
186 2094 254 2113 anno
266 2085 553 2115 Nabuchodonosorus
567 2089 622 2115 vita
636 2088 772 2116 discessit.
782 2088 866 2123 Cujus

95 2136 118 2156 ιιι
130 2130 212 2158 locum
227 2133 393 2160 substitutus
409 2137 451 2161 est
466 2133 538 2161 (ilius
552 2134 672 2168 ejusdem

125 2175 166 2202 Xl.
194 2175 332 2210 Baltasar,
364 2178 408 2213 qui
437 2182 463 2205 et
489 2178 696 2207 llmarudacbus
725 2181 803 2207 annis
836 2188 864 2208 ιι.

97 2216 186 2247 Deinde

124 2263 175 2292 Xll.
194 2267 325 2302 Astyages
351 2267 406 2303 (76)
435 2275 507 2296 anno
534 2277 553 2296 ι.
584 2269 607 2296 ls
636 2277 682 2297 eas
710 2270 814 2297 litteras
838 2270 866 2297 in

97 2310 186 2342 pariete
197 2316 323 2339 exaralas
338 2312 405 2339 vidit
421 2320 490 2348 quas
503 2313 594 2340 Daniel
608 2314 800 2348 interpretatus
814 2320 864 2343 est.

126 2354 188 2384 Xlll.
209 2357 308 2386 Darius
323 2358 420 2386 Medus
435 2360 515 2387 annis
531 2368 566 2387 tv.

126 2401 188 2430 XIV.
208 2403 304 2433 Darius
320 2404 441 2432 Arsaviri
457 2406 536 2432 annis
552 2413 591 2432 ιιι.

125 2445 185 2475 Exin
198 2450 333 2477 sublatum
350 2453 393 2477 est
409 2449 615 2485 Babyloniorum
633 2451 785 2485 imperium.

193 2578 258 2606 Vide
271 2579 371 2607 Mosem
381 2577 476 2611 Chor.,
488 2578 560 2607 Hist.
574 2586 593 2610 ι,
607 2579 651 2611 21,
664 2584 690 2606 et
702 2580 864 2612 Samuelem,

99 2613 292 2680 “(’74-)ltonfer
308 2649 465 2680 Eusebium,
482 2656 501 2679 ι,
516 2648 542 2681 5,
564 2648 591 2675 2.

129 2681 181 2751 (75)
194 2684 235 2710 Al.
250 2684 324 2718 cod.,
340 2685 491 2720 Asamoges.

129 2717 170 2749 (ιϐ
203 2717 241 2745 lta
264 2719 315 2746 hoc
336 2719 406 2751 loco,
421 2720 568 2751 Auyages;
590 2724 616 2747 at
639 2719 718 2747 inferi

100 2717 181 2784 “(9:2)
203 2717 241 2745 lta
264 2717 319 2746 hoc
336 2719 406 2751 loco,
421 2717 568 2755 AVuyages;
590 2724 616 2747 at
639 2719 764 2754 inferius,
781 2721 868 2748 Asda-

130 2786 180 2820 (Ἱῖ)
198 2787 233 2814 Ita
256 2789 374 2817 Armenii
387 2790 504 2825 primum
521 2790 593 2818 hunc
608 2790 750 2825 Tigranem
771 2792 867 2820 distin-

101 2827 178 2862 guunt
186 2831 204 2862 a_
215 2825 409 2862 posterioribus
421 2826 515 2861 stirpis
528 2826 729 2854 Arsacidarum.

132 2857 181 2891 (78)
197 2857 252 2885 Lib.
270 2866 289 2891 ι,
306 2859 347 2892 15,
363 2860 388 2886 7.

952 1627 984 1655 ll.
1006 1628 1128 1664 Alyattes
1143 1629 1222 1657 annis
1240 1637 1295 1657 xiv.

952 1673 996 1700 lll.
1019 1674 1101 1702 Meles
1115 1675 1195 1703 annis
1212 1684 1261 1702 xu.

954 1719 999 1747 IV.
1020 1720 1173 1749 Candaules
1189 1728 1255 1748 xvu.

949 1765 1097 1794 Candaulis
1113 1766 1195 1801 hujus
1213 1767 1355 1795 historiam
1370 1772 1463 1794 narrat
1473 1765 1698 1801 Herodotus(80),

918 1820 1014 1848 nempe
1033 1813 1105 1849 quod
1122 1814 1145 1841 is
1160 1813 1244 1841 nimio
1257 1822 1320 1850 erga
1343 1822 1420 1843 suam
1442 1814 1582 1849 conjugem
1610 1813 1700 1840 studio

916 1858 1087 1890 elatus,banc
1101 1859 1261 1886 feminarum
1275 1860 1396 1887 omnium
1413 1859 1621 1895 pulcherrimam
1643 1858 1701 1885 exi-

917 1904 1082 1937 stimaverit,
1109 1905 1290 1940 nudatamque
1309 1906 1430 1934 vestibus
1456 1904 1523 1940 Gygi
1549 1905 1619 1931 clam
1653 1904 1701 1931 de-

917 1951 1109 1978 monstraverit
1124 1960 1131 1984 ;
1149 1959 1203 1986 qua
1219 1951 1367 1986 ignominia
1394 1952 1503 1986 sapiens
1514 1958 1583 1977 uxor
1600 1949 1635 1977 ad
1647 1950 1701 1976 ira-

918 1995 1045 2026 cundiam
1060 2000 1195 2023 commota
1219 1997 1399 2024 occidendum
1426 1996 1573 2028 curaverit,
1595 1995 1701 2030 sibique

917 2041 1005 2069 virum
1019 2041 1164 2071 adsciverit
1182 2041 1293 2077 Gygem.
1414 2043 1418 2047 ‘

953 2086 985 2113 V.
1005 2086 1092 2122 Gyges
1103 2088 1182 2115 annis
1198 2095 1291 2115 xxxvt.

954 2131 997 2158 Vl.
1018 2132 1106 2167 Ardys
1117 2133 1195 2159 annis
1212 2140 1326 2160 xxxvm.

953 2177 1009 2206 V.ll.
1030 2177 1169 2206 Sadiartes
1195 2178 1275 2206 annis
1290 2186 1335 2206 xv.

954 2224 1012 2251 \‘lll
1043 2225 1163 2260 Alyattes
1176 2225 1257 2252 annis
1273 2232 1347 2252 χιιι.

953 2269 999 2297 IX.
1019 2269 1131 2297 Croesus
1148 2270 1226 2297 annis
1248 2278 1292 2297 xv.

955 2313 1005 2340 Hic
1021 2321 1093 2340 anno
1118 2313 1181 2348 Cyri
1206 2313 1412 2348 quartodecimo
1432 2313 1532 2340 dicitur
1557 2313 1592 2339 ab
1605 2313 1700 2340 eodem

917 2358 988 2393 Cyro
1012 2357 1181 2385 interfectus.
1199 2357 1235 2384 Ita
1248 2357 1383 2392 Lydorum
1397 2364 1511 2392 regnum
1527 2357 1631 2383 finitum
1649 2360 1701 2383 est.

916 2404 1105 2430 Armeniorum
1130 2408 1219 2437 tamen
1233 2403 1379 2432 historicus
1394 2402 1480 2430 Moses
1507 2402 1631 2430 Crmsum
1658 2409 1702 2428 ca-

920 2454 995 2484 ptum
1013 2449 1239 2483 interfectumque
1253 2449 1287 2483 ab
1302 2449 1450 2477 Artaxerxe
1469 2448 1569 2482 Partho
1584 2449 1638 2483 (8|)
1652 2448 1699 2479 ait,

956 2582 1010 2614 (79)
1030 2581 1114 2613 Hist,
1128 2589 1152 2613 ι,
1165 2580 1209 2608 28.

955 2616 1010 2652 (80)
1030 2616 1086 2652 Hac
1104 2624 1186 2652 super
1207 2623 1237 2652 re
1256 2616 1391 2643 recolatur
1413 2616 1496 2652 Musis
1516 2613 1700 2652 Qborenensis

920 2649 1037 2679 locus'in
1054 2649 1172 2678 Eusebio
1186 2651 1218 2677 ad
1235 2651 1498 2678 annum.Abrahami
1512 2651 1576 2677 tam
1590 2657 1606 2676 a
1621 2649 1701 2675 nobis

919 2688 1030 2715 relatus.
1051 2686 1083 2713 Et
1098 2686 1206 2721 quidem
1219 2685 1327 2713 Samuel
1342 2694 1356 2713 a
1369 2686 1451 2713 Mosis
1463 2688 1700 2721 progymnasmate

918 2723 1009 2757 potius
1026 2720 1114 2757 quam
1127 2722 1161 2748 ab
1178 2721 1313 2749 Herodoto
1330 2725 1469 2749 mutuatus
1483 2721 1553 2749 hanc
1574 2720 1701 2746 notitiam

918 2759 1032 2785 videtur.
1317 2764 1319 2767 ·

955 2793 1010 2826 (81)
1028 2792 1128 2819 Partho
1152 2794 1256 2822 scilicet
1277 2791 1460 2827 cognomine;
1481 2795 1539 2818 erat
1562 2789 1634 2817 enim
1657 2789 1701 2816 hic

919 2828 1051 2855 Armeniae
1068 2836 1123 2855 rex.
