1911 3136
214 151 264 179 627

744 148 916 176 APPENDIX
931 149 975 176 AD
996 148 1129 177 EUSEBII
1149 149 1354 178 CHRONICON.

1781 140 1832 167 δὲ’-8

215 210 328 245 ejusque
345 210 385 238 rei
405 209 558 244 complures
586 212 670 235 testes
696 208 814 240 invocat,
832 212 861 236 ut
882 209 909 235 in
937 208 996 244 ejus
1013 212 1034 240 Α
1086 209 1144 236 XII.
1178 208 1421 241 Archelausfannis
1431 215 1504 235 xxiv.

216 254 285 281 libro
299 255 354 290 (82)
373 255 462 282 videre
478 259 530 281 est.

251 301 277 329 7.
298 301 366 336 Ergo
381 301 431 327 hoc
446 304 535 335 pacto,
549 303 630 334 prout
638 300 896 331 narratur,suhlatis
911 300 996 334 Baby—

216 345 363 377 loniorum,
378 345 516 373 Medorum
546 346 737 382 Lydorumque
754 346 875 380 imperiis
901 350 997 381 regnat

249 391 269 419 I.
289 392 374 427 Cyrus
390 391 468 418 annis
485 399 550 418 xxx.
569 392 593 419 Is
608 392 697 426 primo
711 391 785 425 regni
804 392 846 418 sui
863 398 934 417 anno
948 390 996 418 .Iu-

215 436 298 464 daicaa
310 437 400 472 gentis
417 437 613 472 quinquaginta
629 437 714 464 millia
727 437 896 472 captivorum
916 437 997 463 Iiber-

215 487 269 510 tate
284 483 393 510 donavit
410 492 416 510 :
431 483 477 517 qui
492 483 603 517 quidem
623 482 812 517 Ilierosolyma
825 482 929 509 reversi
956 482 996 508 aI-

215 533 271 555 tare
287 529 483 560 excitaverunt,
501 529 648 563 templique
665 527 845 554 fundamenta
854 528 994 562 jecerunt:

214 573 285 607 quod
296 577 385 600 tamen
398 573 572 599 ﬁnitimarum
583 573 701 607 gentium
712 579 793 600 causa
806 571 996 607 imperfectum

213 618 338 645 manebat
357 626 443 652 usque
460 618 492 644 ad
512 618 619 644 Darium
632 617 782 652 Vestaspis.
798 617 924 653 Tomyris
941 617 996 644 Ma-

213 667 366 697 sagetarum
383 664 494 690 heroina
511 664 610 698 Cyrum
626 663 771 691 interfecit.

249 706 280 733 II.
301 707 449 742 Cambyses
468 709 547 735 anuis
561 716 598 735 ix.

248 753 292 781 III.
312 753 382 788 Magi
398 754 452 781 duo
467 754 565 782 fratres
581 753 722 782 mensibus
738 762 798 781 vm.

247 799 292 827 IV.
312 799 409 827 Darius
425 799 564 834 Vt-staspis
583 800 653 828 ﬁlius
665 800 743 827 annis
755 807 845 827 xxxvi.

245 844 329 880 Hujus
355 846 439 873 altero
455 854 526 873 anno
545 845 693 873 Zorobabel
714 846 843 880 templum
868 845 993 876 aediﬁcat,

1085 254 1155 281 XIII.
1177 254 1288 282 Orestes
1301 254 1381 281 annis
1397 261 1438 280 iii.

1085 300 1155 327 XIV.
1177 300 1327 327 Archelaus
1343 299 1422 327 annis
1445 306 1490 330 iii.

1081 345 1137 372 XV.
1153 347 1283 381 Amyntas
1298 353 1370 372 anno
1385 353 1403 371 ι.

1084 391 1155 419 XVI.
1176 391 1326 419 Pausanias
1341 398 1412 418 anno
1428 398 1446 416 i.

1083 437 1166 464 XVII.
1186 439 1317 473 Amyntas
1332 436 1410 464 annis
1423 444 1460 463 VI.

1081 484 1172 511 XVIII.
1191 484 1304 518 Argreus
1316 482 1395 509 annis
1406 490 1435 509 ii.

1085 530 1154 558 XIX.
1168 530 1299 565 Amyntas
1314 528 1394 556 annis
1408 535 1486 555 xviii.

1082 577 1141 603 XX.
1162 575 1314 603 Alexander
1333 582 1405 601 anno
1417 582 1436 601 i.

1081 622 1150 648 XXI.
1173 621 1333 648 Ptolemaeus
1348 620 1426 646 annis
1440 627 1475 645 iv.

1084 667 1166 695 XXII.
1187 666 1317 694 Perdicca
1330 665 1410 692 annis
1428 672 1464 692 iv.

1083 711 1177 739 XXIII.
1194 711 1337 745 Philippus
1352 709 1430 736 annis
1447 715 1520 734 xxvi.

1081 758 1174 785 XXIV.
1193 757 1346 785 Alexander
1363 755 1479 789 Philippi
1492 753 1571 780 annis
1597 759 1635 778 xii
1649 754 1678 778 et
1690 749 1831 778 mensibus

1045 813 1081 832 vi.
1095 804 1144 831 IIie
1158 804 1251 830 orbem
1268 806 1402 829 terrarum
1423 798 1608 833 compluribus
1628 796 1742 831 regibus
1762 795 1830 828 deje

1044 851 1096 878 clis
1108 849 1233 880 obtinuit,
1242 854 1380 881 annosque
1388 852 1461 872 xxxii
1469 847 1549 871 natus
1556 842 1692 878 Babylone
1702 841 1773 868 diem
1786 846 1830 867 su-

213 893 284 925 quod
301 898 374 918 anno
383 897 479 926 quarto
495 891 655 927 Olympiadis
669 891 770 926 quinta
784 899 866 926 supra
885 899 994 926 sexage-
1010 883 1033 914 Β
1047 902 1169 930 preuium
1191 893 1266 920 obiit.
1285 891 1389 918 Exinde
1403 889 1546 924 imperium
1563 887 1622 922 eius
1641 887 1715 914 inter
1739 886 1831 920 plures

213 939 309 965 simam
325 939 480 966 absolutum
499 943 550 966 est.

249 982 279 1010 V.
300 983 405 1011 Xerxes
418 983 491 1010 Darii
522 984 600 1011 annis
619 992 672 1011 xxt.

247 1027 292 1056 VI.
311 1028 466 1057 Artabanus
479 1030 619 1057 mensibus
645 1037 694 1057 νιι.

248 1073 304 1100 VII.
339 1075 456 1102 Artaxes
484 1075 669 1110 Longimanus
696 1076 775 1103 annis
793 1084 837 1103 XL.
867 1075 995 1102 Nonnulli

212 1119 354 1147 Estherem
366 1121 418 1148 sub
427 1121 478 1148 hoc
489 1121 629 1150 exstitisse
645 1122 736 1149 aiunt:
749 1122 823 1157 quod
833 1130 882 1158 ego
892 1128 994 1154 tamen,

211 1165 301 1199 inquit
331 1165 465 1194 Eusebius
482 1166 554 1202 (85),
582 1174 636 1193 non
657 1167 754 1202 probo,
776 1168 995 1202 quandoquidem

211 1211 304 1239 Esdrte
323 1212 386 1240 libri
399 1220 445 1247 per
457 1219 515 1240 eam
527 1216 635 1240 aetatem
650 1213 743 1248 scripti
763 1213 864 1240 nullam
885 1213 945 1248 ejus
957 1213 996 1239 rei

212 1258 377 1286 mentionem
394 1259 506 1285 faciunt.

248 1304 311 1331 VIII.
339 1304 442 1332 Xerxes
458 1305 596 1339 mensibus
611 1313 640 1332 ii.

246 1350 291 1376 IX.
318 1351 470 1386 Sogdianus
488 1344 629 1379 mensibus
646 1359 690 1379 VII.

247 1395 280 1422 X.
313 1395 411 1424 Darius
437 1396 544 1424 Nothus
562 1397 643 1424 annis
658 1405 717 1430 xix,
733 1397 767 1424 ab
781 1397 933 1432 Olympiade
948 1404 995 1423 oc-

210 1442 340 1476 togesima
359 1450 439 1470 nona.

247 1486 292 1514 XI.
311 1487 427 1515 Artaxes
442 1487 567 1515 Mnemon
581 1488 661 1515 annis
678 1495 721 1515 xi...
746 1487 802 1514 Sub
817 1488 869 1516 hoc
898 1487 996 1515 Esther

212 1532 275 1560 fuit.

250 1577 306 1605 XII.
328 1578 454 1610 Artaxes,
468 1578 515 1612 qui
543 1582 570 1605 et
597 1577 698 1610 Ochus,
715 1578 794 1605 annis
814 1586 888 1605 xxVI.

250 1624 318 1652 XIII.
340 1624 454 1652 Artaxes
468 1624 535 1652 Ochi
549 1625 629 1652 annis
643 1633 679 1653 iv.

247 1669 317 1697 XIV.
337 1669 435 1697 Darius
452 1672 558 1698 Arsami
574 1671 653 1698 annis
668 1679 705 1698 Vl.

249 1716 374 1744 Iliannos
389 1724 474 1745 ccxxx
492 1721 692 1752 occupaverunt
704 1717 770 1752 (84).
786 1716 852 1744 Exin
879 1717 995 1743 Alexan-

212 1760 260 1790 der
270 1759 379 1788 Macedo
388 1765 483 1796 regnat
490 1768 562 1788 anno
570 1762 657 1796 primo
671 1761 832 1797 Olympiadis
841 1762 995 1789 centesimae

213 1806 371 1838 undecimae.
399 1807 567 1842 septimoque
593 1809 669 1842 regni
683 1808 724 1835 sui
747 1816 819 1835 anno
832 1808 994 1843 Babylonem

211 1853 295 1887 capit,
310 1854 456 1889 occisoque
469 1853 551 1881 Dario
573 1853 719 1882 Persarum
752 1855 896 1889 imperium
913 1855 994 1883 delet.

248 1909 274 1937 8.
294 1909 371 1937 Nunc
401 1910 527 1944 quoniam
540 1910 566 1938 in
577 1911 721 1938 Alexandri
732 1911 994 1941 iiientionemincidi.

212 1955 287 1981 Iubet
301 1955 335 1982 ab
363 1955 467 1990 origine
496 1961 611 1984 cunctos
628 1955 804 1984 Macedonum
832 1964 908 1991 reges
934 1956 995 1983 huic

214 2001 315 2034 scripto
329 2002 499 2036 consignare.
511 2001 603 2037 Neque
618 2003 689 2030 enim
708 2003 860 2030 Alexander
877 2003 999 2031 Macedo-,

213 2055 278 2076 num
287 2055 335 2075 rex
350 2048 454 2082 primus
470 2048 529 2079 fuit,
541 2049 588 2076 sed
605 2053 719 2084 quartus
730 2057 811 2083 supra
827 2050 996 2084 vicesimum.

213 2092 268 2127 jam
290 2093 394 2128 primus
418 2093 594 2121 Macedonum
615 2102 662 2122 rex
680 2095 729 2121 fuit

249 2137 270 2164 I.
306 2138 428 2166 Caranus
445 2140 524 2167 annis
540 2148 605 2167 xxii.

248 2182 280 2209 II.
318 2183 419 2211 C(Bnus
435 2185 514 2212 anuis
527 2193 563 2211 xu

249 2229 293 2255 IIl.
314 2229 467 2264 Tyriminas
483 2231 562 2257 annis
579 2239 690 2258 XXXVIII.

249 2274 294 2301 IV.
315 2274 442 2302 Perdicca
464 2277 541 2303 annis
557 2284 591 2303 Li.

251 2319 282 2347 V.
304 2320 435 2355 Argelaiis
453 2322 533 2349 annis
551 2330 664 2349 xxxviii.

249 2365 293 2393 Vl.
311 2365 454 2401 Philippus
470 2368 549 2395 annis
572 2376 688 2396 xxxvui.

249 2409 306 2437 VII.
327 2410 434 2439 [Enetus
449 2412 505 2447 (85)
525 2413 604 2440 annis
621 2421 693 2440 xim.

249 2456 318 2484 VIII.
339 2457 446 2484 Alcetas
461 2457 541 2485 annis
553 2466 627 2486 xxix.

249 2503 294 2530 IX.
320 2505 450 2539 Amyntas
470 2504 549 2532 annis
561 2513 588 2532 ι..

248 2549 280 2576 X.
315 2549 467 2577 Alexander
483 2550 562 2578 annis
573 2558 646 2577 xLiv.

248 2595 294 2623 XI.
310 2595 439 2624 Perdicca
454 2596 543 2631 annis.
554 2604 650 2623 xxviii.

246 2693 303 2762 (82)
321 2693 404 2724 Ηὶδι..
423 2693 506 2725 ιι,12.

248 2729 293 2762 (8:)
320 2729 359 2755 Ad
379 2737 476 2756 annum
493 2729 504 2755 I

259 2728 303 2756 85)
320 2729 359 2755 Ad
379 2737 476 2756 annum
493 2728 570 2755 1555.

260 2763 304 2791 8-5)
321 2763 399 2799 Illinc
417 2772 525 2799 quoque
541 2771 684 2791 numerum
701 2764 734 2790 ab
749 2764 865 2791 Eusebio
879 2764 995 2792 desumit

219 2797 339 2834 Samuel.
352 2797 456 2833 Quippe
470 2797 603 2827 Eusebius
624 2799 693 2834 apud
716 2800 877 2830 Ccdrenuiu,
889 2808 914 2834 p.
935 2801 994 2831 I95.

227 2832 260 2869 A.
275 2833 368 2869 scribit
394 2832 410 2859 τι
424 2832 504 2869 Ἑγιο
532 2835 564 2861 ad
584 2832 767 2862 Alexandrum
795 2832 992 2862 annos‘ccxxx.

215 2866 377 2897 (lotifei‘atur
402 2866 489 2896 autem
515 2869 660 2897 Eusebiani
679 2878 772 2903 regum
795 2870 916 2898 Iaterculi
939 2871 993 2897 col.

1045 941 1161 968 divisum
1172 944 1224 966 est.
1238 938 1307 973 Ipsis
1315 937 1424 972 quidem
1439 935 1630 962 Macedonibus
1642 933 1761 967 imperat
1768 931 1829 957 Phi-

1045 986 1135 1020 lippus
1147 985 1192 1020 qui
1204 988 1231 1011 et
1243 983 1376 1015 Aridaaus;
1391 979 1561 1009 Alexandriae
1575 985 1640 1005 vero
1647 977 1759 1012 (Egypti
1770 976 1832 1002 Ηυ-

1045 1031 1155 1057 lenizeus
1171 1029 1250 1064 Lagi:
1262 1033 1318 1055 tum
1333 1027 1412 1054 annis
1427 1026 1545 1061 quinque
1555 1029 1614 1059 post
1624 1024 1743 1057 imperat
1754 1021 1831 1048 Asia-

1045 1076 1088 1104 nis
1105 1077 1256 1111 Antigonus
1270 1083 1278 1107 ;
1293 1073 1454 1102 duodecimo
1470 1071 1587 1106 denique
1608 1073 1671 1105 post
1684 1067 1831 1096 Alexandri

1046 1122 1149 1149 obitum
1167 1128 1240 1148 anno
1256 1119 1343 1155 Syris,
1359 1117 1488 1153 Babyloni
1516 1116 1656 1151 plagisque
1681 1113 1832 1148 superiori-

1046 1168 1098 1195 bus
1121 1167 1277 1193 dominatur
1288 1165 1420 1192 Seleucus
1439 1163 1567 1190 Nicanor.

1080 1213 1107 1241 9.
1127 1213 1184 1247 Age
1198 1219 1262 1239 vero
1272 1209 1493 1246 quandoquidem
1509 1208 1591 1234 hosce
1602 1203 1830 1233 commemoravi—

1044 1267 1116 1291 mus,
1132 1257 1302 1293 singulorum
1318 1262 1428 1290 quoque
1442 1253 1553 1281 nomina
1565 1251 1669 1286 scripto
1682 1248 1829 1284 complecti

1044 1314 1097 1333 non
1117 1305 1216 1340 pigeat.
1635 1341 1650 1343 η
1806 1338 1811 1343 ι

1080 1346 1233 1377 Alexandro
1255 1356 1270 1376 θ
1295 1347 1364 1374 vivis
1383 1348 1487 1380 erepto,
1501 1341 1697 1371 Macedonibus
1720 1341 1830 1376 proprie

1046 1397 1161 1430 imperat

1083 1439 1166 1466 XXV.
1187 1439 1340 1474 Philippus,
1353 1437 1400 1472 qui
1410 1439 1436 1464 et
1449 1435 1583 1465 Aridaaus,
1599 1432 1678 1465 annis
1692 1439 1742 1458 vii.

1082 1485 1175 1512 XXVI.
1197 1484 1335 1512 Casander
1347 1483 1426 1510 annis
1438 1489 1485 1509 XIX
1501 1479 1568 1516 (86).

1083 1531 1189 1560 XXVII.
1207 1530 1269 1557 Filii
1290 1530 1373 1564 hujus
1383 1528 1462 1559 annis
1473 1536 1509 1555 iv.

1007 1559 1026 1584 (³
1080 1575 1198 1603 XXVIII.
1220 1559 1372 1611 Demetrius
1388 1573 1467 1600 annis
1483 1581 1499 1600 ν
1517 1571 1585 1607 (37).

1080 1622 1174 1650 XXIX.
1195 1621 1317 1657 Pyrrhus
1333 1619 1472 1647 mensibus
1488 1626 1537 1645 vn.

1081 1667 1164 1696 XXX.
1185 1666 1363 1703 Lysimachus
1379 1666 1459 1693 annis
1474 1673 1489 1691 v
1506 1669 1534 1691 et
1545 1662 1687 1690 mensibus
1701 1668 1740 1688 vu
1763 1659 1826 1694 (88).

1080 1714 1175 1743 XXXI.
1195 1714 1356 1741 Ptolemaeus
1367 1713 1508 1740 Ceraunus
1515 1716 1585 1736 anno
1592 1717 1601 1736 1
1609 1712 1637 1736 et
1644 1707 1786 1735 mensibus
1793 1714 1826 1732 ix.

1082 1760 1189 1788 XXXII.
1211 1759 1345 1795 Meleager
1359 1758 1499 1786 mensibus
1513 1763 1543 1782 ιι.

1082 1806 1202 1834 XXXIII.
1221 1806 1367 1841 Antipater
1382 1805 1479 1832 diebus
1491 1810 1552 1830 XLV.

1080 1853 1198 1880 XXXIV.
1220 1852 1367 1880 Sosthcnes
1380 1850 1460 1877 annis
1483 1857 1514 1877 ii.

1084 1899 1191 1926 XXXV.
1218 1899 1370 1933 Antigonus
1382 1897 1503 1924 Gonatas
1517 1896 1596 1924 annis
1609 1903 1704 1923 xxxvi.

1081 1943 1202 1971 XXXVI.
1224 1943 1378 1970 Demetrius
1384 1942 1463 1969 annis
1480 1950 1506 1968 x.

1077 1988 1210 2016 XXXVII.
1230 1989 1384 2023 Antigonus
1399 1987 1478 2015 annis
1494 1995 1539 2015 xv.

1083 2035 1224 2062 XXXVIII.
1241 2035 1383 2070 Philippus
1398 2034 1477 2061 annis
1493 2041 1560 2061 χιιι.

1082 2080 1204 2108 XXXIX.
1221 2079 1337 2107 Perseus
1350 2081 1430 2106 annis
1446 2088 1471 2106 x.

1084 2125 1230 2153 Interfecto
1244 2125 1355 2157 Perseo.
1370 2124 1487 2151 Romani
1508 2125 1705 2154 Macedonibus
1719 2127 1828 2155 Iiberta-

1049 2177 1102 2199 tem
1118 2171 1247 2206 inipertiti
1261 2175 1335 2203 sunt,
1351 2171 1446 2205 eisque
1461 2171 1501 2198 sui
1513 2171 1583 2206 juris
1595 2179 1656 2199 esse
1686 2180 1829 2202 concesso-

1011 2228 1034 2257 υ
1049 2222 1112 2244 runt
1129 2218 1208 2245 annis
1223 2225 1267 2244 xtv
1279 2216 1346 2251 (89).

1079 2262 1133 2291 XL.
1154 2262 1248 2290 Falsus
1261 2263 1401 2298 Philippus
1415 2270 1486 2290 anno
1501 2270 1521 2289 ι.

1087 2308 1199 2336 Summa
1215 2315 1348 2336 annorum
1360 2315 1478 2336 nchvu.

1086 2367 1129 2394 I0.
1149 2365 1264 2394 Interest
1294 2370 1322 2393 et
1345 2369 1443 2393 caetera
1460 2373 1543 2401 regna
1565 2366 1731 2396 describere.
1753 2369 1828 2396 Anno

1050 2417 1111 2448 post
1134 2411 1281 2439 Alexandri
1292 2412 1347 2439 fata
1362 2411 1457 2446 quinto
1472 2413 1587 2448 imperat
1603 2414 1715 2442 Asianis

1078 2460 1098 2486 Ι.
1121 2460 1271 2493 Antigonus
1285 2458 1363 2485 annis
1375 2466 1450 2486 xvm.

1082 2504 1114 2532 II.
1134 2504 1287 2531 Demetrius
1302 2503 1468 2532 Poliorcetes
1484 2505 1562 2533 annis
1575 2514 1640 2533 xvii.

1085 2550 1234 2577 Amborum
1264 2550 1415 2577 dominatio
1444 2550 1589 2585 conjuncta
1614 2560 1702 2580 annos
1716 2557 1826 2588 occupat

1048 2604 1130 2623 xxxv.
1142 2595 1235 2630 Opera:
1254 2596 1369 2630 pretium
1398 2600 1441 2622 est
1454 2603 1502 2623 eos
1522 2597 1585 2623 item
1601 2598 1646 2632 qui
1663 2598 1706 2625 his
1722 2605 1827 2626 succes<

1049 2694 1110 2723 209.
1119 2701 1180 2720 cum
1198 2697 1261 2719 nota
1274 2693 1299 2720 ’5.

1085 2729 1139 2765 (85)
1155 2727 1202 2765 pic
1218 2727 1334 2762 {Emptis
1350 2729 1391 2765 vel
1406 2728 1532 2765 Λξῑνοραε.

1085 2762 1140 2798 (δῦ)
1157 2762 1295 2791 Vctustior
1307 2764 1404 2795 codex,
1418 2763 1600 2790 Catamander
1613 2765 1691 2793 annis
1705 2772 1756 2795 xx.

1084 2799 1139 2831 (87)
1154 2799 1194 2825 Al.
1209 2799 1280 2828 cod..
1297 2807 1338 2825 xv.

1083 2835 1136 2867 (88)
1155 2833 1316 2860 Conferalur
1335 2834 1467 2861 Eusebius
1484 2841 1502 2865 I,
1518 2834 1563 2866 38,
1578 2835 1603 2861 ι.

1086 2869 1141 2901 (80)
1155 2868 1200 2895 Dic
1217 2877 1258 2895 xix
1279 2877 1339 2895 cum
1357 2869 1482 2901 I'Iuscbio,
1500 2870 1551 2896 col.
1570 2870 1621 2896 “233
