1911 3136
73 137 133 167 633

115 194 260 230 Principes
274 196 346 230 quod
362 196 415 224 vita
432 202 553 225 maneret

114 240 213 269 XVIII.
231 240 320 269 Melon
337 242 375 278 (5)
393 243 472 270 annis
487 251 531 270 xx.

115 287 189 315 XIX.
206 288 324 316 Acastus
339 289 417 316 annis
434 297 526 316 xxxvi.

113 334 176 361 XX.
195 335 349 370 Archippus
363 335 442 363 annis
455 343 512 363 xix.

115 379 190 408 XXI.
204 379 373 416 Thersippus
387 382 467 409 annis
483 391 537 410 χιι.

114 424 202 453 XXII.
218 425 341 453 Phorbas
354 426 433 453 annis
445 435 519 454 xxxi.

115 471 216 498 XXIII.
231 472 361 507 Megacles
377 473 456 500 annis
471 481 536 500 xxx.

115 516 215 544 XXIV.
230 517 380 553 Diognetus
395 518 475 545 annis
488 526 586 546 xxviii.

112 563 199 591 XXV.
214 563 358 592 Pheracles
370 564 447 591 annis
461 572 519 595 xix.

112 608 213 636 XXVI.
230 608 366 643 Aripbron
380 609 459 636 annis
475 617 519 635 xx.

115 653 229 682 XXVII.
248 654 399 692 Thespieus
411 654 491 683 annis
507 663 595 681 xxvii.

115 699 237 727 XXVIII.
259 700 415 735 Agamestor
431 701 468 735 (4)
487 702 565 727 annis
581 709 624 727 xx.

114 745 215 772 XXIX.
234 745 380 782 Eschylus
392 747 470 773 annis
487 754 560 773 xxiii.

114 790 211 817 Primo
225 790 348 826 Eschyli
370 799 441 818 anno
472 797 566 826 regnat
589 792 658 826 apud
678 791 766 826 Lydos
782 790 869 826 Ardy-

79 845 154 871 sus;
189 838 271 864 tertio
295 841 385 864 autem
418 837 500 871 hujus
530 845 601 864 anno
624 836 709 872 prima
736 835 868 871 olympias

437 138 610 167 SAMUELIS
625 139 784 167 ANIENSIS
801 139 972 168 SUMIIAIIII
985 141 1183 170 -TEMPOI'IUM
1195 141 1284 170 PARS
1300 142 1320 170 I.

1651 143 1704 173 055
1724 135 1731 161 ί

880 199 904 228 Α
955 198 1022 226 \’Ill.
1042 199 1227 227 Aristomedes
1243 200 1322 227 annis
1341 207 1425 229 xxxv.

957 244 1002 271 IX.
1022 245 1142 279 Agemon
1157 245 1236 272 annis
1250 253 1305 272 xvi.

959 291 991 317 X.
1013 291 1163 319 Alexander
1177 291 1255 318 annis
1274 299 1335 318 xxv.

956 335 1001 362 XI.
1023 335 1142 364 Telestes
1157 337 1234 362 annis
1247 343 1296 362 xii.

957 381 1014 408 XII.
1034 382 1198 410 Aulomenes
1213 382 1275 408 anni
1295 390 1324 410 ιι.

957 427 988 454 Ili
1004 431 1185 462 regnaverunt
1201 427 1281 454 annis
1299 435 1430 460 cccxxiv;
1448 426 1596 458 eodemque
1618 433 1701 460 anno,

921 482 974 508 quo
987 473 1194 504 Laceda'monii,
1210 473 1365 500 (ICSIVCI‘UIII
1375 474 1459 508 prima
1471 472 1631 508 Olympiade.

959 519 1002 544 18.
1029 517 1193 553 I’opulorum
1219 517 1337 544 omnium
1362 525 1508 552 regumque
1533 516 1701 544 ethnicorum

921 568 1069 591 extremam
1086 563 1187 598 placuit
1204 563 1281 589 nobis
1300 561 1483 589 Romanorum
1500 561 1701 597 chronologiam

922 609 1065 637 coniicere.
1080 609 1162 636 Nemo
1177 608 1276 643 quippe
1291 607 1511 634 cmterorumvoti
1527 607 1612 633 nostri
1628 615 1703 634 coni-

922 664 971 692 pos
991 656 1080 683 factus
1093 659 1145 687 est,
1164 655 1275 682 Cuiusri
1290 654 1411 681 videlicet
1427 654 1494 680 lucis
1505 653 1574 680 cinlo
1591 661 1702 680 manan-

922 702 966 733 tis,
999 701 1064 728 solis
1092 701 1202 735 inquam
1231 700 1354 734 justitiam
1384 699 1483 726 Verum
1514 699 1557 730 hi,
1579 698 1612 724 ad
1635 706 1703 732 quos

921 746 1080 774 scribendos
1092 753 1164 773 nunc
1176 746 1328 780 aggredior,
1341 752 1496 780 quanquam
1519 748 1600 770 noctu
1617 744 1664 770 via:
1675 751 1703 770 se

921 792 1126 822 commiserunt,
1146 795 1224 826 atque
1248 791 1334 823 initio,
1351 791 1389 817 uti
1405 790 1510 820 caeteri,
1528 789 1555 816 in
1587 789 1704 816 tenebris

921 839 1022 865 versati
1047 842 1131 870 sunt;
1151 837 1325 864 nihilominus
1339 844 1370 863 ex
1393 836 1434 862 his
1453 836 1545 870 plures
1565 835 1638 870 digni
1655 835 1703 861 lia.

79 887 142 909 acta
159 887 210 910 est.
221 881 306 908 Porro
327 882 397 909 hanc
421 882 602 918 Olympiadem
626 881 744 909 instituit
767 881 869 914 Iphitus
886 876 907 904 Β
920 885 968 912 bm
986 889 1048 911 sum,
1063 884 1108 918 qui
1129 882 1273 917 splendore
1292 880 1359 908 lucis
1373 881 1608 910 collustrareutur,
1625 882 1703 913 prout

80 928 258 956 Praxionidze
285 927 420 955 Haemonis
444 926 498 963 ’(5).
530 927 567 954 Ex
597 928 648 954 hoc
677 927 732 961 jam
749 930 870 961 tempore

79 973 242 1001 Graecorum
255 974 430 1009 cbronalogia
445 973 596 1000 ﬁrmitatem
612 980 665 1007 prae
676 981 705 1000 se
717 973 786 999 ferre
800 972 871 999 vide-

81 1024 128 1046 tur
137 1027 201 1046 cum
216 1025 295 1046 antea
316 1028 365 1055 pro
378 1028 428 1047 suo
442 1020 558 1056 quisque
573 1019 648 1048 libito
663 1027 719 1049 rem
733 1019 867 1049 definiret.

121 1064 207 1092 XXX.
226 1065 363 1093 Alcmaeon
377 1066 454 1093 annis
470 1073 500 1093 ιι.

123 1111 223 1139 XXXI.
236 1111 359 1146 Charops
369 1113 447 1139 annis
460 1121 486 1139 x.

117 1157 227 1185 XXXII.
243 1158 391 1186 Esimides
405 1158 484 1186 annis
500 1166 525 1184 x.

117 1204 241 1232 XXXIII.
255 1205 376 1232 Clidicus
392 1204 470 1232 annis
486 1213 512 1231 x.

119 1251 242 1279 XXXIV.
255 1251 436 1287 Hippomenes
446 1251 524 1278 annis
535 1260 562 1278 χ.

120 1297 230 1325 XXXV.
245 1298 389 1326 Leocrates
403 1299 482 1327 annis
499 1307 526 1325 x.

119 1342 243 1370 XXXVI.
258 1343 398 1378 Apsander
413 1343 492 1370 annis
509 1351 536 1369 x.

121 1388 253 1415 XXXVII.
272 1388 385 1424 Eryxias
396 1388 476 1416 annis
488 1396 514 1414 x.

120 1434 291 1461 Athenarum
322 1442 399 1469 reges
423 1437 482 1470 post
509 1440 595 1463 annos
616 1439 765 1460 ncccuxui
788 1431 869 1461 ﬁnem

85 1480 253 1509 habuerunt.

124 1525 166 1552 16.
185 1524 309 1552 Postulat
324 1524 440 1551 instituti
458 1523 542 1551 nostri
562 1523 642 1554 ratio,
655 1528 684 1550 ut
695 1523 771 1550 hisee
786 1522 870 1550 Lace-

87 1571 287 1598 daamouiorum
307 1577 414 1605 quoque
435 1577 512 1604 reges
537 1569 729 1604 adiungamus,
753 1575 869 1603 quorum

86 1618 194 1653 primus
224 1623 295 1643 anno
325 1615 460 1643 Samuelis
491 1618 518 1642 et
544 1615 635 1643 Saulis
662 1618 738 1642 sexto
765 1615 871 1642 decimo

87 1667 185 1699 regnat

122 1709 143 1738 I.
163 1708 329 1745 Eurystheus
348 1709 426 1735 annis
442 1715 507 1735 xui.

122 1754 157 1782 II.
177 1754 242 1790 Agis
252 1761 323 1781 anno
336 1761 353 1780 i.

122 1800 168 1826 III.
191 1799 364 1827 Echestratus
381 1798 459 1826 annis
476 1806 555 1825 xxxv.

123 1844 169 1872 IV.
188 1844 305 1872 Labotas
320 1843 398 1871 annis
410 1851 512 1870 xxxvii.

124 1889 159 1916 V.
178 1889 321 1916 Doristhus
338 1888 417 1915 annis
434 1896 509 1914 xxix.

127 1935 170 1964 VI.
190 1935 330 1970 Agesilaus
342 1934 421 1961 annis
435 1941 507 1964 xuv.

128 1980 182 2008 VII.
201 1981 347 2008 Archelaus
361 1981 440 2008 annis
453 1989 497 2007 ιχ.

127 2026 193 2053 VIII.
214 2026 337 2060 Telecles
351 2028 430 2055 annis
442 2034 487 2055 χι..

125 2071 171 2099 IX.
192 2072 351 2100 Aleamanes
367 2074 446 2101 annis
459 2081 561 2101 xxxvii.

126 2118 175 2146 His
193 2123 253 2152 post
262 2126 348 2146 annos
360 2126 460 2146 cccxxv
471 2119 509 2156 (6)
522 2119 581 2148 linis
592 2124 632 2147 est
644 2119 796 2154 impositus.

127 2165 171 2191 I'l.
192 2165 270 2192 Anno
286 2166 400 2193 istorum
421 2167 521 2200 altero,
538 2167 582 2202 qui
604 2171 661 2195 erat
684 2167 807 2195 decimus
828 2174 872 2194 se-

919 938 970 960 δυο
986 931 1044 957 loco
1059 936 1207 964 cognosces
1224 928 1261 964 (ἶ)

953 975 1012 1002 .Iam
1028 982 1091 1002 vero
1108 974 1188 1001 tertio
1202 977 1261 1008 post
1279 972 1356 999 Ilium
1371 975 1478 1006 captum
1497 977 1580 1001 anno,
1596 968 1704 996 biennio

920 1026 982 1048 ante
1001 1020 1194 1055 Sampsonem,
1219 1017 1342 1046 Teutaini
1368 1022 1457 1044 autem
1481 1015 1610 1043 vicesimo
1634 1022 1705 1041 nouo

921 1071 991 1090 anno
1005 1062 1076 1097 apud
1091 1062 1202 1088 Latinos
1218 1063 1313 1095 regnat

955 1107 974 1134 I.
994 1107 1096 1134 {Encas
1111 1107 1190 1134 annis
1205 1113 1245 1133 ιιι.

957 1152 986 1181 Il.
1007 1151 1143 1179 Ascanius
1163 1149 1241 1177 annis
1252 1157 1366 1176 xxxviii.

955 1197 998 1225 IlI.
1020 1197 1121 1224 Silvius
1139 1196 1231 1223 Ainece
1244 1196 1322 1222 annis
1339 1202 1414 1221 xxix.

955 1242 998 1270 IV.
1027 1242 1138 1269 Latinus
1158 1240 1260 1267 Silvius
1282 1240 1361 1266 annis
1382 1246 1459 1265 xxxi.
1480 1237 1498 1264 A
1522 1236 1618 1264 Latino
1639 1241 1706 1270 gcnl

921 1288 1010 1320 Latini
1025 1287 1149 1323 appellati
1167 1294 1215 1322 per
1230 1293 1316 1312 annos
1332 1291 1441 1312 ccccex.

955 1334 987 1361 V.
1009 1333 1109 1361 Aineas
1121 1333 1221 1360 Silvius
1237 1331 1316 1358 anuis
1330 1338 1355 1358 ι..

954 1379 998 1406 Vl.
1019 1379 1085 1406 Alba
1102 1377 1201 1406 Silvius
1213 1377 1291 1404 annis
1304 1383 1397 1404 xxxix.

956 1424 1011 1452 VII.
1032 1425 1128 1460 Epitus
1143 1423 1245 1451 Silvius
1257 1423 1337 1450 anuis
1351 1429 1426 1449 xxvi.

960 1472 1026 1499 VIII.
1048 1472 1136 1507 Capys
1153 1470 1254 1497 Silvius
1268 1470 1347 1497 annis
1360 1476 1455 1495 xxviii.

956 1517 1001 1545 IX.
1022 1517 1155 1543 Anchises
1173 1515 1211 1550 (8)
1228 1514 1328 1542 Silvius
1342 1514 1420 1540 annis
1436 1520 1494 1539 xiii.

956 1564 990 1591 X.
1010 1563 1135 1591 Tiberius
1151 1562 1251 1589 Silvius
1262 1561 1340 1588 annis
1353 1568 1411 1587 viii.

958 1611 1002 1638 XI.
1023 1610 1139 1645 Agrippa
1157 1607 1258 1636 Silvius
1272 1607 1351 1634 annis
1363 1614 1416 1633 xu.

957 1657 1013 1685 XII.
1033 1656 1178 1683 Aremulus
1194 1653 1295 1681 Silvius
1312 1651 1392 1679 annis
1405 1659 1460 1678 xix.

954 1703 1022 1731 XIII.
1042 1702 1173 1729 Aventius
1191 1701 1292 1727 Silvius
1306 1698 1386 1725 annis
1400 1705 1502 1724 xxxvii.

956 1745 1025 1772 XIV.
1045 1744 1147 1771 Procas
1162 1742 1264 1770 Silvius
1275 1741 1354 1768 annis
1368 1747 1424 1766 xxi.

958 1790 1016 1816 XV.
1036 1788 1161 1816 Amulius
1183 1787 1284 1815 Silvius
1307 1785 1385 1813 annis
1405 1792 1481 1811 xLiii.
1509 1784 1536 1810 In
1556 1783 1637 1817 hujus
1655 1790 1705 1809 an-

924 1845 989 1866 num
1003 1835 1137 1863 decimum
1152 1840 1254 1860 nonum
1268 1832 1353 1867 prima
1366 1830 1498 1866 olympias
1510 1829 1634 1856 incurrit.

958 1883 977 1910 I.
997 1881 1130 1909 Romulus
1148 1880 1227 1907 annis
1246 1877 1359 1906 xxxviii.
1378 1875 1429 1903 Hie
1445 1883 1515 1902 anno
1536 1882 1585 1902 suo
1600 1873 1707 1901 decimo

923 1936 1014 1961 nono,
1048 1928 1094 1963 qui
1126 1927 1175 1954 fuit
1208 1924 1368 1962 olympiadis
1397 1922 1544 1950 undecima
1582 1924 1704 1956 quartus.

924 1975 1022 2010 templa
1043 1978 1070 2002 et
1085 1973 1185 2000 mrenia
1204 1971 1297 1998 Romae
1311 1968 1442 1997 fundavit.
1460 1967 1528 1994 IIiiic
1547 1966 1609 1993 anni
1631 1966 1706 1992 urbis

924 2021 1040 2049 condita:
1058 2019 1145 2055 putari
1165 2018 1298 2053 incipiunt
1313 2017 1361 2052 (9),
1383 2016 1429 2051 qui
1444 2022 1515 2041 anno
1535 2012 1621 2048 primo
1640 2010 1706 2037 Phi-

925 2067 990 2102 lippi
1000 2066 1073 2094 mille
1087 2068 1275 2092 numerantur.
1289 2061 1356 2090 Hinc
1371 2061 1452 2089 etiam
1468 2058 1555 2086 Latini
1570 2057 1706 2083 Romano-

925 2121 984 2141 rum
1011 2119 1109 2139 nomen
1136 2109 1297 2137 habuerunt.
1332 2106 1522 2141 Congeruntur
1555 2107 1644 2130 autem
1671 2109 1705 2130 ex

926 2159 1011 2187 [Enea
1026 2158 1058 2185 ad
1074 2156 1218 2187 Romulum
1231 2154 1294 2181 anni
1311 2160 1448 2180 ccccxxvi.

92 2211 194 2251 ptimus
212 2210 345 2239 Samuelis
360 2216 387 2240 et
403 2193 503 2246 Saulis.
513 2193 867 2251 'regnatrapiidVCoriritliios

961 2204 992 2232 II.
1013 2204 1099 2232 Numa
1118 2201 1266 2236 Pompilius
1280 2200 1359 2227 annis
1372 2206 1428 2225 χιι.
1448 2196 1497 2224 Hie
1511 2202 1617 2223 menses
1637 2193 1707 2221 duos

1129 2248 1138 2251 -
1276 2246 1295 2251 .-
1312 2246 1319 2251 .
1424 2243 1475 2251 η...
1570 2250 1591 2251 η
1608 2240 1687 2251 .____

127 2258 147 2285 I.
169 2258 278 2285 Aletlies
295 2259 373 2285 annis
386 2267 468 2286 xxxv.

127 2303 158 2330 ll.
181 2302 255 2330 Ixion
267 2304 344 2331 annis
358 2312 460 2332 xxxv".

126 2346 170 2374 III.
187 2347 303 2382 Agelaus
317 2348 396 2375 annis
407 2356 509 2375 xxxv”.

127 2391 172 2418 IV.
193 2391 310 2420 Primnis
325 2392 403 2420 annis
416 2400 496 2419 xxxv.

128 2437 160 2465 V.
183 2438 296 2466 Bacchis
316 2439 395 2466 annis
409 2447 490 2470 xxxv.

125 2483 169 2511 VI.
191 2484 287 2520 Agelas
307 2485 385 2512 annis
400 2493 463 2511 xxx.
531 2518 536 2523 Ι

131 2529 184 2557 VII.
201 2529 353 2558 Eudemeus
372 2530 451 2558 annis
465 2538 528 2558 xxv.

140 2608 168 2642 5)
184 2608 330 2641 Eusebius,
349 2608 456 2636 Medon.

139 2644 166 2677 ι)
181 2643 279 2674 C0dd.,
296 2644 456 2678 Agemestor.
694 2677 697 2678 ν
728 2654 738 2678 τ

131 2679 170 2714 (5)
190 2678 258 2714 Hoc;
269 2677 367 2705 nomen
389 2683 548 2712 corruptum
567 2681 609 2704 est
628 2677 699 2714 apud
723 2677 874 2704 Samuetem

96 2713 134 2741 uti
149 2714 221 2747 apud
241 2713 386 2740 Eusebium
400 2714 434 2740 ad
449 2721 547 2740 annum
561 2713 703 2739 Abrahami
716 2720 812 2739 iiucxi..

141 2748 168 2778 6i
183 2749 225 2775 Al.
242 2749 315 2780 cod..
338 2756 471 2775 cccxxvn.

145 2784 170 2817 7)
185 2783 279 2810 Mirari
291 2783 353 2810 licet
366 2788 447 2818 atque
458 2783 574 2811 osculari
591 2782 875 2818 religiosum‘Armenii

99 2818 216 2854 hominis
237 2826 358 2849 sensum,
381 2819 426 2854 qui
454 2827 508 2854 pra:
530 2819 634 2846 caeteris
655 2818 751 2854 priscis
771 2819 875 2852 populis

101 2853 237 2882 Romanos
251 2854 372 2887 suspicit,
387 2853 494 2888 qiiia’lii
510 2854 610 2881 Christi
628 2854 686 2880 luce
699 2853 771 2888 digni
793 2853 874 2881 habiti

923 2260 994 2281 anno
1010 2250 1111 2278 addidit
1126 2248 1220 2276 Janum
1235 2251 1261 2274 et
1276 2246 1409 2274 Februum
1422 2243 1488 2277 (I0),
1500 2250 1595 2276 nempe
1604 2240 1706 2268 Janua-

925 2300 994 2327 rium
1014 2301 1095 2332 atque
1109 2293 1297 2324 Februarium,
1309 2299 1372 2319 cum
1388 2291 1480 2318 decem
1491 2292 1568 2315 antea
1583 2287 1706 2314 diceren-

923 2348 978 2377 tur.

961 2390 1004 2417 III.
1024 2388 1119 2415 Tullus
1133 2385 1264 2413 IIostiIius
1280 2383 1334 2419 (II)
1351 2383 1430 2409 annis
1444 2388 1529 2408 χχχιι.

961 2437 1004 2464 IV.
1027 2436 1117 2462 Auctis
1132 2434 1247 2466 Marcius
1260 2431 1339 2459 annis
1351 2437 1431 2457 χχιιι.

962 2482 994 2508 V.
1014 2481 1179 2516 Tarquinius
1200 2478 1310 2506 Priscus
1337 2477 1416 2503 annis
1450 2481 1540 2502 xxxvii
1565 2472 1631 2506 (ιθ).
1659 2471 1708 2498 llic

927 2528 970 2557 isti
986 2528 1064 2555 ﬁnem
1082 2526 1190 2553 faciunt.

927 2612 1000 2638 sunt.
1017 2608 1080 2634 dum
1095 2613 1184 2634 rerum
1197 2603 1284 2631 adhuc
1300 2602 1461 2638 potirentur.

963 2643 1001 2678 (8)
1017 2642 1161 2678 Eusebius,
1174 2639 1329 2678 Carpamus.

960 2674 997 2713 (‘9)-
1011 2678 1095 2704 Aliter
1113 2675 1245 2713 ilicodice
1264 2674 1424 2713 Eusebiano.

961 2708 1016 2748 (10)
1031 2713 1058 2739 III
1075 2711 1166 2748 ωας..
1179 2710 1278 2748 lunam
1292 2713 1317 2748 _cl_
1333 2708 1470 2748 Phegtiriirz.
1514 2740 1519 2748 Ι
1542 2747 1547 2748 7
1563 2746 1571 2748 ᾗ
1598 2736 1662 2748 mm

1028 2736 1277 2784 ίέξχὶἆίέέιιιιιιθμεΣ
1286 2736 1703 2784 (diliufot‘Eus‘ebuij.gilius:

964 2773 1019 2819 ζῆ)
1034 2773 1094 2809 ΪΪιιο
1113 2788 1201 2819 reges
1221 2773 1526 2806 desideranturServius
1551 2773 1664 2804 Tullius,
1679 2776 1706 2800 rt

929 2815 1086 2854 Tarquinius
1107 2815 1248 2851 Superbus.
