1911 3136
199 140 252 169 635

694 137 865 165 APPENDIX
883 137 928 164 AD
950 137 1083 166 EUSEBll
1101 137 1306 168 CIIRONICON.

1778 143 1844 170 636

236 198 302 225 Post
327 205 405 233 reges
425 197 590 233 prmfiterunt
618 196 710 224 notate
735 198 863 224 consules
878 205 893 224 a
907 197 990 225 Bruto
1005 200 1028 228 Α
1042 199 1134 229 sitam.
1147 207 1228 234 quam
1243 203 1270 227 et
1282 198 1425 227 llarchiam
1438 200 1612 236 nuncupavit.
1624 199 1737 228 [nterim
1748 200 1842 229 Belus

201 244 315 275 exorsi;
343 243 441 270 deinde
467 243 579 274 tribuni,
609 250 673 269 mox
699 242 847 270 dictatores
873 243 990 278 (nempe

201 290 389 324 eloquentes);
413 297 510 316 rursus
529 289 668 320 consules,
689 289 735 323 qui
758 296 773 315 a
792 287 941 324 Tarquinio
957 289 989 316 ad

202 335 298 362 Caium
313 335 412 361 Julium
429 334 592 361 exstiterunt
608 334 686 361 anuis
701 341 811 361 ccccu.

236 381 301 408 Post
331 381 380 407 hos
409 387 480 406 anno
515 380 601 407 altero
633 380 787 408 centesima:
819 379 991 414 octogesima:

203 431 308 462 quarta:
326 425 490 462 olympiadis
504 433 638 453 summam
661 430 822 461 potestatem
847 427 917 461 apud
937 426 992 453 llo.

202 480 296 501 manos
319 472 438 499 exercuit
457 471 540 499 Caius
559 471 648 499 Julius
669 473 748 499 annis
769 473 900 508 quinque,
917 481 992 499 men-

202 519 278 546 sibus
318 522 419 553 septem
448 518 550 546 minus.
583 517 651 545 Exin
682 517 818 545 Catsarum
850 519 993 553 appsllatio

201 564 331 592 obtinuit.
352 563 411 591 Jam
438 564 491 591 huc
510 572 598 599 usque
621 563 685 591 anni
702 564 756 591 duo
771 564 919 599 Cleopatrze
943 573 993 591 nu-

203 612 363 643 merantur;
387 609 509 644 reliquos
534 609 629 644 viginti
650 608 743 636 eadem
767 609 819 636 sub
850 609 980 637 Romanis

204 655 341 691 exigebat.

239 702 378 737 Augustus
392 701 472 728 annis
484 709 538 734 LVI,
558 700 697 729 mensibus
711 708 748 729 vt.
763 701 804 728 Ab
819 701 899 736 hujus
907 702 994 736 primo

206 755 279 774 anno
296 747 458 774 Antiocheni
474 754 538 775 suos
554 754 641 774 annos
657 752 812 774 numerant.
828 747 914 781 llujus
930 748 993 775 item

205 786 276 820 anno
288 793 393 820 decimo
406 792 559 820 Iudaeorum
572 793 701 827 praesules
716 793 799 820 amoti
812 797 886 824 sunt,
903 801 995 827 regna-

205 838 296 872 vitque
337 837 457 865 Herodes
474 837 634 872 alienigena.
673 836 742 864 Ecce
766 841 854 864 autem
880 837 994 872 Augusti

1041 244 1067 270 in
1100 245 1218 279 reliquos
1241 252 1337 272 onmes
1363 245 1531 272 dominatum
1559 246 1688 281 adeptus.
1714 241 1851 274 Haicurn'

1040 296 1148 324 quoque
1168 289 1329 324 Babylonem
1347 290 1462 317 accersit
1481 299 1487 317 :
1503 298 1619 325 cumque
1638 291 1739 319 [laicus
1753 300 1842 319 mau-

1041 334 1104 361 data
1131 343 1184 362 non
1207 335 1317 367 faceret,
1341 335 1482 370 egreditur
1506 336 1636 364 adversus
1657 344 1720 364 eum
1749 336 1839 365 Belus

1044 381 1158 409 immani
1180 382 1333 416 arrogantia
1355 381 1452 409 elatus.
1476 381 1529 409 Sed
1547 383 1618 409 enim
1641 383 1694 409 telo
1710 383 1783 409 ictus
1799 383 1839 409 ab

1042 427 1125 454 Haico
1141 427 1196 453 vita
1210 427 1342 462 spoliatur
1359 436 1366 454 :
1383 427 1428 462 qui
1442 428 1549 463 quidem
1570 428 1641 455 haud
1655 428 1751 463 paucis
1770 433 1839 464 post

1043 471 1125 498 annis
1140 471 1194 497 vita
1210 471 1352 506 producta,
1366 471 1476 499 ditionis
1487 472 1619 500 hmredem
1634 474 1757 501 moriens
1774 474 1838 500 reli-

1042 518 1100 553 quit
1110 519 1301 546 Armenacum.

1077 564 1104 592 Ξ,
1125 565 1293 592 Armenacus
1309 565 1364 600 (14)
1385 563 1462 592 Haici
1482 564 1563 595 ﬁlius.
1577 569 1639 600 post
1657 565 1762 592 obitum
1781 574 1834 601 pa-

1045 608 1094 635 tris
1105 629 1111 640 ,
1132 608 1230 635 fratres
1245 608 1314 635 duos
1329 607 1449 636 Chorum
1466 613 1493 636 et
1510 608 1684 636 Manavazum
1709 610 1738 637 in
1759 610 1833 637 llar-

1044 653 1138 680 chensi
1164 654 1303 688 provincia
1323 654 1450 689 reliquit,
1470 654 1589 690 itemque
1611 655 1711 683 Bazum
1736 656 1833 684 Mana-

1044 699 1102 726 vazi
1119 700 1173 734 (15)
1195 699 1288 727 ﬁlium.
1306 699 1392 727 Porro
1409 708 1423 727 a
1441 701 1590 728 Manavazo
1608 701 1734 736 Bazoque
1749 702 1831 729 dicta:

1045 743 1170 771 feruntur
1191 745 1317 780 satrapis:
1329 745 1483 774 Mauavazia
1500 751 1527 774 et
1545 747 1692 778 Bcznunia.
1710 749 1832 784 itemque

1045 796 1077 816 ea
1092 797 1152 824 qua:
1168 788 1288 817 0rdunia
1305 791 1476 826 appellatur:
1493 799 1507 818 a
1523 791 1613 820 Choro
1628 797 1718 821 autem
1735 799 1832 829 gentes

1047 835 1271 864 Chorehoruniat.
1298 837 1358 872 ipse
1373 845 1437 864 vero
1452 837 1621 866 Armenacus
1642 839 1714 866 ultra
1739 844 1834 867 trans-

205 885 291 911 altero
304 888 330 910 et
344 883 563 918 quadragesimo,
579 882 694 910 llerodis
712 883 797 910 altero
814 887 841 909 et
856 883 993 910 tricesimo
1008 874 1030 901 Β
1044 889 1158 916 gressus
1169 902 1176 911 .
1202 882 1230 908 in
1256 882 1370 917 planitie
1397 883 1519 911 consedit
1541 884 1614 919 jugis
1638 885 1814 913 circumdata
1825 908 1832 918 ,

205 937 287 962 anno,
301 938 398 958 carens
415 934 535 964 tempore
552 928 644 956 Fumus
659 928 707 955 Der
727 933 820 955 sancta
837 937 869 955 ex
885 928 994 963 Virgine

205 977 328 1006 nascitur
341 977 367 1003 in
383 979 505 1010 tempore
518 975 583 1010 (l3).

502 1041 616 1069 CAPUT
637 1040 691 1068 Vil.

378 1098 484 1125 Jabelhi
502 1099 626 1132 prosapia
646 1099 817 1126 Armeniaca.

239 1155 350 1183 Priores
370 1155 437 1183 duas
457 1156 646 1190 genealogias,
665 1154 738 1182 Semi
765 1154 892 1181 videlicet
914 1158 995 1189 atque

204 1201 310 1234 Chami,
326 1201 443 1229 breviter
459 1202 659 1233 reccnsuimus,
673 1201 847 1234 easdemque,
863 1204 993 1235 quantum

205 1248 296 1279 licuit.
313 1255 361 1282 per
376 1248 567 1276 successiones
582 1252 608 1275 et
626 1251 748 1281 tempora
764 1246 798 1273 ad
815 1253 877 1273 eum
893 1254 993 1273 annum

205 1302 292 1329 usque
311 1293 485 1324 deduximus,
506 1302 561 1329 quo
592 1293 782 1321 manifestatus
803 1297 845 1320 est
866 1292 996 1319 Dominus

205 1341 250 1375 qui
275 1340 421 1367 humanam
442 1344 537 1375 sponte
556 1344 682 1366 naturam
698 1338 824 1366 adscivit.
839 1338 894 1372 Age
911 1346 994 1369 nunc,

205 1386 276 1421 quod
298 1387 423 1421 superior
446 1386 534 1413 oratio
558 1389 650 1413 nostra
672 1384 813 1419 promisit.
837 1384 870 1410 ad
889 1383 995 1410 Jabethi

204 1440 314 1467 quoque
325 1433 478 1467 progeniem
490 1431 698 1458 describendam
711 1429 875 1457 accedamus
894 1438 900 1456 :
917 1429 996 1463 cujus

206 1478 369 1506 successivzc
379 1478 582 1513 procreationes
595 1478 627 1503 ad
639 1476 755 1503 Parthos
767 1483 853 1511 usque
864 1474 994 1505 deﬂuunt.

210 1533 262 1560 quo
283 1526 312 1551 lit
336 1529 365 1551 ut
388 1532 449 1551 eum
474 1524 601 1558 denique,
617 1523 663 1557 qui
687 1522 749 1549 fecit
770 1526 885 1556 utraque
900 1529 994 1553 unum,

210 1571 364 1601 Dominum.
395 1571 516 1605 inquam,
543 1574 665 1596 nostrum
698 1568 898 1602 contingantus.
928 1567 995 1594 Cum

210 1617 290 1652 igitur
312 1617 431 1651 praedicti
452 1615 586 1644 sermonis
603 1615 688 1642 nostri
709 1622 806 1641 cursus
828 1613 860 1640 ad
876 1612 997 1648 Thorgo-

211 1670 283 1690 mum
299 1663 448 1695 devenerit,
465 1662 587 1696 sequitur
602 1665 631 1687 ut
648 1660 681 1687 ab
696 1668 728 1687 eo
743 1661 803 1686 loco
814 1661 996 1687 narrationem

211 1715 306 1737 rursus
319 1708 503 1735 exordiamur.

244 1754 271 1781 1.
297 1753 319 1780 Δ
342 1753 497 1788 Thorgomo
522 1753 559 1779 ait
593 1751 696 1788 (Moses
723 1751 906 1782 Cltorenensis.
928 1760 947 1784 ι,
969 1752 996 1786 9)

210 1803 380 1833 procreatum
397 1799 521 1826 llaicum.
538 1797 596 1825 Jam
610 1798 653 1825 hic
666 1797 766 1826 llaicns
782 1806 815 1825 ex
828 1805 921 1824 eorum
939 1802 998 1824 erat

210 1845 347 1880 gigantum
373 1852 488 1873 numero
514 1846 560 1880 qui
584 1845 739 1879 arrogantia
764 1844 858 1870 tumidi
885 1844 995 1879 impium

210 1891 350 1918 consilium
383 1891 572 1918 construenda:
594 1891 676 1917 turris
699 1893 880 1925 pepererunt;
896 1890 997 1924 quique

211 1940 271 1970 post
284 1937 343 1971 ejus
357 1937 486 1964 immanis
499 1936 604 1963 aediﬁcii
620 1936 726 1962 ruinam
741 1943 801 1962 cum
817 1935 872 1970 jam
887 1935 957 1962 inter
968 1944 997 1963 sc

210 1987 321 2018 propter
349 1983 500 2018 linguarum
532 1982 693 2009 divisionem
721 1988 776 2008 non
802 1981 995 2017 intelligerent.

211 2029 338 2064 superbia
361 2029 424 2056 elati
443 2033 565 2056 mutuum
586 2028 753 2055 dominatum
771 2027 942 2055 aﬁcctabant.
961 2027 996 2059 Is,

210 2075 327 2110 inquam,
347 2074 448 2103 [laicus
479 2075 541 2102 Belo
565 2075 700 2102 obsistere
725 2082 809 2102 ausus
840 2078 892 2107 est,
918 2074 997 2109 cujus

211 2121 332 2148 studium
357 2128 389 2148 eo
415 2121 555 2155 spectabat
577 2126 616 2153 ut,
645 2121 753 2149 cunctis
778 2120 830 2148 sibi
854 2120 995 2155 subjectis,

211 2166 363 2203 generalem
387 2168 557 2203 tyrannidem
586 2171 735 2195 exerceret.
760 2166 798 2195 Ne
827 2167 890 2194 Belo
915 2167 997 2202 igitur

211 2212 410 2247 obtemperaret
436 2212 548 2244 Haicus.
577 2221 638 2239 cum
663 2213 727 2244 ﬁlio,
752 2220 831 2247 quem
861 2211 997 2247 Babylone

212 2262 380 2292 susceperat.
404 2260 565 2290 Armenaco.
583 2259 648 2294 petit
677 2258 841 2290 Araratiam,
867 2258 996 2285 trecentis

211 2303 279 2330 viris
302 2303 415 2338 aliisque
436 2303 556 2336 advenis,
572 2304 617 2338 qui
632 2311 660 2330 se
679 2303 718 2331 illi
730 2303 924 2336 adiunxerant.
936 2311 997 2330 cor-

214 2348 367 2376 roboratus.
384 2347 421 2374 lbi
437 2356 501 2375 vero
519 2349 552 2375 ad
574 2349 676 2375 montis
701 2349 807 2375 radices
828 2348 995 2374 domicilium

213 2394 322 2425 excitat.
348 2394 430 2429 idque
458 2402 519 2421 mox
545 2396 689 2422 Armenaci
718 2395 772 2421 ﬁlio
794 2394 895 2421 Cadmo
920 2394 997 2420 attrie

214 2440 310 2473 buens,
333 2440 440 2475 longius
467 2440 523 2475 ipse
553 2448 712 2476 progressus
736 2445 778 2467 est
801 2441 833 2467 ad
858 2440 995 2475 regionem

214 2485 360 2521 quamdam
391 2486 462 2513 inter
487 2485 553 2513 solis
578 2493 703 2513 occasum
737 2491 762 2512 et
785 2487 995 2520 septentrionem

249 2575 304 2611 (15)
321 2575 441 2611 Samum,
463 2579 495 2611 ut
508 2574 606 2609 cuique
625 2574 721 2611 legenti
737 2577 853 2611 constat.
878 2574 996 2611 priorem

214 2609 324 2639 Eusebii
341 2610 439 2645 librum
463 2609 515 2645 lutc
530 2617 616 2644 usque
631 2609 658 2636 in
677 2609 865 2645 compendium
884 2610 995 2645 redegit.

214 2646 299 2674 Porro
315 2652 376 2672 cum
391 2644 462 2671 idem
474 2643 660 2672 Romanorum
676 2644 853 2680 imperatores
864 2644 934 2671 ultra
947 2643 998 2680 pri-

215 2689 288 2708 mum
313 2679 354 2707 vel
377 2680 490 2706 alterum
511 2680 646 2707 Caesarem
672 2687 726 2706 non
752 2678 897 2710 describat,
925 2678 995 2708 haud

214 2716 316 2743 scimus
331 2722 364 2741 an
376 2714 441 2742 hinc
451 2716 548 2742 merito
561 2715 769 2749 conjectandum
784 2714 830 2746 sit,
845 2713 996 2744 Samuelem

215 2751 309 2777 Inutilo
324 2749 433 2777 Eusebii
455 2750 548 2779 codice
566 2758 645 2778 usum
670 2757 740 2776 esse.

252 2785 307 2820 (ill)
329 2784 441 2812 Codices
463 2784 564 2822 aliique
585 2786 733 2820 scriptores
759 2784 839 2812 etiam
853 2807 860 2818 ,
886 2787 997 2814 Arame.

216 2828 307 2848 nacus.

251 2855 305 2890 (15)
327 2857 490 2886 Manavatus
506 2856 580 2884 llaici
597 2857 667 2885 illius
680 2877 687 2889 .
706 2857 849 2886 Arrmnaci
866 2858 959 2886 frater.

1045 935 1159 962 quorum
1172 928 1278 955 elatiori
1290 937 1387 956 nomen
1399 930 1460 957 fecit
1471 930 1592 965 Aragazo
1604 940 1611 958 :
1628 935 1685 958 tum
1698 933 1834 960 Armaziso

1045 976 1106 1008 post
1143 973 1246 1008 aliquot
1281 974 1343 1001 vitae
1368 982 1453 1003 annos
1487 976 1595 1010 genito,
1619 976 1666 1003 diu
1691 977 1755 1004 exin
1783 986 1834 1005 su-

1045 1023 1150 1054 perstes
1167 1019 1274 1046 demum
1292 1024 1396 1048 natura;
1412 1020 1555 1048 satisfecit.

1080 1065 1106 1092 5.
1128 1065 1276 1092 Armzeisus
1290 1065 1346 1101 (16)
1366 1067 1509 1094 Armenaci
1532 1067 1603 1095 [ilius
1619 1069 1767 1095 stationem
1782 1068 1834 1095 sibi

1045 1110 1072 1136 in
1089 1110 1158 1137 colle
1176 1110 1209 1137 ad
1227 1112 1315 1138 amnis
1327 1111 1414 1147 ripam
1430 1112 1556 1140 aediﬁcat.
1581 1113 1669 1148 Atque
1684 1113 1834 1141 stationem

1045 1157 1154 1191 quidem
1175 1164 1225 1185 suo
1247 1156 1280 1184 dc
1301 1158 1411 1186 nomine
1437 1158 1603 1186 Armaviram
1619 1160 1757 1194 appellat,
1775 1168 1834 1187 am-

1046 1211 1106 1230 uem
1122 1206 1210 1230 autem
1235 1211 1265 1230 ex
1290 1203 1385 1231 Erasto
1402 1209 1499 1239 nepote.
1522 1212 1572 1232 suo
1593 1204 1740 1232 Eraschem
1757 1206 1834 1232 voci-

1046 1253 1085 1276 tat
1098 1249 1166 1284 (17).
1186 1249 1247 1277 Mox
1265 1249 1384 1277 Sancum
1401 1250 1501 1282 ﬁlium,
1522 1251 1596 1286 prole
1618 1251 1729 1279 divitem
1752 1256 1834 1286 atque

1047 1303 1170 1322 voracem
1191 1296 1267 1331 (18),
1292 1296 1402 1323 boream
1423 1304 1518 1324 versus
1541 1298 1568 1324 in
1592 1303 1774 1333 campestrem
1795 1299 1835 1325 lo-

1046 1347 1109 1367 cum
1125 1340 1225 1368 emittit
1241 1341 1308 1369 satis
1323 1341 1432 1368 uberem
1449 1346 1476 1368 et
1495 1342 1677 1373 fructuosum.
1694 1342 1785 1378 Hujus
1801 1345 1835 1371 de

1047 1385 1157 1412 nomine
1173 1386 1247 1421 regio
1259 1386 1304 1413 illa
1322 1386 1426 1414 Sit-acia
1451 1392 1607 1423 nuncupata
1637 1393 1689 1416 est.
1705 1388 1767 1416 1am
1784 1390 1832 1415 Ar-

1047 1432 1158 1459 maeisus
1184 1431 1322 1459 Amasiam
1344 1434 1511 1468 procreavit,
1536 1434 1636 1462 diuaue
1661 1435 1751 1462 adhuc
1779 1437 1833 1462 vita

1047 1484 1115 1504 usus
1131 1484 1288 1511 supremum
1310 1477 1381 1504 diem
1397 1477 1473 1505 obiit.

1082 1521 1108 1549 ι.
1129 1522 1253 1550 Amasias
1268 1522 1392 1550 Armaeisi
1410 1523 1498 1555 ﬁlius,
1517 1524 1597 1551 vitam
1615 1529 1721 1560 agitans
1735 1526 1833 1552 Arma-

1010 1557 1031 1584 (ἶ
1048 1567 1127 1599 rirre,
1147 1567 1297 1595 Gelamium
1316 1570 1409 1603 genuit
1425 1573 1450 1597 et
1469 1557 1643 1598 Pharochunt
1658 1575 1740 1606 atque
1756 1571 1834 1598 Zola-

1048 1614 1132 1641 cium.
1151 1613 1224 1641 idem
1243 1615 1343 1650 oppida
1357 1615 1412 1643 duo
1434 1615 1459 1643 in
1484 1616 1624 1644 radicibus
1645 1618 1748 1645 montis
1773 1617 1833 1644 fun—

1048 1658 1141 1692 davit,
1158 1661 1325 1696 totidemque
1348 1661 1411 1689 ﬁliis
1433 1662 1491 1690 suis
1512 1662 1653 1690 incolenda
1677 1664 1829 1694 concessit.

1048 1703 1192 1732 Pbarocho
1217 1707 1320 1734 scilicet
1344 1707 1407 1734 forti
1433 1712 1459 1735 et
1484 1707 1594 1736 Zolacio
1615 1708 1755 1742 formoso,
1773 1717 1832 1744 quae

1048 1750 1155 1785 quidem
1175 1752 1270 1779 horum
1284 1753 1393 1780 nomina
1411 1754 1527 1781 retinent
1542 1753 1723 1782 Parachotum
1738 1760 1766 1783 et
1780 1756 1830 1782 Ζο-

1048 1795 1188 1823 lacertam.
1215 1797 1330 1825 Montem
1354 1797 1470 1833 denique
1493 1799 1527 1826 de
1550 1807 1602 1827 suo
1627 1801 1741 1829 nomine
1765 1802 1831 1829 dixit

1049 1839 1189 1869 Masisium
1207 1842 1274 1878 (l9).
1296 1842 1321 1870 ls
1353 1851 1414 1870 cum
1430 1845 1508 1871 annis
1525 1849 1652 1879 praeterea
1668 1854 1723 1873 non
1736 1847 1829 1882 paucis

1047 1887 1128 1914 vitam
1146 1892 1344 1921 sustentasset,
1361 1889 1510 1918 Armavirze
1525 1891 1651 1918 decessit.

1082 1933 1109 1961 5.
1129 1933 1267 1962 Gelamius
1283 1934 1400 1962 Amasiaa
1423 1935 1494 1963 ﬁlius
1517 1936 1644 1964 llarmam
1666 1938 1829 1973 procreavit.

1048 1976 1119 2004 Idem
1138 1978 1266 2013 oppidum
1284 1979 1311 2006 in
1326 1987 1373 2006 ora
1394 1979 1471 2007 lacus
1495 1981 1635 2014 condidit,
1657 1986 1828 2018 montemque

1047 2024 1201 2059 proximum
1218 2024 1312 2052 Gelum
1327 2025 1411 2059 dixit,
1427 2026 1519 2053 urbem
1536 2026 1728 2059 Gelacuniam,
1741 2028 1827 2056 lacum

1047 2070 1163 2105 denique
1177 2078 1250 2098 mare
1265 2070 1441 2099 Gelacunium
1457 2072 1523 2108 (20).
1536 2073 1658 2100 Gelamio
1675 2073 1748 2101 ﬁlius
1764 2075 1828 2102 alter

1047 2116 1098 2143 fuit
1113 2115 1223 2145 Sisacus
1233 2138 1241 2150 ,
1256 2118 1300 2145 cui
1316 2118 1384 2147 ﬁnes
1397 2119 1508 2147 ditionis
1521 2120 1662 2147 constituit
1676 2120 1711 2147 ab
1723 2129 1757 2148 eo
1770 2122 1826 2149 lacu

1047 2162 1177 2190 orientem
1194 2170 1305 2196 versus,
1322 2171 1375 2199 qua
1396 2163 1456 2192 ﬁuit
1470 2165 1559 2192 amnis
1575 2164 1710 2194 Erasches
1726 2166 1825 2202 ingenti

1012 2227 1034 2255 Β
1047 2208 1154 2242 agmine
1167 2212 1194 2235 et
1210 2209 1324 2244 strepitu
1340 2209 1366 2236 in
1382 2217 1429 2237 eos
1443 2217 1553 2245 campos
1569 2210 1696 2246 delapsus
1717 2212 1766 2246 qui
1785 2211 1825 2239 di-

1047 2258 1148 2281 cuntur
1164 2253 1319 2283 Chalavazl.
1344 2255 1374 2282 Ei
1397 2255 1499 2291 regioni
1525 2264 1624 2284 nomen
1648 2261 1690 2285 est
1714 2257 1823 2286 Siunia:

1047 2299 1094 2327 sed
1107 2300 1277 2329 commodius
1299 2300 1388 2329 Persa:
1411 2301 1505 2329 dicunt
1527 2301 1700 2330 Sisicaniam.
1725 2303 1822 2331 Urbem

1046 2346 1127 2373 etiam
1143 2346 1265 2374 condidit
1281 2346 1428 2375 Gelamiam
1450 2348 1483 2374 de
1506 2355 1556 2375 suo
1576 2349 1687 2376 nomine
1711 2349 1822 2381 dictant.

1047 2399 1108 2426 qua:
1122 2396 1215 2427 postea
1230 2392 1264 2420 de
1280 2392 1397 2421 Garnico
1411 2398 1509 2428 nepote
1530 2394 1589 2429 ejus
1609 2393 1709 2422 Garnia
1731 2395 1821 2422 audiit.

1047 2437 1116 2464 Iiinc
1148 2442 1224 2465 ortus
1251 2442 1292 2466 est
1318 2439 1472 2466 consecutis
1495 2440 1662 2475 temporibus
1696 2441 1747 2468 sub
1775 2441 1820 2468 Ar-

1048 2488 1158 2512 taxerxe
1167 2483 1287 2512 Varazus
1298 2485 1342 2512 ille
1352 2486 1524 2513 venationum
1538 2486 1680 2522 praefectus
1688 2486 1820 2514 Varaznu-

1083 2576 1139 2606 (16)
1160 2576 1244 2603 Aliter
1260 2576 1358 2605 etiam.
1378 2578 1545 2605 Aramm‘sus.

1082 2611 1138 2645 (I7)
1160 2611 1259 2645 Nempe
1273 2612 1399 2638 Araxem.

1083 2647 1139 2681 (l8)
1159 2646 1322 2683 Conl‘cratur
1334 2648 1385 2683 hac
1397 2655 1479 2682 super
1493 2655 1521 2675 re
1535 2647 1659 2683 adagium
1676 2647 1747 2682 apud
1759 2647 1821 2675 Cho-

1048 2689 1189 2709 reuenscm
1201 2701 1208 2713 ,
1226 2681 1297 2708 Hist.
1315 2691 1341 2713 ι,
1359 2682 1400 2708 ll.

1082 2717 1139 2752 (l9)
1160 2716 1238 2743 llunc
1261 2717 1388 2744 immanis
1418 2717 1568 2745 altitudinis
1595 2722 1714 2745 montem
1737 2718 1818 2744 divina

1048 2752 1132 2779 Biblia
1149 2752 1260 2786 alimque
1273 2757 1367 2786 gentes
1382 2752 1475 2779 dicunt
1489 2752 1597 2779 Ararat.

1085 2787 1139 2821 (ΞΟ)
1158 2786 1217 2822 llos
1245 2795 1318 2814 mare
1344 2789 1412 2820 (seu
1431 2788 1542 2820 laeum)
1572 2788 1672 2822 posteri
1697 2787 1817 2815 dixerunt
1836 2803 1839 2816 l

1049 2821 1288 2883 ctithrrh‘Sqt-animn
1307 2823 1340 2850 ab
1359 2823 1446 2850 insula
1463 2821 1595 2855 Serania,
1613 2823 1657 2850 ubi
1681 2830 1728 2850 arx
1747 2827 1818 2858 captL

1050 2865 1095 2883 per
1117 2865 1121 2883 I
1144 2863 1174 2882 ICI
1189 2865 1210 2882 ιε

1049 2855 1210 2891 perdiﬁicilis
