1911 3136
63 159 122 188 837

425 155 599 184 SAMUELIS
615 154 775 182 ANIENSIS
795 152 964 182 SUMMARII
985 149 1178 180 TEMPORUM
1193 148 1283 178 PARS
1301 148 1321 175 1.

1619 145 1693 173 ι658

64 218 122 244 nia:
144 215 257 243 familia)
274 215 345 242 fons.
361 213 469 241 Harma:
493 213 548 240 lilio
560 212 698 240 Gelamius
723 213 751 239 in
777 219 855 239 man-
870 214 892 242 Α
941 210 967 237 8.
987 209 1059 237 Δτωί
1074 209 1154 236 Arato
1168 206 1253 243 geniti
1269 205 1340 232 ﬁlius
1361 205 1543 232 Anusavanus
1561 203 1622 230 fuit.
1643 202 1692 230 Hic

64 264 141 291 datis
169 262 262 293 dedit,
291 265 321 288 ut
347 259 495 287 Armavirae
525 259 678 291 habitaret,
708 258 856 292 multisque

64 314 130 345 post
148 309 230 335 annis
251 308 403 336 exstinctus
413 311 465 334 est.
479 305 579 332 Harma
589 304 710 332 Gelamio
730 304 854 339 genitus,

65 361 200 391 suscepto
213 355 269 382 ﬁlio
283 354 395 386 Aramo,
412 357 474 388 post
488 359 574 379 annos
590 351 693 386 aliquot
706 351 781 377 obiit.

101 403 131 430 6.
153 403 272 429 Aramus
289 399 396 427 Harmze
412 399 483 426 filius
500 406 547 433 per
568 397 631 425 saevi
654 397 749 424 martis
770 401 857 424 certa-

65 450 145 476 mina
160 456 189 476 re
205 455 276 482 saepe
287 446 416 482 praeclare
428 449 502 480 gesta
515 444 644 470 ditionem
656 450 734 470 suam
748 450 856 478 quaqua

65 502 169 522 versus
183 492 306 528 protulit.
324 491 370 518 Ab
393 490 475 524 hujus
499 489 608 515 nomine
631 495 767 515 consensu
791 495 857 522 gen-

65 542 139 567 tium
170 539 291 566 omnium
319 536 395 572 regio
421 539 514 562 nostra
542 534 674 568 appellata
699 537 764 560 est:
794 539 856 559 nam

66 586 159 614 Graeci
175 585 285 620 quidem
301 582 444 610 Armenios
456 601 463 612 ,
480 580 542 615 Syri
564 589 628 607 vero
648 584 675 606 et
697 578 787 606 Persae
806 578 856 604 Ar-

69 631 182 658 menich
206 638 258 657 nos
280 628 385 656 dicunt.
408 626 455 654 llle
477 625 631 662 Nycharum
656 624 759 652 Made
786 623 858 651 bello

68 678 183 710 captum
205 674 239 701 de
258 673 343 700 turris
364 679 443 699 muro
457 670 609 705 suspendit.
625 669 755 696 Eumdem
771 668 857 696 Ninus

69 720 227 749 secundum
242 727 257 746 a
272 727 302 747 se
315 719 384 745 dixit
399 718 478 752 eique
494 716 618 744 diadema
637 715 794 751 margaritis
815 715 858 741 in-

70 767 151 800 signe
163 767 272 800 gestare
285 762 437 794 concessit,
451 761 560 788 tametsi
574 760 664 795 specie
679 764 769 787 tenus.
785 758 857 785 ldem

70 812 235 839 Barsamttm
249 811 305 837 vita
320 809 446 844 spoliavit
459 818 465 835 :
480 812 536 835 tum
551 811 577 835 et
591 807 709 833 titanum
731 806 856 840 Paeapum

71 857 215 885 Clialidem
231 863 246 883 e
261 854 468 882 mediterraneis
479 853 633 884 submovit.
647 857 726 886 atque
740 851 767 878 in
781 851 858 878 insu-

71 905 127 932 lam
144 903 292 938 quamdam
310 901 404 928 Asiani
420 901 505 928 maris
520 900 618 935 adegit.
635 899 706 925 idem
722 899 749 925 in
761 905 792 925 ea
807 905 861 923 me-

72 949 227 976 diterranea
238 947 347 982 regione
359 946 495 974 Mesacum
510 946 594 980 stirpe
609 952 658 972 sua
672 947 761 970 ortum
776 942 862 970 collo-

73 995 166 1026 cavit,
189 993 235 1028 qui
260 991 395 1019 Mazacam
421 991 562 1022 condidit,
589 990 740 1017 Caesaream
767 992 862 1023 postea

73 1044 212 1067 vocatam.
237 1038 373 1066 Mandavit
386 1041 517 1072 praeterea
532 1041 610 1063 terra:
624 1035 684 1070 ejus
700 1034 797 1062 incolis
809 1054 816 1065 ,
833 1037 862 1060 ut

74 1086 226 1113 llaicanam
255 1084 373 1119 linguam
404 1083 596 1110 addiscerent:
627 1080 803 1116 quamobrem
831 1087 863 1107 ea

75 1139 155 1167 plaga
169 1131 270 1158 dicitur
284 1139 300 1157 α
315 1129 412 1156 ercis
427 1128 525 1163 πρώτη
541 1127 684 1162 Ἀρμενία,
699 1126 802 1154 scilicet
812 1125 864 1152 Ar-

75 1177 167 1205 menia
181 1176 280 1212 prima.
303 1175 374 1208 Hinc
394 1175 427 1202 ad
448 1174 515 1201 fines
530 1180 616 1208 usque
632 1172 758 1208 proprios
780 1171 864 1198 inter-

75 1221 168 1248 media
178 1221 237 1247 loca
249 1220 346 1247 incolis
358 1218 549 1253 frcquentavit,
558 1225 618 1253 quae
629 1216 764 1248 secundae,
778 1216 865 1244 tertiae

76 1267 133 1294 imo
147 1269 173 1294 et
187 1271 291 1302 quartm
303 1265 439 1292 Armeniae
460 1264 655 1299 appellationes
678 1266 762 1290 nacta
788 1266 862 1290 sunt.

77 1312 143 1340 Haec
165 1313 198 1340 ad
221 1312 333 1339 verbum
353 1311 442 1338 Moses
464 1310 530 1346 (21).
556 1309 654 1337 Verum
677 1309 723 1336 alii
740 1307 863 1335 historici

78 1359 189 1391 docent,
197 1367 212 1385 a
224 1359 347 1386 Caesarea
359 1356 536 1392 Cappadociae
545 1355 578 1383 ad
589 1355 727 1382 Ponticam
741 1354 847 1389 plagam
856 1373 864 1386 ,

79 1405 134 1432 dici
150 1405 265 1440 primam
288 1403 467 1434 Armeniam;
492 1410 507 1430 a
531 1401 618 1429 P0nto
640 1401 673 1429 ad
695 1400 865 1432 Meliteneni,

79 1450 229 1480 secundam
252 1449 429 1482 Armeniam;
447 1448 510 1475 hinc
530 1448 562 1474 ad
582 1447 691 1482 Zophiaa
710 1447 793 1478 ﬁnes,
816 1450 867 1473 ter-

79 1498 146 1524 tiam
158 1496 314 1523 Armeniam
328 1494 445 1522 :‘exinde
458 1493 491 1520 ad
504 1493 599 1521 urbem
616 1493 764 1528 Martyrum
779 1493 868 1527 appel-

80 1543 165 1569 latam
186 1540 243 1576 (22)
265 1541 293 1567 in
312 1539 415 1568 Alznia:
433 1539 580 1574 provinciae
602 1545 719 1570 occasu,
741 1542 864 1573 quartam

80 1587 263 1621 Armeniam;
295 1594 371 1614 suam
407 1586 524 1620 denique
551 1584 737 1620 magnitudine
766 1584 867 1619 insigni

80 1634 270 1670 provinciam,
292 1631 427 1659 Armenia:
447 1630 559 1666 majoris
580 1630 689 1658 nomine
710 1630 865 1657 distinctam

81 1680 169 1708 voluit
177 1679 245 1716 (23).
256 1678 309 1706 Sed
317 1679 389 1710 enim
402 1678 484 1705 hasce
493 1677 643 1705 divisiones
657 1675 802 1703 Mauricius
812 1674 869 1710 (24)

83 1725 272 1761 perturbavit,
287 1723 360 1758 quod
375 1723 421 1750 ubi
435 1730 479 1750 res
495 1722 563 1749 feret
586 1721 714 1748 narrabo.
735 1721 868 1752 Aramus,

83 1772 163 1799 Arato
176 1769 283 1806 genito,
298 1770 446 1804 longazvam
460 1768 544 1794 vitam
560 1766 677 1801 denique
690 1765 796 1792 clausit.

121 1817 147 1844 7.
166 1815 262 1843 Araus
275 1814 387 1850 pulcher
399 1812 491 1840 Arami
507 1812 578 1839 ﬁlius
590 1810 713 1838 eumdem
728 1810 867 1840 honorem,

85 1870 140 1898 quo
164 1865 242 1897 pater
268 1859 380 1887 affectus
405 1858 511 1891 fuerat,
539 1865 554 1883 a
579 1856 648 1884 Nino
671 1855 772 1884 retulit.
800 1853 870 1881 Nino

87 1913 178 1937 autem
196 1907 332 1935 evstincto
345 1926 352 1940 ,
369 1909 493 1941 proterva
517 1904 562 1931 illa
585 1901 745 1929 Samiramis
762 1901 869 1927 Aratum

88 1953 231 1989 cupiditati
245 1960 301 1980 suae
316 1952 426 1979 minime
440 1951 634 1985 obsequentem
647 1948 718 1976 bello
729 1951 872 1983 persecuta

88 2004 146 2032 est.
161 2003 193 2026 ut
208 1999 235 2026 in
253 2005 330 2025 suam
347 2000 508 2032 potestatem
524 1994 674 2029 redigeret,
692 1992 738 2027 qui
758 1992 870 2021 interim

90 2046 118 2073 in
133 2045 261 2073 conﬁictu
276 2044 375 2071 bellico
387 2043 477 2078 periit.
499 2040 604 2068 Exinde
619 2039 763 2075 impudens
777 2037 870 2065 eadem

91 2090 253 2119 Samiramis
272 2089 407 2116 munitum
430 2087 497 2115 illud
524 2086 652 2122 oppidum
673 2084 808 2118 condidit,
828 2083 873 2111 cui

91 2137 126 2166 ad
142 2138 214 2164 hanc
229 2143 316 2170 usque
330 2135 401 2162 diem
417 2137 507 2160 manet
522 2132 665 2167 appellatio
680 2130 737 2157 Van
754 2130 810 2166 (‘25)
825 2139 831 2157 :
847 2130 874 2157 in

92 2183 253 2211 Cardosium
272 2185 378 2212 autem,
400 2175 469 2207 Δῖ·εεί
486 2179 570 2206 ﬁliuni
589 2182 713 2212 captum,
731 2177 805 2205 Araci
826 2183 876 2203 no-

907 256 1088 283 Anusavanus
1098 275 1106 288 ,
1119 254 1164 288 qui
1178 252 1267 280 Sausii
1281 259 1379 279 nomen
1391 251 1443 278 sibi
1457 250 1623 281 vindicavit,
1639 249 1694 275 for-

908 301 1052 329 titudinem
1078 304 1105 328 et
1127 298 1299 335 prudentiam
1325 304 1354 324 re
1376 296 1512 330 dictisque
1534 295 1694 322 mirabiliter

907 355 963 383 pra:
977 355 1006 374 se
1018 347 1100 374 tulit:
1124 345 1193 380 apud
1219 343 1353 370 Zamaaum
1374 345 1466 369 autem
1487 341 1558 368 miro
1576 341 1694 368 ludibrio

909 392 1030 424 habitus,
1056 390 1235 418 nihilominus
1257 389 1408 415 amicorum
1431 386 1564 422 praesidiis
1589 390 1695 420 partem

907 439 1073 472 aliquantam
1085 435 1205 471 regionis
1219 438 1321 461 nostrae
1333 432 1506 468 impetravit:
1520 439 1583 459 mox
1596 435 1623 458 et
1634 431 1696 457 uni-

906 490 1023 510 versam.
1035 481 1101 508 Pnst
1115 481 1188 507 hunc
1202 479 1273 506 haud
1288 486 1338 514 pro
1351 478 1458 513 generis
1469 478 1541 512 jure,
1555 477 1602 505 sed
1615 480 1696 511 prout

909 529 1023 564 quisque
1039 531 1171 562 tyrannus
1186 525 1312 562 potentiae
1325 524 1428 551 viribus
1444 523 1617 558 prmpollebat
1627 542 1634 554 ,
1650 530 1696 549 re-

908 574 980 609 gioni
1003 576 1107 600 nostra:
1121 571 1255 598 universae
1269 568 1401 597 dominati
1417 572 1497 600 sunt,
1513 575 1629 603 quorum
1644 575 1696 594 no-

909 620 980 646 mina
996 619 1053 645 haec
1071 627 1078 644 :
1094 617 1227 648 Paretns,
1245 615 1385 645 Arbocus,
1410 613 1550 645 Zavanus,
1571 612 1696 639 Pharna-

907 673 970 696 ces,
986 663 1095 692 Surius.
1119 662 1206 697 Hujus
1229 664 1308 687 aetate
1330 658 1410 686 Jesus
1434 658 1500 685 Navi
1519 659 1561 685 vir
1581 658 1696 689 omlcbs,

908 717 1020 741 sanctus
1032 717 1058 741 et
1072 712 1151 740 fortis
1161 717 1223 738 cum
1232 708 1401 736 Chananasos
1414 706 1576 734 debellasset
1586 725 1593 736 ,
1608 713 1641 732 ex
1656 705 1699 731 his

909 759 1012 794 aliquot
1025 758 1125 794 Agram
1141 756 1339 793 profugerunt,
1354 753 1526 788 navibusque
1540 751 1701 779 conscensis

909 805 1033 832 Tharsim
1050 809 1163 831 tenuere
1173 823 1180 835 ,
1196 809 1255 837 qua:
1270 809 1314 828 res
1330 802 1440 826 constat
1455 806 1488 825 ex
1503 797 1583 825 titulo
1597 796 1699 823 colum-

911 851 955 878 nis
972 851 998 877 in
1024 849 1116 876 Africa
1138 848 1272 882 inscripto
1292 846 1367 874 hisce
1388 844 1498 872 verbis:
1515 842 1646 870 (Josuam
1661 841 1701 867 la-

875 881 898 910 Β
913 900 1019 923 tronem
1037 894 1170 930 fugientes
1191 881 1242 920 nos
1260 891 1399 927 principes
1421 889 1639 917 Chananaeorum
1655 894 1700 914 se-

916 942 965 970 des
987 941 1040 968 huc
1059 939 1251 967 transtulimus
1275 938 1341 972 (‘26).
1363 947 1371 962 ι
1385 936 1422 963 Ex
1435 936 1468 963 iis
1483 942 1555 962 unus
1579 932 1700 960 Chnidas

915 989 1001 1016 multo
1015 987 1230 1015 honestissimus
1246 986 1317 1012 inter
1334 987 1470 1012 nostrates
1484 980 1640 1009 Armeniam
1661 985 1701 1006 te-

915 1036 985 1063 nuit.
1012 1033 1138 1061 Profecto
1164 1040 1193 1060 re
1211 1031 1306 1059 sedulo
1319 1029 1491 1057 considerata
1505 1030 1612 1062 gentem
1625 1025 1700 1052 Gen-

915 1081 1039 1108 thuniam
1054 1080 1088 1107 ab
1101 1086 1133 1106 eo
1143 1081 1320 1114 propagatam
1337 1074 1514 1110 cognovimus
1527 1082 1534 1099 :
1549 1076 1576 1099 et
1591 1071 1699 1106 quidem

916 1128 993 1162 origo
1008 1125 1161 1153 Chananaea
1178 1122 1301 1150 moribus
1323 1121 1412 1156 gentis
1429 1119 1515 1154 ipsius
1529 1117 1697 1152 coarguitur.

952 1161 979 1200 Si.
999 1171 1065 1198 Post
1086 1169 1197 1196 Surium
1220 1167 1411 1198 Havanacius,
1432 1162 1582 1195 Vastacus,
1600 1161 1700 1188 ilaica-

917 1219 986 1247 cius.
1013 1217 1043 1244 In
1072 1219 1179 1243 aetatem
1205 1213 1315 1241 Belochi
1331 1211 1388 1247 (27)
1413 1209 1559 1237 Haicacius
1583 1207 1700 1234 traditur

918 1264 1065 1294 incidisse,
1082 1261 1192 1296 fatoque
1207 1259 1368 1295 perfunctus
1393 1257 1420 1284 in
1441 1255 1558 1291 quodam
1580 1253 1700 1281 tumultu

918 1315 1020 1339 temere
1036 1309 1070 1335 ab
1086 1315 1115 1334 se
1131 1307 1280 1334 concitato.
1297 1303 1385 1332 Secuti
1401 1306 1461 1329 sunt
1476 1301 1614 1328 Ambacns
1624 1318 1632 1330 ,
1647 1299 1701 1325 Ar-

919 1364 1004 1385 nacus
1014 1375 1022 1388 ,
1040 1354 1189 1385 Savarsus,
1201 1351 1329 1379 Noraerus
1342 1370 1349 1383 ,
1364 1349 1499 1376 Varamus
1510 1368 1517 1381 ,
1533 1346 1637 1377 Garus,
1650 1345 1702 1372 Go-

919 1410 1018 1433 racus,
1047 1400 1187 1430 Rhantus,
1216 1397 1362 1428 Enzacus,
1390 1395 1522 1425 Gelacus,
1549 1392 1700 1423 Haurzeus,

921 1448 1083 1475 Zarmmrus.
1101 1444 1152 1472 Hic
1168 1447 1325 1479 postremus
1340 1442 1404 1469 dum
1427 1440 1537 1467 Priamo
1557 1438 1702 1465 auxiliatur

921 1502 936 1522 a
952 1493 1076 1520 Tautano
1091 1491 1146 1526 (28)
1165 1489 1267 1517 missus
1283 1496 1346 1516 cum
1368 1487 1526 1521 Ethiopum
1548 1484 1668 1512 exercitu
1686 1491 1702 1511 a

922 1540 1039 1567 fortibus
1055 1537 1156 1565 Gratcis
1173 1537 1354 1570 interemptus
1376 1537 1429 1561 est.
1455 1531 1556 1559 Deinde
1575 1530 1704 1563 Perzius,

917 1585 1011 1613 Davidi
1028 1583 1136 1612 lsraelis
1149 1582 1205 1617 regi
1226 1579 1451 1615 contemporalis.
1466 1577 1535 1604 Tum
1549 1576 1699 1607 Arbunins,

916 1631 1055 1662 Bazucus,
1074 1629 1169 1661 lloius,
1184 1627 1311 1659 Jusacus.
1327 1619 1481 1660 Capacius,
1502 1622 1679 1651 Schaaordius
1690 1641 1697 1653 ,

916 1677 1052 1704 Panerus.
1064 1675 1114 1702 llic
1125 1675 1249 1702 Parterus
1261 1672 1408 1700 Sclueordii
1423 1671 1494 1698 filius
1504 1691 1511 1702 ,
1527 1670 1603 1697 Haici
1615 1670 1700 1704 stirpe

917 1729 1011 1755 ortus,
1035 1722 1107 1750 vires
1130 1729 1193 1748 cum
1217 1720 1340 1747 Varbace
1361 1718 1438 1745 Medo
1459 1716 1493 1744 ad
1517 1715 1700 1750 Sardanapal-

917 1771 973 1797 lum
987 1776 1070 1803 regno
1083 1766 1254 1802 spoliandum
1269 1764 1384 1792 contulit
1397 1773 1404 1791 :
1417 1763 1593 1798 quamobrem
1606 1761 1700 1789 diade-

919 1819 991 1842 mate
1006 1822 1022 1842 a
1036 1813 1157 1841 Varbace
1169 1813 1297 1843 donatus,
1311 1811 1416 1847 primus
1430 1817 1462 1837 ex
1479 1808 1606 1835 Haicanis
1620 1814 1700 1835 coro-

920 1864 1003 1888 natus
1019 1863 1073 1887 est.

957 1906 1000 1933 it).
1020 1904 1164 1932 Rhaciacus
1176 1903 1274 1930 Paratri
1289 1901 1360 1929 ﬁlius
1379 1908 1477 1928 nomen
1494 1899 1613 1926 Rhacitei
1639 1898 1704 1925 ade-

922 1955 985 1986 ptus
1005 1955 1048 1978 est
1069 1950 1102 1977 ab
1127 1949 1270 1976 oculorum
1288 1947 1431 1982 ﬂagrantia
1447 1946 1594 1980 vultusque
1615 1945 1706 1979 splen-

922 1997 988 2024 dore
1005 1996 1071 2031 (ΞΩ).
1087 1995 1174 2030 Hujus
1190 1997 1268 2022 aetate
1284 2001 1345 2020 cum
1362 1992 1648 2019 Nabuchodonosorus
1661 1990 1704 2017 Je-

923 2043 1122 2077 rosolymorum
1135 2041 1208 2068 cives
1220 2040 1248 2066 in
1259 2039 1444 2073 captivitatem
1456 2037 1633 2068 abduxisset,
1649 2036 1708 2070 ipse

924 2088 1032 2122 quidem
1049 2086 1206 2120 optimatem
1220 2083 1365 2119 quemdam
1381 2091 1396 2111 e
1409 2082 1525 2118 captivis
1539 2081 1640 2109 Judaais
1657 2089 1707 2109 no-

926 2134 998 2161 mine
1016 2132 1210 2159 Schambatum
1225 2138 1240 2157 a
1254 2129 1521 2157 Nabuchodonosoro
1536 2128 1707 2163 impetravit,

926 2186 1006 2215 quem
1028 2177 1226 2213 perhonoriﬁce
1248 2175 1319 2212 apud
1336 2183 1365 2203 se
1386 2175 1501 2203 habuit:
1520 2178 1602 2210 atque
1621 2181 1654 2202 ex
1675 2181 1710 2201 eo

92 2236 155 2256 men
168 2227 319 2255 transtulit.
337 2226 383 2252 Illa
400 2232 462 2252 mox
477 2232 493 2251 a
507 2223 652 2251 Zoroastre
664 2229 760 2257 mago,
783 2221 877 2249 Media:
893 2227 915 2261 ι)
929 2233 995 2261 gens
1008 2223 1171 2259 Bagratunia
1184 2222 1316 2250 manavit.
1328 2221 1417 2255 Quare
1431 2224 1458 2248 et
1473 2220 1594 2248 Sembati
1609 2227 1710 2248 nomen

93 2276 233 2313 principe.
248 2267 319 2302 bello
334 2273 451 2309 appetita
467 2275 509 2299 est
524 2281 531 2299 :
549 2271 582 2299 ab
605 2278 636 2298 eo
656 2271 761 2299 scilicet
776 2271 878 2298 Ζοτοδε

95 2328 170 2355 stre,
186 2321 230 2349 cui
245 2319 393 2360 quotannis
414 2317 441 2346 iii
462 2317 618 2345 Armeniam
638 2317 775 2345 ventitans
795 2317 879 2353 Assyu

95 2370 165 2395 riam
188 2366 332 2402 regendam
353 2364 538 2400 permittebat.
561 2363 590 2390 ld
609 2363 708 2390 bellum
724 2363 802 2390 Arato
811 2371 879 2398 quo-

96 2421 148 2449 que
165 2413 235 2440 Arazi
250 2411 304 2439 ﬁlio
323 2411 403 2438 fatale
419 2409 469 2436 fuit
483 2419 489 2437 :
505 2409 571 2444 quin
590 2412 617 2436 et
635 2409 741 2443 impura
760 2407 879 2435 Samira-

96 2459 150 2486 mis
169 2457 240 2492 dum}
258 2456 348 2491 fugam
363 2456 390 2483 in
415 2455 570 2482 Armeniam
585 2453 704 2486 molitur,
721 2453 818 2480 Zammi
833 2454 879 2480 lilii

98 2504 140 2532 sui
155 2510 253 2535 manu,
267 2502 314 2537 qui
329 2505 370 2529 est
384 2500 488 2528 Ninuas
498 2520 505 2533 ,
523 2499 663 2527 interfecta
677 2503 728 2526 est.

215 2590 299 2622 Hist,
316 2598 342 2622 I,
360 2589 452 2617 11-15.

213 2625 276 2653 Haec
293 2621 371 2652 urbs
396 2625 507 2658 antiquo
532 2622 641 2651 nomine
660 2621 877 2658 _fVeplterocerte,

135 2590 194 2661 ἓὲέ

100 2655 233 2689 hodierno
251 2659 426 2694 Muphargln'n
436 2680 443 2689 ,
462 2655 518 2686 sub
538 2658 646 2694 juniore
660 2655 812 2684 Theodosio
826 2657 879 2684 dici

101 2697 183 2730 vulgo
200 2696 283 2730 erepit
296 2694 362 2722 Urbs
378 2694 537 2728 Martyrum.

137 2731 195 2767 (‘23)
214 2731 341 2767 Aramus.

136 2761 192 2801 (‘24)
214 2765 285 2792 Nihil
301 2765 351 2801 hac
366 2772 447 2799 super
461 2771 488 2801 re
499 2763 652 2801 posteriore
667 2763 693 2801 i3
710 2761 880 2801 parteSum-

103 2797 189 2828 marii
199 2800 294 2829 scribit
313 2797 421 2828 Samuel
441 2799 474 2826 ad
499 2797 656 2834 imperantis
671 2797 791 2826 Mauricii
813 2803 880 2823 lem-

124 2844 181 2863 ora.

105 2845 195 2901 puli-35.))
218 2870 295 2898 Nunc
310 2870 388 2897 etiam
407 2870 457 2898 ista
475 2869 501 2896 in
516 2869 581 2896 urbe
596 2876 709 2902 magnus
730 2867 878 2893 Turcartun

928 2275 970 2300 est
984 2279 998 2298 a
1014 2270 1186 2298 Sehambato.
1199 2269 1265 2297 Post
1279 2268 1434 2296 Rhaeiaeum
1451 2268 1574 2295 diadema
1587 2266 1709 2295 Pharnaq

928 2325 977 2344 vas
992 2316 1106 2351 adeptus
1119 2319 1160 2343 est
1173 2325 1179 2342 :
1196 2320 1253 2342 tum
1266 2313 1408 2346 Pauetus,
1424 2313 1575 2345 Cornacus,
1590 2313 1708 2344 Phavus.

929 2362 1066 2390 Haicacus
1075 2382 1083 2393 ,
1098 2360 1241 2388 Ervandus
1250 2380 1258 2394 ,
1276 2359 1416 2395 Tigranes.

965 2409 1010 2436 Η.
1032 2408 1081 2436 llic
1098 2407 1230 2442 Tigranes
1245 2406 1367 2433 omnium
1382 2405 1429 2440 qui
1446 2405 1497 2432 sibi
1514 2407 1708 2440 praeesserant

931 2454 1138 2491 potentissimus
1155 2453 1206 2480 fuit
1220 2461 1226 2479 :
1242 2452 1321 2487 cujus
1334 2451 1490 2486 praestantis
1501 2450 1641 2486 dignitatis
1655 2450 1709 2477 lau-

931 2501 978 2527 des
999 2507 1032 2527 ex
1050 2498 1164 2531 historia
1185 2498 1275 2532 magni
1294 2496 1377 2525 Mosis
1399 2503 1564 2531 cognoscere
1590 2495 1660 2522 licet.
1683 2495 1712 2523 lit

933 2591 1041 2621 satrapa
1057 2585 1139 2621 degit.

967 2614 1023 2658 (26')
1039 2614 1114 2658 7Ran
1125 2640 1132 2652 ,
1147 2623 1262 2658 praeter
1279 2618 1480 2658 Qhorenenscm
1505 2616 1613 2658 (Ilium:
1699 2617 1718 2644 ,‘

932 2650 1026 2685 narrat
1039 2650 1189 2690 Procopius
1204 2654 1273 2682 Bell.
1291 2654 1375 2681 Vand.
1391 2653 1436 2690 lib.
1453 2660 1489 2682 η,
1511 2653 1560 2682 10,
1576 2650 1708 2676 illustrat-

932 2687 1156 2728 qneBoehartus
1170 2689 1248 2728 σασα.
1265 2697 1334 2716 sacr.
1352 2696 1378 2720 ι,
1396 2687 1441 2714 24.

970 2727 1026 2762 1⁸27)
1046 2725 1129 2762 Begis
1143 2725 1329 2762 Assyriorum.

968 2756 1025 2796 (2’8)
1046 2756 1146 2788 Confer
1158 2756 1303 2787 Eusebium
1322 2757 1406 2796 I._15,
1423 2756 1485 2796 4,5.

969 2788 1024 2832 (29)
1039 2795 1158 2823 Aliorum
1168 2802 1276 2832 quoque
1287 2788 1424 2820 nominum
1437 2792 1526 2817 liceret
1534 2788 1712 2825 etymologia

933 2830 1077 2867 ploras»un
1094 2830 1196 2857 venari.
