1911 3136
193 163 246 190 639

683 154 852 182 APPENDIX
872 154 916 181 Al)
932 135 1066 180 El‘SEiill
1089 150 1296 179 CHRONICON.

1760 145 1814 174 θιο

195 228 284 248 nouus
299 222 358 246 erat
372 225 386 245 a
402 217 509 244 Paraero
524 215 612 251 primo
633 222 697 249 rege
707 233 715 246 ,
736 213 769 240 ad
792 221 872 248 quem
894 212 978 239 Sene-
992 214 1013 241 Α
1031 210 1151 246 prudens
1158 209 1332 242 esset,multa
1343 215 1374 235 ac
1385 206 1510 242 perutilia
1521 204 1644 233 instituta
1656 203 1811 236 adornavit,

195 265 310 294 cherimi
326 264 372 292 lilii
391 262 604 290 Adramclechus
620 264 647 288 et
669 260 824 287 Sanasarus
846 266 908 286 cum
930 265 978 292 pa-

196 317 300 340 rentem
323 309 527 338 interfecissent
553 307 608 343 (50)
635 306 826 342 profugerunt.
854 304 978 331 Parterus

196 363 285 386 autem
305 355 469 383 Sanasarum
484 355 513 381 in
529 353 653 388 partibus
669 351 810 387 Assyriam
830 349 978 385 spectanti-

196 405 247 432 bus
272 401 430 432 collocavit,
453 399 533 434 cujus
558 398 660 426 sobolis
681 398 847 424 incrementa
872 395 977 422 Simum

197 453 314 476 montem
334 447 521 480 repleverunt.
539 453 572 472 ex
589 445 678 480 iisque
692 443 815 470 nonnulli
835 441 977 477 prudentia

197 500 224 523 et
239 494 366 521 ﬁdelitate
382 492 522 527 conspicui
546 490 723 527 prmfccturas
742 488 882 516 consecuti
904 490 977 514 sunt.

196 541 255 568 Jam
270 540 303 567 ab
315 539 500 567 Adramolano
513 539 565 565 orti
581 541 645 564 sunt
655 535 797 564 Arzerunii
813 539 839 562 et
853 533 979 561 Genunii.

196 587 218 614 A
235 586 388 614 Paschamo
401 590 492 612 autem
511 583 632 610 Haicacii
651 583 708 617 (3i)
732 585 829 616 nepote
849 581 980 615 originem

196 633 275 660 duxit
304 631 491 667 Angeldunus.
518 629 643 656 .lamvero
665 627 798 662 Tigranes
818 625 959 660 Asdahage
973 644 980 655 ,

197 680 243 714 qui
261 679 414 713 explicatur
431 677 514 703 draco
531 675 586 710 (52)
598 695 605 707 ,
627 673 789 704 interfecto,
813 671 932 698 Anusam
950 670 982 696 ll-

197 725 251 751 lius
263 724 328 751 olim
346 730 457 750 uxorem
474 729 534 748 cum
551 719 672 754 ejusdem
691 718 762 745 omni
782 717 907 752 progenie
920 723 982 750 par-

197 770 247 796 tim
265 773 325 804 post
339 769 437 804 partim
455 767 487 793 ad
505 767 588 793 imum
603 765 743 791 Masisium
762 768 879 789 montem
898 762 983 788 collo-

198 815 287 847 cavit,
304 821 401 848 nempe
413 814 439 840 in
453 812 584 838 Tambato
596 818 683 844 usque
697 809 730 835 ad
742 808 876 835 Golthiam
890 816 897 834 :
913 807 984 834 unde

202 859 385 888 Vernonzunii
403 859 559 892 Astaiaaque
575 859 732 883 manarunt.

1030 255 1206 291 prtefecturas
1220 263 1251 282 ac
1267 254 1436 289 principatus
1447 252 1561 283 detulit,
1579 251 1691 278 familiis
1702 270 1709 282 ,
1726 251 1813 286 genti-

1029 301 1096 332 bus,
1113 300 1226 327 urbibus
1237 319 1245 331 ,
1261 298 1382 326 castellis
1393 318 1400 330 ,
1419 297 1495 332 pagis
1507 316 1514 327 .
1530 295 1670 322 militibus
1693 303 1727 322 ac
1743 302 1812 330 pra:-

1031 347 1136 375 toribus
1150 350 1223 374 recte
1236 345 1435 373 constituendis
1450 350 1559 378 operam
1580 341 1730 377 impendit,
1753 348 1814 376 qua

1031 399 1076 419 res
1089 392 1208 419 breviter
1224 390 1415 426 perecnsendae
1427 393 1500 417 sunt.

1067 438 1110 465 l5.
1130 437 1239 464 lnitiutn
1259 437 1331 464 enim
1352 444 1367 462 a
1388 436 1475 471 capite
1496 443 1547 463 suo
1566 435 1670 462 faciens
1695 433 1815 468 Bagam-

1031 487 1088 511 tum
1105 484 1226 511 Judaeum
1262 486 1438 510 coronantem
1473 486 1553 517 atq-ue
1574 481 1691 516 equitem
1722 484 1812 510 creat.

1032 531 1084 558 hoc
1103 531 1233 558 nimirum
1253 530 1356 557 honore
1377 536 1510 556 concesso
1531 532 1560 555 ut
1581 527 1706 555 diadema
1733 526 1814 560 capiti

1031 577 1103 611 regis
1118 577 1248 611 imponat.
1273 575 1425 607 Praeterea,
1441 575 1486 610 qui
1509 574 1560 602 sibi
1580 573 1755 601 chirothecas
1774 573 1816 599 in-

1032 623 1116 649 duant
1137 621 1307 648 Chananteos
1322 620 1455 655 quosdam
1476 620 1558 654 legit,
1574 626 1690 654 eamque
1706 621 1813 653 gentem

1033 667 1148 702 appellat
1162 665 1332 693 Genthunios
1343 686 1349 698 ,
1364 665 1435 692 haud
1453 666 1511 693 scio
1525 673 1557 692 an
1574 672 1589 691 a
1610 664 1729 692 Chnida.
1750 664 1816 691 Cor-

1033 712 1109 748 poris
1124 712 1165 739 sui
1178 711 1318 738 custodem
1333 711 1366 738 de
1378 711 1460 738 Chori
1476 710 1589 738 llaicaui
1603 711 1689 745 stirpe
1701 709 1818 736 Malcha—

1034 766 1094 785 zum
1116 757 1199 785 facit:
1225 757 1272 784 sed
1296 758 1441 792 pristinum
1467 757 1556 792 gentis
1582 764 1681 783 nomen
1705 756 1817 783 retinuit

1035 803 1296 831 Malchazuniorum.
1308 802 1488 830 Venationum
1502 802 1657 838 praefectum
1669 810 1732 830 esse
1743 802 1819 836 jubet

1035 850 1133 877 Datum
1150 849 1268 876 Carnico
1281 848 1396 876 Gelamii
1413 848 1468 876 tilio
1482 848 1602 883 genitum
1617 857 1623 874 :
1647 848 1729 882 cujus
1749 847 1818 874 ﬁlius

234 905 277 933 12.
299 904 411 939 Tigrani
435 883 522 930 liberij
539 901 596 929 nati
620 904 683 928 sunt
706 899 822 929 Babius,
846 897 979 927 Tit-anus.
1001 883 1021 909 Β
1035 895 1178 928 Varazus;
1204 896 1382 931 ejusdemque
1406 895 1440 922 de
1462 896 1571 923 nomine
1583 904 1649 931 gens
1667 894 1819 922 Varazunia

199 950 328 986 Vahagus
345 958 359 976 a
376 957 430 985 quo
445 948 611 983 Vahagenii,
628 946 783 973 Aravanius
803 951 817 970 a
843 951 897 977 quo
920 946 986 970 sunt-

200 997 376 1024 Araveniani.
396 995 437 1022 Ab
451 995 577 1021 Aravano
595 992 709 1022 Nerses.
724 999 738 1018 a
754 991 837 1018 Nerse
851 989 983 1017 Zarehius

202 1052 217 1070 a
236 1051 290 1078 quo
305 1049 370 1077 gens
389 1039 586 1067 Zarehavania.
607 1039 628 1064 A
650 1037 765 1064 Zarehio
787 1038 934 1070 Armoges;
951 1035 987 1061 ab

203 1089 320 1123 Armoge
335 1087 470 1121 Bagamus
484 1093 492 1118 ;
516 1093 531 1112 a
547 1084 665 1119 Bagamo
681 1082 788 1115 Vanus,
809 1090 824 1109 a
842 1081 918 1108 Vane
933 1080 985 1107 Va-

202 1135 260 1161 hes.
275 1134 300 1161 ls
313 1140 374 1160 cum
391 1130 544 1158 Alexandro
555 1129 697 1156 Macedone
709 1129 881 1155 conﬂictatus
904 1128 985 1153 inter~

204 1180 245 1207 iit.
271 1179 320 1206 Hic
338 1178 417 1205 tinem
433 1176 583 1204 dominatio
595 1174 721 1201 liaicanae
734 1174 828 1208 stirpis
840 1176 918 1199 nacta
932 1176 984 1199 est.

203 1225 273 1252 llinc
288 1227 378 1251 autem
394 1223 427 1249 ad
443 1222 616 1248 Valarsaccm
641 1220 667 1247 in
685 1219 811 1247 Armenia
828 1224 986 1254 regnantem

203 1270 270 1298 nihil
285 1270 352 1297 satis
366 1274 470 1296 certum
486 1267 608 1302 proferre
623 1267 704 1297 licet,
719 1265 880 1292 tumultibus
896 1264 986 1292 omnia

205 1316 358 1343 tenentibus
368 1315 520 1349 populoque
534 1314 560 1340 in
576 1317 686 1340 mutuas
700 1312 786 1339 credes
798 1315 893 1339 ruente
907 1320 913 1338 :
927 1318 987 1345 qua:

204 1370 247 1389 res
258 1360 576 1388 Iacilemf‘arthoArsaci
593 1360 620 1386 in
635 1358 789 1386 Armeniam
805 1357 906 1385 aditum
917 1364 986 1392 prm-

203 1407 280 1437 buit,
298 1405 344 1440 qui
361 1405 471 1440 quidem
486 1412 576 1439 regem
594 1403 729 1430 Armeniae
744 1402 918 1430 Valarsaccm
934 1402 988 1428 fra-

206 1457 274 1480 trem
297 1451 429 1486 przel‘ccit.
446 1451 532 1478 Porro
548 1458 563 1476 a
579 1450 642 1476 Belo
657 1449 732 1476 llaici
748 1457 828 1476 manu
845 1448 989 1476 interfecto

206 1506 292 1533 usque
303 1498 336 1524 ad
349 1496 522 1524 Valarsacem
535 1496 600 1523 anni
615 1503 732 1523 nneccct.
743 1515 750 1528 ,
762 1495 802 1522 vel
815 1502 970 1522 Inccccxut
980 1515 987 1526 ,

206 1546 403 1578 congeruntur.

241 1589 285 1616 15.
314 1587 460 1622 Postquam
489 1586 614 1614 llaicanze
651 1586 745 1620 stirpis
774 1585 916 1619 imperium
956 1584 990 1610 ab

207 1633 360 1662 Alexandro
375 1633 491 1660 deletum
514 1638 572 1664 est,
596 1636 709 1667 postque
736 1631 821 1665 ipsius
845 1629 989 1656 Alexandri

207 1688 278 1708 anno
293 1679 365 1713 regni
378 1678 538 1705 duodecimo
553 1679 655 1705 obitum
667 1697 674 1709 ,
689 1677 802 1712 imperio
815 1676 874 1711 ejus
887 1676 912 1702 in
923 1683 990 1710 qua-

207 1730 269 1753 tuor
296 1725 391 1755 duces,
411 1727 440 1750 ut
463 1724 518 1757 jam
535 1723 669 1755 diximus.
687 1723 793 1756 diviso;
817 1730 849 1750 ex
865 1722 907 1749 his
921 1729 990 1748 unus

208 1771 338 1799 Seleucus
365 1769 525 1804 Babylonem
554 1773 615 1803 post
637 1769 818 1796 Alexandrum
832 1768 934 1799 tenuit,
959 1775 993 1794 ac-

208 1819 304 1851 przeter
314 1815 381 1842 alias
387 1819 490 1849 gentes,
499 1814 613 1841 Parthus
629 1821 735 1849 quoque
746 1813 847 1848 ingenti
858 1813 927 1840 bello
935 1820 992 1847 per-

207 1861 312 1889 domuit
322 1881 329 1892 ,
347 1868 398 1896 qua
413 1869 446 1888 ex
469 1869 497 1888 re
511 1865 718 1894 cognomentum
734 1859 876 1886 Nicanoris
889 1859 989 1886 retulit.

207 1906 233 1935 Is
247 1907 326 1934 annis
340 1914 404 1933 χιιι
419 1906 550 1941 regnavit.
563 1905 660 1932 Deinde
667 1906 816 1932 Antiochus
839 1904 917 1932 Soter
932 1904 991 1938 ejus

207 1953 280 1980 ﬁlius
296 1952 376 1980 annis
392 1960 447 1978 xu.
461 1951 529 1978 Tum
545 1951 695 1979 Antiochus
709 1951 778 1978 Deus
790 1951 868 1978 annis
879 1959 923 1977 xv.
937 1950 991 1977 llu-

205 1998 252 2033 jus
265 1997 410 2025 undecimo
423 2004 496 2024 anno
511 1996 687 2024 Macedonum
702 1996 885 2024 obedientiam
899 1995 990 2022 Parthi

208 2044 340 2078 abjiciunt
351 2064 357 2075 .
373 2043 443 2078 apud
459 2050 527 2078 quos
541 2043 646 2078 prinuts
662 2046 757 2076 regnat
773 2041 862 2069 Fortis
882 2042 927 2069 ille
946 2041 993 2069 Ar-

209 2097 286 2117 saces
296 2110 304 2124 ,
319 2089 467 2116 Abrahami
482 2096 580 2124 genere
595 2093 672 2116 ortus
687 2088 721 2115 de
734 2092 812 2123 gente
826 2087 947 2120 Ceturaa,
965 2087 991 2114 in

209 2135 276 2163 urbe
287 2136 332 2162 cui
347 2143 446 2163 nomen
463 2135 553 2161 Bahlte
568 2135 646 2162 annis
661 2142 738 2161 xxvi.
755 2134 857 2161 Deinde
871 2134 992 2169 ejusdem

211 2181 283 2208 ﬁlius
297 2182 413 2209 Artaxes
429 2180 508 2208 annis
524 2188 586 2208 XLVI
602 2189 608 2212 ς
625 2185 686 2215 post
706 2188 785 2215 quem
810 2180 923 2216 Magnus
943 2180 994 2207 Ar-

211 2232 288 2253 saces
303 2233 381 2253 annis
397 2234 450 2253 LIV.

247 2270 291 2297 Η.
314 2269 429 2305 Magnus
444 2272 487 2299 hic
502 2271 619 2299 Arsaces
638 2271 810 2298 Valarsacem
828 2270 937 2298 fratrem
952 2271 997 2297 Ar-

211 2315 307 2343 menia:
319 2320 419 2343 nostrae.
434 2325 524 2352 regem
538 2318 668 2352 imposuit
679 2325 751 2343 anno
765 2317 900 2344 Ptolemaei
919 2316 998 2343 Ever.

211 2365 278 2395 gelat
292 2361 424 2388 vicesimo
439 2363 554 2397 septimo
565 2383 572 2394 ,
587 2362 749 2398 Olympiadis
763 2368 850 2390 autem
864 2362 998 2397 sexagesi-

211 2413 262 2433 nire
275 2406 398 2440 septimte
413 2415 493 2442 supra
519 2407 694 2435 centesimam
714 2415 786 2435 anno
801 2412 914 2441 quarto,
936 2415 996 2442 per-

213 2450 305 2478 missis
319 2450 343 2477 ei
361 2451 519 2485 regionibus
532 2451 637 2478 nostris
652 2458 713 2485 quae
734 2451 948 2486 septentrionem
969 2454 996 2477 et

211 2503 338 2524 occasum
353 2500 486 2531 spectant.
503 2496 527 2524 Is
540 2500 629 2524 autem
656 2504 718 2524 cum
734 2497 775 2524 vir
789 2496 866 2524 l‘ortis
879 2496 958 2524 simul
971 2499 996 2522 et

247 2581 303 2616 (50)
319 2581 390 2616 Lege
404 2581 548 2609 Eusebium
566 2590 583 2610 t.
597 2582 623 2614 5,
643 2583 665 2608 Ι.

247 2617 304 2652 (51)
322 2617 450 2644 Mendose
478 2617 504 2652 in
529 2617 647 2644 editione
660 2616 756 2652 illlosis
777 2617 859 2644 Chor.
893 2616 969 2652 Haici
985 2624 995 2642 :

213 2660 280 2693 nam.
302 2657 328 2679 et
355 2652 464 2680 codices
489 2651 571 2680 Mosis
596 2656 623 2678 et
656 2651 763 2680 Samuel
795 2653 893 2679 habent
929 2651 995 2677 llai-

214 2695 291 2714 (ιιιῚι.

250 2722 305 2753 (32)
321 2722 390 2757 Lege
404 2721 548 2749 Eusebium
565 2730 582 2753 ι,
604 2722 629 2752 5,
647 2722 673 2753 5,
687 2726 745 2749 not.

252 2756 306 2792 (55)
322 2756 424 2792 Nempe
442 2757 559 2792 aquilam
575 2763 715 2790 gestantes.

251 2791 306 2827 (ξι)
322 2791 428 2827 Nempe
442 2793 494 2819 vini
510 2800 599 2818 curam
611 2798 736 2826 gerent“.

252 2826 308 2861 (55)
322 2825 422 2861 Nempe
437 2828 502 2854 cwdi
511 2825 672 2861 prmpositos.

255 2860 309 2894 (3‘5)
328 2860 427 2896 Nempe.
441 2870 560 2896 aucupes.

1035 944 1178 979 appellata.
1201 943 1269 970 Tum
1293 947 1319 970 et
1344 942 1447 969 Gabalo
1463 949 1577 970 annona:
1591 950 1646 969 sua:
1659 950 1755 969 curam
1771 943 1818 970 de-

1035 990 1163 1022 mandat,
1175 993 1202 1017 et
1213 990 1295 1017 Abclo
1307 997 1399 1017 rerum
1413 989 1674 1016 administrationem
1686 1009 1693 1020 ,
1710 989 1818 1017 traditis

1034 1037 1114 1063 etiam
1136 1036 1252 1072 oppidis.
1276 1037 1387 1063 Illorum
1404 1036 1514 1062 nomina
1542 1041 1635 1071 gentes
1650 1035 1764 1063 szelia
1780 1040 1820 1062 at-

1035 1090 1087 1117 que
1101 1082 1194 1109 Abelia
1207 1083 1336 1110 retinent.
1354 1082 1453 1109 Statuit
1467 1086 1494 1108 et
1509 1081 1661 1108 Arzrunios
1676 1090 1722 1108 seu
1740 1082 1820 1109 Arti-

1036 1129 1133 1156 vunios
1147 1129 1202 1164 (5'3)
1217 1138 1223 1161 ;
1239 1133 1296 1155 tum
1312 1134 1339 1156 et
1353 1127 1506 1155 Ghinunios
1521 1136 1566 1154 seu
1587 1127 1741 1154 Ghiniunos
1754 1127 1820 1162 (3‘).

1035 1176 1124 1210 Atque
1140 1175 1166 1202 hi
1183 1174 1291 1210 quidem
1308 1174 1341 1202 de
1355 1182 1453 1210 genere
1469 1173 1653 1201 Senecherimi
1668 1178 1758 1200 erant.
1775 1173 1823 1200 Fe-

1037 1220 1071 1246 cit
1095 1223 1122 1246 et
1143 1219 1317 1254 Spandunios
1338 1219 1413 1254 (55),
1437 1218 1483 1253 qui
1505 1218 1557 1245 sibi
1580 1218 1724 1245 macellum
1747 1225 1823 1245 com-

1036 1265 1193 1292 mendatum
1219 1266 1368 1292 haberent:
1393 1265 1457 1292 item
1480 1264 1656 1292 Havenunios
1679 1264 1754 1298 (56),
1776 1264 1823 1298 qui

1036 1312 1180 1347 accipitres
1193 1315 1332 1347 gestarent
1346 1315 1372 1339 et
1395 1315 1524 1346 caperent
1539 1322 1545 1339 :
1566 1319 1663 1338 rursus
1686 1309 1824 1337 liunaca—

1037 1365 1087 1385 nos
1109 1358 1182 1392 (57),
1197 1358 1243 1392 qui
1260 1358 1348 1385 nivem
1369 1362 1463 1386 aestate
1480 1362 1664 1386 asservarent.
1688 1357 1759 1386 Exin
1783 1365 1825 1385 re-

1037 1404 1087 1438 giae
1101 1403 1227 1430 custodes
1242 1403 1307 1438 legit
1321 1403 1372 1430 sibi
1386 1403 1419 1430 de
1435 1403 1587 1438 priscorum
1610 1412 1704 1439 regum
1726 1412 1824 1439 proge-

1039 1449 1082 1477 nie
1093 1469 1100 1480 .
1119 1449 1165 1484 qui
1182 1449 1284 1476 diserte
1297 1449 1391 1476 Ostani
1406 1449 1462 1485 (58)
1479 1451 1627 1485 nuncupati
1651 1455 1732 1482 sunt,
1756 1458 1824 1485 quos

1039 1495 1129 1522 adhuc
1143 1495 1233 1523 lberes
1249 1494 1425 1529 Sephezulios
1440 1495 1571 1523 Vocitant.
1586 1495 1709 1531 Denique
1726 1504 1826 1523 secun-

1003 1549 1024 1578 c
1041 1541 1090 1568 dos
1105 1545 1165 1576 post
1182 1549 1271 1576 regem
1287 1541 1348 1576 fecit
1363 1548 1410 1568 eos
1425 1541 1471 1576 qui
1483 1536 1564 1568 erant
1577 1541 1610 1569 de
1625 1549 1725 1577 genere
1740 1542 1826 1575 Asda-

1044 1587 1122 1622 hagis
1134 1586 1203 1613 Medi
1214 1606 1221 1618 .
1236 1587 1335 1621 quibus
1351 1586 1490 1614 Murcnses
1505 1594 1605 1614 nomen
1619 1592 1671 1615 est.

1078 1632 1121 1660 16.
1142 1632 1198 1667 Age
1211 1640 1276 1660 vero
1291 1633 1424 1660 orientem
1439 1641 1536 1661 versus
1560 1633 1738 1668 praefecturas
1759 1634 1826 1662 duas

1043 1678 1185 1705 constituit
1201 1678 1370 1705 Sisacaniam
1382 1697 1390 1711 ,
1406 1679 1434 1706 in
1450 1686 1536 1713 caque
1558 1679 1652 1706 Cadmi
1672 1679 1825 1711 familiam;

1044 1724 1114 1751 inter
1129 1724 1195 1752 solis
1208 1729 1296 1751 autem
1311 1727 1401 1751 Ortum
1418 1729 1445 1752 et
1467 1725 1575 1752 boream
1594 1724 1713 1751 Aranum
1737 1726 1827 1760 posuit

1043 1768 1199 1803 prmfcctum
1217 1769 1250 1796 de
1266 1769 1350 1805 stirpe
1366 1768 1464 1797 Sisaci.
1481 1769 1517 1796 Ea
1533 1777 1597 1797 vero
1617 1771 1692 1805 regio
1715 1775 1827 1805 propter

1044 1821 1141 1841 suaves
1168 1815 1319 1842 incolarum
1348 1823 1438 1843 mores
1464 1815 1568 1842 Aluana
1595 1815 1652 1851 (59)
1677 1816 1750 1843 dicta
1776 1820 1825 1843 est.

1044 1858 1131 1894 Hujus
1153 1867 1167 1886 a
1194 1860 1278 1895 stirpe
1296 1863 1387 1887 manat
1412 1868 1478 1895 gens
1498 1860 1650 1888 Uteorum:
1676 1864 1734 1886 tum
1759 1859 1827 1887 Gar-

1045 1905 1234 1933 dtnanensium
1260 1910 1286 1933 et
1309 1906 1489 1934 Zaudensium
1506 1906 1561 1942 (40)
1576 1910 1602 1934 et
1616 1905 1826 1942 Gargarensium

1045 1952 1225 1987 principatus.
1244 1952 1356 1981 Gusaris
1372 1958 1461 1981 tamen
1476 1953 1558 1980 Sarzei
1576 1954 1659 1988 stirpe
1673 1958 1752 1981 ortus
1766 1961 1827 1989 pos-

1045 1998 1173 2026 sidendas
1187 1999 1291 2034 accepit
1303 2000 1462 2035 Cangariam
1478 2003 1558 2034 atque
1571 1998 1745 2028 Zavarhiam.
1754 2000 1828 2034 prin-

1045 2044 1164 2078 cipatum
1181 2044 1244 2071 item
1260 2043 1416 2072 Tasirorum
1433 2048 1513 2079 atque
1527 2044 1665 2072 Asozium.
1681 2044 1741 2072 lam
1758 2053 1773 2072 c
1786 2053 1828 2072 re-

1046 2089 1125 2124 gione
1137 2089 1252 2116 Caucasi
1268 2090 1386 2116 validum
1402 2090 1530 2125 populum
1540 2110 1549 2123 ,
1564 2090 1597 2118 de
1611 2098 1708 2126 genere
1722 2090 1829 2117 Mithri-

1046 2132 1116 2160 datis
1130 2132 1202 2159 Darii
1220 2137 1337 2168 satrapa:
1357 2135 1521 2167 collocavit,
1545 2142 1658 2169 eamque
1682 2135 1827 2170 appellavit

1047 2177 1246 2214 Gugarensium
1274 2179 1475 2214 praefecturam.
1504 2180 1572 2207 Exin
1601 2180 1627 2207 in
1656 2181 1744 2215 ampla
1761 2181 1829 2207 valle

1011 2226 1032 2252 1)
1048 2223 1193 2251 Basenensi
1220 2225 1402 2260 principatum
1430 2225 1504 2253 dedit
1531 2226 1607 2260 stirpi
1632 2225 1752 2252 llaicacii
1779 2225 1828 2252 0r-

1049 2269 1210 2297 duniensem
1229 2271 1405 2305 appellatum.
1422 2270 1549 2304 Tum,de
1573 2270 1715 2298 Pascbami
1729 2279 1829 2305 genere

1048 2313 1184 2342 Torchum
1203 2316 1346 2350 quemdam
1358 2336 1365 2348 ,
1382 2317 1427 2351 qui
1446 2321 1555 2352 propter
1572 2321 1696 2351 aspectus
1712 2317 1828 2343 torvita—

1048 2364 1100 2388 tem
1112 2361 1259 2396 Anghelius
1272 2362 1328 2397 (41)
1339 2363 1490 2394 dicebatur,
1503 2363 1657 2398 praefectum
1670 2363 1827 2389 occidenta-

1049 2407 1099 2434 lem
1114 2407 1218 2434 creavit
1228 2427 1235 2439 ,
1254 2408 1454 2443 provinciaeque
1469 2416 1566 2436 nomen
1579 2408 1759 2443 Angheltunia
1773 2413 1825 2435 est.

1084 2453 1126 2480 l7.
1146 2453 1232 2480 Porro
1253 2454 1279 2480 in
1300 2454 1427 2481 Armenia
1447 2459 1542 2488 qttarta
1565 2455 1708 2481 maximam
1729 2453 1828 2488 praefe-

1046 2502 1150 2526 cturam
1166 2498 1347 2534 Zophiensem
1364 2499 1503 2531 fundavit,
1519 2505 1575 2527 tum
1594 2505 1620 2527 et
1643 2500 1710 2526 alias
1731 2500 1828 2535 prafe-

1081 2582 1137 2616 (37)
1153 2581 1253 2616 Nempe
1269 2583 1393 2609 nivarios.

1082 2618 1137 2652 (58)
1152 2617 1258 2652 Persica
1277 2620 1326 2644 hac
1343 2625 1408 2645 voce
1427 2618 1613 2652 signiﬁcantur
1630 2618 1704 2652 regit.

1081 2651 1137 2686 (59)
1154 2651 1321 2679 Vocabulum
1339 2661 1388 2679 Αιν
1404 2651 1522 2680 fatentur
1539 2660 1568 2679 se
1585 2651 1710 2686 ignorare
1725 2652 1828 2679 Wistn-

1045 2687 1071 2714 ni
1088 2687 1172 2714 Musis
1180 2687 1269 2722 fhor.
1284 2688 1456 2722 interpretes,
1471 2696 1531 2714 cutn
1551 2690 1617 2714 satis
1637 2692 1725 2715 tamen
1740 2689 1827 2715 uisita-

1045 2727 1101 2758 tum
1119 2723 1164 2749 sit.
1179 2721 1293 2749 Videtur
1308 2721 1396 2750 autem
1420 2723 1499 2750 nobis
1513 2722 1630 2750 derivari
1651 2723 1684 2749 ab
1704 2731 1737 2749 AL
1755 2723 1828 2758 quod

1045 2757 1126 2783 salem
1141 2762 1228 2784 sonat.

1081 2791 1137 2826 (40)
1155 2791 1203 2818 llic
1217 2791 1325 2819 codices
1341 2793 1503 2820 videbantur
1518 2792 1649 2819 mendosi.
1665 2792 1720 2820 Nos
1737 2797 1828 2820 tamen

1046 2827 1116 2853 hanc
1131 2827 1238 2862 interim
1251 2828 1500 2862 interpretationem
1516 2828 1700 2855 cxtuudimus.

1082 2862 1138 2896 (Η)
1155 2861 1253 2896 Nempe
1266 2861 1400 2895 deformis.
