1911 3136
57 157 103 185 ΒΗ

431 154 603 183 SAMUELIS
623 152 781 181 ANIENSIS
801 150 974 180 SUMMARII
993 149 1186 177 TEMPORUM
1205 149 1295 176 PARS
1315 149 1336 177 Ι.

1637 150 1690 178 6λῖ

58 228 150 251 cturas
164 223 342 258 Apahuniam
353 243 360 255 ,
374 222 559 250 Manavaziam
572 225 599 249 et
611 220 786 248 Beznuniam.
802 219 851 247 Se-
900 206 1150 258 s‘iPenVia'iir‘m“
1172 209 1246 258 5",?"
1269 205 1386 258 Ουίξθβεν
1407 210 1435 232 ιη
1451 206 1488 232 an
1510 205 1690 258 θνθιξεειίειει.

59 268 136 295 lacho
157 274 254 295 autem
274 268 332 295 viro
353 267 450 294 audaci
465 271 492 295 et
507 267 658 295 fortissimo
675 265 742 302 (qui
758 269 849 293 utrum

59 311 89 339 de
101 313 189 346 stirpe
206 311 287 339 llaici
301 311 383 339 fuerit
395 319 431 339 an
446 311 600 346 antiquiore
613 311 646 338 de
661 315 740 346 gente
753 310 849 337 oriun-

60 359 108 385 dus
137 365 196 385 non
225 361 270 386 est
300 358 367 386 satis
392 357 581 392 exploratum)
602 364 704 392 paucos
726 356 850 384 homines

61 405 218 435 concessit,
235 411 353 438 eumque
365 403 450 437 jussit
465 406 583 430 montem
605 403 681 429 illum
700 402 771 429 tueri
794 401 851 429 hir-

62 458 162 485 cosque
178 449 308 476 venando
324 449 462 476 lacessere
480 458 486 476 ι
502 455 619 483 eumque
635 449 766 484 populum
782 448 851 475 dixit

63 496 238 524 Selacunios.
258 495 286 523 1d
307 495 387 522 oﬂicii
404 495 546 522 Miandaco
559 502 668 530 quoque
693 494 848 526 mandavit,

63 550 76 568 a
89 549 142 576 quo
155 541 322 569 derivantur
335 541 518 568 Mandacunii.
535 539 658 576 Cumque
673 548 687 568 e
704 540 850 575 Vahagcnii

64 588 178 623 posteris
195 588 356 615 sacerdotes
371 587 498 620 fecisset,
514 591 620 622 gentem
637 595 696 614 eam
709 587 851 614 Vahunio—

63 641 121 660 rum
144 633 262 660 nomine
285 633 422 661 distinxit.
449 631 495 659 Sic
522 637 549 659 et
575 633 741 660 Arravenios
770 639 850 667 atque

64 680 260 708 Arehavenios.
279 680 348 707 Tum
363 685 390 708 et
405 679 571 708 Sarasanum
585 680 612 707 in
630 679 757 706 Sanasari
773 679 851 705 fami-

65 726 97 752 lia
110 731 223 758 natum,
250 734 378 761 magnum
401 727 462 760 ejus
482 726 601 761 regionis
621 725 764 760 praesidem
787 724 851 751 fecit

66 780 122 807 quae
137 773 209 800 inter
225 779 358 800 occasum
374 772 572 807 meridiemque
587 772 677 806 jacet,
692 771 772 806 eique
788 778 852 805 pro-

66 818 178 845 vinciam
203 818 374 845 Arzncnsem
413 821 440 844 et
462 817 593 849 Taurum,
615 824 710 851 nempe
734 816 849 849 Simum,

68 868 181 890 montem
195 885 203 896 ,
221 871 388 898 omnemque
402 863 580 899 leesyriam
599 862 733 897 permisit.
750 861 851 888 Eadem

67 910 91 936 in
99 909 238 944 provincia
253 917 316 936 cum
334 909 486 937 Moccnsem
502 909 645 944 quemdam
659 913 755 935 nactus
768 911 851 940 esset,

70 955 255 989 prafecturam
282 955 364 981 aliam
390 954 525 986 instituit,
554 953 706 988 iisdemque
731 953 760 980 in
784 953 852 980 locis

69 1001 207 1036 Gordyaeos
220 1020 229 1032 ν
245 1001 419 1029 Anzevenscs
442 1005 524 1036 atque
540 1001 679 1028 Aceenses
697 999 851 1027 collocarit.

71 1046 260 1076 Verumtamen
277 1068 284 1080 ι
310 1047 384 1082 quod
399 1048 494 1074 attinet
512 1047 545 1074 ad
561 1046 728 1073 Rhestunios
743 1049 771 1073 et
785 1045 853 1072 Gol-

71 1095 212 1126 tlmenses.
235 1102 299 1129 quae
314 1098 378 1121 sunt
400 1093 594 1121 Sisacenorum
615 1093 743 1125 coloniae,
759 1095 852 1119 utrum

71 1148 106 1167 me
120 1141 268 1176 provinciae
293 1148 308 1167 a
332 1140 453 1166 virorum
469 1139 626 1166 nominibus
641 1138 766 1166 vocitata:
780 1137 851 1170 sint,

71 1193 101 1213 an
113 1194 127 1214 e
141 1186 347 1222 provinciarum
363 1185 592 1221 appellationibus
606 1185 671 1220 ipsa;
685 1183 852 1219 pmfectura:

74 1233 175 1260 nomina
186 1233 294 1260 sortitae
308 1233 363 1260 sint
373 1252 381 1264 ,
395 1232 501 1267 ignoro.

104 1279 144 1306 l8.
162 1279 292 1306 Profecto
308 1279 388 1313 hujus
403 1279 474 1313 regis
498 1281 612 1305 cunctas
628 1277 730 1312 optime
744 1276 852 1304 instru-~

74 1330 126 1353 clas
140 1326 352 1353 constitutiones
366 1325 438 1352 haud
456 1329 535 1351 vacat
550 1323 719 1359 perscribere
730 1342 737 1355 ,
763 1329 851 1357 neque

73 1371 130 1399 item
140 1373 253 1400 aliorum
266 1372 313 1407 qui
323 1372 364 1398 vel
371 1374 569 1406 praecesserunt
578 1371 619 1397 vel
626 1369 767 1397 consecuti
777 1372 852 1402 sunt,

76 1425 180 1451 quorum
191 1425 235 1446 res
246 1423 330 1453 gestae
347 1417 454 1444 abunde
471 1416 569 1444 litteris
585 1415 782 1443 commendata:
795 1414 853 1441 fue-

75 1468 140 1491 runt.
163 1459 192 1491 l°n
218 1463 348 1500 praesenti
374 1466 464 1490 autem
491 1461 714 1498 prsefccturarum
733 1464 853 1487 tantum-

76 1510 147 1537 modo
160 1510 374 1546 descriptionem
393 1509 528 1545 persecuti
546 1517 651 1540 sumus,
669 1515 739 1542 quas
751 1507 774 1535 si
790 1506 853 1541 quis

77 1563 229 1589 cognoscere
253 1561 382 1591 cuperet,
402 1563 449 1583 eas
475 1555 502 1582 in
525 1558 651 1589 promptu
673 1562 734 1580 cum
760 1553 853 1580 multis
867 1564 888 1593 ς

77 1601 130 1628 aliis
141 1602 249 1629 haberet
264 1601 347 1636 regiis
364 1601 561 1629 sanctionibus.
576 1600 616 1627 Ad
631 1603 783 1627 extremum
798 1597 852 1625 Va-

78 1654 185 1680 jarsaces
208 1655 272 1674 cum
291 1648 369 1674 annis
390 1647 497 1674 duobus
525 1653 557 1673 ac
576 1646 671 1680 viginti
696 1648 853 1680 regnasset,

78 1690 154 1719 i‘iisibi
169 1693 224 1727 (42‘,
236 1693 292 1719 vita
304 1692 431 1720 excessit.

109 1738 150 1765 19.
170 1739 288 1766 Secutus
307 1742 348 1765 est
368 1739 482 1765 Arsaces
500 1737 572 1764 filius
588 1737 667 1764 annis
680 1743 741 1763 xtn.

110 1785 219 1813 Artaxes
234 1785 347 1812 Arsacis
357 1785 428 1812 (ilius
444 1784 523 1811 annis
537 1792 598 1810 xxv.
612 1783 661 1810 llic
672 1783 776 1809 viribus
787 1789 855 1808 cun-

78 1833 131 1858 ctos
143 1831 310 1866 praecellens,
329 1830 400 1857 haud
414 1837 510 1864 passus
524 1832 566 1856 est
582 1827 732 1855 secundum
751 1834 779 1854 se
794 1833 856 1853 esse

80 1883 94 1902 a
105 1883 162 1911 rege
176 1876 337 1909 Persarum;
352 1876 417 1911 quin
442 1875 509 1902 adeo
534 1874 677 1902 Persarum
698 1881 788 1908 regem
805 1880 856 1900 se—

82 1921 159 1948 cundo
181 1921 325 1956 dignitatis
347 1921 431 1956 gradu
453 1920 566 1952 locavit,
594 1926 711 1954 cumque
733 1918 855 1945 exercitu

79 1967 213 1995 innumero
243 1969 273 1995 in
305 1968 474 1995 occidentem
505 1973 667 2001 progressus
701 1964 855 2000 complures

82 2017 164 2046 gentes
177 2014 289 2045 devicit,
305 2014 390 2041 donec
401 2020 416 2039 τι
432 2012 490 2040 suis
506 2013 686 2046 interemptus
702 2013 754 2037 est.
783 2024 789 2031 -

110 2058 235 2094 Tigranes
250 2060 323 2087 (ilius
338 2060 397 2093 ejus
414 2058 494 2085 annis
510 2065 596 2084 χχχιιι
607 2077 613 2088 ,
637 2057 683 2091 qui
706 2055 779 2082 haud
805 2062 854 2089 pa-

84 2104 134 2131 triae
161 2105 326 2133 fortitudinis
350 2105 466 2139 degener
493 2104 574 2131 rebus
605 2102 688 2138 gestis
707 2101 853 2132 inclaruit;

83 2157 226 2186 quanquam
252 2159 350 2178 rursus
366 2151 393 2176 in
411 2149 532 2177 secundo
555 2147 695 2182 dignitatis
718 2146 778 2172 loco
795 2148 856 2180 post

82 2193 171 2224 Persas
185 2197 319 2225 consedit.
343 2196 409 2231 Ejus
422 2199 501 2222 aetate
524 2192 743 2228 cognosoebatur
768 2191 854 2218 Vaico

899 252 1019 278 manavit
1035 251 1156 278 edictum
1170 258 1184 277 a
1196 250 1303 278 Caesare
1323 250 1463 284 Augusto,
1494 253 1523 277 ut
1537 250 1612 277 orbis
1629 250 1690 277 uni-

900 305 996 324 versus
1012 297 1230 324 descri‘beretur:
1250 295 1331 330 cujus
1342 295 1379 322 rei
1396 303 1479 322 causa
1492 296 1520 323 in
1532 296 1689 322 Armeniam

900 351 1009 378 quoque
1023 346 1133 370 ventum
1142 347 1194 370 est.
1208 342 1246 369 Eo
1258 342 1362 369 scilicet
1374 349 1446 368 anno
1455 341 1586 369 Dominus
1596 344 1690 368 noster

901 389 1026 424 Deusque
1040 388 1120 416 Jcsus
1132 388 1259 415 Christus
1276 396 1291 415 e
1308 387 1418 422 Virgine
1438 391 1518 414 natus
1531 392 1584 414 est.
1604 386 1691 414 Porro

901 435 945 462 hic
964 438 1022 463 erat
1043 442 1057 461 a
1077 434 1220 462 Valarsace
1245 441 1334 461 annus
1354 433 1477 460 decimus
1493 433 1626 467 septimus
1643 440 1689 460 su-

901 489 949 516 pra
965 481 1162 511 centesimum;
1181 479 1295 514 Augusti
1324 478 1483 513 imperantis
1501 479 1639 505 secundus
1663 481 1690 504 tt

900 527 1140 563 quadragesimus;
1159 525 1273 552 Herodis
1301 524 1459 559 alienigena:
1487 523 1688 559 Hierosolymo-

901 582 961 600 rum
979 574 1046 608 regis
1064 572 1201 600 secundus
1221 577 1304 605 supra
1332 570 1516 603 tricesimum;
1542 569 1687 597 Arsacida-

900 628 960 646 rum
977 619 1105 653 denique,
1122 618 1168 653 qui
1192 622 1219 644 et
1235 615 1358 643 Pahlavii
1376 620 1507 642 vocantur
1518 635 1525 646 ,
1551 616 1608 642 sive
1622 614 1689 642 Per-

901 673 993 693 sarum
1009 664 1080 699 regis
1095 662 1217 690 Arsaviri
1234 665 1293 689 erat
1309 661 1456 688 vicesimus
1478 661 1591 695 primus,
1608 662 1688 694 cujus

901 710 1010 746 quidem
1032 709 1162 737 vicesimo
1176 715 1290 743 regnare
1305 710 1425 741 cmperat
1448 707 1518 741 apud
1548 706 1688 734 Armenios

901 757 1037 792 Abgarus.

934 813 979 840 20.
995 811 1054 839 Jam
1072 819 1087 839 a
1102 812 1190 847 primo
1206 811 1308 837 Arsace
1324 808 1351 836 hi
1370 816 1445 844 rcges
1469 808 1603 835 habentur
1624 806 1689 834 Per-

903 866 995 886 sarum

938 925 959 955 Ι.
972 926 1088 954 Arsaces
1099 923 1188 952 Fortis
1203 924 1282 951 annis
1295 931 1370 950 χχιιι.

939 972 970 1000 ll.
985 972 1100 999 Artaxes
1121 971 1200 997 annis
1213 978 1286 996 XLVI.

939 1018 982 1046 lli.
1000 1019 1116 1045 Arsaces
1128 1015 1240 1052 Magnus
1259 1015 1410 1042 Valarsacis
1425 1015 1508 1041 frater
1521 1022 1565 1040 an.
1581 1021 1634 1040 LIV.

938 1064 983 1091 lV.
1007 1066 1160 1091 Arsacanus
1172 1063 1251 1089 annis
1269 1070 1344 1088 XXXI.

938 1111 971 1138 V.
988 1111 1143 1138 Arsanacus
1160 1109 1241 1135 annis
1255 1116 1320 1135 xxx.

938 1157 982 1184 Vl.
994 1156 1077 1184 Arses
1088 1155 1167 1182 annis
1184 1162 1230 1181 xx.

938 1201 994 1229 Vll.
1012 1201 1157 1228 Arsavirus
1173 1200 1251 1226 annis
1265 1207 1338 1226 xtvt.

938 1247 967 1274 ln
986 1247 1066 1281 hujus
1081 1245 1239 1273 vicesimum
1255 1245 1370 1278 primum
1385 1250 1485 1269 annum
1498 1241 1598 1268 natalia
1610 1241 1691 1268 Chri-

903 1294 938 1322 sti
965 1293 1143 1324 inciderunt,
1172 1291 1219 1326 qui
1249 1290 1298 1317 fuit
1324 1289 1484 1324 Olympiadis
1509 1288 1691 1323 nonagesimto

903 1343 1006 1376 quartae
1024 1345 1106 1373 supra
1121 1337 1298 1364 centesimam
1316 1343 1404 1362 annus
1424 1339 1548 1369 quartus.

937 1398 982 1424 2|.
1004 1397 1087 1431 Igitur
1104 1398 1185 1431 prout
1207 1397 1269 1421 ante
1293 1392 1466 1428 promisimus
1487 1391 1620 1430 orationis
1641 1397 1692 1416 no-

904 1449 966 1471 stra:
980 1448 1078 1469 metam
1096 1441 1245 1476 attigimus,
1266 1439 1312 1474 qui
1326 1438 1452 1465 videlicet
1475 1438 1507 1464 ad
1534 1436 1615 1463 Verbi
1644 1435 1690 1462 Dei

904 1497 965 1517 cum
990 1496 1072 1515 carne
1097 1486 1213 1521 copulati
1238 1484 1484 1512 manifestationem
1515 1483 1690 1514 devenimus,

904 1539 984 1569 capto
1001 1534 1078 1560 initio
1093 1540 1106 1560 a
1121 1533 1208 1567 primo
1230 1529 1342 1557 condito
1368 1529 1487 1560 homine,
1506 1536 1565 1563 quae
1582 1531 1623 1555 est
1641 1534 1691 1554 an-

906 1587 1000 1607 llOI'U'u‘Il
1024 1584 1275 1606 MMJIMIICLXXXXVIH
1292 1576 1450 1610 congeries,
1475 1573 1623 1601 secundum
1647 1572 1692 1599 Ill-

905 1629 1037 1660 terpretes
1053 1623 1228 1659 Septuaginta
1243 1643 1249 1654 ,
1277 1629 1357 1657 quam
1382 1627 1514 1648 summam
1532 1618 1690 1654 singillatim

904 1672 942 1699 ita
955 1671 1165 1706 perscribemus.
1181 1670 1221 1696 Ab
1234 1668 1338 1695 Adamn
1350 1667 1383 1694 ad
1399 1666 1530 1694 diluvium
1543 1666 1692 1692 conticinn-

905 1723 950 1746 tut‘
965 1718 1028 1744 anni
1043 1723 1181 1744 llCCXLli.
1202 1715 1224 1741 A
1238 1714 1340 1742 diluvio
1355 1713 1387 1740 ad
1406 1712 1502 1739 turrim
1527 1712 1591 1737 anni
1607 1718 1689 1737 nxxv.

906 1762 975 1790 "inc
989 1762 1022 1789 ad
1034 1762 1218 1789 Abrahamum
1236 1759 1299 1786 anni
1323 1765 1455 1785 ccccxvtt.
1481 1757 1503 1783 A
1530 1757 1632 1783 diluvio
1656 1756 1690 1782 ad

905 1809 1052 1836 Abrahami
1066 1807 1166 1834 natalia
1181 1806 1244 1833 anni
1255 1812 1404 1832 nccccxtn.
1425 1803 1468 1830 Ab
1484 1803 1639 1829 Abrahatno
1655 1802 1690 1828 ad

906 1855 1007 1882 Mosem
1020 1860 1214 1889 egressumque
1226 1860 1259 1879 ex
1267 1851 1383 1886 (Egypto
1395 1849 1457 1876 anni
1469 1857 1512 1875 nv.
1523 1848 1564 1874 Ab
1578 1855 1690 1883 egressu

906 1909 992 1936 usque
1006 1900 1039 1927 ad
1055 1899 1227 1927 Solomoncm
1245 1898 1417 1932 primumque
1435 1894 1526 1929 templi
1546 1893 1691 1920 aedificium

907 1947 970 1973 anni
987 1951 1134 1973 cccccxxx.
1151 1943 1173 1969 A
1190 1942 1278 1978 primo
1294 1940 1382 1974 templi
1398 1939 1512 1967 aedilicio
1537 1938 1570 1965 ad
1592 1945 1692 1965 secun-

906 1991 970 2019 dum
984 1990 1047 2018 anni
1059 1998 1115 2017 uxr.
1135 1988 1202 2015 Exin
1216 1987 1248 2014 ad
1263 1987 1366 2014 Christi
1390 1985 1489 2012 natalia
1505 1984 1568 2011 anni
1585 1990 1669 2010 vant
1683 1991 1690 2008 :

906 2043 1020 2071 quorum
1036 2041 1141 2063 summa
1167 2033 1193 2060 ἱιι
1215 2039 1301 2059 annos
1317 2035 1569 2058 MMlIﬂlCLXX\Xthl
1582 2034 1692 2054 consur-

905 2084 954 2119 git.
966 2081 1072 2109 Rursus
1086 2088 1100 2107 a
1112 2079 1213 2107 Christi
1228 2078 1365 2106 natalibus
1379 2077 1412 2103 ad
1428 2076 1518 2103 divum
1531 2074 1692 2108 Gregorium

907 2129 970 2155 anni
986 2132 1050 2155 sunt
1063 2134 1152 2154 cccxn
1169 2125 1243 2160 (43);
1263 2125 1326 2151 hinc
1345 2127 1434 2150 autent
1449 2122 1481 2148 ad
1502 2129 1582 2148 teram
1596 2119 1692 2147 Arme-

906 2174 1014 2201 niorum
1029 2172 1093 2199 anni
1106 2179 1197 2198 scut.

84 2241 183 2274 quidam
207 2243 295 2274 latro,
320 2249 336 2268 a
355 2249 410 2276 quo
440 2247 517 2266 tnons
535 2237 729 2265 Vaicuniorum
756 2243 854 2264 nomen
871 2238 892 2265 D
941 2242 986 2269 22.
1004 2242 1092 2276 Atque
1105 2247 1154 2275 ego
1171 2238 1279 2273 quidem
1291 2257 1298 2269 .
1317 2245 1333 2263 ο
1348 2236 1493 2263 sanctitate
1511 2235 1620 2270 praedite
1644 2235 1693 2261 do-

86 2287 168 2315 traxit.

116 2332 273 2362 Artavazdes
284 2333 410 2369 Tigranis
426 2332 497 2360 tilius
515 2331 595 2358 annis
612 2337 641 2358 ιι.

116 2376 262 2411 Arciamus,
278 2379 405 2413 idemque
414 2378 555 2408 Arsamus,
569 2374 696 2410 Tigranis
709 2375 793 2400 frater
806 2380 856 2399 an-

88 2422 125 2451 nis
139 2433 169 2452 ιι
180 2445 187 2457 ,
209 2426 260 2454 sub
286 2433 340 2461 quo
362 2433 425 2460 pars
439 2424 630 2451 Armeniorum
644 2421 787 2456 vectigalia
802 2419 857 2447 Ro-

88 2470 165 2498 manis
180 2472 294 2506 pendere
307 2471 400 2506 coepit.

118 2514 232 2551 Abgarus
247 2517 354 2545 Arsami
371 2516 442 2543 ﬁlius
469 2514 548 2542 annis
564 2521 678 2540 xxxvm.
704 2511 792 2546 llujus
813 2518 857 2538 re-

91 2562 183 2592 gnantis
195 2570 265 2591 anno
282 2562 404 2591 secundo
418 2560 539 2588 Armenii
560 2566 656 2587 omnes
670 2558 857 2586 Romanorum

109 2638 287 2678 ,(ᾆῆμὶδῖιιίιι
303 2641 398 2677 (quam
409 2639 529 2678 Armenii
544 2639 648 2666 Mezbin
661 2638 774 2678 dicunt)
788 2645 858 2678 con-

92 2671 150 2710 didit
162 2671 334 2709 Valat'saces,'
346 2680 375 2703 ιιι
389 2676 465 2710 regni
480 2675 558 2702 sedes
569 2678 651 2705 esset,
668 2674 713 2708 qui
729 2673 857 2710 nimirum

92 2705 168 2735 honor
182 2710 207 2737 in
224 2719 255 2738 ea
271 2705 338 2738 urbe
360 2705 460 2738 mansit
481 2710 560 2737 annis
581 2705 691 2736 circiter
704 2716 767 2735 cxx.
785 2707 859 2734 Con-

94 2745 182 2781 secutis
197 2745 291 2773 deinde
305 2746 473 2781 temporibus
495 2744 597 2781 Nisibis
614 2748 693 2771 terrae
710 2746 784 2770 motu
798 2750 859 2781 _va_-

94 2780 154 2816 {stata
165 2784 215 2813 est,
235 2781 271 2816 ita
285 2786 315 2808 ut
329 2777 454 2816 Aligarus
472 2780 573 2814 regiam
594 2786 670 2816 suam
689 2777 860 2816 transtulerit

95 2809 219 2851 Eflsssam'.
239 2815 337 2843 Verum
360 2809 441 2851 hvujus
460 2809 604 2843 successor
631 2814 798 2851 Satiatruces
812 2811 860 2838 Ni-

96 2847 345 2890 sibinmiustauratam
358 2847 432 2890 regni
448 2849 729 2890 rursusnmeltropolitn
749 2847 821 2874 fecit.

127 2882 174 2918 (4⁵)
192 2885 270 2920 Atqui
284 2887 310 2913 in
324 2882 402 2922 parte
416 2885 562 2913 Summarii
579 2882 662 2912 altera
683 2885 787 2919 primus
812 2890 859 2908 an-

906 2287 979 2315 mine
1005 2287 1043 2313 mi
1068 2285 1202 2320 Gregori,
1230 2282 1383 2310 vehementi
1410 2285 1500 2308 vestra
1528 2280 1694 2314 ﬂagitatione

905 2332 1063 2368 compulsus
1091 2331 1219 2365 exiguum
1257 2327 1396 2363 ingenium
1432 2335 1521 2353 mcum
1544 2326 1694 2361 rudemque

907 2386 1018 2407 manum
1033 2377 1097 2404 huic
1110 2375 1296 2403 construendo
1318 2374 1394 2408 operi
1421 2372 1546 2402 admovi;
1561 2376 1693 2398 conatus-

907 2432 960 2460 que
971 2431 1030 2451 sum
1046 2422 1122 2450 brevi
1144 2421 1226 2456 hujus
1240 2426 1380 2454 corporeae
1392 2419 1454 2445 vitae
1468 2417 1610 2445 intervallo
1631 2417 1694 2451 pul-

907 2470 1070 2498 cherrimam
1089 2467 1144 2495 divi
1162 2466 1271 2493 Eusebii
1289 2463 1536 2499 chronographiam
1557 2463 1692 2494 evolvere.

907 2524 1000 2551 quam,
1016 2518 1045 2542 ut
1069 2514 1106 2542 ita
1123 2513 1222 2545 dicam,
1238 2511 1382 2546 exscripsi.
1402 2509 1505 2538 Revera
1520 2512 1551 2536 ut
1567 2508 1694 2535 exorien-

907 2562 942 2590 tis
966 2561 1032 2589 solis
1048 2559 1117 2587 radii
1143 2557 1296 2586 tenebrosis
1319 2555 1387 2584 locis
1409 2556 1496 2582 lucem
1524 2556 1693 2588 aspergunt,

908 2647 960 2666 nus
972 2638 1026 2665 divi
1042 2636 1165 2671 Gregorii
1190 2635 1286 2662 incidit
1311 2633 1339 2671 in
1356 2631 1456 2671 Christi
1473 2637 1577 2669 annum
1595 2635 1693 2671 ξῑοξιιιιζ

908 2662 1181 2702 ᾖῖῒιὶῖὸιιιὶιιιιέῡέωιι
1211 2677 1265 2696 tera
1308 2667 1499 2702 Armeniorum
1527 2663 1638 2702 incipiat
1662 2662 1694 2688 ab

909 2697 1089 2740 ὲὶὶῖιὶίἰὲῐιὶῖξ
1113 2697 1158 2733 hic
1192 2709 1281 2740 autem
1301 2711 1316 2730 a
1344 2703 1407 2729 divo
1433 2699 1564 2740 Gregorio
1586 2697 1620 2724 ad
1635 2705 1694 2740 eam

910 2733 1192 2772 Eram—nunterentur
1205 2739 1275 2772 ann;
1291 2745 1380 2767 cchI,
1397 2742 1493 2772 rursus
1514 2733 1695 2772 patere‘mde:

909 2766 1403 2810 tu“;I-div-tim—VCEgorium’exordiri
1432 2770 1466 2797 ab
1481 2766 1566 2809 _anno
1594 2766 1696 2806 Christi

909 2803 1072 2842 éélmii'b’é
1088 2803 1188 2840 mendo
1216 2809 1298 2845 igitur
1327 2804 1535 2834 amanuensium
1564 2803 1696 2837 suspicari

911 2851 983 2878 licet.
