1911 3136
64 135 116 162 645
421 134 593 163 SAMUELIS
609 133 766 163 ANIENSIS
786 135 818 162 Sl

935 135 953 162 ll
970 135 1161 165 TEMPORUM
1178 136 1269 164 PARS
1288 133 1319 164 ΙΙ.
1638 140 1689 168 616

68 227 1673 240 ————————-—-—————____—______

475 265 570 285 OLYIIP.
612 265 718 284 CHRISTI
774 266 838 285 R0“.
911 264 969 284 IUD.
1050 266 1122 285 PEﬂS.
1199 267 1262 286 ARN.

767 327 844 364 Tibe-
904 328 991 356 llero-
1018 330 1133 356 Artaxes
1176 328 1266 364 Abga-

773 363 831 390 ritts
921 365 968 392 des
1191 372 1238 391 rus

472 423 577 429 ._.__._
611 423 716 428 ___-—
767 423 857 429 ___.
891 424 996 431 .__.._.
1034 426 1137 431 ___—
1178 426 1277 432 ..η-..-

101 454 242 483 Iohannes
257 455 396 482 Zachariae
416 455 488 482 ﬁlius
503 455 570 482 locis
586 454 702 482 desertis
717 454 791 482 circa
811 455 922 483 ﬂuvium
943 455 1088 484 Iordanem
1103 457 1278 491 praedicabat,
1300 458 1459 494 cunctisque
1479 459 1567 494 palam
1579 459 1690 486 nuntia-

70 505 112 528 bat
135 501 235 529 adesse
266 501 336 528 inter
360 509 406 529 eos
435 500 548 528 chruu
579 499 636 526 DEI.
669 499 739 532 Quin
766 500 826 535 ipse
852 500 932 529 Iesus
956 506 1055 529 unctus
1084 501 1132 529 Dei
1159 506 1224 528 tunc
1253 503 1365 530 vivificae
1398 508 1426 530 et
1452 504 1615 538 evangelica:
1640 503 1690 530 do-

70 547 160 574 ctrinm
184 554 244 574 suae
267 546 383 574 faciebat
409 546 526 577 initium,
546 544 681 579 rebusque
705 546 788 579 gestis
809 552 843 572 ac
865 545 956 573 verbis
973 545 1070 573 divine
1089 546 1232 581 potestatis
1256 547 1381 574 virtutem
1401 549 1581 583 spectantium
1601 549 1690 577 oculis

71 593 221 620 exhibebat.

101 637 276 671 Colliguntur
289 640 379 663 autem
399 643 485 670 usque
509 635 542 662 ad
563 635 635 662 hunc
654 635 780 671 quintum
793 636 929 664 decimum
947 636 1049 664 Tiberii
1072 637 1189 665 Caesaris
1204 645 1317 670 annum,
1329 646 1343 665 a
1361 639 1462 673 templo
1475 639 1583 674 quidem
1600 641 1691 669 denuo

71 684 187 712 excitato
213 684 280 711 anni
302 691 404 710 nvattt
429 682 484 718 (49)
501 691 507 716 ;
530 690 543 708 a
565 683 711 711 Solomone
725 684 870 720 primoqtte
888 685 979 719 templi
996 684 1109 712 aedilicio
1132 685 1195 712 anni
1215 693 1318 719 uthv;
1339 693 1354 712 a
1373 686 1446 713 illose
1472 695 1639 723 egressuque
1658 696 1691 716 ex

73 730 185 766 Egypto
203 731 271 758 anni
286 738 377 764 non;
393 729 427 757 ab
442 729 596 757 Abraltamo
611 729 734 765 Ninoque
755 735 782 758 et
800 730 979 759 Samiramide
997 732 1058 759 anni
1082 740 1204 765 unxuv;
1222 740 1236 759 ιι
1253 731 1355 760 diluvio
1375 733 1438 760 anui
1461 741 1689 768 uxccccccxxw;

74 778 104 805 ab
117 777 221 805 Adamo
235 777 354 813 denique
370 777 433 804 anni
451 784 679 804 unnuxccxxvnt.

104 823 182 851 Iesus
208 831 314 851 uncrus
334 823 383 850 DEI
406 823 458 850 Do-
649 823 681 849 5|
791 823 824 850 16
932 824 966 850 16
1089 825 1106 851 5
1211 826 1244 852 52
1332 826 1412 854 Iesus
1433 834 1536 854 uncrus
1560 827 1612 855 Der
1636 827 1694 855 Do-

76 867 153 899 umtts.
176 866 286 886 nosrsn
319 859 454 899 yivilleam

1210 861 1243 899 ’.ξᾷ
1298 869 1377 899 nurus
1418 869 1521 899 sosrsa
1568 863 1691 899 discipu-

75 894 220 932 doctrinatn
232 894 341 921 cunctis
359 894 456 928 praedi-
496 931 505 932 ί
544 930 554 932 Α
930 895 963 932 tt}
1087 895 1102 932 ’Ζ
1210 896 1245 932 iit
1298 898 1330 923 lis
1358 905 1415 924 SlHS
1446 898 1520 932 regni
1553 893 1688 925 caelorum

76 930 161 967 itabat,
171 933 257 967 atque
277 937 308 956 ea
328 927 388 964 quae
406 936 455 955 no-
490 930 560 964 203
647 927 681 954 54
788 929 821 956 19
928 929 962 956 19
1088 930 1104 956 8
1209 931 1243 957 55
1297 933 1456 967 mysterium
1470 927 1617 966 aperiebat,
1638 934 1690 961 eis-

76 965 191 1003 minatim
203 965 309 1003 scripta
320 968 384 992 sunt
392 971 454 998 pro-
1297 965 1412 1002 demque
1436 965 1586 1002 imperabat
1620 976 1690 1003 prae-

74 1000 142 1036 digia
158 1001 287 1036 patrabat
1301 1000 1466 1030 dicationem
1476 1000 1483 1002 ’
1496 1003 1568 1038 apud
1601 1000 1692 1031 ethni-

1297 1045 1355 1068 cos.
1381 1041 1409 1064 ut
1440 1038 1466 1064 lli
1497 1038 1626 1066 nimirum
1656 1039 1691 1066 ad

1297 1073 1419 1099 omnium
1458 1073 1542 1100 Οευιιι
1574 1082 1691 1102 εοιιγεῐ-

1298 1111 1431 1135 terentur.

108 1182 183 1212 Iesus
199 1191 305 1211 uncrus
319 1182 367 1211 Dst
388 1182 507 1211 Doumus
521 1191 625 1211 nosrsn
641 1182 717 1218 juxta
734 1183 891 1219 prophetias
909 1184 944 1212 de
958 1191 989 1212 eo
1007 1185 1124 1220 scriptas
1140 1186 1258 1214 accessit
1276 1185 1310 1213 ad
1327 1187 1483 1221 passionem
1500 1195 1572 1215 anno
1591 1187 1695 1216 Tiberii

78 1232 228 1267 imperantis
251 1232 359 1260 decimo
378 1239 461 1259 nono.
480 1230 551 1258 Sane
565 1231 658 1259 eodetn
675 1231 726 1259 hoc
743 1235 865 1267 tempore
890 1233 917 1259 in
937 1232 998 1260 aliis
1017 1240 1127 1268 quoque
1147 1232 1305 1260 Gra‘corum
1327 1235 1511 1262 monumentis
1530 1235 1570 1263 sic
1584 1236 1617 1262 ad
1635 1244 1696 1263 ver-

78 1277 134 1304 bum
151 1282 293 1305 narratum
311 1277 493 1313 comperimus
515 1286 521 1304 :
550 1286 559 1303 I
580 1277 670 1305 Solem
692 1285 790 1313 nempe
809 1277 955 1311 defecisse,
975 1278 1128 1314 Bithyniam
1148 1283 1227 1307 terra:
1250 1283 1325 1306 motu
1347 1288 1520 1314 concussam,
1545 1281 1697 1318 Nicaeaeque

79 1324 201 1358 potiorem
219 1328 327 1360 partem
351 1324 410 1351 solo
428 1327 574 1359 aequatam.
596 1333 605 1350 ›
631 1324 719 1359 Atque
744 1324 802 1352 haec
829 1324 996 1352 adatnussim
1022 1325 1055 1352 iis
1084 1329 1238 1352 consonant
1264 1334 1323 1361 quae
1348 1326 1376 1353 in
1391 1326 1496 1354 Vivilici
1522 1328 1609 1356 nostri
1635 1337 1696 1364 pas-

79 1371 148 1398 sione
169 1371 339 1399 acciderunt.
361 1369 480 1405 Phlegon
495 1371 590 1402 etiam,
610 1371 656 1405 qui
671 1370 839 1406 olympiades
852 1370 908 1406 jam
932 1370 995 1399 inde
1017 1371 1051 1398 ab
1072 1379 1165 1398 earum
1189 1372 1346 1407 primordiis
1369 1377 1528 1408 persecutus
1545 1379 1598 1408 est,
1617 1377 1696 1404 tertio

80 1418 175 1445 decimo
189 1418 260 1446 libro
280 1418 382 1445 diserte
398 1418 436 1445 ita
453 1417 571 1445 scribit:
591 1426 600 1442 ‹
619 1417 722 1450 Quarto
744 1417 874 1445 nimirum
894 1425 967 1445 anno
986 1418 1178 1446 ducentesima:
1200 1419 1285 1446 tertiae
1305 1419 1465 1454 Olympiadis
1485 1428 1612 1456 magnum
1630 1423 1696 1452 solis

80 1464 157 1494 fuisse
170 1464 318 1497 defectum,
334 1464 441 1499 qualem
456 1465 542 1498 jnemo
566 1467 629 1491 ante
652 1463 880 1491 animadverterat
905 1473 912 1491 :
938 1464 1106 1500 septimaque
1130 1464 1184 1492 diei
1201 1464 1269 1492 hora
1288 1469 1390 1492 tantam
1414 1470 1520 1493 noctem
1547 1467 1695 1501 ingruisse.

81 1516 106 1538 ut
115 1511 199 1539 sidera
213 1512 285 1539 cmlo
299 1513 432 1539 micarent
445 1520 452 1538 :
468 1511 571 1546 ingenti
586 1515 665 1538 teme
681 1514 757 1538 motu
772 1510 924 1546 Bithyniam
940 1511 1079 1546 agitatam,
1096 1511 1280 1547 majoremque
1293 1511 1389 1539 Nicaeae
1403 1517 1506 1547 partem
1522 1513 1663 1549 dejectam.
1684 1527 1694 1543 ι

81 1557 136 1585 llaec
158 1558 239 1586 tradit
260 1558 388 1585 laudatus
413 1557 466 1584 vir.‘
489 1557 579 1592 Atque
602 1557 654 1584 hoc
679 1564 745 1584 sane
765 1564 894 1592 magnum
917 1556 1047 1584 indicium
1069 1561 1111 1584 est
1132 1557 1192 1592 ejus
1216 1558 1279 1584 anni
1302 1565 1355 1592 quo
1371 1557 1501 1587 Vivilicus
1521 1565 1614 1588 noster
1634 1569 1696 1589 cru-

81 1605 158 1632 ciattts
170 1609 219 1638 est,
232 1605 297 1640 quia
316 1604 443 1631 nimirum
463 1605 490 1631 et
504 1603 622 1630 Joannes
651 1602 807 1637 testimonio
824 1610 874 1631 suo
889 1602 917 1630 in
933 1602 1080 1638 Evangelio
1093 1602 1237 1630 conﬁrmat
1254 1603 1324 1638 (50),
1339 1608 1401 1638 post
1415 1604 1542 1639 quintum
1559 1605 1696 1634 decimum

82 1652 172 1680 Tiberii
187 1661 292 1680 annum
306 1652 470 1679 trietericam
483 1650 704 1686 praedicationem
719 1650 820 1678 Christi
842 1650 937 1678 fuisse.
956 1650 1034 1678 Haud
1051 1650 1146 1686 procul
1157 1658 1190 1678 eo
1206 1654 1329 1686 tempore
1344 1656 1438 1678 narrat
1453 1652 1534 1680 etiam
1549 1651 1696 1689 Iosephus,

84 1705 125 1732 per
139 1698 193 1726 dies
208 1697 386 1726 Pentecostes
403 1696 549 1724 stridorem
560 1695 705 1731 quemdam
717 1700 876 1731 motumque
891 1696 979 1730 primo
990 1696 1063 1723 circa
1076 1696 1232 1724 sacerdotes
1253 1704 1315 1724 esse
1333 1697 1489 1731 excitatum,
1502 1706 1563 1726 mox
1579 1700 1698 1727 subitam

83 1751 166 1770 vocem
183 1751 198 1770 e
210 1742 395 1779 penetralibus
409 1741 501 1777 templi
517 1741 545 1768 in
560 1741 617 1768 hmo
631 1741 713 1768 verba
733 1742 875 1776 erupisse:
896 1749 906 1766 ε
928 1739 1119 1776 Digrediamur
1141 1741 1219 1775 hinc,
1239 1741 1436 1778 digrediamur.
1455 1753 1465 1769 ι
1490 1743 1564 1771 idem
1585 1745 1696 1781 insuper

84 1787 169 1814 scribit
182 1787 328 1823 Iosephus,
350 1785 467 1813 Pilatum
487 1785 628 1820 praesidem
650 1786 701 1812 sub
725 1785 752 1812 id
778 1789 884 1821 tempus
902 1790 985 1814 noctu
1011 1787 1156 1822 imaginem
1176 1787 1290 1816 Caesaris
1310 1788 1337 1815 in
1358 1789 1458 1823 templo
1475 1794 1570 1817 contra
1584 1792 1696 1819 vetitum

84 1834 258 1861 collocandam
273 1840 383 1861 curasse
397 1841 404 1858 :
420 1839 481 1867 quae
494 1840 538 1859 res
551 1832 639 1867 magni
657 1832 787 1860 tumultus
800 1832 995 1868 seditionisque
1006 1832 1161 1861 Iudaeorum
1177 1841 1259 1862 causa
1271 1833 1331 1862 fuit.
1341 1834 1410 1862 Hinc
1424 1840 1512 1863 autem
1528 1844 1697 1866 summorum

83 1880 119 1908 vis
130 1881 257 1908 malorum
273 1880 413 1907 Iudaicam
430 1883 536 1915 gentem
552 1880 694 1915 corripuit.

116 1947 361 1984 Hierosolymitanaa
368 1948 460 1976 Eccle-
651 1949 685 1976 55
789 1949 825 1976 20
929 1949 965 1976 20
1086 1950 1103 1978 9
1208 1951 1242 1977 56
1342 1951 1420 1979 Philo
1438 1951 1640 1982 Alexandrinus
1654 1956 1696 1982 vir

86 1983 241 2026 site'primus;
254 1991 384 2026 manuum
403 1984 455 2009 im-
647 1984 681 2026 ξεῖ
1310 1986 1467 2022 ingeniosus
1473 1993 1499 2014 et
1510 1989 1607 2017 doctus
1616 1998 1696 2026 agno-

86 2019 206 2048 positione
220 2019 252 2047 ab
268 2019 396 2053 apostolis
411 2026 453 2045 re-
647 2019 681 2045 57
786 2019 822 2046 22

786 2019 822 2046 22
925 2019 962 2046 22
1069 2020 1098 2046 tl
1207 2021 1241 2048 58
1310 2019 1419 2049 scénatu
1425 2032 1445 2049 r.

86 2055 149 2089 cepit
163 2055 350 2089 episcopatum
374 2053 454 2080 Iaco-

87 2088 132 2116 bus
145 2088 226 2117 frater
244 2088 363 2117 Domini.

116 2155 176 2184 Pust
201 2157 302 2193 Abgari
324 2157 427 2184 obitum
449 2156 496 2191 qui
517 2155 546 2183 in
563 2159 762 2184 sacramentum
782 2161 906 2184 nostrum
927 2161 1113 2190 concesserat,
1136 2157 1262 2185 bifariam
1283 2159 1400 2188 divisum
1423 2165 1465 2188 est
1486 2169 1601 2197 regnum
1623 2161 1695 2197 ejus.

87 2201 164 2232 Filius
187 2205 316 2232 nimirum
342 2205 401 2239 ejus
430 2204 542 2232 Ananus
566 2208 660 2239 regnat
689 2203 806 2232 Edesste.
833 2204 1000 2232 Sanatruces
1031 2208 1121 2232 autem
1151 2206 1253 2233 sororis
1272 2206 1394 2241 ejusdem
1418 2208 1491 2236 ﬁlius
1513 2208 1542 2236 in
1566 2208 1696 2236 Armenia

90 2251 178 2284 majore
193 2260 201 2278 .'
220 2251 268 2287 qui
282 2250 391 2286 quidem
408 2249 565 2285 przedicanti
585 2249 720 2277 Thaddazo
738 2250 873 2285 credidit;
888 2258 951 2278 mox
972 2251 1023 2279 fide
1042 2251 1159 2286 abjecta,
1180 2252 1334 2286 apostolum
1358 2252 1495 2289 ﬁliamque
1509 2252 1696 2282 Sanduchtatn

91 2296 222 2325 interemit.

1224 2366 1453 2397 SANATRUCES
1467 2369 1547 2398 anuis
1559 2377 1625 2398 xxx.

122 2421 229 2465 addictis
248 2423 373 2465 _Edes_sae_
397 2432 465 2465 prie.-
498 2425 570 2460 204
656 2423 691 2452 ⁵8
796 2423 832 2451 2⁵

498 2425 570 2460 204
656 2423 691 2452 58
796 2423 832 2451 23
936 2423 974 2451 εδ
1079 2423 1113 2451 l2
1239 2424 1250 2451 1

94 2456 131 2500 till
150 2459 274 2499 ιηρειντίο
296 2456 464 2500 δίβεῖιμίθιι
500 2456 565 2460 "'
746 2492 845 2500 nu..-
924 2493 930 2500 .

93 2491 179 2552 Abgari
190 2491 244 2528 jain
257 2495 384 2522 exstincti
399 2494 462 2534 lilio.
744 2492 847 2521 GAIUS

144 2531 213 2564 etrus
240 2530 379 2564 apostolus
409 2537 464 2564 prt-
658 2528 692 2556 59
816 2529 826 2544 ’

744 2492 848 2521 GAIUS
866 2493 947 2521 annis
967 2502 1007 2521 tv.

658 2528 692 2556 59
816 2529 826 2544 ’
937 2528 973 2556 24
1080 2530 1114 2557 15
1236 2529 1253 2555 2

95 2566 158 2599 nium
166 2563 357 2605 Antiochenam
370 2563 463 2605 Eccle-
947 2578 957 2605 .'
966 2598 1008 2605 η..
1017 2599 1068 2605 ...λ
1078 2599 1085 2605 .
1166 2599 1171 2604 .

95 2602 154 2623 Slalll
177 2599 277 2626 stabilit
295 2608 302 2625 :
320 2607 385 2627 mox
408 2599 462 2627 Bo—
940 2598 1094 2627 AGRIPPA
1108 2599 1188 2628 annis
1205 2607 1253 2627 vn.

96 2636 156 2669 illam
172 2633 318 2667 profectus,
331 2635 461 2669 praedicat
655 2635 691 2663 40
813 2636 832 2662 2

655 2635 691 2663 40
813 2636 832 2662 2
957 2635 970 2662 1
1083 2635 1114 2662 14
1239 2636 1256 2662 5

96 2664 461 2718 ἰὲἷίέξηὲνέεηιίειῖὲξῖιξίιυθ⁵⁸
502 2685 570 2718 205
656 2671 690 2718 ﬂ
814 2671 832 2718 ξ

502 2685 570 2718 205
656 2671 690 2718 ﬂ
814 2671 832 2718 ἒ
954 2670 972 2718 Ξ
1080 2670 1115 2718 ΕΞ
1238 2671 1254 2718 ἑ

95 2704 154 2732 ﬁerit
172 2704 248 2733 annis
262 2713 295 2732 xx
307 2704 379 2741 (5i).
502 2704 570 2718 ‘U"
656 2706 691 2732 42
814 2705 832 2732 4

502 2704 570 2718 ⁴υ⁰
656 2706 691 2732 42
814 2705 832 2732 4
956 2705 973 2732 5
1079 2706 1113 2732 16
1238 2707 1255 2733 5

190 2826 388 2870 Euseb,“th
424 2865 448 2870 __
698 2864 731 2870 η
751 2864 765 2870 Α
950 2830 1006 2865 (51)
1020 2830 1058 2870 Ita
1068 2835 1110 2858 est
1124 2831 1207 2859 etiam
1223 2831 1294 2865 apud
1305 2831 1450 2860 Eusebium
1467 2831 1496 2860 in
1510 2831 1586 2860 Arm.
1604 2833 1698 2862 codice

129 2858 179 2896 (50)
195 2858 336 2892 Reeolaiur
351 2865 496 2900 Eusebius,
517 2866 564 2894 lib.
584 2874 602 2900 ι,
621 2873 682 2901 cap.
698 2864 733 2892 56
749 2864 795 2892 ﬁn.
913 2858 963 2900 pro
980 2858 1057 2893 annis
1069 2858 1135 2896 nvi
