1911 3136
196 164 246 194 631
696 161 868 190 APPENDLX
886 161 932 189 AD
952 161 1086 190 EUSEBII
1102 156 1315 197 CIIRONICON.‘
1770 164 1819 191 69‘!

240 232 293 262 Per
311 233 394 263 hosce
409 234 467 262 dies
482 233 612 261 inclaruit
628 232 689 261 falsi
708 233 848 269 propheta:
874 231 1076 260 Saracenorum
1108 232 1308 266 nxanifestatio,
1322 231 1446 260 Cerinthi
1463 235 1545 267 atque
1563 231 1730 259 Arianomm
1746 239 1818 260 aSse-

199 280 259 311 ciae,
277 281 321 307 cui
337 288 434 307 nomen
450 279 631 313 Mahumetus,
647 285 726 315 gente
752 280 907 312 lsmaelitaz,
923 280 970 306 ﬁlii
983 279 1092 315 Agaris,
1109 280 1155 314 qui
1168 283 1337 315 praeceptore
1349 282 1471 307 ususest
1485 279 1608 306 solitario
1619 279 1679 306 viro
1693 278 1820 313 quodam,

199 326 310 353 nomine
325 325 449 357 Bechira,
465 331 538 353 secta
554 325 666 358 Ariano,
686 325 763 353 Sinai
777 326 879 354 deserti
900 325 988 353 incola
1009 334 1016 351 :
1033 333 1113 360 quem
1128 325 1159 352 in
1179 326 1267 352 locum
1283 325 1410 352 videlicet
1424 322 1591 352 conﬂuentes
1609 323 1755 351 Ismaeline
1770 331 1819 350 nu-

198 379 274 398 mero
291 371 363 398 aucti
375 375 449 404 sunt,
464 379 497 399 ex
510 379 565 407 quo
581 375 705 407 tempore
719 371 787 399 Sara
802 372 929 399 ancillam
948 379 1026 398 suam
1039 371 1156 406 Agarcm
1171 371 1285 407 expulit.

233 430 416 458 Constantino
431 431 548 459 IIeracIii
581 431 637 458 ﬁlio
662 437 793 467 regnante
820 435 899 466 capta
915 439 929 458 a
946 430 1093 459 Saracenis
1129 431 1240 461 Dcvina.
1262 434 1293 457 ut
1307 431 1417 466 quidam
1441 430 1479 457 ait
1496 430 1654 462 historicus,
1679 429 1821 456 interfecta

199 480 265 504 sunt
279 476 348 504 festo
363 477 408 505 die
422 477 581 512 Epiphaniae
597 477 624 504 in
642 477 736 504 Sancti
754 477 840 512 Sergii
855 477 912 505 aede
929 477 1074 504 duodecim
1089 477 1175 503 millia
1190 477 1341 509 hominum,
1356 476 1391 503 ita
1409 480 1439 503 ut
1450 484 1583 504 caesorum
1596 476 1730 512 sanguine
1745 483 1821 502 sacra

198 530 290 550 mensa
298 527 325 550 et
333 523 505 558 baptismatis
521 523 583 551 fons
597 523 784 551 redundarent
802 534 808 551 :
827 524 944 550 abducta
958 531 1023 551 vero
1036 523 1062 550 in
1074 523 1259 558 captivitatem
1272 527 1335 550 sunt
1350 523 1410 558 plus
1425 523 1535 560 triginta
1546 523 1666 559 quinque
1683 523 1821 550 hominum

198 569 294 597 millia.
317 570 378 597 Mox
394 579 512 606 corpora
526 579 631 603 eorum,
649 571 695 606 qui
716 571 768 598 hoc
785 572 856 599 bello
871 572 1038 604 ceciderant,
1055 571 1165 606 collegit
1185 571 1286 598 Nerses
1307 571 1474 606 patriarcha,
1494 576 1574 607 atque
1589 571 1616 598 in
1637 571 1733 598 eadem
1747 578 1822 598 sacra

196 614 264 646 aede,
279 623 361 650 quam
377 616 483 647 refecit,
501 617 658 643 collocanda
671 616 787 643 curavit.

232 672 359 700 1amvero
375 673 544 702 Ismaelitica:
559 675 648 710 gentis
660 682 708 702 rex
723 674 817 702 eadem
832 673 858 701 in
875 674 943 701 urbe
963 674 1054 702 sedem
1071 673 1146 706 ﬁxit;
1163 673 1267 708 primus
1282 673 1395 709 quidem
1411 674 1520 701 nomine
1531 673 1708 706 Chalarthus,
1725 674 1760 701 de
1771 681 1823 709 quo

197 719 358 747 vaticinium
375 727 453 747 sacra
470 721 557 748 Biblia
573 722 740 751 cecinerant.
758 720 816 748 fore
840 721 945 748 scilicet
960 725 989 748 ut
1005 719 1201 747 Cbalartalabii
1216 720 1277 755 (ΞΒ)
1292 721 1409 756 populus
1426 719 1531 756 gladios
1544 727 1609 748 suos
1624 728 1725 748 cruore
1751 725 1823 748 satu-

197 772 282 795 raret.
300 767 350 796 Hic
362 774 424 796 octo
451 773 512 804 post
531 777 618 797 annos
634 769 701 797 obiit
720 777 726 795 :
743 770 935 805 successitque
955 770 1111 798 Amaranus
1126 770 1210 798 annis
1231 778 1281 797 xu.
1302 770 1355 798 Sed
1385 771 1456 798 enim
1474 770 1519 798 ille
1538 769 1704 798 Chalarthus
1728 770 1824 798 Dama-

202 821 279 841 scum
295 823 382 849 usque
395 823 558 851 progressus
572 816 670 846 fuerat.
682 819 709 843 et
722 816 749 843 iu
765 815 960 850 Mesopotamia
974 815 1099 843 Amidam
1112 816 1207 844 urbem
1218 815 1324 843 inﬁnita
1337 816 1488 851 direptione
1502 820 1667 844 vastaverat.
1681 816 1752 844 Exin
1769 821 1823 844 tres

198 860 282 888 duces
298 862 381 888 alium
397 863 451 890 alio
468 863 627 895 dimiserat;
644 863 671 890 in
681 863 790 890 Grmcas
806 863 915 898 quidem
930 863 1085 898 provincias
1107 862 1196 891 .Ialum
1215 863 1272 899 (24)
1281 871 1329 891 seu
1350 862 1463 898 Joelem,
1480 864 1527 899 qui
1542 863 1699 891 Graecorum
1717 869 1824 900 septua-

197 907 273 941 ginta
287 908 372 935 millia
390 909 504 942 cecidit;
520 909 547 936 in
559 909 700 937 Persidem
717 917 781 938 vero
798 908 963 937 Otlimanum
976 910 1097 937 Amiram
1115 910 1317 945 Mavizeumque
1330 911 1472 942 copiarum
1487 910 1594 943 ducem,
1611 911 1657 946 qui
1676 902 1826 938 debellare

198 959 263 981 runt
277 954 373 990 viginti
386 955 461 982 mille
476 956 607 992 Myrdatis
623 956 736 989 milites,
753 957 873 991 itemque
889 956 1081 983 Armeniorum
1100 956 1198 984 ducem
1224 956 1352 984 Musmum
1369 965 1429 984 cum
1446 957 1504 985 suis
1517 957 1654 992 equitibus
1672 966 1679 984 :
1695 961 1780 992 atque
1791 958 1825 984 ita

198 1000 313 1035 contigit
330 999 515 1034 utArmeuiis,
530 1000 632 1034 Persis,
653 1001 739 1037 Syris,
759 1001 906 1037 Egyptiis,
920 1000 1015 1034 Medis,
1033 1000 1143 1028 Parthis
1160 1005 1187 1029 et
1201 1001 1355 1030 Palaestinis
1367 1003 1530 1037 potirentur.

234 1057 294 1085 Jam
310 1066 404 1091 causa,
419 1060 596 1094 quamobrem
611 1060 638 1087 hi
653 1060 793 1088 consecuti
807 1064 873 1087 sunt
888 1059 1068 1091 dominatum,
1085 1059 1220 1093 ejusmodi
1234 1059 1284 1088 fuit
1300 1070 1306 1088 :
1321 1060 1452 1096 Princeps
1469 1061 1576 1096 quidam
1594 1061 1773 1089 Damascenae
1787 1069 1826 1088 re~

198 1105 287 1137 gionis
303 1104 415 1139 Sergius
433 1105 504 1132 haud
526 1105 633 1132 modica
658 1114 687 1133 re
709 1109 875 1132 mercatores
888 1104 1063 1132 Ismaeliticos
1085 1104 1239 1139 spoliabat:
1253 1105 1419 1134 Chalarthus
1437 1110 1538 1138 autem,
1553 1115 1616 1134 cum
1633 1114 1705 1141 saepe
1726 1107 1761 1134 de
1784 1107 1826 1134 his

199 1151 307 1186 injuriis
324 1153 536 1186 cxpostulasset,
554 1161 603 1180 nec
619 1153 664 1180 ille
674 1153 708 1180 ab
719 1153 827 1188 ingenio
844 1151 1003 1183 decederet,
1025 1151 1058 1178 ad
1071 1156 1225 1179 extremum
1243 1153 1365 1181 collectis
1377 1153 1468 1189 gentis
1479 1161 1536 1181 suae
1551 1153 1727 1188 pedestribus
1742 1161 1826 1189 eque-

199 1197 357 1232 stribusque
373 1197 460 1232 copiis
478 1201 520 1224 ter
535 1197 742 1233 impressionem
761 1197 789 1224 in
801 1197 907 1224 hostem
923 1196 997 1229 fecit,
1015 1204 1106 1231 neque
1117 1205 1146 1224 re
1157 1205 1207 1224 sua
1220 1201 1325 1225 tantum
1336 1199 1440 1233 potitus
1451 1201 1502 1231 est,
1517 1207 1610 1226 verum
1623 1200 1707 1227 etiam
1717 1200 1825 1228 aliena:

199 1250 285 1278 qxare
299 1248 325 1270 et
339 1243 366 1270 in
383 1243 539 1271 Armeniam
553 1244 671 1274 delatus,
688 1243 712 1270 vi
733 1243 885 1270 conabatur
897 1243 1053 1278 religiosam
1066 1243 1217 1271 incolarum
1237 1243 1316 1271 ﬁdem
1333 1245 1500 1273 subvertere.

235 1302 369 1330 Praeterea
384 1301 586 1330 Ismaelitarum
604 1310 650 1329 rex
669 1301 816 1336 praedictus
833 1301 1038 1335 conspirantem
1057 1307 1150 1328 secum
1172 1305 1269 1329 nactus
1284 1304 1327 1329 est
1342 1301 1486 1336 quemdam
1502 1303 1612 1330 nomine
1638 1301 1824 1331 Mabumetum

196 1348 390 1385 ﬁgyptiorum
414 1353 598 1377 mercatorum
610 1349 771 1383 principem.
789 1347 839 1375 Hic
856 1348 946 1382 legum
959 1347 1139 1375 Mosaicarum
1159 1348 1264 1376 modice
1281 1349 1395 1384 peritus,
1414 1350 1462 1378 sed
1480 1350 1536 1377 Arii
1552 1350 1732 1386 Cerinthique
1745 1358 1827 1380 secta

198 1396 336 1427 addictus,
350 1395 396 1431 qui
408 1403 522 1430 regnum
539 1395 672 1422 cwlorum
690 1401 851 1428 corporeum
866 1401 929 1421 esse
951 1393 1068 1425 dicebat,
1086 1394 1113 1421 in
1137 1402 1192 1429 quo
1206 1395 1311 1422 scilicet
1330 1395 1468 1423 terrestris
1489 1396 1567 1424 cibus
1584 1398 1690 1425 ventris
1711 1398 1824 1432 inesset,

199 1442 318 1476 itemque
333 1442 500 1468 connubium
515 1445 577 1476 post
590 1441 828 1467 resurrectionem.
843 1440 916 1466 Idem
934 1441 1007 1475 leges
1024 1441 1095 1468 inter
1110 1448 1139 1468 se
1156 1442 1310 1469 contrarias
1325 1442 1429 1474 docuit,
1444 1442 1556 1477 antiqua
1582 1443 1688 1471 scilicet
1709 1449 1738 1471 et
1756 1453 1826 1472 nova

198 1485 310 1519 statuta,
323 1487 442 1522 absurda
455 1487 667 1514 comminisccns
694 1491 776 1522 atque
794 1487 940 1514 insolentia
961 1488 1124 1523 praedicans,
1143 1487 1282 1523 nimisque
1299 1489 1471 1524 impudenter
1486 1489 1576 1518 foedus
1593 1490 1659 1517 illud
1675 1491 1826 1519 Abrahami

197 1541 391 1569 corrumpens,
406 1542 461 1568 quo
476 1534 583 1568 jussum
602 1537 644 1560 est
662 1542 669 1560 ε
690 1543 699 1559 ‹
719 1533 820 1560 Marem
841 1542 949 1561 omnem
974 1534 1046 1569 apud
1062 1542 1111 1562 vos
1123 1534 1327 1562 circumcidetis
1339 1540 1435 1562 octava
1451 1536 1495 1563 die
1509 1535 1613 1571 (Cenes.
1632 1544 1726 1568 xxnv,
1741 1538 1797 1572 l5);
1813 1548 1822 1564 ι

197 1583 257 1618 ipse
271 1586 360 1610 autem
376 1590 430 1609 non
444 1589 533 1609 mares
543 1585 658 1613 tantum,
674 1589 767 1609 verum
780 1583 872 1615 etiam,
889 1579 957 1617 proh
969 1582 1072 1617 pudor!
1090 1582 1211 1609 femellas
1225 1591 1232 1609 ε
1246 1582 1418 1617 signaculum
1435 1581 1568 1610 Dominici
1582 1583 1696 1612 fmderis
1705 1585 1824 1612 violans.

199 1629 300 1656 Statuit
315 1629 427 1664 insuper
442 1633 471 1656 ut
486 1637 555 1663 aqua
573 1633 679 1656 tantum
693 1629 747 1664 (25)
760 1629 883 1656 lavarcnt
896 1633 1027 1664 perpetuo
1038 1630 1064 1657 in
1080 1629 1155 1656 fonte
1166 1630 1339 1665 baptismatis
1355 1640 1362 1658 :
1376 1631 1530 1666 multasque
1540 1636 1671 1665 praeterea
1687 1632 1825 1660 absurdas

197 1677 332 1712 ejusmodi
349 1682 375 1704 et
391 1677 504 1704 insanas
518 1677 630 1711 risuque
642 1676 739 1711 dignas
751 1676 966 1704 consuetudines
982 1677 1085 1704 docuit.

233 1737 312 1765 IIunc
328 1737 514 1765 Mahumetum
549 1745 611 1764 cum
639 1737 691 1764 sibi
716 1737 899 1772 legislatorem
913 1741 940 1764 et
954 1738 1096 1764 oraculum
1124 1739 1319 1773 copiarumque
1347 1738 1443 1765 ducem
1474 1737 1602 1765 Saraceni
1638 1737 1826 1773 praefecissem

197 1783 278 1811 annis
293 1792 340 1813 xx.
357 1791 465 1811 summo
480 1783 588 1812 excidio
620 1783 827 1810 debellaverunt
856 1782 1035 1816 Beznuniam,
1064 1783 1232 1811 Aleovidiam
1255 1788 1338 1818 atque
1354 1783 1501 1810 Taroniam
1516 1783 1584 1819 (26).
1600 1783 1763 1818 Quanquam
1777 1791 1826 1819 po-

199 1837 303 1860 stremo
317 1831 491 1859 Mahumetus
506 1839 569 1858 cum
587 1831 679 1858 ﬁdeles
695 1831 870 1858 obluctantes
885 1835 967 1858 sectae
983 1838 1040 1858 sum
1054 1832 1239 1866 cognovisset,
1254 1831 1343 1858 edicto
1355 1831 1460 1866 copiam
1477 1831 1541 1858 fecit
1556 1831 1720 1858 nominatim
1732 1831 1827 1858 Arme-

197 1880 284 1908 niacis
296 1879 446 1914 provinciis
461 1879 619 1906 Christiano
636 1879 689 1905 ritu
705 1879 810 1910 utendi,
826 1884 919 1914 atque,
936 1883 965 1906 ut
985 1879 1021 1906 ita
1033 1878 1133 1910 dicam,
1153 1880 1313 1915 religionem
1329 1887 1411 1914 quam
1433 1879 1610 1906 sectabantur
1626 1878 1730 1909 eisdem
1758 1886 1826 1910 ven-

197 1929 277 1960 didit,
292 1927 417 1962 vectigali
430 1927 573 1961 imperato,
591 1935 688 1962 nempe
701 1931 730 1954 ut
743 1927 851 1954 familia:
862 1927 976 1962 singula:
989 1931 1109 1961 quattuor
1124 1935 1263 1958 nummos,
1277 1927 1383 1954 modios
1396 1927 1534 1954 aridorum
1550 1930 1616 1958 tres,
1634 1927 1824 1961 hippoperam,

195 1974 390 2009 cilicinumque
404 1973 494 2000 funem
512 1974 710 2008 persolverent.
724 1973 813 2008 Hujus
835 1978 925 2000 tamen
946 1972 1040 2000 tributi
1057 1973 1226 2000 immunibus
1242 1980 1305 2000 esse
1317 1972 1455 2000 concessit
1470 1972 1668 2005 sacerdotibus,
1687 1973 1826 2001 nobilibus

195 2025 224 2048 et
237 2020 384 2056 equitibus.
401 2020 488 2055 Atque
503 2019 642 2052 Saraceni,
674 2027 807 2055 posquam
823 2020 936 2054 prolatis
951 2019 1059 2054 imperii
1075 2019 1175 2046 ﬁnibus
1198 2019 1320 2046 omnium
1337 2019 1415 2053 politi
1429 2023 1502 2048 sunt,
1521 2017 1575 2045 dici
1592 2023 1737 2053 coeperunt
1749 2019 1828 2047 Ami-

196 2066 498 2102 ralnlumni(‘l7t.Jam
512 2071 573 2102 post
595 2067 743 2094 Mahumcti
764 2074 852 2094 annos
879 2074 915 2095 xx
929 2065 998 2101 (28),
1022 2066 1155 2093 dominati
1178 2069 1243 2093 sunt
1268 2056 1471 2097 Abubechirus,
1487 2063 1641 2091 Othmanus
1655 2068 1683 2091 et
1707 2064 1826 2092 Omarus

195 2121 277 2140 annis
291 2122 407 2141 XXXVIII.

235 2170 290 2197 IIac
305 2175 468 2205 tempestate
481 2171 626 2206 imperium
653 2178 763 2205 quoque
789 2170 944 2202 Persarum,
963 2170 1035 2205 quod
1057 2170 1201 2197 dicebatur
1228 2168 1437 2200 Sasanidarum,
1456 2167 1592 2195 sublatum
1608 2171 1661 2199 est,
1678 2171 1825 2202 postquam

197 2218 276 2244 annis
292 2225 374 2244 ccccx
389 2221 610 2252 persevcraverat
626 2227 631 2244 :
649 2216 788 2244 Persicum
811 2222 901 2244 autem
914 2221 1050 2252 sceptrum
1078 2223 1208 2251 ceperunt
1229 2215 1369 2248 Saraceni,
1384 2215 1429 2249 qui
1441 2213 1505 2241 dicti
1524 2217 1587 2241 sunt
1602 2213 1825 2241 Amiralmumni.

696 2305 958 2333 SARACENORUM
976 2303 1222 2332 AMIRALMUMNI
1240 2304 1306 2339 (29).

232 2395 402 2424 Mahumetus
431 2397 511 2423 annis
541 2404 595 2430 xx;
611 2395 802 2423 Abubcchirus
825 2395 906 2422 annis
931 2402 1000 2427 vm;
1022 2393 1175 2421 Olhmanus
1200 2393 1280 2420 annis
1304 2400 1339 2425 x;
1364 2392 1484 2421 Omarus
1511 2391 1591 2420 annis
1616 2399 1671 2425 xx;
1695 2391 1825 2418 Movimus

196 2444 277 2479 annis
289 2452 360 2477 nu;
373 2443 519 2472 Meruanus
536 2451 609 2471 anno
625 2451 632 2470 I
646 2452 653 2476 ;
666 2442 789 2470 Jezithus
807 2443 886 2470 annis
900 2451 948 2475 Ill;
970 2441 1193 2469 Abdelmelichus
1217 2441 1296 2468 annis
1320 2448 1375 2467 un
1388 2449 1395 2474 ;
1410 2439 1631 2468 Vclithusannis
1645 2448 1690 2473 Iv;
1707 2440 1825 2467 Omarus

196 2493 277 2521 annis
299 2500 335 2526 It;
362 2492 475 2520 Ezithus
504 2491 583 2519 anuis
608 2499 651 2524 VI;
668 2491 838 2519 Heschemus
867 2491 947 2518 annis
978 2498 1044 2519 xu;
1080 2489 1204 2516 Velithus
1228 2496 1300 2515 anno
1316 2495 1342 2521 I;
1367 2488 1512 2516 Meruanus
1539 2488 1618 2515 annis
1643 2495 1713 2521 vm;
1739 2487 1826 2515 Abdla

195 2541 276 2567 annis
290 2547 364 2571 xxn;
381 2539 564 2566 Abdelazizus
581 2538 662 2566 annis
688 2546 736 2571 III;
759 2538 865 2565 Mahdis
882 2538 962 2565 annis
982 2545 1021 2570 Ix;
1041 2536 1127 2564 Musis
1155 2536 1233 2564 annis
1255 2544 1288 2568 x;
1308 2535 1436 2564 Harunus
1463 2537 1542 2563 annis
1564 2542 1651 2568 ulti;
1669 2534 1826 2567 Mahmetus

195 2587 276 2614 annis
289 2595 323 2619 v;
340 2585 497 2613 Maimunus
510 2584 589 2610 annis
606 2592 700 2618 xxvu;
716 2583 904 2615 Ibemueretus
918 2583 999 2614 annis
1017 2590 1060 2615 Ix;
1083 2582 1212 2609 Harunus
1224 2582 1304 2609 annis
1315 2588 1398 2614 xvm;
1413 2580 1562 2616 Ciapbares
1573 2580 1653 2607 annis
1667 2588 1707 2607 ιι.
1720 2579 1824 2608 Horum

195 2633 328 2660 memoria
343 2632 495 2667 perditione
508 2630 652 2658 obruatur.

230 2733 286 2766 (25)
294 2732 415 2760 Chalith
426 2731 595 2759 dicunturab
607 2731 742 2758 Armenus
750 2736 821 2758 exta.
832 2729 888 2757 Hoc
897 2734 985 2766 autem
1071 2728 1128 2766 (ἐξ)
1148 2727 1272 2766 Ijze_sunt
1286 2728 1476 2766 Armeniorum
1492 2727 1650 2766 provinciae.

195 2763 257 2794 Ioco
268 2763 340 2795 haud
356 2768 460 2794 scimus
474 2773 563 2794 utrum
577 2767 778 2801 respiciendum
799 2767 834 2793 sit
854 2766 887 2792 ad
906 2765 983 2792 Deut.
1048 2799 1052 2801 Δ
1069 2763 1264 2801 (a7)_Codices
1287 2764 1390 2801 partim
1412 2763 1737 2801 Amirimumui_;_partim
1760 2769 1824 2790 vero

195 2809 294 2833 xxvul,
307 2803 353 2833 49,
372 2810 406 2829 an
422 2803 454 2829 ad
471 2801 589 2829 Hicrem.
605 2797 678 2832 XLVI.
693 2803 736 2832 10,
747 2802 787 2828 vel
802 2801 834 2828 ad
844 2801 911 2836 psal.
929 2808 982 2832 LVI,
1036 2797 1251 2836 Antjrollmtmni,
1270 2797 1369 2836 nempe
1382 2798 1550 2836 imperatores
1567 2797 1697 2836 ﬁdelium.

196 2837 225 2868 5,
248 2838 287 2863 vel
299 2837 331 2864 ad
346 2832 422 2865 Lvm.
441 2838 467 2864 8.
485 2837 551 2863 Rem
567 2837 612 2864 alii
626 2837 782 2871 diligentius
798 2832 981 2863 considerent.
1069 2834 1280 2871 (28)Qodd..x_t..
1291 2833 1343 2860 Sed
1354 2833 1433 2860 iidem
1441 2838 1503 2860 ante
1512 2832 1822 2871 posteaquehabentxx.

238 2872 294 2905 (‘24)
308 2871 357 2899 Hic
369 2873 477 2900 codices
498 2873 587 2905 aliqua
611 2867 786 2907 corruptione
808 2871 979 2898 laborabant.
1050 2869 1121 2907 _(29)
1135 2868 1182 2907 llic
1199 2869 1292 2907 Iit‘ultts
1319 2876 1380 2895 cum
1396 2869 1571 2907 sequentibus
1595 2867 1823 2896 Amiralmumms

234 2903 290 2942 (25)
306 2907 405 2942 Nempe
419 2908 476 2938 sine
491 2903 581 2936 verbis
595 2903 704 2935 sacris:
1032 2905 1109 2939 abest
1125 2903 1159 2931 ab
1177 2904 1332 2938 antiquiore
1348 2903 1504 2945 ercmplari.
