1911 3136
191 153 241 183 σοι
690 151 862 179 APPENDLX
880 150 926 178 an
946 150 1079 179 euseeu
1096 145 1309 186 cuaoNtcom
1766 152 1813 180 692

234 221 287 251 Per
305 223 389 252 hosce
403 223 461 251 dies
476 222 606 250 inclaruit
622 221 683 250 falsi
703 222 843 258 propheta:
869 221 1070 249 Saracenorum
1102 221 1302 256 manifestatio,
1316 220 1440 249 Cerinthi
1458 224 1539 256 atque
1557 220 1725 248 Arianorum
1742 228 1812 249 assc-

193 269 253 300 clte,
271 270 316 296 cui
331 277 429 296 nomen
445 269 626 302 Mahumelus,
642 274 721 304 gente
746 269 901 301 lsmaelitre,
917 269 964 295 lilii
977 268 1086 304 Agaris,
1103 269 1149 304 qui
1162 272 1332 304 praeceptore
1343 275 1411 296 usus
1423 271 1466 295 est
1480 268 1602 295 solitario
1613 268 1674 295 viro
1689 267 1813 302 quodam,

193 315 304 342 nomine
320 314 444 346 Bechira,
459 320 532 342 secta
548 314 660 347 Ariano,
680 315 757 342 Sinai
771 315 873 342 deserti
893 314 982 342 incola
1003 322 1010 340 :
1027 322 1107 349 quem
1123 314 1153 341 in
1173 315 1261 341 locum
1277 314 1404 342 videlicet
1418 311 1585 341 conﬂuentes
1604 312 1750 340 Ismaelita:
1765 320 1812 338 nu-

193 367 268 388 mero
285 361 358 387 aucti
370 364 444 393 sunt,
458 368 491 388 ex
504 367 559 396 quo
576 364 699 396 tempore
713 360 781 388 Sara
796 361 923 388 ancillam
942 368 1020 387 suam
1034 360 1150 396 Agarem
1165 361 1279 396 expulit.

228 419 410 447 Constantino
426 420 543 448 Ileraclii
575 420 632 448 ﬁlio
657 425 788 456 regnante
814 424 894 455 capta
910 427 924 447 a
940 419 1087 448 Saracenis
1123 420 1235 450 Devina.
1257 423 1288 447 ut
1302 420 1412 455 quidam
1435 420 1474 446 ait
1490 419 1648 451 historicus,
1673 417 1814 446 interfecta

194 469 259 493 sunt
273 465 343 493 festo
358 466 402 494 die
417 466 576 502 Epiphania“:
591 466 618 494 in
637 466 730 494 Sancti
749 466 835 502 Sergii
850 467 907 494 aede
923 466 1068 494 duodecim
1084 466 1169 492 millia
1185 465 1335 498 hominum,
1349 465 1386 492 ita
1403 469 1433 492 ut
1444 473 1577 493 caesorum
1591 465 1724 501 sanguine
1739 472 1814 492 sacra

193 519 285 539 mensa
293 512 499 547 etbaptismatis
516 512 577 540 fons
591 513 778 540 redundarent
797 523 802 540 :
821 513 938 540 abducta
952 520 1017 540 vero
1029 513 1056 539 in
1068 513 1253 548 captivitatem
1266 517 1330 539 sunt
1343 513 1404 547 plus
1419 512 1529 548 triginta
1540 513 1660 548 quinque
1677 512 1814 539 hominum

192 559 289 586 millia.
311 559 372 586 Mox
388 568 505 595 corpora
520 568 625 593 eorum,
643 560 689 595 qui
710 561 763 588 hoc
780 561 850 588 bello
865 561 1032 593 ceciderant,
1049 561 1159 595 collegit
1180 560 1279 588 Nerses
1301 561 1468 596 patriarcha,
1488 565 1569 596 atque
1583 560 1610 587 in
1631 560 1727 587 eadem
1741 567 1814 587 sacra

191 603 258 635 atde,
274 612 355 639 quam
372 605 477 637 refecit,
495 606 653 633 collocanda
665 606 781 632 curavit.

226 661 354 689 Jamvero
370 662 538 691 lsmaelitica:
553 664 642 700 gentis
654 672 702 691 rex
717 663 812 691 eadem
826 663 852 690 in
869 663 938 691 urbe
957 663 1048 691 sedem
1065 662 1139 695 ﬁxit;
1156 663 1261 697 primus
1277 662 1389 698 quidem
1405 663 1514 690 nomine
1526 662 1702 695 Chalartbus,
1720 663 1754 690 de
1765 671 1816 698 quo

191 708 352 736 vaticinium
370 716 448 736 sacra
464 710 551 738 Biblia
567 711 734 740 cecinerant.
753 710 810 737 fore
834 710 939 737 scilicet
954 714 983 737 ut
999 709 1196 736 Chalartalabii
1211 709 1271 744 (25)
1287 710 1403 745 populus
1420 708 1525 745 gladios
1539 717 1603 737 suos
1617 717 1719 737 cruore
1745 714 1816 737 satu-

192 761 276 784 raret.
294 756 344 784 Hic
357 763 418 785 octo
446 763 507 793 post
526 766 613 786 annos
628 759 696 786 obiit
714 767 720 785 ε
737 759 929 794 successitque
950 759 1105 787 Amaranus
1121 759 1204 787 annis
1225 767 1275 786 xu.
1297 759 1349 788 Sed
1379 760 1451 787 enim
1468 759 1513 787 ille
1532 758 1697 787 Cbalartbus
1722 759 1816 787 Dama-

197 811 273 830 scum
289 811 376 838 usque
389 812 552 840 progressus
566 805 664 836 fuerat,
677 809 703 832 et
716 805 743 832 in
760 805 954 840 Mesopotamia
969 805 1093 832 Amidam
1106 806 1201 833 urbem
1213 805 1318 832 inﬁnita
1331 805 1482 840 direptione
1496 809 1661 833 vastaverat.
1675 806 1746 833 Exin
1763 810 1816 834 tres

192 849 276 878 duces
292 851 375 878 alium
391 852 445 878 alio
462 852 621 884 dimiserat;
638 853 665 880 in
675 852 784 880 Grrecas
800 852 910 887 quidem
924 852 1079 887 provincias
1102 851 1191 880 Jalum
1209 852 1265 888 (24)
1275 860 1323 880 seu
1344 852 1457 886 Joelem,
1474 853 1521 888 qui
1536 852 1693 880 Graecorum
1710 859 1817 889 septua-

191 896 267 930 ginta
281 897 366 924 millia
384 899 499 931 cecidit;
514 899 540 925 in
553 898 694 926 Persidem
711 907 775 927 vero
792 898 957 926 Othmanum
971 899 1091 927 Amiram
1110 899 1311 934 Maviazumque
1324 900 1466 931 copiarum
1481 899 1589 932 ducem,
1605 900 1651 935 qui
1670 891 1819 928 debellare-

193 948 257 970 runt
271 943 367 979 viginti
381 944 455 971 mille
470 945 601 981 Myrdatis
618 946 730 978 milites,
747 946 867 980 itemque
883 945 1075 973 Armeniorum
1094 945 1192 973 ducem
1218 946 1347 973 Musatum
1363 954 1423 973 cum
1440 946 1498 974 suis
1511 946 1649 981 equitibus
1666 955 1673 973 :
1689 951 1774 982 atque
1785 947 1819 974 ita

193 989 307 1024 contigit
325 989 509 1023 utArmeniis,
525 990 625 1023 Persis,
647 990 734 1026 Syris,
753 990 900 1025 Egyptiis,
914 989 1009 1023 Medis,
1027 989 1137 1018 Parthis
1154 994 1181 1018 ct
1196 990 1349 1019 Palaestinis
1361 992 1524 1026 potirentur.

228 1047 287 1074 .lam
304 1055 398 1080 causa,
414 1049 590 1084 quamobrem
606 1049 633 1076 bi
647 1049 788 1077 consecuti
801 1053 867 1076 sunt
881 1048 1063 1080 dominatum,
1079 1048 1215 1082 ejusmodi
1228 1048 1278 1077 fuit
1294 1060 1300 1076 :
1314 1049 1446 1085 Princeps
1463 1050 1571 1086 quidam
1588 1050 1767 1079 Damascena:
1781 1058 1821 1078 re-

192 1094 281 1127 gionis
297 1093 409 1128 Sergius
427 1095 498 1121 haud
521 1095 627 1121 modica
652 1103 681 1122 re
703 1099 869 1122 mercatores
882 1093 1058 1122 lsmaeliticos
1079 1094 1233 1129 spoliabat:
1247 1095 1413 1123 Chalarthus
1431 1099 1532 1128 autem,
1547 1103 1610 1123 cum
1627 1103 1699 1130 saepe
1720 1096 1755 1123 de
1778 1096 1819 1123 his

194 1140 302 1175 injuriis
318 1142 530 1176 expostulassel,
548 1150 598 1169 nec
613 1142 658 1169 ille
668 1142 702 1169 ab
713 1142 821 1176 ingenio
838 1140 981 1168 decederet
991 1161 998 1172 ,
1019 1141 1052 1167 ad
1065 1145 1218 1168 extremum
1237 1142 1359 1170 collectis
1371 1142 1461 1178 gentis
1473 1150 1530 1170 sua:
1545 1143 1722 1177 pedestribus
1737 1150 1820 1178 eque-

193 1186 351 1220 stribusque
367 1186 454 1220 copiis
473 1190 515 1213 ter
529 1186 736 1222 impressionem
755 1187 783 1212 in
795 1187 901 1213 hostem
917 1185 992 1217 fecit,
1009 1193 1100 1220 neque
1111 1193 1139 1212 re
1152 1194 1201 1214 sua
1214 1191 1318 1214 tantum
1331 1188 1434 1222 potitus
1445 1190 1496 1221 est,
1511 1196 1604 1215 verum
1618 1189 1701 1216 etiam
1711 1189 1818 1216 aliena:

193 1239 279 1267 qaare
293 1237 320 1260 et
333 1233 361 1259 in
377 1233 534 1260 Armeniam
547 1233 665 1263 delatus,
683 1232 706 1259 vi
727 1232 879 1259 conabatur
891 1232 1048 1267 religiosam
1060 1233 1211 1260 incolarum
1231 1232 1311 1260 ﬁdem
1327 1233 1494 1262 subvertere.

229 1291 363 1319 Praeterea
379 1290 581 1319 lsmaelitarum
598 1299 644 1318 rex
663 1290 810 1325 praedictus
827 1289 1032 1324 conspirantem
1051 1297 1145 1317 secum
1166 1294 1263 1318 nactus
1278 1294 1321 1318 est
1336 1291 1480 1325 quemdam
1497 1292 1606 1318 nomine
1631 1291 1817 1320 Mahumetum

190 1338 385 1374 Agyptiorum
408 1342 592 1366 mercatorum
604 1338 766 1372 principem.
783 1337 832 1364 Hic
850 1338 940 1371 legum
953 1336 1133 1364 Mosaicarum
1153 1337 1259 1365 modice
1275 1338 1390 1373 peritus,
1408 1339 1456 1367 sed
1475 1339 1531 1366 Arii
1546 1339 1727 1375 Ccrintbique
1740 1347 1820 1368 secta:

192 1385 331 1416 addictus.
344 1384 390 1420 qui
403 1392 516 1419 regnum
533 1384 666 1411 ccelorum
685 1391 846 1417 corporeum
860 1390 923 1410 esse
945 1382 1062 1414 dicebat,
1079 1383 1106 1410 in
1130 1391 1186 1418 quo
1200 1384 1305 1411 scilicet
1324 1385 1462 1412 terrestris
1483 1385 1562 1413 cibus
1578 1387 1684 1414 ventris
1705 1387 1817 1420 inesset,

194 1432 313 1466 itemque
327 1431 495 1457 connubium
510 1434 572 1465 post
584 1430 822 1456 resurrectionem.
837 1429 911 1456 ldcm
928 1429 1001 1464 leges
1018 1429 1089 1457 inter
1104 1437 1133 1457 se
1150 1431 1304 1457 contrarias
1319 1431 1423 1463 docuit,
1438 1431 1551 1466 antiqua
1576 1432 1682 1460 scilicet
1704 1437 1732 1460 et
1751 1441 1819 1461 nova

192 1474 304 1509 statuta,
317 1476 437 1512 absurda
449 1476 661 1504 comminiscens
688 1480 770 1510 atque
788 1476 934 1503 insolentia
955 1476 1118 1511 prazdicans,
1137 1477 1276 1512 nimisque
1293 1478 1465 1513 impudenter
1480 1478 1570 1506 fmdus
1587 1479 1653 1506 illud
1669 1479 1818 1508 Abrahami

191 1530 385 1558 corrumpens,
401 1531 455 1557 quo
471 1523 577 1557 jussum
596 1527 637 1549 est
656 1531 664 1550 :
685 1531 693 1548 α
713 1522 814 1549 Marem
835 1531 943 1550 omnem
968 1523 1040 1558 apud
1057 1531 1105 1551 vos
1117 1523 1321 1551 circumcidetis
1333 1529 1430 1551 octava
1445 1525 1489 1552 dic
1503 1524 1607 1560 (Cenes.
1626 1533 1720 1558 xxxtv,
1735 1527 1791 1562 t5);
1807 1536 1816 1552 ι

191 1572 251 1607 ipse
265 1575 355 1599 autem
371 1579 425 1598 non
438 1578 528 1598 mares
537 1574 653 1602 tantum,
668 1578 761 1598 verum
774 1571 866 1604 etiam,
883 1567 951 1606 prob'
963 1570 1066 1606 pudor!
1084 1571 1205 1598 femellas
1220 1580 1226 1598 :
1240 1571 1413 1606 signaculum
1429 1570 1562 1599 Dominici
1576 1572 1690 1601 foederis
1700 1574 1817 1601 violans.

193 1618 294 1645 Statuit
309 1618 422 1653 insuper
437 1622 466 1644 ut
480 1625 550 1652 aqua
567 1622 673 1644 tantum
686 1618 742 1653 (25)
754 1618 877 1644 lavarent
890 1622 1021 1653 perpetuo
1032 1619 1059 1646 in
1075 1618 1149 1645 fonte
1160 1618 1333 1654 baptismatis
1350 1629 1356 1647 :
1370 1619 1524 1655 multasque
1534 1625 1665 1654 praeterea
1681 1621 1819 1649 absurdas

191 1666 327 1700 ejusmodi
343 1671 370 1693 et
386 1666 498 1693 insanas
512 1666 624 1700 risuque
636 1665 733 1700 dignas
745 1665 960 1693 consuetudines
977 1666 1080 1693 docuit.

227 1725 306 1754 lIunc
323 1725 509 1757 Mahumetum
543 1734 605 1753 cum
634 1726 686 1753 sibi
711 1726 893 1761 legislatorem
907 1730 935 1753 et
949 1726 1089 1753 oraculum
1118 1728 1313 1762 copiarumque
1342 1727 1437 1754 ducem
1468 1726 1597 1754 Saraceni
1632 1726 1820 1762 praefecissem

191 1773 272 1800 annis
288 1781 334 1802 xx,
351 1780 460 1800 summo
475 1772 582 1801 excidio
615 1771 821 1798 debellaverunt
850 1771 1030 1804 Beznuniam,
1059 1772 1227 1800 Aleovidiam
1249 1777 1332 1808 atque
1349 1772 1495 1799 Taroniam
1511 1772 1578 1808 (26).
1595 1772 1758 1807 Quanquam
1771 1780 1819 1808 po-

193 1825 297 1849 stremo
311 1820 485 1848 Mahumctus
500 1827 563 1847 cum
581 1819 673 1847 ﬁdeles
689 1819 864 1847 obluctantes
880 1824 961 1847 sectae
978 1827 1034 1847 suae
1048 1821 1233 1855 cogrmrisset,
1248 1820 1338 1847 edicto
1349 1820 1454 1855 copiam
1471 1819 1536 1848 iecit
1549 1820 1715 1847 nominatim
1726 1820 1820 1847 Arme-

191 1869 279 1896 nt'acis
291 1868 441 1903 provinciis
455 1868 614 1895 Christiano
630 1868 683 1894 ritu
700 1867 804 1899 utendi,
820 1872 914 1902 atque,
930 1871 959 1894 ut
978 1867 1016 1894 ita
1027 1867 1127 1899 dicam,
1147 1869 1307 1904 religionem
1324 1876 1405 1903 quam
1427 1868 1604 1895 sectabantur
1620 1867 1724 1898 eisdem
1752 1875 1820 1899 ven-

191 1917 271 1948 didit,
286 1915 411 1951 vectigali
425 1917 568 1950 imperato,
586 1923 682 1951 nempe
695 1920 725 1943 ut
737 1915 845 1943 familia:
856 1915 970 1951 singula:
983 1920 1103 1950 quatuor
1118 1924 1257 1947 nummos,
1271 1916 1377 1943 modios
1390 1916 1528 1943 aridorum
1545 1919 1611 1947 tres,
1627 1916 1818 1950 bippoperam,

190 1963 385 1998 cilicinumque
399 1962 489 1989 furem
507 1962 704 1997 persolverent.
718 1961 807 1996 Hujus
829 1966 919 1989 tamen
941 1961 1034 1989 tributi
1051 1962 1220 1989 immunibus
1236 1969 1299 1989 esse
1311 1961 1449 1989 concessit
1464 1961 1662 1994 sacerdotibus,
1680 1962 1820 1990 nobilibus

189 2014 218 2037 et
232 2010 379 2045 equitibus.
396 2009 482 2044 Atque
497 2008 637 2041 Saraceni,
669 2016 801 2044 posquam
818 2009 930 2043 prolatis
945 2008 1053 2044 imperii
1069 2008 1168 2035 ﬁnibus
1192 2008 1314 2035 omnium
1331 2008 1409 2042 potiti
1424 2012 1496 2037 sunt.
1515 2007 1569 2034 dici
1586 2012 1731 2042 cmpcrunt
1744 2007 1822 2036 Ami-

190 2057 338 2084 ralmumni
351 2056 419 2091 (‘27).
432 2055 492 2082 Jam
506 2060 567 2091 post
589 2055 737 2083 Mabumeti
758 2063 846 2083 annos
874 2063 909 2084 xx
924 2054 992 2090 (28),
1016 2055 1149 2082 dominati
1172 2058 1236 2082 sunt
1262 2045 1465 2086 Abubechirus,
1481 2051 1634 2080 Othmanus
1649 2057 1677 2081 et
1701 2053 1821 2081 Omarus

190 2109 271 2130 annis
286 2111 401 2130 XXXVIII.

229 2159 284 2186 Hac
300 2164 462 2194 tempestate
476 2159 620 2194 imperium
648 2167 757 2194 quoque
784 2159 939 2190 Persarum,
957 2158 1030 2194 quod
1051 2159 1194 2185 dicebatur
1221 2157 1432 2188 Sasanidarum,
1450 2156 1586 2184 sublatum
1603 2159 1655 2188 est,
1671 2160 1820 2191 postquam

191 2206 270 2233 annis
287 2213 368 2233 ccccx
383 2210 604 2241 persevcraverat
620 2216 625 2232 :
644 2205 783 2233 Persicum
806 2210 896 2233 autent
908 2210 1044 2240 sceptrum
1072 2211 1202 2239 ceperunt
1222 2204 1363 2237 Saraceni,
1378 2204 1423 2238 qui
1435 2203 1499 2230 dicti
1518 2206 1581 2229 sunt
1596 2202 1819 2236 Amiralmumni.

690 2293 952 2322 SARACENORUM
971 2292 1217 2321 AMIRALMUMNI
1234 2292 1300 2328 (29).

227 2384 396 2413 Mahumetus
425 2385 505 2412 annis
535 2393 589 2418 xx;
605 2384 796 2412 Abubecbirus
819 2384 899 2411 annis
925 2391 994 2416 \‘lli;
1016 2381 1169 2409 Otbmanus
1194 2382 1274 2408 annis
1298 2389 1333 2414 x;
1359 2381 1477 2410 Omarus
1505 2380 1586 2409 annis
1610 2388 1666 2413 xx;
1688 2379 1820 2407 Mav‘mus

190 2433 271 2468 annis
284 2441 355 2465 xxu;
367 2433 513 2460 Meruanus
530 2440 603 2459 anno
619 2440 626 2458 l
640 2441 647 2464 ;
660 2430 783 2458 Jezitbus
801 2431 880 2460 annis
894 2439 941 2464 llt;
964 2430 1187 2458 Abdelmclichns
1211 2430 1291 2456 annis
1314 2437 1369 2456 nu
1383 2439 1389 2462 ;
1405 2428 1626 2457 Velithusannis
1640 2437 1684 2461 1v;
1700 2429 1820 2456 Omarus

190 2482 271 2509 annis
293 2489 329 2515 u;
356 2480 470 2508 Ezithus
497 2480 577 2507 annis
603 2487 645 2513 v1;
662 2479 832 2507 Heschcmus
861 2479 941 2506 annis
971 2486 1038 2507 xux:
1074 2477 1198 2505 V’elithus
1222 2485 1294 2504 anno
1310 2484 1336 2510 ις
1361 2476 1506 2504 Meruanus
1534 2477 1613 2504 annis
1637 2484 1706 2509 vlu;
1732 2476 1820 2503 Ahdla

190 2529 270 2556 annis
284 2536 358 2559 xxu;
376 2527 558 2554 Abdclazizus
576 2527 656 2554 annis
682 2535 730 2559 lll;
753 2526 859 2554 Mabdis
876 2526 955 2554 annis
976 2534 1015 2558 Ix;
1036 2525 1122 2552 Musis
1148 2525 1227 2552 annis
1249 2532 1282 2557 ις
1301 2524 1429 2552 Harunus
1457 2525 1536 2552 annis
1559 2532 1645 2556 “In;
1663 2523 1821 2556 Mahmetus

189 2576 270 2603 annis
283 2583 317 2608 v;
335 2574 491 2601 Maimunus
504 2572 584 2599 annis
600 2580 694 2606 xxvu;
710 2571 898 2599 Ibemneretus
912 2571 993 2602 annis
1011 2578 1055 2604 lx;
1077 2571 1206 2597 llarunus
1218 2570 1298 2597 annis
1310 2577 1392 2602 avni;
1408 2569 1556 2604 Ciapbares
1567 2569 1648 2596 annis
1662 2577 1700 2596 x1.
1713 2568 1819 2597 Horum

190 2621 322 2650 memoria
337 2620 489 2655 perditione
503 2618 646 2646 oeratur.

225 2721 410 2756 ('23)Chalirth
420 2719 589 2747 dicunturab
601 2719 736 2746 Armenus
745 2724 816 2746 exta.
826 2717 882 2756 Hoc
891 2722 979 2756 autem
1065 2716 1122 2756 (ἐξ)
1141 2716 1266 2756 [Im-sunt
1281 2717 1470 2756 Armeniorum
1486 2716 1645 2756 provinciae.

189 2752 250 2783 ioco
262 2752 334 2784 haud
351 2757 454 2783 scimus
468 2762 557 2782 utrum
571 2756 772 2790 respiciendum
792 2755 827 2781 sit
848 2753 977 2790 aereut.
1042 2788 1046 2790 Δ
1063 2752 1258 2790 ('47)_Codices
1281 2753 1384 2790 partim
1406 2753 1730 2790 Amirimumni_;_partim
1753 2758 1819 2779 vero

189 2799 288 2822 xxviii.
301 2791 347 2822 49,
366 2799 400 2818 an
416 2791 448 2817 ad
465 2790 583 2818 Iiierem.
600 2787 673 2820 XLVI.
688 2790 730 2820 10,
741 2790 781 2816 vel
796 2790 828 2816 ad
837 2789 905 2824 psal.
923 2796 976 2820 Lvl,
1030 2787 1245 2824 Ami):ﬂllﬂttmiii,
1264 2795 1361 2824 nempe
1376 2787 1545 2824 imperatores
1562 2787 1691 2824 ﬁdelium.

189 2825 218 2858 5,
241 2827 281 2852 vel
293 2826 325 2852 ad
340 2834 416 2853 LVIII.
435 2827 461 2852 8.
479 2825 545 2852 Rem
561 2826 607 2852 alii
620 2825 777 2860 diligentius
792 2822 975 2860 considerent.
1063 2822 1275 2860 (?_8)(_‘._odd..xt..
1286 2822 1337 2849 Sed
1348 2822 1427 2849 iidem
1435 2827 1498 2849 ante
1506 2826 1654 2860 posteaque
1662 2822 1815 2860 habent“.

231 2861 287 2896 (23$)
301 2860 351 2888 Hic
363 2862 472 2889 codices
492 2862 581 2894 aliqua
605 2857 780 2896 corruptione
802 2859 973 2887 laborabant.
1044 2857 1115 2896 _(29)
1129 2857 1176 2896 llic
1193 2857 1287 2896 titulus
1313 2865 1374 2884 cum
1391 2858 1566 2896 sequentibus
1590 2857 1817 2885 Amiralmumuti

228 2892 283 2931 (25)
300 2895 399 2931 Nempe
413 2896 470 2923 sine
485 2892 575 2925 verbis
589 2892 698 2932 sacris;
1026 2893 1103 2928 abest
1119 2892 1154 2920 ab
1172 2893 1326 2927 antiquiore
1342 2892 1498 2927 exemplari.
