1911 3136
88 141 140 172 too
460 142 632 171 SAMUELIS
647 142 803 170 ANIENSIS
822 142 990 170 SUMMAR“
1006 142 1197 171 TEMPOBUM
1216 143 1306 172 PARS
1325 144 1358 172 ll.
1651 146 1703 174 ’110

431 279 526 299 (ιι-111³.
557 279 663 300 CHRISTI
710 281 806 301 CONST.
860 281 934 301 AIIR.
1004 281 1067 301 ΑΜ.
1139 283 1185 301 ΡΑἸ

592 280 663 300 ιιιετι
710 281 806 301 CONST.
860 281 934 301 AIIR.
1004 281 1067 301 ΔΚΜ.
1139 282 1217 302 ΡΑτιι.
1278 283 1344 303 ,εκι

1281 318 1346 338 ARI-

730 377 781 404 Mi-
840 377 955 413 Ciapha-
985 377 1096 406 Semba-
1138 378 1216 406 Joan-

713 413 789 440 chael
870 421 912 441 res
1006 417 1050 440 tus
1151 423 1210 447 nes,

449 540 519 575 1,07
591 539 643 575 $50
765 540 782 568 9
903 540 921 567 2
1025 539 1061 566 27
1167 541 1200 568 l8

591 539 643 575 $50
765 540 782 568 9
903 540 921 567 2
1025 539 1061 566 27
1167 541 1200 568 l8
1288 542 1340 569 297

591 574 639 602 851
749 576 782 602 10
904 576 921 602 5
1025 574 1060 602 28
1166 576 1200 603 19
1288 577 1341 604 298

590 610 642 637 852
747 611 758 637 1
768 611 778 637 Ι
903 610 920 637 ι
1024 609 1059 636 29
1165 611 1199 637 Ξυ
1288 612 1340 639 299

449 636 518 670 408
590 636 642 672 835
747 636 781 672 te
903 636 920 672 εἰ
1025 645 1060 671 30
1165 636 1194 672 ei

590 636 642 672 835
747 636 781 672 te
903 636 920 672 εἰ
1025 645 1060 671 30
1165 636 1194 672 εἰ
1287 636 1340 674 Ξόὸ

590 680 641 707 856
749 680 780 707 15
902 681 919 706 6
1025 680 1055 705 ’Ἱ
1164 680 1199 707 22
1287 683 1336 709 501

1123 769 1318 797 ZACHARIAS
1342 772 1421 799 annis
1447 781 1519 804 χιιι,
1545 781 1560 801 e
1581 773 1666 802 Cotiat

1225 829 1324 863 oppido
1344 829 1424 862 Zaga.

572 912 624 939 855
731 912 764 940 Η
892 914 906 940 'l
1013 915 1047 941 52
1173 917 1185 942 1
1277 917 1326 945 ΞύΞ

117 1023 261 1052 Pessimus
275 1024 392 1059 denique
408 1023 528 1051 omnium
544 1024 634 1051 valido
654 1032 715 1052 cum
733 1025 854 1052 exercitu
867 1027 1065 1061 superveniens
1082 1027 1175 1063 Bugha
1192 1029 1247 1065 (5‘2)
1258 1049 1266 1062 ,
1285 1038 1366 1065 quem
1382 1031 1481 1067 impius
1496 1033 1644 1068 Ciapharel
1666 1034 1699 1061 ad

81 1069 271 1097 ulciscendam
286 1070 417 1098 Abusethi
432 1077 526 1098 necem
539 1071 566 1097 in
582 1071 736 1098 Armeniam
749 1071 885 1104 mittebat,
901 1073 1024 1108 pluribus
1035 1074 1236 1103 calamitatibus
1248 1076 1377 1111 varioque
1385 1085 1526 1111 pennarum
1538 1087 1570 1107 ac
1582 1079 1700 1106 czedium

82 1123 186 1150 genere
202 1121 308 1152 gentem
323 1118 489 1145 excruciavit
500 1139 507 1151 ,
524 1119 674 1153 praesertim
697 1120 802 1147 nobiles
821 1124 848 1147 et
865 1121 1001 1155 equestris
1024 1121 1128 1148 militiae
1145 1123 1268 1150 ordinem
1293 1133 1299 1150 :
1326 1125 1424 1158 quibus
1441 1130 1530 1153 autem
1549 1127 1632 1154 vitam
1646 1128 1703 1154 lar-

82 1163 221 1209 giebatur,
240 1172 287 1192 eos
302 1169 330 1191 ut
345 1172 359 1191 a
377 1164 487 1192 Christo
501 1164 649 1193 deﬁcerent
663 1171 744 1200 atque
759 1166 786 1193 in
800 1170 880 1194 sectae.
902 1175 959 1195 sua:
979 1168 1145 1202 impietatem
1171 1170 1352 1200 concederent
1371 1172 1511 1200 blanditiis
1530 1173 1700 1209 impellebat.

79 1208 184 1236 Verum
202 1210 309 1245 plurimi
322 1210 385 1238 forti
398 1211 488 1238 animo
502 1211 626 1239 homines
642 1216 749 1239 scutum
765 1213 817 1240 sibi
832 1217 858 1240 et
874 1221 950 1240 arma
969 1213 1070 1241 Christi
1091 1215 1253 1248 induentes,
1273 1224 1379 1244 omnem
1403 1218 1600 1253 suppliciorum
1620 1219 1702 1246 dolo-

78 1264 198 1292 rumque
214 1261 359 1290 terrorem,
374 1259 419 1294 qui
433 1259 483 1286 sibi
500 1259 534 1286 ab
550 1266 582 1286 eo
598 1259 712 1287 scelesto
732 1260 907 1293 imminebat,
940 1266 1102 1295 spreverunt
1121 1260 1231 1297 propter
1249 1264 1310 1290 vitae
1332 1264 1428 1292 futura:
1442 1265 1523 1293 bona.
1547 1266 1575 1293 In
1592 1253 1634 1293 his
1649 1266 1702 1294 fuit

80 1304 203 1332 dilectus
218 1305 273 1333 Deo
287 1306 400 1334 Atomus
415 1314 446 1334 ex
462 1306 562 1341 Albage
576 1307 714 1341 provincia
724 1327 732 1338 ,
748 1308 794 1342 qui
824 1315 886 1335 cum
901 1309 983 1335 sociis
998 1315 1122 1344 magnam
1138 1310 1191 1336 vim
1207 1311 1376 1338 cruciatuum
1391 1320 1537 1346 perpessus
1559 1313 1702 1347 pretiosis-

77 1350 179 1377 simam
203 1358 332 1378 coronam
357 1352 468 1386 adeptus
491 1356 533 1379 est
556 1362 563 1380 :
590 1357 670 1387 atque
694 1352 722 1379 hi
778 1358 886 1380 centum
904 1354 959 1381 fere
973 1358 999 1381 et
1011 1355 1205 1389 quinquaginta
1219 1355 1342 1386 fuerunt.
1359 1361 1455 1391 praeter
1470 1365 1517 1385 eos
1534 1358 1579 1393 qui
1596 1358 1622 1384 in
1639 1357 1702 1384 aliis

81 1396 237 1430 provinciis
253 1401 385 1432 martyres
399 1399 580 1432 exstiterunt,
593 1405 709 1432 quorum
722 1399 812 1426 natale
826 1398 925 1426 festum
940 1399 985 1427 die
1016 1400 1110 1434 quinta
1129 1404 1155 1428 et
1177 1401 1303 1429 vicesima
1319 1402 1449 1438 Mehegan
1467 1403 1522 1438 (53)
1540 1404 1642 1431 mensis
1659 1404 1701 1430 in-

80 1443 188 1471 dictum
213 1448 264 1471 est.
291 1444 368 1472 Haud
393 1446 470 1481 pauci
491 1449 582 1473 tamen
608 1446 732 1473 dolorum
757 1447 942 1482 impatientes,
977 1448 1078 1483 probro
1097 1453 1181 1477 semet
1195 1451 1480 1485 commaculaverunt;
1504 1452 1587 1487 hique
1599 1453 1700 1480 amissa

76 1495 181 1518 atema
199 1491 251 1518 vita
267 1496 426 1525 pra-sentem
443 1491 514 1519 haud
528 1492 615 1526 adepti
633 1496 696 1519 sunt
712 1491 777 1527 (54).

125 1582 269 1618 [mprobus
282 1582 364 1617 igitur
379 1589 411 1609 ac
426 1589 513 1609 saevus
529 1581 574 1609 ille
589 1581 680 1617 Bugha
691 1603 698 1615 ,
722 1582 767 1610 ubi
781 1590 838 1610 rem
859 1591 892 1610 ex
909 1583 992 1610 animi
1013 1584 1056 1610 sui
1076 1584 1210 1611 sententia
1234 1584 1346 1612 conﬁeri
1371 1585 1475 1617 sensit,
1491 1586 1610 1621 regionis
1626 1588 1698 1622 opti-

80 1633 186 1660 mates,
202 1628 300 1663 partim
316 1627 496 1662 dolo,partim
516 1629 676 1656 auctoritate
697 1629 724 1656 in
747 1636 823 1657 suam
844 1633 1004 1664 potestatem
1026 1630 1129 1666 redegit
1143 1640 1150 1658 :
1169 1639 1237 1666 quos
1252 1632 1322 1659 inter
1337 1639 1465 1666 magnum
1482 1640 1590 1668 quoque
1600 1634 1697 1661 ducem

80 1673 275 1701 Armeniarum
298 1671 471 1704 Sembatum,
487 1677 668 1707 cognomento
683 1673 846 1708 Aplabasum
857 1693 864 1706 ,
880 1681 945 1701 sane
961 1675 1065 1709 angelis
1081 1675 1261 1710 exoptabilem
1284 1678 1395 1710 propter
1409 1683 1501 1702 veram
1523 1676 1626 1705 Christi
1641 1685 1691 1705 no-

78 1721 187 1752 titiam,
204 1720 249 1755 qui
265 1723 292 1747 et
307 1718 449 1747 confessor
465 1719 615 1754 appellatus
630 1723 681 1748 est.
699 1719 758 1747 Jam
774 1728 838 1747 vero
860 1720 948 1748 malus
966 1721 1017 1748 iste
1031 1721 1123 1757 Bugha
1139 1722 1173 1748 ad
1189 1729 1315 1757 magnum
1331 1722 1452 1750 Amiram
1470 1723 1587 1750 reditum
1603 1730 1698 1751 matu-

77 1775 162 1799 rans,
179 1768 299 1802 reliquos
322 1767 438 1794 vinculis
450 1787 457 1800 ,
476 1766 632 1794 Sembatum
650 1771 741 1795 autem
755 1767 849 1795 fraude
861 1768 1055 1803 insidiosisque
1066 1769 1200 1796 bonorum
1214 1769 1355 1803 promissis
1370 1777 1463 1797 secum
1477 1770 1616 1798 avehebat.
1630 1770 1700 1798 Inte-

79 1817 133 1843 rim
147 1815 211 1850 quia
231 1814 349 1842 Joannes
361 1815 416 1842 vita
432 1818 600 1847 excesserat,
616 1815 762 1842 Zacharias
777 1815 804 1842 in
818 1819 937 1843 sanctam
951 1815 1108 1851 dignitatem
1125 1816 1290 1844 substitutus
1302 1820 1359 1850 est,
1376 1817 1422 1852 qui
1440 1817 1521 1844 unius
1537 1817 1590 1844 diei
1610 1818 1699 1851 spatio

78 1871 93 1889 a
109 1861 274 1896 sacerdotio,
292 1862 347 1890 imo
362 1869 377 1888 a
388 1861 545 1895 diaconatu,
559 1862 593 1889 ad
609 1863 701 1889 throni
713 1862 903 1898 patriarchalis
919 1862 1057 1899 fastigium
1071 1864 1210 1892 transiliit.

118 1952 176 1987 Age
191 1959 256 1979 vero
272 1951 400 1980 omnibus
415 1951 461 1986 qui
475 1959 491 1978 a
505 1951 622 1978 scelesto
635 1951 728 1987 Bugha
742 1951 851 1979 abducti
868 1952 996 1986 fuerant,
1009 1953 1135 1988 protinus
1154 1953 1274 1989 supremi
1289 1953 1397 1989 tyranni
1407 1953 1486 1987 jussu
1505 1960 1616 1979 carcere
1632 1959 1697 1979 con-

84 1999 172 2027 clusis
184 2019 192 2030 ,
209 1999 264 2027 nisi
279 1999 381 2026 Christi
396 1999 481 2034 legem
497 2003 714 2031 exsecrarentur,
730 2007 784 2026 non
798 2000 856 2027 sine
869 1999 936 2028 diris
955 1997 1123 2028 cruciatibus
1140 2000 1310 2037 moriendum
1329 1999 1389 2027 fuit.
1415 1999 1447 2026 Et
1463 2007 1528 2027 sane
1545 2007 1599 2026 non
1617 1999 1697 2034 pauci

81 2046 209 2081 corporis
223 2054 290 2074 nece
305 2046 441 2081 perterriti
458 2052 473 2072 a
487 2046 538 2072 ﬁde
551 2045 728 2075 defecerunt;
745 2049 857 2080 excepto
870 2046 971 2081 inclyto
986 2046 1124 2078 Sembato,
1139 2047 1185 2081 qui
1200 2047 1250 2073 etsi
1267 2046 1406 2073 Christum
1422 2048 1580 2072 constanter
1593 2045 1698 2080 palam-

79 2103 135 2129 que
152 2094 340 2125 conﬁtebatur,
358 2092 536 2120 nihilominus
551 2093 579 2119 in
594 2093 711 2120 vinculis
728 2096 815 2120 morte
828 2100 878 2120 sua
893 2092 970 2121 obiit.
986 2092 1133 2120 Praefectus
1150 2091 1259 2125 interim
1275 2091 1385 2126 quidam
1410 2090 1580 2126 Stephanus,
1596 2099 1698 2126 cogno-

81 2142 156 2169 mine
169 2140 276 2172 Conus,
292 2139 426 2175 intrepide
441 2139 579 2167 Christum
592 2139 736 2167 confessus
750 2139 872 2175 martyrii
887 2140 976 2174 palma
989 2139 1106 2166 donatus
1124 2142 1166 2166 est
1181 2145 1252 2165 anno
1275 2145 1336 2164 aera:
1363 2137 1554 2164 Armeniorum
1575 2138 1697 2165 secundo

79 2195 164 2222 supra
190 2187 422 2214 trecentesimum.
445 2185 531 2214 Porro
553 2186 678 2221 praedicti
708 2184 829 2213 Sembali
853 2186 1020 2214 confessoris
1041 2193 1140 2220 corpus
1161 2193 1222 2212 cum
1244 2185 1345 2221 ingenti
1370 2191 1467 2220 pompa
1488 2189 1515 2211 et
1537 2184 1696 2220 psalmodiis

80 2244 97 2261 a
116 2233 241 2261 ﬁdelibus
258 2234 359 2261 elatum
374 2237 416 2260 est
439 2233 473 2260 ad
496 2232 589 2260 Sancti
608 2233 728 2262 Danielis
745 2241 851 2262 sacram
865 2234 968 2266 aedem,
987 2233 1051 2261 illuc
1066 2233 1196 2263 nimirum
1217 2233 1263 2260 ubi
1281 2233 1333 2260 iste
1349 2232 1414 2259 olim
1434 2231 1542 2259 leonum
1559 2231 1587 2258 in
1607 2231 1696 2259 lacum

81 2282 171 2308 fuerat
184 2280 331 2316 projectus.

115 2389 259 2418 Exstincto
277 2389 403 2418 Sembato
414 2410 421 2423 ,
437 2397 530 2418 rerum
550 2390 670 2417 habenas
683 2389 814 2424 corripuit
828 2389 900 2416 ﬁlius
914 2391 1035 2425 ejusdem
1053 2390 1165 2417 Asutius
1177 2399 1184 2423 ;
1201 2390 1278 2425 isque
1294 2397 1350 2425 pne
1361 2390 1469 2417 cunctis
1480 2389 1630 2424 majoribus
1640 2388 1698 2416 suis

81 2435 200 2468 claruit,
215 2443 298 2472 seque
314 2436 470 2471 integritate
481 2440 509 2463 et
524 2435 687 2470 benignitate
702 2435 771 2462 adeo
779 2435 989 2468 commendavit,
1003 2440 1034 2463 ut
1043 2436 1165 2463 omnium
1181 2436 1320 2463 amoribus
1333 2436 1436 2471 potitus
1450 2435 1496 2463 sit.
1509 2435 1549 2463 0b
1559 2434 1695 2470 ejusmodi

80 2483 219 2519 egregiam
235 2482 334 2510 famam
351 2484 451 2510 missus
463 2486 506 2509 est
521 2489 537 2508 a
550 2489 649 2516 magno
666 2481 759 2508 Amira
771 2481 880 2516 quidam
894 2481 1093 2517 Aly-Armenus
1109 2482 1220 2509 nomine
1232 2489 1295 2509 cum
1308 2482 1469 2509 muneribus
1484 2481 1512 2508 in
1526 2480 1698 2512 Armeniam,

81 2530 130 2565 qui
151 2528 184 2556 ad
202 2529 327 2556 Asutium
346 2532 444 2563 praeter
463 2526 656 2562 przefecturam
678 2526 786 2554 titulum
801 2534 909 2561 quoque
931 2526 1063 2561 principis
1081 2527 1234 2562 principum
1248 2527 1387 2555 contulit:
1408 2527 1435 2554 in
1450 2534 1504 2562 qua
1522 2527 1546 2553 is
1565 2525 1699 2562 dignitate

82 2576 164 2607 annis
176 2583 228 2603 xxx
243 2575 410 2611 permansit:
426 2575 514 2602 donec
525 2574 635 2602 virtutis
652 2581 718 2609 ergo
739 2577 820 2609 atque
837 2581 949 2609 operum
970 2574 1133 2609 optimorum
1157 2574 1232 2609 regio
1250 2581 1357 2609 quoque
1380 2573 1530 2601 diademate
1553 2570 1699 2605 insignitus

81 2627 134 2654 est,
163 2630 210 2650 rex
231 2622 359 2649 nimirum
385 2629 402 2648 a
425 2621 531 2649 duobus
554 2621 663 2656 regibus
684 2620 858 2648 renuntiatus
884 2619 1046 2648 lsmaelitico
1071 2624 1098 2647 et
1119 2619 1212 2647 Grzeco
1237 2619 1383 2655 postremis
1405 2618 1525 2655 quinque
1544 2616 1699 2644 dominatus

80 2670 124 2697 sui
142 2673 222 2697 annis
237 2669 304 2703 (55).

119 2791 175 2826 (52)
197 2791 307 2826 Bougha
320 2790 388 2825 apud
402 2790 512 2826 Tureas
521 2792 599 2826 sonat
615 2791 737 2814 taurum.-
913 2781 1285 2826 rat‘lugt‘chsPalflafclﬁl-d
1298 2819 1390 2826 mnu
1411 2813 1524 2826 “nm.
1542 2812 1611 2826 mm:

119 2815 177 2861 ἱΞῶ
198 2815 350 2853 manus
358 2815 645 2861 ἶίὶιιέιῇιςιέζήιοιιηεηιἱ
779 2855 794 2861 Α,
924 2853 932 2861 ‘
952 2818 1014 2861 155)
1036 2815 1524 2861 Ibuiversa_lupf:_n§fr§lllgnfffpum
1542 2815 1659 2841 sumitur
1677 2818 1695 2841 ο

196 2849 741 2895 ﬁﬁhq‘ugilﬁﬁaﬁaeanssmperierunt,
756 2855 796 2883 uti
807 2863 871 2884 nar-
924 2849 1021 2881 latiore
1034 2851 1146 2880 Joannis
1159 2852 1322 2886 patriarchae
1335 2849 1463 2877 Historia.
