1911 3136
505 159 676 195 SAMU‘ELiS
694 162 851 194 ANIENSIS
869 159 1038 194 summa
1050 155 1352 192 TEMPORUtt'tiAms
1374 159 1396 190 ll
1696 158 1748 185 τεο

394 250 1732 266 ____________—___________.

534 307 629 327 oLrur.
673 306 780 328 CHRISTI
813 307 908 327 cossr.
970 307 1034 327 λιιιί.
1089 299 1179 334 [ra-ru.
1264 305 1330 324 iure

847 369 893 397 Mi-
967 369 1067 404 Joan-j
1109 368 1205 396 Petrus
1265 340 1328 360 nl.

833 405 909 433 chael
976 413 1035 439 _ncs
1087 418 1092 424 -

166 518 315 569 Gregorius
325 532 454 569 Magister
467 534 515 561 Pa-
694 522 759 561 L059
848 534 864 561 3
989 523 1022 561 id
1125 523 1163 569 ‘22
1267 531 1319 569 κᾷξῇ

128 565 277 596 lilavuriius
305 565 430 604 princeps
455 576 514 596 eru-
706 570 760 597 040
847 570 864 596 4

990 570 1023 596 n
1127 568 1163 604 εξ
1267 565 1320 604 έξῖ

128 605 284 640 ditissimus
305 600 313 604 ”
335 600 515 640 cogriosceba-
696 604 756 632 :0“
848 605 865 632 5
989 605 1024 632 18
1128 603 1163 629 24
1268 600 1319 628 488

128 644 174 667 tur
187 639 255 676 (82).

165 767 263 807 Joanni
289 768 351 803 'regi
373 768 437 807 _(§3)
469 770 515 805 qui
543 770 615 807 455
690 771 759 799 1042
851 768 870 796 6
991 769 1023 798 t9
1129 769 1164 796 25
1272 765 1323 795 ‘89

127 804 216 838 prolis
236 812 334 838 expers
356 804 432 835 obiit,
456 804 516 834 suc-

126 839 212 866 cessit
227 838 363 873 Gaghicus
376 841 465 869 Asutii
478 841 511 869 fi-

126 849 212 902 ﬁelsssn
227 849 363 873 uagritcus
376 849 465 869 AStllll
478 849 511 869 n-
757 849 849 878 CYRA
868 849 935 878 ZOE
955 850 1010 886 (84)
1033 849 1113 876 annis
1137 857 1166 876 Il.

989 915 1161 944 GAGHIGUS
1183 917 1262 945 annis
1282 924 1312 944 tr.

691 1003 760 1031 1043
850 1005 861 1031 1
1007 1006 1019 1032 1
1128 1007 1163 1035 26
1269 1010 1320 1038 490

691 1051 760 1079 1ομ
770 1048 776 1054 ”
847 1053 864 1079 2
1006 1053 1023 1080 2
1131 1056 1165 1083 27
1273 1058 1321 1086 491

849 1143 1088 1173 MONOMACHUS
1107 1147 1186 1176 annis
1207 1155 1257 1176 xu.

689 1228 760 1259 1045
851 1231 864 1258 1
1131 1233 1166 1260 28
1273 1234 1325 1261 49'2

165 1318 285 1347 Tandem
314 1323 376 1354 post
393 1319 543 1355 Gaghicum
570 1325 651 1347 nemo
673 1326 708 1348 ex
724 1319 775 1347 hac
789 1323 870 1355 gente
889 1320 945 1356 (85)
979 1329 1025 1348 rea:
1040 1322 1100 1349 fuit.
1125 1322 1231 1358 Quippe
1247 1323 1326 1350 annis
1344 1331 1388 1350 xxi
1405 1323 1492 1352 Gra-ci
1507 1324 1638 1353 doniiuati
1665 1332 1740 1356 sunt.

126 1366 232 1394 Deinde
247 1366 429 1402 Alphaslanus
447 1367 545 1394 Aniam
565 1365 757 1394 Armeniorum
771 1367 944 1402 metropolim
959 1368 1030 1403 cepit
1046 1367 1224 1404 fuuditusque
1240 1369 1382 1396 subvertit.

165 1423 237 1452 Sane
253 1428 315 1460 post
334 1425 437 1452 obitum
461 1425 592 1457 Sembati,
608 1425 655 1458 qui
679 1424 799 1453 Joannes
818 1433 927 1461 quoque
947 1426 1099 1459 dicebatur,
1123 1428 1343 1463 conspirantibus
1364 1428 1501 1466 suﬂ'ragiis
1516 1432 1658 1466 optimates
1684 1439 1745 1459 cum

126 1470 286 1506 patriarcha
302 1470 412 1498 domino
434 1470 515 1498 Petro
540 1471 568 1498 in
595 1470 739 1506 magnifica
756 1471 906 1499 cathedrali
930 1471 988 1500 aede
1012 1473 1195 1508 metropoleos
1208 1474 1400 1502 Armeniorum
1423 1475 1500 1504 Anio:
1521 1477 1677 1512 congregati
1694 1476 1748 1504 Ga-

126 1515 240 1552 giiicum
256 1515 370 1544 Joannis
397 1517 470 1552 regis
494 1524 528 1544 ex
545 1516 629 1544 fratre
643 1521 768 1552 nepotem
787 1518 815 1544 in
841 1518 915 1553 regia
938 1519 1029 1554 patrui
1058 1519 1190 1554 dignitate
1214 1521 1433 1555 constituerunt;
1462 1530 1557 1549 verum
1580 1522 1624 1550 hic
1650 1523 1747 1550 beliiica

126 1561 230 1596 studia,
248 1563 275 1590 in
290 1563 392 1598 quibus
406 1564 519 1599 imperia
533 1564 670 1597 nituntur,
686 1565 814 1600 neglexit.
836 1565 919 1601 Atqui
940 1566 981 1594 his
1007 1568 1158 1602 praesertim
1184 1569 1354 1604 temporibus
1380 1569 1453 1598 vires
1479 1570 1608 1598 acuendae
1629 1570 1746 1602 fuerant,

125 1608 326 1638 bacchantibus
343 1610 496 1644 lsmaelitis,
514 1610 623 1647 Scythis
636 1612 854 1646 incursantibus,
879 1613 918 1641 uti
938 1613 994 1649 jam
1013 1613 1142 1647 diximus,
1163 1615 1265 1643 Graecis
1278 1615 1396 1651 denique
1408 1616 1476 1651 ipsis
1491 1617 1628 1645 seditione
1644 1616 1748 1644 ferven-

125 1655 212 1688 tibus,
229 1663 373 1692 propterea
395 1658 467 1693 quod
490 1667 604 1695 regnum
622 1666 701 1686 suum
717 1658 823 1688 femina:
836 1660 892 1696 (86)
912 1661 1026 1689 arbitrio
1039 1661 1222 1689 administrari
1239 1662 1370 1690 viderent.
1389 1662 1425 1696 ls,
1437 1663 1560 1698 inquam,
1574 1662 1704 1698 Gaglu'cus
1719 1663 1747 1690 in

125 1702 281 1733 litterarum
298 1705 453 1739 disciplinis
462 1705 518 1741 jam
530 1705 593 1733 inde
612 1713 627 1732 a
640 1706 742 1734 teneris
760 1706 915 1742 unguiculis
927 1707 1029 1734 versari
1045 1707 1152 1740 solitus,
1170 1708 1197 1735 in
1212 1707 1327 1743 imperio
1342 1715 1450 1743 quoque
1465 1707 1562 1736 iisdem
1578 1716 1608 1736 se
1623 1708 1745 1736 oblecta-

124 1750 186 1779 bat.
205 1751 245 1779 Re
257 1751 344 1779 Graeci
359 1751 496 1779 intellecta
515 1751 586 1787 (quae
608 1759 675 1787 gens
702 1751 844 1779 fraudibus
868 1756 995 1780 concreta
1008 1752 1061 1787 est)
1076 1752 1212 1780 hominem
1229 1753 1262 1780 ad
1284 1760 1314 1781 se
1327 1753 1515 1788 pellexerunt;
1539 1753 1581 1781 usi
1600 1753 1628 1780 in
1652 1748 1748 1788 primis

125 1799 290 1832 optimatum
316 1802 474 1826 nostrorum
494 1799 610 1831 technis,
625 1800 672 1834 qui
692 1806 754 1826 cum
775 1806 888 1834 regnum
903 1798 964 1833 ejus
979 1802 1074 1826 sancte
1091 1806 1106 1825 a
1123 1807 1152 1826 se
1174 1799 1342 1826 custoditum
1358 1799 1392 1826 iri
1412 1804 1584 1826 sacramento
1600 1799 1747 1826 confirma-

125 1844 244 1876 vissent,
259 1847 350 1872 tamen
365 1843 472 1871 Domini
487 1843 575 1871 foedus
588 1851 643 1871 non
660 1847 838 1871 servaverunt
854 1852 860 1869 :
881 1850 941 1878 qum
959 1843 1073 1870 consilia
1090 1843 1164 1870 hunc
1178 1843 1281 1871 exitum
1297 1843 1394 1871 sortita
1419 1847 1492 1877 sunt,
1505 1847 1534 1870 ut
1552 1843 1602 1878 ipsi
1618 1844 1747 1871 nimirum

126 1890 229 1924 aliique
241 1890 395 1925 complures
407 1890 575 1920 ineluctabili
590 1890 673 1918 exitio
686 1889 826 1925 perierint.
845 1888 931 1917 Graeci
946 1890 1029 1922 enim,
1043 1889 1169 1917 submoto
1186 1890 1214 1917 in
1235 1890 1352 1923 insulam
1367 1898 1440 1925 rege,
1455 1889 1586 1926 praesides
1600 1891 1748 1925 quotannis

126 1935 273 1963 mittebant
291 1944 298 1963 :
316 1944 370 1974 quo
384 1940 508 1972 tempore
524 1937 600 1964 Anim
625 1937 701 1964 urbis
718 1937 791 1964 cives
804 1940 886 1971 atque
906 1936 1049 1971 optimates
1070 1936 1184 1964 dissidio
1205 1940 1232 1963 et
1256 1936 1406 1964 ambitione
1421 1937 1572 1968 certabant,
1590 1937 1748 1972 mutuisque

126 1982 275 2010 calumniis
290 1983 324 2010 de
339 1983 402 2010 laesa
416 1983 590 2018 imperatoris
605 1984 749 2018 majestate
765 1983 909 2018 studioque
923 1983 1108 2018 Agarenorum
1125 1983 1196 2010 inter
1218 1991 1248 2010 se
1259 1983 1443 2017 postulabant.
1460 1983 1529 2016 Quin
1547 1990 1672 2017 proceres
1687 1983 1747 2010 ausi

126 2033 194 2056 sunt
209 2029 391 2064 patriarcham
415 2031 501 2066 ipsum
516 2031 756 2058 criminationibus
771 2030 983 2062 circumvenire,
1001 2031 1048 2066 qui
1062 2030 1184 2058 vicissim
1206 2031 1371 2058 necessitate
1385 2035 1497 2058 coactus
1512 2031 1572 2058 illos
1594 2031 1693 2058 detulit
1719 2031 1746 2057 in

124 2075 270 2110 judicium.
295 2076 475 2110 Quamobrem
503 2078 610 2113 utrique
632 2079 735 2106 laribus
751 2079 808 2106 suis
838 2079 924 2106 eversi
946 2082 1010 2106 sunt
1029 2078 1138 2114 alioque
1160 2078 1278 2106 traducti
1297 2088 1303 2106 :
1323 2086 1385 2106 cum
1407 2078 1516 2105 interim
1542 2079 1639 2113 vulgus
1663 2086 1747 2113 prope

125 2124 207 2152 exlex
234 2125 267 2151 ad
295 2133 372 2152 suam
395 2125 536 2153 libidinem
565 2127 677 2154 viveret.
708 2126 795 2162 Atque
820 2126 878 2154 lmc
906 2134 999 2154 rerum
1029 2126 1200 2162 publicarum
1225 2126 1295 2154 ratio
1326 2125 1413 2153 tenuit
1437 2133 1522 2152 annos
1553 2133 1609 2153 xxi.
1639 2125 1744 2158 Quibus

125 2169 233 2196 exactis
247 2169 326 2196 turbo
341 2170 436 2205 igneus
453 2171 564 2197 australi
582 2171 649 2198 ﬂatu
669 2172 826 2207 compulsus
845 2172 907 2199 tulit
923 2172 1039 2199 bclluam
1056 2171 1406 2207 anthropophagam,cujus
1421 2171 1554 2198 incendiis
1568 2179 1635 2206 gens
1651 2175 1744 2199 nostra

125 2216 218 2244 deleta
233 2216 365 2245 radicitus
379 2222 439 2245 est:
458 2219 524 2253 quin
540 2223 567 2246 et
583 2219 650 2247 urbs
663 2219 731 2246 Auia
747 2223 807 2254 post
821 2219 927 2247 dierqu
943 2228 996 2247 xxv
1012 2219 1182 2248 obsidionem
1200 2223 1354 2255 expugnata
1369 2222 1427 2252 est,
1451 2218 1564 2254 ejusque
1585 2218 1658 2246 cives
1681 2218 1745 2246 ferri

164 2337 220 2375 (82)
239 2337 387 2372 Gregorius
404 2343 584 2375 cognomento
601 2339 738 2374 Magister.
760 2347 774 2367 a
790 2340 913 2375 magistri

125 2372 270 2409 dignitate.
301 2381 355 2408 qua
383 2372 451 2401 eum'
473 2374 585 2402 Graecus
614 2372 764 2409 imperator
794 2372 911 2402 ornavit.

126 2407 202 2434 Idem
232 2407 322 2435 dictus
351 2413 393 2437 est
415 2409 597 2437 Palilavunius
622 2407 740 2444 itemque
771 2409 912 2437 Arsacides

126 2446 238 2477 propter
250 2451 335 2477 genus
346 2452 379 2471 ex
395 2444 584 2472 Armeniorum
600 2445 790 2472 illuminatoris
802 2445 830 2471 S.
846 2444 913 2471 Gre-

125 2478 198 2512 gorii
219 2479 344 2513 prosapia
360 2478 517 2506 deductum.
542 2480 566 2508 ls
588 2480 705 2507 traditur
722 2480 825 2507 liberali
842 2480 913 2514 opti-

125 2520 236 2550 maque_
252 2513 342 2541 indole
369 2515 509 2549 praeditus.
532 2516 659 2550 princeps
683 2516 762 2550 plane
784 2513 912 2542 doctissi-

126 2555 201 2585 mus.
216 2547 410 2585 Graecaque—et
429 2547 551 2577 Arabicae
575 2547 655 2577 etiam
677 2547 776 2585 linguae
798 2550 911 2584 peritus.

127 2581 250 2619 Habetur
265 2583 292 2610 in
309 2581 435 2612 manibus
450 2589 582 2613 tractatus
592 2586 650 2619 ejus
666 2581 869 2618 grammaticus,
887 2589 913 2612 ct

126 2618 306 2654 epistolarum
329 2619 363 2646 ad
381 2620 528 2647 familiares
544 2621 669 2647 volumen
685 2621 829 2654 omnigena
850 2628 913 2646 eru-

125 2652 233 2680 ditione
248 2653 379 2690 refertum
397 2664 403 2682 ε
420 2663 452 2682 ex
471 2663 524 2690 quo
539 2656 618 2682 etiam
639 2652 813 2690 cognoscitur
826 2663 913 2690 quan-

127 2691 222 2722 topere
247 2689 271 2717 is
294 2694 404 2726 cuperet
421 2690 457 2726 ad
485 2697 565 2718 omne
591 2689 683 2726 genus
705 2689 911 2725 disciplinarum

125 2727 328 2759 gentemisuant
347 2725 496 2759 impellere.

164 2758 360 2795 (83)_Hujusce
371 2758 493 2789 Jbannis.
511 2760 651 2795 peuultimi
664 2760 853 2787 Armeniorum
868 2768 911 2787 rc-

125 2792 180 2828 gis,
196 2801 211 2820 e
226 2792 452 2830 Bagratuniorum
472 2792 607 2830 dynastia,
623 2803 682 2829 quae
698 2795 908 2828 annoscigciter

125 2835 174 2855 ccc
193 2829 349 2865 occupavit,
361 2830 486 2856 civilibus
502 2830 604 2865 legibus
619 2831 664 2857 diu
681 2838 729 2857 usa
742 2834 783 2857 est
800 2831 909 2857 Sarma-

127 2865 180 2891 tica
210 2863 399 2892 Armeniorum
425 2863 553 2893 colonia':
570 2873 622 2900 qua
646 2874 678 2893 ex
699 2873 727 2893 rc
748 2866 845 2893 merito
866 2873 910 2892 ar-

962 2339 1070 2374 guimus
1084 2339 1155 2367 circa
1167 2339 1341 2366 undecimum
1357 2339 1520 2366 Christianae
1535 2346 1599 2374 aer-ae
1616 2338 1745 2366 saeculum

963 2373 1081 2410 coeptum
1105 2382 1167 2402 esse
1186 2375 1296 2409 migrari
1321 2382 1353 2401 ex
1380 2373 1508 2402 Armenia
1531 2374 1558 2400 in
1584 2373 1746 2400 Sarmatiam

964 2410 1140 2444 eamdemque
1161 2409 1347 2444 migrationem
1372 2409 1488 2436 subinde
1511 2413 1618 2444 auctam
1639 2414 1748 2443 propter

964 2443 1161 2471 Saracenorum
1185 2443 1211 2470 in
1233 2445 1366 2480 Armenia?
1394 2444 1574 2480 tyrannidem.
1589 2443 1748 2470 Joaunaeum

963 2480 1097 2513 ejusmodi
1112 2479 1158 2513 jus
1178 2487 1232 2506 non
1254 2480 1291 2506 ita
1310 2479 1411 2513 pridem
1428 2480 1597 2513 antiquatum
1613 2483 1664 2509 est,
1686 2485 1747 2513 cum

963 2512 1097 2550 Iosephus
1113 2512 1133 2541 ll
1153 2514 1294 2550 Augustus
1311 2512 1337 2540 in
1357 2512 1503 2541 Sarmatiae
1517 2513 1674 2550 regionibus
1695 2512 1747 2550 sibi

964 2547 1090 2587 obnoaiis
1111 2547 1210 2587 legem:
1222 2550 1293 2587 tulit,
1314 2552 1342 2576 ut
1368 2555 1423 2587 tam
1444 2547 1577 2587 indigena:
1592 2547 1747 2587 quain‘Ar-

964 2585 1046 2611 menii
1072 2593 1125 2612 uno
1140 2583 1241 2618 'judieii
1267 2592 1374 2619 genere,
1394 2584 1420 2610 id
1444 2589 1486 2612 est
1507 2583 1573 2619 jure
1591 2583 1746 2619 Austriaco,

964 2616 1157 2654 disceptarent.
1178 2616 1335 2646 Joannium
1355 2619 1475 2646 codicem
1498 2616 1524 2646 in
1537 2617 1672 2654 ALatinam
1689 2616 1748 2654 lin-

963 2650 1220 2690 guam-conversum
1242 2654 1265 2681 J.
1283 2654 1424 2681 Zohrabus
1443 2652 1671 2690 (quandoquidem
1689 2650 1750 2690 llai-

964 2686 1062 2716 Eanum
1087 2690 1225 2724 exemplar
1249 2690 1320 2716 haud
1347 2686 1516 2722 occurrebat)
1536 2686 1748 2724 exscribcudu‘m

964 2726 1079 2756 curavit,
1101 2721 1218 2759 cumque
1237 2725 1297 2751 aliis
1323 2721 1571 2758 autographis'nec
1588 2721 1753 2757 paenitendae

965 2760 1051 2794 frugis
1066 2758 1180 2794 scriptis?
1193 2758 1320 2786 chetias
1337 2759 1485 2787 transtulit.

998 2769 1006 2786 ι
1029 2768 1051 2787 is
1066 2768 1175 2794 scriptis
1197 2768 1320 2786 vcucuas
1337 2768 1485 2787 ll‘anstutlt.

998 2768 1052 2828 (ξι)
1072 2795 1174 2822 Nomen
1189 2795 1241 2828 hoc
1257 2799 1414 2828 corruptum
1433 2797 1490 2821 erat
1504 2794 1533 2820 in
1547 2791 1627 2820 codd.
1637 2791 1706 2818 Arni

1009 2826 1053 2863 85)
1075 2829 1186 2857 Scilicet
1202 2826 1374 2863 Bagratunia.

1010 2865 1055 2900 86)
1073 2864 1212 2893 Prtedicta:
1225 2864 1303 2892 Zoes.
