1911 3136
89 141 143 170 729
453 141 626 170 SAMUELIS
641 142 799 172 ANIENSIS
818 144 988 172 SUMMARH
1008 145 1199 174 TEMPORUM
1215 146 1304 174 PARS
1322 146 1355 174 ll.
1666 147 1717 176 750

575 283 669 304 OLYMI‘.
709 284 814 304 CHRISTI
864 285 958 306 CONST.
1014 285 1092 304 ΡΛΤΒ.
1159 284 1226 303 ,ΕΗΔ-ἒ

1163 319 1227 339 ΔΒΗ.

866 381 960 409 Μοηο-

857 398 970 445 ιίἒὲἰῗυε
1007 398 1105 426 Pw“

993 501 1098 508 ρ.-
1134 500 1239 507 --υυ-

883 573 979 603 CYRA
1011 572 1197 602 THEODORA
1235 578 1380 602 consecrat
1424 575 1529 608 sibique
1574 575 1713 605 substituit

973 610 1053 637 annis
1069 617 1111 638 ill.
1235 617 1307 636 anno
1325 617 1385 637 arae
1404 617 1452 637 nn.
1481 610 1546 637 Post
1566 612 1711 639 triennium

1238 653 1303 672 vero
1318 652 1444 673 reversus
1458 646 1515 673 obit
1533 645 1645 674 Sebaste
1663 655 1712 674 an-

732 680 800 708 1057
907 681 921 708 1
1028 679 1063 706 40
1151 679 1203 707 504
1238 687 1274 707 no
1288 687 1348 708 aera:
1360 688 1414 708 th.

120 711 356 751 Japobusdoctor
379 711 552 751 sanahinen-
584 716 655 751 459
730 715 800 743 11ιὸ8
905 716 923 742 2
1028 715 1060 751 4i
1151 715 1203 751 505

83 748 124 776 sis
137 749 180 775 vir
191 748 274 776 laude
291 749 420 776 litteraria
435 749 537 778 clarus.
597 748 625 751 ’“
637 748 649 751 ⁷
730 750 799 778 1059
904 751 922 779 5
1028 750 1063 780 42
1150 750 1203 778 506

890 825 1156 855 CONSTANTINUS

909 861 1023 889 DUCAS
1033 863 1113 889 annis
1126 870 1153 889 x.

1003 938 1214 967 CllAClCllIlTS
1285 939 1416 968 Dominus
1445 941 1609 969 Chacicliius
1640 941 1720 969 ﬁlius-

1040 975 1119 1002 anuis
1133 983 1181 1003 vn.
1250 977 1353 1003 sororis
1367 976 1469 1003 domini
1482 975 1555 1003 Petri
1571 977 1661 1004 sedem
1681 978 1709 1004 in

1251 1011 1319 1037 urbe
1332 1011 1400 1038 Ania
1415 1012 1524 1038 tenebat
1538 1021 1544 1038 :
1559 1013 1710 1039 accersitus

739 1045 808 1074 1060
916 1046 929 1074 1
1057 1045 1070 1071 1
1161 1045 1213 1072 507
1250 1050 1340 1072 autem
1363 1053 1377 1072 a
1403 1045 1476 1072 Duca
1499 1047 1599 1073 multas
1623 1047 1656 1073 ab
1676 1055 1709 1074 eo

596 1091 667 1127 460
916 1081 934 1127 ἓ
1057 1081 1073 1127 Ξ
1251 1081 1392 1120 molestias
1406 1089 1512 1127 ‘pas's'us
1536 1086 1576 1109 est
1600 1085 1712 1123 propter

740 1108 810 1145 1062
916 1108 932 1144 3
1056 1115 1074 1142 5
1161 1115 1214 1143 509
1250 1116 1342 1150 gravia
1357 1108 1494 1150 vectigalia

1056 1115 1074 1142 5
1161 1115 1214 1143 509
1250 1116 1342 1150 gravia
1357 1108 1497 1150 vectigalia
1520 1108 1581 1151 qua:
1601 1108 1709 1151 lirnpre;

740 1151 810 1181 1065
916 1152 933 1178 4
1056 1150 1074 1177 4
1162 1151 1214 1178 510
1251 1151 1301 1178 bus
1335 1151 1380 1178 ille
1408 1152 1494 1185 patria

1056 1150 1074 1177 4
1162 1151 1214 1178 510
1251 1151 1301 1178 bus
1335 1151 1380 1178 ille
1408 1150 1571 1185 patriar-cinis
1605 1150 1707 1179 nostris

741 1186 810 1215 1064
916 1187 934 1214 5
1057 1185 1074 1212 5
1162 1186 1211 1213 511
1251 1186 1401 1220 imperabat
1421 1190 1450 1212 ut
1464 1194 1495 1213 au

1057 1185 1074 1212 5
1162 1186 1211 1213 511
1251 1186 1401 1220 imperabat
1421 1190 1450 1212 ut
1464 1187 1532 1213 aula:
1550 1186 1708 1214 Graecorum

742 1221 810 1249 1065
916 1222 934 1248 6
990 1254 997 1256 7
1058 1220 1074 1247 6
1163 1222 1215 1248 512
1251 1221 1398 1256 quotannis
1412 1222 1594 1249 solverentur.

596 1247 658 1282 461
741 1247 810 1284 1000
918 1247 934 1283 ίι
987 1254 997 1266 ·
1058 1256 1085 1282 7.
1163 1247 1216 1284 515
1255 1247 1614 1284 1DominusCliacicliius
1642 1257 1710 1284 ooiit

1246 1291 1274 1318 in
1289 1292 1389 1318 oonido
1404 1291 1601 1318 Thaunelurio.

1246 1299 1274 1319 In
1289 1299 1389 1326 oppido
1409 1299 1601 1327 lnaupelurlo.

1024 1363 1205 1392 GREGORAS

1038 1402 1118 1428 annis
1133 1407 1198 1427 xvn.

121 1477 178 1505 Hoc
195 1485 268 1506 anno
289 1478 316 1505 in
332 1478 454 1513 Deipam
469 1478 537 1507 festo
733 1477 803 1505 1067
908 1477 926 1513 8
1050 1477 1064 1504 1
1156 1477 1209 1504 514
1245 1512 1266 1513 77
1281 1476 1414 1503 Dominus
1440 1475 1664 1513 Gregoraquui
1683 1481 1710 1513 et

82 1513 151 1540 feria
177 1513 299 1541 secunda
327 1510 391 1541 urbs
412 1515 481 1541 Ania
503 1515 537 1541 ab
733 1513 803 1540 1068
910 1512 927 1539 9
1050 1513 1068 1539 2
1157 1512 1209 1540 515
1245 1512 1416 1543 Vahramus,
1442 1511 1565 1546 Gregorii
1585 1510 1708 1546 Magistri

80 1549 251 1583 Alphasiano
277 1555 447 1584 expugnatur
474 1557 537 1576 cum
731 1545 801 1576 10¹69
891 1547 926 1575 10
1048 1548 1066 1575 5
1157 1548 1208 1575 516
1244 1545 1708 1584 Pahlavuuiiﬁliusivindoctriuis

82 1582 253 1611 internecivo
264 1582 424 1618 sun-unoque
436 1585 537 1611 incola-
894 1617 903 1618 7
938 1617 945 1618 7
1244 1583 1369 1610 excultus
1388 1582 1648 1618 adpatriarchalem
1661 1582 1709 1608 Ar-

81 1627 144 1646 rum
159 1619 285 1651 excidio,
302 1617 420 1646 addictis
432 1620 537 1646 manci‘
893 1617 1067 1646 DlOGENES
1086 1619 1165 1646 annis
1181 1627 1206 1646 v.
1244 1619 1396 1646 meniorum
1417 1617 1575 1652 dignitatem
1597 1622 1708 1644 evectus

82 1655 129 1688 pio
151 1655 312 1682 mulieribus
336 1659 416 1688 atque
432 1655 534 1688 pueris.
755 1687 759 1688 7
1244 1657 1285 1681 est
1302 1653 1369 1688 (90).
1449 1686 1461 1688 7
1484 1687 1489 1688 7
1573 1687 1576 1688 7
1665 1686 1674 1688 _

103 1655 129 1681 io
151 1655 312 1682 mulieribus
336 1659 416 1682 atoue
433 1655 534 1682 pueris.
1244 1657 1285 1681 est
1302 1655 1369 1682 (90).

82 1655 129 1715 pio
151 1655 312 1682 mulieribus
336 1659 416 1689 atque
432 1655 534 1689 pueris.
1244 1657 1285 1681 est
1302 1654 1369 1688 (90).

96 1689 158 1716 dem
172 1690 302 1716 Achalam
319 1697 427 1724 qtroque
444 1691 537 1716 urbem
592 1690 661 1725 462
731 1687 801 1725 1οξ10
908 1689 921 1725 1
1046 1689 1064 1717 4
1153 1689 1206 1725 75177
1279 1689 1415 1725 Gaghicus
1434 1686 1622 1725 _Sahen_sahus
1662 1686 1706 1713 I'a-

82 1725 223 1759 suhsuum
234 1722 376 1759 imperium
384 1722 536 1759 subjunxit.
602 1722 608 1724 ”
620 1722 657 1725 ””
730 1723 797 1750 1071
905 1724 923 1750 2
1046 1725 1063 1751 5
1151 1724 1204 1751 518
1242 1724 1349 1751 nandite
1364 1722 1474 1758 regulus
1489 1723 1566 1749 obiit.

100 1795 106 1800 _
119 1758 219 1787 Eodem
231 1758 303 1800 anno
314 1760 474 1795 Bagaratius
484 1759 538 1795 Cy-
1043 1759 1063 1800 (Ξ

83 1795 173 1822 ricum
191 1795 273 1831 cepit.
356 1793 366 1795 ἡ
506 1793 514 1795 ἡ
591 1818 660 1852 463

506 1793 514 1795 ‘
731 1793 799 1821 1073
904 1794 922 1820 ιι
1047 1794 1063 1820 7
1152 1793 1202 1820 520

591 1818 660 1852 463
731 1829 800 1856 4074
905 1829 922 1856 5
1044 1829 1062 1857 8
1151 1829 1200 1856 521

118 1916 253 1953 Diogenes
273 1925 319 1945 rex
340 1918 442 1954 ingenti
462 1897 581 1954 stipatus
600 1918 721 1946 exercitu
742 1917 840 1946 Persas
858 1917 933 1945 bello
952 1917 1083 1954 appetirit
1101 1918 1320 1946 Manazacertam
1340 1925 1426 1953 usque
1444 1925 1605 1953 progressus
1625 1924 1707 1952 quam

81 1969 109 1992 et
124 1966 280 2000 occupavit.
295 1965 335 1994 Re
348 1967 610 2003 cognita,tyrannus
624 1967 669 1994 ille
683 1966 866 2002 Alphaslanus
879 1967 970 1994 statim
986 1967 1148 1995 adversatus
1163 1969 1222 1999 est,
1237 1966 1385 2002 praelioque
1398 1966 1501 2002 ingenti
1523 1969 1629 2001 patrato
1644 1965 1706 1993 Dio-

81 2020 167 2048 genes
186 2017 332 2048 superatur
350 2017 377 2041 et
395 2015 517 2050 capitur.
537 2014 616 2042 Hunc
636 2015 723 2043 victor
742 2015 875 2051 imperato
894 2015 997 2043 tributo
1019 2015 1146 2043 libertate
1165 2019 1261 2051 postea
1275 2015 1405 2048 donavit;
1423 2022 1515 2042 verum
1530 2015 1555 2042 ei
1571 2022 1636 2050 gens
1656 2022 1705 2043 Sua

80 2066 181 2093 parere
200 2059 302 2087 diutius
319 2068 380 2087 cum
399 2062 500 2094 nollet,
521 2069 611 2097 regem
631 2061 682 2089 sibi
702 2061 805 2089 creavit
825 2061 984 2089 Michaelem
1002 2061 1084 2089 Daca:
1104 2061 1199 2089 filium.
1214 2061 1283 2089 Tum
1298 2061 1412 2089 Michael
1426 2070 1488 2090 cum
1503 2061 1621 2097 Diogene
1640 2069 1707 2089 con-

80 2115 195 2142 gressus
211 2109 336 2144 superior
349 2109 495 2143 discessit;
512 2110 557 2137 hic
573 2113 663 2137 autem
679 2110 781 2137 amisso
795 2110 916 2137 exercitu
931 2109 996 2136 dum
1012 2118 1092 2138 sacco
1107 2110 1219 2138 indutus
1236 2110 1270 2138 ad
1285 2110 1446 2138 michaelem
1466 2117 1482 2137 a
1504 2109 1636 2138 militibus
1656 2109 1707 2136 du-

81 2158 202 2187 ceretur,
224 2155 251 2182 in
272 2156 369 2184 itinere
390 2156 530 2185 Michaelis
549 2157 679 2184 mandato
705 2157 854 2185 luminibus
876 2157 1007 2192 privatur,
1028 2157 1107 2194 cujus
1127 2158 1247 2186 vulneris
1276 2158 1368 2186 dolore
1400 2157 1563 2185 intolerabili
1591 2158 1707 2185 moritur

83 2208 159 2230 anno
178 2211 239 2230 aera:
258 2212 319 2233 DXXI
325 2225 331 2231 .

116 2260 219 2288 Eodem
236 2269 307 2290 anno
321 2262 468 2297 justissimi
483 2263 610 2292 Numinis
629 2265 763 2292 sententia
779 2264 911 2293 adversus
928 2265 1059 2292 tumidam
1077 2265 1159 2293 illam
1176 2260 1365 2301 infrenemque
1380 2266 1497 2294 belluam
1512 2264 1642 2296 emicuit,
1659 2266 1708 2293 cui

79 2316 182 2335 nomen
205 2308 381 2343 Alphaslano.
399 2308 448 2337 Hic
466 2310 529 2337 dum
546 2310 654 2338 fremitu
671 2310 794 2338 horribili
811 2310 845 2337 ad
863 2311 937 2338 orbis
953 2315 1032 2338 terra:
1050 2310 1219 2338 dominatum
1241 2311 1368 2344 anhelat,
1388 2311 1507 2346 dumque
1526 2311 1601 2339 virus
1621 2310 1707 2339 animi

79 2354 124 2381 sui
140 2353 348 2381 acerbissimum
366 2354 392 2381 in
418 2363 465 2382 eos
480 2355 561 2382 etiam
585 2363 709 2382 evomere
724 2360 817 2390 parat,
834 2363 903 2390 quos
919 2356 1038 2383 nondum
1054 2357 1191 2390 unguibus
1214 2357 1369 2384 irretiverat
1381 2378 1389 2390 ,
1405 2356 1548 2391 repentino
1561 2356 1635 2383 ensis
1651 2357 1706 2383 ictu

79 2399 236 2428 succiditur
256 2407 272 2427 e
295 2404 367 2426 terra
387 2401 539 2433 scelestus,
555 2395 654 2436 'neque
675 2400 722 2427 Dei
742 2400 856 2436 gloriam
871 2401 955 2428 videt.
975 2401 1048 2428 Idem
1064 2405 1155 2429 tamen
1172 2405 1317 2436 antequam
1338 2402 1554 2438 impurissimum
1578 2402 1705 2437 spiritum

79 2447 235 2478 emitteret,
254 2454 444 2481 percussorem
465 2455 545 2475 suum
565 2455 628 2475 cum
644 2447 825 2475 admiratione
845 2452 871 2476 et
887 2453 998 2483 stupore
1017 2449 1158 2484 aspexisse
1177 2449 1334 2484 perhibetur
1350 2459 1356 2482 ;
1378 2453 1460 2484 atque
1479 2450 1516 2477 ita
1535 2453 1648 2478 necatus
1667 2449 1703 2477 ad

79 2493 170 2522 infera
188 2502 217 2521 se
233 2493 342 2522 demisit
357 2503 419 2522 cum
435 2495 546 2522 immani
561 2495 711 2523 acerbitate
724 2503 871 2530 animoque
885 2499 925 2523 tot
940 2496 1089 2524 insontium
1105 2497 1269 2532 piorumque
1284 2497 1357 2525 czede
1371 2505 1530 2533 consperso.

115 2556 167 2583 Hic
185 2564 236 2592 ego
254 2557 391 2592 promissa
411 2557 508 2584 faciam
522 2578 528 2590 ,
549 2558 682 2593 reliquam
702 2558 807 2585 scilicet
826 2558 908 2593 hujus
927 2559 1059 2594 temporis
1078 2559 1262 2586 narrationem
1279 2567 1441 2595 persequar,
1457 2567 1539 2595 quam
1557 2559 1701 2594 superiore

77 2602 141 2630 loco
160 2603 371 2637 pratermittere
387 2611 500 2633 necesse
519 2606 580 2634 fuit.
600 2606 683 2634 Divus
701 2607 784 2641 igitur
800 2607 846 2634 ille
864 2607 1019 2642 philologus
1037 2606 1228 2643 (Sarcavacus
1245 2608 1359 2643 doctor)
1377 2609 1464 2643 pergit
1480 2607 1589 2634 dicere:
1609 2615 1619 2632 ι
1636 2605 1706 2633 Cum

77 2649 142 2677 felix
165 2650 210 2677 ille
230 2649 412 2678 Melichsalius
433 2658 496 2686 poSt
515 2653 673 2689 Alphaslani
694 2655 816 2689 parentis
843 2655 886 2682 sui
910 2663 1005 2682 necem
1033 2656 1060 2682 in
1085 2656 1191 2690 imperii
1216 2655 1302 2690 gloria
1326 2659 1493 2687 versaretur,
1517 2652 1706 2687 pulcherrimo

77 2705 146 2725 sane
165 2697 264 2725 ordine
283 2702 355 2726 ratio
384 2699 461 2733 regni
491 2698 617 2726 universa
640 2699 778 2726 utebatur.
805 2698 830 2726 Is
856 2699 1016 2732 enimvero,
1036 2700 1108 2734 quod
1135 2708 1234 2727 nomen
1261 2700 1321 2734 ejus
1345 2699 1500 2730 indicabat,
1525 2697 1582 2724 Rex
1609 2705 1704 2733 regum

116 2787 173 2824 (790)
194 2787 265 2815 lluie
284 2787 412 2822 Gregorii:
436 2787 760 2824 patriarcthGregorii
783 2787 866 2823 Magi-
920 2789 1015 2816 Grzrco
1031 2796 1156 2816 sermone
1171 2789 1363 2824 interpretatus
1378 2792 1434 2819 est,
1453 2787 1634 2824 Menologium
1649 2788 1702 2814 Ar-

77 2823 126 2860 s7t_ri
153 2823 230 2860 lilio,
243 2827 460 2860 7c0gnomentum
483 2824 597 2851 adhaesit
610 2823 766 2860 Vegaiaser,
783 2824 808 2850 id
824 2827 866 2860 est
919 2824 1072 2860 meniacurn
1090 2825 1188 2859 partim
1204 2823 1261 2859 ipse
1274 2832 1322 2860 per
1336 2833 1375 2856 se,
1391 2824 1489 2859 partim
1504 2823 1633 2851 mandato
1648 2830 1705 2851 suo

79 2858 291 2894 Martyrophilus
307 2878 314 2891 ,
342 2858 404 2892 quia
431 2863 529 2894 praeter
551 2859 602 2886 alia
632 2858 716 2886 multa
745 2866 806 2893 qua!
829 2858 862 2886 de
916 2858 1115 2887 conficiendum
1131 2858 1245 2887 curavit.
