1911 3136
195 175 246 204 ’751
698 171 870 200 ΑΡΡΕΝΒΙΧ
889 172 934 199 AD

1058 172 1084 199 ill
1102 171 1309 200 CHRONICON.
1763 174 1812 201 732

197 245 251 274 fuit
271 245 338 281 (91).
358 245 450 280 Neque
468 243 608 276 ingenium
628 250 753 271 moresve
774 243 861 279 patris
880 243 922 271 sui
942 243 1086 271 aemulatus
1105 247 1166 276 est;
1188 243 1243 270 imo
1265 241 1332 270 adeo
1357 246 1411 269 tam
1435 244 1569 271 contraria
1594 244 1686 271 studia
1712 252 1769 279 pra:
1786 252 1816 272 se

198 293 261 321 tulit
275 314 282 324 ,
311 297 340 320 ut
359 298 472 327 prorsus
492 289 661 317 existimaret
688 289 756 316 nihil
784 290 925 325 iniquius,
943 290 1011 317 nihil
1027 290 1088 325 paci
1105 293 1152 317 aut
1167 290 1279 317 omnino
1298 289 1424 316 humana:
1440 291 1501 318 vita:
1517 291 1711 319 adversantius
1733 291 1817 319 fuisse

199 348 281 375 quam
298 339 383 375 patris
409 339 450 367 sui
479 337 594 365 consilia
613 342 641 365 et
660 338 826 365 voluntates.
848 337 908 373 Ipse
927 338 1011 374 igitur
1029 337 1099 366 bene
1117 338 1225 366 cunctis
1244 337 1400 372 dispositis,
1421 337 1564 372 prudentia
1579 338 1643 365 item
1659 345 1692 365 ac
1707 337 1816 365 fortitu-

200 388 263 417 dine
283 389 384 416 multos
403 394 480 423 reges
493 406 501 419 ,
529 389 556 413 et
577 388 651 411 certe
664 391 776 416 omnes,
801 383 849 419 qui
874 383 1006 411 memoria
1025 388 1119 411 nOstra
1143 383 1327 415 exstiterunt,
1356 381 1534 417 praecellens,
1566 383 1633 410 nihil
1660 383 1815 418 impensius

201 437 342 472 satagebat
354 456 362 466 .
384 443 466 471 quam
485 439 515 462 ut
528 433 681 469 iustissime
697 433 800 460 viveret
813 453 820 466 ,
839 432 997 467 neminique
1012 432 1112 468 injuria
1129 436 1177 459 aut
1190 430 1318 466 superbia
1336 430 1469 472 molestus
1483 433 1566 457 esset.
1582 428 1654 461 Quin
1667 431 1695 455 et
1711 427 1818 455 liberali

201 485 285 512 animi
305 488 403 511 natura
423 483 555 519 praeditus
575 483 655 513 erat,
677 481 787 515 altoque
806 479 907 507 mentis
926 467 1045 508 consilio
1059 500 1066 512 ,
1087 482 1192 507 statura
1206 479 1329 514 denique
1347 467 1470 512 corporis
1489 485 1550 512 quae
1569 484 1659 513 regem
1678 475 1816 503 decebat:

202 536 277 560 tanta
295 539 360 559 vero
379 529 559 558 mansuetudo
579 535 740 562 merumque
760 527 882 555 suavitas
903 527 930 554 in
951 535 984 555 eo
1004 531 1081 560 erat,
1098 531 1128 555 ut
1143 527 1257 554 miriﬁce
1271 526 1438 560 diligeretur.
1453 524 1541 558 Atque
1556 529 1606 557 ego
1621 520 1733 556 quidem
1747 526 1816 546 non—

201 579 255 607 nisi
275 585 366 614 regem
385 577 520 613 ejusmodi
539 576 666 604 existimo
693 583 755 603 esse
778 575 899 602 divitem.
921 575 971 603 Hic
990 575 1066 603 brevi
1085 581 1207 610 tempore
1226 577 1362 601 terrarum
1386 572 1480 599 orbem
1503 574 1607 598 tantum
1631 574 1688 595 non
1711 566 1818 593 univer-

202 636 264 657 sum
283 628 391 664 subegit
408 637 415 655 :
435 634 497 655 cum
516 625 613 659 reliqui
632 631 708 659 reges
727 624 769 651 vel
790 627 851 658 post
870 623 1005 650 diutinum
1024 627 1132 659 tempus
1152 623 1192 650 vel
1214 629 1355 657 nunquam
1378 623 1454 647 tanto
1475 617 1589 652 imperio
1600 614 1682 650 potiri
1704 613 1819 640 soleant.

204 674 257 701 Sed
284 674 308 702 is
334 661 465 701 nimirum
490 671 679 700 benevolentia
703 670 790 706 magis
815 675 842 698 et
866 671 994 698 comitate
1018 678 1099 706 quam
1125 670 1222 698 bellica
1241 669 1268 697 vi
1287 669 1424 696 utebatur.
1451 665 1511 693 Jam
1530 664 1555 693 si
1576 667 1631 690 tam
1651 661 1741 688 multa
1766 663 1820 686 tam

205 721 282 749 brevi
302 720 439 753 obtinuit,
459 719 600 756 profecto,
622 719 661 745 uti
681 718 819 750 arbitror,
847 717 969 745 futurum
988 721 1069 749 erat,
1091 721 1121 744 ut
1141 724 1174 744 ne
1193 716 1301 751 Europa
1320 714 1429 751 quidem
1455 720 1471 740 a
1496 710 1571 746 regni
1591 709 1652 744 ejus
1673 706 1776 734 ﬁnibus
1795 713 1823 738 se

205 766 388 798 subduceret,
408 766 460 794 nisi
481 767 504 794 is
523 767 658 795 maturius
676 767 731 794 vita
751 766 925 794 excessisset.
943 775 954 793 ι
973 765 1037 793 llaec
1058 765 1228 793 Sarcavacus
1251 765 1284 792 de
1310 763 1393 798 hujus
1412 762 1468 790 vita
1494 758 1599 789 tradit,
1619 754 1667 791 qui
1688 753 1769 781 annis
1788 759 1823 778 xx

205 814 362 842 dominatus
381 818 432 843 est.
453 814 515 843 Mox
534 823 585 851 ego
605 823 666 851 quae
684 815 718 842 de
738 815 862 850 ejusdem
882 818 970 843 morte
988 814 1135 850 praedictus
1154 813 1256 841 Auctor
1274 815 1390 845 narrat,
1415 811 1569 839 subtexam-

914 910 1819 932 u__,_——_———_____————-———I

683 987 781 1009 OLYIP.
817 985 926 1006 CHRISTI
963 985 1047 1007 CONST
1052 998 1059 1006 .
1114 984 1183 1006 ΡΔἸἮ
1188 997 1195 1004 .
1258 983 1327 1004 ιιι

1258 1019 1322 1039 All.

981 1080 1005 1107 Μ
1010 1080 1033 1107 ἰ-
1105 1078 1210 1114 Grego-

966 1115 1044 1143 chael
1139 1122 1186 1142 ras

962 1259 1115 1289 MICHAEL
1133 1258 1214 1286 annis
1232 1264 1291 1285 vtn.

827 1349 897 1378 1075
1003 1350 1017 1376 1
1143 1347 1160 1376 9
1266 1345 1319 1373 522

246 1444 324 1472 Anno
341 1451 402 1474 arae
421 1449 498 1470 run
517 1433 626 1477 vigente
650 1439 866 1468 Sarracenorum
892 1437 1036 1475 tyrannide
1054 1437 1175 1465 Ausinns
1195 1435 1251 1472 (92)
1272 1435 1403 1470 princeps
1426 1433 1568 1469 digressus
1593 1435 1636 1458 est
1660 1429 1835 1457 haereditaria

211 1491 314 1520 ditione
333 1498 383 1519 sua
401 1490 446 1517 cui
464 1496 564 1517 nomen
589 1487 706 1515 Maireaz
724 1487 846 1520 Ciurch,
867 1491 965 1514 contra
985 1485 1140 1520 Ganzagam
1161 1484 1233 1516 sita,
1254 1481 1448 1510 comitantibus
1467 1480 1552 1507 fratre
1571 1479 1706 1514 Algamo,
1727 1481 1816 1504 matre
1828 1496 1835 1506 .

212 1537 329 1572 conjuge
355 1536 470 1571 aliisque
493 1541 600 1562 summa
624 1534 769 1562 nobilitate
795 1534 883 1568 viris,
905 1537 1000 1562 avecta
1028 1533 1111 1561 etiam
1136 1531 1211 1559 omni
1231 1529 1420 1566 supellectile:
1443 1529 1636 1564 ingressusque
1654 1525 1782 1553 Ciliciam
1796 1544 1804 1555 .
1823 1531 1838 1550 e

214 1583 428 1611 Sarracenorum
448 1584 584 1618 potestate
603 1581 656 1609 sibi
675 1581 824 1609 vindicavit
847 1581 1056 1609 celeberrimam
1074 1577 1272 1616 Lampruniam
1297 1583 1407 1610 arcem,
1429 1575 1462 1603 ad
1487 1571 1573 1600 Tauri
1598 1570 1701 1598 montis
1729 1569 1839 1597 radices

213 1628 260 1656 ubi
280 1632 308 1656 et
325 1626 429 1655 Tarsus
447 1626 617 1662 metropolis.

833 1714 902 1743 1076
1006 1714 1025 1742 2
1133 1712 1167 1740 10
1273 1709 1326 1738 525
1431 1706 1567 1743 Dominus»
1577 1705 1716 1743 Gregoras
1734 1711 1772 1731 oo
1788 1711 1839 1731 cu-

831 1740 902 1778 10'1‘1
1007 1740 1025 1777 ξ
1132 1748 1164 1775 11
1272 1745 1326 1774 524
1395 1743 1509 1770 randam
1539 1740 1672 1778 librorum
1703 1740 1840 1778 interpre-

706 1777 777 1811 484
832 1775 904 1814 illis
1008 1775 1027 1812 λ
1133 1783 1168 1810 12
1273 1780 1327 1809 525

1133 1783 1168 1810 12
1273 1780 1327 1809 525
1399 1778 1529 1839 ιειίοῃιεῐη
1566 1775 1838 1809 Constantinopolim

1403 1820 1476 1849 pergl
1493 1831 1500 1839 .

251 1905 330 1932 Anno
349 1910 410 1931 terte
427 1910 498 1931 νην
518 1900 654 1938 Gaghicus
672 1906 721 1926 rex
739 1897 856 1927 Tarsum
877 1898 910 1926 ad
930 1895 1122 1933 Apelgaripum
1141 1892 1330 1920 Armeniorum
1357 1891 1507 1927 principem
1529 1890 1580 1918 sibi
1602 1890 1840 1925 consanguineum

216 1958 246 1980 se
265 1949 381 1978 contulit
397 1958 403 1976 :
425 1956 488 1976 cum
508 1936 573 1976 vero
591 1948 688 1984 pedem
709 1946 773 1974 inde
792 1946 907 1974 referret
925 1953 941 1972 a
960 1943 1116 1972 Grazcorum
1137 1941 1305 1977 principibus
1319 1946 1402 1976 prope
1415 1938 1524 1972 Argiam
1539 1937 1565 1963 vi
1583 1936 1722 1971 appetitus
1744 1936 1842 1970 laqueo

216 1999 299 2026 vitam
319 1997 418 2025 ﬁnivit.
440 1997 493 2024 Alii
512 1980 602 2024 tamen
622 1985 718 2027 aiu‘nt,
737 1995 811 2022 hunc
828 1994 965 2022 venationi
986 1991 1108 2020 deditum
1128 1993 1155 2016 et
1174 1988 1243 2016 forte
1267 1986 1446 2014 dormientem
1471 1991 1486 2010 a
1509 1981 1689 2008 Mandalianis
1712 1980 1772 2015 (93)
1796 1987 1841 2006 (-11-

215 2053 292 2084 ptum
311 2054 392 2079 esse;
413 2045 477 2073 exin
497 2048 609 2072 auctum
629 2043 656 2070 in
677 2050 766 2070 arcem
793 2041 1023 2070 Candrnscoriam
1045 2039 1138 2073 ibique
1161 2035 1344 2064 interfectum.
1370 2032 1409 2059 Ευ
1439 2036 1544 2059 terrore
1569 2029 1719 2056 exanimati
1743 2027 1840 2062 reliqui

215 2096 351 2132 principes
370 2094 560 2122 Armeniorum
580 2092 641 2128 fuga
662 2092 760 2126 dilapst
779 2095 855 2118 sunt.
877 2089 915 2117 Ex
933 2089 1030 2116 borum
1053 2092 1144 2114 tamen
1164 2091 1279 2125 numero
1298 2081 1425 2118 princeps
1445 2079 1556 2114 quidam
1581 2077 1696 2112 Gaghici
1723 2083 1841 2103 consan-

217 2122 273 2132 r-~~
283 2122 315 2131 ηι
327 2122 334 2124 -
610 2122 624 2128 υ
718 2122 726 2126 .

217 2142 351 2178 guineus,
379 2139 489 2167 nomine
515 2138 645 2167 Rulienus
671 2138 748 2173 (91),
776 2138 822 2173 qui
847 2136 1023 2164 Causilarum
1048 2141 1137 2160 arcem
1165 2122 1291 2163 tenebat,
1311 2130 1419 2164 cognita
1440 2125 1554 2161 Gaghici
1574 2132 1661 2155 nece.
1683 2131 1748 2150 cum
1769 2123 1842 2150 omni

217 2170 299 2215 domo
316 2170 366 2215 sua
385 2185 414 2213 in
431 2185 555 2220 Phrygia:
571 2188 661 2219 partes
676 2170 826 2219 migravit,
847 2181 1032 2217 oppidumque
1049 2177 1232 2206 Colmesolum
1252 2175 1360 2203 insedit.
1391 2173 1440 2201 His
1465 2172 1535 2200 forte
1554 2172 1582 2199 in
1603 2170 1745 2198 montibus
1766 2177 1842 2197 com-

219 2236 312 2268 plures
330 2231 464 2267 degebant
484 2216 653 2258 ﬁrmet-name
671 2216 760 2264 gentis
781 2216 891 2260 coloni,
911 2226 1012 2262 quibus
1024 2225 1075 2252 sibi
1089 2224 1236 2259 praeclarus
1254 2220 1413 2255 Rbupenius
1428 2217 1565 2253 adjunctis
1581 2220 1607 2245 et
1619 2216 1689 2245 satis
1708 2216 1843 2243 corrobo-

220 2284 296 2309 ratus
314 2283 472 2307 moutanam
492 2285 630 2314 regionem
649 2277 733 2305 armis
751 2277 859 2309 tenuit,
880 2275 1024 2311 pulsisque
1043 2272 1145 2300 Graecis
1158 2292 1166 2304 ,
1187 2277 1282 2299 eorum
1301 2268 1399 2304 oppida
1418 2264 1542 2295 incoluit.

835 2363 904 2392 1079
1012 2363 1029 2391 5
1135 2361 1170 2388 15
1276 2358 1329 2385 526

834 2400 904 2426 1080
1011 2398 1027 2425 6
1135 2395 1170 2423 11
1275 2393 1328 2420 527

836 2435 902 2461 1081
1012 2433 1028 2460 7
1134 2430 1168 2458 15
1275 2428 1328 2455 598

712 2462 783 2497 465
836 2470 906 2498 1082
1011 2468 1029 2495 ε
1134 2465 1169 2493 16
1275 2461 1328 2490 529

260 2566 393 2601 Georgius
410 2567 437 2601 et
453 2563 609 2599 Stephanus
623 2563 673 2591 do-
988 2555 1140 2587 ALEXIUS
1160 2555 1239 2583 annis
1258 2559 1375 2582 xxxvm.

225 2607 316 2630 ctores
336 2600 450 2635 scriptis
473 2601 612 2635 rebusque
626 2605 673 2634 ge-

226 2620 454 2666 Ξῖἕὶἷπῖἑὲιῗὶιῖ.
474 2620 612 2635 ’””“”“”
626 2620 658 2634 ⁰”
843 2626 912 2656 1085

581 2620 612 2626 ”
626 2620 658 2634 ¹³”
843 2626 912 2656 1085
1018 2625 1031 2652 1
1143 2623 1178 2650 ιτ
1282 2620 1335 2648 550

264 2760 424 2796 (91lMelich
437 2760 552 2796 Arabice
566 2767 622 2791 rex,
639 2757 730 2786 schiah
744 2757 853 2785 Persice
868 2756 931 2784 item
947 2763 1007 2782 rex.
1066 2795 1072 2796 γ
1098 2745 1632 2796 (97;)“litantialeserat'ﬁﬁcuanni‘dgrﬂ
1647 2743 1840 2796 patergznp'i‘l'iaf

230 2780 297 2823 lliiic
312 2780 622 2823 barbarac‘nsui’dcilt
746 2780 755 2784 -
767 2780 852 2829 vim
1062 2780 1114 2829 aui
1123 2780 1283 2829 prtefectus,
1295 2784 1374 2829 cuius
1386 2783 1433 2823 ﬁlii
1446 2786 1491 2809 aut
1504 2780 1635 2809 satellites
1647 2780 1704 2807 dici
1716 2780 1840 2808 videntur

265 2830 320 2865 (92)
340 2830 390 2857 Hic
404 2818 1010 2865 Ἀἦίςῖηἶενᾗέιῖξειῆινῖξῇίρτυηίθηῇειη’Τετεὶ
1065 2831 1079 2850 a
1098 2818 1418 2865 ξαλείει]ιιΞΙειΜαηάιξιίιιηὶἶ

233 2850 390 2899 ειιὶεεόοιιὶιῖ
405 2850 978 2901 abiitabiit:£si"éi5§i‘i§'§aiiui“
988 2850 1010 2854 ⁷
1104 2856 1158 2891 (94)
1181 2855 1311 2884 ltubenus
1327 2852 1459 2890 dynastis:
1470 2850 1686 2880 Rubeniensium
1703 2854 1811 2878 auctor.
