1911 3136
83 171 142 200 735
459 175 631 203 SAMUELIS
646 171 806 204 ANIENSIS
825 176 993 205 SUMMARII
1009 177 1199 206 TEMPORUM
1216 178 1305 206 PARS
1323 179 1356 207 11.
1640 169 1707 212 ’754

79 251 780 265 _———.———_—

591 315 687 334 OLYIII‘.
725 315 831 334 CHRISTI
867 315 962 335 CONST-
1017 314 1096 334 PATR.
1151 315 1217 334 ERB

1144 351 1210 370 ARI-

842 419 954 448 Alexius
990 419 1108 448 Basilius

576 505 678 511 —.
712 503 819 512 -.ρ-

1131 505 1236 512 ———_

967 579 1124 608 BASILIUS
1143 582 1222 610 annis
1257 616 1273 619 _
1293 580 1434 619 Exstincto
1461 582 1570 611 domino
1584 583 1703 619 Gregora

1055 624 1142 646 xuii.
1257 616 1423 645 Pahlavunio
1435 619 1566 646 successit
1577 616 1703 648 dominus

1253 651 1369 687 Basilius
1395 654 1497 680 sororis
1523 654 1581 687 ejus
1609 654 1702 686 ﬁlius,

725 685 794 712 1081
900 685 918 712 2
1024 686 1037 713 1
1146 686 1194 713 531
1251 682 1332 721 (μιεῶ
1377 692 1456 715 antea
1496 682 1704 716 consecraverat

725 721 794 758 1085
1022 721 1040 758 g
1251 722 1378 750 dominus
1392 723 1450 758 ipse
1469 722 1479 749 (

1022 721 1040 758 g
1251 722 1378 750 dominus
1392 723 1450 758 ipse
1469 722 1617 757 Gregorius
1638 725 1701 750 dum

601 759 671 792 466
725 756 793 793 1080
1251 758 1336 793 iterin
1349 756 1456 785 exteras
1469 756 1703 793 plagaslibrorum

724 791 793 828 1οξἶ
900 791 917 828 5
1251 790 1701 828 ἰηιθνργειειιιύοτίιω’θιίοτυιιιίιυε

723 826 792 863 loss
899 825 917 863 tj
1022 827 1039 863 5
1145 826 1197 863 555
1254 825 1422 862 negotiorum
1443 835 1474 855 ca

905 825 917 863 ﬁ
1022 827 1039 863 5
1145 826 1197 863 555
1254 825 1422 862 negotiorum
1443 835 1526 855 causa
1543 825 1659 863 pararet;

594 877 663 909 ‘67
724 861 746 886 11
758 861 792 886 89
902 860 917 887 7
1023 861 1039 887 6
1145 861 1198 887 556

725 895 793 922 1090
899 895 916 922 8
1024 896 1040 922 7
1145 896 1198 922 557

121 931 266 958 llorrenda
288 931 378 958 fames
404 930 541 965 regionem
723 931 789 957 1091

443 930 541 965 gionem
723 931 789 957 1091
899 931 916 957 9
1022 931 1039 957 8
1146 930 1197 957 558

82 972 210 993 nostram
232 966 367 996 vastavit,
391 973 452 993 cum
469 966 543 993 vide-
723 965 792 993 1012
882 965 916 992 10
1022 965 1038 992 9
1147 965 1199 993 559

81 1002 146 1029 ἥκει
168 1002 320 1028 sceleribus
335 1001 437 1029 nostris
447 1008 543 1028 cutnu-
598 1000 667 1034 468
723 1001 792 1028 1095

1005 1001 1039 1027 10
1145 1001 1197 1028 510
1286 1000 1342 1029 Hoc
1355 1009 1427 1029 anno
1441 1001 1622 1030 Melichsahus
1643 1001 1704 1029 Sul-

80 1037 124 1064 lus
140 1042 214 1064 esset
229 1036 385 1072 impositus.
722 1036 792 1062 1091

722 1036 792 1062 1091
881 1035 915 1063 12
1004 1036 1034 1063 11
1145 1035 1194 1063 541
1249 1041 1331 1064 tanus
1345 1038 1423 1065 obiit.

117 1138 174 1172 Age
197 1144 264 1164 vero
283 1136 412 1172 quoniam
437 1139 570 1171 regnante
593 1135 758 1163 Mclichsaho
783 1143 850 1170 pace
875 1136 954 1164 orbis
979 1136 1125 1164 universus
1150 1136 1356 1172 praesertimque
1379 1136 1509 1164 Armenia
1534 1137 1619 1172 potita
1644 1139 1705 1170 est,

80 1186 126 1211 cui
148 1184 258 1219 quidem
278 1183 433 1218 superiores
453 1182 562 1218 tyranni
583 1183 711 1217 poculum
730 1181 841 1209 exitiale
860 1181 955 1209 tandiu
975 1183 1208 1217 propinaverant;
1229 1183 1304 1210 lubet
1323 1183 1406 1211 verba
1426 1183 1580 1211 laudatoria
1606 1183 1705 1219 praedi-

80 1229 118 1255 cti
138 1228 232 1255 eximii
251 1228 374 1256 doctoris
395 1228 532 1255 ascribere
545 1248 552 1260 ,
572 1227 619 1262 qui
640 1226 786 1254 admodum
805 1227 972 1254 elaboratam
992 1228 1181 1263 prolixamque
1199 1229 1351 1255 orationem
1371 1236 1468 1256 rursus
1488 1229 1603 1261 scribit,
1630 1231 1706 1263 post-

80 1284 163 1310 quam
184 1275 289 1303 scilicet
304 1282 348 1302 res
366 1273 482 1301 viventis
500 1274 616 1301 absolvit
636 1273 675 1301 sic
693 1273 814 1309 ejusdem
832 1273 936 1300 obitum
957 1281 1084 1301 narrans.
1101 1283 1110 1299 ι
1124 1273 1202 1301 Anno
1220 1281 1280 1301 aera:
1298 1281 1361 1300 nm
1383 1281 1528 1308 supremus
1545 1273 1703 1302 Melichsahi

80 1321 227 1350 Persarum
247 1323 320 1357 regis
345 1321 507 1349 administer
531 1321 641 1349 occisus
664 1326 726 1353 cst,
753 1321 833 1355 cujus
856 1328 956 1348 nomen
980 1321 1128 1353 Hasanus,
1154 1321 1301 1356 dignitatis
1326 1325 1414 1348 autem
1440 1321 1535 1349 titulus
1557 1322 1704 1350 Vezracius

79 1369 196 1404 Ubogia.
218 1369 287 1396 Octo
306 1372 397 1396 autem
416 1373 443 1396 et
462 1368 557 1404 viginti
578 1372 639 1403 post
658 1367 716 1395 dies
737 1367 794 1402 ipse
813 1375 922 1402 quoque
949 1367 1132 1395 lleliclisahus
1155 1367 1259 1394 interiit
1286 1375 1391 1395 veneno
1405 1387 1412 1398 ,
1438 1370 1468 1394 ut
1493 1366 1564 1393 fama
1587 1359 1704 1400 est,'ab

79 1422 168 1442 uxore
187 1418 354 1449 corruptus:
376 1414 418 1441 vir
437 1414 464 1441 in
483 1421 578 1441 omnes
597 1413 744 1441 benevolus
764 1417 846 1448 atque
865 1413 1026 1441 mitissimus
1038 1432 1046 1445 ,
1062 1413 1090 1440 in
1112 1413 1283 1441 Christianos
1307 1418 1397 1440 autem
1413 1419 1497 1448 prope
1517 1412 1703 1447 singulariter.

80 1460 170 1495 Hujus
189 1461 292 1488 obitum
311 1460 481 1489 incredibilis
500 1461 620 1488 omnium
641 1460 762 1496 gentium
782 1461 951 1496 perturbatio
971 1464 1120 1488 consecuta
1146 1464 1188 1488 est
1208 1468 1256 1496 per
1275 1460 1499 1496 quadriennium.
1517 1459 1585 1486 Nam
1600 1463 1627 1487 et
1646 1459 1703 1486 fra-

79 1513 122 1535 ter
142 1507 277 1537 Dedusius
295 1512 323 1536 et
341 1509 414 1536 ﬁlius
433 1508 637 1537 Bechiaruclius
657 1509 700 1536 his
720 1508 799 1536 annis
819 1508 890 1536 bella
905 1509 1009 1537 cientes
1024 1516 1106 1536 omne
1124 1516 1209 1544 genus
1225 1509 1426 1536 institutionum
1442 1508 1574 1535 bonarum
1590 1507 1703 1535 subver-

80 1559 192 1588 terunt,
211 1555 276 1583 dum
295 1560 392 1584 neuter
410 1563 494 1592 regno
514 1555 629 1583 ﬁrmiter
648 1556 792 1592 potiretur.
822 1556 941 1592 Sanguis
961 1557 1072 1584 interim
1092 1556 1255 1584 torrentium
1282 1556 1371 1583 instar
1397 1556 1523 1583 manabat
1542 1563 1597 1583 non
1616 1555 1704 1582 solum

78 1600 168 1628 Marte
186 1601 350 1629 certantium
363 1621 371 1634 ,
392 1609 487 1629 verum
506 1603 588 1630 etiam
609 1603 699 1630 omnis
719 1603 824 1631 ordinis
843 1603 943 1631 civium
963 1607 991 1631 et
1009 1603 1238 1639 provincialium:
1260 1607 1358 1638 praeter
1376 1603 1445 1631 alias
1470 1609 1605 1630 aerumnas
1624 1601 1706 1629 famis

79 1651 164 1682 atque
183 1647 384 1682 captivitatum.
405 1645 452 1675 Sic
470 1647 600 1675 nimirum
618 1647 735 1675 felicitas
754 1655 816 1674 cum
837 1647 893 1675 vita
911 1648 985 1684 regis
1002 1648 1082 1683 pulsa
1101 1651 1164 1676 est:
1186 1647 1221 1674 ad
1240 1654 1322 1683 quem
1341 1647 1451 1682 quidem
1479 1654 1606 1674 curarum
1626 1654 1705 1681 rega-

79 1694 148 1722 lium
167 1694 243 1722 labor
262 1695 453 1730 pertinuerat;
474 1694 509 1722 ad
528 1694 596 1723 alios
615 1702 681 1723 vero
701 1695 760 1723 sive
777 1695 924 1730 optimates
946 1696 1004 1723 sive
1021 1695 1143 1731 plebeios
1163 1695 1269 1723 fructus
1296 1702 1391 1722 earum
1409 1699 1436 1722 et
1458 1695 1636 1723 commoditas
1659 1701 1705 1722 re-

81 1741 274 1775 dundarent,
292 1740 356 1769 vitae
374 1749 471 1776 nempe
489 1741 644 1776 securitas,
664 1749 756 1769 rerum
777 1741 889 1770 ubertas
916 1742 1107 1777 malorumque
1132 1741 1268 1778 depulsio.
1296 1741 1322 1769 Is
1350 1740 1418 1769 adeo
1445 1745 1553 1777 gentem
1580 1745 1703 1769 nostram

82 1784 200 1818 dilexit,
219 1790 250 1812 ut
267 1792 365 1821 preces
382 1788 542 1820 exposceret
560 1792 593 1812 ac
611 1785 841 1814 benedictiones:
862 1785 942 1821 cujus
959 1785 999 1813 rei
1017 1793 1101 1815 causa
1121 1786 1304 1822 patriarcbam
1321 1793 1430 1821 quoque
1443 1786 1478 1814 ad
1499 1786 1588 1814 aulam
1608 1794 1703 1814 accer-

81 1832 157 1860 sivit.
178 1831 266 1867 Atque
286 1831 390 1859 utinam
407 1830 441 1858 ad
459 1830 614 1859 Christiana
631 1838 710 1858 sacra
725 1839 870 1866 moresque
883 1832 1045 1861 transisset!
1061 1842 1071 1859 ι
1085 1832 1193 1869 Imperii
1208 1832 1269 1867 ejus
1284 1832 1363 1861 sedes
1378 1831 1524 1868 Aspahana
1543 1832 1596 1860 fuit
1608 1853 1616 1868 ,
1637 1841 1698 1868 qua:

81 1877 242 1913 metropolis
260 1876 406 1905 Persarum
425 1880 485 1910 est,
507 1875 663 1911 ibidemque
682 1875 766 1903 vitam
786 1875 932 1904 conclusit.

705 1993 774 2022 1095
862 1995 898 2023 15
985 1995 1021 2022 12
1126 1996 1178 2023 512
1232 1991 1241 2003 ⁸

705 2029 774 2057 1096
862 2031 897 2058 14
985 2031 1020 2058 15
1124 2031 1178 2059 515
1276 2030 1433 2060 Revolvitur
1458 2047 1459 2052 η

985 2031 1020 2058 15
1124 2031 1178 2059 515
1276 2030 1433 2060 Revolvitur
1458 2033 1551 2068 cyclus
1570 2033 1701 2068 quingen-

1241 2071 1330 2094 torum
1344 2067 1481 2095 annorum’
1492 2067 1558 2102 (95).

117 2103 316 2130 Constantinus
332 2102 458 2137 princeps
478 2110 529 2130 no-
708 2100 778 2137 199']
865 2101 900 2129 15
989 2101 1023 2137 14
1126 2101 1180 2137 514
1267 2101 1402 2129 Dedusius
1420 2100 1543 2130 Damasci
1555 2122 1563 2133 ,
1579 2102 1702 2130 Palaesti-

82 2143 149 2168 ster.
162 2138 269 2166 Rubeni
281 2135 370 2170 ﬁlius,
386 2135 471 2165 ell'usa
486 2138 533 2165 hu-
583 2137 656 2173 469
708 2135 777 2173 1000

989 2136 1025 2173 15
1132 2136 1184 2173 iis“?
1237 2144 1295 2168 nae,
1312 2137 1486 2172 ﬁnitimreque
1502 2138 1621 2171 regionis
1637 2145 1698 2166 rex.

82 2174 214 2201 manitate
240 2173 391 2200 Romanam
423 2177 530 2208 gentem
595 2170 650 2173 ’⁷⁷
707 2170 776 2198 1099
865 2171 899 2198 17
993 2171 1026 2199 16
1131 2171 1184 2199 546
1232 2170 1700 2208 praeliainterimiturﬁspahanaea

81 2213 244 2244 prosecutus
259 2212 270 2241 ,'
290 2209 393 2236 honore
409 2206 530 2235 vicissim
1232 2206 1418 2235 Becbiarucho
1433 2215 1504 2235 anno
1517 2206 1578 2235 me
1592 2215 1683 2235 nxmv.

81 2249 196 2272 ornatus
212 2247 264 2272 est.

117 2345 232 2374 Romani
251 2353 300 2382 per
317 2345 462 2374 Thraciam
481 2346 508 2374 in
527 2345 620 2374 Asiam
639 2345 848 2378 transmittunt,
870 2348 901 2372 ut
922 2344 1085 2380 Scytharum
1099 2364 1107 2377 ,
1128 2344 1274 2374 Persarum
1293 2349 1375 2381 atque
1393 2344 1590 2372 Saracenorum
1606 2344 1702 2372 adver—

82 2403 130 2423 sus
147 2393 316 2423 Christianos
331 2394 446 2430 injurias
460 2395 546 2422 ultum
561 2397 634 2422 eant.
648 2392 778 2420 Plurimis
793 2397 883 2420 autem
895 2393 1076 2420 incommodis
1099 2393 1252 2420 adiciuntur
1273 2401 1289 2420 a
1308 2393 1363 2421 ﬁlio
1391 2392 1498 2420 Satanae
1516 2392 1609 2420 Alexio
1628 2391 1702 2419 Grae-

82 2449 176 2470 corum
196 2442 225 2469 in
241 2442 308 2470 urbe
323 2441 621 2477 Constantinopolitana
632 2448 704 2476 rege.
722 2440 771 2467 Hic
790 2440 888 2475 partim
902 2440 1022 2473 arcanis,
1038 2441 1138 2475 partim
1153 2441 1306 2469 manifestis
1323 2441 1430 2469 insndiis
1441 2460 1449 2473 ,
1463 2440 1605 2468 mortifero
1620 2441 1701 2467 etiarn

81 2490 142 2517 cibo
160 2490 357 2525 grassabatur:
379 2494 437 2517 tum
457 2489 541 2517 iidem
562 2489 632 2516 mari
652 2495 821 2522 suorumque
840 2487 952 2515 ducatui
976 2488 1096 2523 pessimo
1125 2489 1241 2517 artiﬁcio
1260 2489 1402 2517 commissi
1421 2488 1594 2524 signiﬁcabat
1612 2492 1702 2515 astute

82 2535 206 2564 barbaris
221 2543 274 2570 qua
288 2536 393 2563 ratione
407 2539 578 2570 caperentur.
593 2533 656 2561 llam
669 2533 800 2561 Dominus
821 2533 969 2568 aliquando
985 2533 1134 2561 ulciscatur
1147 2535 1153 2560 !
1170 2535 1304 2569 siquidem
1324 2534 1368 2562 hic
1382 2534 1464 2561 homo
1478 2534 1596 2568 itemque
1615 2537 1702 2561 mater

82 2583 142 2618 ejus
155 2604 163 2617 ,
185 2584 225 2611 uti
244 2591 278 2612 ex
300 2583 393 2612 multis
414 2583 580 2614 audivimus,
600 2581 758 2609 Christiano
775 2581 830 2608 ritu
847 2581 928 2609 alieni
944 2585 1032 2609 erant.
1051 2580 1078 2608 Id
1095 2582 1177 2608 etiam
1193 2582 1363 2610 Sarcavacus
1385 2582 1482 2609 doctor
1496 2583 1701 2607 commemorat.

116 2683 232 2713 Romani
253 2685 440 2721 Hierosolyma
459 2687 485 2714 vi
506 2686 650 2715 Saracenis
673 2687 793 2722 eripiunt
822 2687 900 2714 carsis
923 2686 1042 2713 hostium
1059 2687 1199 2722 sexaginta
1220 2687 1339 2722 quinque
1359 2686 1478 2714 millibus
1502 2687 1528 2713 in
1550 2686 1659 2721 templo.
1676 2690 1703 2713 et

83 2730 207 2767 pluribus
219 2731 309 2760 adhuc
328 2733 356 2760 in
374 2732 451 2760 urbe.
467 2732 598 2761 Dominus
617 2732 769 2762 Vahramus
790 2734 946 2761 versabatur
963 2732 1158 2768 Hierosolymis
1174 2733 1238 2761 dum
1255 2733 1320 2761 urbs
1337 2733 1493 2768 capiebatur
1505 2731 1571 2767 (96).

119 2840 173 2878 (95)
194 2839 294 2878 [Recole
308 2841 341 2868 ad
356 2849 400 2869 an.
416 2842 450 2870 10
464 2850 525 2870 :erae
538 2843 612 2870 Arm.
921 2844 1021 2878 ricope.
1043 2843 1117 2870 Latet
1136 2847 1224 2871 autem
1245 2845 1272 2870 in
1287 2843 1380 2870 cadem
1399 2842 1543 2875 mendum;
1561 2834 1622 2870 nam
1636 2842 1702 2870 Gre.

119 2876 173 2912 (96)
195 2876 370 2905 Desideratur
385 2877 413 2905 in
427 2879 576 2906 vetustiore
587 2878 735 2914 exemplari
750 2878 806 2905 haec
818 2885 863 2914 pc-
917 2876 997 2913 goras
1015 2878 1164 2907 Vahramus
1184 2883 1246 2906 ante
1262 2886 1348 2906 annos
1363 2886 1406 2906 ut
1422 2879 1476 2906 vita
1487 2881 1654 2909 excesserat.
