1911 3136
55 124 109 151 757
421 120 593 149 SAMUELIS
608 119 766 147 ANIENSIS
783 119 953 148 SUMMARII
971 119 1163 148 TEMPORUM
1177 119 1266 147 PARS
1284 121 1316 147 ΙΙ.
1626 124 1692 152 .758

68 197 1685 210 "—.———-————_——

555 248 649 268 OLYIP.
689 247 797 268 cunisrr
836 247 932 268 coner.
973 241 1063 276 Lena.
1134 247 1202 268 in:

1131 283 1195 303 ΑΒ..

847 309 924 351 βδιο-
975 309 1079 350 Grego-

845 352 925 385 ιρςιη-
999 353 1059 372 rtus

864 387 916 408 nes

547 440 1212 450 ____—._————_—__—

869 485 1113 515 CALOJOANNES
1124 485 1163 522 (l)
1178 485 1250 514 haud
1266 486 1362 521 paucis
1380 486 1460 515 annis
1473 487 1605 524 regnavit.

715 569 781 598 1121
893 569 906 604 1
1032 568 1050 604 β
1139 568 1191 604 568
1230 603 1243 604 η
1262 567 1519 604 ΕχειίηοιονΑιειίο
1543 573 1639 604 regnat
1659 568 1691 596 ti-

102 603 237 631 Praalium
250 606 329 645 atrox
343 602 534 645 Caraliroviti-
569 605 639 641 475
890 602 909 645 ἓ
1033 603 1050 645 7
1227 603 1283 645 lius
1298 604 1359 637 ejus
1374 603 1565 645 Calojoar'tnes.

65 647 143 671 cum,
163 647 219 674 quo
242 639 332 666 victus
347 643 389 666 est
412 638 533 666 Franco-
582 637 588 641 ”
601 637 608 640 ⁷
621 637 635 641 ⁷
714 639 785 667 1125

65 682 130 715 rum
141 680 173 715 _et
191 674 380 715 Armeniorum
396 675 533 715 exercitus

1033 638 1050 666 8
1139 639 1192 666 570
1264 637 1404 666 lberorum
1424 637 1472 666 rex
1488 638 1573 666 David
1595 638 1692 666 Elcha—

1228 673 1299 715 ziu'rn
1311 673 1495 715 et‘MelclLinm
1508 674 1585 702 clade
1600 674 1692 715 afﬁcit.

67 709 167 745 fraude
182 717 337 745 procerum.
352 709 430 736 Tunc
442 714 469 745 et
483 709 535 736 Ιίοη
713 709 784 745 1125
893 707 910 745 ξ
1016 709 1051 745 1ο
1139 708 1192 745 572
1264 709 1350 738 David
1365 717 1414 737 rex
1427 708 1557 737 Tellisum
1573 710 1656 745 capit.

65 744 162 781 gerius
182 742 349 781 'Antiocliiae
371 744 534 781 praefectus
570 746 641 781 1,16
714 743 783 772 1126
891 742 908 770 6
1015 744 1047 772 11
1139 744 1192 772 575

66 779 157 841 multo
178 787 240 807 cum
260 780 344 807 milite
362 779 535 807 desideratus

66 821 98 841 es
114 835 120 841 .

66 821 120 842 εει.

105 905 309 938 lnoursionum,
333 905 502 940 rapinarum,
519 904 663 932 exitiorum
686 907 713 932 et
735 903 864 936 cladium,
884 904 985 939 quibus
1005 904 1075 932 lberi
1091 904 1214 932 certatim
1235 903 1419 938 Saracenique
1438 904 1606 939 provinciam
1619 905 1695 933 Anias

66 951 216 983 vexabant.
232 951 338 986 pertaesi
354 951 474 986 denique
485 950 560 977 Anim
572 950 648 977 urbis
661 950 829 985 Siraciaeque
848 950 969 985 regionis
984 950 1091 984 incolae,
1105 953 1135 978 ut
1152 950 1222 977 hanc
1238 957 1254 976 a
1271 958 1300 978 se
1311 950 1458 985 procellam
1470 949 1646 985 depellerem,
1661 951 1695 978 ad

69 990 183 1024 Davidis
199 995 338 1023 lberorum
358 996 430 1030 regis
455 995 610 1022 clientelam
626 994 774 1030 confugere
796 995 986 1023 decreverunt.
1014 994 1098 1030 Igitur
1113 995 1286 1029 conjuratum
1310 999 1351 1023 est
1368 995 1499 1023 adversus
1514 995 1696 1030 Apelsuarum

69 1042 200 1075 amiram,
212 1041 349 1073 ,Manuciei
368 1042 463 1074 ﬁlium,
481 1041 527 1077 qui
546 1041 682 1069 exstincto
695 1041 765 1076 patri
780 1041 808 1068 in
825 1040 901 1068 Anim
920 1041 1090 1068 dominatum
1108 1045 1300 1075 successerat;
1323 1040 1407 1068 David
1424 1045 1514 1069 autem
1534 1049 1581 1068 rex
1600 1047 1696 1076 paten-

70 1089 144 1116 tibus
169 1089 254 1124 portis
277 1088 304 1116 in
324 1089 419 1116 urbem
436 1092 582 1125 receptus:
601 1096 655 1124 quo
679 1089 719 1116 sic
733 1092 843 1123 repente
863 1088 1041 1124 int-regresso,
1068 1096 1148 1116 nemo
1169 1089 1232 1116 vitze
1257 1089 1450 1116 detrimentum
1474 1097 1573 1124 passus
1593 1093 1644 1117 est.
1671 1089 1696 1117 is

68 1139 181 1170 captum
196 1142 258 1161 cum
281 1134 342 1162 ﬁliis
358 1135 539 1169 Apelsuarum
557 1135 585 1162 in
601 1134 714 1162 lberiam
729 1142 822 1162 secum
841 1134 942 1167 avexit,
958 1134 1073 1169 locoque
1092 1134 1160 1170 adeo
1176 1135 1313 1170 pestilenti
1330 1135 1467 1170 deposuit,
1483 1140 1514 1162 ut
1528 1135 1603 1163 brevi
1620 1139 1697 1170 pater

69 1187 132 1208 cum
149 1180 242 1208 liberis
258 1180 364 1208 duobus
377 1181 497 1215 perierit.
517 1180 627 1208 Interim
657 1187 719 1208 cum
741 1179 819 1207 fortis
834 1187 942 1216 quoque
959 1179 1044 1207 David
1059 1185 1164 1207 natura:
1181 1180 1375 1212 concessisset,
1391 1180 1484 1208 lberiae
1499 1188 1611 1216 regnum
1629 1181 1697 1208 adiit

69 1227 224 1255 Demetrius
240 1227 362 1262 ejusdem
378 1228 459 1262 ﬁlius,
474 1229 548 1255 omni
568 1228 648 1256 laude
664 1228 795 1263 juvenilis
809 1227 962 1263 disciplina
977 1228 1223 1256 cumulatissimus.
1239 1227 1309 1255 'l‘um
1332 1235 1397 1255 vero
1413 1227 1564 1255 Phatlunus
1578 1228 1696 1254 ﬁliorum

68 1276 213 1311 Apelsuari
225 1279 290 1302 natu
304 1275 452 1305 maximuS.
467 1276 514 1311 qui
531 1276 625 1303 tandiu
639 1275 709 1311 apud
723 1283 849 1310 magnum
865 1276 979 1303 amiram
998 1276 1026 1302 in
1042 1275 1210 1303 Chorasania
1228 1275 1432 1308 diversabatur,
1449 1275 1556 1310 cognita
1574 1275 1697 1309 parentis

69 1322 226 1349 calamitate
239 1322 421 1357 stationisque
443 1322 524 1349 noxia
542 1325 651 1354 natura,
668 1322 695 1348 in
714 1322 838 1356 regiones
859 1327 969 1349 nostras
988 1321 1136 1349 maturavit
1157 1321 1309 1353 incurrere,
1324 1322 1513 1357 praefectisque
1531 1322 1697 1350 suburbanis

69 1369 196 1401 devictis,
211 1369 382 1404 metropolim
398 1369 540 1398 obsidione
558 1369 677 1397 vallavit.
706 1368 782 1396 Saeva
802 1368 902 1396 dehinc
918 1368 1004 1397 fames
1025 1376 1126 1395 annum
1143 1369 1279 1404 integrum
1304 1368 1467 1404 occupavit:
1484 1376 1600 1404 cumque
1623 1370 1696 1398 cives

69 1415 105 1442 ad
117 1415 331 1450 comparandam
344 1422 434 1443 escam
448 1419 532 1443 noctu
547 1415 751 1450 egrederentur,
767 1413 880 1441 structis
892 1413 1001 1442 insidiis
1015 1414 1102 1442 hostis
1117 1414 1191 1442 viros
1206 1413 1316 1449 quidem
1332 1413 1487 1449 jugulabat,
1501 1414 1538 1441 ita
1556 1419 1585 1441 ut
1597 1422 1697 1442 cruore

69 1465 97 1489 et
115 1462 227 1489 ossibus
247 1465 321 1489 terra
343 1462 490 1498 squaleret,
514 1461 630 1490 feminas
649 1466 740 1490 autem
760 1470 914 1497 puerosque
934 1462 1078 1490 vendebat.
1105 1461 1160 1490 Sed
1188 1466 1278 1490 tamen
1297 1461 1445 1489 identidem
1456 1469 1490 1489 ex
1506 1462 1592 1489 Iberia
1612 1462 1696 1491 duces

70 1507 185 1535 aderant
200 1508 252 1535 viri
267 1509 379 1545 egregii,
395 1513 425 1536 ut
439 1509 485 1537 ille
502 1510 593 1537 clarus
605 1517 637 1537 ac
652 1514 781 1538 strenuus
796 1509 891 1538 lvanes
901 1509 1030 1537 Abuletbi
1045 1510 1118 1537 ﬁlius
1131 1509 1178 1545 qui
1195 1509 1259 1536 forti
1272 1510 1366 1537 animo
1385 1509 1542 1537 incurseres
1556 1509 1695 1537 caedebat:

71 1561 192 1588 cumque
210 1553 361 1582 Phatlunus
380 1561 477 1589 magna
491 1555 517 1581 vi
538 1555 631 1582 urbem
651 1554 852 1590 aggrederetur.
869 1554 927 1589 ipse
941 1554 1036 1589 paucis
1050 1554 1178 1590 stipatus,
1194 1554 1386 1589 adjuvantibus
1404 1554 1521 1587 civibus,
1534 1554 1630 1582 urbem
1650 1563 1698 1590 pe-

71 1601 159 1629 riculo
176 1601 323 1637 expedivit.
339 1602 432 1637 Neque
451 1609 516 1629 vero
536 1602 706 1630 reticendum
726 1606 766 1630 est
783 1601 890 1630 femina:
909 1602 1052 1637 cujusdam
1068 1602 1094 1629 in
1110 1610 1143 1629 eo
1164 1603 1314 1629 certamine
1327 1602 1405 1629 virile
1419 1601 1537 1636 facinus,
1552 1610 1613 1638 quae
1630 1603 1697 1630 satis

71 1649 203 1677 audacter
222 1650 359 1678 mtenibus
375 1650 506 1678 insistens
530 1650 650 1685 lapidum
666 1650 768 1678 ictibus
785 1650 880 1678 hostes
898 1650 1026 1685 pellebat,
1043 1650 1151 1684 sagittis
1169 1649 1270 1685 quibus
1286 1649 1458 1677 extrinsecus
1475 1650 1618 1684 petebatur
1631 1657 1697 1677 con-

71 1696 193 1731 temptis.
206 1696 323 1724 Feminae
337 1705 435 1725 nomen
451 1697 565 1733 Caprea,
581 1697 654 1733 quod
677 1698 738 1733 ejus
753 1701 812 1725 erat
832 1698 988 1732 pernicitati
1005 1701 1232 1725 consentaneum.
1247 1696 1443 1725 Verumtamen
1460 1705 1544 1732 regno
1556 1697 1696 1725 lberorum

71 1743 194 1770 nondum
213 1743 241 1770 in
259 1751 291 1771 ea
305 1744 372 1772 urbe
386 1745 453 1773 satis
469 1744 641 1778 conﬁrmato,
657 1744 730 1773 fame
744 1752 777 1773 ac
791 1745 911 1773 caedibus
929 1746 956 1772 in
970 1746 1028 1773 dies
1048 1745 1234 1777 saevientibus,
1250 1748 1386 1780 coguntur
1403 1745 1476 1772 cives
1495 1745 1589 1772 urbem
1606 1745 1697 1772 denuo

72 1789 106 1815 ad
120 1788 249 1816 Phatluni
262 1793 423 1824 potestatem
437 1791 600 1823 transferre,
619 1791 672 1818 ﬁde
684 1791 775 1826 jurata
789 1791 824 1819 ab
841 1791 937 1819 eodem
951 1795 1073 1826 accepta,
1093 1791 1192 1826 nequid
1210 1794 1306 1818 contra
1321 1791 1407 1825 patris
1422 1790 1590 1825 fratrumque
1604 1791 1697 1826 prodi-

70 1838 148 1862 tores
164 1838 305 1863 statueret.
320 1836 349 1863 ld
362 1837 406 1864 ille
428 1836 517 1865 foedus
531 1837 583 1864 etsi
600 1836 628 1864 in
645 1838 774 1872 praesenti
791 1845 847 1864 non
866 1837 1039 1870 detrectavit,
1054 1837 1235 1864 nihilominus
1255 1836 1360 1872 pacatis
1374 1836 1466 1868 rebus,
1484 1844 1531 1864 eos
1544 1838 1619 1865 vario
1642 1838 1697 1865 cri-

72 1882 254 1910 minationum
278 1891 377 1918 genere
392 1891 536 1920 aggressus
553 1889 594 1912 est
617 1888 700 1920 atque
715 1884 848 1912 multavit.
866 1885 904 1913 Eo
937 1888 1069 1920 regnante
1086 1892 1101 1912 a
1115 1885 1254 1912 consuetis
1270 1884 1379 1919 quidem
1396 1884 1601 1913 incursionibus
1617 1887 1697 1920 quies

72 1929 102 1955 in
117 1929 247 1957 Armenia
268 1929 329 1963 fuit,
346 1930 393 1958 sed
411 1934 470 1958 tum
485 1931 622 1966 praeterita
633 1931 743 1960 damna.
764 1935 822 1959 tum
836 1931 1010 1967 vectigalium
1032 1931 1246 1967 rapinarumque
1266 1932 1308 1958 vis
1329 1938 1464 1958 summam
1481 1931 1553 1966 apud
1573 1939 1623 1958 nos
1634 1939 1698 1967 ege-

73 1980 173 2004 statem
187 1984 334 2012 rerumque
350 1977 472 2004 omnium
491 1978 634 2013 penuriam
649 1978 808 2012 eﬂecerunt,
823 1987 883 2015 quae
898 1979 1008 2014 quidem
1026 1979 1060 2006 ab
1073 1985 1105 2006 ea
1119 1985 1205 2013 usque
1217 1981 1296 2005 actate
1309 1977 1485 2005 incrementis
1498 1981 1577 2005 aucta
1595 1978 1697 2006 nostris

73 2023 164 2050 adhuc
177 2023 345 2058 temporibus
359 2028 524 2058 perseverat.

110 2070 145 2096 At
161 2070 234 2097 enim
250 2075 361 2098 sanctus
375 2069 529 2105 patriarcha
543 2071 660 2108 ﬁdeique
681 2072 796 2100 antistes
809 2071 937 2100 dominus
950 2070 1107 2107 Gregorius,
1122 2070 1187 2106 quia
1206 2069 1295 2097 foedus
1307 2069 1451 2097 amicabile
1465 2077 1526 2097 cum
1545 2069 1698 2105 Apelsuaro

75 2116 188 2149 fecerat,
200 2123 254 2152 quo
268 2116 346 2144 sedes
362 2116 397 2144 ab
409 2124 442 2146 eo
454 2121 651 2154 protegeretur,
665 2118 759 2146 audita
772 2118 800 2146 in
813 2119 887 2146 hunc
898 2117 1058 2145 Aniensium
1072 2116 1286 2151 conspiratione,
1300 2116 1423 2143 criminis
1442 2116 1601 2144 auctoribus
1616 2116 1697 2144 vehe-

75 2166 182 2191 menter
197 2163 353 2193 succensuit
368 2163 417 2200 (2).

718 2252 789 2280 1127
899 2254 915 2280 7
1021 2252 1056 2280 12
1145 2252 1198 2279 571

718 2288 789 2315 1128
896 2289 913 2316 8
1020 2289 1055 2315 15
1144 2288 1198 2315 575

719 2322 788 2350 1129
896 2324 913 2350 9
1020 2323 1054 2350 M
1144 2322 1198 2350 576

96 2356 126 2383 ln
139 2355 253 2394 Halbata
262 2357 542 2394 obiitinChristoma-
576 2359 647 2394 477
719 2358 789 2394 1150
878 2359 913 2386 10
1018 2359 1053 2386 15
1143 2357 1196 2394 577
1250 2357 1404 2387 Demetrius
1419 2359 1694 2394 rex-Charasgurum.

77 2391 542 2435 gitusdoctorArmenioruniJoan-
588 2391 595 2394 ”
608 2391 614 2394 ”
632 2391 638 2394 ⁷
719 2393 786 2420 1151
879 2394 910 2421 11
1019 2394 1052 2420 16
1142 2393 1195 2421 578
1232 2394 1278 2429 qui
1293 2402 1322 2422 se
1339 2395 1440 2435 inarce
1457 2391 1697 2435 A‘thabegiﬁmulto

77 2434 127 2453 nes
140 2432 319 2462 cognomento
332 2427 513 2456 Sarcavacus.
1231 2427 1293 2456 cum
1319 2430 1406 2456 milite
1433 2427 1606 2457 concluserat
1616 2449 1623 2460 ,
1650 2437 1697 2456 ex-

113 2460 303 2497 Redemptoris
310 2463 381 2492 aedes
390 2471 469 2491 sacra
480 2471 541 2491 cor-
720 2462 790 2490 1152
879 2464 913 2491 12
1019 2463 1055 2490 17
1143 2464 1195 2492 579
1232 2464 1372 2497 pugnavit.
1385 2464 1485 2492 Eodem
1501 2472 1572 2491 anno
1595 2464 1696 2491 Ahule-

113 2472 303 2497 neuemptons
310 2472 381 2492 :eues
390 2472 469 2491 sacra
480 2472 541 2491 cor-
720 2472 790 2490 nox
879 2472 913 2491 η
1019 2472 1031 2490 1
1044 2472 1054 2490 l
1143 2472 1195 2492 om
1232 2472 1372 2499 pugnavit.
1385 2472 1485 2492 nouem
1501 2472 1572 2491 anno
1595 2472 1695 2491 Abute-

78 2497 133 2537 ruit
148 2497 224 2540 inite
238 2498 282 2538 die
296 2506 355 2540 xvii
366 2499 469 2527 mensis
487 2498 544 2526 Ma-
721 2498 791 2526 1155
879 2499 914 2527 15
1023 2498 1056 2526 18
1144 2499 1197 2528 580
1234 2500 1296 2526 thus
1308 2503 1334 2527 et
1347 2499 1441 2540 lvanes
1453 2499 1695 2540 _ﬁliu5_l)amaniam

78 2531 133 2559 reri
150 2532 187 2567 (5)
201 2531 268 2560 feria
282 2534 387 2569 quinta.
1233 2539 1373 2569 ceperunt.
1403 2535 1503 2562 Eodem
1529 2535 1592 2562 item
1626 2541 1696 2559 anno

1233 2568 1417 2611 lvanes‘atque
1429 2570 1574 2597 Scrnbatus
1590 2568 1697 2597 Chunu-

112 2636 170 2680 Iloc
190 2638 539 2680 annp‘obiit_clarissimus
574 2640 645 2676 478
719 2641 789 2669 1154

1022 2639 1054 2667 19
1144 2641 1192 2668 581
1232 2609 1463 2680 ωἳθὶῗὲΐῖιῇιευυδηξξι
1478 2639 1577 2680 praelia
1589 2639 1693 2679 exstin-

78 2671 175 2700 doctor
190 2672 274 2701 David
284 2673 373 2701 Alucii
386 2674 467 2702 illius.
587 2671 594 2675 ’
607 2671 613 2676 ’
626 2671 642 2674 “
1231 2676 1324 2712 guitur
1338 2683 1409 2712 anno
1422 2671 1497 2712 regni
1510 2675 1640 2712 septimo:
1658 2673 1697 2701 ei-

1230 2709 1284 2747 que
1300 2711 1422 2739 succedit
1433 2709 1589 2737 Mahrnutus
1599 2709 1695 2737 frater.

112 2806 150 2844 (1)
166 2806 217 2844 ᾖξε
234 2809 277 2834 est
291 2813 409 2844 scannes
424 2806 626 2844 l._Comnenus.
678 2802 714 2844 __°
804 2842 811 2844 _
913 2807 946 2835 ab
962 2809 1172 2844 amanuensibus
1185 2809 1286 2840 addita,
1298 2817 1358 2844 quie
1375 2816 1425 2836 nos
1436 2808 1520 2836 missa
1533 2809 1648 2838 fecimus

112 2842 151 2878 (2)
171 2841 221 2870 Hic
243 2842 426 2877 sequebantur
449 2842 476 2869 in
496 2842 575 2869 codd.
602 2841 715 2871 moralia
735 2842 859 2878 quaedam
949 2843 987 2878 ('5)
1002 2843 1058 2872 Hoc
1074 2851 1145 2872 anno
1159 2841 1340 2879 incidebat—in
1354 2844 1529 2872 Decembrem.
