1911 3136
186 127 239 156 765
691 123 736 151 ΔΙ)
753 122 887 152 EUSEBII
906 121 1103 151 CHBONICON
1121 120 1302 149 APPENDIX.
1760 121 1810 151 7.51

192 201 946 219 mm

1041 200 1795 219 Μ

1083 208 1409 220 ,________.

894 291 928 320 Μ
929 289 984 320 ΟΝ
987 289 1004 319 Ι
1006 288 1103 319 TUM.

224 389 298 428 Quae
311 393 484 429 sequuntur
498 388 649 428 opuscula
661 387 882 426 chronologiea
896 392 924 415 et
935 385 1146 416 astronomica
1155 393 1224 415 cum
1235 383 1321 424 apud
1337 383 1477 413 eruditos
1490 382 1625 422 plurimi
1636 381 1773 417 valeant,
1787 385 1813 411 et

188 441 229 472 iis
244 440 334 480 quasi
349 440 550 478 fundamento
566 439 712 468 nitantur
731 437 914 476 chronologi
933 435 1110 467 Christiani
1124 439 1251 471 ueteres,
1274 434 1364 464 nobis
1383 432 1560 472 faciendum
1580 433 1764 472 putavimus
1780 436 1814 461 ut

187 499 223 520 ea
234 487 618 523 recuderemus,~studioso
637 487 760 516 Lectori
776 489 934 524 acceptam
953 485 1022 524 fore
1044 482 1231 523 conﬁdentes
1257 483 1336 513 hanc
1350 481 1392 512 ad
1417 480 1546 512 Eusebii
1557 480 1702 512 Canones
1725 481 1798 511 chro

184 540 273 571 uicos
287 549 352 570 non
362 538 573 580 paenitendum
589 538 780 568 mantissam.
795 538 886 567 Εῡιτ.

567 720 916 782 VETERUM
961 721 1040 778 SC
1051 720 1422 778 RIPTORUM

907 847 1112 879 OPUSCULA

463 947 933 998 CHRONOLOGICA
967 948 1044 994 ET
1079 947 1529 994 ASTRONOMICA.

194 638 1184 651 _________________—_

641 1149 865 1181 DIONYSIUS
880 1148 1089 1180 PETAVIUS
1107 1149 1296 1181 LECTORI
1307 1146 1360 1189 (a).

223 1241 298 1270 Inter
310 1246 430 1269 auctores
445 1241 518 1276 infra
535 1241 618 1269 editos
630 1242 731 1276 primus
745 1247 783 1268 est
793 1241 928 1273 Geminus.
947 1243 992 1278 qui
1004 1232 1064 1270 ante
1079 1251 1164 1270 annos
1177 1243 1290 1277 amplius
1302 1242 1480 1278 quadraginta
1494 1241 1699 1276 prodiit,Grtzce
1711 1240 1820 1269 Latine-

186 1299 235 1326 que
249 1291 281 1318 ab
295 1290 385 1318 Edone
405 1289 557 1321 llilderico;
576 1291 688 1324 scriptor
709 1290 831 1317 eruditus
848 1295 872 1318 et
888 1291 1022 1325 antiquus.
1044 1290 1117 1317 Vixit
1139 1291 1208 1318 enim
1229 1291 1311 1318 Sullm
1334 1299 1364 1318 ac
1380 1289 1513 1317 Ciceronis
1538 1289 1655 1319 sa'culo,
1682 1293 1713 1315 ut
1732 1296 1766 1315 ea;
1787 1288 1820 1315 iis

186 1342 290 1365 constat
305 1346 362 1373 qua!
379 1337 413 1364 ad
425 1345 484 1372 pag.
499 1337 531 1365 19
549 1338 575 1364 in
593 1338 661 1364 notis
677 1337 854 1365 observamus.
875 1337 970 1364 Patria
991 1337 1124 1364 Rhodium
1141 1338 1222 1372 fuisse
1235 1339 1304 1364 inter
1316 1346 1405 1365 omnes
1421 1336 1550 1364 convenit.
1565 1337 1617 1363 Sed
1637 1335 1740 1366 Romm.
1754 1340 1779 1362 et
1792 1335 1820 1361 in

188 1382 270 1411 Italia
283 1385 389 1414 vixisse.
404 1392 455 1410 non
468 1383 529 1410 levis
549 1387 588 1410 est
604 1383 766 1417 conjectura,
787 1383 873 1418 ibique
890 1383 1109 1410 commentarium
1123 1383 1190 1410 hunc
1207 1384 1355 1418 scripsisse,
1370 1388 1399 1410 ut
1420 1384 1445 1409 in
1463 1383 1556 1410 iisdem
1573 1383 1682 1409 scholiis
1706 1381 1822 1408 adnota-

186 1431 279 1458 vimus.
296 1432 333 1458 Ac
352 1429 390 1457 vel
407 1430 510 1456 nomine
527 1430 583 1463 ipso
599 1429 705 1456 Gemini
723 1429 789 1456 satis
800 1429 848 1455 hoc
866 1429 1007 1461 evincitur,
1020 1428 1177 1456 Latinorum
1194 1438 1243 1456 usu
1258 1434 1282 1456 et
1300 1430 1456 1456 commercio
1472 1429 1636 1463 implicatum
1651 1437 1709 1455 esse
1733 1427 1821 1455 hami--

187 1485 264 1508 nem;
278 1485 308 1503 ac
324 1475 444 1503 libertum
461 1475 563 1510 fortean
575 1494 583 1506 ,
604 1479 650 1501 aut
667 1474 787 1501 clientem
810 1475 927 1508 alicujus
946 1474 1028 1508 fuisse
1044 1474 1167 1508 familias,
1183 1474 1225 1501 cui
1250 1474 1383 1509 peculiare
1402 1481 1543 1507 cognomen
1575 1473 1602 1499 id
1623 1477 1682 1499 erat
1695 1492 1703 1504 ,
1730 1480 1822 1506 nempe

188 1525 370 1552 Serviliorum.
399 1523 509 1550 Proclus
537 1523 565 1549 in
586 1522 791 1550 Commentariis
813 1522 847 1548 ad
870 1523 972 1557 priores
988 1522 1107 1548 Euclidis
1132 1522 1212 1550 libros
1239 1531 1290 1549 non
1314 1522 1394 1549 semel
1410 1521 1546 1549 Geminum
1564 1521 1675 1553 laudat.
1701 1529 1779 1555 quem
1798 1524 1823 1548 et

187 1569 300 1605 Γεμῖνον
328 1575 450 1604 perpetuo
468 1569 586 1596 nominat
600 1588 607 1599 .
633 1568 805 1602 circuntﬂexd
827 1568 994 1603 penultima:
1016 1565 1182 1604 indidemque
1199 1568 1353 1603 colligitur,
1377 1570 1498 1603 qumdam
1516 1568 1593 1595 illum
1617 1567 1648 1595 de
1675 1569 1823 1603 geometria

188 1615 333 1648 scripsisse.
347 1615 429 1649 Cujus
444 1615 519 1650 ﬁdem
537 1615 600 1649 facit
616 1614 752 1648 catalogus
765 1613 906 1648 librorum,
917 1615 962 1650 qui
977 1623 1010 1642 ex
1026 1614 1192 1641 Barocciana
1209 1615 1364 1642 bibliotheca
1380 1623 1462 1648 nuper
1474 1615 1500 1641 in
1514 1615 1638 1648 Angliam
1653 1615 1739 1641 averti
1748 1619 1822 1645 sunt.

187 1667 251 1693 quos
264 1660 332 1686 inter
347 1659 449 1687 Gemini
463 1660 528 1688 liber
541 1667 628 1690 exstat
644 1663 759 1690 nondum
774 1663 871 1690 editus.
892 1663 943 1691 Sed
964 1668 988 1691 et
1004 1663 1095 1691 Procli
1111 1663 1222 1699 Sphazra
1235 1664 1303 1691 nihil
1321 1663 1396 1690 aliud
1413 1667 1452 1691 csl
1466 1668 1562 1698 prteter
1576 1662 1703 1698 lsagoges
1718 1661 1823 1689 Gemini

189 1709 280 1743 capita
294 1709 426 1743 qua'dam,
444 1710 513 1744 quod
526 1720 573 1738 suo
589 1711 645 1739 loco
663 1712 869 1738 declaravimus.

223 1753 312 1788 Hujus
325 1763 372 1782 nos
387 1757 534 1783 testimonio
552 1758 689 1791 scriptoris
705 1764 772 1790 sirpe
790 1765 821 1783 ac
837 1756 947 1784 libenter
958 1756 1002 1783 usi
1016 1765 1107 1784 sumus
1123 1757 1150 1783 in
1165 1756 1206 1783 his
1218 1764 1276 1791 qua:
1291 1757 1325 1783 ad
1346 1764 1443 1783 annum
1465 1755 1574 1783 Gra'cim
1588 1756 1680 1783 veteris
1695 1760 1721 1782 et
1736 1755 1815 1790 digu-

187 1800 302 1834 ptiacum
319 1806 446 1835 spectant.
463 1802 534 1830 Nam
549 1804 580 1831 de
595 1805 681 1837 priore
697 1805 743 1831 illo
759 1813 834 1832 nemo
851 1810 907 1836 est,
930 1806 975 1840 qui
989 1805 1145 1839 diligentius
1159 1804 1359 1839 expressiusque
1378 1805 1455 1831 verba
1482 1804 1571 1838 fecerit
1585 1824 1592 1834 ,
1617 1803 1745 1838 cujusque
1762 1811 1822 1837 pro-

187 1850 244 1879 pter
262 1847 444 1882 antiquitatem
459 1854 483 1875 et
502 1850 674 1877 eruditionem
687 1852 755 1877 ratio
769 1851 856 1885 major
879 1851 970 1878 haberi
981 1852 1084 1877 debeat.
1102 1850 1185 1883 Quem
1198 1850 1221 1876 si
1233 1849 1261 1876 in
1274 1849 1412 1876 consilium
1429 1849 1591 1876 adhibuisset
1611 1839 1731 1883 Scaliger
1741 1869 1748 1879 ,
1776 1852 1822 1874 aut

188 1893 212 1919 si
228 1901 287 1919 eum
299 1894 424 1920 attentius
438 1894 552 1929 legisset,
570 1904 650 1931 neque
672 1897 876 1931 pra’judicatam
896 1895 971 1922 illam
986 1903 1062 1922 suam
1077 1895 1108 1921 de
1126 1903 1195 1921 anno
1213 1893 1303 1921 erco
1322 1893 1456 1929 πρόληψιν
1480 1893 1515 1920 ad
1532 1894 1605 1920 illius
1633 1893 1822 1920 tractationem

188 1938 329 1970 attulisset.
343 1947 393 1966 non
416 1941 464 1967 illa
479 1941 552 1968 nobis
579 1943 643 1969 anni
657 1941 744 1969 Graeci
774 1946 798 1969 et
821 1942 905 1968 Attici
928 1946 1074 1968 commenta
1093 1941 1253 1976 peperisset,
1270 1948 1328 1975 qua:
1347 1945 1372 1967 et
1400 1939 1593 1966 absurdissima
1614 1944 1674 1965 sunt
1696 1944 1723 1966 et
1739 1939 1820 1965 unius

187 1990 283 2020 pra'ter
298 1991 405 2014 cwteros
423 1987 524 2014 Gemini
537 1990 694 2016 auctoritate
708 1989 876 2020 refelluntur.
898 1988 974 2015 Iinnc
988 1989 1068 2023 igitur
1081 1997 1140 2014 cum
1156 1987 1256 2014 Latina
1274 1987 1488 2021 interpretatione
1504 1985 1583 2013 reteri
1595 1985 1682 2020 primo
1697 1985 1756 2012 loco
1772 1993 1822 2018 po-

188 2034 289 2062 suimus
299 2055 307 2066 ,
321 2045 373 2071 qua
388 2037 504 2071 profecto
517 2037 650 2064 meliorem
664 2036 901 2071 elegantioremque
913 2035 1061 2062 merebatur
1075 2044 1085 2062 :
1105 2039 1130 2062 et
1150 2039 1207 2062 erat
1229 2035 1333 2061 animus
1352 2041 1444 2060 novam
1463 2032 1579 2068 aggredi.
1597 2031 1648 2058 nisi
1662 2032 1687 2057 in
1703 2031 1822 2065 Hippar-

188 2082 264 2109 chum
278 2087 303 2110 et
318 2084 396 2114 alios.
410 2085 454 2118 qui
466 2084 566 2110 nullam
579 2083 710 2110 habebant
723 2084 839 2116 omnino,
855 2083 883 2109 id
902 2091 985 2117 opera:
997 2083 1114 2112 conferre
1125 2083 1210 2109 satius
1223 2090 1278 2109 esse
1287 2081 1461 2116 judicassem.
1474 2079 1566 2106 Gra'ca
1578 2086 1637 2105 vero
1654 2078 1689 2104 ad
1705 2083 1821 2104 ceterum

188 2128 427 2162 manuscriptorum
443 2128 520 2162 ﬁdem
539 2133 628 2155 exacte
645 2129 835 2163 castigavinms
850 2136 858 2155 :
875 2136 888 2155 e
902 2128 997 2163 quibus
1013 2135 1093 2154 unum
1119 2135 1195 2161 penes
1211 2136 1258 2154 nos
1275 2127 1434 2153 habebamus
1450 2124 1520 2151 haud
1536 2124 1599 2150 adeo
1614 2129 1725 2151 veterem
1738 2146 1745 2155 ,
1776 2123 1822 2150 sed

189 2179 342 2200 accuratum
358 2182 388 2199 ac
408 2175 535 2208 scriptum
554 2174 682 2207 imprimis
710 2174 854 2208 eleganter.
878 2173 953 2199 Alter
976 2174 1003 2199 in
1025 2173 1169 2200 Oxoniensi
1194 2173 1349 2199 bibliotheca
1374 2173 1522 2206 reperitur,
1544 2179 1654 2205 quocum
1679 2170 1822 2198 editionem

192 2217 321 2244 Ililderici
336 2216 473 2251 diligenter
492 2217 602 2244 contulit
621 2217 750 2244 Henricus
767 2217 901 2252 Briggius,
918 2217 1078 2245 Oxoniensis
1102 2218 1321 2249 mathematicus;
1339 2226 1355 2244 a
1369 2226 1420 2252 quo
1435 2218 1462 2244 id
1477 2227 1532 2245 meo
1548 2218 1652 2245 nomine
1667 2219 1820 2252 postularat

189 2264 276 2291 Lucas
294 2263 446 2291 liolstenius
463 2263 683 2298 Hamburgcnsis,
709 2265 749 2291 vir
761 2264 970 2295 eruditissimus.
981 2265 1065 2299 quiin
1081 2265 1180 2292 illustr.
1205 2265 1307 2291 cardin.
1336 2265 1474 2292 Barberini
1490 2267 1616 2292 comitatu
1633 2265 1724 2293 Bonna:
1744 2268 1822 2295 hodie

189 2313 262 2340 vivit.
279 2312 420 2345 Utriusque
434 2319 479 2345 ope
493 2321 525 2338 ac
542 2312 665 2346 bene/icio
684 2313 818 2339 variarum
831 2313 970 2339 lectionum
992 2313 1136 2340 indiculum
1152 2314 1315 2347 accepimus,
1329 2322 1394 2348 quas
1411 2314 1502 2348 paucis
1526 2314 1639 2348 exceptis
1656 2315 1768 2342 totidem
1792 2316 1820 2342 in

189 2363 281 2386 nostro
294 2358 381 2385 codice
395 2357 618 2391 deprehendimus.
638 2357 816 2390 Quamobrem
830 2358 956 2394 quidquid
972 2359 999 2386 in
1016 2367 1081 2385 nova
1100 2359 1148 2385 hac
1169 2359 1281 2386 editione
1299 2358 1400 2386 Gemini
1414 2359 1493 2386 aliter
1508 2365 1586 2395 atque
1602 2360 1629 2387 in
1647 2362 1746 2395 priore.
1762 2366 1821 2388 stu-

190 2406 263 2433 diose
277 2405 370 2433 Lector
380 2425 387 2436 .
403 2405 552 2439 offenderis,
569 2406 597 2431 id
608 2413 640 2432 ex
655 2406 792 2433 amborum
806 2407 969 2434 auctoritate
981 2411 1005 2433 et
1021 2415 1147 2434 consensu
1164 2407 1334 2433 immutatum
1350 2415 1404 2434 esse
1418 2408 1498 2434 scias.
1515 2406 1570 2434 Nec
1585 2415 1679 2440 pauca
1693 2416 1754 2435 vero
1772 2408 1821 2434 illa

190 2455 262 2482 sunt,
280 2458 359 2484 neque
374 2450 454 2482 levia,
471 2455 510 2481 ut,
526 2451 569 2484 qui
585 2450 675 2477 ambas
688 2451 788 2486 legerit,
801 2457 935 2487 agnoscet.

227 2495 292 2522 Post
310 2494 446 2521 Geminum
473 2495 609 2522 Ptolema'i
627 2495 691 2522 liber
707 2497 823 2531 sequitur
838 2517 845 2529 ,
869 2498 914 2532 qui
931 2497 981 2524 Φάε

1067 2497 1175 2523 πλανῶν
1190 2497 1380 2532 ἐπισημασιῶν
1399 2498 1426 2524 in
1441 2498 1548 2533 antiquo
1563 2499 1651 2525 codice
1676 2498 1819 2532 inscriptus

190 2542 285 2578 tegitur
297 2560 305 2572 ,
324 2542 422 2578 uti‘nos
436 2541 576 2568 edidimus.
594 2541 678 2576 Ilujus
692 2543 765 2570 nobis
783 2545 888 2578 copiam
903 2545 1005 2572 amicus
1021 2545 1128 2579 quidam
1143 2545 1220 2578 fecit,
1245 2545 1289 2579 qui
1302 2553 1334 2571 e1:
1356 2546 1463 2580 antiquo
1482 2546 1570 2572 codice
1589 2554 1647 2572 eum
1668 2546 1818 2581 descripse-

189 2593 242 2614 rat.
261 2587 436 2622 Eumdemque
447 2592 504 2622 post
515 2588 659 2615 invenimus
674 2589 701 2615 in
715 2589 794 2625 Regia
809 2590 984 2622 bibliotheca;
1008 2595 1032 2617 et
1054 2599 1070 2618 a
1089 2591 1123 2618 cl.
1145 2591 1176 2618 V.
1195 2591 1229 2618 ι).
1245 2590 1361 2618 Nicolao
1383 2591 1498 2627 Rigaltio
1512 2593 1637 2619 utendum
1650 2594 1820 2627 accepimus,

189 2641 222 2660 ca:
235 2641 284 2668 quo
298 2634 377 2660 etiam
391 2641 442 2660 nou
457 2641 542 2666 pauca
553 2635 748 2668 castigaivimus.
765 2635 801 2662 De
810 2635 888 2670 hujus
901 2642 1006 2664 auclore
1018 2636 1080 2672 quid
1093 2637 1184 2664 dicam
1197 2637 1263 2668 nihil
1282 2637 1374 2667 habeo.
1386 2642 1481 2671 prceter
1493 2647 1522 2664 ea
1534 2647 1592 2673 qua:
1607 2639 1634 2665 in
1651 2639 1721 2666 notis
1739 2647 1820 2673 expo-

190 2680 238 2706 sui.
259 2678 309 2706 Cui
323 2679 426 2714 quidem
440 2678 605 2706 Kalendaria
617 2680 733 2714 ejusdem
750 2682 898 2716 argumenti
914 2681 1037 2716 subjecta
1053 2686 1115 2708 sunt
1129 2682 1192 2709 tria.
1210 2681 1333 2708 Primum
1348 2687 1387 2709 est
1408 2682 1456 2709 sub
1476 2682 1544 2716 [also
1558 2683 1663 2709 nomine
1676 2682 1818 2709 Ptoicmtei

190 2725 288 2752 editum
303 2734 320 2752 a
336 2725 459 2758 Leonico,
472 2734 485 2752 ε
506 2725 647 2761 Gra‘coque
662 2727 838 2759 translatum;
857 2736 936 2762 quam
957 2728 1102 2756 miscellam
1125 2737 1182 2756 esse
1198 2729 1402 2757 tumultuariam
1427 2737 1459 2756 es:
1476 2729 1557 2757 variis
1582 2732 1818 2765 parapegmatibus

228 2814 264 2847 (α)
286 2813 321 2840 De
332 2813 453 2841 doctrina
468 2819 623 2850 temporum,
644 2818 663 2842 ι.
680 2814 723 2848 Ill,
738 2814 814 2842 Prmi.
