1911 3136
79 157 132 186 745
804 161 833 188 M4

948 161 974 188 vi:
1653 163 1702 190 7!.6

77 218 237 253 confectam,
257 227 308 246 non
322 219 401 247 semel
414 219 442 246 in
457 219 689 247 dissertationibus
705 220 877 248 ostendimus.
901 220 934 248 In
950 228 1000 256 quo
1012 220 1142 247 ridiculus
1156 225 1195 247 est
1210 220 1365 248 Solimanus
1380 223 1552 254 exercitator,
1568 230 1612 252 qui
1635 231 1703 250 nunc

78 265 198 292 libellum
210 266 346 293 aureolum
363 266 389 293 in
404 275 452 293 sua
468 267 603 302 farragine
619 267 806 295 Plinianarum
825 267 1058 295 Exercitationum
1077 267 1213 300 nominat;
1229 275 1261 295 ea:
1275 276 1325 303 quo
1345 269 1413 296 nihil
1427 269 1491 295 certi
1506 270 1625 305 bonique,
1642 278 1704 304 pro-

76 316 135 345 pter
158 312 356 346 confusionem,
378 317 403 341 et
420 318 560 341 auctorum
583 315 749 350 locorumque
765 315 848 342 tacita
864 315 1006 347 vocabula,
1027 315 1120 342 harum
1140 323 1227 342 rerum
1243 315 1377 343 studiosus
1400 315 1529 350 colligat:
1544 315 1588 341 sed
1608 314 1703 342 habent

76 358 178 384 similes
190 358 266 385 labra
281 359 408 387 lactucas.
424 360 527 387 Alteros
542 359 640 387 Fastos
655 369 688 387 ea:
702 360 798 392 Ovidii,
816 360 970 388 Columella:
986 361 1119 396 Pliniique
1141 361 1217 388 libris
1235 362 1450 388 concinnavimus
1466 360 1526 393 ipsi,
1542 361 1589 393 qui
1611 359 1702 387 Julia-

76 411 173 430 norum
187 405 274 431 instar
285 413 340 431 esse
354 411 459 440 queant.
474 406 515 432 Ea:
535 405 668 441 Susigenis
681 406 762 438 enim,
776 406 816 433 vel
828 406 896 433 Julii
915 406 1029 434 Ctesaris
1053 410 1238 441 parapegmate
1251 427 1257 439 ,
1283 415 1327 433 nec
1342 406 1492 434 uniusmodi
1511 406 1624 440 fortasse
1635 426 1643 438 ,
1663 407 1702 432 uti

77 450 144 477 libro
161 459 178 478 ιι
197 450 339 479 Varinrum
356 454 514 485 docuimus;
532 458 652 481 auctores
667 454 708 480 illi
722 454 892 488 phtenomena
908 462 958 481 sua
973 455 1189 489 perscripserunt.
1207 453 1259 486 Qui
1273 459 1360 481 noster
1382 454 1456 481 labar
1471 462 1522 480 non
1546 461 1640 488 parum
1655 461 1699 480 eos

76 497 275 533 adjuuabit,qui
287 503 374 532 poetas
386 500 503 534 aliosque
514 501 652 534 scriptores
668 501 695 527 in
707 509 799 528 manus
809 502 987 535 sumpserint;
1005 500 1048 527 ubi
1060 501 1200 528 orientium
1207 500 1246 527 vel
1258 500 1430 527 occidentium
1443 501 1580 527 stellarum
1591 501 1621 535 ﬁt
1635 507 1701 526 non-

75 546 152 573 nulla
168 547 427 581 mentio,prtesertim
438 550 462 575 si
477 548 511 576 ad
519 557 595 576 usum
609 549 768 576 Kalendarii
785 550 872 582 istius,
885 549 948 576 libri
963 549 1041 583 primi
1055 550 1190 576 variarum
1202 548 1417 576 dissertationum
1435 553 1586 576 nostrarum
1599 547 1699 574 doctri—

75 600 139 618 nam
155 593 338 627 adiunxerint.
353 594 470 622 Tertium
488 600 528 623 est
547 595 742 623 Kalendarium
760 595 928 623 Constantini
942 595 981 622 Μ.
997 604 1012 621 a
1028 595 1133 623 Joanne
1150 595 1290 622 Herwarto
1304 595 1367 622 olim
1381 594 1489 627 editum,
1502 594 1576 629 cujus
1589 601 1700 620 enarra-

74 638 173 664 tionem
185 639 200 664 ὁ
216 639 369 675 μακαρίτης
391 639 567 675 Hieronymus
581 641 732 668 Alexander
746 641 859 668 scribere
876 641 1036 668 instituerat.

109 683 216 711 Exinde
230 685 340 713 Achillis
360 686 431 712 Tatii
453 691 476 713 et
495 687 639 721 Hipparchi
656 687 738 714 libros
754 687 916 719 addidimus,
930 696 995 722 quos
1016 686 1104 714 Graece
1117 688 1217 721 primus
1241 695 1254 714 e
1271 686 1388 713 Medicea
1413 686 1570 713 bibliotheca
1585 685 1697 720 vulgavit

73 729 171 756 Petrus
194 731 334 763 Victorius,
352 741 399 759 nos
414 731 524 759 Latinos
536 734 657 767 [ecimus.
677 733 716 759 Ac
737 729 865 767 principio
880 733 984 767 quidem
999 733 1085 760 solum
1109 732 1216 759 Tatium
1231 733 1349 767 conferre
1363 733 1391 758 in
1404 732 1560 758 Auctarium
1578 731 1626 758 hoc
1653 739 1699 758 no-

72 781 157 803 strum
174 777 320 808 voluimus;
334 783 392 812 post
411 778 442 806 de
453 778 604 812 Hipparcho
618 787 717 815 quoque
728 780 876 806 remisimus
888 779 1026 806 doctorum
1036 778 1213 812 quorumdam
1227 779 1373 805 amicorum
1389 779 1518 813 precibus.

109 827 143 852 tn
157 825 267 853 Achillis
289 827 484 854 commentariis
503 827 631 854 nonnulla
646 833 706 854 sunt
721 828 867 863 περίεργα,
881 835 912 854 ac
928 828 1034 855 minime
1050 827 1210 857 necessaria,
1226 828 1304 860 plura
1321 832 1408 854 tamen
1426 826 1493 852 scitu
1508 833 1560 851 non
1579 824 1697 859 indigna.

73 871 108 899 In
121 872 216 907 quibus
228 882 285 909 qua:
295 879 369 901 erant
384 875 479 901 menda
494 875 592 910 corrigi
604 883 655 902 non
671 879 821 909 potuerunt,
834 874 902 909 quod
922 873 1024 901 nullum
1041 879 1112 901 vetus
1127 874 1261 908 exemplar
1273 893 1280 906 ,
1302 881 1353 908 quo
1366 874 1506 900 niteremur
1516 892 1523 905 ,
1540 873 1573 898 ad
1587 879 1694 898 "ianum

72 918 136 952 fuit.

108 964 255 1000 Hipparchi
272 974 329 993 vero
345 965 409 993 libri
429 967 521 993 multis
539 967 566 993 in
580 966 644 993 locis
658 965 791 994 emendati
805 970 878 999 sunt,
895 974 947 994 non
963 974 996 994 ea:
1007 967 1160 1001 conjectura
1175 967 1271 999 solum,
1282 973 1351 1001 quas,
1367 965 1411 992 ubi
1424 973 1487 1000 opus
1499 965 1561 999 fuit,
1578 964 1613 990 ad
1624 971 1699 990 mar-

69 1012 158 1047 ginem
169 1013 285 1046 ascripta
301 1018 349 1046 est,
365 1012 583 1048 quemadmodum
599 1018 625 1041 et
641 1014 669 1041 in
690 1013 793 1041 ueteris
813 1014 931 1048 fecimus,
944 1013 991 1041 sed
1010 1014 1090 1041 etiam
1102 1022 1135 1041 ea;
1154 1015 1261 1046 antiquo
1276 1013 1436 1040 bibliothecae
1449 1012 1534 1046 Regia'
1548 1011 1625 1043 libro,
1637 1011 1697 1044 pul-

69 1061 200 1089 cherrime
214 1062 323 1096 scripto,
335 1070 411 1097 quem
426 1062 500 1090 nobis
516 1062 550 1089 cl.
571 1062 602 1089 V.
614 1062 650 1090 Β.
667 1061 798 1098 Rigaltius
814 1062 999 1089 commodauit.
1016 1061 1056 1089 Eo
1071 1067 1203 1097 prteeunte
1228 1062 1309 1094 libro,
1339 1058 1466 1095 quidquid
1481 1066 1564 1090 secus,
1577 1062 1653 1091 atque
1670 1057 1699 1082 in

71 1106 229 1135 Florentino
243 1109 367 1140 editione,
378 1109 406 1135 in
422 1108 471 1136 hac
489 1114 582 1135 nostra
596 1107 672 1143 leges,
689 1108 883 1142 conformatum
898 1116 953 1135 esse
969 1108 1128 1136 memineris.
1145 1108 1305 1136 Asterismos
1319 1111 1417 1138 autem,
1437 1106 1504 1141 quos
1518 1105 1566 1131 sub
1580 1103 1698 1138 Hipparo

70 1154 111 1181 the
128 1155 234 1181 nomine
247 1155 338 1182 eadem
358 1153 519 1182 Florentino
537 1155 617 1182 editio
639 1155 764 1187 continet,
777 1155 896 1182 consulto
909 1155 1137 1188 prtetermisimus.
1160 1155 1222 1182 Non
1240 1155 1309 1182 enim
1326 1152 1470 1188 Hipparchi
1484 1157 1556 1183 sunt,
1573 1151 1618 1178 sed
1632 1151 1697 1178 Pto-

70 1198 166 1231 lemtzi,
180 1207 198 1225 α
212 1199 288 1233 cujus
303 1199 395 1226 tabula
409 1200 502 1234 paucis
518 1199 651 1238 interdum
664 1200 772 1226 minutis
786 1199 947 1234 discrepant.
967 1199 1061 1234 Itaque
1080 1208 1301 1234 supervacaneum
1317 1207 1372 1228 erat
1389 1202 1450 1229 illos
1466 1202 1596 1229 recudere.

104 1242 229 1271 Succedit
250 1245 290 1272 his
307 1244 387 1272 Gazae
409 1245 475 1272 liber
492 1244 532 1273 De
548 1246 691 1273 mensibus
712 1245 810 1274 Atticis
822 1265 830 1279 ,
855 1254 915 1273 cum
929 1245 1029 1273 Latina
1053 1247 1168 1273 versione
1181 1245 1297 1273 Joannis
1312 1246 1426 1275 Perrelli
1440 1252 1500 1274 ante
1526 1252 1628 1275 centum
1643 1247 1696 1281 {ere

69 1297 154 1316 annos
172 1289 255 1318 edita.

104 1337 171 1364 Tum
190 1337 220 1365 S.
236 1337 350 1366 Maximi
359 1339 483 1374 martyris
503 1340 664 1374 Computus,
678 1346 755 1373 quem
771 1346 784 1365 e
803 1337 932 1365 Vaticana
951 1338 1108 1366 bibliotheca
1127 1338 1325 1366 describendum
1343 1338 1443 1365 curavi.
1460 1337 1549 1371 Hujus
1571 1341 1695 1375 excerpta

67 1384 189 1423 quredam
203 1384 331 1420 Iosephus
356 1385 475 1421 Scaliger
489 1387 559 1420 operi
581 1385 619 1413 De
633 1384 823 1413 emendatione
838 1389 989 1421 temporum
1012 1386 1175 1416 inseruerat;
1202 1390 1226 1412 et
1249 1385 1371 1412 uberibus
1386 1385 1454 1411 notis
1471 1383 1555 1411 Gra'ci
1578 1379 1694 1415 comput‘

68 1431 218 1458 doctrinam
228 1431 375 1467 explicarat
388 1441 397 1460 :
411 1441 470 1468 quae
485 1441 536 1465 res,
548 1433 586 1459 uti
601 1437 696 1459 cariem
713 1431 786 1458 illius
797 1431 891 1465 operis,
904 1432 928 1458 ei
941 1432 1081 1466 infeliciter
1098 1431 1234 1463 successit,
1255 1436 1286 1457 ut
1306 1439 1337 1458 ex
1348 1430 1540 1458 dissertatione
1554 1434 1646 1457 nostra
1657 1428 1694 1456 De

67 1479 225 1507 Graecorum
240 1479 302 1507 aeris
316 1486 347 1506 ac
364 1479 498 1514 computis
513 1477 631 1506 eruditus
645 1479 726 1505 lector
737 1477 874 1512 intelliget.
891 1477 1040 1512 Adjecimus
1055 1482 1079 1504 et
1097 1477 1188 1504 Isaaci
1197 1477 1294 1512 Argyri
1309 1482 1460 1511 computum
1477 1475 1618 1510 duplicem,
1631 1483 1696 1510 quo-

67 1533 125 1552 rum
138 1526 214 1560 prior
228 1534 244 1552 a
259 1524 359 1552 Iacobo
373 1515 561 1552 Christmanno
582 1525 696 1559 primum
710 1523 799 1551 Greece
819 1528 940 1559 vulgatus
955 1529 993 1552 est
1002 1532 1011 1556 ;
1027 1533 1074 1551 nos
1088 1523 1183 1551 Latine
1196 1524 1331 1556 vertimus,
1347 1528 1371 1550 et
1392 1523 1563 1557 posteriorem
1576 1521 1695 1556 ejusdem

67 1575 219 1605 computum
233 1578 264 1597 ea:
277 1569 496 1598 Christianissimi
511 1571 580 1606 regis
589 1569 744 1597 bibliotheca
759 1568 915 1598 subiecimus
927 1569 1050 1604 beneﬁcio
1066 1569 1099 1597 cl.
1119 1569 1148 1597 V.
1170 1568 1277 1596 Nicolai
1291 1568 1411 1604 Rigaltii.
1429 1569 1547 1596 Accessit
1563 1567 1694 1595 cerbrevis

67 1616 180 1644 Andretc
196 1616 327 1644 Cretensis
343 1621 481 1652 computus
499 1617 564 1644 olim
579 1615 614 1643 ad
634 1625 680 1644 nos
693 1624 710 1642 a
725 1615 758 1642 P.
776 1615 883 1643 Andrea
897 1615 1004 1643 Scltotto
1020 1617 1132 1649 missus,
1151 1624 1226 1651 quem
1246 1623 1278 1643 ea:
1299 1615 1429 1642 Vaticana
1444 1623 1470 1642 se
1484 1614 1613 1649 accepisse
1626 1615 1696 1641 scri-

66 1669 140 1698 ptum
153 1663 271 1699 reliquit.

467 1727 1703 1743 __,__._____________—_____—_‘.

708 1779 808 1806 ΠΕΡΙ
846 1780 1064 1807 ΙΠΠΑΡΧΟΥ

778 1841 811 1866 ὲκ
825 1839 878 1866 τῶν
895 1839 1000 1866 Σουῖδα.

626 1896 812 1924 lliPPARCHl
831 1895 986 1924 ELOGIUM
1012 1895 1034 1922 Ε
1055 1894 1168 1923 SUIDA.

101 1966 254 2003 Ἵππαρχος
279 1966 397 1998 Νικαεὺς
423 1967 576 2002 φιλόσοφος,
598 1966 717 2001 γεγονὼς
738 1965 784 1992 ἐπὶ
804 1964 855 1991 τῶν

947 1963 1119 1999 Hipparchus
1142 1964 1268 1992 Nicanus
1292 1964 1485 1999 philosophus,
1508 1965 1556 2000 qui
1579 1965 1631 1993 fuit
1644 1967 1695 1995 sub

67 2013 190 2045 ὑπάτων,
216 2013 320 2049 ἔγραψε
339 2013 410 2048 Περὶ
434 2013 493 2040 τῶν
507 2013 630 2048 Ἀράτου
659 2012 821 2047 Φαινομένο.

940 2011 1080 2042 msulibus,
1097 2011 1207 2045 scripsit
1221 2010 1259 2038 De
1271 2011 1348 2037 Arati
1366 2011 1552 2046 pluenomenis,
1575 2011 1614 2039 De
1631 2013 1694 2040 stel-

67 2059 202 2093 περὶτῆς
214 2059 273 2087 τῶν
282 2060 424 2088 ἀπλανῶν
440 2060 621 2092 συντάξεως,
635 2060 683 2086 καὶ
700 2059 753 2085 τοῦ
768 2066 821 2086 κατ

942 2065 999 2083 rum
1010 2057 1185 2084 inerrantium
1196 2056 1392 2089 constitutione,
1408 2062 1432 2084 et
1447 2057 1556 2084 immota
1567 2059 1693 2091 statione;

66 2107 246 2141 στηριγμοῦ·
265 2107 332 2141 περ).
351 2106 405 2141 τῆς
422 2107 497 2134 κατὰ
517 2107 630 2139 πλάτος
641 2106 781 2141 μηνιαίας
803 2114 820 2132 τ

942 2112 951 2130 e
965 2108 1097 2130 menstruo
1115 2103 1183 2130 lunw
1200 2107 1272 2129 motu
1287 2102 1428 2129 secundum
1445 2103 1621 2137 latitudinem,
1633 2109 1658 2132 et
1669 2105 1696 2131 in

65 2150 203 2186 σελήνης
217 2152 375 2187 κινήσεως,
390 2153 440 2180 καὶ
453 2154 497 2186 είς
511 2153 582 2186 τοὺς
600 2152 810 2187 ἀστερισμούς.

318 2161 375 2186 ἴως’,
390 2153 440 2180 καὶ
453 2154 497 2186 είς
511 2153 582 2186 τοὺς
600 2152 810 2187 ἀστερισμούς.
911 2151 1072 2177 asterismos.

873 2209 903 2219 ...-

663 2253 743 2279 ΠΕΡΙ
766 2250 939 2278 ΑΧΙΛΛΕΩΣ
960 2249 1107 2275 ΣΤΑἹῚΟΥ

778 2311 810 2336 ὲκ
829 2308 875 2336 τοῦ
894 2307 986 2334 αὑτοῦ.

589 2368 642 2403 [DE
661 2367 807 2395 ACHILLE
827 2366 955 2395 STATIO
976 2365 1019 2392 EX
1041 2365 1176 2394 EODEM;

108 2429 245 2464 Ἀχιλλεὺς
254 2429 375 2463 Στάτιος,
384 2429 582 2464 Ἀλεξανδρεὺς,
593 2431 607 2457 ὁ
618 2430 725 2465 γράψας
736 2429 770 2456 τὰ
782 2430 857 2456 κατὰ

946 2427 1064 2454 Achilles
1074 2425 1189 2458 Statius,
1206 2425 1407 2454 Alexandrinus
1419 2447 1428 2460 ,
1441 2427 1488 2461 qui
1506 2426 1545 2454 De
1565 2426 1693 2464 Leucippe

66 2475 246 2509 Λευκίππην
259 2476 308 2502 καὶ
321 2475 539 2510 Κλειτοφῶντα,
558 2476 604 2502 καὶ
616 2475 682 2502 ἄλλα
694 2473 812 2510 ἐρωτικὰ

955 2472 1121 2506 Clitophonte
1132 2472 1253 2507 scripsit,
1267 2475 1294 2499 et
1310 2472 1363 2498 alia
1375 2473 1509 2499 amatoria
1523 2472 1601 2500 libris
1614 2478 1691 2505 octo;

67 2520 182 2555 βιϐλίοις
196 2524 230 2557 η’,
245 2521 356 2555 γέγονεν
372 2520 487 2556 ἔσχατον
501 2520 662 2555 Χριστιανὸς
682 2519 729 2546 καὶ
743 2519 821 2544 ἑπίσκ

941 2518 1018 2546 ndem
1037 2518 1124 2545 iactus
1140 2521 1182 2546 est
1203 2517 1375 2545 Christianus
1398 2521 1425 2545 et
1448 2519 1602 2554 episoopus.
1622 2519 1695 2546 Scri-

66 2576 127 2599 πος.
144 2567 269 2603 Ἔγραψε
282 2567 310 2593 δὲ
322 2567 391 2601 Περὶ
413 2567 553 2601 σφαίρας,
582 2565 631 2592 καὶ
647 2564 820 2599 ἐτυμολογίο

943 2565 962 2590 il.
977 2564 1012 2590 De
1027 2564 1140 2599 splucra,
1154 2568 1180 2591 ct
1191 2564 1369 2599 Etymologia,
1384 2568 1410 2592 et
1424 2564 1572 2591 Historiam
1592 2566 1695 2592 miscel-

67 2614 115 2641 καὶ
135 2614 279 2648 Ἱστορίαν
289 2614 466 2648 σύμμικτον,
485 2612 589 2639 πολλῶν
605 2612 653 2638 καὶ
668 2611 792 2646 μεγάλων
810 2619 821 2636 >ι

941 2618 1013 2638 meam
1023 2618 1032 2642 ,'
1050 2618 1111 2645 qua:
1128 2610 1286 2643 multorum,
1299 2614 1327 2638 et
1338 2618 1498 2646 magnorum
1509 2631 1516 2643 ,
1533 2615 1560 2638 et
1577 2611 1695 2638 admira-

67 2658 227 2694 θαυμασίων
237 2658 340 2694 ἀνδρῶν
353 2657 583 2694 μνημονεύουσαν.
601 2656 632 2684 Ὀ
643 2656 670 2682 δὲ
684 2656 763 2690 λόγος
773 2656 821 2682 αὐτ

941 2657 1003 2684 lium
1021 2657 1143 2684 virorum
1165 2657 1332 2684 mentionem
1358 2657 1433 2684 facit.
1448 2657 1536 2692 ipsius
1550 2665 1613 2685 vero
1634 2665 1695 2684 ora-

67 2704 139 2731 κατὰ
151 2704 241 2731 πάντα.
251 2705 342 2739 ὅμοιος
354 2705 410 2736 τοῖς
420 2705 572 2740 ἐρωτικοῖς.

941 2704 991 2730 δίη
1018 2704 1145 2732 omnibus
1173 2711 1286 2739 prorsus
1309 2708 1352 2731 est
1372 2705 1512 2732 amatoriis
1526 2703 1695 2732 orationibus

909 2749 1017 2777 similis.

103 2794 231 2834 I_Icrninit_
242 2801 267 2822 et
281 2796 391 2834 Achillis
410 2795 480 2834 Tatii
496 2796 605 2834 ftiotius
621 2795 678 2834 cod.
696 2803 816 2834 LX}IVll,
831 2795 877 2823 ubi
887 2804 938 2834 non
950 2797 1064 2834 Στάξιον
1079 2802 1165 2830 vocat,
1182 2799 1228 2826 sed
1247 2799 1353 2834 Tartov,
1368 2798 1587 2834 quemadmodum
1603 2804 1626 2826 et
1642 2799 1698 2826 Pa-

69 2830 170 2869 latinus
181 2831 399 2869 codez‘habcbat,
414 2831 481 2869 unde
492 2831 668 2869 Clitophontis
682 2835 707 2857 et
723 2830 867 2869 Le_ucippes_
881 2832 990 2869 Amores
1003 2832 1180 2869 Commelinus
1195 2834 1288 2863 edidit.
1305 2830 1380 2861 Nam
1393 2834 1478 2862 altera
1489 2842 1521 2860 ex
1532 2840 1621 2861 errore
1636 2843 1698 2869 pro-

69 2865 138 2899 [ecta
152 2866 231 2893 lectio
250 2866 361 2899 videtur,
378 2868 486 2900 repetita
498 2875 633 2902 perperam
649 2866 738 2894 littera
753 2866 772 2892 Σ
781 2873 814 2893 ex
825 2866 909 2901 priori
921 2868 1034 2902 nomine,
1055 2868 1206 2900 ’Δνιλλέως.

191 2914 330 2952 Pri-not.
346 2913 403 2945 Gn.
415 2914 499 2955 ,XIX

1499 2917 1535 2946 2's
