1911 3136
74 159 129 185 749

597 162 715 190 GEMINI
733 163 917 192 ELEMENTA
931 165 1179 197 ASTRONOMIE.

1641 176 1693 202 750

109 215 171 241 Ἔτι
185 215 213 241 δέ
229 224 288 242 τινα
303 216 357 243 τῶν
374 217 406 252 ιβ’
420 217 522 250 ζωδίων
534 218 595 245 οὐτε
613 220 659 247 ὅλα
671 222 759 248 κεῖται
775 222 804 248 ἐν
818 220 853 256 τῷ

943 222 969 257 2
985 221 1117 252 Praeterea
1127 233 1160 252 ex
1172 225 1314 254 duodecim
1330 228 1415 263 signis
1439 230 1561 265 quaedam
1581 239 1616 260 ne
1636 235 1692 259 tota

72 261 198 297 ζωδιακῷ
215 262 322 298 κύκλῳ·
341 263 399 290 ἀλλ’
415 264 433 290 ἃ.
451 265 500 300 μέν
517 266 575 292 ἐστι
593 265 749 303 βορειότερα
764 267 856 300 αὑτοῦ,

71 307 198 343 καθάπερ
215 309 228 334 ὀ
244 309 336 335 Λέων·
354 308 372 336 ἃ
389 309 417 336 δὲ
432 310 589 348 νοτιώτερα,
600 312 724 349 καθάπερ
744 314 758 339 ὁ
773 314 858 349 Σκορ-

71 353 142 384 πίος.

99 399 186 426 Πάλιν
201 399 316 427 ἕκαστον
333 401 387 428 τῶν
400 402 645 439 δωδεκατημορὶων
658 404 802 440 διαιρεῖται
817 406 857 437 είς

71 444 142 480 μέρη
160 445 192 476 λ’,
214 447 260 472 καὶ
274 447 395 473 καλεῖται
414 448 444 473 τὸ
458 448 487 474 ἓν
498 449 597 484 τμῆμα
613 451 704 485 μοῖρα.
717 451 798 477 ’Ὥστε
811 450 856 477 τὸν

69 490 129 516 ὅλον
149 490 248 517 κύκλον
272 491 326 518 τῶν
351 488 452 524 ςωδίών
473 494 609 530 περιέχειν
625 495 716 529 ,ςώδια
743 496 791 531 μὲν
810 495 855 531 ιβ’,

71 535 171 571 μοίρας
186 536 215 562 δὲ
226 537 273 569 τξι.

112 581 141 607 Ὁ
148 581 178 608 δὲ
187 582 261 616 ἥλιος
268 583 382 618 ἐνιαυτῷ
390 584 429 619 (5)
441 584 452 599 δ
464 585 653 620 διαπορεύεται
666 586 712 613 τὸν
724 587 855 619 ζωδιακὸν

68 627 181 654 κύκλον.
202 628 279 655 Ἔστι
302 629 356 664 γὰρ
380 631 513 663 ἐνιαύσιος
530 631 640 667 χρόνος,
656 633 684 658 ὲν
708 629 729 666 ᾧ
751 634 765 659 ὁ
781 633 856 668 ἥλιος

70 675 283 711 τξριπορεύεται
305 676 351 702 τὸν
371 676 501 708 ζωδιακὸν
526 678 634 710 κύκλον,
659 678 706 705 καὶ
730 679 784 706 ἀπὸ
807 679 854 705 τοῦ

69 720 152 747 αὐτοῦ
170 722 282 756 σημείου
303 723 347 748 ἐπὶ
367 722 397 748 τὸ
414 723 479 749 αὐτὸ
496 726 608 759 σημεῖον
627 725 852 753 ἀποκαθίσταται.

75 765 104 792 '0
129 766 159 792 δὲ
185 767 280 802 χρόνος
308 764 386 800 οὗτός
411 770 485 796 ἐστιν
516 771 628 806 ὴμερῶν
647 772 711 805 τξε’,
733 772 785 799 ὅσι’.
810 774 854 800 Ἐν

69 813 216 846 τοσαύταις
232 815 286 850 γὰρ
303 816 421 852 ἡμέραις
441 817 490 849 τὰς
504 818 542 851 τξ¹
564 818 661 853 μοίρας
682 818 823 854 παροδεύει
840 820 854 845 ὁ

68 859 146 893 ἣλιος
158 868 165 875 ·
181 859 251 887 ὥστε
266 861 342 897 παρά
360 862 457 897 μικρὸν
474 864 503 890 ὲν
527 865 576 899 μιᾷ
596 863 687 899 ἡμέρᾳ
703 867 798 900 μοῖραν
813 874 854 891 κι-

69 905 176 932 νεῖσθαι
189 906 234 933 τὸν
251 906 338 942 ἥλιον.

109 952 193 979 Ἀλλο
208 953 297 988 μέντοι
305 953 336 988 γέ
347 954 405 980 ἐστι
418 956 498 991 μοῖρα
508 976 515 987 ,
525 957 571 994 καὶ
581 956 644 984 ἄλλο
655 957 754 993 ἡμέρα.
766 959 856 994 Μοῖρα

73 999 122 1032 μὲν
141 998 196 1034 γάρ
218 999 275 1026 ἐστι
292 1000 428 1036 διάστημά
443 990 469 1027 τι
494 990 535 1028 λθν¹
562 1003 643 1038 μέρος
666 990 787 1039 ύπαρχον
809 990 854 1030 τοῦ

70 1043 188 1077 ζωδίου·
211 1046 300 1082 ἡμέρα
325 1047 353 1073 δέ
377 1048 435 1074 ἐστι
461 1048 556 1083 χρόνος
582 1050 742 1084 τριακοστὸν
774 1050 856 1086 μέρος

67 1090 107 1122 ὡς
120 1091 234 1126 ἔγγιστα
247 1092 293 1119 τοῦ
313 1093 437 1128 μηνιαίου
462 1094 571 1129 χρόνου.
588 1095 644 1122 Καὶ
663 1097 680 1131 ἡ
706 1096 755 1131 μὲν
773 1098 854 1132 μοῖρα

68 1137 100 1169 τξ
111 1136 128 1166 .’
145 1137 309 1181 μέροςιὲστὶ
332 1138 378 1165 τοῦ
397 1139 530 1171 ζωδιακοῦ
547 1140 647 1168 κύκλου
660 1162 668 1174 ,
683 1143 700 1177 ἡ
717 1142 744 1168 δὲ
763 1142 854 1178 ἡμέρα

67 1183 121 1216 168'
139 1184 187 1210 καὶ
199 1184 235 1210 δ’*
263 1185 345 1221 μέρος
359 1185 396 1217 ὡς
414 1185 528 1220 ἔγγιστα
542 1187 589 1214 τοῦ
609 1188 773 1214 ἐνιαυσιαίου
791 1189 854 1224 χρό-

67 1229 188 1257 νου.Καὶ
199 1230 303 1257 πάντα⁵
318 1231 367 1266 μὲν
380 1231 415 1258 τὰ
427 1231 510 1264 costa
524 1233 754 1269 τριακοντημόριά
770 1235 852 1267 ἐστιν,

67 1275 98 1302 οὔ
116 1275 206 1302 πάντα
219 1276 247 1302 δὲ
257 1277 490 1314 τριακονθήμερα.

101 1322 251 1357 Διαιρεῖται
268 1323 296 1349 δὲ
313 1324 328 1350 ὁ
345 1323 481 1356 ἐνιαύσιος
495 1325 589 1360 χρόνος
605 1326 645 1357 είς
665 1325 735 1361 μέρη
749 1325 780 1357 δ’,
793 1325 851 1357 ἔαρ,

67 1366 157 1403 θέρος,
177 1368 360 1404 φθινόπωρον.
384 1370 430 1396 καὶ
454 1371 586 1405 χειμῶνα.
609 1371 718 1407 Ὲαρινὴ
736 1372 784 1406 μὲν
807 1369 853 1397 οὖν

69 1411 200 1448 ἰσημερίαι
222 1413 259 1448 (4)
281 1413 383 1448 γίνεται
402 1415 466 1449 περὶ
493 1415 544 1450 τὴν
564 1414 617 1441 τῶν
641 1415 744 1441 ἀνθέων
763 1415 854 1450 ἀκμὴν

68 1457 196 1493 ὲνΚριοῦ
213 1459 261 1494 μιᾷ
280 1459 375 1494 μοίρᾳ·
396 1460 484 1495 τροπὴ
506 1460 534 1487 δὲ
549 1459 641 1496 θερινὴ
662 1460 766 1494 γίνεται
791 1461 854 1496 περὶ

67 1502 116 1538 τὴν
125 1502 181 1528 τῶν
197 1503 345 1539 καυμάτων
359 1504 484 1531 ἐπίτασιν
495 1506 523 1531 ἐν
539 1505 677 1540 Καρκίνου
695 1506 744 1540 μιᾷ
758 1505 851 1540 μοίρᾳ·

911 268 1019 302 quidem
1049 270 1137 304 posita
1160 275 1223 298 sttnt
1242 271 1269 299 in
1289 273 1410 306 zodiaco,
1439 274 1486 302 sed
1509 276 1560 303 alia
1584 285 1615 304 eo
1630 282 1693 305 sunt

911 312 1074 348 borealiora,
1093 320 1124 343 ut
1139 316 1194 344 Leo
1213 327 1219 345 :
1238 318 1290 346 alia
1305 321 1472 348 australiora
1484 341 1491 355 ,
1511 327 1540 350 ut
1551 322 1690 359 Scorpius.

944 404 1051 433 Rursus
1079 408 1291 443 unumquodque
1316 409 1596 441 dodecatemorlorum
1623 415 1693 442 ditio

910 449 984 476 ditur
1017 451 1044 477 in
1074 455 1166 486 partes
1198 453 1325 488 triginta,
1352 459 1378 483 et
1405 462 1519 484 vocatur
1540 467 1623 487 unum
1649 468 1693 488 se-

910 500 1048 529 gmentum
1069 504 1143 531 pars,
1171 506 1218 525 seu
1239 500 1351 533 gradus.
1367 500 1459 536 Itaque
1474 502 1602 531 zodiacus
1623 513 1691 533 con-

910 541 976 568 tinet
993 542 1069 577 signa
1085 544 1194 578 quidem
1209 545 1364 578 duodecim,
1385 551 1476 581 partes
1496 557 1560 576 vero
1574 550 1635 578 560.

945 587 991 614 Sol
1013 593 1101 616 autem
1128 598 1183 618 uno
1214 599 1286 619 anno
1310 594 1446 627 percurrit
1467 595 1618 624 zodiacum.
1644 596 1692 625 Est

909 634 980 660 enim
1006 638 1112 671 tempus
1141 644 1261 664 annuum
1291 638 1368 672 illud,
1394 639 1420 666 in
1438 648 1491 675 quo
1507 641 1548 668 sol
1566 647 1692 677 peragrat

909 679 1060 712 zodiacum,
1080 685 1106 707 ct
1122 681 1157 709 ab
1176 683 1270 710 eodem
1289 688 1392 718 puncto
1414 686 1447 712 ad
1473 686 1543 713 idem
1561 692 1690 721 punctum

908 723 987 755 redit,
1002 724 1053 751 hoc
1075 729 1184 760 tempus
1195 731 1236 754 est
1250 727 1356 755 dierum
1370 728 1422 756 565
1439 730 1500 765 ιχι.
1517 729 1546 757 In
1562 735 1601 758 tot
1618 733 1690 759 enim

907 769 1002 797 diebus
1028 771 1088 799 illas
1110 772 1161 799 560
1179 779 1268 808 partes
1292 775 1396 802 zodiaci
1418 777 1459 804 sol
1481 777 1610 812 coniicit;
1635 778 1693 807 fere

908 817 998 851 itaque
1013 817 1041 844 in
1056 826 1109 845 uno
1123 819 1167 846 die
1190 827 1273 847 unmn
1289 821 1402 856 gradum
1418 823 1459 850 sol
1477 824 1601 852 absolvit.

945 953 1134 983 Verumtamen
1159 957 1232 984 aliud
1255 961 1298 985 est
1325 965 1399 993 pars,
1425 960 1497 987 aliud
1525 960 1594 989 dies.
1624 962 1692 991 Pars

906 1001 976 1027 enim
993 1006 1034 1028 est
1063 1002 1235 1030 intervallum
1255 1004 1404 1039 quoddam,
1430 1013 1492 1032 cum
1516 1007 1551 1034 sit
1570 1007 1604 1034 50
1627 1015 1691 1043 pars

907 1046 992 1081 signi;
1010 1046 1068 1074 dies
1083 1055 1148 1075 vero
1165 1053 1207 1076 est
1228 1053 1346 1084 tempus,
1361 1051 1433 1085 quod
1449 1051 1506 1079 fere
1522 1052 1556 1079 50
1570 1060 1633 1088 pars
1649 1058 1692 1081 est

906 1093 1037 1119 menstrui
1062 1094 1201 1128 temporis.
1227 1094 1330 1123 Deinde
1357 1104 1422 1131 pars
1444 1096 1554 1131 quidem
1579 1103 1620 1125 est
1639 1098 1692 1127 560

905 1142 968 1169 pars
987 1135 1101 1168 zodiaci,
1111 1137 1169 1165 dies
1181 1142 1271 1165 autem
1280 1145 1321 1166 cst
1333 1147 1396 1174 pars
1413 1140 1464 1168 565
1473 1141 1525 1176 ιμ
1536 1141 1592 1169 fere
1607 1144 1691 1170 annui

904 1181 1045 1216 temporis.
1073 1181 1112 1209 Ac
1135 1191 1243 1218 semper
1265 1185 1373 1219 quidem
1399 1187 1476 1221 signa
1495 1191 1560 1214 sunt
1579 1188 1614 1216 ’50
1629 1197 1679 1224 par

904 1227 971 1254 tium
985 1247 992 1259 ,
1009 1235 1064 1255 non
1077 1235 1186 1264 semper
1200 1236 1290 1258 autem
1307 1231 1343 1258 50
1359 1232 1478 1260 dierum.

938 1317 1073 1345 Dividitur
1087 1324 1175 1347 autem
1194 1327 1313 1348 annuum
1333 1326 1439 1356 tempus
1458 1322 1485 1349 in
1507 1326 1598 1357 partes
1614 1330 1683 1358 qua-

904 1370 975 1397 tuor,
992 1372 1050 1397 ver,
1075 1370 1207 1397 aestatem,
1231 1370 1403 1399 autumnum,
1429 1371 1456 1395 et
1481 1368 1607 1395 hiemem.
1623 1369 1690 1396 Ver—

904 1419 970 1437 num
989 1411 1072 1446 igitur
1090 1413 1283 1447 aequinoctium
1306 1414 1335 1440 lit
1362 1415 1436 1441 circa
1457 1414 1554 1442 ﬂorum
1569 1416 1690 1450 vigorem

905 1466 1052 1490 summum,
1074 1459 1102 1486 in
1118 1459 1205 1493 prima
1225 1463 1302 1494 parte
1321 1461 1433 1487 Arietis.
1454 1460 1606 1488 Solstitium
1621 1461 1691 1489 aestio

905 1512 968 1532 vum
983 1505 1116 1540 contingit
1134 1506 1206 1532 circa
1226 1510 1342 1532 aestuant
1362 1506 1540 1533 intentionem
1560 1506 1586 1532 in
1604 1507 1691 1540 prima

67 1549 133 1576 E‘mu
148 1550 165 1576 ό
180 1549 256 1584 ἥλιος
268 1549 313 1576 τὸν
326 1549 494 1585 βορειότατον
509 1551 607 1577 κύκλον
619 1551 730 1586 γράφει,
743 1551 789 1577 καὶ
806 1559 853 1585 με-

910 1556 982 1587 parte
995 1551 1105 1582 Cancri,
1125 1553 1172 1579 ubi
1192 1552 1231 1579 sol
1257 1552 1477 1579 horcalissimum
1495 1552 1626 1579 circulum
1641 1552 1690 1580 de-

70 1592 165 1630 ίξστην
179 1595 275 1622 πασῶν
289 1595 342 1621 τῶν
358 1597 386 1621 ὲν
400 1595 514 1631 ἐνιαυτῷ
526 1596 632 1632 ἡμέραν
648 1597 776 1629 ἐπιτελεῖ,
792 1597 855 1623 έλα-

70 1638 163 1676 (ἳστην
185 1641 215 1667 δὲ
233 1641 282 1677 τὴν
307 1642 401 1668 νύκτα.
420 1642 452 1669 Ἡ
471 1642 563 1677 μέντοι
579 1651 610 1676 γε
629 1643 743 1678 μεγίστη
764 1643 855 1679 ἡμέρα

70 1685 112 1722 ἴση
131 1687 190 1713 ἐστὶ
213 1689 246 1723 τῇ
265 1688 380 1723 μεγίστῃ
403 1689 490 1720 νυκτὶ,
508 1689 556 1714 καὶ
575 1690 592 1723 ἡ
614 1689 742 1724 ἐλαχίστη
764 1690 865 1725 ἡμέρα⁵

70 1740 112 1768 ,ση
136 1733 196 1760 ἐστὶ
221 1735 254 1769 τῇ
281 1734 408 1771 ἐλαχίστῃ
433 1735 520 1761 νυκτί.
540 1736 617 1761 Ἐστι
643 1736 671 1761 δὲ
696 1737 712 1770 ὴ
739 1736 854 1771 μεγίστη

71 1778 161 1813 ἡμέρα
169 1779 241 1805 κατὰ
250 1779 281 1805 τὸ
289 1780 316 1806 ὲν
324 1780 406 1815 Ῥόδῳ
417 1780 502 1816 κλίμα
511 1781 590 1817 ὡρῶν
604 1780 769 1816 ἱσημερινῶν
780 1780 849 1813 tris".

73 1825 214 1860 Ἰσημερία
235 1825 264 1852 δέ
286 1826 343 1852 ἐστι
366 1827 566 1863 φθινοπωρινὴ,
584 1828 646 1853 ὅταν
666 1829 680 1853 ὁ
702 1827 786 1862 ἥλιος,
807 1828 854 1854 ἀπ’

69 1870 177 1906 Ξρκτων
188 1871 256 1905 πρὸς
273 1872 445 1906 μεσημόρίαν
460 1872 626 1908 παροδεύων,
643 1872 728 1911 ,πάλιν
743 1873 788 1898 ἐπὶ
807 1872 854 1898 τοῦ

68 1916 229 1952 ισημερινοῦ
243 1917 354 1952 γένηται
367 1918 477 1951 κύκλου,
497 1919 544 1945 καὶ
559 1919 618 1953 ἴσην
636 1918 685 1954 τὴν
699 1919 805 1954 ἡμέραν
820 1920 854 1954 τῇ

69 1964 145 1990 νυκτὶ
164 1964 319 1998 ποιήσηται.
342 1965 434 2000 Τροπὴ
450 1965 480 1991 δέ
503 1966 561 1991 ἐστι
588 1965 741 2000 χειμερινὴ,
761 1965 825 1991 ὅταν
840 1965 854 1989 ὁ

68 2009 143 2044 ἣλιος
160 2010 327 2045 πορρωτάτω
339 2011 348 2026 θ
359 2010 437 2046 ἡμῶν
455 2011 505 2046 τῆς
519 2011 652 2046 οἰκήσεως
666 2011 789 2045 γένηται,
809 2010 856 2036 καὶ

67 2055 262 2086 ταπεινότατος
286 2055 323 2086 ὡς
342 2055 407 2090 πρὸς
423 2056 469 2083 τὸν
485 2055 608 2091 ὁρίζοντα
629 2056 666 2091 (5)
677 2076 684 2088 ,
702 2055 748 2082 καὶ
760 2053 853 2081 νοτιώ-

67 2110 148 2127 τατον
165 2101 264 2128 κύκλον
289 2101 399 2138 γράφῃ,
417 2102 464 2128 καὶ
492 2102 625 2137 μεγίστην
646 2101 741 2128 πασῶν
757 2101 809 2128 τῶν
825 2101 854 2128 ὲν

67 2147 142 2181 αὐτῷ
155 2145 295 2182 Ιὲνιαυτῷ]
311 2145 395 2173 νύκτα
412 2148 571 2182 ποιήσηται,
586 2147 730 2183 ἐλαχίστην
747 2147 774 2173 δὲ
785 2145 854 2181 ἡμέ-

67 2201 128 2228 ραν.
145 2193 223 2220 Ἔστι
232 2193 261 2219 δὲ
278 2193 294 2228 ἡ
310 2193 424 2228 μεγίστη
440 2193 487 2225 νὺξ
504 2193 575 2220 κατὰ
587 2193 616 2220 τὺ
631 2195 660 2220 ὲν
677 2193 758 2228 Ῥὣῳ
769 2192 854 2228 κλίμα

65 2239 146 2275 ὼρῶν
169 2240 332 2275 ἰσημερινιῖΝ
351 2239 419 2272 ιδς·”.

101 2332 132 2358 Οἱ
149 2331 178 2358 δὲ
195 2331 297 2366 μεταξὺ
313 2332 403 2367 χρόνοι
415 2330 452 2368 (6)
468 2331 522 2358 τῶν
537 2333 646 2367 τροπῶν
660 2333 706 2358 καὶ
719 2331 773 2358 τῶν
791 2333 851 2366 ἰση-

104 2410 115 2424 ⁵
128 2419 175 2445 γρ.
191 2409 319 2445 ἐνιαὺτῷ.
355 2411 366 2426 ⁸
379 2419 424 2445 γρ.
444 2410 568 2438 πάντοτε.
606 2409 617 2425 ⁸
631 2418 674 2444 πο.
691 2408 875 2444 πορῤώτατος.

102 2492 142 2526 (5)
172 2491 199 2517 '0
225 2490 258 2517 δὲ
281 2490 367 2527 ἣλιος
388 2488 523 2522 ἐνιαυτῷ.
551 2488 851 2527 Νοηὸιιιῃλπροήχησις

67 2523 214 2563 ἰσημερινὴ
229 2526 332 2563 liquido
353 2528 489 2563 comperta
503 2529 578 2563 _era_t,
595 2528 624 2550 ut
642 2523 705 2563 alihi
720 2523 849 2555 diximus,

67 2568 93 2591 et
105 2559 272 2595 intelligetur
286 2560 382 2587 iterum
392 2560 484 2595 capite
500 2559 527 2590 6,
548 2559 586 2586 De
603 2559 744 2586 mensibus.

101 2597 140 2632 (4)
168 2593 288 2631 Ἑαρινὴ
299 2596 358 2632 μὲν
370 2593 587 2632 οὖν’ίᾳημερία.
607 2594 765 2632 Annuarum
782 2597 850 2632 tem-

67 2630 205 2667 pestatum
221 2631 334 2659 exordia
357 2631 434 2658 aliter
452 2630 486 2656 ab
509 2630 684 2668 astronomis.
703 2630 851 2668 curatione

67 2662 285 2697 constituuntur,
306 2673 394 2702 quam
420 2672 501 2702 sensu
528 2665 705 2702 popularique
734 2662 848 2702 judicio.

68 2703 134 2729 Nam
161 2697 384 2736 astronomeer
406 2697 572 2737 quadrantes
597 2699 700 2725 tributo
725 2697 849 2737 zodiaca,

68 2738 179 2765 cuilibet
209 2736 677 2772 tempestatihquadrantem>suum_
698 2735 848 2772 assignant,

67 2765 414 2814 quemimttiﬁewlm
439 2765 769 2814 ξ’ξιξιιυξβιειξειιὲείξιξξὶ
795 2765 850 2814 1.")-

67 2800 132 2835 tium
152 2808 180 2835 tit
192 2800 236 2835 ‘ab
250 2800 350 2833 Arietis
362 2807 508 2842 ingressu;
529 2812 560 2831 ac
587 2801 626 2832 Sic
639 2803 779 2842 deinceps.
795 2800 848 2828 Po-

66 2844 169 2878 pularis
186 2850 254 2871 usus
267 2849 301 2869 ex
317 2841 377 2878 ctrli
398 2840 548 2878 mutatione
561 2843 752 2878 tempestatum
765 2840 849 2878 inter:

66 2874 133 2906 'valla
150 2880 285 2906 metitur:
303 2877 347 2904 cui
370 2879 396 2903 et
419 2875 566 2909 scriptores
590 2874 629 2901 illi
651 2874 784 2906 serviunt,
802 2874 848 2907 qui

907 1598 1012 1629 scribit,
1028 1602 1054 1625 et
1065 1598 1255 1633 longissimum
1271 1598 1403 1629 omnium,
1426 1598 1471 1632 qui
1489 1602 1552 1625 sunt
1567 1598 1594 1624 in
1607 1606 1689 1631 anno,

907 1644 978 1671 diem
995 1643 1090 1676 eiiicit,
1106 1647 1213 1670 noctem
1233 1651 1299 1670 vero
1320 1643 1517 1671 brevissimam.
1535 1643 1614 1678 Atqui
1632 1644 1690 1670 dies

906 1692 1083 1726 longissimus
1099 1691 1211 1726 aequalis
1238 1694 1280 1718 est
1302 1690 1374 1717 nocti
1393 1690 1567 1724 longissimae,
1586 1694 1613 1717 et
1632 1691 1690 1718 dies

908 1737 1085 1764 brevissimus
1096 1737 1206 1771 aequalis
1218 1740 1259 1763 est
1271 1737 1342 1762 nocti
1356 1735 1531 1763 brevissimae.
1548 1735 1610 1762 Dies
1624 1743 1690 1762 vero

907 1782 1084 1817 longissimus
1113 1782 1139 1808 in
1157 1782 1265 1808 climate
1280 1781 1369 1808 Rhodi
1389 1785 1430 1808 est
1454 1781 1582 1807 horarum
1604 1781 1690 1815 τεηυί-

907 1828 1065 1855 noctialium
1075 1828 1106 1854 Μ
1118 1826 1388 1863 l/dJEquirtOctium
1398 1826 1554 1853 autumnale
1563 1830 1614 1856 est.
1625 1834 1687 1853 cum

907 1873 977 1900 sola
990 1874 1090 1900 boreali
1113 1873 1191 1907 plaga
1216 1872 1249 1900 ad
1263 1872 1410 1899 australem
1431 1872 1538 1906 plagam
1560 1871 1686 1904 tendens,

908 1918 1005 1946 iterum
1027 1919 1060 1945 ad
1082 1917 1298 1952 aequinoctialem
1324 1917 1454 1943 circulum
1475 1917 1638 1951 pervenerit,
1660 1920 1688 1944 et

907 1965 978 1992 diem
1003 1964 1077 1991 nocti
1107 1964 1238 1998 aequalem
1263 1962 1391 1990 cll‘cccrit.
1413 1962 1567 1990 Sulstitium
1596 1967 1688 1990 autem

906 2011 1049 2037 hibernum
1062 2013 1115 2041 est,
1137 2017 1198 2036 cum
1214 2009 1254 2036 sol
1267 2009 1426 2043 longissime
1443 2016 1457 2034 a
1477 2013 1578 2043 puncto
1593 2013 1688 2036 nostro

906 2056 1029 2084 verticali
1051 2056 1219 2086 discesserit,
1241 2058 1268 2082 et
1292 2054 1479 2086 humillimus,
1500 2054 1589 2088 quoad
1613 2055 1688 2081 hori-

907 2105 1022 2133 zontem,
1046 2100 1133 2128 factus
1154 2100 1249 2131 fuerit,
1268 2100 1394 2134 idemque
1416 2100 1547 2126 circulum
1571 2100 1689 2128 maxime

906 2147 1052 2175 australem
1069 2145 1255 2180 descripserit.
1269 2149 1295 2171 et
1309 2148 1416 2172 noctem
1432 2144 1618 2179 longissimam
1631 2152 1688 2171 om-

906 2193 992 2224 nium,
1008 2199 1068 2227 quae
1083 2195 1148 2218 sunt
1165 2191 1191 2218 in
1214 2197 1296 2222 anno,
1310 2190 1437 2223 ell‘ecerit,
1452 2190 1522 2217 diem
1545 2197 1607 2217 vero
1626 2191 1688 2218 hre-

867 2239 1057 2270 Dvissimum.
1085 2237 1133 2270 Est
1160 2241 1249 2263 autem
1269 2236 1426 2271 longissima
1452 2243 1505 2262 nox
1527 2236 1554 2263 in
1578 2236 1688 2264 climate

905 2284 993 2311 Rhodi
1009 2284 1138 2309 horarum
1153 2281 1381 2316 aequinoctialium
1394 2280 1428 2307 14
1444 2280 1507 2316 1/2.

941 2328 1073 2363 Tempora
1083 2334 1158 2359 vero,
1176 2333 1235 2361 qute
1244 2329 1307 2353 sunt
1317 2325 1388 2353 inter
1409 2325 1526 2353 solstitia
1546 2330 1573 2353 et
1601 2325 1687 2361 atqui-

903 2493 959 2513 rcm
974 2485 1103 2511 rusticam
1119 2486 1145 2510 et
1162 2483 1245 2517 hujus
1259 2482 1438 2517 generis‘alia
1451 2487 1629 2518 pertractant.

938 2520 976 2554 (5)
997 2519 1050 2546 Καὶ
1073 2519 1284 2550 ταπεινότατος
1307 2518 1347 2550 ὠς
1373 2517 1520 2552 πρὸς-τὸν
1542 2517 1685 2554 ὁρίζοντα.

910 2555 1070 2586 Ἰδιωτικῶς,
1093 2557 1120 2581 et
1146 2553 1179 2580 ad
1205 2554 1312 2580 oculum
1340 2554 1376 2580 ita
1398 2554 1527 2581 Geminus
1554 2553 1686 2585 loquitur,

903 2590 967 2625 quia
985 2594 1050 2616 tunc
1066 2589 1107 2616 sol
1125 2588 1241 2625 maxime
1263 2588 1396 2621 dejectus.
1417 2593 1444 2616 et
1468 2588 1600 2625 horizonti
1617 2587 1684 2625 vici-

903 2621 956 2652 nus
982 2628 1103 2660 apparet.
1132 2623 1215 2650 Recte
1239 2628 1328 2649 autem
1355 2624 1469 2660 addidit,
1489 2623 1529 2660 ὼε
1548 2622 1615 2656 πρὸς
1641 2621 1685 2648 τὸν

903 2656 1045 2696 ὁρίζοντα.
1065 2667 1098 2687 eo
1123 2666 1216 2691 sensu,
1241 2659 1479 2696 quetn_dixii1tus.
1507 2656 1573 2696 Nam
1590 2663 1684 2696 revera

904 2690 986 2722 terris
1001 2695 1111 2721 citimus
1136 2701 1198 2730 non_
1216 2690 1277 2730 erat
1299 2694 1339 2730 sol
1360 2698 1440 2721 aetate
1460 2691 1564 2730 Gemini
1590 2691 1617 2717 in
1643 2690 1688 2730 hi-

903 2730 987 2757 herno
1007 2731 1112 2767 tropico
1129 2738 1136 2755 :
1153 2728 1200 2767 sed
1215 2728 1243 2754 in
1262 2727 1399 2767 Sagittarii
1419 2727 1503 2767 gradu
1520 2726 1616 2760 quinto
1629 2726 1686 2767 cir-

903 2766 989 2796 citer;
1007 2765 1054 2801 n_bi
1073 2769 1130 2801 tum
1148 2764 1214 2791 solis
1229 2767 1288 2801 erat
1307 2765 1454 2801 perigeun},
1469 2766 1499 2801 ut
1512 2764 1685 2801 προεθύετο-ιη

903 2801 997 2835 quinto
1011 2799 1198 2830 Geminorum,
1212 2798 1283 2833 quod
1304 2795 1330 2824 et
1347 2795 1406 2834 pag.
1426 2798 1443 2824 ιι
1469 2796 1600 2824 Geminus
1613 2795 1686 2822 indi-

903 2840 977 2906 ca“('6)
996 2871 1028 2897 οι
1040 2869 1074 2896 δὲ
1082 2869 1195 2904 μεταξὺ
1211 2869 1321 2903 χρόνοι.
1338 2866 1439 2894 Eodem
1452 2863 1533 2892 modo
1545 2870 1634 2890 annus
1649 2862 1686 2890 ab
