1902 3143
207 148 254 174 751

699 144 743 171 AD
760 142 893 171 EUSEBII
915 140 1110 170 CHRONICON
1134 140 1316 168 APPENDIX.

1780 137 1831 166 '11"!

208 207 364 240 noctia,hoc
373 206 453 233 modo
461 204 633 233 dividuntur:
645 203 849 238 abaequinoctio
856 209 995 233 verno,us—

1054 201 1149 236 aspubv
1176 200 1268 227 τοῦτον
1292 199 1458 235 διαιροῦνται
1479 198 1525 224 τὸν
1553 197 1667 234 τρόπον·
1695 197 1761 223 Ἀπὸ
1784 197 1833 232 μὲ.»

208 261 262 288 que
269 252 302 280 ad
311 252 454 279 solstitium
460 250 581 278 aestivum
588 250 646 277 dies
654 254 717 277 sunt
726 248 760 276 94
775 248 842 284 1/2;
852 255 912 275 nam
921 247 948 274 in
956 250 996 274 tot

210 299 306 326 diebus
320 298 416 325 transit
436 297 476 324 sol
490 297 620 327 Arietem,
634 293 765 326 Taurum,
781 293 909 321 Geminos
924 296 951 320 et
962 292 995 318 ad

211 346 325 381 primam
336 348 438 378 partem
449 342 546 369 Cancri
555 341 698 373 accedens,
713 340 858 368 solstitium
872 338 995 366 aestivum

210 391 301 419 ellicit.
323 390 364 417 Ab
386 390 480 416 aestivo
501 389 620 416 solstitio
638 395 725 422 usque
742 387 775 414 ad
800 385 995 421 aequinoctium

211 436 366 464 autumnale
379 436 437 463 dies
448 440 512 462 sunt
521 436 555 462 92
566 435 632 470 1/2;
646 442 707 462 nam
717 434 744 461 in
754 437 793 460 tot
805 433 900 460 diebus
909 437 996 459 trans-

211 483 231 508 it
249 481 289 509 sol
302 481 448 513 Cancrum,
460 480 591 513 Leonem,
611 479 762 515 Virginem,
777 482 804 505 et
832 478 866 504 ad
879 477 995 512 primam

211 530 314 561 partem
331 525 419 553 Libra:
436 526 570 553 accedens
585 525 666 553 etlicit
677 524 871 559 aequinoctium
888 526 997 549 autum-

211 573 282 600 nale.
296 573 338 600 Ab
355 572 518 608 :equinoetio
533 571 681 599 autumnali
701 578 788 606 usque
803 570 835 597 ad
847 569 995 597 solstitium

211 619 355 647 hibernum
365 618 423 646 dies
431 622 495 646 sunt
507 618 600 654 881/8
611 627 618 652 ;
629 626 690 645 nam
701 618 728 644 in
741 621 780 644 tot
789 616 884 644 diebus
898 615 997 642 transit

212 666 253 694 sol
286 664 412 699 Lit-rami,
442 664 600 699 Seorpium,
631 663 826 699 Sagittarium,
847 666 875 689 ct
892 661 926 688 ad
946 663 998 695 pri-

213 720 285 740 mam
309 716 411 747 partem
436 710 596 746 Capricorni
618 709 780 745 perveniens
801 707 881 735 ellicit
901 706 997 733 solsti-

213 760 281 791 tium
295 759 449 786 hibernum.
463 758 485 784 Α
500 757 618 785 solstitio
634 756 750 783 hiberno
766 762 853 789 usque
867 753 900 780 ad
913 753 998 787 tequi-

214 806 334 833 noctium
349 812 462 832 vernum
476 804 534 832 dies
550 807 614 831 sunt
627 802 738 837 901/8;
756 802 784 829 in
801 804 842 828 tot
857 799 930 827 enim
940 798 998 825 die-

215 853 265 879 bus
290 852 389 879 transit
418 851 460 878 sol
479 850 583 885 reliqua
603 849 656 876 tria
672 849 760 882 signa,
787 847 996 882 Capricornum.

1049 246 1191 282 ἰσημερίας
1218 246 1330 282 ἐαρινῆς
1357 245 1439 280 μέχρι
1460 244 1564 280 τροπῆς
1590 243 1698 278 θερινῆς
1729 243 1832 278 ἡμέραι

1046 292 1114 318 είσὶν
1123 292 1201 325 ιιδςη·
1212 293 1241 318 ἐν
1257 292 1311 328 γὰρ
1327 291 1471 322 τοσαύταις
1485 290 1601 326 ἡμέραις
1615 289 1808 324 διαπορεύεται
1819 290 1834 316 ὁ

1046 339 1120 374 ἥλιος
1132 339 1226 375 Κριὸν,
1243 338 1358 374 Ταῦρον,
1372 337 1517 373 Διδύμους,
1529 337 1577 364 καὶ¹
1598 337 1644 364 ἐπὶ
1657 336 1707 371 τὴν
1721 335 1835 372 πρώτην

1048 387 1143 421 μοῖραν
1170 386 1215 413 τοῦ
1247 385 1384 421 Καρκίνου
1403 383 1629 420 παραγινόμενος,
1653 383 1703 418 τὴν
1724 382 1835 418 θερινὴν

1046 432 1149 468 τροπὴν
1162 433 1295 458 ποιεῖται·
1314 430 1367 457 ἀπὸ
1380 429 1408 456 δὲ
1421 430 1531 465 θερινῆς
1547 430 1653 465 τροπῆς
1677 429 1775 464 μέχρις
1796 429 1835 454 ίσ-

1046 478 1162 514 ημερίας
1170 476 1478 513 φθινοπωρινῆςὴμέραι
1491 477 1560 502 εἰσὶν
1568 475 1650 510 ὶιβςυ·
1663 476 1692 500 ἐν
1717 474 1774 509 γὰρ
1791 483 1835 500 το-

1049 525 1160 556 σαύταις
1190 523 1307 559 ἡμέραις
1333 522 1525 558 διαπορεύεται
1541 522 1555 547 ὁ
1582 521 1657 556 ἡλιος
1682 519 1834 555 Καρκίνον,

1047 572 1149 598 Λέοντα
1159 591 1166 602 ,
1181 570 1331 606 Παρθένον,
1348 570 1394 596 καὶ
1411 570 1458 595 ἐπὶ
1472 569 1522 604 τὴν
1539 567 1650 603 πρώτην
1663 568 1763 602 μοῖραν
1782 565 1836 591 τῶν

1048 616 1144 652 Χηλῶν
1158 615 1375 651 παραγινόμενος
1395 613 1444 650 τὴν
1465 613 1662 648 φθινοπωρινὴν
1688 610 1836 646 ἰσημερίαν

1049 665 1179 690 ποιεῖται·
1196 662 1250 689 άπὸ
1263 662 1290 688 δὲ
1306 661 1449 697 ἰσημερίας
1461 658 1661 694 φθινοπωρινῆς
1678 657 1760 692 μέχρι
1772 665 1835 692 τρο-

1048 709 1102 744 πῆς
1115 708 1272 744 χειμερινῆς
1289 707 1391 742 ἡμέραι
1406 706 1474 732 εἰσὶν
1487 707 1580 740 πηή¹³¹
1594 711 1600 719 ·
1625 705 1654 730 ἐν
1672 702 1728 738 γὰρ
1742 701 1836 729 τοσαύ-

1048 764 1108 786 ταις
1121 754 1238 790 ἡμέραις
1252 752 1443 787 διαπορεύεται
1453 752 1467 777 ό
1482 751 1556 786 ἡλιος
1569 750 1672 786 Χηλὰς,
1686 749 1833 784 Σκορπίον,

1049 801 1176 835 Τοξότην,
1190 799 1238 826 καὶ
1252 799 1298 826 ὲπὶ
1314 798 1363 834 τὴν
1377 797 1488 833 πρώτην
1497 799 1598 832 ’μοῖραν
1613 795 1836 831 παραγενόμενος

1049 846 1062 871 ὁ
1077 844 1152 879 ἥλιος
1172 843 1218 870 τοῦ
1237 843 1388 877 Δίγόκερω,
1409 842 1459 877 τὴν
1474 841 1632 877 χειμερινὴν
1654 840 1760 876 τροπὴν
1775 847 1835 864 ποι-

214 898 380 933 Aquarium,
397 896 499 924 Pisces.
523 896 623 922 Omnes
643 895 726 930 igitur
741 894 799 921 dies
815 893 911 920 horum
928 899 990 926 qua-

1054 891 1133 916 εῖται·
1151 889 1205 915 ἀπὸ
1221 888 1249 914 δὲ
1271 888 1375 924 τροπῆς
1393 887 1550 923 χειμερινῆς
1569 887 1667 922 μέχρις
1691 885 1837 921 ίσημερψ

215 948 277 971 ιυοι-
285 947 438 977 temporum
450 942 530 969 simul
547 941 647 975 sumpti
667 940 785 967 eliiciunt
802 939 860 966 dies
869 936 995 971 3651/4,

215 992 282 1024 quot
300 988 381 1016 etiam
399 988 427 1015 in
443 995 496 1015 uno
511 990 574 1015 sunt
589 994 670 1014 anno.

1051 934 1160 970 ἐαρινῆς
1177 933 1278 969 ἡμέραι
1291 933 1359 959 εἰσὶν
1377 935 1446 968 ίιήοῶ
1468 942 1475 948 ·
1491 934 1520 959 ὲν
1536 932 1590 968 γὰρ
1605 931 1750 962 τοσαύταις
1769 929 1837 965 ἡμέ-

1053 988 1112 1016 ραις
1136 978 1324 1014 διαπορεύεται
1348 978 1362 1004 ό
1387 977 1461 1012 ἣλιος
1491 977 1525 1004 τὸ.
1547 976 1751 1011 ἀπολειπόμενα
1774 973 1837 1008 τρία

216 1023 313 1069 ξώδια,
330 1036 495 1070 Αίγόκερων,
519 1035 672 1070 ’Υόροχύον,
696 1032 809 1068 Ἰχθύας.
823 1032 854 1058 Αἱ
872 1031 957 1057 πᾶσαι
977 1027 1023 1055 οὖν
1046 1027 1146 1063 ἡμέραι
1161 1027 1263 1053 τούτων
1283 1026 1337 1053 τῶν
1360 1026 1499 1062 τεσσάρων
1519 1026 1620 1061 χρόνων
1646 1023 1837 1059 συντιθέμενοι

217 1084 321 1112 ποιοῦσι
334 1083 386 1116 τξε¹
403 1074 453 1115 δ⁸“’,
468 1085 582 1117 ὅσαιπερ
597 1080 665 1118 ἦσαν
678 1082 705 1108 αἱ
721 1081 766 1108 τοῦ
782 1078 913 1107 ἐνιαυτοῦ.

253 1130 390 1163 Quaeritur
406 1129 489 1164 igitur
512 1129 539 1156 in
560 1129 614 1161 his,
635 1135 694 1160 cur,
710 1134 771 1154 cum
796 1130 913 1162 quatuor
931 1123 996 1151 dicti

217 1177 383 1212 quadrantes
406 1175 510 1203 zodiaci
534 1175 605 1202 inter
631 1182 660 1201 se
685 1173 739 1200 sint
759 1172 888 1207 aequales.
911 1175 937 1198 et
957 1170 999 1198 sol

218 1230 324 1256 semper
339 1221 478 1256 aequaliter
490 1223 630 1247 moveatur
641 1240 649 1251 ,
669 1218 726 1253 ipse
738 1218 764 1245 in
779 1217 947 1253 temporibus
962 1216 1000 1244 in-

218 1267 368 1303 atqualibus
378 1267 496 1302 aequales
511 1266 607 1293 horum
631 1265 811 1300 quadrantum
836 1272 916 1291 arcus
935 1272 999 1299 per-

218 1317 313 1349 agret;
342 1321 405 1340 nam
429 1321 476 1348 per
492 1317 575 1339 totam
596 1312 791 1338 astronomiam
815 1311 1000 1345 praesupponi-

218 1364 275 1392 tur,
289 1365 315 1388 et
329 1360 425 1390 solem,
440 1362 467 1386 et
479 1358 581 1390 lunam,
595 1363 622 1384 et
642 1357 762 1392 quinque
778 1357 899 1391 planetas
911 1363 1002 1391 ecqua-

219 1407 291 1438 liter,
303 1405 486 1436 circulariter,
506 1409 533 1431 et
548 1410 644 1431 contra
660 1403 752 1430 mundi
772 1406 873 1429 motum
884 1402 1000 1429 moveri.

218 1451 386 1488 Pythagortei
405 1451 487 1483 enim,
515 1457 575 1476 cum
598 1449 679 1484 primi
703 1449 752 1476 has
776 1448 940 1483 quaestiones
957 1455 1001 1482 ag-

218 1497 416 1533 grederentur,
444 1498 704 1530 praesupposuerunt
739 1494 887 1521 circulares
921 1497 1002 1528 atque

219 1543 337 1577 aequales
353 1542 429 1572 solis.
446 1542 517 1567 lunae
531 1544 557 1568 et
577 1540 757 1567 erraticarum
780 1539 921 1566 stellarum
942 1546 999 1565 nio-
1015 1544 1034 1570 (‘,

219 1595 273 1616 tus.
296 1587 363 1614 Nam
388 1586 545 1622 huiusmodi
566 1586 792 1621 irregularitatem
809 1593 864 1611 non
883 1584 1001 1612 admise-

219 1639 284 1662 runt
302 1634 330 1661 in
355 1633 397 1661 his
426 1632 526 1660 divinis
547 1636 629 1667 atque
651 1631 761 1659 aeternis
776 1631 949 1666 corporibus,
973 1635 1003 1657 ut

220 1677 354 1708 interdum
379 1679 499 1706 velocius
526 1682 710 1710 moverentur,
730 1678 866 1704 interdum
885 1677 1002 1709 tardius,

220 1726 357 1754 interdum
376 1728 490 1756 starent,
512 1729 542 1752 ut
565 1732 631 1752 sane
649 1724 729 1752 etiam
753 1724 884 1752 stationes
906 1727 1003 1751 vocant

221 1773 249 1800 in
264 1772 386 1807 quinque
404 1771 529 1798 erraticis
546 1770 642 1798 stellis.
656 1770 748 1805 Neque
762 1771 834 1797 enim
851 1770 878 1797 in
892 1770 1003 1797 homine

219 1820 288 1848 bene
306 1819 331 1854 3
351 1817 501 1853 composito
519 1821 546 1845 et
567 1817 693 1845 ordinato
715 1817 796 1844 talem
819 1820 910 1843 motus
933 1816 1003 1843 irre-

218 1865 391 1901 gularitatem
415 1864 443 1891 in
469 1863 609 1899 gressibus
631 1862 729 1898 aliquis
744 1862 921 1894 admitteret;
939 1869 1002 1888 nam

219 1911 281 1938 vitae
296 1910 473 1938 necessitates
486 1917 557 1944 satpe
570 1909 640 1936 ﬁunt
654 1908 811 1936 hominibus
823 1915 912 1935 causa:
921 1907 1005 1935 tardi-

219 1957 294 1989 tatis,
307 1960 334 1983 et
348 1955 508 1983 velocitatis.
523 1954 558 1981 At
572 1955 600 1981 in
615 1955 673 1989 ipsa
686 1954 886 1989 incorruptibili
905 1957 1003 1981 natura

219 2003 358 2030 stellarum
378 2010 433 2030 non
448 2005 538 2037 potest
553 2002 607 2029 ulla
624 2008 707 2028 causa
723 2001 870 2028 celeritatis
895 2004 922 2028 et
949 2005 1005 2027 tar-

218 2049 311 2076 ditatis
333 2048 441 2076 adduci.
471 2048 556 2081 Quam
581 2048 616 2075 ob
626 2055 737 2075 causam
753 2047 921 2083 Pythagoraei
935 2048 1005 2074 hanc

219 2098 419 2129 proposuerunt
439 2094 616 2129 quaestionem
637 2092 797 2126 :Quomodu
811 2101 860 2128 per
882 2093 1003 2120 circula—

219 2146 263 2166 res
280 2142 307 2165 et
327 2139 445 2173 aequales
474 2143 563 2165 motus
578 2143 690 2173 possent
707 2139 873 2173 apparentia:
889 2138 999 2166 salvari.

255 2184 292 2212 De
309 2184 420 2219 reliquis
436 2184 516 2218 igitur
531 2183 646 2218 planetis
670 2184 697 2211 in
719 2175 781 2211 aliis
798 2184 909 2218 scriptis
937 2192 1004 2211 catt-

220 2238 278 2258 sam
293 2238 475 2265 exponemus;
491 2237 565 2257 nunc
581 2238 645 2257 vero
661 2231 695 2258 de
715 2231 772 2258 SOiC
785 2238 896 2258 causam
908 2234 1002 2258 osten-

220 2277 324 2309 demus,
338 2284 398 2309 cur,
419 2284 480 2303 cum
495 2276 634 2311 mqualiter
656 2281 809 2309 moveatur,
830 2277 857 2304 in
870 2278 1003 2312 tempori~

220 2322 272 2348 bus
287 2322 465 2357 inaequalibus
489 2322 606 2356 aequales
627 2329 708 2349 arcus
731 2323 836 2349 zodiaci
859 2323 999 2350 conticiat.

221 2367 353 2401 Suprema
370 2367 451 2402 igitur
465 2372 507 2394 est
523 2367 644 2394 omnium
658 2375 690 2395 ea
704 2368 810 2402 sphaera
823 2387 831 2400 ,
848 2375 910 2403 qua
931 2369 998 2396 stel-

219 2412 308 2438 larum
329 2411 442 2439 lixarum
455 2412 565 2445 dicitur,
578 2421 638 2448 quae
654 2413 682 2440 in
693 2421 723 2441 se
738 2415 860 2442 continet
876 2415 997 2442 omnium

220 2457 334 2484 ﬁxarum
349 2458 605 2490 constellationum,
628 2459 684 2486 sive
710 2459 849 2494 signorum
872 2460 1000 2495 eliigiein.

219 2503 280 2531 Non
293 2509 334 2532 est
349 2507 439 2532 autem
454 2505 627 2539 cogitandum
640 2524 647 2537 ,
664 2512 759 2533 omnes
776 2507 870 2534 stellas
886 2507 937 2533 sub
949 2513 996 2533 ea-

219 2551 280 2578 dem
295 2557 354 2578 esse
370 2550 472 2585 positas
489 2550 649 2585 superﬁcie,
675 2551 723 2578 sed
740 2552 807 2579 alias
824 2559 886 2579 esse
913 2552 1000 2579 subli-

219 2597 336 2629 miores,
359 2596 426 2623 alias
442 2596 609 2624 humiliores.
629 2595 696 2623 Cum
721 2597 793 2624 enim
810 2597 888 2624 visus
903 2601 997 2624 noster

220 2645 254 2671 ad
269 2645 400 2679 aequalem
423 2643 615 2677 longitudinem
640 2650 655 2669 a
680 2647 753 2670 terra
767 2643 796 2670 in
819 2643 918 2670 coelum
936 2651 998 2670 sese

1093 1124 1277 1160 Ἐπιζητεῖται
1293 1121 1339 1151 οὖν
1353 1125 1382 1150 ὲν
1394 1123 1510 1158 τούτοις,
1521 1123 1590 1156 πῶς,
1605 1125 1669 1150 ῐσων
1681 1124 1767 1151 ὄντων
1783 1125 1836 1152 τῶν

1053 1171 1191 1206 τεσσάρων
1210 1171 1310 1207 μορίων
1341 1170 1388 1197 τοῦ
1410 1169 1540 1201 ζωδιακοῦ
1567 1170 1685 1203 κύκλου⁷
1709 1171 1724 1197 ό
1747 1171 1836 1207 ἥλιος,

1053 1217 1184 1255 ἰσοταχῶς
1195 1215 1421 1255 ,κινούμενοςιδιὰ
1436 1215 1552 1250 παντὸς,
1566 1215 1595 1242 ἐν
1613 1216 1714 1249 ἀνίσοις
1732 1216 1839 1252 χρόνοις

1051 1265 1240 1300 διαπορεύεται
1253 1265 1303 1296 τὰς
1318 1265 1377 1296 ἴσας
1402 1265 1589 1300 περιφερείας.
1608 1265 1766 1292 ’Υπόκειται
1786 1266 1839 1301 γὰρ

1053 1311 1120 1346 πρὸς
1143 1311 1206 1347 ὅλην
1238 1311 1286 1346 τὴν
1309 1311 1506 1346 άστρολογίαντ
1532 1311 1606 1346 ἥλιόν
1631 1319 1662 1338 τε
1686 1312 1733 1338 καὶ
1763 1313 1831 1348 σελὴ

1053 1366 1101 1393 νην
1112 1377 1119 1389 ,
1135 1358 1182 1384 καὶ
1207 1358 1270 1388 τοὺς
1285 1357 1365 1383 πέντε
1389 1357 1526 1393 πλανήτας
1544 1358 1736 1393 ίσοταχῶς,καὶ
1758 1360 1838 1392 ἐγκυ-

1053 1404 1144 1436 κλίως,
1165 1404 1211 1430 καὶ
1227 1403 1393 1435 ὑπεναντίως
1413 1403 1452 1438 τῷ
1474 1403 1568 1438 κόσμῳ
1586 1404 1727 1430 κινεῖσθαι.
1745 1405 1838 1440 Οἱγὰρ

1053 1449 1250 1484 Πυθαγόρειοι,
1278 1448 1381 1483 πρῶτοι
1407 1448 1599 1484 προσελθόντες
1621 1450 1680 1480 ταῖς
1701 1451 1839 1482 τοιαύταις

1053 1496 1214 1530 ζητήσεσιν,
1234 1495 1363 1522 ὑπέθεντο
1384 1495 1543 1529 ἐγκυκλίως
1559 1496 1606 1522 καὶ
1626 1496 1729 1531 ὁμαλὰς
1748 1497 1837 1533 ἡλίου,

1051 1544 1098 1570 καὶ
1123 1544 1237 1579 σελήνης
1253 1563 1260 1575 ,
1279 1544 1326 1570 καὶ
1349 1543 1403 1569 τῶν
1432 1547 1451 1569 ε’
1476 1543 1617 1578 πλανητῶν
1641 1545 1765 1580 ἀστέρων
1791 1545 1838 1576 τὰς

1054 1590 1183 1625 κινήσεις.
1200 1589 1254 1625 Τὴν
1267 1589 1320 1625 γὰρ
1331 1589 1457 1623 τοιαύτην
1472 1589 1583 1622 ἀταξίαν
1599 1590 1628 1616 οὑ
1646 1590 1838 1625 προσεδέξαντο

1054 1636 1122 1670 πρὸς
1135 1635 1170 1662 τά
1186 1634 1245 1662 θεῖα
1256 1635 1302 1661 καί
1325 1634 1421 1662 αἰώνια
1431 1643 1438 1649 ·
1456 1635 1493 1666 ὡς
1509 1635 1573 1661 ποτὲ
1585 1635 1632 1670 μὲν
1649 1635 1743 1670 τάχιον
1758 1638 1839 1663 κινεῖ-

1055 1679 1126 1712 σθαι,
1140 1679 1204 1706 ποτὲ
1219 1680 1246 1706 δὲ
1261 1679 1378 1715 βράδιον,
1393 1678 1457 1705 ποτὲ
1469 1679 1497 1705 δὲ
1517 1679 1675 1714 ἑστηκέναι’
1689 1680 1736 1711 οὒς
1751 1681 1784 1716 δὴ
1795 1682 1838 1707 καὶ

1055 1726 1165 1752 καλοῦσι
1188 1726 1356 1761 στηριγμοὺς
1375 1725 1421 1752 ἐπὶ
1437 1725 1491 1751 τῶν
1515 1729 1535 1752 ε’
1549 1725 1692 1761 πλανητῶν
1706 1727 1837 1762 ἀστέρων.

1055 1772 1121 1798 Οὐδὲ
1132 1771 1186 1807 γὰρ
1203 1771 1266 1807 περὶ
1278 1771 1420 1807 ἄνθρωπον
1439 1771 1551 1807 κόσμιον
1567 1772 1615 1798 καὶ
1631 1773 1799 1807 τεταγμένον
1813 1774 1839 1799 ἐν

1054 1820 1113 1850 ταῖς
1131 1818 1254 1853 πορείαις
1271 1817 1320 1854 τὴν
1333 1817 1460 1853 τοιαύτην
1475 1818 1630 1854 ἀνωμαλίαν
1643 1819 1692 1854 τῆς
1707 1820 1840 1854 κινήσεως

1055 1864 1234 1900 προσεδέξατο
1252 1865 1262 1880 ⁸
1278 1865 1310 1891 ἄν
1333 1873 1391 1896 τις·
1411 1866 1439 1891 αί
1460 1865 1514 1900 γὰρ
1538 1864 1586 1891 τοῦ
1600 1864 1658 1900 βίου
1680 1867 1771 1901 χρεῖαι
1787 1869 1840 1898 τοῖς

1055 1910 1208 1946 ἀνθρώποις
1223 1911 1354 1943 πολλάκις
1375 1911 1459 1937 αἴτιαι
1472 1910 1592 1945 γίνονται
1616 1911 1783 1946 βραδυτῆτος
1797 1913 1841 1938 καὶ

1054 1957 1206 1992 ταχυτῆτος
1215 1965 1222 1972 ’
1235 1957 1299 1992 περὶ
1312 1956 1339 1982 δὲ
1352 1956 1401 1991 τὴν
1411 1956 1548 1992 ἄφθαρτον
1562 1956 1642 1991 φύσιν
1652 1957 1707 1983 τῶν
1720 1958 1841 1993 ἀστέρων

1055 2003 1183 2038 οὐδεμίαν
1193 2003 1303 2029 δυνατὸν
1320 2003 1409 2030 αἰτίαν
1423 2003 1611 2038 προσαχθῆναι
1631 2004 1783 2038 ταχυτῆτος
1796 2005 1840 2030 καί

1057 2049 1231 2085 βραδυτῆτος,
1251 2050 1288 2076 Δι’
1300 2050 1395 2085 ἥντινα
1407 2049 1497 2076 αίτίαν
1505 2049 1665 2085 προέτειναν
1683 2049 1766 2077 οὓτω·
1782 2051 1842 2083 Πῶς

1056 2095 1089 2122 ἂν
1101 2096 1134 2122 δι’
1152 2095 1303 2130 ἐγκυκλίων
1318 2096 1364 2122 καὶ
1377 2095 1486 2130 ὁμαλῶν
1501 2096 1634 2132 κινήσεων
1647 2097 1792 2133 ἀποδοθείη
1811 2098 1842 2124 τὰ

1058 2143 1136 2177 φαινό
1140 2151 1217 2178 μενα.

1092 2188 1160 2223 Περὶ
1180 2187 1229 2223 μὲν
1243 2185 1289 2214 οὖν
1300 2187 1353 2214 τῶν
1365 2187 1465 2214 λοιπῶν
1473 2188 1595 2224 ἀστέρων
1611 2189 1640 2215 ἐν
1655 2190 1760 2223 ἑτέροις
1775 2191 1841 2217 ἀπο-

1057 2232 1178 2268 δώσομεν
1194 2233 1242 2268 τὴν
1255 2232 1342 2259 αἰτίαν
1352 2241 1358 2247 ·
1373 2232 1431 2259 νυνὶ
1441 2233 1469 2259 δὲ
1485 2233 1549 2268 περὶ
1562 2232 1636 2268 ἡλίου
1655 2233 1840 2270 ὑποδείξομεν,

1057 2279 1090 2305 δι’
1108 2279 1139 2314 ἣν
1155 2279 1244 2305 αίτίαν
1258 2278 1387 2314 ἰσοταχῶς
1402 2278 1570 2313 κινούμενος,
1584 2280 1613 2305 ἐν
1624 2279 1726 2311 ἀνίσοις
1737 2280 1842 2315 χρόνος

1057 2324 1107 2356 τὰς
1122 2325 1182 2356 ἴσας
1196 2324 1372 2360 περιφερείας
1393 2324 1583 2360 διαπορεύεται
1597 2325 1607 2340 ⁹
1617 2333 1624 2339 ·
1641 2325 1774 2351 ἀνωτάτω
1789 2326 1841 2361 γὰρ

1058 2372 1166 2398 πάντων
1192 2372 1265 2397 ἐστὶν
1292 2371 1310 2406 ἡ
1332 2370 1466 2406 λεγομένη
1496 2370 1550 2396 τῶν
1571 2370 1700 2398 ἀπλανῶν
1721 2371 1842 2406 ἀστέρων

1057 2418 1167 2453 σφαῖρα,
1186 2418 1202 2452 ἡ
1219 2416 1383 2452 περιέχουσα
1397 2416 1506 2442 πάντων
1516 2416 1570 2442 τῶν
1586 2415 1841 2452 κατηστερισμένων

1056 2462 1159 2494 ζωδίων
1175 2463 1223 2498 τὴν
1239 2461 1440 2489 εἰδωλοποιίαν·
1449 2462 1479 2488 οὑ
1499 2462 1603 2494 πάντας
1615 2461 1714 2494 δὲτοὺς
1726 2463 1842 2498 ἀστέρας

1056 2508 1227 2544 ὑποληπτέον
1245 2508 1299 2535 ὑπὸ
1318 2509 1383 2544 μίαν
1402 2508 1563 2542 ἐπιφάνειαν
1578 2508 1704 2535 κεῖσθαι·
1727 2508 1784 2536 ἀλλ’
1798 2509 1844 2539 οὓς

1059 2555 1108 2589 μὲν
1130 2555 1347 2591 μετεωροτέρους
1363 2555 1505 2590 ὑπάρχειν,
1524 2554 1570 2586 οὓς
1580 2554 1609 2580 δὲ
1625 2555 1841 2590 ταπινοτέροιις.

1056 2599 1106 2627 Διὰ
1122 2600 1150 2627 δὲ
1173 2601 1203 2627 τὸ
1227 2601 1277 2636 τὴν
1299 2601 1394 2636 ὅρασιν
1422 2601 1468 2627 ἐπὶ
1492 2600 1548 2627 ίσον
1563 2601 1728 2633 ἐξικνεῖσθαι
1749 2602 1840 2637 μῆκος,

1057 2645 1255 2681 ἁνεπαίσθητος
1267 2646 1371 2680 γίνεται
1384 2647 1399 2682 ἡ
1414 2647 1460 2673 τοῦ
1477 2646 1560 2681 ὕψους
1574 2646 1702 2683 διαφορά.

219 2691 370 2719 extendat:
398 2690 519 2718 redditur
550 2690 716 2717 insensibilis
742 2689 894 2718 altitudinis
920 2690 1086 2719 diﬂ‘erentia.

255 2770 264 2786 ’
282 2779 327 2804 γρ.
342 2770 529 2806 ἀστρονομίαν.
567 2770 578 2786 ⁸
597 2768 838 2805 πομποοαδέξεται.

221 2825 373 2862 Hipparcho
388 2827 550 2854 distributus
561 2831 613 2854 est.
630 2826 698 2853 Vide
711 2826 757 2854 lib.
776 2835 802 2853 tv
819 2827 854 2853 De
872 2826 994 2853 doclriua

887 2770 897 2785 ’
917 2778 960 2804 πρ.
980 2770 1201 2806 περιπορεύεται.

1051 2828 1212 2855 caaterisoue
1225 2837 1284 2864 qua:
1299 2829 1343 2856 hic
1359 2837 1374 2855 a
1399 2828 1514 2856 Gemino
1529 2827 1627 2856 tradita
1645 2833 1722 2862 sunt,
1739 2829 1844 2865 copiose

218 2867 375 2897 temporum,
389 2863 476 2897 capite
497 2862 542 2894 30,
565 2862 610 2889 ubi
631 2862 664 2889 de
683 2870 788 2890 summa
811 2863 878 2890 solis
904 2862 996 2897 apside
1052 2869 1223 2898 disputatur.
