1902 3143
85 148 130 177 753

589 143 709 172 GEMINI
729 143 917 172 ELEMENTA
933 142 1179 171 ASTBONOMIE.

1638 141 1691 169 ’ἵει

117 203 178 232 Ὑπὸ
200 204 227 230 δὲ
253 202 303 238 τὴν
327 201 381 229 τῶν
401 201 528 228 ἀπλανῶν
546 201 583 236 (7)
601 202 723 237 ἀστέρων
739 202 853 236 σφαῖραν

944 200 1000 228 Sub
1015 201 1120 236 sphaera
1135 199 1274 228 stellarum
1292 199 1406 226 ﬁxarum
1422 198 1531 233 ponitur
1551 198 1627 225 stella
1643 197 1692 225 Sa-

82 253 159 280 κεῖται
191 250 291 285 φαίνων
323 250 338 276 6
370 248 416 276 τοῦ
449 248 553 284 Κρόνου
586 248 856 284 προσαγορευόμενος

81 298 167 332 ἀστήρ.
185 293 266 327 Οὗτος
276 295 321 322 τὸν
336 295 384 330 μὲν
396 293 528 327 ζωδιακὸν
539 293 637 320 κύκλον
652 294 680 320 ἐν
697 293 768 321 ἔτεσι
781 293 802 320 λ’
818 293 856 325 ὡς

82 345 181 378 ἔγγιστα
205 341 413 378 διαπορεύεται·
445 340 475 367 τὸ
504 341 533 367 δὲ
558 340 586 367 ἓν
612 340 706 372 ζώδιον
730 341 759 367 ὲν
781 340 856 366 δυσὶν

81 390 143 416 ἔτεσι
154 388 197 415 καὶ
208 387 237 420 ἓξ
252 387 342 422 μησίν.
364 387 433 414 ’Υπὺ
451 387 479 414 δὲ
492 387 537 414 16v
551 387 679 421 φαίνοντα
692 386 795 413 κατὼτε
801 394 854 422 ρον·

81 434 152 462 αὑτοῦ
168 434 276 469 φέρεται
301 426 420 466 φαέθων,
441 434 455 460 6
475 433 521 460 τοῦ
546 433 629 468 Ζηνὸς
646 432 847 468 προσαγορευό-

81 488 152 515 μενος
166 479 260 514 ἁστήρ.
284 475 368 510 Οὗτος
396 478 424 504 δὲ
437 479 482 505 τὸν
498 478 628 510 ζωδιακὸν
641 478 740 505 κύκλον
760 478 854 504 διαπο-

81 524 176 560 ρεύεται
203 524 231 550 ὲν
262 523 294 558 ιβ’
321 523 409 549 ἔτεσι·
424 524 456 549 16
475 523 503 550 δὲ
520 524 550 550 ἓν
571 522 665 555 ζώδιον
687 524 715 550 ὲν
729 523 854 559 ἐνιαυτῷ.

84 571 143 598 Ὑπὸ
166 570 193 597 δὲ
220 570 314 597 τοῦτον
345 570 474 596 τέτακται
496 570 616 605 πυρόεις,
634 570 648 596 6
674 569 721 596 τοῦ
746 571 854 605 Ἀρεος.

78 615 154 648 Οὗτος
165 616 191 642 δὲ
198 616 244 642 τὸν
263 616 313 651 μὲν
324 615 455 648 ζωδιακὸν
471 615 570 642 κύκλον
587 615 723 651 διέρχεται
736 617 764 642 ὲν
777 617 854 642 δυσὶν

77 663 142 690 ἔτεσι
159 663 203 690 καὶ
227 663 355 698 ὲξαμήνῳ
370 671 377 678 ·
395 663 424 689 16
441 663 470 689 δὲ
484 662 579 695 ζώδιον
595 663 623 689 ὲν
636 662 695 688 δυσὶ
720 663 786 698 unci
807 663 855 689 καὶ

77 708 170 743 ἡμίσει.
189 708 244 743 Τὴν
273 708 301 735 δὲ
315 708 447 744 ἐχομένην
475 707 567 744 χώραν
598 708 708 743 κατέχει
733 709 747 735 ὁ
768 707 853 743 ἣλιος,

77 754 182 790 ἐνιαυτῷ
208 754 435 789 διαπορευόμενος
448 755 493 781 16v
510 754 640 787 ζωδιακδν
654 754 764 784 κύκλον,
781 754 811 780 16
825 754 857 780 δὲ

78 799 161 832 (eam
186 799 223 831 ὡς
246 799 362 834 ἔγγιστα
384 799 424 825 ἑνὶ
443 799 516 834 μηνί.
531 799 693 834 Κατὶὒτερος
713 799 741 825 δὲ
760 799 853 825 τούτου

78 847 156 872 κεῖται
167 846 320 880 φωσφόρος,
332 847 346 872 6
359 845 408 880 τῆς
431 845 589 881 Ἀφροδίτης
612 845 710 881 ἀστήρ.
729 842 811 877 Οὗτος
826 845 854 871 δὲ

908 247 992 278 turni,
1009 246 1111 274 Grtecis
1135 246 1255 280 φαίνων,
1275 245 1301 272 id
1329 250 1370 273 est
1397 245 1497 278 lucens,
1519 244 1600 272 dicta.
1629 243 1692 272 llaec

909 293 987 321 stella
1016 292 1160 320 zodiacum
1189 293 1320 319 circulum
1340 292 1367 318 in
1391 291 1503 326 triginta
1532 291 1610 319 anuis
1637 290 1710 319 fere.

908 343 1046 374 peragrat.
1064 345 1147 364 unum
1163 345 1228 364 vero
1244 337 1350 372 signum
1366 336 1473 364 duobus
1490 336 1585 368 annis,
1602 341 1628 364 et
1645 345 1692 364 sex

908 383 1060 411 mensibus.
1074 382 1132 410 Sub
1144 381 1273 415 Saturno,
1289 390 1375 416 coque
1390 381 1506 409 inferius
1522 381 1607 408 fertur
1618 381 1693 410 Jovis

909 429 997 461 stella,
1011 436 1071 463 qua:
1086 427 1188 455 Graecis
1204 427 1312 454 Φαέθων
1323 431 1445 454 vocatur.
1458 426 1586 461 Peragrat
1602 431 1692 453 autem

909 474 1015 509 Jupiter
1031 474 1172 502 zodiacum
1190 474 1217 500 in
1233 473 1376 500 duodecim
1403 473 1503 500 annis:
1526 481 1610 500 unum
1629 481 1693 500 vero

908 521 1014 555 signum
1031 520 1058 547 in
1073 527 1145 546 anno
1157 527 1222 547 uno.
1245 518 1301 546 Sub
1315 518 1380 546 J0ve
1397 519 1448 546 sita
1464 523 1505 546 est
1528 519 1604 546 stella
1623 518 1694 545 Mar-

909 565 955 592 tis.
972 565 1074 592 Grareis
1099 565 1210 599 πυρόεις
1231 568 1337 591 vocata.
1364 563 1427 590 llaec
1448 564 1524 591 stella
1551 564 1692 590 zodiacum

908 611 1019 638 conﬁcit
1036 611 1115 638 annis
1142 610 1248 637 duobus
1262 629 1269 642 ,
1297 615 1323 637 et
1341 617 1389 637 sex
1416 609 1556 636 mensibus
1574 618 1580 636 :
1608 616 1692 635 unum

909 663 974 683 vero
986 656 1093 690 signum
1109 655 1216 682 duobus
1240 655 1391 685 mensibus.
1413 658 1441 681 et
1456 654 1579 681 dimidio.
1597 653 1695 680 Proxi-

908 710 981 730 mum
998 703 1087 729 locum
1104 702 1208 729 obtinet
1224 702 1280 733 sol,
1302 709 1358 728 uno
1381 709 1453 728 anno
1474 701 1615 728 zodiacum
1633 709 1693 736 per-

907 756 1025 784 agrans:
1044 757 1127 776 unum
1148 752 1239 776 autem
1251 748 1359 782 signum
1380 755 1435 774 uno
1447 747 1502 774 fere
1518 755 1621 774 mens".
1649 746 1693 772 Ι-ι-

908 794 991 822 ferior
1007 795 1064 822 sole
1077 798 1119 822 cst
1133 793 1254 826 Lucifer,
1271 793 1298 820 id
1319 799 1361 821 est
1391 794 1469 820 stella
1485 793 1610 820 Veneris.
1632 792 1694 820 llaec

908 840 962 868 fere
978 840 1075 874 aequali
1089 840 1233 867 velocitate
1249 847 1311 865 cum
1336 838 1393 866 sole
1409 842 1545 865 movetur.
1566 837 1622 865 Sub
1640 837 1693 864 Ve-

77 891 110 922 ὡς
130 891 238 926 ἔγγιστα
266 891 397 926 ἰσοταχῶς
421 892 534 918 κινεῖται
560 890 599 926 τῷ
624 890 691 927 ἡλίῳ
709 890 757 926 (8).
786 890 853 916 Ὑπὸ

907 894 971 913 nere
988 886 1140 913 collocatur
1155 884 1283 912 Mercurii
1302 885 1392 916 stella,
1406 892 1467 919 qua:
1479 887 1506 911 et
1518 884 1576 918 ipsa
1591 883 1640 911 soli
1653 886 1694 910 est

77 937 160 964 τοῦτον
170 938 197 964 δὲ
216 939 229 965 6
244 937 292 965 τοῦ
322 937 424 974 Ἑρμοῦ
446 937 533 973 ἀστὴρ
546 939 634 964 κεῖται
645 946 652 953 ·
667 938 714 964 καὶ
732 937 812 969 αὐτός
824 946 853 964 τε

77 983 198 1018 ἰσοταχῶς
232 983 398 1019 κινεῖταιτῷ
423 984 500 1019 ἡλίῳ.
518 984 672 1019 Κατωτέρω
694 983 722 1010 δὲ
746 984 854 1011 πάντων

77 1029 177 1065 φέρεται
191 1031 207 1066 ἡ
225 1030 324 1066 σελήνη
335 1031 363 1057 ὲν
378 1030 495 1065 ἡμέραις
506 1033 530 1055 κ’
544 1029 591 1056 καὶ
608 1030 630 1062 ζ’
644 1030 691 1056 καὶ
705 1030 789 1066 τρίτῳ
799 1030 856 1057 δια-

76 1075 237 1111 πορευομένη
268 1075 314 1102 τὸν
332 1073 463 1107 ζωδιακὸν
480 1075 579 1102 κύκλον
591 1084 598 1091 ο
621 1075 651 1102 16
668 1075 696 1102 δὲ
720 1075 813 1107 ζώδιον
826 1076 855 1103 ὲν

76 1120 183 1156 ἡμέραις
200 1121 222 1156 β’
241 1121 290 1149 καὶ
311 1121 434 1156 τετάρτῳ
457 1120 534 1156 μέρει
552 1120 602 1156 τῆς
621 1121 686 1156 μιᾶς
697 1120 803 1156 ἡμέρας
817 1120 855 1152 ὼς

76 1167 187 1202 ἔγγιστα.

106 1214 134 1240 Εἰ
161 1212 269 1250 μὲνοῦν
290 1214 304 1240 6
321 1214 395 1248 ἥλιος
418 1214 533 1250 ἐκινεῖτο
554 1214 600 1240 ἐπὶ
623 1213 677 1240 τῶν
692 1222 856 1249 κατηστερι-

75 1249 172 1293 σμένων
192 1259 308 1291 ζωδὶων,
332 1259 440 1291 πάντως
457 1259 490 1286 ἂν
507 1249 627 1294 ὲῖίίνοντο
643 1259 667 1285 οἱ
690 1259 789 1294 μεταξὺ
802 1259 856 1285 τῶν

74 1304 172 1339 τροπῶν
183 1305 230 1331 καὶ
241 1305 298 1331 τῶν
319 1304 468 1340 ίσημεριῶν
479 1305 570 1340 χρόνοι
583 1304 636 1331 ἴσοι
651 1304 783 1339 ἀλλήλοις.
801 1305 856 1336 Τὰς

73 1349 121 1384 γὰρ
139 1350 196 1382 ἴσας
214 1350 392 1386 περιφερείας
408 1350 538 1385 ἰσοταχῶς
555 1350 723 1386 κινούμενος,
743 1350 856 1385 ὠφειλεν

73 1396 98 1421 ὲν
110 1396 172 1427 ἴσοις
183 1397 304 1423 διανύειν
315 1396 429 1431 χρόνοις.
439 1396 554 1431 Ὁμοίως
563 1397 591 1422 δὲ
605 1397 629 1422 εί
644 1397 690 1423 καὶ
703 1395 856 1432 κατώτερον

73 1441 114 1468 τοῦ
129 1442 261 1474 ζωδιακοῦ
275 1442 375 1469 κύκλου
388 1443 536 1478 φερόμενος
550 1444 564 1471 6
576 1443 661 1478 ἥλιος,
675 1443 739 1478 περὶ
754 1442 784 1469 16
792 1442 857 1469 αὐτὸ

73 1488 176 1524 κέντρον
206 1491 329 1516 ἐκινεῖτοι
349 1489 388 1525 τῷ
407 1489 530 1525 ζωδιακῴ
545 1489 647 1524 κύκλῳ,
664 1490 710 1516 καὶ
724 1489 809 1521 οὕτως
824 1489 856 1516 ἂν

72 1533 183 1567 ἐγίνοντο
206 1536 230 1562 oi
253 1535 356 1570 μεταξὺ
374 1536 427 1562 τῶν
443 1536 551 1572 τροπῶν
570 1536 616 1562 καὶ
634 1536 688 1562 τῶν
708 1536 856 1572 ίσημεριῶν

71 1579 153 1614 χρόνοι
165 1580 228 1607 ἴσοι.
245 1581 350 1612 Πάντες
359 1581 415 1617 γὰρ
429 1583 453 1608 oi
468 1581 531 1617 περὶ
545 1581 575 1607 16
587 1581 653 1608 αὐτὸ
663 1582 774 1618 κέντρον
789 1590 856 1617 γρα-

71 1624 174 1660 φόμενοι
207 1626 231 1642 ¹⁹
260 1625 355 1652 κύκλοι
381 1626 481 1661 ὁμοίως
507 1627 559 1653 ὑπὸ
580 1627 600 1642 ¹¹
624 1627 679 1654 τῶν
704 1627 856 1663 διαμέτρων

70 1668 242 1706 διαιροῦνται.
253 1672 346 1703 Ὥστε,
358 1672 420 1698 ἐπεὶ
429 1673 443 1698 6
455 1672 585 1705 ζωδιακὸς
591 1673 689 1704 κύκλος
700 1674 739 1704 είς
752 1673 772 1699 δ’
786 1674 855 1709 μέρη

72 1715 112 1742 ίσα
122 1716 268 1753 διαιρεῖται
296 1717 348 1744 ὑπὸ
367 1718 421 1745 τῶν
440 1718 603 1753 διαμέτρων,
619 1719 673 1746 τῶν
689 1719 723 1746 τὰ
738 1720 856 1754 τροπικὰ

71 1763 112 1788 καὶ
129 1763 278 1799 ἱσημερινὰ
300 1765 400 1798 σημεῖα
417 1764 650 1798 ἐπιζευγνυουσῶν
661 1785 669 1797 ,
686 1766 792 1802 ἀνάγκη
809 1766 855 1792 καὶ

69 1808 110 1835 τὸν
119 1810 228 1845 ἡλιακὸν
253 1810 355 1838 κύκλον
374 1811 413 1843 είς
432 1811 453 1838 δ’
468 1812 536 1848 μέρη
554 1812 714 1848 διαιρεῖσθαι
741 1812 786 1839 ἴσα
804 1813 856 1839 ὑπὸ

69 1854 118 1881 τῶν
136 1857 225 1883 αὐτῶν
249 1857 415 1893 διαμέτρων.
446 1857 586 1893 Ἰσοταχῶς
606 1856 652 1885 οὖν
671 1859 828 1894 κινούμενος
842 1860 856 1886 6

70 1900 138 1935 ἥλιος
151 1903 196 1929 ἐπὶ
211 1903 263 1939 τῆς
277 1903 347 1934 ἰδίας
368 1903 543 1939 περιφερείας
560 1924 567 1936 ,
593 1903 666 1935 ἴσους
685 1904 718 1930 ἂν
734 1904 856 1931 ἐπετέλει

69 1949 126 1980 τοὺς
136 1949 191 1976 τῶν
203 1948 428 1985 τεταρτημορίων
439 1950 559 1984 χρόνους,
574 1949 643 1976 Νυνὶ
658 1950 686 1976 δὲ
702 1950 856 1986 κατώτερον

70 1993 174 2028 φέρεται
187 1997 201 2022 6
215 1996 305 2031 ἥλιος,
326 1995 373 2023 καὶ
390 1996 435 2022 ἐπὶ
451 1996 596 2030 ἐκκέντρου
611 1996 711 2022 κύκλου
728 1997 865 2028 κινεῖται,.

69 2039 189 2076 καθάπερ
214 2042 436 2078 ὑπογέγραπται.
461 2041 498 2067 Οὐ
526 2041 580 2076 γὰρ
600 2041 631 2067 16
655 2041 720 2067 αὐτὸ
744 2041 854 2077 κέντρον

69 2085 122 2112 ἐστὶ
134 2087 180 2113 τοῦ
195 2087 316 2124 ἡλιακοῦ
329 2087 428 2115 κύκλου
443 2088 491 2114 καὶ
507 2087 553 2114 τοῦ
573 2087 705 2120 ζωδιακοῦ
717 2096 723 2102 ·
740 2087 798 2114 ἀλλ’
813 2088 855 2122 ἐφ’

68 2131 94 2156 ἓν
110 2133 130 2148 ιι
144 2133 228 2169 μέρος
260 2133 403 2169 παρῆκται
430 2133 508 2169 ’1)τοῦ
529 2133 602 2169 ἡλίου
629 2135 740 2169 σφαῖρα.
759 2134 807 2160 Διὰ
828 2133 855 2160 δὲ

68 2177 113 2212 τὴν
125 2179 256 2215 τοιαύτην
272 2179 348 2206 Θέσιν
365 2180 405 2211 είς
415 2179 534 2215 τέσσαρα
545 2179 614 2215 μέρη
625 2179 704 2207 ἄνισα
711 2180 856 2215 διαιρεῖται

904 931 1017 966 aequalis
1043 931 1070 958 in
1088 936 1173 958 motu.
1192 930 1287 957 Inﬁma
1307 931 1428 957 omnium
1445 934 1486 957 est
1510 929 1603 961 Luna,
1633 937 1694 965 qtae

905 979 999 1006 diebus
1017 978 1052 1004 27
1071 978 1122 1004 1/3
1137 977 1277 1004 zodiacum
1296 977 1446 1013 percurrit,
1465 985 1551 1004 unum
1571 984 1636 1003 vero
1655 976 1692 1003 si-

904 1032 987 1060 gnum
1001 1024 1098 1052 diebus
1109 1024 1227 1057 duobus,
1237 1028 1265 1052 et
1279 1032 1333 1051 una
1348 1024 1404 1052 fere
1415 1029 1511 1059 quarta
1526 1027 1601 1059 parte
1613 1023 1694 1050 unius

905 1070 969 1097 di'ei.

906 1229 919 1244 ι»
943 1213 971 1241 Si
984 1214 1067 1249 igitur
1083 1214 1123 1242 sol
1137 1219 1293 1242 moveretur
1308 1222 1391 1249 super
1412 1214 1580 1242 constellatis
1594 1215 1691 1249 signis,

903 1261 1018 1288 omnino
1034 1265 1166 1296 tempora,
1185 1269 1245 1296 quae
1256 1266 1319 1289 sunt
1336 1261 1407 1288 inter
1422 1261 1550 1291 solstitia.
1566 1265 1592 1288 et
1607 1261 1694 1296 anqui-

906 1306 1008 1338 noctia,
1021 1309 1112 1333 essent
1128 1306 1198 1340 inter
1214 1313 1243 1333 se
1255 1305 1380 1340 mqualin.
1410 1305 1541 1340 (Equalcs
1563 1306 1636 1332 enim
1649 1313 1693 1332 ar-

906 1360 965 1384 cus,
977 1360 1039 1379 cum
1053 1353 1194 1387 aqualiter
1205 1357 1369 1384 moveretur,
1379 1352 1405 1379 in
1422 1352 1589 1386 temporibus
1602 1360 1694 1386 atqua~

908 1399 978 1426 libus
1006 1398 1161 1426 conﬁceret.
1190 1397 1332 1431 Similiter,
1349 1399 1371 1426 si
1399 1399 1440 1425 sol
1464 1398 1534 1425 infra
1550 1398 1693 1426 zodiacum

907 1445 1032 1476 ferretur,
1050 1450 1076 1471 et
1089 1448 1243 1472 moveretur
1254 1445 1328 1472 circa
1343 1445 1413 1472 idem
1427 1448 1550 1471 centrum
1566 1444 1670 1471 zodiaci
1684 1453 1691 1472 ε

907 1494 997 1518 tamen
1015 1490 1097 1517 etiam
1117 1490 1157 1518 sic
1173 1493 1306 1525 tempora,
1331 1497 1391 1524 quzc
1407 1493 1470 1517 sunt
1486 1489 1557 1516 inter
1576 1489 1693 1517 solstitia

907 1541 933 1564 et
947 1536 1132 1572 aequinoctia,
1164 1540 1255 1564 essent
1276 1536 1347 1563 inter
1373 1544 1402 1563 se
1431 1535 1565 1571 aequalia;
1597 1543 1694 1563 omnes

906 1585 980 1611 enim
997 1583 1091 1610 circuli
1105 1603 1112 1615 ,
1139 1583 1186 1618 qui
1202 1583 1274 1609 circa
1296 1582 1367 1609 idem
1385 1587 1509 1609 centrum
1525 1585 1670 1609 moventur
1683 1600 1691 1612 ,

907 1630 1032 1656 similiter
1045 1636 1060 1655 a
1075 1628 1218 1656 diametris
1229 1627 1397 1654 dividuntur.
1411 1627 1516 1662 Itaque,
1526 1635 1587 1654 cum
1599 1627 1692 1654 zodia~

907 1684 955 1704 cus
969 1676 997 1703 in
1015 1679 1132 1710 quatuor
1146 1680 1238 1710 partes
1262 1675 1380 1709 aequales
1396 1674 1534 1701 dividatur
1549 1682 1564 1700 a
1589 1673 1692 1701 diame-

907 1723 966 1755 tris,
986 1731 1046 1758 qua:
1061 1726 1161 1758 puncta
1182 1722 1337 1749 solstitialia
1353 1725 1379 1748 et
1398 1721 1599 1756 :equinoctialia
1626 1729 1693 1748 con-

906 1773 1019 1797 nectunt
1034 1779 1040 1795 :
1062 1768 1219 1796 necessario
1234 1768 1315 1795 etiam
1339 1768 1437 1795 solaris
1463 1768 1583 1794 circulus
1598 1767 1631 1793 ab
1646 1767 1693 1793 iis-

907 1815 967 1842 dem
981 1815 1122 1842 diamelris
1137 1815 1164 1841 in
1177 1819 1294 1849 quatuor
1310 1819 1400 1848 partes
1415 1813 1533 1848 aequales
1545 1814 1690 1841 dividetur.

906 1860 974 1888 Cum
994 1861 1076 1895 igitur
1093 1860 1133 1887 sol
1146 1868 1228 1894 super
1243 1859 1350 1894 propria
1368 1859 1588 1886 circumferentia
1602 1867 1692 1894 aequa-

906 1906 969 1933 liter
980 1909 1131 1937 moveatur,
1149 1910 1272 1940 tempora
1295 1905 1477 1940 quadrantum
1496 1905 1598 1932 zodiaci
1623 1905 1693 1932 inter

907 1959 936 1979 se
949 1951 1065 1986 mqualia
1083 1951 1210 1979 eﬁiceret.
1226 1951 1261 1978 At
1275 1959 1349 1979 nunc
1365 1951 1482 1979 inferius
1498 1951 1584 1978 fertur
1599 1951 1650 1983 sol,
1666 1955 1693 1978 et

907 2006 988 2033 super
996 1998 1152 2025 excentrico
1165 1997 1269 2025 circulo
1284 2002 1407 2024 movetur
1421 2006 1427 2023 :
1445 1997 1515 2024 sicut
1531 1995 1614 2030 ﬁgura
1629 1995 1694 2023 sub-

912 2045 1012 2079 scripta
1029 2044 1158 2071 oslendit.
1174 2043 1233 2071 Non
1251 2043 1324 2070 enim
1337 2043 1408 2070 idem
1423 2047 1464 2069 est
1479 2047 1602 2069 centrum
1618 2042 1692 2069 sola-

907 2090 945 2117 ris
966 2089 1084 2122 circuli,
1105 2093 1132 2117 et
1156 2089 1278 2116 zodiaci:
1295 2088 1342 2116 sed
1367 2095 1463 2115 versus
1488 2095 1569 2114 unam
1589 2090 1691 2122 partem

908 2135 1024 2162 adducta
1042 2139 1084 2162 est
1103 2135 1170 2162 solis
1197 2135 1313 2169 sphmra.
1336 2134 1451 2168 Propter
1475 2134 1554 2160 talem
1575 2133 1693 2168 positum

909 2180 936 2206 in
952 2185 1071 2215 quatuor
1086 2184 1178 2216 partes
1199 2181 1345 2215 inaequales
1365 2179 1496 2207 dividitur
1519 2179 1617 2206 solaris
1632 2187 1693 2206 cur-

67 2223 198 2258 δήλιακδς
211 2226 333 2262 δρόμος·
357 2225 403 2252 κα)¹
423 2225 526 2259 γίνεται
547 2226 662 2260 μεγίστη
679 2226 726 2261 μὲν
744 2226 853 2262 περιφέ-

912 2234 959 2254 sus
976 2236 983 2254 :
1004 2232 1031 2253 et
1045 2227 1074 2253 ﬁt
1085 2227 1221 2254 maximus
1235 2234 1327 2258 arcus,
1345 2226 1392 2261 qui
1403 2225 1476 2252 cadit
1492 2225 1542 2253 sub
1557 2226 1693 2260 quadran-

69 2277 124 2303 ρεια
137 2272 154 2306 ή
169 2272 388 2298 ὑποπεπτωκυὴ
413 2271 464 2298 ὑπὸ
478 2271 508 2297 τὸ
530 2271 577 2298 τοῦ
600 2271 732 2303 ζωδιακοῦ
754 2271 854 2299 κύκλου

66 2318 294 2354 τεταρτημόριον,
319 2318 350 2344 τὸ
373 2317 427 2344 ἀπὸ
449 2317 496 2343 τοῦ
520 2317 604 2352 Κριοῦ
621 2320 645 2344 α’
664 2318 760 2352 μοίρας
775 2318 854 2353 μέχρι

68 2361 184 2397 Διδύμων
196 2364 230 2394 λ’,
241 2362 373 2398 ἐλαχίστη
385 2362 413 2389 δὲ
428 2363 615 2398 περιφερειαή
631 2364 744 2398 κειμένη
759 2363 811 2389 ὑπὸ
824 2363 855 2389 16

66 2410 281 2445 τεταρτημόριον
291 2408 321 2435 τὸ
331 2408 474 2443 ἁπὸΖυγοῦ
488 2408 511 2436 α’
526 2409 632 2445 μοίρας,
647 2409 727 2445 μέχρι
737 2409 853 2442 Τοξότου

69 2453 158 2489 μηίρας
170 2455 204 2482 λ’.

102 2531 122 2546 ¹⁶
132 2541 177 2566 γρ.
199 2532 361 2569 φερόμενοι.
401 2532 421 2548 ¹¹
439 2541 483 2567 γρ.
499 2532 554 2559 ὲπὶ.
593 2533 615 2548 ¹²
627 2541 671 2567 ῃο.
687 2533 735 2567 ὑφ’
747 2532 788 2561 ἓν.

96 2623 132 2658 (7)
155 2623 233 2651 ’Υπὸ
261 2623 300 2650 δὲ
316 2623 372 2656 τὴν
392 2622 453 2649 τῶν
472 2621 624 2650 ἀπλανῶν.
651 2622 711 2650 "me
729 2623 852 2658 planetam

65 2664 120 2685 rum
138 2660 279 2687 vocabula
296 2659 330 2685 ab
345 2658 479 2693 [Egyptiis
498 2666 625 2686 manasse
642 2658 737 2685 scribit
751 2657 851 2684 Firmi-

64 2700 108 2729 c_us
121 2695 168 2721 lib.
186 2702 219 2726 tt,
237 2702 303 2729 cap.
322 2693 349 2721 2.
366 2693 493 2720 Mercurii
511 2701 609 2729 nomen
624 2693 814 2729 omissumnhic
835 2700 850 2719 a

64 2726 185 2763 Gemino,
203 2730 250 2757 vel
272 2726 385 2756 librario
408 2729 509 2763 potius.
539 2728 586 2755 Est
609 2732 699 2755 autem
724 2727 847 2754 στίλϐων.

64 2761 97 2791 De
111 2765 291 2800 planetarum
307 2761 435 2800 motibus,
443 2764 505 2800 sive
515 2764 693 2800 sphzerarum,
707 2763 734 2800 in
749 2763 847 2800 quibus

64 2798 218 2834 volvuntur,
234 2799 336 2828 eadem
349 2799 429 2827 habet
442 2799 519 2826 Philo
537 2800 563 2826 in
578 2799 648 2826 libro
659 2799 695 2825 De
704 2798 846 2834 cherubim.

64 2834 115 2862 sive
131 2833 213 2867 Cain;
239 2834 326 2869 cujus
348 2835 427 2869 verba
450 2835 610 2869 corrigenda
637 2838 709 2866 sunt,
736 2833 847 2869 μεμνἹὸ

64 2870 123 2898 edit.
140 2871 260 2904 Graec,
275 2867 335 2898 ver.
348 2868 401 2897 Οὗν
411 2879 417 2885 ·
440 2871 456 2905 ἡ
475 2867 580 2905 μὲνήοῦν
601 2869 726 2902 ἐξωτάτω
736 2867 791 2896 τῶν
803 2868 844 2894 λε-

911 2277 962 2299 tem
979 2272 1083 2299 zodiaci
1104 2281 1165 2300 eum
1178 2293 1186 2306 ,
1211 2273 1256 2308 qui
1274 2277 1315 2300 est
1334 2272 1368 2299 ab
1382 2272 1480 2300 Arietis
1506 2273 1594 2307 primo
1608 2272 1707 2308 gradu.

911 2325 997 2352 usque
1013 2318 1047 2345 ad
1066 2318 1242 2346 Geminorum
1261 2319 1375 2354 gradum
1396 2309 1564 2345 tricesimum
1582 2327 1589 2345 :
1613 2318 1694 2345 mini-

911 2371 971 2391 mus
985 2371 1050 2391 vero
1070 2372 1160 2396 arcus,
1176 2365 1222 2400 qui
1248 2365 1353 2399 positus
1383 2368 1425 2391 est
1453 2363 1504 2390 sub
1530 2371 1563 2390 eo
1590 2363 1693 2390 zodiaci

910 2411 1077 2446 quadrante,
1092 2412 1137 2446 qui
1153 2417 1194 2439 est
1209 2419 1223 2438 a
1238 2413 1326 2447 primo
1342 2411 1427 2446 gradu
1444 2409 1542 2443 Librae,
1559 2417 1643 2445 usque
1660 2409 1693 2436 ad

912 2457 1080 2484 tricesimum
1097 2457 1210 2492 gradum
1226 2457 1377 2492 Sagittarii.

907 2622 1030 2657 γομὲνων
1053 2623 1180 2650 ἀπλανῶν
1205 2623 1253 2658 μία
1279 2623 1334 2650 τῶν
1354 2626 1379 2658 η’
1404 2623 1454 2658 τὴν
1479 2622 1538 2658 ἀπὸν
1549 2622 1602 2647 τῶν
1619 2621 1693 2658 ἑῴων

906 2659 951 2695 ἐπὶ
966 2658 1001 2695 τα
1012 2659 1126 2695 ἑσπέρια
1141 2657 1252 2695 εἰλεῖται
1268 2658 1404 2695 περίοδον,
1417 2665 1479 2684 nam
1497 2657 1580 2695 vulgo
1595 2657 1693 2690 legitur

906 2693 971 2727 μία,
989 2693 1146 2730 ἢτήνίειε.
1166 2693 1232 2733 Octo
1247 2693 1488 2733 quippe_sphazras_
1500 2693 1604 2721 statuit.
1622 2699 1690 2733 qua-

905 2735 964 2790 rt‘lm
983 2727 1048 2757 una'
1065 2734 1106 2758 est
1128 2738 1188 2765 quae
1204 2727 1271 2757 ﬁxas
1286 2727 1418 2760 continet,
1442 2727 1551 2761 reliquae
1568 2731 1632 2753 sunt
1648 2734 1691 2754 se-

905 2771 919 2791 ο
932 2771 985 2791 em.

903 2771 985 2860 "iiii
1004 2797 1110 2826 Absunt
1140 2798 1197 2826 haec
1222 2798 1255 2825 de
1290 2797 1428 2826 Mercurio
1462 2797 1496 2826 ab
1524 2796 1631 2833 Anglic.
1664 2801 1701 2826 et.

903 2841 952 2860 IIOS
967 2841 1006 2860 ro.

903 2841 1006 2862 IIOSH‘O.
