  <div class='ocr_page' id='page_1' title='image "/cluster/home/n/w/nwhite01/storage/ocr_20150623/19/njp.32101077772463/443.png"; bbox 0 0 1911 3136; ppageno 0'>
   <div class='ocr_carea' id='block_1_1' title="bbox 220 153 273 182">
    <p class='ocr_par' dir='ltr' id='par_1_1' title="bbox 220 153 273 182">
     <span class='ocr_line' id='line_1_1' title="bbox 220 153 273 182; baseline 0.075 -3"><span class='ocrx_word' id='word_1_1' title='bbox 220 153 273 182; x_wconf 72' lang='grc' dir='ltr'><strong>7ΰὸ</strong></span> 
     </span>
    </p>
   </div>
   <div class='ocr_carea' id='block_1_2' title="bbox 255 208 1040 246">
    <p class='ocr_par' dir='ltr' id='par_1_2' title="bbox 255 208 1040 246">
     <span class='ocr_line' id='line_1_2' title="bbox 255 208 1040 246; baseline -0.005 -6"><span class='ocrx_word' id='word_1_2' title='bbox 255 212 331 240; x_wconf 90' lang='lat' dir='ltr'><strong>Unde</strong></span> <span class='ocrx_word' id='word_1_3' title='bbox 353 218 416 239; x_wconf 91' lang='lat' dir='ltr'><strong>cum</strong></span> <span class='ocrx_word' id='word_1_4' title='bbox 436 209 477 237; x_wconf 88' lang='lat' dir='ltr'><strong>sol</strong></span> <span class='ocrx_word' id='word_1_5' title='bbox 499 216 581 244; x_wconf 84' lang='lat' dir='ltr'><strong>super</strong></span> <span class='ocrx_word' id='word_1_6' title='bbox 597 209 707 244; x_wconf 89' lang='lat' dir='ltr'><strong>proprio</strong></span> <span class='ocrx_word' id='word_1_7' title='bbox 734 208 837 236; x_wconf 88' lang='lat' dir='ltr'><strong>circulo</strong></span> <span class='ocrx_word' id='word_1_8' title='bbox 863 209 1002 243; x_wconf 72' lang='lat' dir='ltr'><strong>aequaliter</strong></span> <span class='ocrx_word' id='word_1_9' title='bbox 1016 218 1040 246; x_wconf 67' lang='grc' dir='ltr'><strong>Α</strong></span> 
     </span>
    </p>
   </div>
   <div class='ocr_carea' id='block_1_3' title="bbox 218 254 1000 290">
    <p class='ocr_par' dir='ltr' id='par_1_3' title="bbox 218 254 1000 290">
     <span class='ocr_line' id='line_1_3' title="bbox 218 254 1000 290; baseline -0.008 -3"><span class='ocrx_word' id='word_1_10' title='bbox 218 261 370 289; x_wconf 77' lang='lat' dir='ltr'><strong>moveatur.</strong></span> <span class='ocrx_word' id='word_1_11' title='bbox 388 257 457 284; x_wconf 87' lang='lat' dir='ltr'><strong>idem</strong></span> <span class='ocrx_word' id='word_1_12' title='bbox 475 255 665 283; x_wconf 78' lang='lat' dir='ltr'><strong>convenienter</strong></span> <span class='ocrx_word' id='word_1_13' title='bbox 680 255 827 290; x_wconf 62' lang='lat' dir='ltr'><strong>inmquales</strong></span> <span class='ocrx_word' id='word_1_14' title='bbox 857 262 936 281; x_wconf 88' lang='lat' dir='ltr'><strong>arcus</strong></span> <span class='ocrx_word' id='word_1_15' title='bbox 958 254 1000 282; x_wconf 90' lang='lat' dir='ltr'><strong>sui</strong></span> 
     </span>
    </p>
   </div>
   <div class='ocr_carea' id='block_1_4' title="bbox 194 300 1001 337">
    <p class='ocr_par' dir='ltr' id='par_1_4' title="bbox 194 300 1001 337">
     <span class='ocr_line' id='line_1_4' title="bbox 194 300 1001 337; baseline -0.006 -6"><span class='ocrx_word' id='word_1_16' title='bbox 194 304 199 308; x_wconf 82' lang='lat'><strong><em>&#39;</em></strong></span> <span class='ocrx_word' id='word_1_17' title='bbox 218 301 499 337; x_wconf 61' lang='lat' dir='ltr'><strong>circuliianualibus</strong></span> <span class='ocrx_word' id='word_1_18' title='bbox 510 300 677 336; x_wconf 87' lang='lat' dir='ltr'><strong>temporibus</strong></span> <span class='ocrx_word' id='word_1_19' title='bbox 692 300 845 332; x_wconf 83' lang='lat' dir='ltr'><strong>conticit,ac</strong></span> <span class='ocrx_word' id='word_1_20' title='bbox 854 300 1001 327; x_wconf 78' lang='lat' dir='ltr'><strong>maximum</strong></span> 
     </span>
    </p>
   </div>
   <div class='ocr_carea' id='block_1_5' title="bbox 218 345 1001 385">
    <p class='ocr_par' dir='ltr' id='par_1_5' title="bbox 218 345 1001 385">
     <span class='ocr_line' id='line_1_5' title="bbox 218 345 1001 385; baseline -0.006 -9"><span class='ocrx_word' id='word_1_21' title='bbox 218 349 325 385; x_wconf 85' lang='lat' dir='ltr'><strong>quidem</strong></span> <span class='ocrx_word' id='word_1_22' title='bbox 345 355 436 374; x_wconf 90' lang='lat' dir='ltr'><strong>arcum</strong></span> <span class='ocrx_word' id='word_1_23' title='bbox 463 347 601 378; x_wconf 80' lang='lat' dir='ltr'><strong>maximo,</strong></span> <span class='ocrx_word' id='word_1_24' title='bbox 629 346 771 373; x_wconf 92' lang='lat' dir='ltr'><strong>minimum</strong></span> <span class='ocrx_word' id='word_1_25' title='bbox 800 353 865 372; x_wconf 78' lang='lat' dir='ltr'><strong>vero</strong></span> <span class='ocrx_word' id='word_1_26' title='bbox 888 345 1001 372; x_wconf 91' lang='lat' dir='ltr'><strong>minimo</strong></span> 
     </span>
    </p>
   </div>
   <div class='ocr_carea' id='block_1_6' title="bbox 217 391 1001 430">
    <p class='ocr_par' dir='ltr' id='par_1_6' title="bbox 217 391 1001 430">
     <span class='ocr_line' id='line_1_6' title="bbox 217 391 1001 430; baseline -0.006 -8"><span class='ocrx_word' id='word_1_27' title='bbox 217 401 338 430; x_wconf 87' lang='lat' dir='ltr'><strong>tempore</strong></span> <span class='ocrx_word' id='word_1_28' title='bbox 355 393 463 420; x_wconf 77' lang='lat' dir='ltr'><strong>transit.</strong></span> <span class='ocrx_word' id='word_1_29' title='bbox 478 393 512 419; x_wconf 84' lang='lat' dir='ltr'><strong>At</strong></span> <span class='ocrx_word' id='word_1_30' title='bbox 531 400 592 419; x_wconf 92' lang='lat' dir='ltr'><strong>cum</strong></span> <span class='ocrx_word' id='word_1_31' title='bbox 607 392 755 419; x_wconf 79' lang='lat' dir='ltr'><strong>maximum</strong></span> <span class='ocrx_word' id='word_1_32' title='bbox 771 399 863 418; x_wconf 89' lang='lat' dir='ltr'><strong>arcum</strong></span> <span class='ocrx_word' id='word_1_33' title='bbox 876 391 917 418; x_wconf 90' lang='lat' dir='ltr'><strong>sui</strong></span> <span class='ocrx_word' id='word_1_34' title='bbox 938 398 1001 426; x_wconf 88' lang='lat' dir='ltr'><strong>pro-</strong></span> 
     </span>
    </p>
   </div>
   <div class='ocr_carea' id='block_1_7' title="bbox 217 437 1000 476">
    <p class='ocr_par' dir='ltr' id='par_1_7' title="bbox 217 437 1000 476">
     <span class='ocr_line' id='line_1_7' title="bbox 217 437 1000 476; baseline -0.005 -9"><span class='ocrx_word' id='word_1_35' title='bbox 217 441 269 476; x_wconf 86' lang='lat' dir='ltr'><strong>prii</strong></span> <span class='ocrx_word' id='word_1_36' title='bbox 281 440 375 467; x_wconf 81' lang='lat' dir='ltr'><strong>circuli</strong></span> <span class='ocrx_word' id='word_1_37' title='bbox 390 443 526 474; x_wconf 76' lang='lat' dir='ltr'><strong>peragrat,</strong></span> <span class='ocrx_word' id='word_1_38' title='bbox 541 442 607 465; x_wconf 86' lang='lat' dir='ltr'><strong>tunc</strong></span> <span class='ocrx_word' id='word_1_39' title='bbox 621 445 683 465; x_wconf 88' lang='lat' dir='ltr'><strong>eum</strong></span> <span class='ocrx_word' id='word_1_40' title='bbox 702 437 805 464; x_wconf 81' lang='lat' dir='ltr'><strong>zodiaci</strong></span> <span class='ocrx_word' id='word_1_41' title='bbox 820 437 1000 472; x_wconf 80' lang='lat' dir='ltr'><strong>quadrantem</strong></span> 
     </span>
    </p>
   </div>
   <div class='ocr_carea' id='block_1_8' title="bbox 217 481 1000 519">
    <p class='ocr_par' dir='ltr' id='par_1_8' title="bbox 217 481 1000 519">
     <span class='ocr_line' id='line_1_8' title="bbox 217 481 1000 519; baseline -0.01 -6"><span class='ocrx_word' id='word_1_42' title='bbox 217 485 346 516; x_wconf 78' lang='lat' dir='ltr'><strong>coniicit,</strong></span> <span class='ocrx_word' id='word_1_43' title='bbox 371 484 417 519; x_wconf 86' lang='lat' dir='ltr'><strong>qui</strong></span> <span class='ocrx_word' id='word_1_44' title='bbox 434 488 475 511; x_wconf 88' lang='lat' dir='ltr'><strong>est</strong></span> <span class='ocrx_word' id='word_1_45' title='bbox 501 484 571 510; x_wconf 83' lang='lat' dir='ltr'><strong>inter</strong></span> <span class='ocrx_word' id='word_1_46' title='bbox 595 481 788 517; x_wconf 58' lang='lat' dir='ltr'><strong>aequinoctium</strong></span> <span class='ocrx_word' id='word_1_47' title='bbox 807 488 941 512; x_wconf 87' lang='lat' dir='ltr'><strong>vernum,</strong></span> <span class='ocrx_word' id='word_1_48' title='bbox 972 482 1000 506; x_wconf 86' lang='lat' dir='ltr'><strong>et</strong></span> 
     </span>
    </p>
   </div>
   <div class='ocr_carea' id='block_1_9' title="bbox 216 527 998 562">
    <p class='ocr_par' dir='ltr' id='par_1_9' title="bbox 216 527 998 562">
     <span class='ocr_line' id='line_1_9' title="bbox 216 527 998 562; baseline -0.008 -4"><span class='ocrx_word' id='word_1_49' title='bbox 216 531 364 560; x_wconf 88' lang='lat' dir='ltr'><strong>solstitium</strong></span> <span class='ocrx_word' id='word_1_50' title='bbox 380 530 526 562; x_wconf 78' lang='lat' dir='ltr'><strong>aestivum;</strong></span> <span class='ocrx_word' id='word_1_51' title='bbox 550 536 612 556; x_wconf 91' lang='lat' dir='ltr'><strong>cum</strong></span> <span class='ocrx_word' id='word_1_52' title='bbox 628 535 692 555; x_wconf 76' lang='lat' dir='ltr'><strong>vero</strong></span> <span class='ocrx_word' id='word_1_53' title='bbox 717 535 764 562; x_wconf 90' lang='lat' dir='ltr'><strong>per</strong></span> <span class='ocrx_word' id='word_1_54' title='bbox 784 527 926 555; x_wconf 90' lang='lat' dir='ltr'><strong>minimum</strong></span> <span class='ocrx_word' id='word_1_55' title='bbox 953 533 998 553; x_wconf 88' lang='lat' dir='ltr'><strong>ar-</strong></span> 
     </span>
    </p>
   </div>
   <div class='ocr_carea' id='block_1_10' title="bbox 216 572 999 612">
    <p class='ocr_par' dir='ltr' id='par_1_10' title="bbox 216 572 999 612">
     <span class='ocr_line' id='line_1_10' title="bbox 216 572 999 612; baseline -0.008 -7"><span class='ocrx_word' id='word_1_56' title='bbox 216 586 277 605; x_wconf 90' lang='lat' dir='ltr'><strong>cum</strong></span> <span class='ocrx_word' id='word_1_57' title='bbox 290 578 331 605; x_wconf 91' lang='lat' dir='ltr'><strong>sui</strong></span> <span class='ocrx_word' id='word_1_58' title='bbox 352 577 453 612; x_wconf 85' lang='lat' dir='ltr'><strong>proprii</strong></span> <span class='ocrx_word' id='word_1_59' title='bbox 469 576 565 604; x_wconf 89' lang='lat' dir='ltr'><strong>circuli</strong></span> <span class='ocrx_word' id='word_1_60' title='bbox 584 578 718 606; x_wconf 85' lang='lat' dir='ltr'><strong>movetur,</strong></span> <span class='ocrx_word' id='word_1_61' title='bbox 734 577 799 600; x_wconf 87' lang='lat' dir='ltr'><strong>tunc</strong></span> <span class='ocrx_word' id='word_1_62' title='bbox 815 581 877 600; x_wconf 91' lang='lat' dir='ltr'><strong>eum</strong></span> <span class='ocrx_word' id='word_1_63' title='bbox 893 572 999 600; x_wconf 83' lang='lat' dir='ltr'><strong>zodiaci</strong></span> 
     </span>
    </p>
   </div>
   <div class='ocr_carea' id='block_1_11' title="bbox 217 619 999 659">
    <p class='ocr_par' dir='ltr' id='par_1_11' title="bbox 217 619 999 659">
     <span class='ocr_line' id='line_1_11' title="bbox 217 619 999 659; baseline -0.008 -8"><span class='ocrx_word' id='word_1_64' title='bbox 217 624 395 659; x_wconf 78' lang='lat' dir='ltr'><strong>quadrantem</strong></span> <span class='ocrx_word' id='word_1_65' title='bbox 411 624 562 658; x_wconf 86' lang='lat' dir='ltr'><strong>percurrit,</strong></span> <span class='ocrx_word' id='word_1_66' title='bbox 592 621 639 656; x_wconf 88' lang='lat' dir='ltr'><strong>qui</strong></span> <span class='ocrx_word' id='word_1_67' title='bbox 662 625 703 648; x_wconf 86' lang='lat' dir='ltr'><strong>est</strong></span> <span class='ocrx_word' id='word_1_68' title='bbox 719 621 789 647; x_wconf 90' lang='lat' dir='ltr'><strong>inter</strong></span> <span class='ocrx_word' id='word_1_69' title='bbox 806 619 999 654; x_wconf 76' lang='lat' dir='ltr'><strong>:equinoctium</strong></span> 
     </span>
    </p>
   </div>
   <div class='ocr_carea' id='block_1_12' title="bbox 217 664 1000 699">
    <p class='ocr_par' dir='ltr' id='par_1_12' title="bbox 217 664 1000 699">
     <span class='ocr_line' id='line_1_12' title="bbox 217 664 1000 699; baseline -0.009 -2"><span class='ocrx_word' id='word_1_70' title='bbox 217 669 373 697; x_wconf 77' lang='lat' dir='ltr'><strong>autumnale</strong></span> <span class='ocrx_word' id='word_1_71' title='bbox 387 672 414 695; x_wconf 87' lang='lat' dir='ltr'><strong>et</strong></span> <span class='ocrx_word' id='word_1_72' title='bbox 426 667 573 694; x_wconf 85' lang='lat' dir='ltr'><strong>solstitium</strong></span> <span class='ocrx_word' id='word_1_73' title='bbox 599 666 752 693; x_wconf 81' lang='lat' dir='ltr'><strong>hibernum.</strong></span> <span class='ocrx_word' id='word_1_74' title='bbox 769 665 836 692; x_wconf 87' lang='lat' dir='ltr'><strong>Cum</strong></span> <span class='ocrx_word' id='word_1_75' title='bbox 854 664 936 699; x_wconf 82' lang='lat' dir='ltr'><strong>igitur</strong></span> <span class='ocrx_word' id='word_1_76' title='bbox 958 665 1000 691; x_wconf 84' lang='lat' dir='ltr'><strong>in-</strong></span> 
     </span>
    </p>
   </div>
   <div class='ocr_carea' id='block_1_13' title="bbox 218 711 999 751">
    <p class='ocr_par' dir='ltr' id='par_1_13' title="bbox 218 711 999 751">
     <span class='ocr_line' id='line_1_13' title="bbox 218 711 999 751; baseline -0.006 -8"><span class='ocrx_word' id='word_1_77' title='bbox 218 715 333 751; x_wconf 63' lang='lat' dir='ltr'><strong>aequales</strong></span> <span class='ocrx_word' id='word_1_78' title='bbox 361 721 442 741; x_wconf 89' lang='lat' dir='ltr'><strong>arcus</strong></span> <span class='ocrx_word' id='word_1_79' title='bbox 464 713 561 741; x_wconf 84' lang='lat' dir='ltr'><strong>solaris</strong></span> <span class='ocrx_word' id='word_1_80' title='bbox 584 711 679 739; x_wconf 87' lang='lat' dir='ltr'><strong>circuli</strong></span> <span class='ocrx_word' id='word_1_81' title='bbox 697 711 749 738; x_wconf 89' lang='lat' dir='ltr'><strong>sub</strong></span> <span class='ocrx_word' id='word_1_82' title='bbox 778 711 894 745; x_wconf 67' lang='lat' dir='ltr'><strong>aequales</strong></span> <span class='ocrx_word' id='word_1_83' title='bbox 918 717 999 738; x_wconf 90' lang='lat' dir='ltr'><strong>arcus</strong></span> 
     </span>
    </p>
   </div>
   <div class='ocr_carea' id='block_1_14' title="bbox 218 756 1000 792">
    <p class='ocr_par' dir='ltr' id='par_1_14' title="bbox 218 756 1000 792">
     <span class='ocr_line' id='line_1_14' title="bbox 218 756 1000 792; baseline -0.01 -3"><span class='ocrx_word' id='word_1_84' title='bbox 218 761 321 789; x_wconf 77' lang='lat' dir='ltr'><strong>zodiaci</strong></span> <span class='ocrx_word' id='word_1_85' title='bbox 332 760 440 791; x_wconf 83' lang='lat' dir='ltr'><strong>cadant,</strong></span> <span class='ocrx_word' id='word_1_86' title='bbox 453 766 566 786; x_wconf 87' lang='lat' dir='ltr'><strong>necesse</strong></span> <span class='ocrx_word' id='word_1_87' title='bbox 581 762 623 785; x_wconf 87' lang='lat' dir='ltr'><strong>est</strong></span> <span class='ocrx_word' id='word_1_88' title='bbox 645 757 786 792; x_wconf 77' lang='lat' dir='ltr'><strong>inmqualia</strong></span> <span class='ocrx_word' id='word_1_89' title='bbox 807 756 864 783; x_wconf 83' lang='lat' dir='ltr'><strong>ﬁeri</strong></span> <span class='ocrx_word' id='word_1_90' title='bbox 877 760 1000 790; x_wconf 80' lang='lat' dir='ltr'><strong>tempora</strong></span> 
     </span>
    </p>
   </div>
   <div class='ocr_carea' id='block_1_15' title="bbox 218 801 999 841">
    <p class='ocr_par' dir='ltr' id='par_1_15' title="bbox 218 801 999 841">
     <span class='ocr_line' id='line_1_15' title="bbox 218 801 999 841; baseline -0.009 -7"><span class='ocrx_word' id='word_1_91' title='bbox 218 811 287 834; x_wconf 65' lang='lat' dir='ltr'><strong>Inter</strong></span> <span class='ocrx_word' id='word_1_92' title='bbox 299 813 337 838; x_wconf 89' lang='lat' dir='ltr'><strong>se,</strong></span> <span class='ocrx_word' id='word_1_93' title='bbox 357 813 418 841; x_wconf 71' lang='lat' dir='ltr'><strong>qua:</strong></span> <span class='ocrx_word' id='word_1_94' title='bbox 438 809 502 832; x_wconf 86' lang='lat' dir='ltr'><strong>sunt</strong></span> <span class='ocrx_word' id='word_1_95' title='bbox 522 804 593 831; x_wconf 86' lang='lat' dir='ltr'><strong>inter</strong></span> <span class='ocrx_word' id='word_1_96' title='bbox 618 802 772 830; x_wconf 81' lang='lat' dir='ltr'><strong>solstitialia</strong></span> <span class='ocrx_word' id='word_1_97' title='bbox 786 806 812 829; x_wconf 88' lang='lat' dir='ltr'><strong>et</strong></span> <span class='ocrx_word' id='word_1_98' title='bbox 825 801 999 836; x_wconf 74' lang='lat' dir='ltr'><strong>aequinoctia-</strong></span> 
     </span>
    </p>
   </div>
   <div class='ocr_carea' id='block_1_16' title="bbox 217 848 998 888">
    <p class='ocr_par' dir='ltr' id='par_1_16' title="bbox 217 848 998 888">
     <span class='ocr_line' id='line_1_16' title="bbox 217 848 998 888; baseline -0.008 -8"><span class='ocrx_word' id='word_1_99' title='bbox 217 853 250 880; x_wconf 89' lang='lat' dir='ltr'><strong>Iia</strong></span> <span class='ocrx_word' id='word_1_100' title='bbox 263 857 362 888; x_wconf 89' lang='lat' dir='ltr'><strong>puncta</strong></span> <span class='ocrx_word' id='word_1_101' title='bbox 376 861 382 879; x_wconf 89' lang='lat'><strong>:</strong></span> <span class='ocrx_word' id='word_1_102' title='bbox 409 855 435 879; x_wconf 87' lang='lat' dir='ltr'><strong>et</strong></span> <span class='ocrx_word' id='word_1_103' title='bbox 450 851 599 878; x_wconf 74' lang='lat' dir='ltr'><strong>maximum</strong></span> <span class='ocrx_word' id='word_1_104' title='bbox 614 849 723 884; x_wconf 81' lang='lat' dir='ltr'><strong>quidem</strong></span> <span class='ocrx_word' id='word_1_105' title='bbox 750 848 792 880; x_wconf 88' lang='lat' dir='ltr'><strong>id,</strong></span> <span class='ocrx_word' id='word_1_106' title='bbox 816 848 887 883; x_wconf 85' lang='lat' dir='ltr'><strong>quod</strong></span> <span class='ocrx_word' id='word_1_107' title='bbox 903 852 944 875; x_wconf 87' lang='lat' dir='ltr'><strong>est</strong></span> <span class='ocrx_word' id='word_1_108' title='bbox 965 848 998 875; x_wconf 88' lang='lat' dir='ltr'><strong>ab</strong></span> 
     </span>
    </p>
   </div>
   <div class='ocr_carea' id='block_1_17' title="bbox 709 149 1326 179">
    <p class='ocr_par' dir='ltr' id='par_1_17' title="bbox 709 149 1326 179">
     <span class='ocr_line' id='line_1_17' title="bbox 709 149 1326 179; baseline 0.002 -3"><span class='ocrx_word' id='word_1_109' title='bbox 709 149 755 176; x_wconf 80' lang='lat' dir='ltr'><strong>AD</strong></span> <span class='ocrx_word' id='word_1_110' title='bbox 774 149 909 177; x_wconf 84' lang='lat' dir='ltr'><strong>EUSEBII</strong></span> <span class='ocrx_word' id='word_1_111' title='bbox 928 149 1125 179; x_wconf 81' lang='lat' dir='ltr'><strong>CHRONICON</strong></span> <span class='ocrx_word' id='word_1_112' title='bbox 1145 149 1326 178; x_wconf 77' lang='lat' dir='ltr'><strong>APPENDlX.</strong></span> 
     </span>
    </p>
   </div>
   <div class='ocr_carea' id='block_1_18' title="bbox 1792 148 1840 176">
    <p class='ocr_par' dir='ltr' id='par_1_18' title="bbox 1792 148 1840 176">
     <span class='ocr_line' id='line_1_18' title="bbox 1792 148 1840 176; baseline 0.021 -1"><span class='ocrx_word' id='word_1_113' title='bbox 1792 148 1840 176; x_wconf 76' lang='grc'><strong>756</strong></span> 
     </span>
    </p>
   </div>
   <div class='ocr_carea' id='block_1_19' title="bbox 1089 207 1839 244">
    <p class='ocr_par' dir='ltr' id='par_1_19' title="bbox 1089 207 1839 244">
     <span class='ocr_line' id='line_1_19' title="bbox 1089 207 1839 244; baseline -0.005 -7"><span class='ocrx_word' id='word_1_114' title='bbox 1089 210 1170 237; x_wconf 87' lang='grc' dir='ltr'>Ὀθεν</span> <span class='ocrx_word' id='word_1_115' title='bbox 1184 210 1301 244; x_wconf 78' lang='grc' dir='ltr'><strong>εὐλόγως</strong></span> <span class='ocrx_word' id='word_1_116' title='bbox 1322 210 1336 235; x_wconf 87' lang='grc' dir='ltr'>ὁ</span> <span class='ocrx_word' id='word_1_117' title='bbox 1360 209 1445 244; x_wconf 76' lang='grc' dir='ltr'>ἥλιος,</span> <span class='ocrx_word' id='word_1_118' title='bbox 1463 207 1592 243; x_wconf 76' lang='grc' dir='ltr'><strong>ἰσοταχῶς</strong></span> <span class='ocrx_word' id='word_1_119' title='bbox 1613 208 1776 243; x_wconf 81' lang='grc' dir='ltr'>κινούμενος</span> <span class='ocrx_word' id='word_1_120' title='bbox 1796 207 1839 234; x_wconf 74' lang='grc' dir='ltr'><strong>ἐπὶ</strong></span> 
     </span>
    </p>
   </div>
   <div class='ocr_carea' id='block_1_20' title="bbox 1050 254 1841 290">
    <p class='ocr_par' dir='ltr' id='par_1_20' title="bbox 1050 254 1841 290">
     <span class='ocr_line' id='line_1_20' title="bbox 1050 254 1841 290; baseline -0.003 -8"><span class='ocrx_word' id='word_1_121' title='bbox 1050 255 1097 283; x_wconf 80' lang='grc' dir='ltr'>τοῦ</span> <span class='ocrx_word' id='word_1_122' title='bbox 1114 256 1177 282; x_wconf 86' lang='grc' dir='ltr'>ἰδίου</span> <span class='ocrx_word' id='word_1_123' title='bbox 1193 256 1303 288; x_wconf 83' lang='grc' dir='ltr'><strong>κύκλου,</strong></span> <span class='ocrx_word' id='word_1_124' title='bbox 1317 255 1366 287; x_wconf 82' lang='grc' dir='ltr'><strong>τὰς</strong></span> <span class='ocrx_word' id='word_1_125' title='bbox 1379 255 1487 286; x_wconf 82' lang='grc' dir='ltr'><strong>ἀνίσους</strong></span> <span class='ocrx_word' id='word_1_126' title='bbox 1501 255 1679 290; x_wconf 71' lang='grc' dir='ltr'><strong>περιφερείας</strong></span> <span class='ocrx_word' id='word_1_127' title='bbox 1692 255 1721 280; x_wconf 81' lang='grc' dir='ltr'>ὲν</span> <span class='ocrx_word' id='word_1_128' title='bbox 1739 254 1841 287; x_wconf 79' lang='grc' dir='ltr'>ἀνίσοις</span> 
     </span>
    </p>
   </div>
   <div class='ocr_carea' id='block_1_21' title="bbox 1051 300 1837 338">
    <p class='ocr_par' dir='ltr' id='par_1_21' title="bbox 1051 300 1837 338">
     <span class='ocr_line' id='line_1_21' title="bbox 1051 300 1837 338; baseline -0.005 -9"><span class='ocrx_word' id='word_1_129' title='bbox 1051 303 1156 338; x_wconf 84' lang='grc' dir='ltr'><strong>χρόνοις</strong></span> <span class='ocrx_word' id='word_1_130' title='bbox 1168 303 1302 338; x_wconf 79' lang='grc' dir='ltr'><strong>διέρχεται</strong></span> <span class='ocrx_word' id='word_1_131' title='bbox 1314 311 1321 317; x_wconf 94' lang='grc'><strong>·</strong></span> <span class='ocrx_word' id='word_1_132' title='bbox 1339 303 1386 329; x_wconf 76' lang='grc' dir='ltr'><strong>καὶ</strong></span> <span class='ocrx_word' id='word_1_133' title='bbox 1396 301 1444 337; x_wconf 79' lang='grc' dir='ltr'>τὴν</span> <span class='ocrx_word' id='word_1_134' title='bbox 1457 302 1505 337; x_wconf 83' lang='grc' dir='ltr'>μὲν</span> <span class='ocrx_word' id='word_1_135' title='bbox 1521 301 1652 337; x_wconf 75' lang='grc' dir='ltr'><strong>μεγίστην</strong></span> <span class='ocrx_word' id='word_1_136' title='bbox 1660 301 1690 326; x_wconf 86' lang='grc' dir='ltr'>ὲν</span> <span class='ocrx_word' id='word_1_137' title='bbox 1707 300 1837 336; x_wconf 79' lang='grc' dir='ltr'><strong>μεγίστῳ,</strong></span> 
     </span>
    </p>
   </div>
   <div class='ocr_carea' id='block_1_22' title="bbox 1050 346 1837 384">
    <p class='ocr_par' dir='ltr' id='par_1_22' title="bbox 1050 346 1837 384">
     <span class='ocr_line' id='line_1_22' title="bbox 1050 346 1837 384; baseline -0.003 -10"><span class='ocrx_word' id='word_1_138' title='bbox 1050 348 1100 383; x_wconf 83' lang='grc' dir='ltr'>τὴν</span> <span class='ocrx_word' id='word_1_139' title='bbox 1115 347 1143 374; x_wconf 78' lang='grc' dir='ltr'>δὲ</span> <span class='ocrx_word' id='word_1_140' title='bbox 1166 348 1309 384; x_wconf 79' lang='grc' dir='ltr'><strong>ἐλαχίστην</strong></span> <span class='ocrx_word' id='word_1_141' title='bbox 1329 349 1358 374; x_wconf 81' lang='grc' dir='ltr'>ἐν</span> <span class='ocrx_word' id='word_1_142' title='bbox 1381 347 1514 383; x_wconf 70' lang='grc' dir='ltr'>ἐλαχίστῳ</span> <span class='ocrx_word' id='word_1_143' title='bbox 1525 347 1612 383; x_wconf 82' lang='grc' dir='ltr'>χρόνῳ</span> <span class='ocrx_word' id='word_1_144' title='bbox 1635 346 1837 381; x_wconf 76' lang='grc' dir='ltr'>διαπορεύεται.</span> 
     </span>
    </p>
   </div>
   <div class='ocr_carea' id='block_1_23' title="bbox 1057 391 1837 429">
    <p class='ocr_par' dir='ltr' id='par_1_23' title="bbox 1057 391 1837 429">
     <span class='ocr_line' id='line_1_23' title="bbox 1057 391 1837 429; baseline -0.004 -9"><span class='ocrx_word' id='word_1_145' title='bbox 1057 394 1125 420; x_wconf 83' lang='grc' dir='ltr'>Ἀλλ’</span> <span class='ocrx_word' id='word_1_146' title='bbox 1140 394 1203 421; x_wconf 85' lang='grc' dir='ltr'>ὅταν</span> <span class='ocrx_word' id='word_1_147' title='bbox 1224 394 1272 429; x_wconf 83' lang='grc' dir='ltr'>μὲν</span> <span class='ocrx_word' id='word_1_148' title='bbox 1288 393 1336 429; x_wconf 83' lang='grc' dir='ltr'>τὴν</span> <span class='ocrx_word' id='word_1_149' title='bbox 1361 393 1490 428; x_wconf 83' lang='grc' dir='ltr'><strong>μεγίστην</strong></span> <span class='ocrx_word' id='word_1_150' title='bbox 1513 392 1690 427; x_wconf 74' lang='grc' dir='ltr'>περιφέρειαν</span> <span class='ocrx_word' id='word_1_151' title='bbox 1719 391 1767 418; x_wconf 76' lang='grc' dir='ltr'><strong>ἐπὶ</strong></span> <span class='ocrx_word' id='word_1_152' title='bbox 1795 391 1837 417; x_wconf 72' lang='grc' dir='ltr'>τοῦ</span> 
     </span>
    </p>
   </div>
   <div class='ocr_carea' id='block_1_24' title="bbox 1053 436 1837 474">
    <p class='ocr_par' dir='ltr' id='par_1_24' title="bbox 1053 436 1837 474">
     <span class='ocr_line' id='line_1_24' title="bbox 1053 436 1837 474; baseline -0.003 -10"><span class='ocrx_word' id='word_1_153' title='bbox 1053 439 1117 465; x_wconf 80' lang='grc' dir='ltr'>ἰδίου</span> <span class='ocrx_word' id='word_1_154' title='bbox 1132 438 1231 465; x_wconf 77' lang='grc' dir='ltr'>κύκλου</span> <span class='ocrx_word' id='word_1_155' title='bbox 1248 438 1422 474; x_wconf 75' lang='grc' dir='ltr'>διανύῃ,τὸτε</span> <span class='ocrx_word' id='word_1_156' title='bbox 1438 437 1580 473; x_wconf 82' lang='grc' dir='ltr'>παροδεύει</span> <span class='ocrx_word' id='word_1_157' title='bbox 1597 437 1627 463; x_wconf 81' lang='grc' dir='ltr'>τὸ</span> <span class='ocrx_word' id='word_1_158' title='bbox 1641 437 1688 463; x_wconf 77' lang='grc' dir='ltr'><strong>τού</strong></span> <span class='ocrx_word' id='word_1_159' title='bbox 1705 436 1837 468; x_wconf 74' lang='grc' dir='ltr'>ζωδιακιΰ</span> 
     </span>
    </p>
   </div>
   <div class='ocr_carea' id='block_1_25' title="bbox 1050 483 1839 520">
    <p class='ocr_par' dir='ltr' id='par_1_25' title="bbox 1050 483 1839 520">
     <span class='ocr_line' id='line_1_25' title="bbox 1050 483 1839 520; baseline -0.004 -9"><span class='ocrx_word' id='word_1_160' title='bbox 1050 485 1262 520; x_wconf 75' lang='grc' dir='ltr'><strong>τεταρτημόριον</strong></span> <span class='ocrx_word' id='word_1_161' title='bbox 1273 485 1303 510; x_wconf 82' lang='grc' dir='ltr'>τὸ</span> <span class='ocrx_word' id='word_1_162' title='bbox 1319 484 1372 511; x_wconf 84' lang='grc' dir='ltr'><strong>ἀπὸ</strong></span> <span class='ocrx_word' id='word_1_163' title='bbox 1391 484 1534 519; x_wconf 81' lang='grc' dir='ltr'>ἰσημερίας</span> <span class='ocrx_word' id='word_1_164' title='bbox 1555 483 1664 518; x_wconf 78' lang='grc' dir='ltr'>ἐαρινῆς</span> <span class='ocrx_word' id='word_1_165' title='bbox 1682 483 1765 518; x_wconf 78' lang='grc' dir='ltr'>μέχρι</span> <span class='ocrx_word' id='word_1_166' title='bbox 1780 491 1839 518; x_wconf 70' lang='grc' dir='ltr'>τρο-</span> 
     </span>
    </p>
   </div>
   <div class='ocr_carea' id='block_1_26' title="bbox 1051 529 1838 566">
    <p class='ocr_par' dir='ltr' id='par_1_26' title="bbox 1051 529 1838 566">
     <span class='ocr_line' id='line_1_26' title="bbox 1051 529 1838 566; baseline -0.004 -9"><span class='ocrx_word' id='word_1_167' title='bbox 1051 530 1106 565; x_wconf 81' lang='grc' dir='ltr'>πῆς</span> <span class='ocrx_word' id='word_1_168' title='bbox 1118 531 1225 566; x_wconf 76' lang='grc' dir='ltr'>θερινῆς</span> <span class='ocrx_word' id='word_1_169' title='bbox 1234 539 1240 545; x_wconf 92' lang='grc'><strong>·</strong></span> <span class='ocrx_word' id='word_1_170' title='bbox 1257 531 1319 557; x_wconf 81' lang='grc' dir='ltr'>ὅταν</span> <span class='ocrx_word' id='word_1_171' title='bbox 1331 530 1359 556; x_wconf 79' lang='grc' dir='ltr'>δὲ</span> <span class='ocrx_word' id='word_1_172' title='bbox 1373 530 1422 566; x_wconf 78' lang='grc' dir='ltr'>τὴν</span> <span class='ocrx_word' id='word_1_173' title='bbox 1442 529 1584 565; x_wconf 71' lang='grc' dir='ltr'>ἐλαχίστην</span> <span class='ocrx_word' id='word_1_174' title='bbox 1599 529 1781 564; x_wconf 72' lang='grc' dir='ltr'>περιφέρειαν</span> <span class='ocrx_word' id='word_1_175' title='bbox 1795 529 1838 555; x_wconf 76' lang='grc' dir='ltr'><strong>ἐπὶ</strong></span> 
     </span>
    </p>
   </div>
   <div class='ocr_carea' id='block_1_27' title="bbox 1049 573 1837 610">
    <p class='ocr_par' dir='ltr' id='par_1_27' title="bbox 1049 573 1837 610">
     <span class='ocr_line' id='line_1_27' title="bbox 1049 573 1837 610; baseline -0.004 -8"><span class='ocrx_word' id='word_1_176' title='bbox 1049 576 1096 602; x_wconf 76' lang='grc' dir='ltr'><strong>τοῦ</strong></span> <span class='ocrx_word' id='word_1_177' title='bbox 1113 576 1177 602; x_wconf 84' lang='grc' dir='ltr'>ἰδίου</span> <span class='ocrx_word' id='word_1_178' title='bbox 1192 575 1291 602; x_wconf 81' lang='grc' dir='ltr'>κύκλου</span> <span class='ocrx_word' id='word_1_179' title='bbox 1308 575 1424 610; x_wconf 81' lang='grc' dir='ltr'>κινῆται,</span> <span class='ocrx_word' id='word_1_180' title='bbox 1440 575 1499 600; x_wconf 85' lang='grc' dir='ltr'>τότε</span> <span class='ocrx_word' id='word_1_181' title='bbox 1518 573 1664 609; x_wconf 67' lang='grc' dir='ltr'>παροδεύειη</span> <span class='ocrx_word' id='word_1_182' title='bbox 1676 573 1725 599; x_wconf 84' lang='grc' dir='ltr'>τοῦ</span> <span class='ocrx_word' id='word_1_183' title='bbox 1743 573 1837 604; x_wconf 72' lang='grc' dir='ltr'>ζωδια-</span> 
     </span>
    </p>
   </div>
   <div class='ocr_carea' id='block_1_28' title="bbox 1050 619 1837 656">
    <p class='ocr_par' dir='ltr' id='par_1_28' title="bbox 1050 619 1837 656">
     <span class='ocr_line' id='line_1_28' title="bbox 1050 619 1837 656; baseline -0.005 -8"><span class='ocrx_word' id='word_1_184' title='bbox 1050 621 1098 648; x_wconf 79' lang='grc' dir='ltr'>κοῦ</span> <span class='ocrx_word' id='word_1_185' title='bbox 1111 622 1141 648; x_wconf 82' lang='grc' dir='ltr'>τὸ</span> <span class='ocrx_word' id='word_1_186' title='bbox 1162 621 1386 656; x_wconf 81' lang='grc' dir='ltr'>τεταρτημόριον,</span> <span class='ocrx_word' id='word_1_187' title='bbox 1407 620 1438 647; x_wconf 80' lang='grc' dir='ltr'>τὸ</span> <span class='ocrx_word' id='word_1_188' title='bbox 1452 620 1505 647; x_wconf 82' lang='grc' dir='ltr'><strong>ἀπὸ</strong></span> <span class='ocrx_word' id='word_1_189' title='bbox 1518 620 1662 655; x_wconf 80' lang='grc' dir='ltr'>ἰσημερίας</span> <span class='ocrx_word' id='word_1_190' title='bbox 1674 619 1837 654; x_wconf 75' lang='grc' dir='ltr'>φθινοπωρι-</span> 
     </span>
    </p>
   </div>
   <div class='ocr_carea' id='block_1_29' title="bbox 1049 663 1836 703">
    <p class='ocr_par' dir='ltr' id='par_1_29' title="bbox 1049 663 1836 703">
     <span class='ocr_line' id='line_1_29' title="bbox 1049 663 1836 703; baseline -0.004 -9"><span class='ocrx_word' id='word_1_191' title='bbox 1049 668 1097 703; x_wconf 88' lang='grc' dir='ltr'><strong>νῆς</strong></span> <span class='ocrx_word' id='word_1_192' title='bbox 1130 667 1210 702; x_wconf 74' lang='grc' dir='ltr'>μέχρι</span> <span class='ocrx_word' id='word_1_193' title='bbox 1239 667 1342 703; x_wconf 82' lang='grc' dir='ltr'>τροπῆς</span> <span class='ocrx_word' id='word_1_194' title='bbox 1367 666 1533 702; x_wconf 85' lang='grc' dir='ltr'>χειμερινῆς.</span> <span class='ocrx_word' id='word_1_195' title='bbox 1576 665 1652 692; x_wconf 70' lang='grc' dir='ltr'>Ἐπεὶ</span> <span class='ocrx_word' id='word_1_196' title='bbox 1672 663 1720 691; x_wconf 77' lang='grc' dir='ltr'>οὖν</span> <span class='ocrx_word' id='word_1_197' title='bbox 1754 666 1836 692; x_wconf 75' lang='grc' dir='ltr'>ἄνισοι</span> 
     </span>
    </p>
   </div>
   <div class='ocr_carea' id='block_1_30' title="bbox 1049 712 1837 749">
    <p class='ocr_par' dir='ltr' id='par_1_30' title="bbox 1049 712 1837 749">
     <span class='ocr_line' id='line_1_30' title="bbox 1049 712 1837 749; baseline -0.003 -10"><span class='ocrx_word' id='word_1_198' title='bbox 1049 713 1220 749; x_wconf 75' lang='grc' dir='ltr'>περιφέρειαι</span> <span class='ocrx_word' id='word_1_199' title='bbox 1250 713 1296 739; x_wconf 77' lang='grc' dir='ltr'>τοῦ</span> <span class='ocrx_word' id='word_1_200' title='bbox 1329 712 1441 747; x_wconf 78' lang='grc' dir='ltr'>ἡλιακοῦ</span> <span class='ocrx_word' id='word_1_201' title='bbox 1473 712 1571 738; x_wconf 77' lang='grc' dir='ltr'>κύκλου</span> <span class='ocrx_word' id='word_1_202' title='bbox 1604 712 1656 738; x_wconf 79' lang='grc' dir='ltr'><strong>ὑπὸ</strong></span> <span class='ocrx_word' id='word_1_203' title='bbox 1677 712 1741 743; x_wconf 81' lang='grc' dir='ltr'>ἴσας</span> <span class='ocrx_word' id='word_1_204' title='bbox 1765 718 1837 747; x_wconf 78' lang='grc' dir='ltr'>περι-</span> 
     </span>
    </p>
   </div>
   <div class='ocr_carea' id='block_1_31' title="bbox 1050 757 1834 794">
    <p class='ocr_par' dir='ltr' id='par_1_31' title="bbox 1050 757 1834 794">
     <span class='ocr_line' id='line_1_31' title="bbox 1050 757 1834 794; baseline -0.003 -9"><span class='ocrx_word' id='word_1_205' title='bbox 1050 759 1159 794; x_wconf 81' lang='grc' dir='ltr'>φερείας</span> <span class='ocrx_word' id='word_1_206' title='bbox 1191 759 1238 785; x_wconf 79' lang='grc' dir='ltr'>τοῦ</span> <span class='ocrx_word' id='word_1_207' title='bbox 1279 758 1409 790; x_wconf 79' lang='grc' dir='ltr'>ζωδιακοῦ</span> <span class='ocrx_word' id='word_1_208' title='bbox 1447 757 1546 784; x_wconf 83' lang='grc' dir='ltr'>κύκλου</span> <span class='ocrx_word' id='word_1_209' title='bbox 1583 757 1834 788; x_wconf 78' lang='grc' dir='ltr'>ὑποπεπτώκασιν.</span> 
     </span>
    </p>
   </div>
   <div class='ocr_carea' id='block_1_32' title="bbox 1049 803 1835 841">
    <p class='ocr_par' dir='ltr' id='par_1_32' title="bbox 1049 803 1835 841">
     <span class='ocr_line' id='line_1_32' title="bbox 1049 803 1835 841; baseline -0.001 -10"><span class='ocrx_word' id='word_1_210' title='bbox 1049 806 1154 841; x_wconf 81' lang='grc' dir='ltr'>ἀνάγκη</span> <span class='ocrx_word' id='word_1_211' title='bbox 1174 805 1281 836; x_wconf 81' lang='grc' dir='ltr'>ἀνίσους</span> <span class='ocrx_word' id='word_1_212' title='bbox 1300 804 1422 839; x_wconf 83' lang='grc' dir='ltr'>γίνεσθαι</span> <span class='ocrx_word' id='word_1_213' title='bbox 1440 805 1503 836; x_wconf 82' lang='grc' dir='ltr'>τοὺς</span> <span class='ocrx_word' id='word_1_214' title='bbox 1523 805 1577 830; x_wconf 76' lang='grc' dir='ltr'><strong>ἀπὸ</strong></span> <span class='ocrx_word' id='word_1_215' title='bbox 1600 804 1654 830; x_wconf 86' lang='grc' dir='ltr'><strong>τῶν</strong></span> <span class='ocrx_word' id='word_1_216' title='bbox 1665 803 1778 839; x_wconf 81' lang='grc' dir='ltr'>τροπῶν</span> <span class='ocrx_word' id='word_1_217' title='bbox 1794 804 1835 838; x_wconf 79' lang='grc' dir='ltr'>μέ-</span> 
     </span>
    </p>
   </div>
   <div class='ocr_carea' id='block_1_33' title="bbox 1049 850 1836 887">
    <p class='ocr_par' dir='ltr' id='par_1_33' title="bbox 1049 850 1836 887">
     <span class='ocr_line' id='line_1_33' title="bbox 1049 850 1836 887; baseline -0.004 -9"><span class='ocrx_word' id='word_1_218' title='bbox 1049 861 1094 887; x_wconf 89' lang='grc' dir='ltr'><strong>χρι</strong></span> <span class='ocrx_word' id='word_1_219' title='bbox 1127 852 1181 878; x_wconf 83' lang='grc' dir='ltr'>τῶν</span> <span class='ocrx_word' id='word_1_220' title='bbox 1216 851 1364 887; x_wconf 78' lang='grc' dir='ltr'>ἰσημεριῶν</span> <span class='ocrx_word' id='word_1_221' title='bbox 1390 851 1521 886; x_wconf 82' lang='grc' dir='ltr'>χρόνους·</span> <span class='ocrx_word' id='word_1_222' title='bbox 1548 851 1596 877; x_wconf 76' lang='grc' dir='ltr'>καὶ</span> <span class='ocrx_word' id='word_1_223' title='bbox 1627 851 1758 885; x_wconf 81' lang='grc' dir='ltr'>μέγιστον</span> <span class='ocrx_word' id='word_1_224' title='bbox 1791 850 1836 885; x_wconf 79' lang='grc' dir='ltr'>μὲν</span> 
     </span>
    </p>
   </div>
   <div class='ocr_carea' id='block_1_34' title="bbox 218 894 1000 934">
    <p class='ocr_par' dir='ltr' id='par_1_34' title="bbox 218 894 999 934">
     <span class='ocr_line' id='line_1_34' title="bbox 218 894 999 934; baseline -0.008 -8"><span class='ocrx_word' id='word_1_225' title='bbox 218 897 396 934; x_wconf 67' lang='lat' dir='ltr'><strong>nquinoctiali</strong></span> <span class='ocrx_word' id='word_1_226' title='bbox 423 901 525 932; x_wconf 88' lang='lat' dir='ltr'><strong>puncto</strong></span> <span class='ocrx_word' id='word_1_227' title='bbox 554 903 638 922; x_wconf 85' lang='lat' dir='ltr'><strong>verno</strong></span> <span class='ocrx_word' id='word_1_228' title='bbox 673 901 760 928; x_wconf 87' lang='lat' dir='ltr'><strong>usque</strong></span> <span class='ocrx_word' id='word_1_229' title='bbox 787 894 821 921; x_wconf 91' lang='lat' dir='ltr'><strong>ad</strong></span> <span class='ocrx_word' id='word_1_230' title='bbox 857 894 999 921; x_wconf 81' lang='lat' dir='ltr'><strong>solstitiale</strong></span> 
     </span>
    </p>
   </div>
   <div class='ocr_carea' id='block_1_35' title="bbox 1051 894 1835 934">
    <p class='ocr_par' dir='ltr' id='par_1_35' title="bbox 1051 896 1835 933">
     <span class='ocr_line' id='line_1_35' title="bbox 1051 896 1835 933; baseline -0.004 -8"><span class='ocrx_word' id='word_1_231' title='bbox 1051 898 1093 925; x_wconf 76' lang='grc' dir='ltr'>τὸν</span> <span class='ocrx_word' id='word_1_232' title='bbox 1113 899 1166 925; x_wconf 79' lang='grc' dir='ltr'><strong>ἀπὺ</strong></span> <span class='ocrx_word' id='word_1_233' title='bbox 1188 898 1331 933; x_wconf 82' lang='grc' dir='ltr'>ἰσημερίας</span> <span class='ocrx_word' id='word_1_234' title='bbox 1351 898 1460 933; x_wconf 82' lang='grc' dir='ltr'>ἐαρινῆς</span> <span class='ocrx_word' id='word_1_235' title='bbox 1483 897 1561 932; x_wconf 82' lang='grc' dir='ltr'>μέχρι</span> <span class='ocrx_word' id='word_1_236' title='bbox 1584 897 1690 932; x_wconf 80' lang='grc' dir='ltr'>τροπῆς</span> <span class='ocrx_word' id='word_1_237' title='bbox 1710 896 1835 932; x_wconf 77' lang='grc' dir='ltr'>θερινῆς,</span> 
     </span>
    </p>
   </div>
   <div class='ocr_carea' id='block_1_36' title="bbox 216 939 999 979">
    <p class='ocr_par' dir='ltr' id='par_1_36' title="bbox 216 939 999 979">
     <span class='ocr_line' id='line_1_36' title="bbox 216 939 999 979; baseline -0.008 -7"><span class='ocrx_word' id='word_1_238' title='bbox 216 948 346 979; x_wconf 86' lang='lat' dir='ltr'><strong>punctum</strong></span> <span class='ocrx_word' id='word_1_239' title='bbox 361 943 484 971; x_wconf 62' lang='lat' dir='ltr'><strong>aestivum</strong></span> <span class='ocrx_word' id='word_1_240' title='bbox 501 952 507 969; x_wconf 87' lang='lat'><strong>:</strong></span> <span class='ocrx_word' id='word_1_241' title='bbox 528 942 670 968; x_wconf 90' lang='lat' dir='ltr'><strong>minimum</strong></span> <span class='ocrx_word' id='word_1_242' title='bbox 685 948 749 967; x_wconf 82' lang='lat' dir='ltr'><strong>vero</strong></span> <span class='ocrx_word' id='word_1_243' title='bbox 768 940 805 972; x_wconf 92' lang='lat' dir='ltr'><strong>id,</strong></span> <span class='ocrx_word' id='word_1_244' title='bbox 819 939 892 975; x_wconf 90' lang='lat' dir='ltr'><strong>quod</strong></span> <span class='ocrx_word' id='word_1_245' title='bbox 909 944 951 966; x_wconf 83' lang='lat' dir='ltr'><strong>est</strong></span> <span class='ocrx_word' id='word_1_246' title='bbox 965 940 999 967; x_wconf 89' lang='lat' dir='ltr'><strong>ab</strong></span> 
     </span>
    </p>
   </div>
   <div class='ocr_carea' id='block_1_37' title="bbox 217 985 999 1025">
    <p class='ocr_par' dir='ltr' id='par_1_37' title="bbox 217 985 999 1025">
     <span class='ocr_line' id='line_1_37' title="bbox 217 985 999 1025; baseline -0.005 -9"><span class='ocrx_word' id='word_1_247' title='bbox 217 989 397 1024; x_wconf 59' lang='lat' dir='ltr'><strong>equinoctiali</strong></span> <span class='ocrx_word' id='word_1_248' title='bbox 417 992 517 1025; x_wconf 89' lang='lat' dir='ltr'><strong>puncto</strong></span> <span class='ocrx_word' id='word_1_249' title='bbox 535 987 686 1014; x_wconf 85' lang='lat' dir='ltr'><strong>autumnali</strong></span> <span class='ocrx_word' id='word_1_250' title='bbox 703 993 788 1021; x_wconf 88' lang='lat' dir='ltr'><strong>usque</strong></span> <span class='ocrx_word' id='word_1_251' title='bbox 807 986 839 1013; x_wconf 86' lang='lat' dir='ltr'><strong>ad</strong></span> <span class='ocrx_word' id='word_1_252' title='bbox 855 985 999 1014; x_wconf 80' lang='lat' dir='ltr'><strong>solstitiale</strong></span> 
     </span>
    </p>
   </div>
   <div class='ocr_carea' id='block_1_38' title="bbox 217 1031 999 1070">
    <p class='ocr_par' dir='ltr' id='par_1_38' title="bbox 217 1031 999 1070">
     <span class='ocr_line' id='line_1_38' title="bbox 217 1031 999 1070; baseline -0.005 -8"><span class='ocrx_word' id='word_1_253' title='bbox 217 1040 346 1070; x_wconf 90' lang='lat' dir='ltr'><strong>punctum</strong></span> <span class='ocrx_word' id='word_1_254' title='bbox 360 1035 512 1062; x_wconf 87' lang='lat' dir='ltr'><strong>hibernum.</strong></span> <span class='ocrx_word' id='word_1_255' title='bbox 532 1033 577 1060; x_wconf 90' lang='lat' dir='ltr'><strong>Sol</strong></span> <span class='ocrx_word' id='word_1_256' title='bbox 592 1034 674 1068; x_wconf 82' lang='lat' dir='ltr'><strong>igitur</strong></span> <span class='ocrx_word' id='word_1_257' title='bbox 690 1036 823 1067; x_wconf 86' lang='lat' dir='ltr'><strong>perpetuo</strong></span> <span class='ocrx_word' id='word_1_258' title='bbox 835 1031 862 1067; x_wconf 66' lang='grc'><strong>4</strong></span> <span class='ocrx_word' id='word_1_259' title='bbox 875 1036 999 1058; x_wconf 75' lang='lat' dir='ltr'><strong>movetur</strong></span> 
     </span>
    </p>
   </div>
   <div class='ocr_carea' id='block_1_39' title="bbox 216 1078 999 1116">
    <p class='ocr_par' dir='ltr' id='par_1_39' title="bbox 216 1078 999 1116">
     <span class='ocr_line' id='line_1_39' title="bbox 216 1078 999 1116; baseline -0.004 -7"><span class='ocrx_word' id='word_1_260' title='bbox 216 1081 384 1116; x_wconf 61' lang='lat' dir='ltr'><strong>aequaliter:</strong></span> <span class='ocrx_word' id='word_1_261' title='bbox 416 1081 462 1108; x_wconf 88' lang='lat' dir='ltr'><strong>sed</strong></span> <span class='ocrx_word' id='word_1_262' title='bbox 497 1085 605 1115; x_wconf 75' lang='lat' dir='ltr'><strong>propter</strong></span> <span class='ocrx_word' id='word_1_263' title='bbox 637 1079 868 1106; x_wconf 75' lang='lat' dir='ltr'><strong>exuentricitatem</strong></span> <span class='ocrx_word' id='word_1_264' title='bbox 901 1078 999 1106; x_wconf 89' lang='lat' dir='ltr'><strong>solaris</strong></span> 
     </span>
    </p>
   </div>
   <div class='ocr_carea' id='block_1_40' title="bbox 216 1124 998 1163">
    <p class='ocr_par' dir='ltr' id='par_1_40' title="bbox 216 1124 998 1163">
     <span class='ocr_line' id='line_1_40' title="bbox 216 1124 998 1163; baseline -0.006 -8"><span class='ocrx_word' id='word_1_265' title='bbox 216 1128 328 1163; x_wconf 64' lang='lat' dir='ltr'><strong>sphaerae</strong></span> <span class='ocrx_word' id='word_1_266' title='bbox 353 1127 521 1161; x_wconf 86' lang='lat' dir='ltr'><strong>temporibus</strong></span> <span class='ocrx_word' id='word_1_267' title='bbox 549 1125 728 1160; x_wconf 62' lang='lat' dir='ltr'><strong>inaequalibus</strong></span> <span class='ocrx_word' id='word_1_268' title='bbox 753 1124 871 1159; x_wconf 63' lang='lat' dir='ltr'><strong>aequales</strong></span> <span class='ocrx_word' id='word_1_269' title='bbox 894 1124 998 1150; x_wconf 79' lang='lat' dir='ltr'><strong>zodiaci</strong></span> 
     </span>
    </p>
   </div>
   <div class='ocr_carea' id='block_1_41' title="bbox 215 1170 998 1210">
    <p class='ocr_par' dir='ltr' id='par_1_41' title="bbox 215 1170 998 1210">
     <span class='ocr_line' id='line_1_41' title="bbox 215 1170 998 1210; baseline -0.006 -8"><span class='ocrx_word' id='word_1_270' title='bbox 215 1175 380 1210; x_wconf 82' lang='lat' dir='ltr'><strong>quadrantes</strong></span> <span class='ocrx_word' id='word_1_271' title='bbox 394 1173 514 1201; x_wconf 83' lang='lat' dir='ltr'><strong>conﬁcit.</strong></span> <span class='ocrx_word' id='word_1_272' title='bbox 531 1172 644 1207; x_wconf 84' lang='lat' dir='ltr'><strong>Propter</strong></span> <span class='ocrx_word' id='word_1_273' title='bbox 656 1171 778 1199; x_wconf 87' lang='lat' dir='ltr'><strong>eamdem</strong></span> <span class='ocrx_word' id='word_1_274' title='bbox 793 1178 902 1198; x_wconf 90' lang='lat' dir='ltr'><strong>causam</strong></span> <span class='ocrx_word' id='word_1_275' title='bbox 917 1170 998 1197; x_wconf 85' lang='lat' dir='ltr'><strong>etiam</strong></span> 
     </span>
    </p>
   </div>
   <div class='ocr_carea' id='block_1_42' title="bbox 215 1218 999 1255">
    <p class='ocr_par' dir='ltr' id='par_1_42' title="bbox 215 1218 999 1255">
     <span class='ocr_line' id='line_1_42' title="bbox 215 1218 999 1255; baseline -0.004 -8"><span class='ocrx_word' id='word_1_276' title='bbox 215 1221 327 1255; x_wconf 70' lang='lat' dir='ltr'><strong>aequalia</strong></span> <span class='ocrx_word' id='word_1_277' title='bbox 343 1220 420 1255; x_wconf 80' lang='lat' dir='ltr'><strong>signa</strong></span> <span class='ocrx_word' id='word_1_278' title='bbox 438 1220 465 1246; x_wconf 93' lang='lat' dir='ltr'><strong>in</strong></span> <span class='ocrx_word' id='word_1_279' title='bbox 489 1219 656 1254; x_wconf 85' lang='lat' dir='ltr'><strong>temporibus</strong></span> <span class='ocrx_word' id='word_1_280' title='bbox 676 1218 855 1253; x_wconf 60' lang='lat' dir='ltr'><strong>inaqualibus</strong></span> <span class='ocrx_word' id='word_1_281' title='bbox 879 1218 920 1245; x_wconf 91' lang='lat' dir='ltr'><strong>sol</strong></span> <span class='ocrx_word' id='word_1_282' title='bbox 937 1226 999 1252; x_wconf 89' lang='lat' dir='ltr'><strong>per-</strong></span> 
     </span>
    </p>
   </div>
   <div class='ocr_carea' id='block_1_43' title="bbox 214 1256 999 1303">
    <p class='ocr_par' dir='ltr' id='par_1_43' title="bbox 214 1256 999 1303">
     <span class='ocr_line' id='line_1_43' title="bbox 214 1256 999 1303; baseline -0.005 -9"><span class='ocrx_word' id='word_1_283' title='bbox 214 1271 300 1303; x_wconf 81' lang='lat' dir='ltr'><strong>agrat.</strong></span> <span class='ocrx_word' id='word_1_284' title='bbox 317 1266 345 1293; x_wconf 92' lang='lat' dir='ltr'><strong>Si</strong></span> <span class='ocrx_word' id='word_1_285' title='bbox 360 1266 431 1293; x_wconf 87' lang='lat' dir='ltr'><strong>enim</strong></span> <span class='ocrx_word' id='word_1_286' title='bbox 441 1266 475 1293; x_wconf 86' lang='lat' dir='ltr'><strong>ab</strong></span> <span class='ocrx_word' id='word_1_287' title='bbox 485 1265 703 1292; x_wconf 81' lang='lat' dir='ltr'><strong>extremitatibus</strong></span> <span class='ocrx_word' id='word_1_288' title='bbox 715 1256 999 1292; x_wconf 80' lang='lat' dir='ltr'><strong>dodecatemoriorum</strong></span> 
     </span>
    </p>
   </div>
   <div class='ocr_carea' id='block_1_44' title="bbox 214 1311 996 1340">
    <p class='ocr_par' dir='ltr' id='par_1_44' title="bbox 214 1311 996 1340">
     <span class='ocr_line' id='line_1_44' title="bbox 214 1311 996 1340; baseline -0.003 0"><span class='ocrx_word' id='word_1_289' title='bbox 214 1313 246 1340; x_wconf 83' lang='lat' dir='ltr'><strong>ad</strong></span> <span class='ocrx_word' id='word_1_290' title='bbox 273 1318 395 1340; x_wconf 84' lang='lat' dir='ltr'><strong>centrum</strong></span> <span class='ocrx_word' id='word_1_291' title='bbox 427 1312 530 1339; x_wconf 85' lang='lat' dir='ltr'><strong>zodiaci</strong></span> <span class='ocrx_word' id='word_1_292' title='bbox 556 1316 750 1338; x_wconf 86' lang='lat' dir='ltr'><strong>connectamus</strong></span> <span class='ocrx_word' id='word_1_293' title='bbox 771 1311 858 1338; x_wconf 84' lang='lat' dir='ltr'><strong>lineas</strong></span> <span class='ocrx_word' id='word_1_294' title='bbox 883 1315 996 1338; x_wconf 85' lang='lat' dir='ltr'><strong>rectas:</strong></span> 
     </span>
    </p>
   </div>
   <div class='ocr_carea' id='block_1_45' title="bbox 214 1356 999 1394">
    <p class='ocr_par' dir='ltr' id='par_1_45' title="bbox 214 1356 999 1394">
     <span class='ocr_line' id='line_1_45' title="bbox 214 1356 999 1394; baseline -0.005 -7"><span class='ocrx_word' id='word_1_295' title='bbox 214 1359 441 1394; x_wconf 83' lang='lat' dir='ltr'><strong>quemadmodum</strong></span> <span class='ocrx_word' id='word_1_296' title='bbox 457 1358 543 1393; x_wconf 81' lang='lat' dir='ltr'><strong>ﬁgura</strong></span> <span class='ocrx_word' id='word_1_297' title='bbox 562 1358 715 1392; x_wconf 88' lang='lat' dir='ltr'><strong>subscripta</strong></span> <span class='ocrx_word' id='word_1_298' title='bbox 730 1357 859 1388; x_wconf 83' lang='lat' dir='ltr'><strong>ostendit.</strong></span> <span class='ocrx_word' id='word_1_299' title='bbox 875 1358 926 1384; x_wconf 87' lang='lat' dir='ltr'><strong>erit</strong></span> <span class='ocrx_word' id='word_1_300' title='bbox 941 1356 999 1391; x_wconf 91' lang='lat' dir='ltr'><strong>qui-</strong></span> 
     </span>
    </p>
   </div>
   <div class='ocr_carea' id='block_1_46' title="bbox 214 1403 996 1439">
    <p class='ocr_par' dir='ltr' id='par_1_46' title="bbox 214 1403 996 1439">
     <span class='ocr_line' id='line_1_46' title="bbox 214 1403 996 1439; baseline -0.005 -5"><span class='ocrx_word' id='word_1_301' title='bbox 214 1407 274 1434; x_wconf 91' lang='lat' dir='ltr'><strong>dem</strong></span> <span class='ocrx_word' id='word_1_302' title='bbox 290 1406 418 1433; x_wconf 83' lang='lat' dir='ltr'><strong>zodiacus</strong></span> <span class='ocrx_word' id='word_1_303' title='bbox 432 1405 459 1432; x_wconf 93' lang='lat' dir='ltr'><strong>in</strong></span> <span class='ocrx_word' id='word_1_304' title='bbox 477 1405 619 1432; x_wconf 87' lang='lat' dir='ltr'><strong>duodecim</strong></span> <span class='ocrx_word' id='word_1_305' title='bbox 636 1408 726 1439; x_wconf 86' lang='lat' dir='ltr'><strong>partes</strong></span> <span class='ocrx_word' id='word_1_306' title='bbox 741 1404 860 1438; x_wconf 61' lang='lat' dir='ltr'><strong>aequales</strong></span> <span class='ocrx_word' id='word_1_307' title='bbox 872 1403 976 1431; x_wconf 86' lang='lat' dir='ltr'><strong>divisus</strong></span> <span class='ocrx_word' id='word_1_308' title='bbox 990 1412 996 1429; x_wconf 89' lang='lat'>:</span> 
     </span>
    </p>
   </div>
   <div class='ocr_carea' id='block_1_47' title="bbox 214 1444 995 1486">
    <p class='ocr_par' dir='ltr' id='par_1_47' title="bbox 214 1444 995 1486">
     <span class='ocr_line' id='line_1_47' title="bbox 214 1444 995 1486; baseline -0.004 -7"><span class='ocrx_word' id='word_1_309' title='bbox 214 1453 280 1479; x_wconf 82' lang='lat' dir='ltr'><strong>solis</strong></span> <span class='ocrx_word' id='word_1_310' title='bbox 295 1460 359 1479; x_wconf 83' lang='lat' dir='ltr'><strong>vero</strong></span> <span class='ocrx_word' id='word_1_311' title='bbox 373 1444 616 1486; x_wconf 27' lang='lat' dir='ltr'><strong>circulusvpropter</strong></span> <span class='ocrx_word' id='word_1_312' title='bbox 626 1450 858 1478; x_wconf 85' lang='lat' dir='ltr'><strong>cxcentricitatem</strong></span> <span class='ocrx_word' id='word_1_313' title='bbox 881 1450 909 1476; x_wconf 90' lang='lat' dir='ltr'><strong>in</strong></span> <span class='ocrx_word' id='word_1_314' title='bbox 930 1449 995 1476; x_wconf 93' lang='lat' dir='ltr'><strong>duo-</strong></span> 
     </span>
    </p>
   </div>
   <div class='ocr_carea' id='block_1_48' title="bbox 213 1495 998 1532">
    <p class='ocr_par' dir='ltr' id='par_1_48' title="bbox 213 1495 998 1532">
     <span class='ocr_line' id='line_1_48' title="bbox 213 1495 998 1532; baseline -0.004 -7"><span class='ocrx_word' id='word_1_315' title='bbox 213 1498 301 1526; x_wconf 89' lang='lat' dir='ltr'><strong>decim</strong></span> <span class='ocrx_word' id='word_1_316' title='bbox 311 1502 402 1532; x_wconf 86' lang='lat' dir='ltr'><strong>partes</strong></span> <span class='ocrx_word' id='word_1_317' title='bbox 411 1496 557 1531; x_wconf 67' lang='lat' dir='ltr'><strong>inaequales</strong></span> <span class='ocrx_word' id='word_1_318' title='bbox 570 1496 674 1524; x_wconf 77' lang='lat' dir='ltr'><strong>divisus</strong></span> <span class='ocrx_word' id='word_1_319' title='bbox 687 1505 693 1524; x_wconf 92' lang='lat'>:</span> <span class='ocrx_word' id='word_1_320' title='bbox 707 1503 738 1522; x_wconf 89' lang='lat' dir='ltr'><strong>ac</strong></span> <span class='ocrx_word' id='word_1_321' title='bbox 747 1496 882 1523; x_wconf 82' lang='lat' dir='ltr'><strong>maximus</strong></span> <span class='ocrx_word' id='word_1_322' title='bbox 889 1495 998 1531; x_wconf 87' lang='lat' dir='ltr'><strong>quidem</strong></span> 
     </span>
    </p>
   </div>
   <div class='ocr_carea' id='block_1_49' title="bbox 214 1541 996 1576">
    <p class='ocr_par' dir='ltr' id='par_1_49' title="bbox 214 1541 996 1576">
     <span class='ocr_line' id='line_1_49' title="bbox 214 1541 996 1576; baseline -0.003 -6"><span class='ocrx_word' id='word_1_323' title='bbox 214 1552 294 1571; x_wconf 83' lang='lat' dir='ltr'><strong>arcus</strong></span> <span class='ocrx_word' id='word_1_324' title='bbox 308 1543 335 1570; x_wconf 93' lang='lat' dir='ltr'><strong>in</strong></span> <span class='ocrx_word' id='word_1_325' title='bbox 349 1543 431 1571; x_wconf 88' lang='lat' dir='ltr'><strong>solari</strong></span> <span class='ocrx_word' id='word_1_326' title='bbox 446 1542 548 1570; x_wconf 90' lang='lat' dir='ltr'><strong>circulo</strong></span> <span class='ocrx_word' id='word_1_327' title='bbox 559 1541 609 1569; x_wconf 87' lang='lat' dir='ltr'><strong>erit</strong></span> <span class='ocrx_word' id='word_1_328' title='bbox 620 1542 674 1574; x_wconf 88' lang='lat' dir='ltr'><strong>ille,</strong></span> <span class='ocrx_word' id='word_1_329' title='bbox 686 1541 731 1576; x_wconf 89' lang='lat' dir='ltr'><strong>qui</strong></span> <span class='ocrx_word' id='word_1_330' title='bbox 744 1545 785 1569; x_wconf 85' lang='lat' dir='ltr'><strong>est</strong></span> <span class='ocrx_word' id='word_1_331' title='bbox 797 1542 847 1569; x_wconf 86' lang='lat' dir='ltr'><strong>sub</strong></span> <span class='ocrx_word' id='word_1_332' title='bbox 857 1541 976 1569; x_wconf 86' lang='lat' dir='ltr'><strong>Geminis</strong></span> <span class='ocrx_word' id='word_1_333' title='bbox 989 1551 996 1568; x_wconf 92' lang='lat'>:</span> 
     </span>
    </p>
   </div>
   <div class='ocr_carea' id='block_1_50' title="bbox 215 1587 814 1624">
    <p class='ocr_par' dir='ltr' id='par_1_50' title="bbox 215 1587 814 1624">
     <span class='ocr_line' id='line_1_50' title="bbox 215 1587 814 1624; baseline -0.008 -6"><span class='ocrx_word' id='word_1_334' title='bbox 215 1590 345 1618; x_wconf 86' lang='lat' dir='ltr'><strong>minimus</strong></span> <span class='ocrx_word' id='word_1_335' title='bbox 363 1597 444 1622; x_wconf 76' lang='lat' dir='ltr'><strong>vero,</strong></span> <span class='ocrx_word' id='word_1_336' title='bbox 467 1588 512 1624; x_wconf 86' lang='lat' dir='ltr'><strong>qui</strong></span> <span class='ocrx_word' id='word_1_337' title='bbox 538 1592 578 1616; x_wconf 87' lang='lat' dir='ltr'><strong>est</strong></span> <span class='ocrx_word' id='word_1_338' title='bbox 594 1587 645 1615; x_wconf 89' lang='lat' dir='ltr'><strong>sub</strong></span> <span class='ocrx_word' id='word_1_339' title='bbox 663 1587 814 1622; x_wconf 80' lang='lat' dir='ltr'><strong>Sagittario.</strong></span> 
     </span>
    </p>
   </div>
   <div class='ocr_carea' id='block_1_51' title="bbox 1050 942 1835 979">
    <p class='ocr_par' dir='ltr' id='par_1_51' title="bbox 1050 942 1835 979">
     <span class='ocr_line' id='line_1_51' title="bbox 1050 942 1835 979; baseline -0.003 -9"><span class='ocrx_word' id='word_1_340' title='bbox 1050 943 1189 979; x_wconf 78' lang='grc' dir='ltr'>ἐλάχιστον</span> <span class='ocrx_word' id='word_1_341' title='bbox 1228 943 1256 970; x_wconf 80' lang='grc' dir='ltr'>δὲ</span> <span class='ocrx_word' id='word_1_342' title='bbox 1288 944 1334 969; x_wconf 84' lang='grc' dir='ltr'>τὸν</span> <span class='ocrx_word' id='word_1_343' title='bbox 1376 943 1428 969; x_wconf 82' lang='grc' dir='ltr'><strong>ἀπὺ</strong></span> <span class='ocrx_word' id='word_1_344' title='bbox 1459 942 1603 978; x_wconf 85' lang='grc' dir='ltr'>ἰσημερίας</span> <span class='ocrx_word' id='word_1_345' title='bbox 1636 942 1835 978; x_wconf 73' lang='grc' dir='ltr'>φθινοπωρινῆς</span> 
     </span>
    </p>
   </div>
   <div class='ocr_carea' id='block_1_52' title="bbox 1051 986 1836 1025">
    <p class='ocr_par' dir='ltr' id='par_1_52' title="bbox 1051 986 1836 1025">
     <span class='ocr_line' id='line_1_52' title="bbox 1051 986 1836 1025; baseline -0.001 -10"><span class='ocrx_word' id='word_1_346' title='bbox 1051 990 1131 1024; x_wconf 78' lang='grc' dir='ltr'>μέχρι</span> <span class='ocrx_word' id='word_1_347' title='bbox 1147 990 1249 1025; x_wconf 86' lang='grc' dir='ltr'>τροπῆς</span> <span class='ocrx_word' id='word_1_348' title='bbox 1263 989 1430 1024; x_wconf 79' lang='grc' dir='ltr'>χειμερινῆς.</span> <span class='ocrx_word' id='word_1_349' title='bbox 1440 989 1468 1015; x_wconf 87' lang='lat'><strong>&#39;0</strong></span> <span class='ocrx_word' id='word_1_350' title='bbox 1480 989 1528 1024; x_wconf 78' lang='grc' dir='ltr'>μὲν</span> <span class='ocrx_word' id='word_1_351' title='bbox 1538 986 1585 1014; x_wconf 76' lang='grc' dir='ltr'>οὖν</span> <span class='ocrx_word' id='word_1_352' title='bbox 1594 988 1668 1023; x_wconf 78' lang='grc' dir='ltr'>ἥλιος</span> <span class='ocrx_word' id='word_1_353' title='bbox 1681 988 1726 1014; x_wconf 84' lang='grc' dir='ltr'><strong>διὰ</strong></span> <span class='ocrx_word' id='word_1_354' title='bbox 1738 988 1836 1020; x_wconf 69' lang='grc' dir='ltr'>παντὸς</span> 
     </span>
    </p>
   </div>
   <div class='ocr_carea' id='block_1_53' title="bbox 1051 1035 1836 1070">
    <p class='ocr_par' dir='ltr' id='par_1_53' title="bbox 1051 1035 1836 1070">
     <span class='ocr_line' id='line_1_53' title="bbox 1051 1035 1836 1070; baseline 0 -8"><span class='ocrx_word' id='word_1_355' title='bbox 1051 1035 1181 1070; x_wconf 84' lang='grc' dir='ltr'>ἰσοταχῶς</span> <span class='ocrx_word' id='word_1_356' title='bbox 1207 1037 1331 1062; x_wconf 79' lang='grc' dir='ltr'>κινεῖται.</span> <span class='ocrx_word' id='word_1_357' title='bbox 1362 1035 1410 1061; x_wconf 76' lang='grc' dir='ltr'>Διὰ</span> <span class='ocrx_word' id='word_1_358' title='bbox 1433 1035 1460 1061; x_wconf 82' lang='grc' dir='ltr'>δὲ</span> <span class='ocrx_word' id='word_1_359' title='bbox 1488 1035 1537 1070; x_wconf 84' lang='grc' dir='ltr'>τὴν</span> <span class='ocrx_word' id='word_1_360' title='bbox 1560 1035 1769 1070; x_wconf 68' lang='grc' dir='ltr'><strong>Διέκκεντρὸτητα</strong></span> <span class='ocrx_word' id='word_1_361' title='bbox 1789 1035 1836 1070; x_wconf 82' lang='grc' dir='ltr'><strong>τῆς</strong></span> 
     </span>
    </p>
   </div>
   <div class='ocr_carea' id='block_1_54' title="bbox 1050 1081 1835 1117">
    <p class='ocr_par' dir='ltr' id='par_1_54' title="bbox 1050 1081 1835 1117">
     <span class='ocr_line' id='line_1_54' title="bbox 1050 1081 1835 1117; baseline 0 -9"><span class='ocrx_word' id='word_1_362' title='bbox 1050 1082 1163 1117; x_wconf 82' lang='grc' dir='ltr'>ἡλιακῆς</span> <span class='ocrx_word' id='word_1_363' title='bbox 1177 1082 1294 1117; x_wconf 77' lang='grc' dir='ltr'>σφαίρας</span> <span class='ocrx_word' id='word_1_364' title='bbox 1314 1082 1342 1107; x_wconf 81' lang='grc' dir='ltr'>ὲν</span> <span class='ocrx_word' id='word_1_365' title='bbox 1358 1082 1459 1113; x_wconf 78' lang='grc' dir='ltr'>ἀνίσοις</span> <span class='ocrx_word' id='word_1_366' title='bbox 1474 1082 1579 1117; x_wconf 82' lang='grc' dir='ltr'>χρόνοις</span> <span class='ocrx_word' id='word_1_367' title='bbox 1592 1081 1785 1116; x_wconf 81' lang='grc' dir='ltr'>διαπορεύεται</span> <span class='ocrx_word' id='word_1_368' title='bbox 1804 1082 1835 1108; x_wconf 65' lang='grc' dir='ltr'><strong>τὰ</strong></span> 
     </span>
    </p>
   </div>
   <div class='ocr_carea' id='block_1_55' title="bbox 1049 1127 1834 1163">
    <p class='ocr_par' dir='ltr' id='par_1_55' title="bbox 1049 1127 1834 1163">
     <span class='ocr_line' id='line_1_55' title="bbox 1049 1127 1834 1163; baseline 0 -10"><span class='ocrx_word' id='word_1_369' title='bbox 1049 1127 1094 1154; x_wconf 81' lang='grc' dir='ltr'>τοῦ</span> <span class='ocrx_word' id='word_1_370' title='bbox 1112 1127 1244 1159; x_wconf 78' lang='grc' dir='ltr'>ζωδιακοῦ</span> <span class='ocrx_word' id='word_1_371' title='bbox 1258 1127 1470 1163; x_wconf 81' lang='grc' dir='ltr'>τεταρτημόρια.</span> <span class='ocrx_word' id='word_1_372' title='bbox 1481 1127 1529 1153; x_wconf 86' lang='grc' dir='ltr'>Διὰ</span> <span class='ocrx_word' id='word_1_373' title='bbox 1542 1127 1570 1153; x_wconf 85' lang='grc' dir='ltr'>δὲ</span> <span class='ocrx_word' id='word_1_374' title='bbox 1585 1127 1635 1163; x_wconf 81' lang='grc' dir='ltr'>τὴν</span> <span class='ocrx_word' id='word_1_375' title='bbox 1651 1128 1738 1163; x_wconf 68' lang='grc' dir='ltr'>αὐτὴν</span> <span class='ocrx_word' id='word_1_376' title='bbox 1750 1127 1834 1154; x_wconf 74' lang='grc' dir='ltr'>αἰτίαν</span> 
     </span>
    </p>
   </div>
   <div class='ocr_carea' id='block_1_56' title="bbox 1049 1172 1836 1208">
    <p class='ocr_par' dir='ltr' id='par_1_56' title="bbox 1049 1172 1836 1208">
     <span class='ocr_line' id='line_1_56' title="bbox 1049 1172 1836 1208; baseline 0.003 -10"><span class='ocrx_word' id='word_1_377' title='bbox 1049 1173 1096 1199; x_wconf 71' lang='grc' dir='ltr'>καὶ</span> <span class='ocrx_word' id='word_1_378' title='bbox 1110 1173 1144 1199; x_wconf 80' lang='grc' dir='ltr'><strong>τὰ</strong></span> <span class='ocrx_word' id='word_1_379' title='bbox 1156 1173 1200 1199; x_wconf 83' lang='grc' dir='ltr'><strong>ίσα</strong></span> <span class='ocrx_word' id='word_1_380' title='bbox 1217 1172 1298 1204; x_wconf 79' lang='grc' dir='ltr'>ζώδια</span> <span class='ocrx_word' id='word_1_381' title='bbox 1323 1173 1351 1199; x_wconf 85' lang='grc' dir='ltr'>ὲν</span> <span class='ocrx_word' id='word_1_382' title='bbox 1364 1173 1465 1204; x_wconf 86' lang='grc' dir='ltr'>ἀνίσοις</span> <span class='ocrx_word' id='word_1_383' title='bbox 1487 1173 1593 1208; x_wconf 86' lang='grc' dir='ltr'>χρόνοις</span> <span class='ocrx_word' id='word_1_384' title='bbox 1618 1173 1836 1208; x_wconf 83' lang='grc' dir='ltr'>διαπορεύεταιὸ</span> 
     </span>
    </p>
   </div>
   <div class='ocr_carea' id='block_1_57' title="bbox 1047 1219 1836 1256">
    <p class='ocr_par' dir='ltr' id='par_1_57' title="bbox 1047 1219 1836 1256">
     <span class='ocr_line' id='line_1_57' title="bbox 1047 1219 1836 1256; baseline 0.003 -11"><span class='ocrx_word' id='word_1_385' title='bbox 1047 1219 1132 1254; x_wconf 75' lang='grc' dir='ltr'>ἥλιος.</span> <span class='ocrx_word' id='word_1_386' title='bbox 1159 1219 1220 1246; x_wconf 78' lang='grc' dir='ltr'>Ἐὰν</span> <span class='ocrx_word' id='word_1_387' title='bbox 1232 1220 1285 1254; x_wconf 79' lang='grc' dir='ltr'><strong>γὰρ</strong></span> <span class='ocrx_word' id='word_1_388' title='bbox 1299 1219 1352 1245; x_wconf 78' lang='grc' dir='ltr'><strong>ἀπὸ</strong></span> <span class='ocrx_word' id='word_1_389' title='bbox 1367 1219 1420 1248; x_wconf 82' lang='grc' dir='ltr'>τῶν</span> <span class='ocrx_word' id='word_1_390' title='bbox 1434 1219 1558 1255; x_wconf 82' lang='grc' dir='ltr'>περάτων</span> <span class='ocrx_word' id='word_1_391' title='bbox 1578 1220 1631 1246; x_wconf 82' lang='grc' dir='ltr'>τῶν</span> <span class='ocrx_word' id='word_1_392' title='bbox 1648 1220 1836 1256; x_wconf 81' lang='grc' dir='ltr'>δωδεκατημο-</span> 
     </span>
    </p>
   </div>
   <div class='ocr_carea' id='block_1_58' title="bbox 1050 1266 1836 1302">
    <p class='ocr_par' dir='ltr' id='par_1_58' title="bbox 1050 1266 1836 1302">
     <span class='ocr_line' id='line_1_58' title="bbox 1050 1266 1836 1302; baseline 0.003 -10"><span class='ocrx_word' id='word_1_393' title='bbox 1050 1267 1114 1302; x_wconf 83' lang='grc' dir='ltr'>ρίων</span> <span class='ocrx_word' id='word_1_394' title='bbox 1139 1266 1185 1292; x_wconf 73' lang='grc' dir='ltr'><strong>ἐπὶ</strong></span> <span class='ocrx_word' id='word_1_395' title='bbox 1213 1266 1243 1292; x_wconf 85' lang='grc' dir='ltr'>τὸ</span> <span class='ocrx_word' id='word_1_396' title='bbox 1267 1266 1378 1301; x_wconf 83' lang='grc' dir='ltr'>κέντρον</span> <span class='ocrx_word' id='word_1_397' title='bbox 1397 1266 1443 1292; x_wconf 78' lang='grc' dir='ltr'>τοῦ</span> <span class='ocrx_word' id='word_1_398' title='bbox 1466 1266 1596 1297; x_wconf 83' lang='grc' dir='ltr'>ζωδιακοῦ</span> <span class='ocrx_word' id='word_1_399' title='bbox 1614 1266 1716 1293; x_wconf 82' lang='grc' dir='ltr'>κύκλου</span> <span class='ocrx_word' id='word_1_400' title='bbox 1731 1267 1836 1299; x_wconf 78' lang='grc' dir='ltr'>ἐπιζεύ-</span> 
     </span>
    </p>
   </div>
   <div class='ocr_carea' id='block_1_59' title="bbox 1050 1312 1835 1349">
    <p class='ocr_par' dir='ltr' id='par_1_59' title="bbox 1050 1312 1835 1349">
     <span class='ocr_line' id='line_1_59' title="bbox 1050 1312 1835 1349; baseline 0.003 -11"><span class='ocrx_word' id='word_1_401' title='bbox 1050 1312 1137 1348; x_wconf 82' lang='grc' dir='ltr'>ξωμεν</span> <span class='ocrx_word' id='word_1_402' title='bbox 1150 1312 1266 1345; x_wconf 85' lang='grc' dir='ltr'>εὐθείας,</span> <span class='ocrx_word' id='word_1_403' title='bbox 1280 1312 1406 1348; x_wconf 81' lang='grc' dir='ltr'>καθάπερ</span> <span class='ocrx_word' id='word_1_404' title='bbox 1425 1313 1632 1348; x_wconf 81' lang='grc' dir='ltr'>ὑπογέγραπται</span> <span class='ocrx_word' id='word_1_405' title='bbox 1644 1334 1651 1346; x_wconf 88' lang='grc'><strong><em>,</em></strong></span> <span class='ocrx_word' id='word_1_406' title='bbox 1669 1313 1748 1340; x_wconf 79' lang='grc' dir='ltr'>ἔσται</span> <span class='ocrx_word' id='word_1_407' title='bbox 1762 1315 1776 1341; x_wconf 84' lang='grc' dir='ltr'>ὁ</span> <span class='ocrx_word' id='word_1_408' title='bbox 1790 1314 1835 1349; x_wconf 77' lang='grc' dir='ltr'>μὲν</span> 
     </span>
    </p>
   </div>
   <div class='ocr_carea' id='block_1_60' title="bbox 1048 1358 1835 1395">
    <p class='ocr_par' dir='ltr' id='par_1_60' title="bbox 1048 1358 1835 1395">
     <span class='ocr_line' id='line_1_60' title="bbox 1048 1358 1835 1395; baseline 0.003 -10"><span class='ocrx_word' id='word_1_409' title='bbox 1048 1359 1102 1385; x_wconf 79' lang='grc' dir='ltr'>τῶν</span> <span class='ocrx_word' id='word_1_410' title='bbox 1121 1358 1223 1390; x_wconf 81' lang='grc' dir='ltr'>ζωδίων</span> <span class='ocrx_word' id='word_1_411' title='bbox 1239 1358 1338 1390; x_wconf 81' lang='grc' dir='ltr'>κύκλος</span> <span class='ocrx_word' id='word_1_412' title='bbox 1354 1359 1394 1390; x_wconf 85' lang='grc' dir='ltr'><strong>είς</strong></span> <span class='ocrx_word' id='word_1_413' title='bbox 1408 1359 1440 1394; x_wconf 82' lang='grc' dir='ltr'><strong>ιβ’</strong></span> <span class='ocrx_word' id='word_1_414' title='bbox 1452 1359 1522 1395; x_wconf 80' lang='grc' dir='ltr'>μέρη</span> <span class='ocrx_word' id='word_1_415' title='bbox 1536 1359 1580 1386; x_wconf 85' lang='grc' dir='ltr'><strong>ίσα</strong></span> <span class='ocrx_word' id='word_1_416' title='bbox 1591 1359 1767 1395; x_wconf 75' lang='grc' dir='ltr'>διῃρημένος,</span> <span class='ocrx_word' id='word_1_417' title='bbox 1784 1362 1798 1387; x_wconf 85' lang='grc' dir='ltr'>ὁ</span> <span class='ocrx_word' id='word_1_418' title='bbox 1810 1361 1835 1387; x_wconf 82' lang='grc' dir='ltr'>δὲ</span> 
     </span>
    </p>
   </div>
   <div class='ocr_carea' id='block_1_61' title="bbox 1048 1403 1833 1442">
    <p class='ocr_par' dir='ltr' id='par_1_61' title="bbox 1048 1403 1833 1442">
     <span class='ocr_line' id='line_1_61' title="bbox 1048 1403 1833 1442; baseline 0.005 -13"><span class='ocrx_word' id='word_1_419' title='bbox 1048 1403 1095 1430; x_wconf 77' lang='grc' dir='ltr'><strong>τοῦ</strong></span> <span class='ocrx_word' id='word_1_420' title='bbox 1107 1403 1182 1438; x_wconf 79' lang='grc' dir='ltr'>ἡλίου</span> <span class='ocrx_word' id='word_1_421' title='bbox 1193 1403 1291 1436; x_wconf 85' lang='grc' dir='ltr'>κύκλος</span> <span class='ocrx_word' id='word_1_422' title='bbox 1305 1403 1349 1430; x_wconf 81' lang='grc' dir='ltr'><strong>διὰ</strong></span> <span class='ocrx_word' id='word_1_423' title='bbox 1371 1404 1420 1439; x_wconf 85' lang='grc' dir='ltr'>τὴν</span> <span class='ocrx_word' id='word_1_424' title='bbox 1437 1405 1635 1441; x_wconf 83' lang='grc' dir='ltr'>ὲκκεντρὸτητα</span> <span class='ocrx_word' id='word_1_425' title='bbox 1649 1406 1691 1437; x_wconf 86' lang='grc' dir='ltr'><strong>εἰς</strong></span> <span class='ocrx_word' id='word_1_426' title='bbox 1716 1406 1750 1440; x_wconf 82' lang='grc' dir='ltr'><strong>ιβ’</strong></span> <span class='ocrx_word' id='word_1_427' title='bbox 1769 1406 1833 1442; x_wconf 80' lang='grc' dir='ltr'>μέρη</span> 
     </span>
    </p>
   </div>
   <div class='ocr_carea' id='block_1_62' title="bbox 1048 1450 1834 1488">
    <p class='ocr_par' dir='ltr' id='par_1_62' title="bbox 1048 1450 1834 1488">
     <span class='ocr_line' id='line_1_62' title="bbox 1048 1450 1834 1488; baseline 0.003 -11"><span class='ocrx_word' id='word_1_428' title='bbox 1048 1450 1129 1478; x_wconf 81' lang='grc' dir='ltr'>ἄνισα</span> <span class='ocrx_word' id='word_1_429' title='bbox 1151 1451 1332 1488; x_wconf 76' lang='grc' dir='ltr'>διῃρημένος·</span> <span class='ocrx_word' id='word_1_430' title='bbox 1356 1451 1404 1477; x_wconf 81' lang='grc' dir='ltr'>καὶ</span> <span class='ocrx_word' id='word_1_431' title='bbox 1428 1451 1543 1487; x_wconf 87' lang='grc' dir='ltr'>μεγίστη</span> <span class='ocrx_word' id='word_1_432' title='bbox 1570 1451 1619 1487; x_wconf 82' lang='grc' dir='ltr'>μὲν</span> <span class='ocrx_word' id='word_1_433' title='bbox 1639 1453 1802 1488; x_wconf 81' lang='grc' dir='ltr'>περιφέρεια</span> <span class='ocrx_word' id='word_1_434' title='bbox 1820 1453 1834 1487; x_wconf 76' lang='grc' dir='ltr'><strong>ἠ</strong></span> 
     </span>
    </p>
   </div>
   <div class='ocr_carea' id='block_1_63' title="bbox 1050 1497 1834 1534">
    <p class='ocr_par' dir='ltr' id='par_1_63' title="bbox 1050 1497 1834 1534">
     <span class='ocr_line' id='line_1_63' title="bbox 1050 1497 1834 1534; baseline 0.001 -10"><span class='ocrx_word' id='word_1_435' title='bbox 1050 1499 1262 1524; x_wconf 83' lang='grc' dir='ltr'>ὐποπεπτωκυῑα</span> <span class='ocrx_word' id='word_1_436' title='bbox 1293 1498 1346 1524; x_wconf 83' lang='grc' dir='ltr'><strong>ὑπὸ</strong></span> <span class='ocrx_word' id='word_1_437' title='bbox 1357 1498 1419 1529; x_wconf 84' lang='grc' dir='ltr'>τοὺς</span> <span class='ocrx_word' id='word_1_438' title='bbox 1446 1497 1586 1533; x_wconf 84' lang='grc' dir='ltr'>Διδύμους,</span> <span class='ocrx_word' id='word_1_439' title='bbox 1620 1498 1751 1534; x_wconf 74' lang='grc' dir='ltr'>ἐλαχίστη</span> <span class='ocrx_word' id='word_1_440' title='bbox 1775 1498 1834 1533; x_wconf 74' lang='grc' dir='ltr'>δὲὴ</span> 
     </span>
    </p>
   </div>
   <div class='ocr_carea' id='block_1_64' title="bbox 1050 1543 1521 1579">
    <p class='ocr_par' dir='ltr' id='par_1_64' title="bbox 1050 1543 1521 1579">
     <span class='ocr_line' id='line_1_64' title="bbox 1050 1543 1521 1579; baseline -0.002 -8"><span class='ocrx_word' id='word_1_441' title='bbox 1050 1544 1261 1571; x_wconf 66' lang='grc' dir='ltr'>ὑποπεΜωκυῖα</span> <span class='ocrx_word' id='word_1_442' title='bbox 1273 1543 1325 1571; x_wconf 76' lang='grc' dir='ltr'><strong>ὑπὸ</strong></span> <span class='ocrx_word' id='word_1_443' title='bbox 1340 1545 1385 1571; x_wconf 80' lang='grc' dir='ltr'>τὸν</span> <span class='ocrx_word' id='word_1_444' title='bbox 1395 1543 1521 1579; x_wconf 84' lang='grc' dir='ltr'>Τοξότην.</span> 
     </span>
    </p>
   </div>
   <div class='ocr_carea' id='block_1_65' title="bbox 571 1649 1484 2576">
    <p class='ocr_par' dir='ltr' id='par_1_65' title="bbox 596 1657 1448 2568">
     <span class='ocr_line' id='line_1_65' title="bbox 870 1657 1178 1737; baseline -0.013 0"><span class='ocrx_word' id='word_1_445' title='bbox 870 1677 957 1737; x_wconf 51' lang='grc' dir='ltr'><strong>ίρο</strong></span> <span class='ocrx_word' id='word_1_446' title='bbox 1013 1657 1020 1723; x_wconf 71' lang='grc' dir='ltr'><strong>ι</strong></span> <span class='ocrx_word' id='word_1_447' title='bbox 1094 1669 1178 1733; x_wconf 33' lang='grc' dir='ltr'>εχ</span> 
     </span>
     <span class='ocr_line' id='line_1_66' title="bbox 703 1747 1213 1837; baseline 0.008 -4"><span class='ocrx_word' id='word_1_448' title='bbox 703 1771 786 1833; x_wconf 66' lang='lat' dir='ltr'><strong>C9&quot;</strong></span> <span class='ocrx_word' id='word_1_449' title='bbox 854 1789 873 1823; x_wconf 91' lang='lat'>\</span> <span class='ocrx_word' id='word_1_450' title='bbox 1018 1747 1023 1780; x_wconf 51' lang='grc' dir='ltr'><strong>Ι</strong></span> <span class='ocrx_word' id='word_1_451' title='bbox 1186 1799 1213 1837; x_wconf 90' lang='lat'><strong>/</strong></span> 
     </span>
     <span class='ocr_line' id='line_1_67' title="bbox 596 2103 1448 2307; baseline -0.001 0"><span class='ocrx_word' id='word_1_452' title='bbox 596 2151 649 2256; x_wconf 43' lang='grc' dir='ltr'><strong>ι</strong></span> <span class='ocrx_word' id='word_1_453' title='bbox 697 2103 1021 2307; x_wconf 59' lang='lat'><em>///</em></span> <span class='ocrx_word' id='word_1_454' title='bbox 1042 2104 1353 2307; x_wconf 57' lang='lat'><strong>\\\</strong></span> 
     </span>
     <span class='ocr_line' id='line_1_68' title="bbox 692 2318 1363 2568; baseline -0.012 -9"><span class='ocrx_word' id='word_1_455' title='bbox 837 2318 957 2558; x_wconf 48' lang='grc' dir='ltr'>ε</span> <span class='ocrx_word' id='word_1_456' title='bbox 1032 2348 1041 2568; x_wconf 75' lang='grc' dir='ltr'><strong>ε</strong></span> <span class='ocrx_word' id='word_1_457' title='bbox 1111 2320 1222 2552; x_wconf 41' lang='grc' dir='ltr'><strong>χῖ</strong></span> <span class='ocrx_word' id='word_1_458' title='bbox 1282 2362 1363 2448; x_wconf 44' lang='grc' dir='ltr'><strong>πρ</strong></span> 
     </span>
    </p>
   </div>
   <div class='ocr_carea' id='block_1_66' title="bbox 250 2614 1000 2660">
    <p class='ocr_par' dir='ltr' id='par_1_66' title="bbox 250 2614 996 2652">
     <span class='ocr_line' id='line_1_69' title="bbox 250 2614 996 2652; baseline 0.004 -10"><span class='ocrx_word' id='word_1_459' title='bbox 250 2614 364 2650; x_wconf 82' lang='lat' dir='ltr'><strong>Propter</strong></span> <span class='ocrx_word' id='word_1_460' title='bbox 375 2614 582 2650; x_wconf 73' lang='lat' dir='ltr'><strong>quam’causam</strong></span> <span class='ocrx_word' id='word_1_461' title='bbox 602 2617 721 2644; x_wconf 81' lang='lat' dir='ltr'><strong>maximo</strong></span> <span class='ocrx_word' id='word_1_462' title='bbox 738 2620 859 2652; x_wconf 88' lang='lat' dir='ltr'><strong>tempore</strong></span> <span class='ocrx_word' id='word_1_463' title='bbox 883 2626 996 2652; x_wconf 86' lang='lat' dir='ltr'><strong>percur-</strong></span> 
     </span>
    </p>
   </div>
   <div class='ocr_carea' id='block_1_67' title="bbox 1051 2614 1837 2660">
    <p class='ocr_par' dir='ltr' id='par_1_67' title="bbox 1091 2621 1837 2660">
     <span class='ocr_line' id='line_1_70' title="bbox 1091 2621 1837 2660; baseline 0.004 -14"><span class='ocrx_word' id='word_1_464' title='bbox 1091 2623 1128 2646; x_wconf 80' lang='grc' dir='ltr'><strong>Δι’</strong></span> <span class='ocrx_word' id='word_1_465' title='bbox 1143 2621 1270 2656; x_wconf 86' lang='grc' dir='ltr'>ἦναίτίαν</span> <span class='ocrx_word' id='word_1_466' title='bbox 1283 2622 1311 2649; x_wconf 80' lang='grc' dir='ltr'>ἐν</span> <span class='ocrx_word' id='word_1_467' title='bbox 1326 2622 1442 2659; x_wconf 78' lang='grc' dir='ltr'>πλειστῳ</span> <span class='ocrx_word' id='word_1_468' title='bbox 1451 2623 1500 2658; x_wconf 81' lang='grc' dir='ltr'>μὲν</span> <span class='ocrx_word' id='word_1_469' title='bbox 1514 2623 1602 2658; x_wconf 82' lang='grc' dir='ltr'>χρόνῳ</span> <span class='ocrx_word' id='word_1_470' title='bbox 1616 2623 1810 2660; x_wconf 78' lang='grc' dir='ltr'>διαπορεύεται</span> <span class='ocrx_word' id='word_1_471' title='bbox 1824 2623 1837 2649; x_wconf 82' lang='grc' dir='ltr'>ὁ</span> 
     </span>
    </p>
   </div>
   <div class='ocr_carea' id='block_1_68' title="bbox 213 2660 1000 2705">
    <p class='ocr_par' dir='ltr' id='par_1_68' title="bbox 213 2660 994 2700">
     <span class='ocr_line' id='line_1_71' title="bbox 213 2660 994 2700; baseline 0.005 -12"><span class='ocrx_word' id='word_1_472' title='bbox 213 2660 250 2688; x_wconf 88' lang='lat' dir='ltr'><strong>rit</strong></span> <span class='ocrx_word' id='word_1_473' title='bbox 261 2660 302 2688; x_wconf 78' lang='lat' dir='ltr'><strong>sol</strong></span> <span class='ocrx_word' id='word_1_474' title='bbox 316 2660 444 2689; x_wconf 87' lang='lat' dir='ltr'><strong>Geminos</strong></span> <span class='ocrx_word' id='word_1_475' title='bbox 459 2671 466 2689; x_wconf 92' lang='lat'>:</span> <span class='ocrx_word' id='word_1_476' title='bbox 483 2662 596 2690; x_wconf 91' lang='lat' dir='ltr'><strong>minimo</strong></span> <span class='ocrx_word' id='word_1_477' title='bbox 606 2671 668 2690; x_wconf 78' lang='lat' dir='ltr'><strong>vero</strong></span> <span class='ocrx_word' id='word_1_478' title='bbox 679 2669 799 2699; x_wconf 88' lang='lat' dir='ltr'><strong>tempore</strong></span> <span class='ocrx_word' id='word_1_479' title='bbox 809 2664 994 2700; x_wconf 83' lang='lat' dir='ltr'><strong>Sagittarium,</strong></span> 
     </span>
    </p>
   </div>
   <div class='ocr_carea' id='block_1_69' title="bbox 1051 2660 1837 2705">
    <p class='ocr_par' dir='ltr' id='par_1_69' title="bbox 1051 2667 1837 2705">
     <span class='ocr_line' id='line_1_72' title="bbox 1051 2667 1837 2705; baseline 0.005 -13"><span class='ocrx_word' id='word_1_480' title='bbox 1051 2667 1122 2701; x_wconf 72' lang='grc' dir='ltr'>ἥλιος</span> <span class='ocrx_word' id='word_1_481' title='bbox 1132 2668 1194 2698; x_wconf 76' lang='grc' dir='ltr'>τοὺς</span> <span class='ocrx_word' id='word_1_482' title='bbox 1210 2667 1348 2703; x_wconf 81' lang='grc' dir='ltr'>Διδύμους,</span> <span class='ocrx_word' id='word_1_483' title='bbox 1366 2669 1394 2695; x_wconf 77' lang='grc' dir='ltr'>ἐν</span> <span class='ocrx_word' id='word_1_484' title='bbox 1401 2669 1532 2704; x_wconf 73' lang='grc' dir='ltr'>ἐλαχίστῳ</span> <span class='ocrx_word' id='word_1_485' title='bbox 1544 2669 1572 2695; x_wconf 76' lang='grc' dir='ltr'>δὲ</span> <span class='ocrx_word' id='word_1_486' title='bbox 1588 2669 1678 2705; x_wconf 79' lang='grc' dir='ltr'>χρόνῳ</span> <span class='ocrx_word' id='word_1_487' title='bbox 1697 2670 1746 2696; x_wconf 80' lang='grc' dir='ltr'>τὸν</span> <span class='ocrx_word' id='word_1_488' title='bbox 1763 2669 1837 2701; x_wconf 81' lang='grc' dir='ltr'><strong>Τοξὸ-</strong></span> 
     </span>
    </p>
   </div>
   <div class='ocr_carea' id='block_1_70' title="bbox 213 2706 1000 2751">
    <p class='ocr_par' dir='ltr' id='par_1_70' title="bbox 213 2706 995 2744">
     <span class='ocr_line' id='line_1_73' title="bbox 213 2706 995 2744; baseline 0.008 -12"><span class='ocrx_word' id='word_1_489' title='bbox 213 2713 276 2732; x_wconf 73' lang='lat' dir='ltr'><strong>tum</strong></span> <span class='ocrx_word' id='word_1_490' title='bbox 296 2706 352 2741; x_wconf 90' lang='lat' dir='ltr'><strong>ipse</strong></span> <span class='ocrx_word' id='word_1_491' title='bbox 365 2707 405 2733; x_wconf 89' lang='lat' dir='ltr'><strong>sol</strong></span> <span class='ocrx_word' id='word_1_492' title='bbox 423 2715 529 2742; x_wconf 85' lang='lat' dir='ltr'><strong>semper</strong></span> <span class='ocrx_word' id='word_1_493' title='bbox 544 2709 684 2744; x_wconf 69' lang='lat' dir='ltr'><strong>mqualiter</strong></span> <span class='ocrx_word' id='word_1_494' title='bbox 700 2714 850 2737; x_wconf 68' lang='lat' dir='ltr'><strong>moveatur.</strong></span> <span class='ocrx_word' id='word_1_495' title='bbox 867 2710 917 2738; x_wconf 86' lang='lat' dir='ltr'><strong>Sed</strong></span> <span class='ocrx_word' id='word_1_496' title='bbox 934 2718 995 2738; x_wconf 89' lang='lat' dir='ltr'><strong>cum</strong></span> 
     </span>
    </p>
   </div>
   <div class='ocr_carea' id='block_1_71' title="bbox 1051 2706 1836 2751">
    <p class='ocr_par' dir='ltr' id='par_1_71' title="bbox 1051 2713 1836 2751">
     <span class='ocr_line' id='line_1_74' title="bbox 1051 2713 1836 2751; baseline 0.004 -13"><span class='ocrx_word' id='word_1_497' title='bbox 1051 2721 1107 2747; x_wconf 85' lang='grc' dir='ltr'>την,</span> <span class='ocrx_word' id='word_1_498' title='bbox 1122 2713 1202 2744; x_wconf 73' lang='grc' dir='ltr'>αὐτὸς</span> <span class='ocrx_word' id='word_1_499' title='bbox 1220 2714 1268 2748; x_wconf 78' lang='grc' dir='ltr'>μὲν</span> <span class='ocrx_word' id='word_1_500' title='bbox 1287 2714 1329 2740; x_wconf 78' lang='grc' dir='ltr'><strong>διὰ</strong></span> <span class='ocrx_word' id='word_1_501' title='bbox 1347 2714 1446 2746; x_wconf 73' lang='grc' dir='ltr'>παντὺς</span> <span class='ocrx_word' id='word_1_502' title='bbox 1468 2714 1595 2750; x_wconf 80' lang='grc' dir='ltr'>ἰσοταχῶς</span> <span class='ocrx_word' id='word_1_503' title='bbox 1610 2715 1784 2751; x_wconf 79' lang='grc' dir='ltr'>κινούμενος,</span> <span class='ocrx_word' id='word_1_504' title='bbox 1795 2714 1836 2741; x_wconf 69' lang='grc' dir='ltr'>διὰ</span> 
     </span>
    </p>
   </div>
   <div class='ocr_carea' id='block_1_72' title="bbox 215 2753 1000 2802">
    <p class='ocr_par' dir='ltr' id='par_1_72' title="bbox 215 2753 996 2791">
     <span class='ocr_line' id='line_1_75' title="bbox 215 2753 996 2791; baseline 0.01 -15"><span class='ocrx_word' id='word_1_505' title='bbox 215 2757 324 2786; x_wconf 73' lang='lat' dir='ltr'><strong>propter</strong></span> <span class='ocrx_word' id='word_1_506' title='bbox 340 2753 569 2782; x_wconf 85' lang='lat' dir='ltr'><strong>excentricitatem</strong></span> <span class='ocrx_word' id='word_1_507' title='bbox 586 2755 612 2782; x_wconf 93' lang='lat' dir='ltr'><strong>in</strong></span> <span class='ocrx_word' id='word_1_508' title='bbox 626 2759 717 2790; x_wconf 87' lang='lat' dir='ltr'><strong>partes</strong></span> <span class='ocrx_word' id='word_1_509' title='bbox 738 2756 883 2791; x_wconf 73' lang='lat' dir='ltr'><strong>inmquales</strong></span> <span class='ocrx_word' id='word_1_510' title='bbox 899 2757 996 2785; x_wconf 81' lang='lat' dir='ltr'><strong>solaris</strong></span> 
     </span>
    </p>
   </div>
   <div class='ocr_carea' id='block_1_73' title="bbox 1051 2753 1834 2802">
    <p class='ocr_par' dir='ltr' id='par_1_73' title="bbox 1051 2758 1834 2798">
     <span class='ocr_line' id='line_1_76' title="bbox 1051 2758 1834 2798; baseline 0.005 -14"><span class='ocrx_word' id='word_1_511' title='bbox 1051 2758 1075 2784; x_wconf 78' lang='grc' dir='ltr'>δὲ</span> <span class='ocrx_word' id='word_1_512' title='bbox 1101 2758 1149 2793; x_wconf 82' lang='grc' dir='ltr'>τὴν</span> <span class='ocrx_word' id='word_1_513' title='bbox 1172 2760 1371 2795; x_wconf 78' lang='grc' dir='ltr'>ὲκκεντρότητα</span> <span class='ocrx_word' id='word_1_514' title='bbox 1388 2761 1427 2792; x_wconf 88' lang='grc' dir='ltr'><strong>εἰς</strong></span> <span class='ocrx_word' id='word_1_515' title='bbox 1450 2761 1527 2788; x_wconf 74' lang='grc' dir='ltr'>ἄνισα</span> <span class='ocrx_word' id='word_1_516' title='bbox 1554 2761 1623 2796; x_wconf 81' lang='grc' dir='ltr'>μέρη</span> <span class='ocrx_word' id='word_1_517' title='bbox 1644 2761 1834 2798; x_wconf 73' lang='grc' dir='ltr'>διαιρουμένου</span> 
     </span>
    </p>
   </div>
   <div class='ocr_carea' id='block_1_74' title="bbox 214 2797 1000 2846">
    <p class='ocr_par' dir='ltr' id='par_1_74' title="bbox 214 2797 992 2846">
     <span class='ocr_line' id='line_1_77' title="bbox 214 2797 992 2846; baseline 0.012 -24"><span class='ocrx_word' id='word_1_518' title='bbox 214 2797 337 2846; x_wconf 64' lang='lat' dir='ltr'><strong>circulus</strong></span> <span class='ocrx_word' id='word_1_519' title='bbox 356 2803 477 2831; x_wconf 88' lang='lat' dir='ltr'><strong>secetur,</strong></span> <span class='ocrx_word' id='word_1_520' title='bbox 500 2801 633 2836; x_wconf 74' lang='lat' dir='ltr'><strong>contingit</strong></span> <span class='ocrx_word' id='word_1_521' title='bbox 655 2805 775 2838; x_wconf 84' lang='lat' dir='ltr'><strong>tempora</strong></span> <span class='ocrx_word' id='word_1_522' title='bbox 795 2802 933 2838; x_wconf 83' lang='lat' dir='ltr'><strong>signorum</strong></span> <span class='ocrx_word' id='word_1_523' title='bbox 948 2811 992 2831; x_wconf 79' lang='grc' dir='ltr'><strong>ιο-</strong></span> 
     </span>
    </p>
   </div>
   <div class='ocr_carea' id='block_1_75' title="bbox 1051 2797 1833 2846">
    <p class='ocr_par' dir='ltr' id='par_1_75' title="bbox 1051 2802 1833 2844">
     <span class='ocr_line' id='line_1_78' title="bbox 1051 2802 1833 2844; baseline -0.001 -15"><span class='ocrx_word' id='word_1_524' title='bbox 1051 2802 1094 2829; x_wconf 83' lang='grc' dir='ltr'>τοῦ</span> <span class='ocrx_word' id='word_1_525' title='bbox 1108 2803 1221 2838; x_wconf 82' lang='grc' dir='ltr'>ἡλιακοῦ</span> <span class='ocrx_word' id='word_1_526' title='bbox 1237 2804 1347 2835; x_wconf 76' lang='grc' dir='ltr'>κύκλου,</span> <span class='ocrx_word' id='word_1_527' title='bbox 1363 2814 1393 2832; x_wconf 83' lang='grc' dir='ltr'><strong>συ</strong></span> <span class='ocrx_word' id='word_1_528' title='bbox 1398 2806 1504 2841; x_wconf 78' lang='grc' dir='ltr'>μὸαίνει</span> <span class='ocrx_word' id='word_1_529' title='bbox 1517 2807 1562 2833; x_wconf 80' lang='grc' dir='ltr'><strong>καὶ</strong></span> <span class='ocrx_word' id='word_1_530' title='bbox 1576 2807 1639 2838; x_wconf 71' lang='grc' dir='ltr'>τοὺς</span> <span class='ocrx_word' id='word_1_531' title='bbox 1652 2807 1769 2844; x_wconf 77' lang='grc' dir='ltr'>χρόνους</span> <span class='ocrx_word' id='word_1_532' title='bbox 1788 2808 1833 2835; x_wconf 79' lang='grc' dir='ltr'><strong>ἀν.</strong></span> 
     </span>
    </p>
   </div>
   <div class='ocr_carea' id='block_1_76' title="bbox 216 2841 1000 2880">
    <p class='ocr_par' dir='ltr' id='par_1_76' title="bbox 216 2841 528 2876">
     <span class='ocr_line' id='line_1_79' title="bbox 216 2841 528 2876; baseline 0.026 -9"><span class='ocrx_word' id='word_1_533' title='bbox 216 2841 283 2868; x_wconf 86' lang='lat' dir='ltr'><strong>diaci</strong></span> <span class='ocrx_word' id='word_1_534' title='bbox 306 2842 446 2876; x_wconf 70' lang='lat' dir='ltr'><strong>inzequalia</strong></span> <span class='ocrx_word' id='word_1_535' title='bbox 465 2852 528 2875; x_wconf 67' lang='lat' dir='ltr'><strong>esse.</strong></span> 
     </span>
    </p>
   </div>
   <div class='ocr_carea' id='block_1_77' title="bbox 1051 2841 1388 2880">
    <p class='ocr_par' dir='ltr' id='par_1_77' title="bbox 1051 2848 1388 2880">
     <span class='ocr_line' id='line_1_80' title="bbox 1051 2848 1388 2880; baseline 0.009 -4"><span class='ocrx_word' id='word_1_536' title='bbox 1051 2849 1122 2880; x_wconf 82' lang='grc' dir='ltr'>ίσους</span> <span class='ocrx_word' id='word_1_537' title='bbox 1133 2848 1202 2877; x_wconf 79' lang='grc' dir='ltr'>εἶναι</span> <span class='ocrx_word' id='word_1_538' title='bbox 1217 2850 1270 2878; x_wconf 84' lang='grc' dir='ltr'>τῶν</span> <span class='ocrx_word' id='word_1_539' title='bbox 1280 2850 1388 2880; x_wconf 51' lang='grc' dir='ltr'>ἰωδίωντ</span> 
     </span>
    </p>
   </div>
  </div>
