1911 3136
203 138 254 166 759

692 134 737 161 AD
751 133 796 161 El]
802 133 888 161 SEBII
902 133 1099 162 CHRONICON
1116 133 1296 161 APPENDIX.

1757 132 1811 160 766

193 196 289 223 stituta
301 197 394 222 auster
401 193 514 225 ﬂaverit,
525 199 573 228 per
581 192 638 219 dies
646 191 747 219 multos
758 191 852 218 eadem
868 198 973 226 perma-

1027 192 1101 223 νότος
1123 192 1236 228 πνεύσῃ,
1256 192 1303 218 ἐπὶ
1322 191 1422 224 πολλὰς
1444 191 1548 228 ἡμέρας
1566 192 1582 227 ἡ
1603 191 1672 227 αὐτὴ
1691 191 1811 226 διαμένει

191 245 239 269 net
251 240 419 268 constitutio.
427 239 582 266 Proximum
593 238 769 272 triangulum,
778 237 850 272 quod
860 245 875 263 a
885 236 977 264 Gemi-

193 287 238 314 nis
252 286 404 318 inchoatur,
416 289 528 313 vocatur
542 284 716 319 zephyricum
734 283 850 311 similem
865 283 900 310 ob
910 290 976 309 cau-

193 341 262 361 sam.
275 332 443 360 Postremum
459 331 634 366 triangulum,
642 330 715 365 quod
726 338 741 357 a
751 330 857 357 Cancro
868 329 975 356 initium

193 379 285 410 habet,
299 378 396 405 dicitur
409 378 585 405 subsolanum
596 381 706 411 propter
716 377 836 404 eamdem
850 383 973 403 causam.

228 423 397 458 Usurpantur
409 428 500 450 autem
520 423 603 450 etiam
618 423 676 450 haec
699 422 835 457 triangula
850 422 883 449 ad
900 423 976 449 inve-

191 470 304 497 niendas
329 471 548 505 compassiones,
570 477 631 504 quae
654 469 682 496 in
701 469 890 497 nativitatibus
910 476 974 504 spe-

191 514 454 543 ctantur.Videntur
470 515 555 548 enim,
568 515 616 550 qui
630 515 781 543 secundum
797 514 868 542 idem
886 514 973 541 trian-

190 560 284 594 gulum
296 564 459 591 nascuntur,
478 560 530 587 sibi
548 560 664 587 invicem
678 560 796 595 compati
813 568 820 585 2
837 565 863 587 et
883 560 974 587 stella-

191 612 250 632 rum
262 605 486 637 constitutiones,
503 613 563 641 quae
576 610 641 633 sunt
662 606 690 633 in
707 606 803 633 iisdem
818 606 974 641 triangulis,

191 650 272 676 simul
287 654 313 676 et
330 650 461 685 adjuvare
477 654 504 677 et
520 650 617 677 laadcre
632 650 882 678 nativitates..Nam
896 658 974 678 com-

190 696 333 729 passiones
346 696 414 723 ﬁunt
426 697 515 725 tribus
523 695 622 729 modis,
635 697 786 725 secundum
799 697 973 730 diametrum,

191 742 341 769 secundum
363 743 543 778 triangulum,
566 744 716 772 secundum
730 744 903 779 quadratum.
921 743 974 771 Sed

191 788 342 815 secundum
369 789 451 816 aliam
474 790 632 818 distantiam
656 790 731 817 nulla
754 790 783 817 iit
803 791 973 826 compassio;

190 832 267 867 atqui
282 838 498 862 consentaneum
514 841 583 868 erat.
598 840 629 864 ut
643 844 678 864 ex
696 837 782 872 signis
804 837 922 865 maxime
933 839 974 864 vi-

1028 238 1130 269 στάσις,
1147 238 1183 265 Τὸ
1205 238 1233 264 δὲ
1252 238 1315 273 ἑξῆς
1330 238 1460 273 τρίγωνον
1481 237 1511 264 τὸ
1535 238 1589 264 ἀπὸ
1611 238 1665 264 τῶν
1687 237 1810 273 Διδύμων

1026 284 1147 311 καλεῖται
1162 284 1305 320 ζεφυρικδν
1321 282 1365 309 διὰ
1378 283 1428 319 τὴν
1448 284 1542 319 ὁμοίαν
1556 283 1647 310 αἰτίαν
1657 291 1663 298 ·
1679 283 1711 309 τὸ
1726 283 1754 309 δὲ
1769 283 1813 309 ἐπὶ

1026 331 1093 357 πᾶσι
1111 331 1252 367 τρίγωνον,
1269 330 1299 356 τὸ
1322 329 1377 356 ἀπὸ
1397 329 1546 365 Καρκίνου,
1563 329 1747 364 ἀφηλιωτικὸν
1771 329 1813 356 διὰ

1025 378 1074 413 τὴν
1087 378 1170 412 αὐτὴν
1186 377 1284 404 αἰτίαν.

1062 424 1235 458 Λαμϐάνεται
1250 424 1278 450 δὲ
1294 422 1327 449 τὰ
1346 423 1464 458 τρίγωνα
1486 422 1614 458 καὶπρὸς
1636 421 1687 453 τὰς
1707 423 1736 448 ἐν
1756 423 1814 453 ταῖς

1025 471 1147 504 γενέσεσι
1164 469 1343 504 συμπαθείας.
1361 468 1473 495 Δοκοῦσι
1490 468 1543 504 γὰρ
1557 470 1581 495 oi
1596 468 1667 495 κατὰ
1682 468 1813 503 τρίγωνον

1025 514 1187 550 γεννώμενοι
1205 514 1356 549 συμπαθεῖν
1370 514 1502 549 ἀλλήλοις,
1516 515 1562 541 καὶ
1574 515 1602 541 αἱ
1617 515 1670 541 τῶν
1691 514 1815 549 ἀστέρων

1026 562 1133 593 στάσεις
1151 563 1177 587 αἱ
1191 561 1283 593 ἐντοῖς
1296 561 1387 593 αὐτοῖς
1410 561 1551 596 τριγώνοις
1566 562 1613 588 καὶ
1638 560 1814 593 συνωφελείν,

1026 607 1073 633 καὶ
1086 606 1270 642 συμὸλάπτειν
1288 606 1346 641 ἆμα
1368 606 1417 638 τὰς
1430 606 1559 640 γενέσεις.
1582 605 1659 632 Κατὰ
1671 605 1728 640 γὰρ
1742 606 1816 640 τρεῖς

1025 653 1140 688 τρόπους
1164 653 1192 679 αἱ
1214 652 1380 687 συμπάθειαι
1407 652 1536 686 γίνονται,
1559 652 1630 678 κατὰ
1654 651 1814 686 διάμετρον,

1025 697 1097 725 κατὰ
1116 698 1257 734 τρίγωνον,
1277 698 1347 725 κατὰ
1367 698 1547 734 τετράγωνον.
1568 696 1646 724 Κατὰ
1674 697 1761 732 ἄλλην
1787 697 1815 723 δὲ

1025 744 1166 771 διάστασιν
1180 744 1291 779 οὐδεμία
1309 744 1463 779 συμπάθεια
1479 744 1591 778 γίνεται.
1614 744 1713 769 Καίτοι
1738 742 1815 769 εὔλο-

1027 799 1074 824 γον
1094 788 1139 825 ἦν,
1154 791 1185 816 ἐκ
1204 789 1257 816 τῶν
1275 790 1392 825 μάλιστα
1407 789 1538 823 σύνεγγυς
1559 789 1749 824 συγκειμένων
1764 789 1815 820 {w—

1025 837 1090 864 δίων
1100 837 1271 871 συμπάθειαν
1284 835 1415 871 γίνεσθαι.
1431 837 1462 862 Ἦ
1475 836 1528 871 γὰρ
1538 835 1665 871 ἀποφορὰ
1676 836 1725 861 καὶ
1738 835 1816 870 ἁπὸῥ

190 879 260 906 cinis
274 883 428 915 compassio
441 882 527 910 ﬁeret.
540 882 645 910 Delatio
653 884 725 910 enim
738 887 765 910 et
781 883 971 919 deﬂuxus,qui

1027 885 1095 919 ροια,
1106 884 1123 918 ἡ
1135 884 1270 919 φερομένη
1283 883 1336 909 ἀπὸ
1347 882 1396 918 τῆς
1407 882 1472 913 ιδίας
1479 882 1618 917 δυνάμεως
1631 881 1750 907 ἑκάστου
1761 880 1816 906 τῶν

191 925 276 953 fertur
288 934 304 953 a
329 928 439 962 propria
460 928 486 955 vi
502 929 670 964 singularum
686 930 824 957 stellarum
834 950 841 962 ,
856 930 972 958 debebat

190 973 307 1000 maxime
322 976 533 1010 concorporari,
550 980 576 1003 et
601 977 775 1004 commisceri
792 984 854 1004 cum
869 977 967 1004 vicinis

191 1018 287 1052 signis.
306 1018 342 1046 Ut
358 1020 430 1047 enim
443 1021 580 1056 triangula
595 1026 622 1049 et
638 1022 771 1058 quadrata
784 1023 972 1051 inscribuntur

192 1065 316 1093 circulo:
334 1067 373 1093 sic
394 1068 477 1095 etiam
501 1068 683 1104 hexagonum,
706 1074 734 1097 et
754 1075 927 1105 octagonum,
945 1074 974 1098 et

191 1109 405 1146 dodecagonum.
423 1113 458 1141 At
481 1116 631 1142 secundum
661 1116 759 1143 horum
779 1116 973 1151 inscriptiones

193 1157 268 1184 nulla
290 1158 318 1185 [it
337 1160 492 1195 compassio
507 1168 513 1186 :
530 1164 635 1188 tantum
650 1169 681 1189 ea
698 1161 727 1188 ﬁt
741 1162 892 1189 secundum
909 1170 974 1197 praa-

194 1201 281 1228 aictos
297 1203 402 1237 modos,
419 1211 481 1232 cum
493 1205 521 1232 in
534 1205 692 1241 hujusmodi
707 1207 846 1235 distantiis
860 1211 973 1234 natura-

191 1246 226 1273 lis
238 1248 360 1282 quedam
373 1250 408 1278 sit
423 1253 587 1287 compassio.

1024 930 1156 965 ἀστέρων,
1167 928 1266 964 ὤφειλε
1280 928 1395 964 μάλιστα
1412 926 1691 963 συναναχρωτίζεσθαι
1700 926 1749 952 καὶ
1759 933 1817 951 συν-

1025 975 1220 1010 ανακιρνᾶσθαι
1241 976 1295 1006 τοῖς
1317 973 1494 1010 πλησιάζουσι
1512 972 1624 1005 ζωδὶοις.
1639 972 1747 1006 Ὥσπερ
1761 970 1817 1006 γὰρ

1024 1022 1059 1049 τὰ
1066 1022 1185 1057 τρίγωνα
1195 1022 1241 1047 καὶ
1254 1021 1411 1057 τετράγωνα
1420 1019 1584 1055 ἐγγράφεται
1595 1019 1633 1049 εἰς
1645 1017 1691 1044 τὸν
1703 1016 1816 1047 κύκλον,

1026 1069 1097 1095 οὓτω
1112 1069 1158 1095 καὶ
1174 1068 1318 1102 ἑξάγωνον,
1332 1067 1379 1094 καὶ
1402 1067 1564 1101 ὀκτάγωνον,
1583 1065 1631 1091 καὶ
1651 1063 1816 1097 δωδεκάγω-

1026 1123 1080 1141 νον.
1102 1114 1180 1141 Ἀλλὰ
1202 1114 1272 1141 κατὰ
1290 1115 1337 1149 μὲν
1354 1113 1403 1144 τὰς
1421 1112 1521 1140 τούτων
1538 1110 1678 1147 ἐγγραφὰς
1702 1109 1817 1144 οὐδεμία

1026 1162 1129 1196 γίνεται
1155 1160 1325 1195 συμπάθεια·
1356 1159 1426 1196 κατὰ
1452 1158 1480 1185 δὲ
1504 1158 1567 1190 τοὺς
1595 1155 1817 1193 προειρημένους

1025 1208 1142 1243 τρόπους
1165 1208 1254 1243 μόνον,
1277 1206 1394 1242 φυσικῆς
1414 1214 1484 1238 τινος
1506 1203 1681 1240 ὑπαρχούσης
1708 1203 1738 1229 εν
1757 1202 1816 1232 ταῖς

1026 1254 1163 1285 τοιαύταις
1180 1254 1346 1280 ἀποστάσεσι
1362 1250 1540 1288 συμπαθείας.
