1911 3136
84 149 130 175 ἹϐΙ
606 153 725 182 GEMINI
746 155 933 184 ELEMENTA
954 157 1201 187 ASTRONOMIIE.

1607 166 1610 168 '
1657 160 1708 188 762

116 208 195 234 Κατὰ
212 208 381 244 τετράγωνον
403 209 431 235 δέ
453 210 528 236 ἐστι·
546 211 640 246 Κριὸς,
657 212 803 248 Καρκίνος,
823 214 866 239 Ζυ-

926 220 932 237 ε
963 213 1120 242 Secundum
1137 214 1303 250 quadratum
1332 215 1420 249 posita
1444 214 1521 250 signa
1540 219 1605 242 sunt
1623 215 1681 243 haac
1699 226 1706 244 :

85 253 137 287 τὸς,
159 254 332 290 Αἰγόκερως·
364 255 480 291 Ταῦρος,
504 256 588 289 Λέων,
615 257 757 294 Σκορπίος,
780 259 871 295 Ὑδρο-

80 299 156 334 [Sor
174 300 295 335 Δίδυμοι,
309 301 454 336 Παρθένος,
467 301 594 338 Τοξότης,
610 303 720 338 ’1χθύες.
731 304 771 330 Τὰ
784 305 872 332 πάντα

82 345 241 380 τετράγωνα
264 346 336 381 τρία.
360 347 508 374 ’Υποτείνει
533 348 562 374 δὲ
586 349 602 383 ἡ
626 348 674 375 τοῦ
701 349 869 385 τετραγώνου

79 390 187 426 πλευρὰ
200 391 253 417 ὑπὸ
267 391 349 424 coam
366 393 415 427 μὲν
435 394 508 429 τρία,
526 394 622 430 μοίρας
637 394 665 421 δὲ
683 397 717 428 ιβ.
741 385 870 422 καλεῖται

80 436 131 470 μὲν
148 437 178 463 τὸ
196 437 303 473 πρῶτον
316 439 485 474 τετράγωνον
503 440 534 467 τὸ
555 441 609 467 ἀπὸ
628 441 674 468 τοῦ
695 441 790 477 Κριοῦ,
807 443 835 469 ἐν
848 438 870 476 ᾧ

79 481 108 507 αἱ
124 477 196 516 ὧραι
210 482 348 518 ἄρχονται,
367 484 426 519 ἔαρ,
448 484 535 521 θέρος,
555 486 732 522 φθινόπωρον,
749 486 867 522 χειμῶν’

78 525 109 568 τὸ
123 525 250 562 δεύτερον
265 528 434 563 τετράγωνον
450 529 480 556 τὸ
500 531 553 557 ἀπὸ
568 530 616 557 τοῦ
629 532 745 568 Ταύρου,
761 534 789 559 ὲν
805 530 827 567 ᾧ
841 534 868 560 αἱ

77 567 148 614 ᾦραι
165 572 211 598 τὸν
224 573 305 608 μέσον
322 574 413 609 έχουσι
434 576 539 612 χρόνον,
558 577 646 613 ἔαρος,
662 567 765 614 Οένρους,
780 579 870 614 φθινο-

79 615 185 652 πώρου,
202 618 336 653 χειμῶνος
347 628 353 634 ⁸
371 620 401 646 τὸ
423 621 451 647 δὲ
473 622 563 657 τρίτον
581 623 749 658 τετράγωνον
769 625 799 650 τὸ
815 624 869 651 ἀπὸ

77 661 133 688 τῶν
149 663 284 698 Διδύμων,
298 665 327 691 ὲν
339 661 362 700 ᾧ
374 666 401 691 αἱ
418 663 487 702 ὧραι
504 667 615 702 λήγουσι
641 668 709 695 κατὰ
729 670 791 701 τοὺς
806 671 868 705 χρό-

77 718 153 741 νους.
170 710 344 746 Λαμῦάνεται
366 712 394 738 δὲ
419 713 450 738 τὸ
469 714 638 749 τετράγωνον
651 715 690 747 ἓν,
706 715 830 752 καθάπερ
846 717 868 731 ¹³

77 757 202 792 εἴρηται,
229 758 274 784 καὶ
300 758 368 793 πρὸς
395 758 444 790 τὰς
471 760 500 786 ὲν
528 761 586 791 ταῖς
613 760 734 794 γενέσεσι
759 770 868 797 συμπα-

77 803 164 835 θείας.

114 941 177 966 Ἔτι
195 939 223 966 δὲ
237 940 252 975 ἡ
265 939 319 966 τῶν
332 938 511 975 τετραγώνων
533 938 648 972 ἕκθεσις,
665 940 710 966 καὶ
728 939 795 975 πρός
808 949 869 966 τινα

74 988 162 1023 ἄλλην
175 987 268 1023 χρείαν
285 986 454 1022 λαμὸάνεται
481 985 533 1012 ὑπό
555 994 646 1012 τινων.
667 985 719 1012 Τοῦ
738 987 792 1021 γὰρ
809 986 868 1017 ἐνὸς

74 1034 169 1061 αὐτῶν
186 1033 238 1060 ὑπὸ
257 1032 304 1060 τοῦ
325 1032 408 1060 αὑτοῦ
429 1031 600 1068 τετραγώνου
616 1032 747 1064 δύνοντος,
762 1032 791 1058 τὸ
804 1032 868 1067 ἑξῆς

75 1080 270 1116 ὑπελάμϐανον
285 1080 459 1115 μεσουρανείν
483 1079 511 1104 ἐν
530 1077 568 1113 τῷ
584 1078 654 1113 ὑπὲρ
670 1078 721 1112 γῆν
737 1078 868 1112 ἡμισςραι-

75 1128 145 1164 ρίῳ·
165 1125 235 1157 οἷον,
249 1127 388 1161 Αἰγόχερω
409 1125 547 1156 δύνοντος,
574 1126 750 1159 μεσουρανεῐν
771 1124 866 1159 Κριὸν,

73 1174 233 1202 ἀνατέλλειν
248 1173 276 1200 δὲ
290 1173 436 1209 Καρκίνον,
455 1172 502 1198 καὶ
521 1171 696 1207 μεσουρανεῖν
712 1169 739 1196 δὲ
751 1170 802 1197 ὑπὸ
816 1170 867 1205 γῆν

74 1223 174 1256 Ζυγόν.
190 1223 218 1250 '0
234 1222 262 1249 δὲ
277 1222 357 1254 αὐτὸς
371 1221 448 1255 λόγος
465 1220 511 1247 καὶ
527 1219 573 1246 ἐπὶ
588 1217 643 1244 τῶν
655 1217 756 1244 λοιπῶν
770 1225 868 1253 τετρα-

73 1268 256 1302 γώνων·ὲστί.
272 1267 308 1293 Τὸ
319 1267 345 1293 δὲ
358 1266 477 1293 τοιοῦτον
490 1264 673 1301 παράγγελμα
690 1263 735 1289 ἐπὶ
757 1263 806 1299 μὲν
818 1262 866 1289 τοῦ

74 1315 135 1346 ἑνὸς
149 1312 330 1349 τετραγώνου,
348 1313 394 1339 τοῦ
413 1313 464 1344 τὰς
479 1311 583 1348 τροπὰς
598 1311 644 1338 καὶ
660 1309 709 1341 τὰς
722 1309 866 1345 ἰσημερίας

73 1359 261 1396 περιέχοντος,
285 1359 356 1386 κατὰ
378 1359 408 1385 τὸ
430 1357 570 1393 ὁλοσχερὲς
595 1356 737 1391 λεγόμενον
755 1365 866 1390 συμφωο

73 1407 155 1442 θήσει
177 1406 246 1441 πρὸς
266 1405 296 1431 τὸ
320 1406 497 1440 φαινόμενον·
517 1403 586 1438 πρὸς
606 1403 634 1429 δὲ
650 1402 699 1438 τὴν
715 1403 744 1429 ὲν
762 1401 800 1437 τῷ
813 1401 866 1436 ὅλῳ

72 1451 219 1488 ἀκρίϐειαν
235 1451 371 1485 διαφωνεῖ.
387 1451 527 1485 Αίγόκερω
543 1449 596 1484 γὰρ
610 1448 659 1483 τῆς
676 1448 787 1483 πρώτης
808 1447 866 1483 μοί-

72 1505 127 1534 ρας
136 1496 277 1531 δυνούσης,
285 1496 368 1532 Κριοῦ
378 1495 472 1531 πρώτη
483 1496 564 1530 μοῖρα
575 1494 782 1529 μεσουρανήσει”
794 1494 867 1530 Καρ-

73 1543 151 1575 κίνος
173 1543 202 1569 δὲ
224 1542 321 1579 πρώτῃ
344 1543 425 1578 μοίρᾳ.
448 1541 603 1569 ἀνατέλλειο
622 1540 706 1575 Ζυγὸς
770 1539 865 1587 πρώτῃ
881 1558 902 1587 c

75 1589 160 1625 μοίρᾳ
175 1589 228 1616 ὑπὸ
240 1589 291 1624 γῆν
306 1588 513 1624 μεσουρανήσει.
529 1587 595 1614 Τότε
610 1587 664 1622 γὰρ
683 1586 697 1612 ὁ
718 1585 761 1612 διὰ
777 1585 867 1621 μέσων

71 1634 130 1663 τῶν
144 1635 246 1668 ζωδίων
263 1634 360 1666 κύκλος
383 1635 422 1666 εἰς
441 1633 562 1668 τέσσαρα
578 1632 647 1668 μέρη
665 1633 710 1658 ἴσα
725 1632 867 1668 διαιρεῖται

71 1681 130 1710 ὑπὸ
141 1681 196 1708 τῶν
218 1681 353 1716 κολούρων
368 1680 489 1707 κύκλων·
504 1679 574 1707 ὥστε
598 1680 654 1706 ῐσον
676 1677 745 1706 εἶναι
766 1679 796 1705 τὸ
812 1679 868 1706 ἀπὸ

73 1729 125 1764 τῆς
154 1728 377 1764 μεσουρανήσεως
399 1727 468 1762 πρὸς
493 1725 626 1760 ἀνατολὴν
650 1725 697 1752 καὶ
722 1723 866 1752 δύσιντοῦ

73 1771 210 1806 ζωδιακοῦ
237 1772 386 1806 διάστημα·
411 1771 540 1806 ἑκάτερον
569 1770 624 1805 γὰρ
646 1769 735 1796 αὐτῶν
763 1770 867 1803 γίνεται.

73 1819 181 1852 ζωδίων
198 1818 291 1854 τριῶν.
315 1818 360 1844 Ἐν
382 1817 411 1844 δὲ
426 1817 486 1848 ταῖς
502 1816 608 1847 λοιπαῖς
631 1815 740 1842 στάσεσι
757 1814 804 1842 τοῦ
823 1823 866 1841 τε-

73 1862 216 1900 τραγώνου
226 1863 321 1889 τούτου
337 1861 383 1889 καὶ
402 1861 457 1888 τῶν
467 1860 568 1887 λοιπῶν
584 1859 614 1886 οὑ
631 1859 773 1895 συμϐαίνει
791 1860 830 1891 εἰς
845 1859 867 1886 δ’

75 1910 149 1946 μέρη
158 1910 203 1937 τσα
210 1908 372 1946 διαιρεῖσθαι
385 1908 430 1934 τὸν
439 1906 570 1939 ζωδιακὸν
579 1905 687 1933 κύκλον.
697 1905 746 1932 Διὰ
753 1905 781 1932 δὲ
787 1904 867 1932 τοῦτο

73 1957 126 1983 οὐκ
143 1956 200 1983 ἔστι
215 1955 259 1982 διὰ
273 1955 372 1986 παντὸς
392 1954 448 1980 ἴσον
462 1953 493 1980 τὺ
506 1952 560 1980 ἀπὸ
576 1952 627 1987 τῆς
644 1951 867 1987 μεσουρανήσεως

73 2005 144 2040 πρὸς
162 2003 294 2039 ἀνατολὴν
312 2003 359 2030 καὶ
370 2002 439 2038 πρὸς
452 2001 502 2037 τὴν
516 2000 590 2027 δύσιν
600 2000 746 2035 διάστημα,
759 2000 806 2026 ἐπὶ
817 1999 864 2027 τοῦ

74 2050 210 2084 ζωδιακοῦ
227 2050 328 2077 κύκλου
350 2048 563 2084 λαμϐανομένων
587 2046 642 2073 τῶν
664 2046 863 2082 διαστημάτων.

74 2098 155 2124 Κατὰ
172 2097 221 2133 μὲν
234 2096 288 2132 γὰρ
301 2095 473 2131 παράλληλον
481 2094 590 2126 κύκλον,
601 2095 657 2121 ἴσον
671 2094 730 2121 ἐστὶ
743 2094 788 2121 διὰ
800 2102 865 2121 arav-

74 2144 121 2175 τὸς
140 2144 169 2170 τὸ
186 2143 240 2169 ἀπὸ
261 2142 310 2177 τῆς
333 2142 558 2177 μεσουρανήσεως
576 2140 644 2176 πρὸς
667 2139 797 2176 ἀνατολὴν
817 2140 865 2166 καὶ

74 2191 144 2227 πρὸς
160 2190 208 2226 τὴν
227 2189 300 2216 δύσιν
316 2189 462 2227 διάστημα.
480 2187 560 2215 Ὅθεν
581 2187 628 2214 καὶ
642 2186 680 2222 τῷ
702 2187 769 2222 ἡλίῳ
785 2195 863 2222 φεροι

75 2238 152 2272 μένῳ
168 2235 229 2262 καθ’
243 2235 361 2269 ἑκάστην
371 2234 479 2270 ἡμέραν
493 2233 540 2260 ἐπὶ
553 2232 659 2259 κύκλων
674 2232 863 2268 παραλλήλων,

74 2283 133 2310 ἴσον
148 2281 218 2309 εἶναι
233 2281 374 2317 συμῦαίνει
387 2281 432 2307 τὸν
446 2280 500 2307 ἀπὸ
515 2279 566 2314 τῆς
577 2279 708 2314 ἀνατολῆς
723 2279 802 2314 μέχρι
816 2279 865 2314 τῆς

76 2329 305 2364 μεσουρανήσεως
321 2327 420 2362 δρόμον
438 2326 485 2353 τοῦ
508 2326 561 2352 ἀπὸ
579 2326 628 2360 τῆς
642 2325 865 2360 μεσουρανήσεως

76 2376 159 2411 μέχρι
171 2374 281 2405 δύσεως.
305 2373 367 2399 Ἐπὶ
385 2372 414 2398 δὲ
429 2372 476 2398 τοῦ
493 2370 625 2404 ζωδιακοῦ
644 2371 743 2398 κύκλου
759 2370 864 2406 λαμϐα-

74 2421 196 2456 νομένων
217 2419 271 2446 τῶν
295 2418 496 2454 διαστημάτων,
518 2418 609 2445 ἄνισον
624 2416 692 2444 εἶναι
709 2416 865 2452 συμϐέϐηκε

75 2467 106 2494 τδ
118 2467 173 2493 ἀπὸ
185 2467 234 2501 τῆς
251 2465 476 2500 μεσουρανήσεως
493 2463 574 2499 μέχρι
595 2465 643 2499 τῆς
661 2462 791 2497 ἀνατολῆς
805 2462 864 2489 διά-

75 2521 169 2548 στημα
186 2512 225 2546 τῷ
238 2511 291 2538 ἀπὸ
304 2511 354 2545 τῆς
369 2504 590 2545 μεσουρανήσεως
606 2509 686 2545 μέχρι
701 2509 750 2544 τῆς
763 2508 865 2540 δύσεως

73 2559 118 2585 διὰ
131 2559 180 2593 τὴν
196 2557 326 2592 λοξότητα
342 2556 390 2583 τοῦ
413 2555 556 2588 ζωδιακοῦ.
580 2555 635 2581 Καὶ
658 2555 730 2581 ἐστιν
748 2555 792 2581 ὅτε
810 2554 864 2581 τῶν

75 2603 104 2637 ἐξ
121 2604 225 2636 ζωδιων
239 2603 292 2630 τῶν
308 2602 353 2630 διὰ
371 2602 470 2634 παντὸς
487 2601 556 2638 ὑπὲρ
570 2603 621 2637 γῆν
636 2601 720 2629 όντων
734 2601 796 2637 τρία
816 2601 865 2637 μὲν

74 2651 122 2678 καὶ
143 2651 230 2686 ἥμισυ
257 2649 311 2676 ἀπὸ
333 2649 382 2684 τῆς
408 2648 631 2684 μεσουρανήσεως
649 2648 718 2683 πρὸς
735 2647 865 2676 ἀνατολὴν

73 2696 310 2733 ἀπολαμϐάνεται,
323 2695 369 2722 δύο
382 2695 410 2722 δὲ
425 2695 472 2722 καὶ
484 2695 568 2730 ἥμισυ
583 2693 651 2729 πρὸς
663 2693 747 2721 δύσιν.

116 2875 139 2892 ¹³
158 2884 203 2911 γρ.
217 2874 246 2902 δὲ
262 2874 418 2910 τετράγωνα
430 2873 563 2909 καθάπερ.

923 259 1013 292 Aries,
1030 259 1148 292 Cancer,
1165 259 1259 292 Libra,
1280 260 1485 296 Capricornus:
1501 261 1618 293 Taurus,
1641 261 1706 294 Leo,

924 303 1069 339 Scorpius,
1095 305 1233 339 Aquarius
1250 313 1256 330 :
1274 305 1397 337 Gemini.
1414 305 1506 341 Virgo.
1533 305 1706 340 Sagittariua.

922 348 1026 377 Pisces.
1045 349 1142 377 Omnia
1155 350 1289 384 quadrata
1306 354 1370 377 sunt
1382 351 1445 379 tria.
1461 349 1603 377 Subtendit
1615 355 1707 377 autem

922 395 995 423 latus
1010 396 1145 431 quadrati
1160 396 1238 432 signa
1252 395 1315 427 tria,
1342 397 1442 431 gradus
1455 396 1499 423 90.
1517 396 1635 423 Vocatur
1649 397 1706 431 pri-

921 449 995 468 mum
1011 442 1189 476 quadratum,
1205 442 1368 477 quadratum
1392 442 1426 469 ab
1443 442 1534 469 Ariete
1557 443 1705 476 inceptum,

922 487 949 514 in
966 496 1020 522 quo
1043 488 1117 515 hora:
1143 496 1190 515 seu
1216 495 1334 524 quattuor
1355 493 1447 523 partes
1471 489 1534 515 anni
1560 488 1705 523 incipiunt,

921 540 980 564 ver,
996 537 1088 565 aestas,
1105 538 1266 566 autumnus,
1288 533 1392 566 hiems;
1412 534 1562 561 secundum
1584 534 1705 569 quadra-

922 581 980 606 tum
993 580 1151 606 nominatur
1168 580 1331 615 quadratum
1354 588 1369 607 a
1381 579 1472 607 Tauro
1495 581 1662 612 inchoatum.
1678 581 1705 608 in

921 633 975 660 quo
992 625 1066 652 horze
1089 625 1188 653 habent
1212 626 1329 653 medium
1355 630 1462 660 tempus
1487 627 1576 659 veris,
1590 627 1705 658 aestatis,

920 672 1056 704 autumni,
1078 672 1193 705 hiemis;
1211 673 1319 700 tertium
1335 673 1497 708 quadratum
1517 673 1618 700 dicitur
1636 681 1704 708 qua-

919 718 1027 745 dratum
1048 726 1062 745 a
1083 718 1205 746 Geminis
1221 719 1369 754 inceptum,
1395 719 1423 746 in
1439 727 1493 754 quo
1518 720 1592 746 horae
1610 727 1706 747 secun-

919 765 985 790 dum
1018 768 1141 798 tempora
1164 763 1302 791 desinunt.
1325 763 1478 799 Usurpatur
1500 769 1592 792 autem
1621 772 1705 791 uram

918 810 1046 844 idemque
1071 809 1250 844 quadratum,
1276 815 1305 836 ut
1325 810 1427 837 dictum
1446 815 1498 842 est,
1515 810 1595 837 etiam
1614 810 1647 837 ad
1664 810 1706 837 in-

921 855 1072 882 veniendas
1085 855 1293 890 compassioncs
1303 875 1310 887 ,
1327 864 1386 890 qua:
1401 857 1427 883 in
1444 856 1631 884 nativitatibus
1643 865 1705 892 spe-

918 904 1038 928 ctantur.

954 947 982 981 6
993 946 1125 974 Praeterea
1137 947 1334 982 quadratorum
1348 947 1470 975 doctrina
1482 949 1563 975 etiam
1573 949 1605 976 ad
1620 948 1703 975 alium

919 991 1066 1026 quemdam
1085 1000 1164 1020 usum
1190 1000 1204 1019 a
1221 993 1383 1028 quibusdam
1400 995 1543 1029 accipitur.
1561 994 1627 1021 Nam
1649 1001 1705 1021 uno

919 1038 1077 1065 corurudem
1090 1038 1242 1073 signorum,
1252 1047 1313 1074 quae
1328 1044 1392 1066 sunt
1408 1041 1435 1067 in
1450 1040 1545 1068 eodem
1560 1039 1703 1075 quadrato,

918 1082 1069 1114 occidente,
1087 1084 1240 1118 proximum
1256 1084 1389 1119 putabant
1403 1089 1497 1112 tenere
1510 1085 1629 1112 medium
1641 1084 1704 1111 cmli

918 1127 946 1154 in
960 1129 1101 1162 superiore
1113 1128 1315 1164 hemisphaerio.
1327 1130 1360 1157 Ut
1373 1130 1541 1165 Capricorno
1553 1130 1703 1163 occidente,

918 1176 1009 1200 tenere
1024 1173 1143 1200 medium
1171 1175 1233 1201 coeli
1258 1175 1391 1207 Arietem,
1407 1175 1474 1202 oriri
1499 1175 1644 1207 Cancrum,
1662 1179 1705 1202 te-

916 1217 1077 1245 nereimum
1093 1218 1155 1245 cmli
1172 1218 1292 1246 Libram.
1310 1219 1410 1248 Eadem
1433 1224 1476 1248 est
1502 1221 1573 1248 ratio
1592 1221 1619 1248 in
1637 1221 1703 1248 reli-

917 1264 979 1298 quis
995 1265 1148 1299 quadratis.
1163 1264 1221 1292 lloc
1249 1270 1416 1301 praeceptum
1431 1275 1493 1294 cum
1510 1267 1616 1303 integre
1634 1267 1703 1294 dici-

917 1316 971 1342 tur,
990 1311 1139 1342 tantumin
1160 1319 1215 1338 uno
1234 1311 1377 1346 quadrato,
1391 1313 1462 1347 quod
1484 1313 1512 1340 in
1532 1321 1561 1340 se
1581 1313 1702 1340 Continet

916 1359 1017 1390 puncta
1031 1356 1190 1383 solstitialia
1207 1362 1233 1384 et
1251 1358 1454 1391 aaquinoctialia
1467 1379 1474 1391 ,
1492 1362 1624 1393 congruet
1638 1366 1701 1385 cum

916 1409 949 1428 eo
965 1401 1037 1436 quod
1052 1406 1166 1436 apparet
1187 1411 1193 1430 :
1211 1406 1238 1429 at
1254 1402 1382 1430 dissentit
1395 1404 1418 1431 si
1429 1407 1515 1431 totum
1527 1404 1577 1431 hoc
1586 1404 1691 1439 quadra

915 1451 973 1474 tum
989 1448 1126 1474 subtiliter
1143 1448 1343 1478 consideretur.
1357 1450 1519 1485 Capricorni
1529 1450 1600 1477 enim
1614 1450 1701 1485 primo

916 1493 1002 1529 gradu
1029 1494 1182 1527 occidente,
1202 1495 1304 1523 Arietis
1324 1496 1429 1530 primus
1457 1495 1558 1531 gradus
1582 1496 1701 1523 medium

919 1541 979 1568 cceli
993 1541 1113 1569 tenebit:
1130 1541 1237 1570 Cancer
1250 1550 1300 1570 suo
1318 1543 1407 1577 primo
1421 1543 1507 1578 gradu
1519 1543 1640 1570 orietur:
1658 1542 1702 1570 Li-

919 1587 967 1615 hra
984 1595 1049 1615 vero
1064 1595 1115 1615 suo
1140 1589 1229 1623 primo
1251 1588 1339 1624 gradu
1358 1588 1443 1616 imum
1463 1588 1526 1616 cmli
1547 1588 1700 1623 occupabit.

919 1632 996 1660 Tunc
1012 1633 1084 1660 enim
1098 1634 1225 1669 ecliptica
1241 1634 1269 1662 in
1285 1638 1406 1669 quatuor
1420 1637 1511 1669 partes
1526 1636 1644 1669 aequales
1660 1633 1703 1660 di-

917 1679 1019 1706 viditur
1036 1687 1051 1706 a
1065 1680 1168 1708 coluris
1187 1680 1299 1708 circulis
1313 1689 1320 1706 :
1336 1686 1367 1707 ut
1391 1681 1564 1708 intervallum
1586 1681 1702 1715 zodiaci,

918 1726 990 1760 quod
1004 1730 1046 1754 est
1061 1733 1077 1752 a
1096 1726 1187 1753 medio
1203 1726 1265 1753 coeli
1277 1726 1311 1754 ad
1327 1731 1429 1758 ortum,
1446 1727 1482 1754 sit
1500 1726 1602 1762 aequale
1619 1727 1703 1754 inter-

916 1771 989 1798 vallo
1002 1772 1120 1804 zodiaci,
1135 1772 1210 1807 quod
1234 1775 1277 1800 est
1292 1780 1307 1799 a
1331 1772 1421 1800 medio
1434 1773 1496 1800 cceli
1510 1773 1544 1799 ad
1555 1780 1701 1806 occasum;

917 1820 1066 1852 utrumque
1081 1817 1154 1845 enim
1174 1817 1271 1844 horum
1290 1817 1495 1844 intervallorum
1511 1820 1562 1844 tria
1581 1818 1704 1844 continet

917 1862 1004 1897 signa.
1021 1862 1057 1888 At
1083 1862 1112 1889 in
1136 1862 1251 1898 reliquis
1275 1862 1392 1890 statibus
1415 1862 1497 1898 hujus
1514 1863 1656 1898 quadrati,
1675 1865 1704 1890 et

916 1908 1032 1935 aliorum
1056 1907 1254 1943 quadratorum
1278 1915 1333 1936 non
1364 1909 1499 1945 contingit
1526 1909 1555 1936 in
1583 1913 1701 1944 quatuor

915 1958 1007 1989 partes
1025 1954 1143 1988 aequales
1161 1954 1303 1981 zodiacum
1325 1953 1458 1981 circulum
1478 1953 1573 1982 dividi.
1583 1954 1622 1982 Ac
1637 1962 1703 1990 pro.

916 2003 1009 2034 pterea
1023 1999 1197 2027 intervallum
1209 2007 1225 2026 a
1235 1999 1325 2027 medio
1335 2000 1397 2027 cceli
1408 1999 1442 2027 ad
1459 2005 1547 2027 ortum
1566 2008 1618 2028 non
1629 2008 1701 2028 sem-

916 2053 965 2080 per
979 2049 1020 2072 est
1031 2045 1136 2080 aequale
1147 2045 1291 2073 intervallo
1305 2053 1321 2073 a
1336 2046 1426 2074 medio
1438 2047 1501 2074 cmli
1516 2047 1548 2074 ad
1559 2054 1700 2080 occasum,

917 2099 979 2119 cum
997 2091 1055 2119 haec
1072 2092 1226 2124 intervalla,
1243 2099 1291 2120 seu
1306 2100 1399 2124 arcus,
1416 2093 1444 2120 in
1459 2092 1572 2120 zodiaco
1588 2101 1702 2121 sumun-

915 2142 970 2166 tur.
988 2138 1022 2165 At
1037 2139 1059 2166 si
1075 2138 1132 2166 hac
1144 2139 1286 2166 intervalla
1302 2139 1329 2166 in
1347 2139 1476 2174 parallelo
1491 2139 1582 2174 aliquo
1596 2139 1700 2167 circulo

917 2190 1078 2217 sumuntur,
1095 2193 1203 2220 semper
1228 2185 1255 2212 id
1283 2185 1356 2220 quod
1379 2190 1448 2213 esta
1473 2185 1563 2213 medio
1580 2186 1641 2214 mali
1667 2186 1701 2214 ad

879 2230 903 2259 ι)
917 2237 1010 2260 ortum
1026 2235 1068 2259 est
1084 2232 1189 2266 aequale
1200 2231 1236 2264 ei,
1252 2231 1324 2266 quod
1345 2236 1413 2258 esta
1425 2231 1514 2259 medio
1530 2233 1591 2259 ειειί
1607 2233 1640 2260 ad
1655 2240 1702 2260 oc-

916 2286 1022 2306 casum.
1046 2277 1124 2306 Unde
1141 2278 1170 2304 lit
1185 2282 1227 2310 ut,
1242 2286 1304 2305 cum
1325 2277 1365 2306 sol
1379 2277 1500 2313 quotidie
1516 2279 1546 2306 in
1564 2279 1701 2314 parallelis

917 2324 1032 2351 circulis
1046 2323 1160 2357 feratur,
1174 2323 1273 2350 habeat
1283 2331 1406 2355 cursum,
1420 2324 1467 2358 qui
1486 2329 1528 2352 est
1543 2326 1578 2352 ab
1592 2330 1652 2352 ortu
1666 2325 1700 2352 ad

917 2369 1038 2397 medium
1058 2369 1131 2399 cwli.
1147 2369 1280 2404 azqualem
1295 2370 1319 2396 ei
1333 2370 1428 2398 cursui
1451 2370 1498 2406 qui
1526 2375 1567 2398 est
1581 2378 1596 2397 a
1612 2370 1701 2399 medi'o

917 2415 980 2443 cmli
999 2423 1086 2450 usque
1103 2415 1137 2442 ad
1149 2423 1289 2444 occasum.
1307 2415 1374 2443 Cum
1387 2424 1451 2444 vero
1468 2417 1495 2443 in
1515 2417 1628 2445 zodiaco
1644 2418 1702 2445 haec

917 2462 1060 2489 intervalla
1077 2466 1234 2495 sumuntur,
1255 2463 1389 2498 contingit
1415 2466 1444 2489 ut
1465 2463 1492 2490 id
1515 2463 1699 2496 intervallum,

917 2507 990 2542 quod
1004 2511 1046 2535 est
1072 2515 1088 2534 a
1109 2508 1198 2535 medio
1213 2508 1275 2535 cmli
1290 2508 1324 2535 ad
1347 2513 1437 2536 ortum
1449 2529 1456 2541 ,
1474 2509 1509 2537 sit
1529 2510 1659 2545 ina‘quale
1675 2510 1701 2537 ei

919 2553 1076 2585 intervallo.
1093 2554 1164 2588 quod
1179 2558 1222 2582 est
1236 2563 1251 2581 a
1266 2554 1355 2582 medio
1379 2555 1441 2582 caeli
1457 2555 1490 2582 ad
1506 2563 1645 2586 occasum,
1660 2554 1702 2582 id-

919 2607 973 2634 que
999 2603 1109 2634 propter
1125 2599 1314 2635 obliquitatem
1335 2601 1451 2632 zodiaci,
1468 2608 1500 2628 ac
1518 2600 1654 2628 interdum
1667 2608 1700 2628 ex

918 2645 973 2673 illis
988 2653 1036 2673 sex
1052 2645 1148 2681 signis,
1168 2654 1229 2680 qua:
1251 2653 1358 2681 semper
1379 2652 1442 2674 sunt
1467 2654 1549 2680 supra
1573 2642 1701 2673 horizon-

918 2695 984 2724 tem,
999 2692 1063 2725 tria,
1085 2695 1113 2720 et
1136 2692 1280 2720 dimidium
1304 2701 1319 2720 a
1342 2693 1430 2721 medio
1452 2693 1514 2720 coeli
1540 2700 1637 2720 versus
1654 2699 1701 2720 or-

920 2741 978 2764 tum
1005 2737 1233 2774 intercipiuntur,
1254 2738 1308 2766 duo
1329 2742 1357 2766 ct
1373 2737 1514 2765 dimidium
1533 2745 1629 2765 versus
1653 2745 1700 2765 oc-

918 2791 1020 2812 casum.
