1902 3143
113 138 168 165 765

624 137 745 166 GEMINI
763 137 950 165 ELEMENTA
967 136 1212 165 ASTRONOMIA'I.

1683 136 1733 164 766

113 197 265 233 Δίγόκερῳ,
277 197 306 223 ὲν
319 197 348 224 δὲ
363 199 422 229 ταῖς
437 199 603 234 χειμεριναῖς
617 200 729 234 τροπαῖς
745 198 896 230 νοτιώτατος

955 198 1073 226 solstitia
1089 197 1157 224 ﬁant
1174 198 1201 224 in
1217 196 1403 232 Capricorno,
1419 196 1447 223 in
1466 195 1592 224 solstitiis
1608 201 1672 222 vero
1696 194 1735 222 hi-

116 243 217 277 τίνεται
238 243 252 269 6
271 243 364 278 ἥλιοςο
382 243 425 270 διὰ
440 244 518 271 τοῦτο
538 244 726 280 ὑπελάμϐανον
744 244 901 271 νοτιώτατον

113 288 268 316 ἂνατέλλειν
292 289 337 316 τδν
353 290 526 326 Αίγόκερων,
549 291 596 317 καὶ
618 291 699 326 μηδὲν
724 290 786 317 ἄλλο
809 290 901 322 ζώδιον

112 334 145 361 ἐκ
162 333 211 360 τοῦ
227 334 308 360 αὐτοῦ
324 335 406 361 τόπου
420 336 573 363 ἀνατέλλειν
588 337 634 363 καὶ
648 336 734 363 δύνειν
750 337 899 372 Αἰγόκερῳ.

112 379 170 411 Τὰς
190 379 219 406 δὲ
237 379 333 412 λοιπὰς
348 380 478 415 συζυγίας
494 382 641 414 ἐξετίθεντο
658 382 760 414 οὕτως’
777 382 901 417 Διδύμοις

113 426 234 458 Λέοντα,
264 426 363 462 Ταύρῳ
389 427 544 462 Παρθένον,
572 428 650 463 Κριῷ
677 429 777 462 Ζυγὸν,
802 427 900 463 Ἰχθύσι

112 471 257 507 Σχορπίον,
271 472 404 508 ’Υδροχόῳ
424 473 551 509 Τοξότην.
568 474 623 509 Τὴν
638 474 666 500 δὲ
679 473 805 509 τοιαύτην
821 473 900 500 ἔκθε-

111 523 155 542 σιν
171 517 309 549 παντελῶς
319 518 540 554 διημαρτημένην
554 516 622 545 εἶναι
635 519 818 554 συμϐέϐηκεν.
832 518 900 546 Οὔτε

111 561 166 597 γὰρ
180 562 209 588 ὲν
218 562 269 597 ὅλῳ
278 562 316 597 τῷ
331 563 461 598 Καρκίνῳ
473 564 572 598 τροπαὶ
581 564 699 598 γίνονται
707 572 713 578 ·
724 564 781 590 ἀλλ’
789 563 860 590 ἐστιν
870 564 900 590 ’ἐν

111 614 136 632 τι
152 608 263 642 σημεῖον
277 606 348 642 λόγῳ
363 607 508 643 θεωρητόν,
522 608 564 642 ἐφ’
584 604 615 634 οὗ
637 609 780 644 γενόμενος
793 610 808 634 ό
821 609 896 643 ἦλιος

110 651 161 686 τὴν
183 652 287 687 τροπὴν
308 654 433 679 ποιεῖται.
451 653 494 680 Ἐν
517 653 571 689 γὰρ
598 654 742 689 στιγμιαίῳ
768 655 854 690 χρόνῳ
871 655 899 681 al

111 698 211 732 τροπαὶ
220 698 349 732 γίνονται.
361 699 396 724 Τὸ
406 698 433 725 δὲ
445 699 504 725 ὅλον
516 700 750 735 δωδεκατημόριον
763 700 810 726 τοῦ
825 701 900 736 Καρ-

111 742 187 769 κίνου
202 743 302 778 ὁμοίως
319 745 405 770 χεῖται
422 745 477 776 τοῖς
492 744 626 780 Διδύμοις,
642 745 688 771 καὶ
703 745 832 781 ἑκάτερον
851 746 900 772 αὑ-

109 787 166 814 τῶν
183 788 239 814 ἴσον
254 789 349 824 ἀπέχει
371 789 424 816 ἀπὸ
443 789 492 827 τοῦν
510 789 616 824 θερινοῦ
631 791 761 826 τροπικοῦ
775 791 896 826 σημείου.

109 833 150 859 Δι’
164 834 196 868 ἢν
208 834 296 861 αἰτίαν
313 834 404 861 καὶτὰ
424 835 525 870 μεγέθη
539 834 592 861 τῶν
607 835 718 870 ἡμερῶν
736 836 782 861 καὶ
797 835 899 862 νυκτῶν

955 243 1047 270 bernis
1060 243 1178 270 maxime
1200 242 1332 270 australis
1347 241 1387 269 sol
1402 242 1449 269 ﬁat
1463 249 1470 267 :
1485 241 1519 268 ob
1538 241 1589 268 hoc
1604 239 1736 275 putabant

954 289 1071 317 maxime
1098 289 1245 315 australem
1264 288 1330 315 oriri
1356 287 1562 322 Capricornum,
1582 285 1736 321 et_nullum

954 335 1028 362 aliud
1041 335 1148 370 signum
1172 342 1206 362 ex
1229 335 1323 362 eodem
1348 334 1408 361 loco
1431 333 1508 364 oriri,
1524 336 1551 360 et
1567 332 1593 359 in
1610 331 1736 360 eumdem

953 381 1042 408 locum
1067 382 1192 409 occidere
1212 388 1275 408 cum
1299 380 1477 415 Capricorno.
1491 379 1621 413 Reliquas
1637 377 1736 405 combi-

953 427 1079 454 nationes
1089 427 1129 454 sic
1142 427 1327 462 exponebant,
1344 426 1527 453 attribuentes
1537 424 1658 452 Geminis
1674 422 1737 450 Leo-

953 480 1027 505 nem,
1055 473 1147 500 Tauro
1166 473 1317 508 Virginem,
1346 472 1433 499 Arieti
1457 471 1584 501 Libram,
1610 468 1735 496 Piscibus

954 518 1109 554 Scorpium,
1126 519 1248 554 Aquario
1267 519 1455 553 Sagittarium.
1480 516 1514 543 At
1528 517 1609 543 talem
1626 514 1736 549 exposi-

953 565 1052 592 tionem
1076 565 1188 593 omnino
1214 572 1276 593 esse
1300 571 1443 592 erroncam
1471 563 1613 597 contingit.
1643 561 1736 595 Neque

952 612 1025 640 enim
1042 612 1069 639 in
1085 616 1143 639 toto
1162 612 1270 639 Cancro
1294 611 1413 638 solstitia
1429 609 1517 636 ﬁunt;
1534 608 1581 635 sed
1594 611 1636 634 cst
1650 613 1735 633 unum

952 657 1090 692 quoddam
1106 658 1215 692 signum
1230 657 1336 684 ratione
1356 654 1572 691 percipiendum,
1589 654 1615 679 in
1626 659 1680 686 quo
1694 651 1736 680 sol

953 703 1057 737 positus
1072 703 1220 730 solstitium
1239 702 1331 730 eilicit.
1345 701 1373 728 In
1389 704 1526 728 momento
1546 698 1618 725 enim
1635 703 1736 732 tenipo-

952 748 991 776 ris
1017 749 1228 778 conversiones,
1254 749 1310 776 sive
1333 747 1452 775 solstitia
1480 746 1571 773 ﬁunt:
1588 748 1614 770 at
1646 747 1734 770 totum

952 794 1058 829 signum
1079 794 1181 821 Cancri
1207 794 1343 829 positione
1373 793 1462 820 simile
1488 796 1529 820 est
1555 790 1691 821 Geminis,
1708 793 1736 815 et

953 844 1098 874 utrumque
1112 847 1206 867 eorum
1224 840 1366 874 aequaliter
1378 838 1463 865 distat
1477 838 1510 864 ab
1525 837 1620 864 aestivo
1634 839 1735 870 puncto

109 881 157 907 ῐσα
179 881 252 907 ἐστὶν
274 881 302 906 ὲν
322 880 446 916 Διδύμοις
465 881 511 907 καὶ
529 882 557 907 ὲν
577 876 721 916 Κῷκίνῳ·
740 881 786 908 καὶ
803 882 830 908 ἐν
844 883 896 913 τοῖς

949 886 1086 914 solstitiali
1103 894 1110 912 :
1126 886 1161 913 ob
1185 893 1266 920 quam
1290 892 1399 912 causam
1427 884 1508 911 etiam
1533 881 1735 918 magnitudines

109 925 303 960 ὡροσκοπείοις
336 927 363 952 at
391 927 442 952 ὑπὸ
468 926 522 952 τῶν
552 927 697 961 γνωμόνων
730 927 898 964 γραφόμεναι

108 972 239 1007 γραμμαὶ
267 972 323 998 ἴσον
349 972 478 1007 ἀπέχουσι
500 971 547 998 τοῦ
575 971 680 1008 θερινοῦ
703 973 832 1008 τροπικοῠ
852 982 899 1008 ση-

109 1019 187 1053 μείου
200 1018 254 1054 (l0)
269 1019 316 1045 καὶ
332 1019 360 1045 ὲν
374 1019 502 1054 Καρκίνῳ
515 1021 562 1046 καὶ
580 1021 612 1045 ὲντ
624 1020 757 1055 Διδύμοις.
776 1020 819 1052 Ἐξ
842 1020 897 1047 ἴσον

108 1064 163 1099 γὰρ
175 1065 276 1090 κεῖνται
289 1064 356 1100 πρὸς
365 1065 395 1091 τὸ
407 1064 510 1100 οερινὺν
524 1067 635 1101 σημεῖον
648 1065 682 1092 τὰ
694 1065 738 1091 δύο
749 1065 899 1102 δωδεκατη-

109 1109 202 1144 μόρια.
221 1108 302 1136 Ὀοεν
313 1110 359 1136 καὶ
379 1109 431 1136 ὑπὸ
446 1110 498 1136 τῶν
520 1110 608 1137 αὐτῶν
623 1110 801 1146 παραλλήλων
815 1112 898 1145 ἐμπε-

108 1155 306 1190 ριλαμϐάνεταί
319 1155 436 1187 κύκλων,
448 1155 493 1182 διά
505 1165 534 1182 τε
547 1155 628 1182 τοῦτο
644 1157 676 1182 ἐκ
693 1156 739 1183 τοῦ
759 1156 840 1183 αὑτοῦ
856 1157 898 1183 τό-

108 1210 160 1227 που
185 1201 357 1227 ἀνατέλλουσι
384 1201 513 1236 Δίδυμοι,
550 1202 708 1238 Καρκίνος,
737 1202 837 1237 ὁμοίως
867 1210 897 1228 τε

107 1246 234 1273 δύνουσιν
248 1248 288 1280 εἰς
302 1247 347 1274 τὸν
363 1246 444 1274 αὑτὸν
457 1247 548 1273 τόπον.

149 1333 178 1359 '0
190 1333 218 1360 δὲ
232 1334 312 1365 αὐτὸς
325 1334 401 1369 λόγος
416 1336 462 1362 καὶ
475 1335 520 1362 ἐπὶ
532 1335 579 1362 τοῦ
593 1335 743 1370 Αίγόκερω.
761 1335 829 1361 Οὔτε
842 1335 897 1371 γὰρ

104 1374 184 1410 ὦτός
201 1380 259 1405 ἐστι
272 1379 431 1411 νοτιωτατος
441 1389 448 1395 ’
464 1381 521 1407 ἀλλ’
536 1380 567 1407 ἓν
582 1389 608 1406 τι
624 1381 736 1416 σημεῖον
750 1380 820 1416 λόγῳ
833 1380 896 1408 Θεω-

104 1424 209 1460 ρητόν·
231 1425 246 1451 ὃ
260 1426 349 1453 κοινόν
369 1428 426 1453 ἐστι
449 1426 499 1461 τῆς
515 1435 544 1453 τε
562 1426 609 1453 τοῦ
632 1427 747 1458 Τοξότου
768 1427 895 1463 τελευτῆς

103 1470 154 1496 καὶ
169 1471 218 1505 τῆς
232 1471 277 1497 τοῦ
294 1471 435 1508 Αίγόκερω
458 1473 554 1508 ἀρχῆς.
571 1472 616 1499 Διὺ
632 1472 661 1505 ἐξ
676 1472 732 1499 ἴσου
754 1474 841 1500 χεῖται
855 1473 895 1508 τῷ

103 1516 214 1552 τοξότῃ,
229 1517 275 1543 καὶ
288 1517 338 1552 τὴν
354 1518 438 1553 αὐτὴν
456 1518 606 1545 ἀπόστασιν
626 1518 683 1554 ἔχει
702 1519 755 1545 ἀπὸ
772 1519 819 1546 τοῦ
837 1528 893 1554 χει-

104 1562 218 1598 μερινοῦ
229 1564 359 1598 τροπικοῦ
374 1564 496 1600 σημείου.
515 1564 596 1590 Ὅθεν
613 1565 659 1591 καὶ
673 1564 707 1591 τὰ
724 1565 825 1600 μεγέθη
839 1565 894 1592 τῶν

102 1610 218 1645 ἡμερῶν
235 1610 281 1636 καὶ
294 1610 348 1637 τῶν
361 1611 466 1638 νυκτῶν
476 1611 511 1637 τὰ
522 1612 591 1638 αὺτά
603 1612 678 1638 ἐστιν
691 1613 720 1638 ὲν
736 1611 775 1647 τῷ
793 1612 893 1648 Τοξότῃ

101 1655 152 1682 καὶ
163 1657 194 1682 ὲν
206 1655 244 1690 τῷ
264 1656 413 1692 Δίγόκερῳ,
429 1656 475 1683 καὶ
490 1656 521 1683 τὺ
542 1657 625 1692 ἄκρον
646 1657 693 1684 τοῦ
712 1657 849 1693 γνώμονος
864 1658 894 1684 ὲν

101 1702 159 1733 τοῖς
176 1701 333 1736 ὡρολογίοις
348 1702 396 1734 τὰς
409 1702 494 1734 αὑτὰς
510 1702 610 1738 γράφει
628 1703 769 1739 γραμμὰς,
782 1704 828 1730 καὶ
841 1703 893 1730 ὑπὸ

99 1746 157 1774 τῶν
180 1747 269 1774 αὐτῶν
294 1748 470 1784 παραλλήλων
493 1748 762 1784 ὲμπεριλαμόάνεται
786 1749 892 1777 κύκλων

99 1794 137 1821 τὰ
148 1794 196 1821 δύο
208 1795 430 1832 δωδεκατημόρια
440 1796 486 1823 τοῦ
502 1796 616 1828 Τοξότου
631 1806 660 1823 τε
674 1797 721 1823 καὶ
734 1797 874 1832 Αίγόκερω
883 1804 889 1812 ·

99 1840 150 1867 καὶ
164 1840 210 1867 διὰ
221 1841 299 1868 τοῦτο
316 1842 348 1868 ἐκ
359 1842 405 1868 τοῦ
420 1842 501 1869 αὑτοῦ
517 1843 598 1869 τόπου
614 1842 764 1874 ἀνατέλλει,
787 1843 834 1869 καὶ
852 1843 891 1875 είς

99 1887 147 1913 τὸν
164 1887 246 1914 αὐτὸν
259 1887 341 1914 τόπον
354 1888 425 1914 δύνει
441 1887 557 1923 Τοξότης
571 1888 617 1914 καὶ¹
631 1888 796 1923 Αίγόκερως.

145 1977 263 2012 Ὁμοίως
277 1977 305 2004 δὲ
320 1977 367 2004 καὶ
380 1978 430 2010 τὰς
445 1978 540 2009 λοιπὰς
558 1978 687 2012 συζυγίας
701 1978 891 2014 διημαρτημέ-

98 2033 151 2056 va;
166 2022 236 2051 εἶναι
252 2024 432 2060 συμῆἐὸηκεν.
445 2025 636 2060 Ἐκδηλότατον
649 2025 678 2051 δὲ
688 2025 792 2058 γίνεται
805 2024 890 2060 ἀμάρ-

97 2078 180 2106 τημσ,
197 2071 260 2104 περὶ
278 2070 327 2106 τὴν
351 2071 480 2105 συζυγίαν
502 2070 549 2097 τοῦ
566 2070 662 2106 Κριοῦ.
685 2070 890 2105 Ἀποφαίνονται

98 2117 157 2152 γὰρ
166 2115 238 2142 κατὰ
248 2116 377 2150 συζυγίαν
393 2116 485 2152 Κριὸν,
500 2116 596 2150 Ζυγὸν,
609 2115 646 2148 ὡς
657 2115 758 2142 τούτων
771 2115 825 2141 τῶν
839 2115 890 2147 ζυ-

97 2163 165 2189 δίων
178 2162 211 2188 ὲκ
226 2161 273 2188 τοῦ
290 2161 371 2188 αὐτοῦ
391 2162 473 2188 τόπου
492 2161 699 2193 ἀνατελλόντων,
716 2161 763 2187 καὶ
784 2162 823 2193 είς
844 2162 889 2188 τὸν

97 2208 184 2235 αὐτὸν
206 2207 288 2234 τόπον
311 2207 451 2235 δυνόντων.
472 2208 541 2234 Ἀλλ’
564 2209 577 2234 ὁ
602 2208 651 2243 μὲν
676 2207 760 2243 Κριὸς
785 2207 888 2243 βόρειος
904 2229 925 2256 D

97 2253 252 2285 ἀνατέλλει,
267 2254 313 2280 καὶ
327 2253 398 2280 δύνει
410 2261 416 2268 ’
432 2254 464 2280 ἐκ
477 2253 524 2280 τοῦ
539 2253 592 2289 γὰρ
615 2252 773 2289 ἰσημερινοῦ
788 2253 887 2280 κύκλου

99 2301 172 2336 πρὸς
187 2300 304 2335 ἄρκτους
324 2301 428 2327 κείταιο
442 2301 456 2326 ό
469 2300 497 2326 δὲ
519 2299 604 2334 Ζυγδς
623 2300 708 2331 νότιος
729 2299 868 2326 ἀνατέλλει
879 2308 886 2316 ο

97 2348 132 2374 ἐκ
142 2346 200 2382 γὰρ
215 2345 261 2372 τοῦ
280 2345 437 2382 ἰσημερινοῦ
451 2341 632 2382 κύκλον⁸πρδς
648 2354 716 2381 μεση
722 2345 820 2381 μὸρίαν
833 2347 888 2380 κεῖ-

98 2402 160 2420 ται.
177 2392 240 2423 Πῶς
254 2391 301 2419 οὖν
314 2393 425 2419 δύναται
436 2392 521 2427 Κριὸς
531 2391 609 2427 Ζυγῷ
618 2391 689 2418 κατὰ
705 2390 834 2425 συζυγίαν
849 2383 888 2418 εἳ-

97 2447 163 2472 ναι;
176 2440 208 2466 ὲκ
223 2439 358 2475 διαφόρων
374 2439 430 2474 γὰρ
448 2439 538 2465 τόπων
554 2437 737 2470 ἁνατέλλουσι,
750 2438 849 2472 ὁμοίως
861 2437 888 2463 δὲ

97 2485 148 2513 καὶ
159 2484 292 2511 δύνουσιν.
307 2485 344 2511 Οὺ
361 2484 471 2511 δύναται
487 2484 515 2510 δὲ
531 2483 616 2510 ταῦτα
627 2483 662 2510 τὰ
676 2482 757 2516 ζώδια
770 2483 822 2510 ὑπὸ
835 2483 888 2510 τῶν

96 2530 192 2557 αὐτῶν
206 2530 385 2565 παραλλήλων
404 2529 579 2565 περιέχεσθαι
593 2529 710 2557 κύκλων.
731 2529 846 2564 Ὁμοίως
860 2530 888 2556 δὲ

96 2577 162 2605 οὐδὲ
186 2577 214 2603 αἱ
233 2572 325 2603 λοιπαὶ
339 2577 466 2612 συζυγίαι
492 2576 691 2612 συμφωνοῦσιν.
709 2577 887 2613 Ἠγνοήκασιν

96 2622 145 2651 οὖν
163 2623 199 2650 τὰ
223 2624 287 2659 περὶ
299 2623 348 2655 τὰς
370 2623 480 2659 πρώτας
501 2623 598 2659 μοίρας
622 2623 813 2659 συμϐεϐηκότα
833 2625 888 2655 τοῖς

97 2669 172 2696 κατὰ
187 2669 317 2703 συζυγίας
332 2669 436 2701 ζωδίοις
451 2670 515 2704 περὶ
530 2670 578 2696 ὅλα
588 2669 622 2696 τὰ
638 2669 720 2701 ζώδια
734 2670 883 2705 ἐκθέμενοι.

98 2713 195 2749 Πολλῷ
207 2714 261 2749 γὰρ
275 2713 373 2748 μᾶλλον
385 2713 438 2741 ἔδει
454 2713 488 2740 τὰ
502 2714 573 2746 ὅλοις
594 2714 616 2730 ¹⁸
630 2715 686 2745 τοῖς
698 2713 884 2750 δωδεκατημο-

137 2794 159 2810 ¹¹
176 2802 222 2828 γρ.
238 2792 297 2820 ὅλα.

137 2853 194 2889 (Ν)
215 2853 299 2881 Abest
313 2860 365 2881 vox
384 2853 496 2888 σημείου
515 2860 529 2879 a
545 2853 689 2881 veteribus.

950 933 1054 959 dierum
1080 937 1105 959 ct
1119 932 1240 959 noctium
1265 931 1384 966 aequales
1397 935 1461 958 sunt
1481 930 1508 956 in
1527 928 1648 956 Geminis
1662 931 1689 954 et
1706 927 1734 953 in

949 978 1057 1006 Cancro
1073 987 1078 1004 :
1099 983 1126 1006 et
1142 979 1169 1005 in
1188 978 1380 1005 instrumentis
1400 976 1519 1003 horariis
1534 976 1611 1001 linea:
1633 981 1648 1000 a
1667 981 1735 1008 gno-

950 1024 1078 1052 monibus
1106 1024 1250 1058 descriptae
1280 1023 1420 1058 aequaliter
1447 1022 1549 1049 distant
1581 1020 1615 1047 ab
1639 1019 1734 1046 aestivo

949 1075 1051 1104 puncto
1067 1070 1215 1101 solstitiali,
1231 1077 1294 1098 cum
1311 1069 1338 1096 in
1350 1069 1466 1099 Cancro,
1485 1071 1542 1094 tum
1557 1067 1583 1093 in
1599 1065 1732 1092 Geminis.

948 1115 1016 1142 Nam
1030 1115 1064 1142 ad
1081 1115 1205 1142 aestivum
1220 1115 1271 1141 hoc
1288 1119 1420 1149 punctum
1442 1113 1572 1148 a‘qualem
1589 1111 1669 1138 situm
1688 1110 1734 1136 ha-

948 1162 1076 1190 bentbazc
1084 1162 1138 1189 duo
1151 1162 1239 1196 signa.
1253 1160 1331 1188 Unde
1343 1161 1424 1188 etiam
1438 1159 1509 1186 inter
1524 1157 1632 1186 eosdem
1648 1157 1673 1192 7
1682 1157 1734 1183 cir-

947 1209 1024 1236 culos
1037 1208 1184 1243 parallelos
1197 1210 1262 1234 sunt
1281 1207 1352 1234 sita:
1370 1210 1396 1233 et
1411 1205 1446 1232 ob
1461 1205 1513 1232 hoc
1523 1212 1556 1231 ex
1567 1203 1660 1230 eodem
1671 1203 1732 1230 loco

945 1252 1072 1279 oriuntur
1085 1251 1203 1283 Gemini,
1220 1251 1342 1283 Cancer,
1367 1250 1494 1277 similiter
1510 1253 1537 1277 et
1554 1248 1682 1276 occidunt
1703 1248 1731 1274 in

945 1297 1071 1325 eumdem
1087 1297 1189 1324 locum.

981 1342 1079 1369 Eadem
1094 1346 1137 1370 est
1147 1342 1216 1368 ratio
1229 1341 1310 1368 etiam
1326 1341 1354 1367 in
1364 1340 1540 1375 Capricorno.
1553 1339 1644 1374 Neque
1657 1339 1730 1366 enim

950 1388 995 1415 hic
1011 1392 1052 1414 est
1066 1389 1182 1413 maxime
1201 1386 1340 1419 australis,
1358 1385 1406 1414 sed
1429 1393 1512 1412 unum
1529 1385 1639 1419 aliquod
1661 1392 1730 1419 pun-

945 1437 1019 1461 ctum
1034 1433 1140 1461 ratione
1158 1432 1372 1467 percipiendum,
1390 1431 1463 1467 quod
1480 1439 1624 1458 commune
1644 1436 1685 1458 est
1702 1433 1731 1458 et

945 1479 992 1506 ﬁni
1013 1478 1163 1514 Sagittarii,
1182 1482 1207 1505 et
1229 1478 1364 1512 principio
1382 1476 1542 1511 Capricorni
1561 1486 1568 1504 :
1593 1483 1674 1511 quam
1693 1475 1729 1504 ob

946 1533 1058 1553 causam
1080 1524 1196 1553 similem
1224 1524 1306 1552 situm
1330 1523 1413 1550 habet
1440 1530 1502 1550 cum
1531 1522 1680 1557 Sagittario
1701 1525 1729 1549 et

944 1570 1064 1598 eamdem
1085 1570 1166 1598 habet
1186 1570 1343 1598 distantiam
1363 1569 1397 1596 ab
1419 1564 1533 1596 hiberno
1557 1572 1657 1603 puncto
1674 1568 1728 1596 scl-

944 1616 1048 1644 stitiali.
1075 1615 1152 1643 Unde
1169 1616 1250 1644 etiam
1274 1614 1474 1650 magnitudines
1496 1614 1601 1641 dierum
1626 1618 1653 1640 et
1678 1620 1729 1640 no-

943 1662 1027 1690 ctium
1053 1661 1154 1690 eaedem
1179 1666 1244 1689 sunt
1267 1661 1294 1688 in
1317 1660 1463 1696 Sagittario
1490 1663 1518 1687 et
1536 1659 1726 1694 Capricorno:

943 1711 970 1734 et
989 1707 1150 1734 extremitas
1177 1705 1321 1741 gnomonis
1345 1705 1374 1731 in
1400 1704 1590 1731 instrumentis
1609 1703 1729 1731 hor-ariis

941 1752 1051 1779 easdem
1064 1751 1195 1779 describit
1209 1751 1306 1784 lineas,
1320 1753 1347 1777 et
1361 1749 1434 1776 inter
1454 1748 1564 1775 eosdem
1583 1747 1727 1783 parallelcs

941 1799 1059 1826 circulos
1082 1798 1135 1826 sita
1159 1802 1223 1825 sunt
1247 1797 1304 1824 haec
1330 1796 1384 1823 duo
1410 1795 1631 1823 dodecatemoria
1661 1802 1726 1822 cum

943 1843 1092 1879 Sagittarii,
1111 1849 1170 1872 tum
1193 1842 1353 1878 Capricorni
1375 1851 1382 1869 :
1405 1845 1487 1876 atque
1503 1841 1537 1868 ob
1554 1841 1606 1868 hoc
1625 1848 1658 1868 ex
1678 1848 1725 1868 eo-

940 1890 1000 1918 dem
1022 1890 1082 1917 loco
1100 1889 1236 1922 oriuntur,
1256 1892 1283 1916 et
1301 1888 1329 1915 in
1344 1888 1470 1916 eumdem
1490 1887 1580 1915 locum
1593 1886 1724 1914 occidunt

941 1935 1116 1970 Sagittarius,
1133 1939 1159 1962 et
1173 1934 1368 1970 Capricornus.

977 1981 1108 2009 Similiter
1129 1989 1194 2008 vero
1213 1985 1240 2008 et
1261 1981 1381 2015 reliquas
1404 1979 1624 2008 combinationes
1638 1979 1722 2006 'erro-

942 2034 1009 2054 neas
1024 2034 1086 2053 esse
1099 2026 1241 2060 contingit.
1262 2024 1501 2052 Manifestissimus
1515 2023 1587 2050 enim
1602 2022 1631 2049 ﬁt
1645 2028 1723 2048 error

940 2074 968 2100 in
980 2072 1183 2100 combinatione
1202 2072 1314 2099 Arietis.
1334 2070 1476 2098 Allirmant
1494 2069 1565 2096 enim
1584 2067 1723 2095 combina-

939 2120 1041 2147 tioncm
1058 2119 1130 2146 inter
1149 2127 1178 2146 se
1191 2118 1291 2145 habere
1308 2117 1436 2148 Arietem,
1458 2120 1485 2143 et
1503 2115 1621 2146 Libram,
1644 2113 1723 2148 quasi

939 2166 996 2193 haec
1015 2166 1091 2201 signa
1111 2173 1143 2192 ex
1166 2164 1260 2191 eodem
1277 2164 1336 2191 loco
1353 2162 1485 2193 oriantur,
1504 2164 1531 2188 et
1552 2161 1579 2188 in
1597 2161 1722 2188 eumdem

940 2211 1028 2239 locum
1058 2209 1195 2238 occidant.
1227 2209 1308 2244 Atqui
1339 2208 1419 2236 Aries
1457 2207 1567 2242 quidem
1605 2205 1722 2233 borealis

939 2257 1036 2289 oritur,
1067 2260 1095 2284 et
1129 2256 1241 2287 occidit,
1264 2263 1324 2282 nam
1355 2255 1389 2282 ab
1416 2252 1598 2288 aequinoctiali
1626 2259 1722 2279 versus

938 2303 1049 2330 boream
1068 2303 1137 2330 situs
1158 2305 1209 2330 est.
1230 2301 1311 2328 Libra
1340 2308 1405 2328 vero
1426 2299 1556 2327 australis
1577 2298 1674 2329 oritur,
1695 2302 1722 2325 et

938 2347 1050 2379 occidit,
1067 2348 1101 2374 ab
1114 2346 1297 2381 aequinoctiali
1314 2345 1386 2373 enim
1403 2352 1499 2372 versus
1520 2343 1660 2371 meridiem
1680 2347 1722 2370 est

939 2395 1002 2422 sita.
1021 2393 1164 2426 Quomodo
1180 2393 1263 2428 igitur
1280 2391 1357 2420 Aries
1382 2399 1443 2418 cum
1467 2389 1547 2417 Libra
1566 2392 1655 2424 potest
1672 2388 1722 2415 ha-

939 2441 1002 2468 bere
1017 2438 1262 2467 combinationem?
1283 2438 1341 2465 haec
1361 2438 1432 2464 enim
1452 2436 1529 2471 signa
1552 2443 1585 2462 ex
1605 2433 1720 2461 diversis

940 2487 1008 2514 locis
1031 2486 1167 2518 oriuntur,
1190 2488 1217 2512 et
1238 2484 1365 2512 similiter
1385 2483 1413 2510 in
1439 2483 1546 2510 diversa
1567 2481 1625 2508 loca
1647 2479 1722 2506 occi-

939 2534 1016 2561 dunt.
1031 2531 1087 2560 Nec
1105 2536 1221 2566 possunt
1237 2531 1294 2558 haec
1315 2531 1390 2566 signa
1413 2529 1448 2556 ab
1467 2528 1562 2556 iisdem
1584 2525 1720 2561 parallelis

939 2578 1143 2614 comprehendi.
1177 2577 1310 2605 Similiter
1334 2583 1423 2611 neque
1448 2575 1558 2609 reliqum
1580 2571 1721 2599 combina-

939 2625 1027 2652 tiones
1045 2624 1114 2652 bene
1129 2632 1159 2652 se
1174 2624 1285 2651 habent.
1299 2622 1358 2650 Non
1378 2621 1449 2649 enim
1469 2617 1720 2646 animadverterunt

939 2675 1055 2704 veteres,
1083 2678 1112 2698 se
1142 2677 1184 2705 ea,
1216 2677 1276 2705 quia
1298 2673 1400 2696 tantum
1420 2665 1491 2693 circa
1505 2665 1606 2699 primas
1626 2666 1718 2699 partes

939 2723 1035 2745 eorum
1073 2716 1159 2752 signis
1194 2714 1398 2746 combinatoriis
1431 2711 1615 2748 contigerunt,
1652 2710 1718 2736 totis
