1902 3143
193 150 245 180 ’167

704 150 748 178 ΑΙ)
767 150 901 179 EUSEBII
918 131 1116 178 annomcon
1132 146 1314 176 APPENDIX.

1764 143 1818 172 768

194 211 282 246 signis
308 211 439 239 tribuere.
473 211 559 238 Multo
589 210 663 238 enim
687 212 775 248 magis
813 213 979 247 Oportuisset

1043 209 1100 240 ›ίοις
1125 207 1315 243 συμϐεϐηκότα
1341 206 1380 237 είς
1405 203 1565 240 αναγραφὴν
1591 213 1638 230 και
1663 203 1819 240 παραγγέλ-

193 264 236 288 ea,
259 264 319 291 qua:
341 258 404 284 totis
426 257 511 292 signis
530 257 700 291 acciderunt,
725 258 760 285 ad
775 258 927 286 doctrinam
952 264 980 288 et

193 308 328 339 prazcepta
344 303 456 331 referre.

232 349 300 377 Sunt
315 350 398 385 igitur
413 349 562 377 secundum
574 349 718 378 veritatem
736 359 784 378 sex
797 351 978 379 combinatio-

194 402 243 422 nes
267 403 273 421 :
297 393 404 422 Gemini
428 394 547 428 Cancro,
573 395 682 423 Taurus
705 396 800 430 Leoni,
818 397 896 425 Aries
916 398 979 425 Vir-

193 441 259 476 gini,
279 440 373 469 Pisces
388 441 486 473 Librae,
503 441 642 477 Aquarius
655 442 779 478 Scorpio,
796 443 979 480 Capricornus

194 486 350 522 Sagittario.
374 487 437 515 Haec
460 488 533 515 enim
551 492 577 515 et
591 497 622 515 ex
644 489 739 516 eodem
763 490 822 517 loco
839 492 977 523 oriuntur,

191 538 218 561 et
231 533 259 560 in
275 534 400 561 eumdem
417 535 508 562 locum
526 535 667 567 occidunt,
684 540 712 563 et
727 537 761 564 ab
776 536 872 564 iisdem
894 538 980 572 paral-

192 579 253 606 lelis
273 580 557 614 comprehenduntur,
577 585 604 609 et
624 582 740 610 similem
768 583 850 610 silum
879 583 980 611 habent

192 624 226 651 ad
250 625 408 653 solstitialia
431 631 543 661 puncta.
566 627 594 654 In
618 627 662 655 his
686 629 758 656 enim
778 629 979 664 magnitudines

191 669 297 696 dierum
319 674 345 697 et
370 672 493 699 noctium
515 673 634 707 aequales
654 677 729 705 sunt,
747 680 774 701 et
792 674 979 703 extremitates

192 722 358 749 gnomonum
383 717 411 744 in
430 717 618 746 instrumentis
636 719 754 747 horariis
769 720 878 748 easdem
893 721 979 749 lineas

191 761 362 789 describunt.

503 831 616 860 CAPUT
636 833 667 862 li.

243 886 279 914 De
297 887 380 922 signis
403 895 463 922 quae
488 888 572 928 stellis
595 894 662 928 sunt
676 889 814 925 insignita,
836 899 879 918 seu
896 893 929 919 de
992 900 1015 928 Β

455 924 711 952 constellationibus.

226 978 394 1007 Constellata
410 984 485 1008 astra
508 981 536 1008 in
556 985 613 1009 tres
633 988 724 1016 partes
741 983 909 1013 dividuntur.
925 985 978 1012 Eo-

191 1033 253 1052 rum
277 1025 350 1052 enim
374 1026 498 1061 quaadam
518 1027 547 1054 in
571 1027 684 1055 zodiaco
706 1029 809 1057 circulo
826 1035 891 1057 sunt
914 1032 977 1064 sita,

192 1071 317 1106 qua-dam
335 1071 466 1099 dicuntur
486 1073 616 1107 borealia,
637 1075 760 1110 quaedam
776 1081 910 1104 vocantur
930 1085 979 1106 au-

193 1117 298 1144 stralia.
709 1145 712 1148 .

227 1161 293 1194 Qua:
307 1161 390 1196 igitur
405 1162 432 1189 in
444 1163 557 1191 zodiaco
573 1168 724 1199 ponuntur,
739 1173 771 1193 ea
789 1170 856 1194 sunt
874 1167 977 1196 duode-

192 1206 244 1233 cim
270 1206 359 1241 signa,
381 1215 497 1243 quorum
524 1210 721 1245 appellationes
747 1216 826 1240 antea
849 1212 977 1242 diximus.

191 1251 222 1279 In
245 1253 389 1281 duodecim
416 1258 506 1282 autem
529 1255 616 1290 signis
640 1257 764 1291 quaedam
788 1259 874 1286 stellae
891 1259 980 1295 digna:

193 1299 292 1327 habita;
306 1305 366 1327 sunt
379 1301 498 1336 propriis
512 1302 754 1336 appellationibus,
771 1303 854 1339 idque
868 1311 980 1341 propter

192 1344 408 1380 signiﬁcationes
430 1355 499 1382 quas
518 1348 630 1375 habent.
651 1348 717 1375 Nam
741 1350 769 1377 in
791 1350 874 1379 dorso
896 1352 980 1380 Tauri

192 1391 288 1425 posita
304 1393 389 1420 stellae
402 1401 518 1421 numero
534 1402 580 1422 se:
592 1399 726 1422 vocantur
739 1396 870 1431 pleiades.

228 1485 259 1511 in
285 1484 375 1513 fronte
397 1485 480 1513 Tauri
508 1487 603 1522 posita:
626 1488 711 1516 stellae
725 1497 841 1518 numero
858 1491 980 1526 quinque

195 1530 377 1557 nominantur
397 1531 523 1566 hyades;
553 1540 612 1568 quae
636 1535 716 1562 stella
741 1535 870 1570 praecedit
896 1537 978 1572 pedes

1031 263 1103 290 ματα
1120 255 1242 288 ἀγαγεῖν.

1064 355 1139 381 Είσὶν
1167 352 1215 381 οὗν
1243 364 1292 381 κατ
1331 354 1459 390 ἀλήθειαν
1488 352 1613 387 συςυγίαι
1638 351 1678 384 ἓξ.
1707 352 1818 387 Δίδυμοι

1029 401 1172 436 Καρκίνῳ,
1187 401 1291 436 Ταῦρος
1309 401 1421 432 Λέοντι,
1440 400 1523 435 Κριὸς
1544 398 1673 434 Παρθένῳ
1685 418 1693 429 ,
1716 397 1818 432 ’ἰχθύες

1028 447 1127 482 Ζυγῷ,
1159 447 1301 482 Ὑδροχὸος
1327 447 1453 482 Σκορπιῳ
1468 465 1476 477 ,
1507 445 1661 480 Αίγόκερως
1689 444 1791 479 Τοξότῃ
1809 451 1818 461 ·

1027 493 1114 519 ταῦτα
1127 493 1182 529 γὰρ
1195 493 1241 520 καὶ
1252 494 1284 520 ὲκ
1296 492 1344 519 τοῦ
1359 492 1440 519 αὑτοῦ
1455 492 1536 518 τόπου
1549 489 1699 521 ἀνατέλλει,
1717 489 1764 515 καὶ
1777 489 1818 522 είς

1028 539 1075 564 τὸν
1093 539 1173 566 αὐτὸν
1187 539 1270 565 τόπον
1284 538 1367 569 δύνει,
1385 539 1432 565 καὶ
1447 538 1501 564 ὑπὸ
1521 537 1574 563 τῶν
1597 535 1687 562 αὐτῶν
1702 536 1818 570 ἐμπερι-

1028 582 1195 618 λαμϐάνεται
1212 583 1392 617 παραλλήλων
1412 581 1529 612 κύκλων,
1546 581 1590 607 καὶ
1605 579 1635 612 ἐξ
1657 581 1715 606 ἴσου
1729 581 1817 606 κεῖται

1029 629 1097 664 πρὸς
1109 629 1142 656 τὰ
1154 629 1271 664 τροπικὰ
1289 629 1398 663 σημεῖα.
1422 628 1465 653 Ἐν
1479 627 1582 658 τούτοις
1595 626 1647 662 γὰρ
1661 626 1696 652 τὰ
1714 625 1816 660 μεγέθη

1027 675 1082 702 τῶν
1098 675 1209 710 ἡμερῶν
1225 675 1272 701 καὶ
1293 674 1346 700 τῶν
1365 673 1469 700 νυκτῶν
1490 673 1544 705 ἴσα,
1560 673 1606 699 καὶ
1621 673 1656 698 τὰ
1678 672 1751 706 ἄκρα
1763 671 1817 697 τῶν

1027 720 1175 756 γνωμόνων
1201 721 1230 747 ὲν
1258 720 1314 751 τοῖς
1341 718 1498 754 ὡρολογίοις
1526 718 1575 750 τὰς
1603 717 1688 748 αὑτὰς
1716 717 1818 754 γράψει

1028 766 1170 802 γραμμάς-

1301 831 1501 859 ΚΕΦΑΛΑΙΟΝ
1516 831 1552 858 Β’.

1117 889 1186 924 Περὶ
1206 889 1266 916 τῶν
1279 887 1560 923 Μτηστερισμένων
1577 887 1598 902 ³⁸
1610 885 1728 917 ζωδίων.

1065 993 1105 1020 Τὰ
1133 991 1367 1028 κατηστερισμένα
1393 992 1481 1027 ἄστρα
1510 992 1654 1026 διαιρεῖται
1680 991 1720 1022 εἰς
1748 990 1818 1025 μέρη

1029 1037 1101 1073 τρία.
1124 1038 1156 1064 Ἀ
1181 1038 1230 1072 μὲν
1249 1037 1304 1072 γὰρ
1321 1036 1410 1063 αὐτῶν
1435 1036 1482 1063 ἐπὶ
1503 1036 1549 1062 τοῦ
1567 1035 1699 1068 ζωδιακοῦ
1717 1036 1819 1062 κύκλου

1028 1086 1131 1111 κεῖται·
1149 1084 1167 1110 ἃ
1187 1084 1214 1110 δὲ
1237 1083 1345 1117 λέγεται
1365 1083 1476 1119 βόρεια·
1500 1083 1518 1110 ἃ
1534 1083 1562 1110 δὲ
1586 1081 1819 1118 προσαγορεύεται

1028 1129 1112 1156 νότια.

1064 1176 1104 1202 Τὰ
1120 1176 1168 1211 μὲν
1185 1172 1231 1202 οὖν
1245 1175 1292 1202 ἐπὶ
1310 1174 1356 1201 τοῦ
1369 1174 1501 1208 ζωδιακοῦ
1519 1174 1618 1201 κύκλου
1634 1174 1750 1212 κείμενα
1761 1175 1818 1199 ἐστι

1029 1220 1062 1247 τὰ
1076 1219 1178 1246 δώδεκα
1200 1220 1293 1252 ζώδια,
1308 1217 1345 1247 ὧν
1366 1220 1416 1252 τὰς
1438 1220 1586 1255 ὀνομασίας
1601 1220 1817 1254 προειρήκαμεν.

1029 1266 1084 1293 Καὶ
1099 1267 1127 1292 ὲν
1143 1266 1199 1298 τοῖς
1219 1266 1323 1293 δώδεκα
1350 1266 1455 1298 ζωδίοις
1469 1266 1541 1297 τινὲς
1561 1265 1684 1300 ἀστέρες,
1705 1264 1750 1291 διὰ
1769 1265 1821 1296 τὰς

1029 1312 1072 1337 ἐπ’
1080 1310 1170 1342 αὐτοῖς
1178 1311 1321 1346 γινομένας
1335 1309 1518 1344 ἐπισημασίας
1529 1328 1535 1340 ,
1554 1309 1619 1339 ἰδίας
1633 1307 1821 1343 προσηγορίας

1029 1355 1173 1391 ἠξιωμένοι
1188 1355 1266 1382 εἰσίν.
1282 1354 1315 1382 Oi.
1333 1355 1382 1390 μὲν
1394 1354 1447 1390 γὰρ
1464 1354 1511 1380 ἐπὶ
1529 1353 1575 1380 τοῦ
1589 1353 1696 1388 Ταύρου
1712 1352 1759 1378 ἐπὶ
1771 1351 1819 1378 τοῦ

1029 1401 1113 1428 νώτου
1126 1401 1208 1427 αὑτοῦ
1220 1401 1339 1436 κείμενοι
1348 1399 1460 1434 ἀστέρες
1467 1399 1512 1425 τὸν
1525 1398 1640 1434 ἀριθμὸν
1653 1398 1692 1430 ἒξ,
1707 1396 1820 1424 καλοῦν-

1029 1455 1074 1472 ται
1091 1445 1226 1477 πλειάδες.

1066 1493 1097 1519 Οί
1107 1492 1135 1519 δὲ
1148 1493 1193 1519 ἐπὶ
1208 1491 1254 1519 τοῦ
1267 1491 1416 1527 βουκράνου
1428 1490 1475 1517 τοῦ
1490 1489 1596 1525 Ταύρου
1607 1489 1729 1524 κείμενοι
1741 1489 1821 1516 ἀστέ-

1032 1546 1077 1573 ρες
1093 1538 1138 1565 τὸν
1158 1537 1274 1573 ἀριθμὸν
1295 1537 1387 1568 πέντε,
1408 1536 1551 1563 καλοῦνται
1566 1535 1660 1567 ὑάδες·
1677 1536 1690 1561 ὁ
1707 1535 1737 1561 δὲ
1753 1543 1820 1570 προ-

193 1574 381 1608 Geminorum,
399 1581 512 1604 vocatur
528 1585 649 1613 propus;
666 1587 726 1614 quae
743 1587 807 1608 vero
830 1581 858 1608 in
874 1581 978 1610 Cancro

1043 1584 1096 1619 ιγού
1101 1591 1180 1619 μενος
1194 1583 1248 1610 τῶν
1265 1583 1352 1610 ποδῶν
1367 1582 1421 1610 τῶν
1433 1582 1556 1617 Διδύμων
1569 1581 1666 1616 ἀστὴρ,
1681 1589 1821 1616 προσαγο-

193 1620 335 1648 nebulosae
363 1622 502 1650 stellarum
528 1625 736 1660 congregationi
767 1626 873 1655 similes
901 1633 976 1661 sunt,

192 1671 329 1694 vocantur
350 1676 471 1704 praesepe
488 1679 495 1704 ;
511 1670 572 1698 dum
592 1672 678 1699 stella:
696 1673 812 1708 praesepi
825 1675 919 1702 vicinae
932 1683 979 1702 vo-

192 1715 291 1738 cantur
302 1713 387 1747 asini;
400 1715 478 1741 stella
496 1715 595 1750 lucida,
612 1724 673 1752 qua:
683 1721 725 1744 est
740 1717 766 1744 in
781 1718 863 1746 corde
879 1715 991 1749 Leonis‘

194 1757 257 1789 sita,
279 1760 450 1794 cognominis
472 1761 510 1788 illi
534 1762 605 1795 loco,
625 1762 653 1790 in
670 1771 725 1798 quo
747 1765 835 1800 posita
858 1771 910 1799 est,
932 1775 980 1795 cor

194 1803 292 1832 Leonis
319 1806 483 1841 appellatur,
510 1808 545 1835 ab
570 1809 709 1844 aliquibus
740 1811 897 1846 basiliscus,
930 1823 978 1842 seu

194 1850 303 1884 regulus
328 1851 505 1886 nominatur;
527 1860 560 1881 eo
582 1855 655 1890 quod
677 1855 704 1882 lii
737 1856 782 1891 qui
814 1857 887 1886 circa
907 1859 980 1888 hunc

194 1895 284 1923 locum
303 1903 467 1932 nascuntur,
483 1900 587 1936 regiam
603 1901 747 1930 videantur
762 1903 863 1934 habere
878 1908 979 1935 nativi-

193 1944 288 1970 tatem.

230 1987 262 2016 At
275 1989 353 2017 stella
365 1989 517 2025 splendida,
527 1999 590 2027 quae
602 1992 629 2020 in
641 1993 753 2022 sinistra
764 2003 847 2024 manu
860 1996 979 2033 Virginis

193 2033 313 2068 ponitur,
337 2035 411 2070 spica
429 2041 544 2064 vocatur
566 2048 573 2065 :
595 2041 623 2064 at
642 2047 674 2066 ea
692 2041 810 2075 stellula,
827 2051 887 2077 qua:
907 2043 979 2079 apud

193 2079 317 2107 dextram
333 2080 453 2115 Virginis
467 2084 538 2111 alam
553 2086 675 2120 ponitur,
691 2087 874 2116 vindemiator
888 2091 980 2126 appel-

193 2124 275 2158 latur,
290 2131 408 2161 quatuor
424 2129 518 2160 stellae,
537 2137 598 2164 quae
611 2131 638 2157 in
653 2136 775 2160 extrema
790 2133 884 2162 dextra
898 2124 979 2164 manu

194 2170 308 2207 Aquarii
322 2178 387 2200 sunt
404 2174 473 2207 sitae,
483 2176 660 2204 nominantur
671 2185 749 2206 urna.

1034 1630 1141 1666 ρεύεται
1155 1630 1296 1665 πράττως’
1313 1630 1337 1656 ot
1357 1629 1385 1656 δὲ
1401 1630 1430 1656 ἐν
1451 1629 1489 1664 τῷ
1511 1628 1639 1663 Καρκίνῳ
1658 1627 1823 1661 νεφελοειδεῐ

1033 1677 1169 1712 συστροφῇ
1187 1677 1304 1708 ἐοικότες
1315 1695 1322 1709 ,
1338 1674 1483 1702 καλοῦνται
1501 1675 1587 1710 φάτνη
1601 1683 1608 1690 ’
1620 1675 1644 1700 οἱ
1661 1674 1690 1700 δὲ
1706 1673 1821 1708 πλησίον

1032 1722 1118 1756 αὐτῆς
1133 1721 1180 1748 δύο
1196 1721 1309 1757 ἀστέρες
1334 1721 1465 1756 κείμενοι,
1479 1720 1534 1747 ὃνοι
1558 1720 1819 1754 προσαγορεύονται.

1037 1768 1067 1794 Ὀ
1082 1768 1111 1794 δὲ
1125 1769 1153 1794 ὲν
1168 1769 1201 1804 τῇ
1218 1768 1315 1803 καρδίᾳ
1327 1766 1375 1794 τοῦ
1389 1768 1501 1798 Λέοντος
1513 1766 1637 1801 κείμενος
1653 1765 1743 1801 ἀστὴρ
1755 1765 1823 1800 λαμ-

1032 1814 1110 1850 πρὸς,
1119 1814 1270 1850 ὁμωνύμως
1280 1813 1319 1849 τῷ
1334 1813 1417 1849 τόπῳ,
1431 1813 1472 1847 ἐφ’
1486 1809 1508 1846 ᾧ
1521 1813 1618 1843 κεῖται,
1629 1811 1728 1847 καρδία
1742 1811 1823 1838 Λέον-

1031 1869 1076 1892 τος
1092 1860 1332 1896 προσαγορεύεται,
1349 1860 1401 1886 ὑπὸ
1417 1858 1445 1886 δέ
1459 1867 1538 1886 τινων
1554 1857 1710 1893 βασιλίσκος
1730 1857 1822 1884 καλεῖ-

1032 1915 1076 1933 ται
1088 1915 1094 1921 ·
1112 1907 1153 1933 ὃτι
1172 1906 1296 1934 δοκοῦσιν
1310 1907 1334 1932 οἱ
1348 1906 1411 1942 περὶ
1424 1905 1469 1932 τὸν
1482 1905 1563 1931 τόπον
1579 1903 1672 1931 τοῦτον
1685 1904 1823 1939 γεννώμε-

1032 1960 1072 1978 νοι
1087 1951 1224 1986 βασιλικὸν
1245 1951 1317 1986 ἔχειν
1330 1950 1360 1977 τὸ
1374 1949 1519 1984 γενέθλιον.

1073 1999 1101 2025 '0
1117 1999 1146 2025 δὲ
1162 1999 1191 2025 ὲν
1216 1998 1289 2034 ἄκρᾳ
1309 1999 1343 2033 τῇ
1370 1997 1501 2033 ἀριστερᾷ
1523 1996 1594 2031 χειρὶ
1615 1995 1666 2029 τῆς
1681 1994 1823 2030 Παρθένου

1032 2045 1158 2079 κείμενος
1170 2043 1295 2079 λαμπρὸς
1310 2043 1409 2079 ἀστὴρ,
1427 2042 1526 2077 στάχυς
1541 2040 1792 2077 προσαγορεύεται·
1808 2042 1823 2067 6

1032 2091 1061 2117 δὲ
1078 2090 1154 2126 παρὰ
1172 2089 1221 2125 τὴν
1235 2089 1325 2122 δεξιὰν
1337 2089 1386 2124 τῆς
1404 2087 1543 2124 Παρθένου
1559 2087 1682 2123 πτέρυγα
1695 2087 1822 2122 κείμενος

1033 2136 1203 2171 ἀστερίσκος,
1215 2135 1408 2171 προτρυγητὴρ
1425 2133 1586 2169 ὀνομάζεται
1599 2142 1604 2148 ·
1620 2134 1645 2160 oi.
1661 2133 1689 2159 δὲ
1706 2134 1735 2159 ἐν
1750 2134 1823 2170 ἄκρα

1033 2183 1065 2217 τῇ
1081 2182 1154 2217 δεξιᾷ
1167 2182 1238 2217 χειρὶ
1246 2181 1367 2217 κείμενοι
1381 2179 1427 2207 τοῦ
1440 2179 1580 2215 Ὑδροχόου
1593 2179 1725 2214 τέσσαρες
1744 2180 1824 2206 ἀστέ-

1035 2237 1090 2264 ρες,
1109 2228 1222 2259 κάλπεις
1237 2227 1392 2254 καλοῦνται.

228 2261 319 2289 Stella:
337 2271 399 2299 quat
421 2264 455 2291 ab
473 2266 608 2294 extremis
622 2269 749 2302 partibus
771 2269 891 2298 Piscium
912 2280 979 2300 con-

1067 2273 1098 2299 Οί
1117 2272 1145 2298 δὲ
1168 2272 1222 2299 ἀπὸ
1240 2272 1294 2298 τῶν
1311 2271 1428 2306 οὐραίων
1449 2269 1539 2306 μερῶν
1558 2269 1613 2296 τῶν
1629 2269 1730 2305 ἰχθύων
1754 2270 1825 2297 κατὰ

193 2306 272 2333 tinuo
287 2313 352 2335 sunt
373 2310 478 2343 positae,
500 2312 669 2346 appellantur
690 2315 778 2344 lineae.
803 2315 872 2344 Sunt
892 2323 982 2346 autem

195 2353 222 2379 in
236 2356 349 2382 australi
367 2356 439 2384 linea
453 2358 538 2386 stella:
551 2367 657 2392 novem,
674 2362 701 2388 in
718 2362 800 2390 borea
814 2363 884 2391 linea
898 2365 983 2393 stellze

194 2398 326 2433 quinque.
352 2402 431 2428 stella
457 2410 522 2430 vero
550 2405 703 2440 splendida,
727 2414 788 2441 quas
811 2407 838 2434 in
860 2413 998 2438 extrema-

195 2443 266 2471 linca
284 2447 404 2480 ponitur,
418 2448 505 2477 nodus
518 2451 680 2484 appellatur.

231 2533 353 2564 Borealia
372 2546 436 2566 vero
459 2540 535 2575 signa
561 2546 641 2574 sunt,
664 2551 724 2577 qua:
742 2548 819 2571 extra
842 2545 981 2574 zodiacum

194 2579 328 2610 circulum
348 2593 445 2613 versus
460 2587 545 2614 Ursas
571 2588 624 2615 sita
653 2593 726 2616 sunt.
754 2589 787 2616 Et
812 2595 876 2618 sunt
902 2591 982 2619 haec:

242 2665 265 2683 ¹⁰
277 2674 322 2700 7p.
343 2666 610 2702 κατεστηριγμένων.

233 2744 409 2783 (μγΒόρεια
421 2744 455 2770 δέ
473 2744 570 2783 εστιν.
595 2742 773 2783 Asterismqs,
788 2742 917 2783 stellasve
938 2743 987 2783 bo-

199 2780 297 2808 reales.
315 2781 357 2807 vel
377 2779 523 2811 australes,
538 2781 682 2813 percenset
693 2778 800 2805 ratione
814 2778 918 2805 zodiaci
932 2779 987 2805 cir-

201 2814 266 2846 culi,
284 2823 339 2842 non
358 2814 571 2848 aequinoctialis,
586 2822 620 2841 ex
637 2820 695 2848 quo
710 2813 868 2840 confirmari
885 2817 985 2848 potest,

200 2850 272 2884 quod
294 2854 389 2877 contra
411 2849 579 2883 Scaligcrum
604 2849 748 2877 docuimus
766 2849 846 2885 qlibro
866 2857 907 2881 tu,
925 2854 987 2876 ante

1034 2318 1064 2344 τὺ
1076 2317 1139 2353 έξῆς
1146 2318 1267 2353 κείμενοι
1279 2316 1402 2351 ἀστέρες,
1415 2316 1483 2342 λίνοι
1494 2315 1754 2352 προσαγορεύονται.
1765 2315 1824 2342 Εἰσὶ

1033 2363 1062 2390 δὲ
1085 2364 1113 2391 ὲν
1138 2363 1187 2399 μὲν
1208 2363 1247 2398 τῷ
1268 2363 1347 2398 νοτίῳ
1366 2362 1430 2398 λίνῳ
1452 2362 1565 2398 ἀστέρες
1585 2361 1673 2393 ἐννέα,
1694 2362 1725 2387 ὲν
1743 2362 1773 2388 δὲ
1787 2361 1824 2396 τῷ

1034 2409 1131 2446 βορείῳ
1147 2409 1211 2445 λίνῳ
1226 2409 1339 2444 ἀστέρες
1354 2408 1445 2435 πέντε.
1466 2408 1495 2434 'U
1514 2408 1541 2434 δὲ
1563 2409 1592 2434 ἐν
1612 2408 1690 2443 ἄκρῳ
1707 2407 1748 2443 τῷ
1760 2408 1826 2441 λίνῳ

1018 2456 1158 2492 ’κείμενος
1179 2455 1306 2491 λαμπρὸς
1331 2454 1431 2491 ἀστὴρ,
1447 2453 1593 2485 σύνδεσμος
1621 2453 1824 2489 προσαγορεύε-

1034 2510 1170 2582 ταἱόρεια
1184 2547 1214 2574 δέ
1227 2547 1300 2572 ἐστιν
1314 2545 1380 2581 (Η),
1398 2545 1448 2572 ὅσα
1468 2543 1517 2571 τοῦ
1532 2543 1585 2570 τῶν
1599 2543 1703 2575 ζωδίων
1724 2543 1825 2570 κύκλου

1037 2593 1105 2630 πρὸς
1120 2593 1238 2629 ἄρκτους
1252 2593 1349 2620 κεῖται.
1369 2591 1447 2618 Ἐστι
1466 2590 1495 2617 δὲ
1509 2589 1585 2617 τάδε·
1601 2590 1619 2625 ἡ
1633 2589 1740 2625 μεγάλη
1757 2591 1822 2625 Ἀρ-

1043 2743 1334 2784 ῐξιοίρηηυῌθῃψοιοολ
1345 2749 1519 2784 astronomos
1532 2745 1559 2773 in
1575 2744 1814 2784 stellarumlatitu-

1044 2779 1155 2807 dinibus
1177 2779 1352 2815 designandis
1371 2789 1426 2808 non
1443 2781 1530 2809 solum
1553 2780 1753 2815 aequinoctialis
1772 2780 1822 2806 cir-

1046 2815 1116 2849 culi,
1132 2815 1179 2844 sed
1193 2816 1275 2844 etiam
1288 2816 1393 2843 zodiaci
1413 2817 1544 2844 rationem
1558 2817 1680 2843 duxisse.
