1902 3143
203 147 252 176 711

710 145 756 172 AD
772 144 909 172 EUSEBH
929 143 1129 174 ‘CHRONICON
1148 145 1330 175 APPENDIX.

1770 151 1824 180 7⁵13

202 207 353 241 tationem;
380 206 508 234 australis
531 213 596 233 vero
621 212 731 240 semper
757 209 800 233 est
826 204 972 233 invisibilis

1035 206 1081 238 τὸς
1102 206 1217 242 ἀόρατος
1238 207 1276 239 ὡς
1299 207 1367 243 πρὸς
1392 207 1439 234 τδν
1461 208 1595 244 ἡμέτερον
1616 209 1750 245 ὁρίζοντα.
1763 211 1824 239 Εἰσὶ
1857 228 1859 231 τ

201 251 275 288 quad
296 256 418 279 nostrum
447 251 625 278 horizontem.
656 250 851 278 Verumtamen
873 255 937 279 sunt
957 252 985 278 in

201 303 274 327 terra
292 299 350 326 loca
365 297 498 333 quaedam,
514 297 560 324 ubi
577 297 712 332 contingit
726 297 831 332 polum,
846 298 893 331 qui
914 297 984 332 apud

200 351 253 372 nos
265 351 371 379 semper
384 346 426 371 est
441 350 586 378 apparens,
602 343 656 370 illis
669 350 732 370 esse
751 342 938 375 invisibilem;
957 346 985 369 et

200 393 297 418 contra
316 397 378 417 eum
400 389 504 424 polum,
527 389 575 424 qui
598 390 670 425 apud
695 397 745 417 nos
768 394 810 417 est
827 389 982 421 invisibilis,

200 436 256 464 iliis
278 436 455 471 conspicuum
474 443 556 469 esse;
576 440 604 463 et
626 443 723 463 rursus
749 439 792 463 est
822 436 897 462 locus
922 435 983 470 qui-

199 482 261 509 dam
277 482 304 510 in
318 487 399 515 terra,
416 481 463 509 ubi
473 481 528 509 duo
540 482 569 508 hi
584 482 640 517 poli
656 482 782 510 similiter
799 482 826 508 in
842 481 983 510 horizonle

196 527 298 564 jaceat.

494 584 611 612 CAPUT
635 584 680 612 ιν.

437 642 475 668 De
493 642 599 669 circulis
618 642 738 676 sphwne.

233 708 404 736 Circulorum
424 707 536 742 sphaerae
555 707 600 734 alii
620 712 683 735 sunt
703 706 835 742 paralleli,
852 706 896 732 alii
913 706 981 732 obli-

196 756 255 791 qui,
280 755 326 782 alii
345 763 394 790 per
410 755 487 789 polos
508 755 583 781 ducti
601 764 608 781 :
625 754 747 789 paralleli
762 759 835 785 sunt,
852 753 898 788 qui
919 760 980 780 eos-

197 802 259 830 dem
270 801 370 829 habcut
386 801 463 836 polos
472 808 534 828 cum
550 800 662 828 mundo.
675 800 745 827 Sunt
760 805 848 827 autem
860 799 980 834 quinque

197 849 317 884 paralleli
342 848 448 880 circuli,
466 847 597 878 arcticus,
612 847 723 874 aestivus
740 846 872 881 tropicus,
891 845 980 880 atqui-

196 894 334 926 noctialis,
347 894 478 921 hibernus
489 893 611 928 tropicus
626 896 652 920 et
667 892 846 919 antarcticus.

232 983 356 1011 Arcticus
377 983 497 1010 circulus
519 982 602 1018 igitur
624 986 676 1015 est,
700 981 746 1017 qui
770 981 840 1008 inter
861 981 979 1008 circulos

196 1037 305 1064 semper
326 1032 493 1064 apparentes
515 1033 556 1056 est
580 1028 728 1058 maximus,
756 1031 783 1055 et
810 1027 979 1054 horizontem

197 1076 305 1110 attingit
324 1076 350 1102 in
373 1082 427 1102 uno
445 1078 557 1110 puncto,
571 1078 700 1108 totusque
715 1081 796 1108 supra
815 1077 919 1100 terram
933 1073 980 1101 de-

196 1122 322 1154 snruitur,
337 1121 431 1156 inquo
444 1124 518 1148 astra
531 1121 618 1156 posita
635 1127 723 1155 neque
738 1119 877 1151 occidunt,
893 1126 980 1154 neque

195 1168 333 1199 oriuntur,
352 1166 399 1194 sed
414 1174 461 1201 per
471 1169 555 1192 totam
570 1169 677 1193 noctem
687 1164 760 1192 circa
772 1164 864 1199 polum
879 1163 979 1190 moveri

195 1217 355 1241 cernuntur.
375 1212 424 1240 Hic
441 1212 563 1239 circulus
586 1212 614 1239 in
637 1215 732 1238 nostro
755 1211 820 1238 orbe
837 1211 980 1238 habitabili

195 1261 231 1288 ab
244 1260 380 1287 anteriore
396 1259 463 1294 pede
480 1265 552 1286 ursae
566 1257 680 1292 majoris
698 1256 872 1285 describitur.

229 1389 393 1426 91Estivus
415 1389 538 1423 tropicus
552 1388 679 1424 {circulus
695 1391 748 1419 est,
770 1386 817 1422 qui
840 1386 911 1413 inter
932 1391 979 1411 eos

194 1434 322 1466 cireulos,
338 1435 411 1470 quia
422 1434 479 1462 sole
494 1433 644 1461 secundum
661 1432 754 1459 mundi
771 1430 980 1459 conversionem

194 1479 397 1510 describuntur,
413 1483 456 1505 est
478 1479 597 1505 maxime
612 1477 748 1510 borealis;
764 1484 847 1511 super
864 1482 918 1510 quo
939 1473 979 1501 sol

193 1525 361 1554 constitutus
384 1524 464 1552 ellicit
488 1524 609 1552 :estivam
634 1523 853 1553 conversionem,
877 1521 905 1547 in
925 1527 978 1554 qua

1039 251 1129 287 μέντοι
1141 252 1218 278 τόποι
1234 252 1306 284 τινὲς
1321 253 1366 279 ἐπὶ
1386 253 1436 288 τῆς
1451 254 1512 288 γῆς,
1530 255 1597 281 ὅπου
1618 255 1763 291 συμϐαίνει
1778 257 1824 283 τὸν

1039 298 1088 332 μὲν
1103 298 1166 333 παρ’
1182 299 1247 334 ἡμῖν
1265 299 1345 325 πόλον
1358 299 1402 325 τὸν
1416 299 1459 325 ἀεὶ
1476 300 1590 336 φανερὸν
1607 301 1722 334 ἐκείνοις
1742 302 1825 337 ἀόρα-

1036 351 1082 369 τον
1094 340 1173 375 εἶναι,
1188 343 1233 370 τὸν
1246 344 1274 370 δὲ
1293 344 1358 380 παρ’
1372 344 1438 379 ἡμῖν
1455 344 1570 379 ἀόρατον
1582 344 1696 376 ἐκείνοις
1709 345 1825 380 ςκινερδν

1036 385 1121 414 εἶναι·
1137 389 1182 415 καὶ
1197 389 1277 416 πάλιν
1295 389 1353 416 ἐστι
1365 399 1408 421 τις
1420 390 1502 422 τόπος
1515 391 1561 417 ἐπὶ
1577 391 1626 426 τῆς
1641 391 1702 426 γῆς,
1719 391 1786 418 ὅπου
1798 391 1824 417 ol

1035 433 1082 460 δύο
1095 434 1169 461 πόλοι
1184 435 1284 470 ὁμοίως
1295 435 1341 462 ἐπὶ
1360 435 1406 463 τοῦ
1420 435 1554 471 ὁρίζοντος
1569 438 1681 464 κεῖνται.

1298 576 1494 604 ΚΕΦΑΛΑΙΟΝ
1507 578 1553 614 (ir.

1156 633 1226 668 Περὶ
1250 632 1308 660 τῶν
1325 634 1360 660 ἐν
1376 633 1412 667 τῇ
1434 634 1546 668 σφαίρᾳ
1567 635 1696 662 κύκλων.

1069 702 1128 728 Τῶν
1144 701 1173 727 δὲ
1188 702 1216 727 ὲν
1231 703 1263 736 τῇ
1287 701 1389 737 σφαίρᾳ
1404 701 1510 730 κύκλων
1531 703 1554 729 οἱ
1572 703 1620 738 μέν
1643 704 1697 730 εἰσι
1716 704 1823 736 παράλ-

1033 747 1118 783 ληλοι,
1133 748 1157 773 οἱ
1181 748 1209 774 δὲ
1232 747 1313 780 λοξοὶ,
1329 748 1353 773 οι
1374 748 1402 774 δὲ
1421 748 1466 774 διὰ
1478 748 1531 774 τῶν
1554 750 1660 775 πόλων·
1680 750 1822 785 παράλλη-

1033 794 1072 820 λοι
1096 794 1142 829 μὲν
1163 794 1188 820 οἱ
1210 794 1273 824 τοὺς
1295 794 1393 826 αὐτοὺς
1409 794 1506 826 πόλους
1527 794 1631 829 ἔχοντες
1653 795 1693 830 τῷ
1714 796 1820 831 κόσμῳ.

1033 839 1092 864 Εἰσὶ
1114 838 1142 864 δὲ
1166 838 1332 874 παράλληλοι
1355 838 1448 865 κύκλοι
1472 839 1561 871 πέντε,
1582 840 1722 875 ἀρκτικὸς,
1748 841 1822 876 θερι-

996 889 1017 916 Β
1031 885 1076 916 νὸς
1091 885 1228 920 τροπικὺς,
1247 885 1410 920 ἰσημερινὸς,
1423 886 1575 921 χειμερινὸς
1594 887 1736 921 τροπικδς,
1753 889 1820 914 ἀντ-

1031 931 1171 966 αρκτικός.

1074 976 1214 1012 Ἀρκτικὸς
1239 977 1288 1012 μὲν
1309 975 1356 1003 οὖν
1377 976 1432 1012 (hi)
1457 979 1513 1004 ἐστι
1537 977 1634 1009 κύκλος
1649 978 1664 1003 6
1693 979 1821 1013 μέγιστος

1030 1023 1084 1049 τῶν
1104 1023 1148 1050 ἀεὶ
1170 1023 1363 1059 θεωρουμένων
1384 1024 1501 1056 κύκλων,
1526 1026 1540 1051 6
1561 1025 1749 1060 ἐφαπτόμενος
1772 1027 1821 1052 τοῦ

1030 1070 1165 1104 ὁρίζοντος
1180 1070 1240 1096 καθ’
1256 1070 1286 1097 ἓν
1305 1072 1428 1106 σημεῖον,
1445 1072 1491 1097 καὶ
1510 1071 1570 1102 ὅλος
1593 1071 1661 1107 ὑπὲρ
1682 1072 1735 1106 γῆν
1751 1072 1821 1098 ἀπο-

1030 1115 1261 1150 λαμϐανόμενοςσ,
1280 1117 1308 1143 ὲν
1327 1113 1350 1150 ᾧ
1370 1116 1404 1143 τὰ
1423 1117 1536 1152 κείμενα
1556 1117 1609 1144 τῶν
1624 1118 1733 1153 ἄστρων
1757 1117 1821 1143 οὔτε

1029 1160 1104 1188 δύσιν
1131 1160 1193 1188 οὔτε
1217 1161 1348 1196 ἀνατολὴν
1374 1163 1509 1189 ποιεῖται·
1534 1163 1601 1189 ἀλλὰ
1625 1163 1658 1188 δι’
1681 1163 1746 1198 ὅλης
1767 1163 1822 1197 τῆς

1030 1207 1126 1239 νυκτὸς
1147 1209 1210 1243 περὶ
1232 1208 1278 1235 τὸν
1294 1209 1374 1236 πόλον
1397 1209 1566 1245 στρεφόμενα
1589 1210 1741 1246 θεωρεῖται.
1765 1209 1820 1237 υἷ-

1030 1263 1075 1286 τος
1093 1255 1121 1282 δὲ
1141 1256 1155 1281 6
1179 1255 1278 1286 κύκλος
1303 1255 1360 1291 (15)
1383 1256 1413 1282 ὲν
1436 1257 1469 1291 τῇ
1494 1256 1554 1282 καθ’
1575 1257 1648 1292 ἡμᾶς
1672 1258 1820 1293 οἰκουμένῃ

1031 1300 1083 1326 ὑπὸ
1095 1300 1140 1326 τοῦ
1154 1299 1320 1335 ὲμπροσθίου
1333 1300 1413 1332 ποδὸς
1426 1302 1476 1336 τῆς
1489 1301 1609 1337 μεγάλης
1622 1301 1723 1338 ἄρκτου
1741 1311 1822 1336 περι-

1031 1346 1175 1380 γράφεται.

1065 1391 1173 1426 Θερινὸς
1188 1391 1215 1417 δὲ
1228 1392 1355 1427 τροπικδς
1367 1391 1465 1423 κύκλος
1477 1393 1549 1418 ἐστὶν
1557 1393 1571 1419 6
1585 1392 1753 1428 βορειότατος
1763 1393 1821 1420 τῶν

1031 1437 1082 1463 ὑπὸ
1100 1437 1146 1463 τοῦ
1162 1437 1236 1472 ἡλίου
1251 1438 1430 1473 γραφομένων
1441 1438 1547 1464 κύκλων
1563 1439 1633 1465 κατὰ
1645 1439 1694 1474 τὴν
1708 1438 1755 1465 τοῦ
1771 1440 1820 1466 κό-

1031 1492 1099 1517 σμου
1125 1484 1271 1519 γινομένην
1301 1485 1495 1520 περιστροφὴν,
1518 1485 1560 1519 ἐφ’
1584 1482 1613 1511 οὗ
1636 1486 1783 1520 γενόμενος
1799 1486 1815 1512 6

1029 1528 1104 1564 ἥλιος
1115 1529 1163 1564 τὴν
1180 1529 1287 1565 θερινὴν
1304 1531 1406 1566 τροπὴν
1420 1532 1546 1557 ποιεῖται·
1562 1531 1590 1556 ὲν
1640 1531 1754 1566 μεγὶπη

194 1571 356 1607 longissima
372 1571 401 1597 ﬁt
414 1571 473 1598 dies
486 1572 620 1602 omnium,
637 1578 697 1604 qua:
713 1574 777 1596 sunt
791 1569 818 1595 in
829 1575 911 1598 anno,
925 1574 975 1594 nox

1033 1560 1122 1601 nosibi;
1139 1560 1193 1602 rd»;
1210 1560 1238 1602 εν
1252 1560 1290 1611 τῲ
1304 1560 1417 1612 hvmo-it?)
1436 1577 1537 1612 ἡμέρα,
1551 1560 1720 1612 agitems;
1770 1560 1822 1607 νὺξ

193 1625 260 1645 vero
280 1617 451 1644 brevissima.
470 1616 523 1644 Sed
541 1621 602 1652 post
620 1617 744 1644 mstivam
768 1615 976 1643 conversionem

193 1673 250 1693 non
264 1665 380 1700 amplius
394 1663 428 1691 ad
447 1671 527 1692 ursas
547 1665 589 1691 sol
610 1662 752 1698 accedere:
762 1665 913 1697 spectatur,
929 1660 976 1688 sed

191 1712 227 1740 ad
253 1711 352 1739 alteras
373 1711 465 1738 mundi
488 1715 580 1745 partes
603 1709 735 1741 vertitur,
757 1717 840 1742 quam
865 1708 900 1735 ob
920 1715 977 1735 rem

194 1759 315 1786 circulus
330 1762 443 1786 vocatur
456 1757 591 1791 tropicus,
605 1756 632 1783 id
643 1759 685 1783 est
700 1755 891 1782 convcrsivus.

229 1804 441 1840 [Equinoctialis
456 1808 498 1831 est
519 1802 640 1830 circulus
658 1802 796 1828 maximus
812 1801 883 1827 inter
896 1800 978 1834 quin-

193 1859 246 1886 que
262 1851 417 1886 parallelos,
429 1850 476 1884 qui
492 1849 524 1875 ab
536 1848 677 1875 horizonte
694 1846 835 1881 mqualiter
851 1851 975 1879 secatur;

194 1903 223 1924 ut
239 1898 272 1924 de
286 1905 318 1924 eo
328 1895 518 1924 semicirculus
537 1901 620 1929 supra
637 1897 740 1921 terram
756 1896 892 1924 sumatur,
908 1892 976 1918 alter

193 1951 258 1971 vero
282 1942 472 1971 semicirculus
501 1941 552 1968 sub
571 1940 729 1971 horizonte,
753 1946 835 1973 super
857 1946 910 1973 quo
935 1938 977 1965 sol

193 1990 358 2018 constitutus
373 1988 550 2024 aequinoctia,
560 1987 650 2018 allicit,
675 1994 738 2014 cum
762 1993 888 2017 vernum,
901 1988 976 2024 )tum

192 2038 359 2064 autumnale.

228 2082 364 2109 liibernus
395 2081 516 2116 tropicus
534 2080 667 2116 :circulus
696 2083 739 2107 est
773 2076 897 2114 is,'qui
933 2082 976 2106 est

191 2129 310 2155 maxime
333 2127 463 2154 australis
487 2134 581 2154 eorum
606 2126 782 2158 circulorum,
806 2125 853 2160 qui
880 2133 895 2152 a
916 2125 974 2153 sole

192 2174 343 2201 secundum
367 2173 552 2208 quotidianam
574 2172 668 2199 mundi
693 2172 898 2199 conversionem
927 2171 975 2198 (le-

191 2220 349 2247 scribuntur
364 2229 370 2247 :
389 2219 422 2246 ad
438 2227 517 2254 quem
539 2226 601 2245 cum
620 2219 660 2245 sol
676 2219 809 2254 pervenit,
827 2218 970 2245 hibernam
990 2235 1013 2262 υ

191 2264 271 2293 eﬂicit
285 2264 502 2296 conversionem,
516 2264 543 2291 in
557 2271 609 2298 qua
626 2264 785 2298 longissima
803 2263 831 2290 ﬁt
843 2271 895 2290 nox
911 2270 970 2290 0m-

191 2310 265 2337 nium
280 2317 341 2345 quae
357 2313 422 2337 sunt
437 2309 464 2336 in
479 2316 567 2342 anno;
582 2309 642 2337 dies
651 2316 716 2336 vero
728 2308 899 2336 brevissima.
916 2307 971 2335 Ve-

191 2360 343 2384 rumtamen
364 2359 426 2390 post
450 2355 591 2382 hibernam
612 2355 819 2382 conversionem
839 2361 891 2381 non
913 2361 970 2380 am-

225 2444 281 2477 (H)
305 2443 454 2478 Ὰρκτικὸς
471 2444 530 2478 μὲν
548 2441 613 2471 οὖν.
626 2443 752 2470 Circulus
768 2443 897 2474 arcticus.
915 2450 968 2478 quo

190 2484 296 2508 veteres
315 2480 357 2506 usi
373 2484 446 2511 sunt,
461 2479 539 2513 longe
554 2480 588 2506 ab
603 2483 696 2505 nostro
711 2483 737 2505 et
759 2479 862 2505 usitato
880 2479 969 2505 diver-

190 2523 237 2543 sus
250 2518 302 2542 est.
319 2513 385 2541 Nam
399 2513 437 2540 illi
454 2514 508 2541 τῶν
521 2514 689 2549 ὰειφανερῶν
705 2514 851 2549 maximum
872 2516 971 2540 vocant

189 2551 339 2583 are-ticum,
366 2549 445 2584 cujus
467 2548 667 2576 semidiametcr
691 2552 732 2576 est
756 2548 871 2575 altitudo
896 2549 968 2583 poli,

189 2589 325 2615 centrum,
339 2584 418 2619 polus
431 2585 536 2611 mundi.
554 2584 646 2619 itaque
661 2583 866 2619 proiregiqnum
880 2584 970 2617 positu

188 2621 282 2648 varius
305 2617 364 2651 est,
389 2627 421 2646 ac
442 2620 528 2654 major
553 2617 687 2646 minorve.
710 2617 779 2654 Vide
794 2617 968 2646 Ptolenmum

190 2655 235 2683 lib.
252 2663 283 2688 II,
299 2663 323 2681 ο.
339 2655 369 2688 74,
382 2653 555 2682 Cleomedem
571 2655 619 2681 lib.
637 2663 656 2685 ι,
674 2662 698 2681 c.
713 2653 740 2680 2.

224 2687 280 2726 (15)
302 2687 394 2723 οὗτος
409 2690 472 2726 ὂὲγό
488 2690 609 2726 θιύξιξλῑοςΓ
635 2688 896 2726 Scribitﬁeminus
915 2689 969 2726 cir-

188 2723 278 2753 culum
291 2726 422 2753 arcticum
432 2725 532 2755 ibi,ubi
545 2724 695 2755 habitabat,
709 2723 873 2751 delineatum
885 2723 968 2751 fuisse

189 2761 319 2788 anteriori
342 2761 409 2796 pede
430 2758 644 2796 InajorisrUrsm.
661 2760 746 2796 Igitur
759 2759 793 2785 57
806 2759 847 2786 vel
860 2759 894 2786 58
914 2760 967 2786 cir-

189 2796 258 2831 citer
274 2794 404 2831 gradibus
425 2796 502 2831 polus
520 2795 556 2821 ibi
578 2802 659 2828 supra
678 2794 853 2831 horizontem
878 2802 966 2831 enier-

189 2829 287 2864 gebat,
300 2830 346 2864 qui
362 2834 404 2857 est
419 2829 663 2865 Gracitetracuis.
678 2829 778 2856 Verum
799 2829 868 2856 infra
889 2830 966 2865 longe

190 2863 273 2894 alium
294 2863 375 2894 situm
397 2865 498 2891 indicat
516 2899 518 2901 _
533 2863 598 2891 Nam
619 2865 656 2892 ait
679 2865 812 2897 circulum
831 2863 964 2900 tropicuin

1028 1621 1141 1654 γίνεται.
1160 1621 1238 1648 Μετὰ
1255 1621 1389 1657 ’μέντοιγε
1412 1623 1460 1657 τὴν
1478 1623 1584 1658 θερινὴν
1604 1623 1708 1658 τροπὴν
1726 1623 1821 1651 οὐκέτι

1028 1667 1096 1702 πρὸς
1123 1667 1172 1699 τὰς
1197 1667 1312 1702 ἄρκτους
1344 1669 1498 1704 παροδεύων
1522 1670 1536 1695 ὁ
1561 1669 1634 1704 ἥλιος
1663 1668 1819 1704 Θεωρείται,

1028 1713 1085 1740 ἀλλ’
1101 1713 1147 1740 ἐπὶ
1173 1713 1207 1740 τὰ
1220 1714 1300 1750 ἕτερα
1323 1715 1390 1750 μέρη
1408 1715 1538 1750 τρέπεται
1550 1715 1597 1741 τοῦ
1614 1714 1736 1750 κόσμου·
1754 1715 1791 1742 δι’
1803 1715 1820 1742 5".

1028 1759 1074 1785 καὶ
1088 1760 1218 1796 κέκληται
1235 1761 1374 1795 τροπικός.

1069 1806 1234 1842 ’ἰσημερινὺς
1251 1807 1278 1833 δέ
1298 1808 1355 1834 ἐστι
1379 1807 1478 1840 κύκλος
1495 1808 1509 1834 6
1526 1807 1653 1843 μέγιστος
1667 1807 1720 1834 τῶν
1737 1808 1814 1834 πέντε

1029 1853 1207 1888 παραλλήλων
1221 1853 1338 1883 κύκλων,
1354 1853 1368 1878 6
1383 1853 1608 1888 διχοτομούμενος
1624 1853 1676 1880 ὑπὸ
1691 1853 1738 1879 τοῦ
1758 1855 1818 1888 6p:-

1028 1898 1136 1930 ζοντος”
1151 1898 1220 1925 ὥστε
1235 1899 1395 1934 ἡμικύκλιον
1417 1900 1465 1935 μὲν
1490 1900 1560 1935 ὑπὲρ
1577 1900 1629 1934 γῆν
1648 1900 1814 1935 ἀπολαμϐά-

1028 1944 1129 1976 νεσθαι,
1144 1945 1305 1980 ἡμικύκλιον
1317 1945 1345 1972 δὲ
1361 1945 1412 1971 ὑπὸ
1428 1945 1472 1972 τὸν
1484 1946 1617 1981 όρίζοντα”
1636 1946 1677 1980 ἐφ’
1689 1943 1719 1971 οὗ
1737 1948 1816 1980 γενέ-

1029 1997 1109 2023 μενος
1122 1989 1136 2014 ὁ
1149 1989 1223 2024 ἥλιος
1238 1989 1284 2022 τὰς
1297 1990 1440 2025 ἰσημερίας
1451 1991 1576 2022 ποιεῖται,
1591 1991 1639 2026 τήν
1659 1999 1689 2016 τε
1703 1991 1817 2026 captvi:

1028 2035 1074 2061 καὶ
1088 2035 1138 2069 τὴν
1157 2035 1366 2071 φθινοπωρινήν.

1062 2081 1222 2116 Χειμερινὸς
1237 2081 1265 2107 δὲ
1280 2082 1409 2116 τροπικὸς
1424 2081 1523 2113 κύκλος
1535 2082 1607 2108 ἐστὶν
1622 2082 1636 2108 6
1652 2082 1815 2111 νοτιώτατος

1026 2126 1079 2152 τῶν
1095 2127 1146 2152 ὑπὸ
1156 2126 1202 2152 τοῦ
1213 2127 1287 2162 ἡλίου
1301 2128 1480 2162 γραφομένων
1494 2127 1599 2154 κύκλων
1611 2127 1682 2154 κατὰ
1694 2128 1745 2163 τὴν
1765 2127 1818 2155 ὑπὸ

1025 2173 1071 2199 τοῦ
1090 2173 1190 2207 κόσμου
1213 2173 1360 2207 γενομένην
1376 2174 1575 2208 περιστροφὴν
1596 2173 1637 2206 ἐᾷ
1651 2169 1682 2199 οὗ
1698 2175 1816 2209 γενόμε-

1026 2227 1069 2250 νος
1083 2219 1096 2244 ὁ
1109 2218 1182 2253 ἥλιος
1204 2218 1251 2254 τὴν
1277 2219 1433 2254 χειμερινὴν
1449 2219 1550 2254 τροπὴν
1564 2220 1693 2251 ποιεῖται,
1711 2220 1742 2246 ἐν
1799 2221 1816 2255 ἡ

1027 2265 1141 2300 μεγίστη
1158 2264 1206 2299 μὲν
1222 2264 1315 2290 πασῶν
1329 2264 1382 2290 τῶν
1398 2265 1426 2290 ὲν
1441 2264 1480 2299 τῷ
1493 2264 1608 2298 ἐνιαυτῷ
1619 2264 1668 2296 νὺξ
1680 2265 1816 2291 ἐπιτελεῖν

1024 2319 1078 2343 ται,
1096 2310 1224 2346 ἐλαχίστη
1249 2310 1277 2336 δὲ
1301 2311 1400 2346 ἡμέρα.
1417 2310 1493 2337 Μετὰ
1516 2311 1637 2346 μέντοιγε
1652 2311 1702 2346 τὴν
1719 2320 1814 2347 χειμε-

1024 2356 1100 2392 ρινὴν
1123 2356 1226 2392 τροπὴν
1242 2356 1332 2383 οὐκέτι
1349 2356 1416 2391 πρὸς
1439 2356 1610 2392 μεσημϐρίαν
1627 2357 1785 2392 παροδεύων
1800 2359 1813 2384 6

1023 2446 1079 2473 illic
1094 2445 1128 2472 ab
1141 2445 1285 2472 horizonte
1301 2445 1337 2470 ita
1353 2444 1448 2477 dividi,
1463 2448 1492 2470 ut
1512 2444 1560 2471 illo
1580 2444 1607 2471 in
1631 2448 1695 2471 octo
1719 2452 1810 2480 partes

1022 2480 1120 2512 diviso,
1137 2481 1257 2514 quinque
1271 2487 1364 2518 supra,
1383 2480 1529 2518 tres__iI:{ra_
1541 2480 1750 2507 contineantur.
1774 2481 1811 2518 Eg

1022 2524 1075 2550 quo
1088 2523 1258 2550 consequens
1273 2515 1417 2541 maximam
1430 2514 1501 2541 diem
1523 2515 1651 2540 horarum
1676 2523 1740 2542 esse
1757 2514 1810 2543 cir-

1021 2552 1088 2577 citer
1101 2552 1143 2582 ξίν,
1155 2555 1182 2577 et
1192 2551 1289 2578 elevari
1301 2551 1391 2586 polum
1403 2550 1533 2586 gradibus
1543 2557 1597 2586 xei.
1608 2550 1708 2586 Aratus
1720 2551 1753 2578 ad
1765 2559 1810 2586 po-

1022 2587 1161 2614 steriorem
1190 2586 1251 2613 cmli
1276 2584 1414 2619 positum,
1428 2585 1476 2618 qui
1502 2589 1543 2612 est
1568 2584 1773 2617 Macedoniaef
1786 2593 1811 2614 et

1021 2620 1204 2655 Hellesponti,
1231 2621 1404 2655 phamomena
1432 2627 1481 2647 sua
1514 2621 1706 2656 comparavit,
1732 2621 1809 2656 cujus

1019 2660 1182 2683 auctoritate
1196 2656 1270 2682 ducti
1288 2663 1356 2689 pene
1370 2662 1474 2685 omnes,
1486 2655 1531 2689 qui
1547 2655 1580 2681 de
1591 2655 1700 2688 splnera
1717 2655 1807 2689 postea

1020 2691 1198 2726 scripserunt,
1213 2691 1335 2717 eamdem
1348 2690 1401 2724 poli
1413 2690 1591 2726 elevationem
1605 2691 1806 2718 adhibuerunt:

1018 2726 1171 2760 cujusmodi
1198 2728 1310 2760 sphaerre
1333 2726 1440 2752 Arateze
1463 2725 1516 2752 dici
1535 2730 1716 2760 meruerunt;
1747 2734 1805 2753 cum

1019 2761 1153 2788 Eudoscm
1169 2759 1222 2788 non
1239 2761 1330 2787 minus
1344 2760 1473 2794 appellari
1489 2760 1637 2794 potuerint.
1651 2759 1679 2786 Si
1697 2761 1804 2795 quidem

1018 2796 1158 2822 Eudoxum
1183 2797 1208 2822 in
1231 2796 1358 2822 omnibus
1381 2796 1480 2822 Aratus
1494 2795 1640 2830 expressit.
1663 2794 1806 2830 Lefzendns

1017 2835 1146 2865 praiterea
1163 2831 1293 2858 Leontius
1316 2830 1499 2863 licchanicus,
1512 2834 1539 2857 et
1560 2830 1684 2858 Achilles
1711 2830 1805 2858 Tatius

988 2904 1000 2914 .
1019 2866 1151 2901 Isagoges,
1172 2875 1195 2893 c.
1214 2867 1257 2893 25:.
