1902 3143
88 147 91 148 ⁷
104 139 158 167 775

633 137 751 166 GEMINI
769 137 878 166 ELEME

938 139 955 166 Α
974 137 1221 166 ΑδτιιοΝοΜιΑε.
1673 139 1725 167 ττι

102 196 178 233 ἥλιος
199 195 351 231 θεωρεῖται,
365 195 422 222 ἀλλ’
444 195 490 222 ἐπὶ
511 195 545 222 τὰ
563 195 646 231 ἕτερα
673 197 742 232 μέρη
763 196 878 232 τρέπετα

945 196 1016 232 plius
1035 196 1158 224 cernitur
1182 196 1222 223 sol
1243 203 1340 224 versus
1354 195 1493 224 meridiem
1516 195 1655 229 accedere,
1676 197 1724 225 sed

103 241 151 269 τοῦ
164 240 266 276 κόσμου
277 248 283 255 ⁸
301 238 340 266 δι”
351 239 365 266 ὃ
380 239 510 274 κέκληται
531 239 577 266 καὶ
592 235 668 271 οὗτος
681 240 820 275 τροπικός.

145 327 338 363 Ἀνταρκτικὺς
351 327 379 353 δέ
399 328 457 354 ἐστι
472 327 571 359 κύκλος
584 328 641 359 ῐσος
656 328 704 354 καὶ
718 328 890 364 παράλληλος

99 374 143 410 τῷ
158 373 292 410 ἁρκτικῷ,
308 373 354 400 καὶ
370 374 556 409 ἐφαπτόμενος
573 373 619 400 τοῦ
634 374 769 410 ὁρίζοντος
785 373 844 400 καθ’
860 374 890 400 ἓν

101 422 227 456 σημεῖον.
243 421 291 447 καὶ
313 420 372 452 ὅλος
389 420 441 446 ὑπὸ
457 421 507 455 γῆν
522 420 781 455 ἁπολαμὸανὸμενος
791 428 797 434 ·
818 421 847 446 ὲν
867 417 889 454 ᾧ

98 467 137 494 τὰ
161 467 274 503 κείμενα
306 467 360 493 τῶν
382 466 488 502 ἄστρων
521 467 564 494 διὰ
598 467 697 498 παντὸς
725 467 792 502 ἡμῖν
815 467 889 493 ἐστιν

99 511 216 548 ἀόρατα.
258 504 302 512 J-

142 558 159 584 Γ
161 558 199 584 ῶν
211 557 240 584 δὲ
256 557 462 593 προειρημένων
476 557 530 593 (16)
545 557 624 584 πέντε
638 557 744 584 κύκλων
762 557 888 593 μέγιστος

100 602 152 638 μὲν
168 603 182 628 ό
196 602 359 637 ἰσημερινός
371 601 433 637 ἑξῆς
447 601 474 627 δὲ
488 603 544 632 τοῖς
557 601 700 636 μεγέθεσιν
713 601 737 626 οἱ
751 601 886 636 τροπικοι·

96 647 237 681 ἐλάχιστοι
256 647 284 673 δὲ
299 646 336 678 ὡς
356 646 423 682 πρὸς
443 645 579 681 ἡμετέραν
594 646 698 681 οἴκησιν
712 646 736 672 οἱ
751 645 886 680 ἀρκτικοί.

135 694 253 726 Τούτους
275 693 303 720 δὲ
320 694 382 724 τοὺς
403 693 518 724 κύκλους
537 692 576 718 δεῖ
590 693 659 718 νοεῖν
675 691 803 723 ἀπλατεῖς
817 691 888 727 λόγῳ

96 740 266 775 θεωρητοὺς,
284 740 316 766 ὲκ
332 740 379 774 τῆς
389 738 443 765 τῶν
459 739 564 773 ἄστρων
580 737 689 770 θέσεως,
705 738 751 764 καὶ
765 737 816 773 τῆς
834 738 887 765 τῶν

95 787 235 822 διόπτρων
249 785 375 821 θεωρίας,
396 785 442 811 καὶ
457 785 505 820 τῆς
521 784 658 819 ἡμετέρας
670 785 789 815 ἐπινοίας
799 784 888 810 διατυ-

95 831 262 867 πουμένους.
272 832 359 862 Μόνος
373 831 427 867 γὰρ
441 831 469 857 ὲν
483 830 522 866 τῷ
535 831 630 866 κόσμῳ
644 831 741 862 κύκλος
752 830 809 857 ἐστὶ
821 830 887 857 θεω-

94 876 183 913 ρητὸς
199 877 213 902 ὸ
230 875 276 902 τοῦ
291 875 439 910 γάλακτος·
455 875 480 901 οἱ
493 874 521 901 δὲ
537 874 625 901 λοιποὶ
636 875 707 910 λόγῳ
719 874 772 900 εἰσὶ
783 873 886 909 θεωρη-

93 925 150 951 τοί.

133 969 220 997 Πέντε
251 969 278 996 δὲ
303 969 469 1005 παράλληλοι
493 968 573 1004 μόνον
597 967 817 1003 καταγράφονται
838 966 886 992 κύ-

93 1015 158 1042 κλοι
175 1016 215 1046 εἰς
228 1015 278 1050 τὴν
293 1016 420 1051 σφαῖραν,
435 1014 464 1040 ού
479 1013 523 1040 διὰ
536 1014 566 1040 τὺ
581 1013 660 1048 μόνον
680 1012 788 1043 τούτους
805 1012 834 1037 ἐν
847 1010 885 1046 τῷ

93 1062 196 1096 κόσμῳ
212 1061 398 1097 παραλλήλους
410 1059 488 1087 εἷναι.
508 1060 536 1086 '0
546 1059 599 1095 γὰρ
609 1059 683 1094 ἣλιος
695 1058 755 1085 καθ’
768 1057 885 1092 ἑκάστην

93 1108 206 1143 ἡμέραν
225 1107 262 1138 ὡς
282 1108 349 1143 πρὸς
372 1106 497 1142 αῐσθησιν
511 1105 608 1132 κύκλον
623 1104 792 1140 παράλληλον
807 1112 885 1138 περι-

94 1154 244 1189 στρέφεται
267 1153 306 1188 τῷ
331 1152 479 1188 ἰσημερινῷ
505 1151 574 1178 κατὰ
597 1151 645 1186 τὴν
660 1151 706 1176 ἐπὶ
720 1150 766 1177 τοῦ
782 1150 884 1185 κόσμου

91 1199 247 1234 γενομένην
261 1199 445 1234 περιστροφὴν
455 1206 461 1212 ·
480 1197 549 1223 ὥστε
567 1196 666 1231 μεταξῦ
681 1195 735 1222 τῶν
749 1195 885 1231 τροπικῶν

92 1245 206 1273 κύκλων
223 1244 265 1280 pr.’
281 1244 320 1275 δὶς
334 1243 450 1275 κύκλους
471 1242 660 1278 παραλλήλους
672 1241 824 1277 γράφεσθαι
834 1242 886 1268 ὑπὸ

90 1291 144 1318 τοῦ
164 1290 240 1326 ἡλίου
251 1298 258 1305 ³
273 1289 401 1317 τοσαῦται
414 1289 468 1325 γὰρ
481 1288 583 1325 ἡμέραι
598 1288 665 1314 εἰσιν
677 1288 703 1314 αἱ
719 1287 817 1323 μεταξὺ
831 1287 885 1314 τῶν

89 1336 216 1372 τροπῶν.

128 1383 262 1418 Φέρονται
287 1382 315 1408 δὲ
337 1381 383 1408 καὶ
409 1381 507 1412 πάντες
520 1380 544 1406 οἱ
557 1379 672 1415 ἀστέρες
687 1379 733 1406 ἐπὶ
747 1378 885 1414 παραλλή-

86 1428 150 1454 λων
168 1427 275 1454 κύκλων
295 1426 354 1453 καθ’
370 1427 486 1461 ἑκάστην
498 1425 614 1461 ἡμέραν.
638 1424 883 1459 Συγκαταγράφον-

88 1484 139 1502 ται
151 1474 181 1500 δὲ
197 1471 268 1501 οὗτοι
284 1474 383 1501 πάντες
396 1474 435 1504 εἱς
448 1473 496 1508 τὴν
507 1473 634 1507 σφαῖραν,
652 1471 695 1497 διὰ
711 1471 740 1496 τὸ
756 1470 822 1505 πρὸς
835 1469 885 1504 μὲν

90 1518 179 1548 ἄλλας
195 1517 382 1552 πραγματείας
394 1517 448 1542 τῶν
462 1518 489 1542 ἐν
501 1517 534 1551 τῇ
545 1515 706 1551 ἀστρολογίᾳ
718 1515 803 1541 πολλὰ
815 1524 845 1541 συ
851 1525 884 1550 μ-

89 1561 242 1590 εάλ.λεσθαι
252 1571 258 1576 ·
274 1561 333 1588 οὐδὲ
347 1562 400 1596 γὰρ
412 1560 657 1596 καταστερισθῆναι
671 1560 781 1587 δυνατὸν
793 1561 882 1592 καλῶς

89 1608 141 1643 τὴν
156 1608 275 1642 σφαῖραν
288 1607 351 1634 ἄνευ
368 1607 475 1633 πάντων
494 1607 547 1632 τῶν
570 1606 747 1642 παραλλήλων
765 1606 882 1638 κύκλων,

90 1653 153 1680 die
169 1653 205 1679 τὰ
221 1652 322 1688 μεγέθη
337 1653 390 1679 τῶν
402 1653 505 1680 νυκτῶν
518 1653 627 1679 καὶτῶν
638 1653 748 1688 ἡμερῶν
763 1653 883 1689 ἀκριϐῶς

89 1698 241 1736 εὑρεθῆναι
273 1698 334 1724 ἄνευ
362 1697 416 1724 τῶν
443 1698 649 1733 προειρημένων
671 1697 793 1724 κύκλων·
816 1697 883 1733 πρὸς

91 1744 223 1780 μέντοιγε
245 1744 293 1779 τὴν
316 1744 427 1779 πρώτην
451 1745 604 1780 εἰσαγωγὴν
629 1745 678 1780 τῆς
705 1745 883 1780 ἀστρολογίας

89 1790 169 1817 οὐδὲν
187 1789 360 1824 ἀποτέλεσμα
377 1790 602 1826 προσφερόμενοι,
617 1791 648 1816 ού
662 1791 882 1826 καταγράφονται

88 1837 120 1863 ὲν
134 1837 169 1872 τῇ
188 1836 299 1872 σφαίρᾳ.
315 1836 345 1863 Οἰ
358 1836 386 1862 δὲ
403 1836 482 1862 πέντε
498 1836 664 1872 παράλληλοι
678 1836 783 1868 κύκλοι,
796 1836 840 1864 διὰ
853 1837 884 1863 τὸ

90 1883 306 1918 ἀποτελέσματα
315 1891 375 1909 τινα
390 1883 591 1918 προσφέρεσθαι
601 1883 766 1918 διωρισμένα
781 1884 820 1914 εἰς
833 1883 883 1918 τὴν

91 1928 208 1965 πρώτην
216 1928 368 1963 εἰσαγωγὴν
375 1929 422 1963 τῆς
431 1928 618 1964 ἀστρολογίας,
625 1928 835 1964 κατεγράφησαν
844 1929 883 1960 εἰς

90 1975 141 2010 τὴν
158 1976 288 2010 σφαῖραν.
297 1975 325 2000 Ὀ
341 1975 387 2009 μὲν
401 1974 454 2009 γὰρ
463 1974 591 2010 ἀρκτικὸς
605 1974 702 2006 κύκλος
712 1973 836 2010 ἀφορίζει
848 1974 883 2000 τὰ

91 2021 135 2047 ἀεὶ
154 2019 330 2055 θεωρούμενα
353 2020 407 2046 τῶν
426 2019 549 2055 ἄστρων·
565 2021 579 2046 ό
593 2020 620 2046 δὲ
635 2019 738 2055 θερινὸς
754 2019 882 2054 τροπικδς

92 2065 194 2096 κύκλος
211 2064 259 2099 τὴν
273 2064 375 2099 τροπὴν
390 2063 519 2099 περιέχει,
533 2064 578 2090 καὶ
602 2064 686 2099 πέρας
703 2063 761 2090 ἐστὶ
775 2065 822 2100 τῆς
835 2064 881 2090 τοῦ

90 2111 170 2147 ἡλίου
190 2110 257 2145 πρὸς
275 2110 374 2145 ἄρκτον
390 2110 563 2144 μεταὸάσεως
573 2118 579 2124 ⁸
595 2110 609 2135 ὁ
621 2109 649 2136 δὲ
665 2109 819 2144 ἰσημερινὸς
834 2109 882 2135 κύ-

92 2156 157 2187 κλος
172 2154 223 2185 τὰς
239 2154 382 2189 ἰσημερίας
397 2154 533 2189 περιέχει·
550 2155 564 2180 ὁ
578 2153 605 2180 δὲ
624 2154 776 2190 χειμερινὸς
792 2163 881 2190 τροπι-

944 249 1042 270 rursus
1068 241 1101 268 ad
1129 241 1268 276 oppositas
1301 240 1396 268 mundi
1421 244 1511 275 partes
1535 241 1723 274 convertitur,

940 287 1055 322 ideoque
1069 287 1161 314 dictus
1173 290 1215 314 est
1234 287 1278 314 uic
1291 286 1411 313 circulus
1427 285 1558 321 tropicus.

974 332 1150 360 Anlarcticus
1172 333 1293 359 circulus
1319 337 1360 360 est
1385 333 1498 367 aequalis
1521 336 1549 359 et
1575 332 1723 367 parallelos

939 378 1042 405 circulo
1059 378 1172 410 arctico,
1191 382 1219 405 et
1233 377 1369 412 attingens
1388 378 1556 406 horizontem
1570 378 1721 414 in.puncto,

939 427 1067 458 totusque
1088 423 1159 453 infra
1183 427 1286 450 terram
1312 424 1489 458 desumptus;
1512 424 1541 451 in
1564 432 1619 459 quo
1634 426 1722 460 posita

939 473 1013 496 astra
1027 476 1137 504 semper
1151 469 1232 496 nobis
1249 472 1314 496 sunt
1327 469 1485 496 invisibilia.

973 545 1047 573 Inter
1069 545 1189 574 circulos
1215 546 1360 581 praedictos
1376 546 1513 575 maximus
1536 550 1578 574 est
1600 547 1723 582 aequino-

938 592 1046 625 ctialis;
1066 592 1183 626 proximi
1196 591 1287 626 quoad
1306 592 1506 627 magnitudines
1528 596 1592 620 sunt
1605 593 1702 627 tropici
1717 601 1722 607 '

938 638 1044 665 minimi
1056 645 1131 670 vero,
1147 637 1236 672 quoad
1253 642 1375 665 nostram
1389 638 1596 670 habitationem,
1614 638 1708 665 arctici

973 683 1028 712 llos
1043 688 1133 711 autem
1151 685 1280 715 circulos,
1295 692 1357 711 eum
1378 685 1432 712 sint
1450 685 1603 712 latitudinis
1626 693 1709 720 cxper

938 733 989 761 tes,
1001 734 1028 757 et
1042 731 1148 758 ratione
1161 731 1338 765 spectabiles,
1361 736 1451 758 mente
1465 735 1571 766 oportet
1586 731 1719 766 cogitare,

937 775 984 809 qui
997 783 1029 802 ex
1045 779 1182 803 astrorum
1195 777 1286 811 positu
1298 780 1325 803 et
1342 777 1511 812 dioptrorum
1524 777 1709 811 speculatione

937 828 964 851 et
978 829 1072 852 nostra
1089 825 1254 859 cogitatione
1276 824 1480 851 describuntur.
1500 822 1582 850 Solus
1603 823 1675 850 enim
1693 824 1718 851 in

902 868 923 895 B
937 871 1037 897 mundo
1050 871 1167 898 visibilis
1183 874 1226 898 est
1240 870 1361 897 circulus
1375 870 1418 897 via
1436 870 1541 903 lactea;
1562 870 1659 905 reliqui
1675 877 1705 896 ra

936 916 1009 943 tione
1022 920 1084 943 sunt
1098 917 1271 950 spectabiles.
1583 947 1586 950 _

971 961 1074 988 Circuli
1095 969 1158 988 vero
1170 962 1293 996 paralleli
1310 965 1416 988 tantum
1433 961 1553 996 quinque;
1570 961 1598 988 in
1614 961 1719 996 sphaera

936 1007 1149 1041 describunturl
1175 1008 1248 1042 quod
1275 1016 1329 1035 non
1355 1013 1498 1043 propterea
1525 1007 1553 1035 lit
1584 1009 1662 1043 quasi
1692 1009 1719 1036 in

935 1054 1038 1080 mundo
1053 1057 1158 1080 tantum
1179 1054 1206 1081 hi
1221 1058 1314 1082 essent
1336 1055 1469 1090 paralleli.
1490 1055 1557 1082 Nam
1574 1055 1613 1083 sol
1633 1056 1722 1090 quoti<

936 1100 990 1131 die,
1007 1101 1097 1135 quoad
1119 1109 1242 1132 sensum.
1259 1101 1392 1129 describit
1410 1103 1544 1130 circulum
1558 1104 1719 1138 parall'elum

935 1146 1119 1180 aequinoctiali
1145 1147 1294 1174 secundum
1320 1147 1414 1174 mundi
1433 1148 1648 1176 revolutionem:
1666 1149 1719 1175 ila-

935 1199 988 1226 que
1003 1192 1073 1218 inter
1089 1192 1209 1226 tropicos
1228 1192 1347 1220 circulos
1360 1193 1481 1227 paralleli
1497 1195 1592 1221 circuli
1613 1194 1655 1222 bis
1669 1195 1720 1222 l80

935 1245 951 1265 a
966 1237 1023 1265 sole
1038 1238 1247 1272 describuntur;
1263 1242 1303 1265 tot
1322 1240 1395 1266 enim
1409 1239 1468 1266 dies
1486 1244 1549 1267 sunt
1569 1240 1640 1268 inter
1650 1248 1718 1268 con-

935 1291 1086 1311 νει-ειοηεε.

968 1372 1106 1400 Feruntur
1119 1373 1200 1401 etiam
1220 1381 1316 1401 omnes
1329 1375 1413 1402 stella:
1430 1375 1457 1401 in
1474 1374 1585 1402 circulis
1602 1375 1719 1408 paralle-

934 1418 968 1446 lis
985 1419 1115 1454 quotidie.
1133 1419 1324 1447 Verumtamen
1343 1428 1395 1447 non
1413 1429 1506 1447 omnes
1522 1421 1616 1447 circuli
1630 1423 1719 1456 paral-

934 1465 978 1492 leli
990 1465 1018 1492 in
1038 1465 1142 1500 sphaera
1158 1465 1362 1499 chcribnntur,
1375 1466 1456 1501 idque
1474 1472 1625 1501 propterea.
1644 1467 1717 1502 quod

934 1510 967 1537 ad
991 1511 1059 1538 alios
1085 1511 1193 1546 quidem
1217 1516 1351 1538 tractatus
1379 1512 1579 1539 astronomicos
1603 1513 1718 1540 multum

935 1556 1099 1588 conducant,
1111 1564 1164 1584 non
1182 1558 1254 1584 enim
1268 1557 1397 1592 possibile
1407 1563 1488 1589 esset,
1502 1558 1594 1586 stellas
1606 1564 1679 1586 ri-cte
1690 1559 1718 1587 in

934 1602 1042 1636 globum
1060 1603 1229 1630 materialem
1252 1605 1355 1631 referre
1379 1604 1439 1631 sine
1455 1604 1582 1632 omnibus
1606 1605 1718 1633 circulis

934 1648 1070 1682 parallelis
1085 1658 1090 1675 :
1107 1657 1194 1683 neque
1213 1650 1414 1684 magnitudines
1432 1651 1537 1678 dierum
1551 1657 1577 1678 et
1596 1653 1717 1679 noctium

934 1698 1062 1720 accurate
1079 1694 1195 1721 inveniri
1212 1695 1271 1722 sine
1285 1696 1422 1730 prredictis
1436 1697 1547 1724 circulis
1560 1698 1717 1731 parallclis;

934 1739 992 1772 sed,
1009 1748 1070 1766 cum
1080 1740 1113 1767 ad
1125 1741 1240 1775 primam
1251 1741 1426 1769 astronomia?
1442 1743 1641 1770 institutionem
1657 1744 1718 1770 uul-

933 1785 988 1812 lum
1009 1786 1222 1814 emolumentum
1247 1787 1372 1820 afferant,
1399 1796 1453 1815 non
1476 1789 1669 1817 describuntur
1688 1790 1716 1817 in

934 1833 1039 1868 sphzrra
1052 1842 1058 1859 :
1070 1837 1098 1860 at
1112 1834 1232 1868 quinque
1247 1835 1369 1870 paralleli
1388 1835 1495 1867 circuli,
1508 1843 1541 1862 eo
1556 1837 1627 1870 quod
1640 1839 1716 1864 certa

934 1879 1056 1914 quaedam
1075 1881 1258 1907 emolumenta
1273 1881 1305 1907 ad
1323 1881 1437 1915 primam
1451 1882 1625 1908 astronomia
1639 1882 1704 1909 insti

933 1925 1065 1951 tutionem
1081 1924 1204 1956 allerant,
1222 1925 1248 1952 iu
1267 1925 1371 1960 sphaera
1386 1930 1450 1953 sunt
1464 1926 1604 1960 descripti.
1624 1927 1716 1954 Arcti-

933 1978 983 1998 cus
1004 1970 1076 1997 enim
1092 1970 1212 1997 circulus
1228 1974 1301 1997 astra
1325 1978 1433 2005 semper
1450 1973 1608 2006 apparentia
1622 1972 1714 1999 deter-

933 2016 1037 2048 minat;
1055 2016 1165 2043 aestivus
1181 2016 1304 2051 tropicus
1320 2017 1442 2045 circulus
1457 2018 1579 2044 aestivam
1600 2026 1716 2045 conver-

933 2063 1037 2090 sionem
1053 2064 1183 2094 continet,
1196 2067 1222 2090 ct
1237 2063 1315 2091 limes
1328 2068 1370 2090 cst
1391 2064 1523 2091 transitus
1536 2065 1602 2091 solES
1618 2072 1714 2093 versus

933 2107 1143 2143 scptentiionem
1154 2117 1161 2140 ;
1174 2109 1372 2143 aequinoctialis
1386 2109 1505 2136 circulus
1517 2114 1616 2144 puncta
1630 2112 1714 2146 requi-

932 2154 1060 2181 noctialia
1074 2154 1212 2187 continet;
1234 2153 1364 2181 hibernus
1380 2155 1502 2189 tropicus
1519 2155 1639 2183 circulus
1660 2161 1714 2183 ter-

92 2202 140 2234 κὺς
156 2201 256 2232 κύκλος
269 2201 358 2236 τέρμα
371 2201 428 2227 ἐστὶ
443 2202 492 2235 τῆς
503 2201 570 2236 πρὸς
582 2201 753 2236 μεσημϐρίαν
768 2201 878 2237 προόδου

938 2199 1023 2226 minus
1047 2205 1090 2226 est
1112 2206 1274 2234 progressus
1299 2200 1365 2228 solis
1389 2207 1485 2228 versus
1507 2201 1666 2233 meridiem,
1687 2206 1715 2230 et

92 2247 139 2274 ἐπὶ
164 2247 242 2282 ἡλίῳ,
260 2247 306 2273 καὶ
327 2247 375 2282 τὴν
390 2247 546 2282 χειμερινὴν
559 2247 661 2282 τροπὴν
679 2246 809 2282 περιέχει·
827 2248 840 2273 ό
852 2247 880 2273 δὲ

93 2292 276 2328 ἀνταρκτικὸς
295 2292 392 2323 κύκλος
405 2292 439 2318 τὰ
453 2291 490 2327 μὴ
505 2292 678 2327 θεωρούμενα
697 2292 750 2318 τῶν
774 2293 881 2327 ἄστρων

93 2337 231 2374 ἀψορίζει.
259 2338 386 2372 Ἔχοντες
410 2335 455 2364 οὖν
475 2337 610 2372 κεφάλαια
629 2338 675 2364 καὶ
694 2337 880 2372 ἀποτελέσμα-

93 2392 128 2410 τα
154 2383 298 2418 ὡρισμένα
321 2383 389 2418 πρὸς
417 2383 466 2418 τὴν
493 2383 645 2418 εἰσαγωγὴν
681 2383 730 2417 τῆς
755 2382 881 2417 ἀστρολο⁴

93 2429 169 2463 γιας,
183 2428 301 2462 εὐλόγως
316 2429 527 2463 κατεγράφησαν
544 2429 583 2460 εἰς
595 2428 644 2464 τὴν
660 2430 786 2463 σφαῖραν.

129 2473 194 2501 τῶν
209 2473 238 2500 δὲ
254 2473 458 2509 προειρημένων
482 2474 561 2509 πέντε
580 2473 758 2509 παραλλήλων
773 2473 880 2500 κύκλων

93 2521 109 2548 ό
122 2521 175 2556 μὲν
187 2519 315 2556 ἀρκτικὸς
325 2519 422 2550 κύκλος
432 2519 491 2551 ὅλος
502 2519 571 2556 ὑπὲρ
584 2521 635 2555 γῆν
649 2518 878 2554 ἁπολαμΰάνεται,

130 2596 188 2632 (16)
218 2595 280 2624 Τῶν
311 2596 345 2623 δὲ
372 2596 600 2631 προειρημένων.
631 2596 825 2624 Parallelorum
852 2597 878 2623 in

93 2633 203 2667 sphaera
219 2632 354 2659 maximus
367 2637 409 2660 est
423 2633 637 2666 arquiuoetialis;
652 2637 810 2659 cancrorum
826 2639 880 2665 quo

95 2668 213 2701 quisque
226 2667 333 2701 longius
350 2668 383 2693 ab
396 2667 440 2694 illo
452 2667 563 2696 recedit.
579 2675 611 2694 eo
626 2672 667 2694 est
683 2667 782 2693 minor.
798 2667 877 2694 Itatio

96 2710 173 2733 vero.
193 2709 275 2736 quant
293 2702 393 2729 habent
407 2703 526 2729 minores
538 2702 570 2728 ad
586 2703 743 2734 maximum,
764 2703 877 2728 investi-

96 2742 176 2770 gatur
189 2735 222 2764 ea
242 2737 382 2773 methodo,
395 2745 475 2772 quam
498 2738 636 2771 attigimus
654 2737 786 2773 libi-om,
796 2735 874 2769 Nam,

97 2777 124 2798 ut
138 2777 181 2799 est
201 2772 296 2798 radius
313 2772 346 2798 ad
367 2772 456 2799 Sinum
468 2773 657 2806 complemenli
678 2772 812 2798 distantia:
830 2779 877 2806 pa-

96 2807 182 2841 ralleli
196 2807 360 2839 cujuslibet,
378 2807 414 2833 ita
435 2807 632 2840 :rqninoctialis
648 2807 681 2833 ad
704 2808 875 2841 parallelum.

95 2839 161 2870 Esto
176 2844 297 2873 tropicus
311 2843 419 2870 aestivus
431 2839 560 2875 gradibus
572 2842 605 2868 ει
618 2839 722 2870 distans
736 2843 769 2870 ab
785 2849 876 2877 mqua-

931 2245 1072 2272 hibernam
1086 2246 1294 2273 conversionem
1315 2247 1456 2278 continet;
1475 2249 1643 2276 antarcticus
1658 2249 1715 2276 cir-

932 2291 1009 2318 culus
1027 2295 1101 2318 astra
1118 2299 1172 2318 non
1190 2292 1348 2326 apparentia
1371 2292 1545 2320 determinat.
1571 2294 1640 2322 Cum
1661 2295 1713 2330 igi-

931 2341 976 2364 tur
992 2337 1109 2364 habeant
1120 2341 1195 2364 certa
1210 2337 1299 2372 capita
1313 2342 1339 2365 et
1353 2339 1535 2366 emolumenta
1550 2339 1583 2367 ad
1599 2339 1714 2366 institu-

930 2383 1031 2409 tionem
1044 2383 1227 2416 astronomize,
1240 2391 1295 2410 nou
1309 2383 1368 2411 sine
1382 2384 1488 2412 ratione
1504 2385 1634 2420 descripti
1649 2389 1714 2413 sunt

931 2429 957 2455 in
968 2429 1084 2462 sphzcra.

946 2506 948 2509 _
966 2474 1038 2502 Inter
1052 2475 1173 2509 quinque
1199 2475 1342 2509 praedictos
1360 2476 1505 2510 parallelos
1520 2476 1650 2507 circulos,
1668 2482 1713 2502 ar-

931 2521 1018 2549 cticus
1032 2521 1153 2549 circulus
1172 2525 1248 2550 totus
1263 2530 1346 2557 supra
1361 2523 1530 2550 horizontem
1546 2522 1710 2550 desumitur.

931 2601 1008 2628 tore;
1027 2597 1253 2632 complementum
1273 2590 1407 2625 distantiae
1420 2602 1461 2626 est
1476 2597 1552 2632 grad.
1570 2596 1614 2628 60,
1634 2596 1711 2629 cuius

931 2632 1007 2659 sinus
1027 2632 1124 2659 91555.
1145 2632 1228 2666 Igitur
1246 2640 1275 2659 ea
1300 2634 1440 2667 proportio
1453 2637 1494 2659 est
1512 2632 1710 2667 aequinoctialis

931 2667 963 2693 ad
978 2667 1122 2701 tropicum,
1143 2676 1203 2700 qum
1218 2672 1259 2695 est
1271 2668 1378 2695 100000
1391 2668 1423 2694 ad
1439 2667 1537 2697 91555,
1555 2668 1606 2694 hoc
1621 2670 1663 2693 est
1677 2667 1711 2694 10

931 2702 964 2728 ad
978 2704 994 2729 9
1015 2701 1194 2742 circiter._‘l_ta
1212 2703 1332 2742 circulus
1350 2702 1562 2742 arcticushnrati
1580 2701 1663 2742 distat
1677 2701 1711 2728 ab

930 2738 1212 2777 aequatore‘graililms
1226 2737 1271 2768 49,
1288 2746 1302 2764 a
1317 2739 1391 2772 polo,
1408 2737 1454 2764 Al.
1475 2736 1557 2764 Sinus
1575 2736 1711 2778 graduum

930 2772 960 2798 41
981 2778 1022 2798 est
1043 2772 1139 2800 754Ἱ1.
1162 2772 1278 2800 l’roimle
1298 2773 1335 2798 ita
1357 2781 1387 2800 so
1410 2773 1490 2799 habet
1513 2771 1713 2806 aequinoctialla

930 2807 964 2833 ad
981 2808 1112 2834 circulum
1136 2808 1207 2834 hunc
1227 2807 1358 2834 arcticum
1377 2808 1417 2834 uti
1439 2807 1544 2834 100000
1560 2806 1592 2832 ad
1608 2806 1713 2838 754'“:

929 2849 990 2877 quae
1001 2843 1141 2878 proportio
1153 2842 1209 2870 fore
1222 2846 1264 2870 est
1277 2843 1461 2877 sesquitertia,
1475 2847 1504 2870 ut
1516 2841 1532 2869 4
1548 2842 1582 2870 ad
1596 2841 1622 2868 5.
