1913 3138
90 112 146 139 ἿἿἸ

606 110 725 138 GEMINI
746 109 931 137 ELEMENTA
958 107 1208 136 ASTRONOML’E.

1669 109 1719 137 778

89 172 173 199 τινῶν
193 171 243 207 μέν
260 171 295 198 τὰ
309 169 410 206 μεγέθη
425 169 485 197 καθ’
506 170 568 206 ὃλην
583 170 631 206 τὴν
648 170 811 206 οἰκουμένην
825 169 880 196 δια-

938 176 1002 196 suas
1018 167 1220 203 magnitudines
1235 174 1283 202 per
1301 171 1387 194 totam
1405 170 1507 195 terram
1524 167 1642 195 retinent
1658 176 1720 195 eas-

91 218 168 253 jtévet
185 218 219 244 τὰ
234 217 319 250 αὐτὰ,
337 217 417 244 τινῶν
427 217 454 243 δὲ
466 217 500 243 τὰ
512 217 580 243 αὐτὰ
599 215 700 251 μεγέθη
719 215 883 251 μεταπίπτει

89 263 168 298 παρὰ
175 262 208 289 τὰ
220 263 348 298 κλίματα,
359 262 406 288 καὶ
416 260 457 293 οἷς
466 262 515 296 μὲν
523 261 654 297 μείζονες,
661 260 700 292 οἷς
707 261 735 287 δὲ
742 261 883 292 ἐλάσσονες

89 309 114 334 οἱ
126 308 221 334 κύκλοι
231 308 360 342 γίνονται.
377 308 407 334 Oi
424 308 472 343 μὲν
482 308 534 343 γὰρ
546 307 680 342 τροπικοὶ,
694 308 739 333 καὶ
750 307 764 333 ὁ
783 307 878 342 ἰσημε-

93 354 167 389 ρινὸς
188 353 248 380 καθ’
271 354 333 388 ὅλην
351 353 399 389 τὴν
421 354 582 389 οἰκουμένην
601 353 652 379 ἴσοι
668 353 720 379 εἰσὶ
731 354 786 384 τοῖς
802 352 882 386 μεγέ-

92 400 185 426 θεσιν·
207 401 231 426 οἰ
251 400 277 427 δὲ
293 400 417 435 ὰρκτικοὶ
436 399 530 426 κύκλοι
550 400 748 435 μεταπίπτουσι
761 399 832 425 κατὰ
850 399 884 425 τὰ

92 446 214 482 μεγέθη·
230 447 277 473 καὶ
289 443 329 478 οἷς
343 445 391 481 μὲν
405 445 535 481 μείζονες.
551 443 591 477 οἷς
605 446 633 472 δὲ
644 445 784 475 ἐλάττονες
799 445 886 478 γίνον-

91 500 149 519 ται.
164 492 227 522 Τοῖς
245 492 293 526 μὲν
309 491 362 527 γὰρ
380 491 447 526 πρὸς
461 492 559 527 ἄρκτον
583 491 687 517 οἰκοῦσι
709 491 832 526 μείζονες
855 491 879 516 οἱ

91 537 219 574 ἁρκτικοὶ
231 537 324 564 κύκλοι
335 537 464 570 γίνονται·
472 536 518 562 τοῦ
529 536 583 572 γὰρ
591 535 673 562 πόλου
685 535 883 571 μετεωρότερον

91 583 267 620 φαινομένου,
285 584 392 618 ἀνάγκη
410 583 457 609 καὶ
475 583 520 609 τὸν
551 582 680 618 ἀρκτικὸν
707 581 816 614 κύκλον,
833 582 883 616 ἐφ-

91 631 247 666 απτόμενον
261 629 308 656 τοῦ
332 630 478 665 ὁρίζοντος,
498 629 606 664 μείζονα
629 629 673 655 ἀεὶ
690 628 789 663 μᾶλλον
812 628 885 662 γίνε-

92 676 171 703 σθαι·
188 677 245 707 τοῖς
261 676 289 701 δέ
305 684 345 702 τοι
359 675 428 711 πρὸς
443 675 542 710 ἄρκτον
550 675 571 690 ⁵ο
584 674 688 702 οἰκοῦσι
703 675 806 710 γίνεταί
819 683 883 702 ποτε

91 725 106 749 ὁ
123 722 230 758 θερινὸς
252 721 380 758 τροπικὺς
397 721 496 753 κύκλος
514 721 660 757 ἀρκτικός·
677 721 746 748 ὥστε
763 722 825 752 τοὺς
837 721 884 748 δύο

93 768 212 799 κύκλους
231 768 386 802 ἐφαρμόσαι
405 767 539 802 ἀλλήλοις,
561 767 607 793 τὸν
632 766 736 802 θερινὸν
754 767 883 802 τροπικὸν

93 809 205 844 κύκλον,
223 814 268 839 καὶ
284 813 330 840 τὸν
356 813 496 848 ἀρκτικὸν,
517 813 564 839 καὶ
590 811 652 847 μίαν
678 812 770 839 λαϐεῖν
795 811 881 844 τάξιν.

936 215 1008 247 dem,
1033 214 1078 241 alii
1098 214 1206 241 easdem
1230 214 1432 248 magnitudines
1449 214 1645 248 mutantjuxta
1667 215 1720 242 clt-

936 266 1018 292 mata,
1034 266 1061 288 et
1080 261 1140 288 aliis
1161 261 1227 288 locis
1249 261 1378 296 majores,
1400 261 1461 288 aliis
1480 263 1600 288 minores
1618 261 1645 288 hi
1665 261 1721 288 cir-

936 308 990 334 culi
1011 307 1088 334 ﬁunt.
1114 307 1221 342 Tropici
1244 308 1315 334 enim
1349 312 1375 335 et
1394 308 1594 343 :equinoctialis
1615 316 1662 344 per
1679 314 1721 335 to-

935 358 990 380 tam
1003 358 1103 381 terram
1125 355 1357 389 magnitudinibus
1381 359 1492 382 manent
1511 355 1603 383 iidem.
1620 356 1655 382 At
1675 363 1720 383 ar-

935 401 998 428 ctici
1014 402 1109 428 circuli
1122 405 1262 428 mutantur
1276 402 1524 436 magnitudinibus,
1538 405 1565 430 et
1578 402 1639 429 aliis
1651 402 1720 429 locis

935 448 1066 482 majores,
1085 448 1147 474 aliis
1162 448 1281 476 minores
1300 449 1376 474 ﬁunt.
1396 448 1431 475 lis
1450 449 1521 475 enim
1558 449 1604 483 qui
1625 456 1721 475 versus

935 493 1149 529 septentrionem
1171 494 1306 525 habitant,
1328 494 1446 528 majores
1468 494 1534 521 fiunt
1549 495 1644 522 arctici
1665 496 1721 522 cir-

936 540 989 566 culi
1003 549 1009 566 :
1025 547 1086 566 cum
1106 539 1179 567 enim
1199 539 1279 574 polus
1295 539 1376 566 altius
1392 539 1512 566 elevatus
1530 544 1652 574 apparet,
1674 549 1722 567 ne-

935 593 1013 613 cesse
1026 590 1068 613 est
1081 586 1162 613 etiam
1183 587 1314 613 arcticum
1329 585 1473 617 circulum,
1489 586 1534 620 qui
1552 586 1720 613 horizontem

936 631 1055 665 attingit,
1076 639 1183 666 semper
1208 632 1340 666 majorem
1367 631 1444 663 ﬁeri;
1466 631 1565 658 alicubi
1603 639 1667 659 vero
1687 632 1721 659 iis

935 677 982 712 qui
994 684 1089 705 versus
1106 677 1319 711 septentrionem
1336 677 1470 709 habitant,
1487 677 1510 704 is
1526 678 1656 710 circulus,
1673 679 1720 713 qui

935 726 977 749 est
991 722 1102 749 aestivus
1118 722 1253 756 tropicus,
1269 722 1296 748 ﬁt
1311 722 1392 749 etiam
1409 722 1540 754 arcticus,
1559 723 1595 749 ita
1618 726 1648 749 ut
1666 724 1721 750 duo

936 768 1032 794 circuli
1061 767 1112 795 sibi
1147 768 1262 795 invicem
1287 772 1457 803 congruant,
1486 775 1584 803 nempe
1609 768 1721 796 aestivus

937 814 1059 849 tropicus
1079 814 1210 846 circulus,
1227 818 1254 841 et
1275 815 1405 846 arcticus,
1424 823 1563 850 unumque
1583 815 1722 850 accipiant

93 860 167 896 Πρὸς
188 860 216 886 δὲ
233 860 296 891 τοὺς
312 859 530 894 ἀρκτικωτέρους
543 858 641 890 τόπους
656 858 702 884 καὶ
715 858 761 884 τοῦ
777 857 880 894 θερινοῦ

938 860 1028 887 situm.
1043 859 1076 886 At
1090 867 1188 887 versus
1204 860 1262 887 loca
1278 861 1365 895 magis
1378 861 1600 895 septentrionalia
1616 862 1721 892 ,aastivo

92 906 225 943 τροπικοῦ
242 906 342 933 κύκλου
358 905 479 941 μείζονες
498 907 522 932 οἱ
539 905 663 941 ἀρκτικοὶ
682 905 812 939 γίνονται.

130 953 220 988 Πέρας
232 952 262 978 δέ
275 953 333 978 ἐστι
347 961 388 983 τις
402 951 480 986 χώρα
493 951 560 987 πρὸς
575 950 675 986 ἄρκτον
687 951 810 986 κειμένη,
824 951 852 977 ἐν

91 1001 107 1026 ὀ
129 999 179 1034 μὲν
197 998 277 1030 πόλος
302 998 372 1024 κατᾶ
395 998 516 1034 κορυφὴν
544 997 661 1031 γίνεται·
677 998 690 1024 ὁ
708 997 736 1023 δὲ
755 997 884 1033 ἀρκτικὸς

92 1045 194 1077 κύκλος
213 1045 261 1080 τὴν
276 1045 322 1071 τοῦ
342 1044 477 1080 ὁρίζοντος
490 1044 582 1079 ἐπέχει
598 1043 684 1076 τάξιν,
702 1044 749 1070 καὶ
764 1043 885 1079 ἐφαρμό-

93 1090 136 1124 ζει
157 1091 231 1126 αὐτῷ
246 1091 315 1117 κατὰ
331 1090 379 1125 τὴν
396 1090 562 1125 ὲπιστροψὴν
583 1089 630 1116 τοῦ
654 1089 766 1124 κόσμου,
784 1089 830 1115 καὶ
856 1088 886 1114 τὸ

93 1137 161 1164 αὐτὸ
190 1136 303 1171 μέγεθος
328 1135 459 1171 λαμϐάνει
485 1134 524 1170 τῷ
548 1133 713 1170 ἰσημερινῷ·
731 1133 800 1159 ὥστε
823 1133 884 1164 τοὺς

92 1184 168 1218 τρεῖς
182 1182 308 1213 κύκλους,
321 1181 366 1208 τὸν
379 1179 518 1216 ἀρκτικὸν,
537 1180 584 1206 καὶ
596 1179 641 1206 τὸν
658 1178 822 1214 ἰσημερινὸν,
839 1178 885 1204 καὶ

91 1230 139 1255 τὶν
150 1229 274 1264 ὁρίζοντα
287 1228 336 1263 τὴν
349 1227 433 1262 αὐτὴν
449 1226 525 1259 τάξιν
543 1227 588 1252 καὶ
601 1226 674 1253 θέσιν
689 1225 846 1260 λαμϐάνειν.

130 1274 214 1302 Πάλιν
239 1273 266 1300 δὲ
281 1275 337 1304 τοῖς
354 1272 420 1307 πρὸς
443 1271 614 1306 μεσημϐρίαν
637 1270 716 1306 ἡμῶν
730 1270 846 1296 οἰκοῦσιν
860 1269 884 1295 οἱ

94 1321 145 1357 μὲν
159 1320 235 1346 πόλοι
245 1318 430 1354 ταπεινότεροι
445 1317 565 1351 γίνονται
576 1325 582 1332 ·
602 1317 626 1343 οἱ
647 1316 675 1343 δὲ
698 1316 821 1351 ἀρκτικοὶ
836 1315 884 1342 κύ-

94 1367 155 1394 κλοι
171 1366 321 1397 ἐλάσσονες.
334 1365 389 1391 Καὶ
410 1364 497 1399 πέρας
513 1363 570 1390 ἔστι
592 1362 668 1399 χώρα
689 1371 729 1394 τις
749 1362 816 1398 πρὸς
837 1370 885 1396 με-

92 1413 235 1449 σημϐρίαν
258 1412 337 1448 ἡμῶν
358 1411 481 1446 κειμένη·
498 1410 567 1445 αὑτὴ
581 1409 610 1436 δέ
631 1411 704 1436 ἐστιν
720 1410 737 1445 ἡ
753 1409 885 1444 λεγομένη

92 1459 149 1485 ὑπὸ
163 1458 210 1484 τον
232 1456 397 1492 ἰσημερινὸν,
416 1457 444 1482 ἐν
501 1456 525 1481 οἰ
543 1455 591 1490 μὲν
609 1454 685 1481 πόλοι
700 1454 745 1480 ἐπὶ
765 1454 811 1480 τοῦ
828 1454 886 1489 ὀρί-

936 905 1043 940 tropico
1057 905 1172 937 circulo,
1190 905 1271 932 etiam
1284 905 1402 939 majores
1418 905 1486 932 ﬁunt
1502 906 1597 933 circuli
1612 906 1720 934 arctici.

971 951 1093 978 Tandem
1107 955 1149 978 est
1163 951 1240 978 locus
1262 951 1371 986 quidam
1392 959 1490 979 versus
1508 952 1720 986 septentrionem

935 995 1015 1027 situs,
1037 995 1064 1022 in
1079 1003 1133 1030 quo
1150 995 1230 1030 polus
1245 995 1272 1022 lit
1287 996 1441 1030 verticalis;
1454 997 1573 1024 arcticus
1587 1005 1650 1024 vero
1665 998 1720 1024 cir-

935 1042 1014 1069 culus
1041 1042 1192 1069 borizontis
1215 1043 1305 1070 locum
1330 1047 1456 1077 occupat,
1487 1042 1566 1078 eique
1594 1045 1721 1079 congruit

935 1087 1084 1115 secundum
1102 1087 1196 1115 mundi
1213 1088 1431 1120 conversionem,
1456 1093 1483 1115 et
1505 1089 1627 1116 eamdem
1648 1089 1720 1116 acci-

936 1135 975 1169 pit
997 1135 1214 1170 magnitudinem
1238 1143 1301 1162 cum
1325 1135 1521 1170 aequinoctiali,
1550 1138 1587 1163 ita
1612 1140 1641 1163 ut
1663 1143 1720 1164 tres

936 1181 1043 1212 circuli,
1070 1182 1200 1214 arcticus,
1232 1182 1432 1216 mquinoctialis
1456 1185 1482 1209 et
1504 1181 1618 1209 horizon
1643 1191 1720 1210 eum-

936 1227 995 1254 dem
1012 1228 1093 1255 situm
1109 1232 1136 1254 et
1152 1228 1270 1262 positum
1289 1228 1434 1262 accipiant.

973 1273 1079 1301 Rursus
1101 1273 1134 1300 iis
1158 1273 1203 1308 qui
1227 1281 1242 1300 a
1266 1273 1345 1301 nobis
1367 1281 1462 1301 versus
1486 1274 1625 1301 meridiem
1647 1274 1722 1302 habi-

936 1324 1005 1354 tant,
1020 1320 1073 1355 poli
1089 1319 1156 1346 ﬁunt
1171 1319 1340 1352 humiliores,
1361 1320 1457 1346 arctici
1473 1327 1537 1347 vero
1553 1320 1650 1347 circuli
1670 1321 1721 1347 mi-

935 1374 1027 1394 nores.
1044 1365 1078 1393 Et
1094 1366 1205 1393 tandem
1218 1365 1293 1401 regio
1305 1371 1347 1393 est
1358 1366 1482 1401 quaedam
1500 1374 1515 1393 a
1532 1366 1611 1393 nobis
1625 1375 1722 1394 versus

936 1413 1077 1440 meridiem
1094 1413 1157 1446 sita,
1170 1420 1202 1440 ea
1218 1416 1260 1441 est
1293 1420 1352 1448 quae
1373 1412 1474 1439 dicitur
1486 1420 1548 1440 esse
1567 1413 1617 1440 sub
1635 1413 1722 1448 aequi-

937 1459 1060 1490 noctiali,
1081 1459 1108 1485 in
1133 1466 1187 1494 qua
1206 1458 1259 1493 poli
1282 1458 1310 1485 in
1333 1458 1477 1485 borizonle
1503 1459 1720 1490 constituuntur.

93 1505 188 1538 ζοντος
204 1504 333 1538 γίνονται,
349 1503 372 1528 οἱ
387 1501 415 1528 δὲ
432 1501 557 1537 ἀρκτικοὶ
574 1499 667 1526 κύκλοι
685 1499 797 1525 καθόλου
809 1500 880 1526 ἀναι-

938 1506 1032 1533 arctici
1050 1512 1113 1533 vero
1128 1505 1223 1532 circuli
1236 1513 1348 1540 prorsus
1362 1508 1425 1532 sunt
1437 1505 1535 1533 sublati
1554 1515 1560 1532 :
1578 1505 1615 1532 ita
1631 1510 1660 1533 ut
1674 1514 1723 1541 pro

94 1551 218 1587 ροῦνται·
233 1549 303 1576 ὥστε
327 1549 387 1575 ἀντὶ
408 1547 462 1573 τῶν
482 1547 563 1573 πέντε
583 1545 762 1581 παραλλήλων
778 1544 884 1571 κύκλων

91 1599 169 1633 ⁴τρεῖς
194 1595 380 1631 παραλλήλους
401 1593 534 1628 γίνεσθαι,
548 1592 610 1623 τούς
625 1600 654 1618 τε
678 1591 823 1627 τροπικοὺς
839 1591 885 1616 καὶ

91 1644 141 1669 τὸν
155 1640 320 1677 ἰσημερινόν.
337 1639 386 1666 Διὰ
406 1638 459 1674 γὰρ
472 1638 506 1665 τὰ,
519 1637 705 1674 προειρημένα
719 1637 766 1671 οὐχ
785 1636 886 1671 ὑπολη-

95 1689 178 1716 πτέον
205 1686 356 1718 καθολικῶς
371 1684 493 1720 γίνεσθαι
513 1685 576 1715 τοὺς
597 1683 676 1710 πέντε
698 1682 885 1718 παραλλήλους

94 1735 222 1766 κύκλους,
238 1733 293 1760 ἀλλ’
307 1732 345 1764 ὡς
368 1731 435 1767 πρὸς
456 1730 505 1766 τὴν
520 1729 655 1765 ἡμετέραν
678 1728 839 1763 οἰκουμένην
855 1727 886 1754 τὸ

91 1781 198 1816 πλῆθος
222 1779 310 1807 αὐτῶν
330 1777 479 1804 ἐκκεῖσθαι.
497 1776 558 1802 Εἰσὶ
575 1775 629 1811 γάρ
653 1783 725 1806 τινες
740 1774 883 1809 ὁρίζοντες,

95 1828 126 1853 ἐν
143 1824 183 1857 οἷς
198 1826 271 1862 τρεῖς
295 1825 373 1859 μόνον
390 1822 556 1858 παράλληλοι
572 1821 701 1855 γίνονται.

132 1872 194 1899 Eiet
206 1872 234 1898 δὲ
245 1871 364 1906 οἰκήσεις
381 1870 437 1903 (l8)
459 1868 505 1895 ἐπὶ
518 1868 568 1903 τῆς
589 1867 650 1901 γῆς,
667 1863 703 1892 ὧν
720 1864 813 1900 πρώτη
838 1865 886 1900 μὲν

93 1917 212 1952 οἴκησις,
229 1915 270 1950 ἐφ’
286 1913 319 1951 ἧς
331 1915 344 1941 ὁ
358 1913 462 1949 θερινὸς
477 1911 606 1948 τροπικὺς
625 1910 722 1942 κύκλος
739 1909 885 1944 ἐφάπτεται

95 1962 143 1990 τοῦ
173 1962 325 1997 ὁρίζοντος,
340 1960 387 1987 καὶ
411 1959 459 1995 τὴν
477 1958 524 1985 τοῦ
550 1956 680 1993 ἀρκτικοῦ
701 1956 799 1982 κύκλου
811 1955 886 1988 τάξιν

94 2007 248 2043 λαμϐάνει·
267 2006 380 2041 δευτέρα.
406 2005 435 2031 δὲ
461 2004 566 2040 οἴκησις
589 2005 606 2039 ἡ
623 2002 754 2038 λεγομένη
770 2001 822 2027 ὑπὸ
841 2001 886 2027 τὸν

95 2054 190 2081 πόλον·
208 2053 288 2089 τρίτη
310 2052 339 2079 δέ
360 2052 433 2077 ἐστιν
453 2051 568 2086 οἴκησις,
584 2050 653 2085 ὑπὲρ
671 2046 704 2084 ἦς
721 2048 818 2084 μικρὸν
837 2047 887 2082 ἔμ-

94 2100 216 2136 προσθεν
238 2099 399 2135 εἰρήκαμεν,
418 2097 465 2124 καὶ
487 2095 740 2132 προσαγορευομένη
764 2094 817 2120 ὑπὸ
841 2093 886 2119 τον

94 2145 266 2182 ἰσημερινόν.

936 1550 1057 1585 quinque
1072 1550 1184 1577 circulis
1204 1550 1341 1585 parallelis
1357 1554 1462 1577 tantum
1478 1555 1535 1579 tres
1554 1551 1619 1578 [iant
1632 1553 1723 1586 paral-

937 1597 992 1630 leli,
1008 1604 1107 1631 nempe
1120 1596 1173 1624 duo
1191 1597 1300 1631 tropici,
1313 1600 1339 1624 et.
1351 1597 1561 1632 a'quinoctialis.
1578 1597 1637 1625 Non
1648 1599 1722 1625 enim

937 1643 1148 1671 existimandum
1161 1646 1213 1674 est,
1234 1647 1346 1677 propter
1361 1650 1394 1670 ea
1422 1651 1482 1677 quae
1498 1644 1627 1677 praedicta
1647 1648 1722 1674 sunt.

937 1689 1130 1717 universaliter
1151 1690 1272 1724 quinque
1289 1697 1350 1717 esse
1363 1690 1508 1724 parallelos
1525 1690 1654 1724 circulos,
1675 1691 1721 1718 sed

937 1740 1062 1771 respectu
1078 1739 1178 1764 nostrae
1197 1735 1376 1763 habitationis
1401 1736 1604 1763 multitudinem
1626 1743 1721 1763 eorum

936 1790 997 1810 esse
1016 1782 1178 1817 expositam.
1205 1781 1275 1808 Sunt
1292 1782 1363 1808 enim
1382 1781 1492 1816 quidam
1513 1781 1680 1814 horizontes,
1697 1784 1722 1808 in

937 1830 1037 1865 quibus
1049 1833 1157 1856 tantum
1173 1833 1229 1855 tres
1243 1833 1307 1855 sunt
1324 1828 1421 1855 circuli
1435 1827 1569 1863 paralleli.

973 1875 1043 1902 Sunt
1057 1878 1147 1902 autem
1163 1875 1190 1902 in
1208 1878 1282 1901 terra
1298 1874 1491 1906 habitationes,
1506 1882 1622 1909 quarum
1636 1875 1723 1910 prima

936 1924 988 1952 est,
1002 1921 1031 1948 in
1047 1921 1095 1955 ιι
1112 1928 1165 1955 qua
1195 1920 1307 1947 aestivus
1328 1919 1450 1954 tropicus
1474 1920 1595 1948 circulus
1615 1921 1724 1955 attingit

937 1967 1118 1999 horizontem,
1145 1969 1173 1993 et
1197 1965 1280 1993 situm
1303 1965 1397 1992 arctici
1418 1965 1516 1992 circuli
1541 1965 1658 2000 accipit;
1680 1975 1725 1993 se-

937 2012 1026 2040 cunda
1042 2016 1085 2044 est
1108 2011 1252 2044 habitatio,
1274 2019 1334 2046 qua:
1351 2011 1451 2038 dicitur
1478 2019 1540 2038 esse
1567 2012 1619 2039 sub
1641 2013 1724 2048 polo;

937 2061 1018 2088 tertia
1037 2063 1079 2087 est
1101 2059 1244 2090 habitatio,
1269 2058 1303 2085 de
1318 2066 1372 2094 qua
1396 2059 1477 2093 paulo
1501 2062 1565 2085 ante
1588 2058 1723 2087 diximus.

937 2115 998 2143 quae
1011 2106 1112 2133 dicitur
1126 2113 1187 2133 esse
1204 2106 1257 2133 sub
1268 2105 1463 2141 aequinoctiali.
1606 2111 1609 2114 '

133 2192 216 2218 Ὅθεν
232 2191 286 2218 οὐδ’
298 2191 316 2226 ἡ
333 2189 407 2223 τάξις
418 2189 471 2216 τῶν
484 2188 564 2214 πέντε
581 2187 759 2223 παραλλήλων
776 2185 880 2212 κύκλων

971 2183 1048 2211 Unde
1061 2191 1096 2211 ne
1109 2183 1178 2211 ordo
1188 2183 1296 2218 quidem
1310 2183 1432 2218 quinque
1446 2184 1638 2218 parallelorum
1653 2184 1724 2211 idem

93 2240 112 2274 ἡ
128 2238 200 2274 αὐτὴ
215 2237 289 2273 παρὰ
302 2237 383 2263 πᾶσίν
395 2237 468 2262 ὲιπιν
478 2243 484 2249 “
503 2234 559 2261 ἀλλ’
577 2235 605 2260 ὲν
624 2233 671 2268 μὲν
688 2234 720 2268 τῇ
733 2232 794 2259 καθ’
810 2232 884 2267 ἡμᾶς

93 2283 244 2319 οικουμὲνῃ
262 2281 367 2318 πρῶτος
394 2280 444 2316 μὲν
465 2279 624 2314 ὀνομάζεται
637 2279 651 2305 ὁ
667 2277 805 2313 ἀρκτικὸς,
823 2277 884 2303 δεύ-

93 2338 174 2365 τερος
190 2329 219 2355 δὲ
233 2330 247 2355 ὁ
266 2327 369 2364 θερινὸς
384 2325 523 2362 τροπικὺς,
536 2325 626 2360 τρίτος
641 2324 668 2350 δὲ
684 2325 699 2350 ὁ
717 2323 882 2359 ῐσημερινὸς,

95 2377 226 2412 τέταρτος
244 2374 272 2401 δὲ
297 2375 310 2400 ὁ
335 2373 487 2408 χειμερινὸς
512 2370 651 2406 τροπικὸς,
674 2369 799 2404 πέμπτος
822 2369 850 2395 δὲ
870 2370 884 2395 ὸ

94 2421 287 2459 ἀνταρκτικός.

131 2470 195 2500 Τοῖς
210 2467 238 2494 δὲ
253 2465 320 2502 πρὸς
335 2465 434 2501 ἄρκτον
449 2463 547 2500 μᾶλλον
566 2462 643 2498 ἡμῶν
657 2461 759 2488 οἰκοῦσι
776 2460 881 2495 γίνεταί

94 2524 163 2542 ποτε
180 2513 286 2548 πρῶτος
307 2511 355 2546 μὲν
370 2512 385 2537 ὁ
401 2510 505 2546 θερινὸς
523 2508 651 2545 τροπικδς
669 2507 776 2538 κύκλος,
792 2506 884 2533 δεύτε-

93 2570 142 2597 ρος
155 2560 183 2587 δὲ
200 2561 214 2586 ό
228 2557 369 2594 ἀρκτικὸς,
383 2557 472 2592 τρίτος
487 2555 515 2581 δὲ
529 2555 543 2581 ὁ
568 2553 732 2589 ἰσημερινὸς.
755 2553 882 2588 τέταρτος

138 2639 162 2654 ⁸⁸
176 2647 221 2672 πο.
241 2635 425 2670 μεσημϐρίαν.

132 2697 189 2733 (18)
206 2695 279 2733 Etet
290 2694 324 2721 δὲ
339 2694 482 2727 οὶκησεις.
499 2691 615 2733 Triplex.
629 2689 762 2733 habitatio
775 2693 827 2733 est,

94 2725 149 2768 qua
168 2725 360 2768 parallelorum
377 2725 506 2768 numerus
522 2725 662 2768 minuitur.
680 2725 770 2768 Prima
785 2725 880 2768 estailn

94 2759 149 2803 qua
168 2759 253 2803 rpolus
267 2765 408 2803 attollitur_
423 2763 553 2803 gradibus
571 2761 772 2803 totidem-quot
785 2767 799 2785 a
816 2759 880 2803 polo

95 2795 220 2839 t'ropiEus
233 2802 335 2839 discit:
356 2795 531 2839 unde'a'rctici
550 2798 636 2839 instar
649 2795 879 2839 estvtropicuste't

95 2830 187 2866 νει-ἴθι
201 2838 255 2865 loci
278 2836 340 2870 polo
357 2834 460 2860 zodiaci
476 2833 586 2864 subest,
600 2840 632 2860 ac
648 2830 775 2859 zodiacus
793 2830 878 2857 semel

259 2882 395 2911 ΡΔτιιοι..
419 2879 477 2910 Gn.
501 2878 588 2908 XIX.

937 2235 979 2258 est
993 2231 1064 2265 apud
1080 2237 1175 2258 omnes
1186 2251 1194 2263 ,
1210 2230 1258 2257 sed
1277 2230 1305 2257 in
1319 2235 1413 2257 nostra
1428 2230 1597 2258 habitatione
1616 2231 1722 2268 primus

937 2277 1094 2304 nominatur
1123 2276 1243 2304 circulus
1269 2276 1406 2308 arcticus,
1446 2277 1584 2304 secundus
1611 2278 1724 2304 aestivus

936 2323 1078 2357 tropicus,
1107 2322 1203 2349 tertius
1222 2321 1431 2357 aequinoctialis.
1450 2327 1565 2355 quartus
1593 2323 1724 2351 hibernus

937 2368 1071 2402 tropicus.
1083 2368 1195 2395 uuintus
1211 2368 1387 2395 antarcticus.

973 2460 1007 2486 lis
1016 2466 1079 2486 vero
1089 2459 1134 2494 qui
1148 2459 1235 2493 magis
1249 2458 1372 2485 habitant
1387 2467 1484 2486 versus
1498 2459 1720 2494 septentrionem,

937 2513 1017 2541 quam
1035 2513 1095 2537 nos,
1111 2505 1141 2532 tit
1165 2505 1313 2539 aliquando
1340 2505 1445 2540 primus
1461 2505 1574 2532 :estivus
1599 2505 1721 2539 tropiCus

935 2552 1067 2585 circulus,
1083 2551 1219 2580 secundus
1232 2552 1351 2580 arcticus
1363 2571 1371 2585 ,
1390 2554 1487 2580 tertius
1501 2551 1700 2586 requinoctialis
1713 2570 1721 2582 ,

933 2689 961 2717 in
983 2689 1026 2717 die
1043 2689 1195 2716 horizontis
1218 2688 1306 2716 instar
1327 2687 1418 2714 habet.
1443 2685 1568 2713 Secunda
1590 2685 1723 2716 habitatio

933 2729 975 2752 est
986 2726 1029 2752 ubi
1049 2729 1140 2754 vertex
1155 2728 1198 2752 est
1215 2724 1309 2751 mundi
1324 2726 1413 2758 polus.
1433 2722 1498 2748 Nam
1516 2721 1554 2747 ibi
1576 2721 1666 2750 nullus
1680 2729 1723 2751 cst

932 2760 1205 2801 circultts'arcticus,
1223 2759 1262 2788 uti
1288 2767 1338 2786 nec
1358 2758 1386 2786 in
1405 2758 1497 2790 tertia,
1513 2764 1577 2791 qua:
1600 2758 1723 2793 subjaeet

932 2801 1075 2831 aquatum.

1567 2873 1606 2902 ΞΒ
