1913 3138
46 127 86 158 ῗξίί
584 132 702 160 GEMINI
723 133 906 161 ELEMENTA
926 133 1175 163 ASTRONOMle.

1619 135 1671 162 782

45 188 196 222 λιαστάσεις
224 189 331 225 ἔχουσιν
351 189 398 218 ἀπ’
417 190 538 225 ἀλλήλω-ι
553 192 577 217 οἱ
595 191 706 218 κύκλοι·
733 192 790 219 ἀλλ’
807 193 831 219 οι

893 201 934 220 ias
950 193 1050 220 habent
1064 200 1079 220 a
1099 201 1129 220 se
1157 193 1272 220 invicem
1301 192 1447 220 distantias
1463 202 1469 219 :
1493 193 1590 228 tropici
1608 201 1671 220 vero

46 236 94 271 μὲν
111 236 241 271 τροπικοὶ
263 235 356 263 κύκλοι
379 236 434 263 ἀπὸ
452 236 499 263 τοῦ
519 237 676 273 ίοημερινοῦ
693 239 763 265 κατὰ
779 240 833 265 πᾶν

44 282 161 317 ἓγκλιμα
172 281 223 317 τὴν
236 282 319 318 αὐτὴν
336 282 485 309 ἀπόστασιν
499 282 604 319 ἔχουσιν
613 292 621 298 ν
635 284 659 309 ot
672 284 700 310 δὲ
710 286 834 320 τροπικοί

45 327 136 354 κύκλοι
153 328 209 354 ἀπὸ
234 327 289 354 τῶν
304 328 442 363 ἀρκτικῶν
461 328 491 354 ού
506 329 555 363 τὴν
574 329 657 364 αὐτὴν
672 330 762 365 ἔχουσι
775 331 834 357 διά-

45 381 137 400 στασιν
164 373 236 400 κατὰ
258 373 362 405 πάντας
383 374 446 406 τοὺς
471 374 627 410 ὁρίζοντας,
649 375 707 402 ἀλλ’
731 377 756 402 oi
785 377 834 412 μὲν

45 418 166 451 ἔλασσον,
181 420 206 445 οἱ
220 419 249 446 δὲ
269 419 350 446 πλέον
369 419 550 456 διεστήκασιν.

82 465 202 500 Ὁμοίως
218 465 247 492 δὲ
264 466 324 492 οὐδὲ
338 466 362 492 οἱ
385 466 511 501 ἀρκτικοὶ
525 466 579 493 ἀπὸ
601 466 654 494 τῶν
675 467 764 496 πόλων
786 468 835 505 τὴν

45 510 106 547 ίσην
123 512 276 539 ἀπόστασιν
300 511 391 546 ἔχουσι
412 512 483 539 κατὰ
509 513 562 540 πᾶν
585 512 719 549 έγκλιμα·
736 514 794 541 ἀλλ’
811 515 835 541 ot

47 557 96 592 μὲν
110 558 255 590 ἐλάσσονα,
268 558 293 584 oi
309 558 338 584 δὲ
351 557 470 585 πλείονα.
487 558 717 594 Καταγράφονται
743 559 835 596 μέντοι

45 611 75 636 γε
88 603 176 629 πᾶσαι
191 604 219 630 at
235 603 405 639 περιφέρειαι
421 603 488 640 πρὸς
504 604 550 630 τὸν
567 605 596 630 ὲν
609 606 642 640 τῇ
664 604 768 632 Ἐλλάδι
780 606 837 641 ὁρί-

45 649 137 681 ζοντα.

79 693 131 720 Διὰ
145 693 200 720 τῶν
225 693 314 720 πόλων
328 693 356 720 δέ
379 695 433 720 είσι
455 694 560 726 κύκλοι,
574 696 597 722 οί
617 695 669 723 ὑπό
685 705 765 723 τινων
788 697 836 724 κό-

44 741 135 776 λουροι
158 740 432 777 προσαγορευόμενοι,
457 738 498 774 οἷς
516 742 690 778 συμϐέϐηκεν
713 744 760 770 ἐπὶ
781 744 836 771 τῶν

46 786 120 812 ἰδίων
138 786 320 822 περιφερειῶν
338 788 360 802 ²²
372 787 434 819 τοὺς
455 787 502 814 τοῦ
523 788 625 823 κόσμου
640 788 738 821 πόλους
751 789 834 825 ἔχειν.

45 833 180 868 Κόλουροι
204 833 233 859 δὲ
261 833 417 869 κέκληνται,
441 834 487 861 διὰ
507 835 537 862 τδ
566 835 636 872 μέρη
659 836 725 863 τινὰ·
746 836 836 864 αὐτῶν

884 239 981 266 circuli
996 239 1029 266 ab
1044 238 1230 274 aequinoctiali
1260 239 1287 265 in
1312 238 1387 265 omni
1412 238 1521 266 climate
1547 239 1669 267 eamdem

885 285 986 313 habent
1007 285 1181 319 distantiam;
1204 285 1251 312 sed
1265 285 1361 320 tropici
1377 285 1472 312 circuli
1499 285 1534 313 ab
1560 285 1671 314 arcticis

884 339 938 359 non
950 333 1072 359 eamdem
1087 331 1351 359 habentdistantiam
1364 331 1392 358 in
1400 332 1528 360 omnibus
1540 331 1670 360 horizon-

885 375 968 408 tibus,
986 375 1034 403 sed
1050 375 1096 403 alii
1113 376 1213 409 minus,
1230 376 1276 403 alii
1290 376 1352 411 plus
1369 376 1482 404 distant.

921 464 1054 492 Similiter
1068 471 1155 500 neque
1176 464 1270 492 arctici
1292 472 1308 492 a
1329 464 1400 500 polis
1413 465 1544 501 aequalem
1569 465 1671 494 habent

885 512 1044 540 distantiam
1058 512 1085 540 in
1100 512 1174 540 omni
1190 513 1299 540 climate
1309 533 1317 546 ,
1343 513 1391 540 sed
1406 513 1453 540 alii
1465 513 1609 545 minorem,
1624 513 1669 540 alii

887 557 1028 593 majorem.
1046 557 1244 586 Describuntur
1255 562 1347 586 tamen
1362 566 1458 587 omnes
1475 558 1671 587 circumferen-

886 604 931 631 tiae
948 604 982 631 ad
994 604 1162 632 horizontem
1184 604 1305 632 Graeciae.

922 695 974 723 Pcr
987 696 1064 732 polos
1078 696 1153 724 ducti
1169 696 1266 724 circuli
1283 700 1348 724 sunt
1363 696 1382 723 ii
1405 697 1451 731 qui
1473 704 1489 724 a
1509 696 1671 732 quibusdam

887 747 1019 770 vocantur
1032 742 1128 774 coluri,
1151 743 1252 777 quibus
1279 741 1410 778 contingit
1434 742 1461 769 iu
1477 741 1595 777 propriis
1618 741 1672 769 cir-

887 788 1073 816 cunil'ercntiis
1087 789 1180 816 mundi
1198 789 1274 824 polos
1294 789 1403 816 habere.
1419 787 1559 816 Vocantur
1582 792 1672 817 autem

887 835 986 867 coluri,
1003 842 1036 862 eo
1048 835 1120 871 quod
1142 842 1235 862 eorum
1250 838 1341 870 partes
1365 836 1461 871 aliquae
1476 835 1531 864 sint
1546 835 1672 863 invisibi-

45 878 193 914 ἁθεώρητα
214 879 345 914 γίνεσθαι.
371 881 403 907 Oi
423 881 471 916 μὲν
487 880 541 916 γὰρ
557 881 645 908 λοιποὶ
660 883 753 910 κύκλοι
767 885 835 910 κατὰ

893 889 936 908 ηοξ.
959 881 1065 916 Reliqui
1077 880 1150 908 enim
1162 881 1260 908 circuli
1272 881 1323 908 toti
1338 885 1498 916 spectantur
1521 881 1671 910 secundum

45 926 94 962 τὴν
107 926 295 962 περιστροφὴν
310 927 357 953 τοῦ
378 927 481 962 κόσμου
497 928 552 954 ὃλοι
574 927 748 964 θεωροῦνται.
777 930 837 956 Τῶν

44 972 73 998 δὲ
87 971 228 1008 κολούρων
242 972 350 999 κύκλων
373 973 443 1008 μέρη
464 973 525 1000 τινά
544 974 618 1000 ἐστιν
634 974 788 1010 ἁθεώρητα,
804 977 837 1003 τὰ

46 1019 99 1045 ὑπὸ
111 1019 161 1045 τοῦ
177 1019 357 1054 ἀνταρκτικοῦ
375 1019 428 1046 ὑπὸ
443 1019 488 1046 τὸν
505 1020 631 1055 ὁρίζοντα
646 1021 837 1057 ἀπολαμϐανὸ-

48 1073 129 1100 μενα.
145 1065 297 1100 Γράφονται
312 1065 341 1091 δὲ
356 1062 429 1092 οὗτοι
450 1065 474 1092 οἱ
495 1065 539 1093 διὰ
554 1066 609 1093 τῶν
625 1066 713 1093 πόλων
727 1067 770 1094 διὰ
783 1068 837 1094 τῶν

45 1110 187 1146 τροπικῶν
203 1111 250 1137 καὶ
272 1110 436 1146 ίσημερινῶν
459 1111 590 1147 σημείων,
607 1113 654 1139 καὶ
677 1113 717 1144 εὶς
732 1113 752 1139 δ’
767 1114 837 1149 μέρη

47 1156 94 1182 [ea
105 1156 241 1191 διαιροῦσι
258 1156 304 1182 τὸν
318 1156 362 1183 διὰ
380 1156 469 1192 μέσων
481 1157 536 1184 τῶν
551 1156 653 1190 ζωδίων
668 1158 776 1187 κύκλον.

81 1201 167 1234 Δοξὸς
188 1201 216 1227 δέ
239 1201 297 1228 ἐστι
311 1201 410 1234 κύκλος
424 1203 438 1229 ὁ
449 1202 504 1229 τῶν
529 1201 561 1238 ιβ’
583 1203 685 1236 ζωδίων
696 1212 702 1218 ”
717 1204 797 1236 αὐτὸς
809 1205 837 1232 δὲ

47 1248 79 1273 ὲκ
93 1249 118 1281 γ’
144 1246 252 1273 κύκλων
269 1247 447 1283 παραλλήλων
475 1248 657 1284 συνέστηκεν·
678 1246 715 1276 ὧν
738 1250 762 1275 ot
789 1251 837 1285 μὲν

47 1293 78 1319 τὸ
95 1292 198 1324 πλάτος
212 1293 351 1328 ἀφορίζειν
368 1294 491 1328 λέγονται
507 1294 554 1321 τοῦ
570 1294 702 1327 ζωδιακοῦ
719 1296 817 1323 κύκλου
828 1305 834 1312 ·

46 1340 60 1365 ὁ
91 1339 120 1366 δὲ
148 1339 193 1366 διὰ
221 1340 310 1375 μέσων
334 1339 388 1366 τῶν
414 1339 516 1372 ζωδίων
540 1340 670 1368 καλεῖται.
696 1337 780 1374 οὗτος
809 1343 837 1369 δὲ

47 1386 200 1420 ἐφάπτεται
212 1385 259 1412 δύο
269 1385 376 1413 κύκλων
395 1386 460 1413 ἴσων
475 1395 504 1413 τε
518 1387 565 1414 καὶ
578 1387 757 1423 παραλλήλων
767 1397 773 1403 -
789 1388 836 1415 τοῦ

49 1431 99 1466 μὲν
119 1430 228 1466 θερινοῦ
246 1430 376 1466 τροπικοῦ
393 1430 463 1458 κατὰ.
478 1430 527 1466 τὴν
541 1430 587 1457 τοῦ
605 1431 743 1467 Καρκίνου
761 1431 837 1467 πρώ-

46 1486 98 1512 την
119 1479 230 1512 μοῖραν,
247 1477 293 1503 τοῦ
319 1476 347 1504 δὲ
368 1478 524 1514 χειμερινοῦ
548 1478 679 1514 τροπικοῦ
694 1478 765 1505 κατὰ
787 1478 837 1513 τὴν

47 1523 96 1549 τοῦ
116 1522 259 1558 Δίγὸκερω
284 1523 395 1558 πρώτην
422 1525 534 1559 μοῖραν·
560 1523 605 1550 τὸν
628 1523 656 1551 δὲ
682 1524 837 1560 ἰσημερινὸν

888 927 981 954 mundi
1008 927 1235 960 conversionem;
1264 931 1293 954 at
1321 927 1478 955 colurorum
1506 927 1672 955 circulorum

889 977 979 1009 partes
995 973 1093 1009 aliqua:
1107 977 1172 1001 sunt
1188 973 1349 1005 invisibiles,
1367 981 1406 1001 ea:
1420 973 1546 1001 videlicet
1566 981 1628 1009 quae
1639 974 1674 1000 ab

887 1020 1038 1047 antarctico
1053 1020 1104 1048 sub
1124 1019 1265 1047 horizonte
1289 1019 1482 1047 desumuntur.
1510 1019 1674 1048 Scribuntur

888 1069 978 1094 autem
992 1065 1030 1098 hi,
1043 1066 1089 1101 qui
1103 1073 1152 1101 per
1165 1066 1243 1101 polos
1258 1069 1323 1094 sunt
1336 1065 1422 1098 ducti,
1438 1073 1486 1101 per
1501 1069 1602 1101 puncta
1617 1066 1673 1094 sol-

888 1115 999 1142 stitialia
1011 1119 1038 1142 et
1049 1114 1259 1149 arquinoctialia,
1270 1117 1298 1142 et
1311 1113 1339 1141 in
1352 1116 1471 1149 quatuor
1482 1118 1573 1148 partes
1587 1120 1676 1148 aequa-

888 1159 928 1187 les
940 1159 1064 1187 dividunt
1076 1159 1240 1195 eclipticam.

925 1206 976 1240 12
993 1205 1127 1241 Obliquus
1142 1209 1231 1233 autem
1245 1211 1287 1234 est
1297 1206 1417 1235 circulus
1432 1207 1457 1234 is
1468 1207 1513 1242 qui
1529 1206 1673 1234 duodecim

887 1255 930 1278 est
944 1253 1094 1287 signorum.
1114 1251 1163 1280 Hic
1180 1260 1244 1280 vero
1257 1260 1290 1280 ex
1308 1253 1522 1288 tribusicirculis
1538 1252 1674 1288 parallclis

888 1299 1055 1334 compositus
1073 1303 1133 1332 est,
1162 1306 1279 1335 quorum
1309 1299 1337 1326 hi
1361 1299 1472 1334 quidem
1502 1298 1673 1326 latitudinem

888 1346 992 1374 zodiaci
1006 1346 1102 1373 circuli
1118 1347 1300 1374 determinare
1321 1346 1469 1380 dicuntur;
1485 1346 1538 1374 iste
1551 1353 1618 1373 vero
1632 1346 1675 1372 di-

888 1393 960 1419 citur
971 1392 1092 1420 circulus
1107 1400 1154 1428 per
1174 1392 1263 1420 media
1281 1393 1368 1428 signa.
1400 1393 1449 1420 Hic
1473 1392 1581 1428 attingit
1605 1392 1675 1420 duas

888 1439 1006 1466 circulos
1037 1446 1099 1466 cum
1129 1439 1248 1474 aequales
1265 1459 1272 1471 ,
1306 1444 1363 1466 tum
1387 1439 1556 1475 parallelos:
1577 1446 1674 1474 nempe

888 1485 1012 1512 testivum
1036 1485 1172 1520 tropicum
1204 1493 1252 1521 per
1276 1485 1374 1513 Cancri
1401 1486 1518 1521 primam
1547 1489 1673 1521 partem;

890 1532 1032 1560 hibernum
1054 1539 1119 1559 vero
1143 1532 1280 1566 tropicum
1302 1539 1351 1567 per
1361 1531 1528 1566 ‘Capricorni
1557 1532 1673 1567 primam

47 1568 109 1603 δίχα
121 1569 217 1604 τέμνει
234 1568 304 1595 κατὰ
318 1568 366 1604 τὴν
379 1568 425 1596 τοῦ
440 1569 524 1605 Κριοῦ
542 1568 652 1605 πρώτην
669 1571 774 1604 μοῖραν,
792 1571 835 1597 καὶ

893 1581 1013 1613 partem;
1033 1578 1249 1613 aequinoctialem
1264 1583 1353 1605 autem
1364 1577 1506 1613 aequaliter
1517 1577 1613 1605 dividit
1626 1585 1674 1613 per

48 1615 121 1641 κατὰ
141 1615 191 1649 τὴν
207 1614 255 1641 τοῦ
277 1613 364 1648 Ζυγοῦ
380 1614 491 1650 πρώτην
509 1616 616 1651 μοῖραν.
642 1615 679 1641 Τὸ
692 1615 721 1642 δὲ
739 1615 839 1649 πλάτος

47 1661 107 1687 ἐστὶ
123 1661 170 1688 τοῦ
184 1660 317 1693 ζωδιακοῦ
336 1660 435 1687 κύκλου
457 1661 558 1697 μοιρῶν
580 1661 623 1696 ιβ’.
646 1661 728 1695 Λοξδς
744 1662 773 1688 δὲ
791 1661 837 1689 κέ-

47 1706 148 1742 κληται
160 1707 175 1733 ὁ
189 1706 318 1738 ζωδιακὸς
332 1705 441 1739 κύκλος,
453 1706 498 1734 διὰ
511 1706 542 1733 τὸ
554 1706 638 1740 λοξῶς
651 1706 761 1743 τέμνειν
776 1708 839 1739 τοὺς

49 1752 242 1788 παραλλήλους
256 1752 383 1784 κύκλους.

89 1809 205 1845 Ὀρίζων
221 1809 250 1835 δέ
267 1810 324 1836 ἐστι
347 1809 445 1841 κύκλος
458 1810 472 1836 ὁ
485 1809 608 1845 διορίζων
622 1810 686 1845 ἡμῖν
700 1810 730 1836 τό
746 1818 774 1836 τε
789 1818 839 1844 φα-

47 1855 129 1891 νερὸν
147 1854 194 1882 καὶ
213 1855 243 1881 τὸ
264 1855 364 1890 ἀφανὲς
386 1856 467 1891 μέρος
486 1855 532 1882 τοῦ
551 1855 664 1891 κόσμου,
678 1857 725 1882 καὶ
738 1856 840 1891 διχοτοο

50 1897 112 1933 μῶν
128 1898 178 1933 τὴν
195 1898 259 1933 ὅλην
277 1900 394 1934 σφαῖραν
416 1899 463 1925 τοῦ
479 1899 599 1935 κόσμου·
619 1900 689 1926 ὥστε
707 1900 840 1935 ἡμισφαί-

51 1951 109 1978 ριον
131 1944 181 1978 μὲν
201 1944 272 1980 ὑπὲρ
303 1944 355 1979 γῆν
384 1944 642 1980 ἁπολαμὸάνεσθαι,
663 1946 840 1981 ἡμισφαίριον

48 1988 78 2015 δὲ
107 1989 161 2015 ὑπὸ
185 1989 247 2024 γῆν.
274 1990 334 2016 Elei
359 1990 388 2016 δὲ
405 1991 430 2016 ot
442 1990 578 2026 ὁρίζοντες
598 1990 655 2024 δύο,
678 1989 718 2024 εἷς
748 1992 797 2027 μὲν
825 1992 840 2018 ὁ

49 2033 192 2069 αἰσθητὸς,
210 2034 303 2070 ἔτερος
318 2035 347 2061 δὲ
360 2036 375 2062 ὁ
387 2035 457 2071 λόγῳ
479 2036 624 2073 θεωρητὸς.
642 2036 775 2073 Αίσθητὸς
791 2039 839 2072 μὲν

49 2077 96 2106 οὖν
107 2082 182 2107 ἐστιν
190 2080 287 2117 ὁρίζων
297 2082 311 2108 ὁ
321 2081 374 2108 ὑπὸ
389 2082 438 2118 τῆς
449 2083 586 2118 ἡμετέρας
602 2083 690 2118 ὅψεως
705 2092 839 2120 περιγρα-

50 2126 169 2161 φόμενος
181 2127 251 2154 κατὰ
262 2128 307 2155 τὸν
321 2129 560 2164 ἀποτερματισμὸν
567 2130 617 2165 τῆς
631 2130 800 2166 ὁράσεως,ὂς
809 2131 839 2157 ού

52 2173 166 2208 μείζονα
172 2174 222 2209 τὴν
230 2174 374 2210 διάμετρον
385 2175 440 2210 ἔχει
454 2175 566 2202 σταδίων
578 2176 599 2211 β’
609 2184 616 2191 ·
626 2177 640 2203 ὁ
654 2176 683 2203 δὲ
693 2177 765 2213 λόγῳ
773 2177 840 2204 θεω-

52 2220 134 2254 ρητὸς
147 2219 246 2255 ὁρίζων
261 2221 336 2248 ἐστὶν
348 2223 361 2248 ὁ
371 2222 450 2258 μέχρι
459 2222 507 2258 τῆς
518 2221 572 2249 τῶν
581 2223 708 2250 ἀπλανῶν
717 2224 839 2260 ἀστέρων

890 1623 993 1652 Arietis
1022 1624 1137 1660 primam
1165 1628 1290 1660 partem,
1318 1628 1346 1652 et
1370 1632 1419 1659 per
1444 1624 1534 1652 Libra:
1557 1624 1673 1660 primam

889 1675 1003 1705 partem.
1028 1669 1155 1698 Latitudo
1169 1671 1273 1698 zodiaci
1294 1673 1336 1698 est
1358 1669 1476 1705 partium
1502 1669 1544 1698 l2.
1571 1669 1675 1697 Dicitur

890 1715 1019 1743 zodiacus
1033 1715 1154 1743 circulus
1173 1715 1310 1751 obliquus,
1332 1723 1364 1743 eo
1379 1715 1451 1751 quod
1468 1715 1577 1751 oblique
1599 1719 1676 1743 secat

890 1760 1008 1787 circulos
1020 1760 1173 1795 parallelos.

926 1806 1045 1834 Horizon
1055 1811 1098 1835 est
1111 1807 1231 1834 circulus
1245 1807 1292 1842 qui
1303 1807 1380 1835 nobis
1395 1806 1538 1842 distinguit
1551 1811 1578 1835 et
1590 1814 1659 1842 appa
1671 1823 1674 1827 -

891 1856 995 1880 rentem
1010 1858 1036 1880 et
1047 1860 1101 1880 non
1115 1857 1289 1888 apparentem
1304 1857 1407 1888 partem
1423 1853 1528 1886 mundi,
1544 1857 1571 1880 et
1583 1861 1676 1888 equa-

891 1898 953 1925 litcr
964 1898 1060 1926 dividit
1081 1902 1166 1925 totam
1194 1899 1328 1934 sphaeram
1352 1899 1458 1932 mundi,
1476 1900 1513 1926 ita
1534 1902 1564 1926 ut
1589 1899 1676 1926 hemi-

891 1944 1035 1979 sphaerium
1052 1952 1135 1979 supra
1151 1949 1252 1972 terram
1266 1945 1437 1977 desumatur.
1452 1945 1674 1980 hemisphaerium

890 1998 954 2017 vero
969 1990 1040 2017 infra
1054 1994 1166 2018 terram.
1180 1990 1250 2018 Sunt
1259 1995 1349 2018 autem
1363 1991 1520 2018 horizontes
1529 1991 1594 2023 duo,
1604 1999 1674 2019 unus

890 2036 937 2072 qui
952 2040 995 2064 est
1009 2037 1155 2068 sensibilis,
1173 2037 1242 2064 alter
1253 2037 1298 2072 qui
1315 2037 1420 2065 ratione
1433 2038 1592 2072 percipitur.
1607 2037 1675 2066 Sen-

891 2082 979 2110 sibilis
991 2082 1104 2110 horizon
1118 2086 1161 2110 est
1175 2083 1222 2118 qui
1234 2090 1249 2109 a
1270 2087 1365 2110 nostro
1376 2083 1436 2111 visu
1451 2083 1615 2111 describitur
1631 2091 1674 2111 sc-

891 2128 1010 2155 cundum
1033 2128 1286 2156 determinationem
1314 2128 1407 2161 visus,
1440 2129 1487 2164 qui
1517 2136 1572 2156 non
1595 2129 1678 2159 habet

891 2175 1021 2208 majorem
1046 2175 1208 2201 diametrum
1228 2173 1322 2202 stadiis
1335 2174 1426 2206 200ος
1442 2178 1469 2201 at
1485 2174 1608 2208 horizon,
1629 2175 1675 2209 qui

891 2222 996 2249 ratione
1011 2221 1159 2256 percipitur
1172 2240 1178 2252 .
1194 2221 1318 2256 pervenit
1334 2221 1368 2248 ad
1380 2220 1514 2255 sphaeram
1534 2221 1675 2249 stellarum

51 2266 171 2302 σφαίρας
193 2266 305 2302 διήκων,
326 2268 373 2294 καὶ
395 2268 543 2303 διχοτομῶν
566 2268 612 2295 τὸν
638 2268 697 2295 ὅλον
725 2268 835 2304 κόσμον.

893 2267 1015 2298 lixarum,
1026 2271 1053 2295 et
1067 2270 1155 2294 totum
1170 2267 1300 2294 mundutn
1312 2267 1453 2302 aequaliter
1463 2267 1569 2294 dividit.

85 2312 125 2338 οὺ
140 2311 211 2339 κατὰ
224 2313 314 2340 πᾶσαν
329 2313 358 2340 δὲ
372 2313 458 2345 πόλιν,
471 2314 518 2341 καὶ
536 2313 628 2350 χώραν
644 2316 658 2341 ὁ
672 2315 753 2347 αὑτός
767 2316 840 2342 ἐστιν

49 2355 167 2392 ὁρίζων·
189 2357 258 2385 ἀλλὰ
279 2358 348 2393 πρὸς
370 2359 421 2394 μὲν
443 2358 493 2395 τὴν
517 2359 643 2395 αἴσθησιν
671 2360 763 2395 σχεδὸν
793 2361 840 2388 ἐπὶ

50 2402 175 2433 σταδίους
197 2405 221 2430 υ’
237 2404 252 2430 ὁ
273 2404 354 2436 αὐτὸς
373 2403 472 2440 ὁρίζων
489 2404 622 2440 διαμένει,
644 2405 714 2432 ὥστε
732 2406 779 2432 καὶ
806 2406 841 2432 τὰ

51 2447 155 2483 μεγέθη
171 2448 226 2476 τῶν
249 2450 370 2485 ἡμερῶν,
393 2449 488 2490 καὶ-τὸ
511 2449 606 2486 κλίμα,
624 2452 671 2478 καὶ
688 2451 722 2478 τὰ
751 2452 840 2479 πάντα

50 2493 202 2528 φαινόμενα
214 2493 249 2521 τὰ
263 2495 331 2522 αὐτὰ
344 2495 493 2531 διαμένειν.

84 2539 219 2566 Πλειόνων
237 2540 265 2567 δὲ
285 2541 398 2568 σταδίων
415 2541 564 2577 γινομένων
579 2543 651 2570 κατὰ
665 2543 715 2579 τὴν
730 2544 839 2580 παραλ-

48 2585 136 2621 λαγὴν
158 2586 209 2620 τῆς
234 2588 375 2622 οίκήσεως,
400 2588 491 2624 ἕτερος
515 2588 613 2624 ὁρίζων
640 2589 743 2623 γίνεται
770 2590 837 2625 (20),

50 2631 121 2658 κατὰ
136 2633 167 2659 τὸ
190 2632 275 2667 κλίμα
297 2634 441 2670 διαφέρων,
457 2635 504 2662 καὶ
520 2636 609 2662 πάντα
631 2635 665 2662 τὰ
686 2637 837 2672 φαινόμενα

83 2711 110 2750 ⁸³-
122 2719 168 2745 γρ.
185 2711 366 2746 ήμικυκλίων.

84 2786 139 2824 (20)
155 2789 277 2826 Ἕτερος
291 2788 393 2824 ὁρίζων
412 2791 533 2826 γίνεται.
544 2790 583 2817 lta
598 2790 626 2817 in
640 2789 758 2826 editis_ct
772 2790 828 2817 An-

51 2823 155 2861 glicano
168 2825 269 2861 codice
284 2823 316 2851 ac
333 2823 435 2853 nostro.
454 2825 606 2861 Perperamr
616 2827 707 2861 itaque
721 2824 826 2861 salma-

50 2866 104 2886 ill"
119 2859 212 2894 (Plin.
228 2858 337 2892 Eram.
353 2868 380 2896 p.
395 2860 444 2889 661
461 2858 649 2896 D')'etnendat,
663 2858 713 2887 κάὶ
725 2859 755 2887 τὺ
769 2860 826 2887 κλί-

925 2313 984 2341 Non
998 2316 1040 2341 est
1053 2317 1143 2340 autem
1159 2313 1229 2340 idem
1251 2313 1364 2340 horizon
1380 2320 1428 2348 per
1441 2320 1536 2341 omnes
1552 2314 1635 2341 urbes
1649 2318 1676 2340 et

891 2359 1027 2394 regiones,
1042 2359 1089 2387 sed
1105 2359 1195 2395 quoad
1209 2367 1318 2387 sensum
1331 2358 1387 2387 fere
1396 2359 1423 2386 in
1434 2359 1531 2387 stadiis
1541 2359 1594 2387 400
1603 2359 1674 2387 idem

892 2405 1004 2433 horizon
1018 2410 1170 2441 permanet,
1180 2406 1218 2432 ita
1240 2410 1269 2433 ut
1289 2410 1317 2434 et
1332 2405 1533 2441 magnitudines
1557 2405 1674 2436 dierum.

891 2456 918 2478 et
929 2452 1020 2485 clima,
1038 2457 1066 2479 et
1079 2459 1176 2479 omnes
1191 2452 1356 2487 apparentia:
1367 2451 1468 2480 credem
1486 2456 1674 2487 permaneant.

926 2542 996 2570 Cum
1010 2549 1076 2570 vero
1087 2541 1165 2577 plura
1178 2541 1280 2569 fuerint
1299 2541 1386 2569 stadia
1399 2541 1478 2576 juxta
1489 2541 1675 2569 diversitatem

893 2588 1079 2621 habitationis,
1096 2588 1167 2615 alius
1183 2587 1212 2615 ﬁt
1229 2588 1353 2619 horizon,
1370 2587 1479 2615 climate
1494 2586 1632 2618 diﬂ‘erens,
1647 2590 1676 2613 et

891 2643 985 2663 omnes
1006 2634 1172 2670 apparentia:
1184 2638 1334 2662 mutantur.
1351 2633 1545 2661 Verumtamen
1566 2638 1674 2669 oportet.

883 2799 925 2829 μα·
941 2791 1080 2828 διαφέρον,
1096 2793 1169 2829 quod
1195 2792 1262 2829 etsi
1274 2792 1368 2819 eodem
1384 2791 1518 2823 recurrit,
1540 2795 1630 2820 tamen
1644 2795 1671 2819 et

882 2826 998 2867 vitlgatae
1013 2826 1124 2867 lectioni
1142 2827 1281 2857 sententia
1303 2829 1413 2854 constat
1431 2830 1457 2854 et
1480 2832 1582 2855 temore
1597 2828 1669 2855 solli-

880 2864 959 2889 citari
977 2870 1031 2890 non
1050 2864 1111 2892 delr-
