1913 3138
215 151 268 179 785

741 141 785 168 AD
805 137 939 166 EUSEBII
959 133 1158 164 CHROMCON
1181 131 1365 159 APPENDIX.

1794 126 1858 154 τεέν

216 210 402 237 diversrtatem
415 202 602 234 habitationis.
616 209 676 236 quze
693 200 744 227 100
767 199 854 227 stadia
873 200 1001 232 superat,

1075 193 1226 220 εταπίπτει.
1246 193 1291 217 Δεῖ
1309 191 1430 226 μέντοιγε
1455 189 1504 224 τὴν
1526 187 1706 224 παραλλαγὴν
1737 195 1788 223 της
1808 188 1857 213 0!-

218 254 304 290 acctpi
333 251 481 281 secundum
507 255 647 276 aecessum
672 247 706 274 ad
734 245 948 281 septentrionem
977 246 1004 270 et

219 289 369 328 meridiem.
389 297 456 324 Nam
474 296 507 322 iis
521 295 567 330 qui
582 294 705 321 habitant
732 293 784 320 sub
802 291 898 319 eodem
914 289 1005 324 paral-

220 348 283 377 lelo,
301 350 329 373 et
351 345 444 372 decem
472 341 592 369 millibus
619 340 770 367 stadiorum
796 345 811 364 a
834 345 864 364 se
889 336 1004 362 invicem

219 392 333 423 distant,
344 389 469 416 diversus
480 386 590 422 quidem
605 390 647 413 est
663 384 789 414 horizon,
806 382 853 409 scd
868 382 949 409 clima
963 383 1006 407 est

220 437 302 468 idem,
315 441 465 469 omnesque
481 432 647 467 apparentia
669 434 734 458 sunt
750 429 862 457 similes.
880 427 913 454 At
928 427 1005 462 prin-

220 481 301 516 cipia,
317 484 344 507 et
357 481 426 507 lines
446 479 552 506 dierum
568 484 623 504 non
649 476 729 504 simul
752 474 880 501 omnibus
907 476 1004 504 erunt,

220 530 266 565 qui
278 529 304 556 in
319 527 414 555 eodem
430 525 561 562 parallelo
575 524 708 552 habitant.
722 521 879 550 Secundum
892 520 1006 548 rationis

220 581 309 603 autem
320 578 445 602 exactum
460 572 605 607 judicium,
621 571 713 599 statim
728 577 790 597 cum
806 569 836 596 fit
858 568 898 595 vel
923 567 1006 594 mini-

222 628 282 648 mus
296 626 424 647 accessus
440 625 535 646 versus
561 624 752 652 quamcunque
773 615 865 642 mundi
892 618 1006 649 partem,

221 671 342 696 mutatur
356 671 383 695 et
398 666 521 699 horizon,
534 669 561 692 et
572 665 662 697 clima,
677 670 827 698 oninesque
840 661 1007 697 apparentia:

223 719 287 743 sunt
303 715 427 742 diversaz.

255 805 317 833 Non
334 804 498 833 describitur
514 807 604 831 autem
627 801 741 828 horizon
757 801 784 827 in
805 799 918 835 sphzeris
945 805 1010 833 pro-

224 858 282 889 pter
296 854 377 880 talem
393 859 522 883 causam,
549 849 621 885 quod
650 848 747 883 reliqui
776 847 870 874 circuli
898 853 1006 876 omnes.

224 907 285 926 cum
299 899 419 926 mundus
435 898 469 925 ab
484 900 547 924 ortu
561 896 589 922 in
610 902 738 922 occasum
755 893 850 924 fertur,
865 899 919 918 una
943 898 1009 917 con-

223 947 366 972 vertantur
381 947 407 971 et
423 943 475 977 ipsi
486 949 549 969 cum
563 945 638 967 motu
657 939 760 966 mundi.
777 938 809 964 At
825 937 938 964 horizon
959 942 1008 962 na-

225 995 285 1017 tura
304 993 346 1017 est
362 988 521 1020 immobilis,
535 993 696 1021 semperque
715 985 840 1012 eumdem
859 988 948 1011 servat
973 982 1010 1010 si-

226 1044 293 1064 tum.
309 1035 337 1063 Si
351 1036 433 1071 igitur
444 1035 600 1062 horizontes
614 1033 834 1060 describerentur
845 1031 871 1057 in
885 1030 1009 1065 splneris,

227 1082 340 1116 spha‘ris
356 1080 448 1112 motis,
465 1079 636 1114 contingeret
652 1082 678 1105 et
693 1078 863 1104 horizontem
888 1075 989 1102 moveri
1003 1097 1010 1107 ,

226 1132 253 1154 et
268 1127 325 1155 ﬁeri
338 1126 513 1154 verticalem:
532 1124 604 1160 quod
620 1131 674 1151 non
695 1127 736 1150 est
752 1122 939 1157 cogitandum,
953 1124 1011 1148 est-

226 1181 279 1209 que
294 1173 410 1201 alienum
430 1180 444 1199 a
459 1171 584 1199 doctrina
603 1170 745 1205 splnerica.
769 1163 845 1195 Situs
859 1172 950 1194 tamen
964 1166 1012 1193 ho-

228 1219 341 1247 rizontis
351 1226 384 1246 ex
401 1217 571 1253 receptaculo
589 1217 700 1252 sphaera:
716 1215 887 1250 intelligitur.

264 1348 430 1377 Meridianus
445 1351 487 1376 est
501 1348 632 1380 circulus.
653 1347 699 1383 qui
717 1355 764 1383 per
777 1346 872 1374 mundi
888 1346 966 1382 polos
987 1350 1015 1374 et

228 1404 276 1432 per
290 1400 419 1431 punctum
432 1395 563 1422 verticale
578 1394 752 1426 describitur,
765 1394 800 1421 ad
815 1401 895 1429 quem
913 1394 959 1420 ubi
973 1393 1014 1420 sol

230 1442 361 1478 pervenit,
372 1441 532 1468 medietates
544 1440 660 1473 dierum,
675 1444 702 1468 et
717 1440 877 1468 medictatcs
891 1439 1014 1466 noctium

229 1486 319 1514 ei‘ﬁcit.
333 1486 380 1514 Est
397 1490 424 1513 et
441 1486 486 1513 hic
499 1486 620 1514 circulus
640 1485 786 1513 immobilis
805 1486 833 1512 in
848 1485 950 1512 mundo
961 1505 968 1517 ,
988 1489 1015 1512 et

229 1532 354 1560 eumdem
369 1532 457 1568 locum
473 1532 572 1559 retinet
593 1532 620 1558 in
643 1535 698 1558 tota
713 1532 807 1558 mundi
825 1531 1013 1558 conversione.
1029 1551 1049 1579 C

231 1577 323 1614 Reque
343 1578 387 1605 hic
401 1578 520 1605 circulus
539 1578 704 1605 deserihitur
727 1578 755 1604 in
776 1577 891 1612 sphan‘is
905 1577 1015 1605 stellife-

231 1625 281 1657 ris,
296 1632 328 1652 eo
344 1623 417 1659 quod
432 1627 459 1652 et
484 1624 632 1652 immobilis
653 1625 705 1658 sit,
720 1632 770 1652 nec
784 1625 866 1652 ullam
892 1624 1017 1652 admittat

232 1671 420 1698 mutationem.

266 1804 326 1832 Non
336 1807 379 1832 est
395 1808 485 1832 autent
498 1811 547 1838 per
562 1811 657 1831 omnes
672 1803 796 1838 regiones
809 1806 836 1830 et
851 1802 932 1830 urbes
945 1801 1017 1828 idem

233 1851 401 1878 meridianus
415 1859 421 1877 :
438 1850 486 1877 sed
499 1849 588 1885 quoad
599 1857 720 1881 sensum,
737 1849 794 1876 fere
807 1849 840 1875 ad
857 1847 943 1875 stadia
954 1847 1017 1880 500,

233 1897 302 1925 idem
317 1900 456 1932 permanet
475 1895 662 1924 meridianus:
688 1895 778 1930 quoad
806 1895 921 1922 rationis
947 1894 1019 1928 judi-

233 1943 318 1976 cium,
334 1943 425 1971 statim
442 1950 504 1970 cum
524 1942 553 1969 ﬁt
570 1942 830 1977 quantuluscunque
855 1947 1019 1976 progressus

233 1990 276 2017 vel
291 1996 387 2016 versus
403 1989 547 2020 orientem,
560 1988 603 2015 vel
620 1996 716 2016 versus
733 1994 863 2014 occasum
874 2007 881 2019 ,
905 1986 975 2014 alius
990 1986 1019 2012 tit

234 2036 412 2064 meridianus.
447 2035 513 2062 Nam
544 2033 694 2062 secundum
722 2041 897 2069 progressum
924 2040 1020 2060 versus

235 2083 459 2118 septentrionem,
470 2086 496 2109 et
509 2088 604 2108 versus
619 2080 769 2110 meridiem.
782 2080 889 2106 etiamsi
906 2079 1020 2106 interce-

233 2131 299 2158 dant
316 2128 466 2156 stadiorum
481 2128 574 2154 decem
601 2127 701 2159 millia,
727 2130 816 2152 tamen
834 2125 905 2152 idem
929 2129 1021 2152 manet

235 2176 425 2204 meridianus:
447 2173 597 2202 secundum
624 2180 799 2208 progressum
815 2179 879 2199 vero
901 2171 935 2198 ab
959 2175 1022 2198 ortu

1056 241 1160 275 κήσεως
1176 238 1224 273 τὴν
1249 237 1319 271 ὑπὲρ
1339 239 1361 261 u'
1379 234 1473 262 στάδια
1495 228 1682 270 λαμῖϐάνεσῦαι
1702 233 1777 260 κατὰ
1797 232 1856 266 τὴν

1055 287 1123 322 πρὸς
1146 286 1248 320 ἄρκτον
1269 284 1315 309 καὶ
1335 282 1402 316 πρὸς
1428 280 1600 316 μεσημϐρίαν
1627 279 1759 315 πάροδον.
1786 279 1855 309 Τοῖς

1057 330 1107 366 μὲν
1120 330 1174 365 γὰρ
1188 329 1234 354 ἐπὶ
1247 327 1294 353 τοῦ
1313 326 1395 353 αὐτοῦ
1411 324 1583 360 παραλλήλου
1595 323 1712 355 οἰκοῦσι,
1729 323 1779 349 καὶ
1793 322 1855 348 ἀπὸ

1057 377 1160 412 μυρίων
1176 374 1288 401 σταδίων
1304 373 1481 408 ὑπάρχουσιν,
1499 372 1512 397 6
1529 371 1577 406 μὲν
1592 369 1691 405 ὁρίζων
1718 370 1778 395 ἐστὶ
1791 369 1856 395 διὰ·

1057 431 1148 457 φορος,
1163 421 1192 447 τὸ
1206 421 1233 446 δὲ
1250 420 1335 454 κλίμα
1351 418 1380 445 τὺ
1395 417 1469 449 αὑτὴ,
1484 417 1529 443 καὶ
1547 416 1634 443 πάντα
1646 416 1682 442 τὰ
1696 416 1855 450 φαινόμενα

1056 468 1242 504 παραπλήσια.
1261 466 1292 492 Αἰ
1318 465 1442 500 μέντοιγε
1460 464 1543 499 ἀριςσίι
1566 464 1613 489 καὶ
1635 462 1764 488 τελευταὶ
1795 461 1854 487 τῶν

1057 514 1167 551 ἡμερῶν
1183 513 1232 548 οὐχ
1247 512 1305 547 ἃμα
1329 511 1411 538 πᾶσιν
1428 510 1535 536 ἔσονται
1558 510 1612 540 τοῖς
1630 509 1676 534 ἐπὶ
1691 507 1742 534 τοῦ
1768 507 1854 534 αὑτοῦ

1058 559 1228 597 παραλλήλου
1252 557 1372 584 οἰκοῦσι·
1401 556 1471 583 κατὰ
1495 555 1524 582 δὲ
1550 555 1598 590 τὴν
1621 555 1691 590 προς
1711 554 1855 587 τὸνλόγον

1057 606 1199 642 ἀκρίϐειαν
1231 605 1289 640 ἅμα
1319 603 1358 639 τῷ
1389 601 1547 637 στιγμιαίαν
1574 601 1692 636 πάροδον
1724 591 1854 634 γενέσθαι

1058 652 1118 679 καθ’
1136 650 1274 677 ὁποιονοῦν
1293 649 1374 684 μέρος
1388 648 1434 675 τοῦ
1458 647 1572 682 κόσμου⁷
1589 645 1759 682 μεταπίπτει
1777 645 1821 670 καὶ
1838 645 1857 670 6

1058 698 1165 734 ὁρίζων,
1189 696 1236 724 καὶ
1258 696 1289 722 τὸ
1311 695 1439 730 ἓγκλιμα,
1457 694 1505 720 καὶ
1529 693 1616 720 πάντα
1640 692 1675 719 τὰ
1700 691 1856 727 φαινόμενα

1058 745 1183 779 διάφορα.

1095 791 1132 817 Οὐ
1149 789 1352 823 καταγράφεται
1375 787 1404 813 δὲ
1426 786 1554 822 ὸόρίζων
1577 787 1606 812 ὲν
1629 786 1691 816 ταῖς
1722 784 1856 819 σφαίραις

1061 838 1093 865 δι’
1112 836 1200 863 αἰτίαν
1217 834 1354 869 τοιαύτην,
1369 834 1409 860 ὅτι
1422 834 1446 859 οἱ
1465 833 1514 868 μὲν
1528 832 1615 858 λοιποὶ
1629 830 1726 858 κύκλοι
1741 831 1854 861 πάντες,

1060 881 1209 918 φερομένου
1227 880 1273 907 τοῦ
1292 879 1393 914 κόσμου
1414 879 1460 905 ἀπ’
1478 877 1614 905 ἀνατολῶν
1630 877 1678 903 ἐπὶ
1695 877 1747 912 τὴν
1764 875 1854 906 δύσιν,

1062 927 1342 963 συμπεριστρέφονται
1363 926 1410 952 καὶ
1436 924 1513 950 αὐτοὶ
1536 922 1595 958 ἃμα
1621 923 1655 957 τῇ
1681 922 1729 948 τοῦ
1748 922 1857 956 κόσμου

1061 975 1180 1010 κινήσει·
1198 974 1212 999 6
1227 973 1255 999 δὲ
1271 972 1369 1008 ὁρίζων
1384 972 1442 998 ἐστὶ
1466 969 1545 1004 φύσει
1570 970 1710 1004 ἀκίνητος,
1729 969 1782 1003 τὴν
1804 968 1857 994 αὖ·

1060 1020 1109 1056 τὴν
1121 1019 1196 1051 τάξιν
1214 1018 1400 1053 διαφυλάττων
1415 1017 1458 1044 διὰ
1473 1015 1582 1047 παντός.
1599 1016 1630 1042 Εἰ
1647 1013 1694 1041 οὖν
1717 1014 1859 1049 κατεγρά-

1063 1075 1143 1101 φοντο
1159 1066 1183 1091 οἱ
1207 1064 1345 1100 ὁρίζοντες
1372 1065 1402 1090 ὲν
1425 1064 1485 1094 ταῖς
1505 1062 1631 1097 σφαίραις
1660 1061 1860 1096 στρεφομένων

1063 1112 1162 1144 αὐτῶν,
1190 1111 1342 1137 συνέὸαινεν
1366 1109 1398 1136 ἂν
1421 1109 1465 1136 τὸν
1490 1108 1614 1143 ὁρίζοντα
1635 1106 1781 1137 κινείσῡαι,
1809 1106 1859 1132 καὶ

1063 1159 1133 1186 κατὰ
1147 1158 1270 1194 κορυφὴν
1291 1156 1414 1191 γίνεσθαι
1424 1164 1431 1170 ·
1446 1155 1514 1190 ὅπερ
1530 1154 1602 1180 ἐστὶν
1615 1152 1787 1186 ἀδιανόητον,
1811 1151 1861 1177 καὶ

1063 1206 1200 1241 ἀλλότριον
1226 1204 1274 1230 τοῦ
1294 1201 1441 1239 σῳαιρικοῦ
1467 1201 1557 1235 λόγου.
1588 1199 1656 1226 Ὑπὸ
1682 1198 1732 1233 μέν
1757 1206 1791 1231 γε
1807 1197 1859 1231 τῆς

1065 1251 1250 1287 σφαιροθήκης
1278 1249 1333 1285 (21)
1365 1250 1382 1284 ἡ
1414 1248 1460 1274 τοῦ
1498 1246 1634 1282 ὁρίζοντος
1664 1245 1742 1276 θέσις
1773 1251 1861 1270 κατα-

1064 1300 1173 1325 νοεῖται.

1099 1343 1293 1380 Μεσημὸρινὺς
1308 1343 1336 1369 δέ
1350 1344 1408 1369 ἐστι
1423 1341 1522 1373 κύκλος
1535 1341 1549 1366 6
1565 1339 1608 1366 διὰ
1623 1338 1678 1365 τῶν
1688 1336 1736 1364 τοῦ
1752 1337 1860 1371 κόσμου

1065 1391 1154 1418 πόλων
1175 1391 1222 1417 καὶ
1237 1390 1285 1417 τοῦ
1311 1390 1381 1416 κατὰ
1400 1388 1522 1423 κορυφὴν
1547 1385 1660 1421 σημείου
1681 1383 1859 1420 γραφόμενος

1067 1437 1206 1473 [mittier]
1235 1437 1277 1470 ἐφ’
1300 1433 1331 1462 οὗ
1356 1435 1500 1469 γενόμενος
1523 1434 1538 1459 6
1559 1432 1633 1468 ἣλιος
1649 1430 1684 1457 τὰ
1704 1430 1775 1465 μέσα
1804 1428 1859 1454 τῶν

1066 1483 1176 1519 ἡμερῶν
1190 1483 1235 1509 καὶ
1251 1482 1285 1509 τὰ
1301 1481 1371 1517 μέσα
1390 1481 1444 1507 τῶν
1461 1479 1566 1506 νυκτῶν
1587 1479 1714 1504 ποιεῖται.
1732 1476 1789 1502 Καὶ
1813 1472 1859 1500 οὗ·

1066 1540 1111 1562 τος
1134 1530 1163 1557 δὲ
1186 1531 1259 1556 ἐστιν
1286 1529 1300 1555 6
1328 1527 1427 1558 κύκλος
1453 1526 1580 1560 ἀκίνητος
1613 1525 1642 1550 ἐν
1676 1522 1716 1557 τῷ
1751 1521 1858 1556 κόσμῳ,

1067 1577 1113 1604 καὶ
1138 1575 1187 1611 τὴν
1210 1575 1294 1610 αὐτὴν
1321 1573 1396 1605 τάξιν
1411 1571 1597 1606 ὀιαφυλάσσων
1620 1570 1648 1594 ὲν
1675 1568 1723 1603 ὅλη
1750 1568 1784 1602 τῇ
1813 1566 1859 1592 τοῦ

1067 1623 1168 1658 κόσμου
1194 1621 1370 1656 περιστροφῇ.
1397 1619 1433 1645 Οὺ
1461 1617 1667 1652 καταγράφεται
1689 1615 1718 1641 δὲ
1737 1613 1799 1639 οὐδὲ
1816 1609 1861 1638 οἶε-

1067 1677 1111 1700 τος
1123 1669 1138 1694 ὁ
1151 1667 1248 1698 κύκλος
1264 1668 1292 1693 ἐν
1305 1667 1364 1697 ταῖς
1379 1664 1639 1699 κατηστερισμέναις
1659 1661 1801 1696 σφαίραις.
1817 1660 1860 1686 διὰ

1067 1715 1097 1741 τὸ
1110 1714 1157 1741 καὶ
1173 1713 1300 1748 ἀκίνητος
1313 1710 1395 1744 εἶναι,
1413 1712 1460 1737 καὶ
1474 1710 1607 1746 μηδεμίαν
1623 1707 1797 1742 ἐπιδέχεσθαι
1817 1714 1862 1741 με·

1069 1761 1218 1787 τάπτωσιν.
1358 1750 1361 1757 ί

1103 1806 1140 1833 Οὐ
1157 1805 1229 1832 κατὰ
1245 1806 1334 1831 πᾶσαν
1352 1804 1380 1830 δὲ
1394 1802 1486 1839 χώραν
1502 1803 1549 1829 καὶ
1572 1801 1648 1827 πόλιν
1671 1801 1685 1826 ὁ
1703 1800 1786 1831 αὐτός
1803 1799 1860 1824 ἐστι

1071 1850 1270 1886 μεσημϐρινός·
1292 1849 1358 1876 ἀλλὰ
1382 1848 1449 1884 πρὸς
1473 1847 1521 1882 μὲν
1546 1847 1594 1880 τὴν
1619 1845 1748 1880 αἴσθησιν
1770 1843 1862 1878 σχεδὸν

1069 1897 1115 1923 ἐν).
1130 1896 1251 1926 σταδίους
1267 1897 1288 1921 τ’
1303 1895 1318 1920 6
1334 1894 1416 1924 αὐτὸς
1432 1892 1618 1928 μεσημὸρινδς
1634 1889 1774 1924 διαμένει·
1794 1888 1862 1923 πρὸς

1069 1943 1096 1969 δὲ
1110 1942 1159 1978 τὴν
1180 1943 1209 1967 ὲν
1230 1940 1268 1976 τῷ
1281 1941 1352 1975 λόγῳ
1367 1939 1519 1975 ἀκρίϐειαν,
1535 1938 1592 1972 ἅμα
1608 1936 1646 1972 τῷ
1665 1936 1716 1972 τὴν
1727 1935 1862 1970 τυχοῦσαν

1070 1987 1192 2023 γίνεσθαι
1216 1986 1331 2022 πάροδον
1352 1985 1369 2021 ἢ
1395 1985 1463 2020 πρὸς
1485 1983 1616 2019 ἀνατολὴν
1636 1984 1653 2018 ἢ
1679 1981 1750 2018 πρὸς
1775 1981 1862 2011 δύσιν,

1070 2034 1163 2069 ἔτερος
1188 2032 1291 2067 ¹γίνεται
1319 2030 1512 2067 μεσημϐρινός.
1538 2028 1616 2055 Κατὰ
1647 2028 1698 2063 μὲν
1735 2026 1790 2063 γὰρ
1815 2026 1862 2060 τὴν

1071 2083 1139 2119 πρὸς
1158 2082 1258 2118 ἄρκτον
1274 2080 1402 2116 καὶπρὸς
1418 2077 1591 2115 μεσημϐρίαν
1607 2076 1736 2112 πάροδον,
1749 2075 1797 2102 καὶ
1818 2075 1864 2101 ἐὰν

1074 2127 1175 2165 μεταξῦ
1195 2127 1286 2163 μύριοι
1302 2127 1404 2153 στάδιοι
1421 2125 1584 2160 ὑπάρχουσι,
1595 2124 1609 2149 6
1621 2122 1704 2154 αὐτὸς
1723 2123 1800 2157 μένει
1817 2130 1863 2156 με-

1074 2174 1240 2210 σημόρινός·
1259 2172 1330 2199 κατὰ
1355 2172 1383 2198 δὲ
1406 2170 1455 2206 τὴν
1478 2170 1526 2196 ἀπ’
1540 2168 1672 2203 ἀνατολῆς
1695 2167 1766 2203 πρὸς
1790 2167 1864 2194 δύσιν

234 2231 330 2251 versus
341 2228 467 2249 occasum
476 2219 634 2247 diﬁc-rentia:
644 2219 780 2246 exsistunt
793 2218 1014 2245 meridianorum.

1075 2221 1189 2256 πάροδον
1206 2220 1333 2254 διαφοραὶ
1350 2226 1418 2253 μεση
1423 2216 1554 2253 μϐρινῶν.

217 2274 225 2295 ξ
269 2269 403 2304 Obliquus
414 2268 495 2294 etiam
508 2271 550 2294 est
566 2266 686 2293 circulus
703 2266 751 2292 vim
766 2265 868 2292 lacteas.
887 2264 936 2291 Hic
949 2265 1020 2291 enim

236 2316 357 2343 circulus
378 2313 474 2349 majori
496 2312 640 2340 latitudine
654 2312 810 2347 ohliquatus
826 2315 877 2342 est.
894 2318 976 2346 quam
993 2314 1022 2336 ut

238 2363 309 2389 inter
324 2362 443 2396 tropicos
458 2360 642 2390 contineatur,
655 2363 683 2386 et
694 2359 864 2394 compositus
875 2363 916 2386 est
928 2367 961 2386 ex
983 2363 1023 2386 te-

238 2408 342 2435 nuitate
359 2406 510 2434 nebulosa:
527 2405 601 2433 solus
624 2405 706 2432 etiam
736 2405 781 2432 hic
807 2405 835 2432 in
867 2405 969 2432 mundo
982 2409 1024 2432 est

238 2454 415 2488 conspicuus.
432 2452 499 2488 Ejus
523 2452 638 2478 latitudo
654 2459 708 2478 non
729 2455 771 2478 cst
793 2451 921 2479 distincta
937 2471 945 2482 ,
975 2451 1021 2478 sed

238 2499 389 2528 secundum
404 2498 472 2526 alias
497 2501 588 2533 partes
609 2497 654 2524 hic
679 2497 798 2525 circulus
814 2501 856 2525 est
872 2497 964 2529 latior,
978 2505 1022 2524 se-

238 2545 357 2573 cundum
375 2545 443 2572 alias
463 2543 614 2579 angustior.
631 2542 672 2570 Oh
690 2550 771 2578 quam
786 2550 898 2570 causam
914 2543 941 2569 in
961 2543 1023 2577 plu-

239 2591 317 2620 rimis
342 2591 457 2626 sphaaris
481 2598 515 2617 ne
533 2590 699 2618 describitur
715 2589 823 2624 quidem
851 2589 901 2616 via:
931 2589 1024 2615 lactea:

239 2638 369 2665 circulus.
387 2637 436 2664 Est
452 2641 479 2665 et
499 2637 543 2663 hic
560 2643 633 2663 unus
647 2635 827 2662 maximorum
845 2635 1023 2662 circulorum.

240 2682 349 2710 Maximi
365 2682 438 2709 enim
461 2681 488 2708 in
510 2681 624 2716 sphaeris
649 2680 778 2708 dicuntur
797 2680 893 2706 circuli
918 2680 956 2706 illi
979 2680 1026 2715 qui

240 2729 312 2756 idem
340 2736 403 2756 cum
428 2728 535 2763 sphaera
557 2727 659 2754 habent
680 2731 814 2754 centrum.
842 2725 912 2753 Sunt
933 2731 1024 2755 autem

275 2806 298 2822 “
312 2815 357 2842 πρ.
378 2806 408 2832 οὺ
427 2804 600 2840 κεχώρισται.

1108 2255 1190 2299 Ᾱοξὸς
1201 2265 1229 2292 δέ
1243 2267 1301 2292 ἐστι
1310 2264 1408 2294 κύκλος
1418 2264 1465 2290 καὶ
1474 2265 1488 2290 ό
1496 2262 1544 2289 τοῦ
1557 2261 1701 2296 γάλακτος.
1715 2255 1801 2291 οὗτος
1819 2259 1864 2293 μὲν

1076 2313 1174 2348 μείζων
1186 2311 1280 2338 πλάτει
1296 2310 1440 2343 λελὸξωται
1455 2309 1508 2336 τῶν
1524 2307 1660 2344 τροπικῶν
1683 2305 1805 2336 κύκλων,
1822 2313 1865 2330 συ-

1074 2358 1186 2393 νέστηκε
1200 2358 1229 2383 δὲ
1245 2358 1278 2384 ὲκ
1295 2356 1495 2392 βραχυμερείας
1509 2352 1691 2388 νεφελοειδοῦς
1701 2360 1708 2367 ·
1725 2351 1776 2378 καί
1795 2351 1865 2377 ἐστιν

1074 2405 1103 2431 ὲν
1118 2404 1157 2440 τῷ
1179 2404 1273 2439 κόσμῳ
1291 2403 1370 2439 μόνος
1396 2401 1544 2438 θεωρητός.
1567 2399 1625 2435 Οὐχ
1647 2399 1766 2435 ὥρισται
1793 2398 1817 2413 ’³
1839 2397 1863 2422 δὲ

1076 2451 1158 2478 αὐτοῦ
1175 2452 1204 2477 τὸ
1223 2450 1333 2481 πλάτος,
1348 2448 1415 2476 ἀλλὰ
1436 2447 1505 2475 κατὰ
1528 2447 1576 2482 μέν
1592 2455 1654 2473 τινα
1680 2445 1752 2480 μέρη
1766 2443 1865 2470 πλατύ-

1074 2497 1153 2533 τερός
1169 2498 1237 2528 ἐστι,
1254 2496 1322 2523 κατὰ
1332 2496 1359 2522 δέ
1370 2504 1430 2521 τινα
1441 2485 1605 2529 στενότερος.
1617 2492 1655 2518 Δι’
1671 2492 1769 2527 ἥντινα
1780 2490 1864 2517 αἰτίαν

1075 2544 1104 2569 ὲν
1125 2544 1184 2574 ταῖς
1201 2542 1340 2573 πλείσταις
1353 2540 1482 2576 σφαίραις
1491 2540 1552 2566 οὐδὲ
1568 2537 1776 2574 καταγράφεται
1791 2537 1805 2562 ὀ
1822 2535 1864 2561 τοῦ

1075 2588 1209 2623 γάλακτος
1217 2587 1326 2619 κύκλος.
1338 2587 1451 2622 Ἔστι-δὲ
1461 2587 1507 2613 καὶ
1517 2583 1593 2616 οὗτος
1600 2585 1654 2611 τῶν
1673 2583 1813 2618 μεγίστων
1827 2581 1867 2607 κύ-

1075 2635 1285 2670 κλων-μέγιστοι
1292 2634 1345 2669 γὰρ
1352 2635 1380 2660 ὲν
1390 2633 1515 2668 σφαίραις
1524 2632 1646 2665 λέγονται
1655 2629 1782 2656 κύκλοιοι
1791 2628 1820 2654 τὸ
1826 2627 1866 2653 αὗ‹

1077 2681 1108 2708 τὸ
1118 2681 1230 2717 κέντρον
1246 2681 1351 2716 ἔχοντες
1370 2682 1399 2716 τῇ
1409 2679 1520 2714 σφαίρᾳ.
1531 2679 1591 2704 Εἰσὶ
1600 2677 1627 2703 δὲ
1641 2677 1767 2712 μέγιστοι
1776 2674 1865 2701 κύκλοι

1078 2728 1162 2755 ἑπτά·
1184 2727 1349 2764 ἰσημερινός,
1371 2725 1512 2759 ζωδιακὸς,
1535 2723 1583 2751 καὶ
1604 2724 1618 2750 6
1639 2722 1684 2749 διὰ
1702 2722 1797 2757 μέσων
1816 2718 1865 2746 τῶν

278 2865 332 2899 (⁸21)
364 2864 430 2891 Ὑπὸ
455 2864 511 2899 μέν
538 2872 571 2899 τε
598 2863 652 2898 τῆς
674 2863 888 2899 σφαφοθήκης,
914 2863 980 2898 Leg.
1011 2863 1076 2892 ἀπό.
