1913 3138
102 169 158 197 789

603 172 719 200 GEMINI
739 172 926 200 ELEMENTA
948 171 1197 200 ASTRONOMIE.

1680 171 1730 200 790

100 227 225 261 γίνεται·
257 228 338 264 ἑτέρα
359 229 388 256 δὲ
409 229 549 266 τρίμηνος,
565 229 625 268 ὲνῇ
645 232 698 258 ἀπὸ
720 231 767 258 τοῦ
789 231 893 268 θερινοῐ

949 231 1096 259 trimestris
1123 230 1193 261 dies,
1212 230 1241 258 in
1256 236 1310 265 qua
1333 229 1368 256 ab
1382 229 1477 257 aestivo
1489 227 1596 264 tropico
1610 227 1643 256 ad
1658 229 1731 256 hori~

101 273 237 308 τροπικοῦ
250 274 296 301 ἐπὶ
314 275 360 302 τὸν
374 275 498 311 ὁρίζοντα
513 278 632 313 καταντᾷ
643 286 649 292 ·
662 279 708 304 καὶ
729 279 818 305 πάντα
831 278 892 304 τοῦ·

99 329 151 347 τον
166 321 212 348 τὸν
228 321 322 357 χρόνον
339 322 411 349 κατά
426 324 489 355 τοὺς
505 324 575 360 ὑπὲρ
589 325 640 360 γῆν
656 324 771 357 κύκλους
787 326 893 362 παραλ-

100 365 205 402 λήλους
219 367 406 403 ὲνεχθήσεται.
431 370 506 396 Ἐπεὶ
520 370 548 397 δὲ
564 370 706 406 συμϐαίνει
723 372 772 406 τὴν
787 371 893 408 οἴκησιν

101 412 208 448 ταύτην
221 414 251 440 ὲν
265 415 336 450 μέσῃ
360 417 393 451 τῇ
409 416 601 453 κατεψυγμένη
619 417 666 444 καὶ
686 418 805 453 ἀοικήτῳ
821 417 894 454 ζώνῃ

102 458 250 495 ὑπάρχειν,
267 459 374 494 ἀνάγκη
388 460 433 486 διὰ
451 461 550 493 παντὸς
563 463 656 496 νέφεσι
673 463 834 498 κατέχεσθαι
848 464 893 490 τὸν

102 504 199 537 τόπον,
219 506 267 532 καὶ
288 506 333 532 ἐπὶ
355 506 420 534 πολὺ
446 507 526 542 βάθος
547 508 627 544 ἀέρος
648 510 839 545 συνεστηκέναι
859 511 893 537 τὰ

102 550 186 586 νέφη.
197 551 243 577 καὶ
256 551 292 586 μὴ
303 551 431 579 δύνασθαι
442 553 490 585 τὰς
501 553 548 580 τοῦ
559 554 635 589 ἡλίου
643 555 729 589 αὐγὰς
740 555 894 583 διακόπτειν

102 596 140 623 τὰ
161 597 245 632 νέφη·
268 597 337 624 ὥστε
362 598 479 632 εὐλόγως
501 599 586 626 νύκτα
603 601 626 616 ’⁵
642 600 686 627 διὰ
702 601 802 633 παντὸς
825 599 894 628 εἶναι

102 642 171 676 παρ’
187 642 278 674 αὐτοῖς
293 643 397 675 σκότος,
414 643 498 671 Ὅταν
512 645 560 680 μὲν
574 645 628 681 γὰρ
641 646 713 682 ὑπὲρ
725 646 776 682 γῆν
785 647 894 683 ὑπάρχῃ

101 689 117 714 ό
131 688 220 723 ἦλιος,
242 689 336 721 σκότος
351 691 409 716 ἐστὶ
422 692 485 726 παρ’
497 691 588 723 αὐτοῖς
601 692 645 719 διὰ
657 692 706 728 τὴν
723 693 894 728 παχυμερίαν

104 735 162 762 τῶν
177 735 266 770 νεφῶν
277 745 284 752 ·
300 736 362 763 ὃταν
377 737 405 763 δὲ
420 736 472 763 ὑπὸ
493 737 538 764 τὸν
550 737 675 773 ὁρίζοντα
692 740 706 765 ό
722 739 797 773 ἥλιος
811 737 839 777 ᾖ,
851 739 895 766 διὰ

103 780 158 816 τὴν
168 782 284 817 φυσικὴν
298 783 421 818 ἀνάγκην
435 784 482 817 νύξ
497 784 554 811 ὲστι
571 785 636 820 παρ’
652 785 741 817 αὐτοῖς
752 794 758 800 ·
771 785 841 812 ὥστε
851 785 895 812 διὰ

106 827 210 859 παντὸς
235 828 385 863 ἀφώτιστον
405 829 495 856 αὐτῶν
520 828 589 857 εῖναι
610 830 660 866 τὴν
676 830 792 866 οίκησιν.
810 831 895 858 Τοῦτο

102 871 164 903 οὖν,
183 873 259 908 φησὶ,
274 873 305 900 τὺ
318 873 462 910 λεγόμενόν
477 875 550 902 ἐστιν
562 875 615 902 ὑπὸ
628 876 674 903 τοῦ
694 876 805 912 ποιητοῦ
814 885 823 894 ’

477 931 548 959 οὐδέ
564 933 630 960 ποτ’
645 933 756 966 αὐτοὺς

185 964 299 998 Ἠέλιος
313 966 430 1001 φαέθων
440 966 622 1002 ἐπιδέρκεται
636 964 824 996 ἀκτίνεσσιν.

143 1022 173 1048 ΕΙ
192 1022 240 1057 μὲν
262 1019 307 1049 οὖν
332 1022 418 1049 ταῦτα
440 1023 596 1058 ἐνθυμεῖται
611 1024 624 1051 ό
648 1025 780 1060 Ὅμηρος,
804 1024 897 1061 ἔτερος

104 1066 178 1093 Ιοτω
205 1066 296 1101 λόγος’
312 1067 353 1094 ὃτι
374 1067 402 1094 δέ
419 1068 471 1094 εἰσι
488 1068 564 1094 τόποι
579 1068 660 1100 τινὲς,
683 1069 734 1104 τῆς
748 1069 800 1104 γῆς
819 1078 898 1103 σφαι-

105 1112 227 1148 ροειδοῦς
239 1113 423 1149 ὑπαρχούσης,
433 1113 539 1149 ἔχοντες
548 1113 582 1141 τὰ
594 1115 780 1151 προειρημένα
793 1115 896 1151 μεγέθη

102 1158 161 1185 τῶν
175 1158 287 1194 ἡμερῶν
299 1159 366 1196 πρδς
379 1159 491 1195 ἄλληλα,
503 1159 581 1194 δῆλον
597 1160 643 1187 ἀπ’
657 1160 743 1196 αὐτῆς
755 1161 805 1196 τῆς
819 1161 898 1195 σφαί-

104 1213 168 1240 ρας.
186 1205 255 1238 Τοὺς
275 1205 397 1240 μέντοιγε
419 1206 519 1238 τόπους
535 1205 645 1238 τούτους
660 1207 806 1242 ἀοικήτους
827 1206 896 1234 εἶναι

104 1250 250 1286 συμϐαίνει
264 1251 308 1277 διὰ
329 1251 378 1286 τὴν
396 1251 443 1278 τοῦ
459 1252 562 1287 ψύχους
582 1252 747 1288 ὑπερϐολήν.
766 1253 809 1279 Ἐν
825 1253 895 1288 μέσῃ

102 1297 160 1330 γὰρ
177 1297 280 1323 κεῖνται
296 1298 328 1332 τῇ
343 1297 537 1334 κατεψυγμένη
553 1297 634 1334 ζώνῃ.

150 1341 293 1368 Ἀνάπαλιν
305 1342 334 1368 δὲ
347 1343 404 1374 τοῖς
415 1342 483 1377 πρὸς
499 1343 673 1378 μεσημϐρίαν
689 1342 809 1370 οίκοῦσιν
823 1343 898 1369 ἐλάσ-

104 1396 183 1419 σονες
196 1388 239 1414 ἀεὶ
255 1388 366 1424 μᾶλλον,
385 1389 431 1416 καὶ
450 1389 593 1421 ἐλάσσονες
610 1390 636 1415 αί
648 1389 748 1425 ἡμέραι
759 1390 895 1424 γίνονται·

104 1434 172 1469 παρ’
186 1428 226 1466 οἷς
241 1435 291 1470 μὲν
307 1435 338 1461 ιδ’
355 1435 435 1470 ὡρῶν
453 1435 618 1471 ίσημερινῶν
632 1436 649 1471 ἡ
670 1435 785 1471 μεγίστη
806 1435 896 1471 ἡμέρα

103 1481 224 1514 γίνεται,
243 1482 309 1516 παρ’
324 1478 364 1513 οἷς
375 1482 403 1508 δὲ
420 1485 452 1516 ιγ’
466 1482 498 1508 ³⁷.

143 1527 231 1563 Πέρας
251 1527 280 1554 δέ
294 1529 352 1554 ἐστι
366 1527 442 1564 χώρα
460 1537 502 1560 τις
520 1528 587 1564 πρὸς
602 1527 776 1564 μεσημϐρίαν
797 1527 896 1564 μᾶλλον

104 1573 185 1608 ήμῶν
205 1573 329 1608 κειμένη,
351 1573 483 1609 λεγομένη
507 1573 558 1600 ὑπὸ
574 1573 619 1600 τὸν
639 1573 811 1610 ἰσημερινόνο
830 1574 859 1600 ὲν

103 1620 130 1645 οἱ
149 1619 198 1654 μὲν
216 1619 292 1646 πόλοι
314 1620 360 1646 ἐπὶ
375 1619 419 1646 τοῦ
442 1620 579 1656 ὁρίζοντος
598 1620 758 1647 πίπτουσιν·
781 1620 847 1656 ὀρθὴ
868 1620 896 1646 δὲ

104 1664 267 1692 καθίσταται
288 1667 305 1701 ἡ
321 1665 368 1692 τοῦ
385 1666 489 1701 κόσμου
515 1668 628 1702 σφαῖρα.
649 1666 856 1702 Διχοτομοῦνται
869 1666 898 1694 δὲ

107 1710 210 1742 πάντες
225 1712 250 1737 of.
267 1711 432 1747 παράλληλοι
448 1712 541 1738 κύκλοι
556 1713 580 1738 οἱ
597 1713 765 1748 γραφόμενοι
782 1713 834 1739 ὑπὸ
849 1712 896 1739 τοῦ

103 1756 183 1792 ἡλίου
205 1757 275 1784 κατά
290 1758 313 1773 ’⁸
328 1758 378 1793 τὴν
399 1758 446 1785 τοῦ
461 1758 566 1794 κόσμου
589 1759 735 1794 γινομένην
751 1767 897 1794 περιστρο-

105 1803 170 1838 φήν,
184 1804 222 1831 Δι’
235 1804 268 1840 ἣν
282 1804 370 1832 αἰτίαν
385 1805 514 1841 ίσημερία
528 1805 573 1832 διὰ
586 1806 685 1837 παντός
699 1806 757 1832 ὲστι
771 1807 835 1842 παρ’
851 1806 898 1832 αύ-

103 1852 171 1883 τοῖς.
199 1851 237 1878 Ού
260 1851 314 1887 γὰρ
333 1852 397 1886 παρ’
412 1851 495 1886 ἄλλην
518 1852 579 1879 τινὰ
613 1852 701 1880 αἰτίαν
723 1853 740 1888 ἡ
771 1853 897 1888 ἀνισότης

103 1896 209 1930 γίνεται
234 1896 288 1923 τῶν
306 1897 427 1933 ἡμερῶν.
441 1897 509 1924 ἀλλὰ
524 1898 599 1934 παρά
615 1898 646 1924 τδ
664 1897 770 1934 ἔξαρμα
785 1898 832 1925 τοῦ
848 1898 897 1925 πό-

103 1941 168 1968 λοψ
189 1941 203 1968 ὃ
217 1941 250 1977 δὴ
268 1942 390 1969 καλεῖται
408 1942 526 1978 ἔγκλιμα
541 1943 588 1970 τοῦ
612 1943 726 1978 κόσμου.
751 1943 897 1978 Συμϐαίνει

103 1987 159 2023 γὰρ
170 1987 214 2014 διὰ
227 1987 272 2014 τὸν
287 1988 475 2024 μετεωρισμδν
485 1989 532 2016 τοῦ
549 1989 631 2016 πόλου
648 1989 702 2016 τῶν
719 1989 767 2024 μὲν
781 1989 834 2016 ἀτιδ
850 1989 897 2015 τοῦ

105 2034 265 2070 ισημερινοῦ
283 2034 363 2070 μέχρι
381 2035 430 2068 τοῦ
446 2035 553 2071 θερινοῦ
571 2035 701 2071 τροπικοῦ
718 2035 898 2072 γραφομένων

103 2079 213 2106 κύκλων
238 2080 348 2114 μείζονα
371 2080 421 2116 μὲν
437 2081 570 2116 τμήματα
595 2081 665 2117 ὑπὲρ
686 2081 737 2116 γῆν
763 2081 896 2115 γίνεσθαι,

104 2125 235 2153 ἐλάττονα
249 2126 277 2152 δὲ
293 2126 346 2152 ὑπὸ
361 2126 427 2161 γῆψ
440 2126 495 2154 τῶν
507 2126 536 2153 δὲ
548 2127 601 2153 ἀπὸ
613 2127 659 2153 τοῦ
675 2127 717 2163 ίση
722 2126 831 2163 μερινοῦ
849 2126 898 2162 μέ-

103 2179 150 2207 χρι
174 2170 221 2198 τοῦ
247 2172 401 2207 χειμερινοῦ
427 2172 557 2208 τροπικοῦ
579 2173 762 2208 γραφομένων
790 2172 898 2199 κύκλων

105 2218 234 2244 ἐλάττονα
258 2217 306 2252 μὲν
326 2218 459 2253 τμήματα
475 2218 546 2254 ὑπὲρ
559 2218 611 2253 γῆν
633 2218 767 2253 γίνεσθαι,
787 2219 898 2254 μείζονα

947 279 1055 303 zontem
1081 275 1232 303 descendit.
1262 275 1351 310 Atque
1372 274 1446 301 omni
1462 273 1513 301 hoc
1539 277 1660 308 tempore
1683 281 1731 308 per

946 322 1065 352 circulos
1087 321 1245 358 parallelos,
1266 321 1313 356 qui
1335 324 1399 348 sunt
1424 327 1506 355 supra
1528 325 1640 351 terram,
1662 319 1732 346 fere-

946 374 1000 397 tur.
1024 369 1093 397 Cum
1117 376 1182 397 vero
1210 368 1351 403 contingat
1379 367 1450 394 hanc
1477 366 1674 394 habitationem
1703 366 1731 393 in

946 415 1035 447 media
1059 414 1157 450 frigida
1187 418 1268 449 atque
1295 412 1464 441 inhabitabili
1488 419 1556 439 tona
1582 419 1653 444 esse,
1683 419 1732 439 ne-

946 452 1024 489 cesse
1047 464 1090 489 est
1118 467 1226 496 semper
1249 459 1356 487 nebulis
1377 458 1507 494 occupari
1527 459 1630 489 locum.
1653 461 1681 485 et
1703 457 1732 485 in

946 514 1045 541 magna
1059 505 1131 534 aeris
1145 505 1332 541 profunditate
1346 505 1462 532 nebulas
1478 505 1641 532 constitutas
1657 510 1730 536 esse.

947 560 997 580 nec
1010 560 1090 588 posse
1107 552 1173 580 solis
1189 551 1282 580 radios
1301 552 1416 579 nebulas
1433 552 1493 578 illas
1505 551 1640 586 dissipare
1656 560 1662 578 :
1681 551 1732 577 ita~

946 606 1000 634 que
1024 604 1238 626 consentaneum
1265 602 1307 626 est
1331 605 1441 634 semper
1469 598 1540 633 apud
1566 597 1640 632 ipsos
1670 604 1732 624 esse

946 643 1036 670 noctis
1065 644 1201 671 tenebras.
1235 642 1302 670 Cum
1331 643 1404 671 enim
1422 650 1505 678 supra
1531 646 1631 670 terram
1650 641 1732 670 fuerit

947 690 999 721 sol,
1026 689 1145 717 tenebrat
1171 695 1236 717 sunt
1261 689 1332 725 apud
1358 689 1432 725 ipsos
1445 693 1556 724 propter
1577 689 1732 716 crassitrem

947 735 1126 768 nebularum;
1141 741 1204 762 cum
1230 742 1294 762 vero
1310 733 1380 762 inira
1395 734 1565 762 horizontem
1582 734 1622 761 sol
1638 732 1731 766 fuerit,

947 785 1056 816 propter
1072 780 1225 809 naturalem
1245 780 1435 809 necessitatem
1450 788 1503 807 nox
1519 783 1562 808 est
1575 779 1647 815 apud
1663 786 1731 807 eos:

948 827 984 853 ita
997 830 1026 853 ut
1043 834 1151 861 semper
1167 833 1262 854 eorum
1277 826 1411 854 habitatio
1423 826 1527 854 lumine
1549 830 1652 855 careat.
1676 825 1732 853 Hoc

948 873 1041 908 igitur,
1058 872 1157 908 inquit,
1171 877 1214 901 est
1235 872 1302 900 illud
1316 872 1389 908 quod
1405 880 1420 900 a
1439 877 1519 908 poeta
1532 872 1643 900 dicitur:

1126 951 1156 966 .r..
1174 939 1254 965 neque
1268 938 1385 966 unquam
1404 939 1447 958 806

1125 965 1172 993 Sol
1196 966 1333 1001 splendens
1351 966 1445 1001 aspicit
1463 965 1556 992 radiis.

982 1022 1024 1050 An
1040 1021 1124 1057 igitur
1137 1022 1195 1049 haec
1215 1023 1315 1058 cogitet
1338 1021 1483 1054 Homerus,
1514 1020 1566 1048 alia
1589 1024 1649 1048 esto
1671 1027 1733 1047 ora-

947 1067 1003 1100 tio;
1030 1067 1103 1102 quod
1117 1071 1207 1095 autem
1225 1068 1281 1095 slnt
1298 1067 1358 1094 loca
1372 1066 1508 1103 quaedam,
1526 1073 1589 1093 cum
1607 1071 1679 1092 terra
1689 1061 1733 1093 'sit

947 1114 1071 1148 globosa.
1099 1120 1160 1148 quae
1182 1113 1327 1149 pradictas
1351 1111 1553 1147 magnitudines
1567 1111 1674 1138 dierum
1695 1110 1734 1137 in-

948 1163 990 1186 ter
1018 1167 1048 1186 se
1065 1159 1193 1191 habeant,
1215 1158 1390 1186 manifestum
1420 1162 1463 1186 est
1483 1166 1517 1185 ex
1544 1158 1603 1192 ipsa
1621 1157 1733 1192 sphaira:

948 1205 1043 1240 ﬁgura.
1066 1204 1139 1233 Loca
1158 1209 1234 1232 certe
1257 1204 1314 1232 haec
1334 1204 1524 1232 inhabitabilia
1548 1212 1611 1232 esse
1623 1204 1733 1231 contin-

947 1251 986 1287 git
1014 1255 1126 1286 propter
1144 1251 1256 1286 frigoris
1271 1258 1425 1279 excessum.
1445 1250 1515 1278 Sunt
1537 1251 1610 1278 enim
1629 1251 1680 1278 sita
1705 1250 1732 1277 in

948 1299 1036 1326 media
1056 1305 1125 1326 zona
1150 1297 1259 1333 frigida.

982 1345 1084 1373 Contra
1104 1352 1170 1372 vero
1187 1344 1222 1371 iis
1239 1344 1286 1379 qni
1309 1351 1406 1371 versus
1432 1343 1574 1371 meridiem
1598 1342 1732 1375 habitant,

947 1392 1068 1420 minores
1084 1399 1192 1427 semper
1204 1394 1231 1419 et
1245 1391 1334 1418 adhuc
1348 1391 1468 1418 minores
1482 1390 1550 1417 ﬁunt
1565 1390 1638 1422 dies;
1661 1389 1732 1425 apud

946 1439 1015 1467 alios
1028 1440 1138 1475 quidem
1152 1439 1311 1475 longissima
1325 1438 1384 1466 dies
1397 1442 1440 1465 est
1456 1437 1586 1465 horarum
1611 1436 1732 1472 aquino-

946 1486 1070 1513 ctialium
1088 1486 1132 1518 Η,
1147 1485 1220 1521 apud
1236 1484 1304 1513 alios
1319 1484 1362 1512 l5.

983 1529 1105 1558 Tandem
1133 1534 1175 1558 est
1192 1530 1266 1565 regio
1285 1529 1409 1565 quaedam
1429 1528 1517 1564 magis
1535 1528 1615 1556 nobis
1637 1535 1733 1556 versus

911 1595 931 1624 ο
949 1576 1090 1604 meridiem
1107 1577 1173 1609 sita,
1190 1584 1251 1612 qua:
1270 1576 1372 1603 dicitur
1392 1583 1454 1603 esse
1473 1575 1525 1602 sub
1539 1573 1731 1610 mquinoctiali,

949 1621 976 1649 in
995 1629 1048 1656 qua
1064 1621 1118 1657 poli
1134 1622 1229 1648 mundi
1248 1621 1277 1648 in
1300 1621 1443 1648 horizonte
1456 1625 1607 1656 ponuntur,
1626 1620 1733 1655 sphaera

948 1672 1039 1696 autem
1055 1667 1149 1695 mundi
1166 1671 1240 1695 recta
1263 1667 1443 1695 constituitur
1462 1677 1468 1695 :
1486 1667 1628 1702 aequaliter
1643 1671 1733 1694 autem

947 1717 1077 1742 secantur
1098 1721 1195 1741 omnes
1213 1713 1336 1748 paralleli
1354 1713 1462 1745 circuli,
1481 1714 1527 1748 qui
1543 1713 1734 1740 describuntur

947 1768 962 1786 a
975 1760 1032 1787 sole
1046 1759 1196 1787 secundum
1207 1759 1396 1795 quotidianam
1411 1760 1504 1787 mundi
1517 1759 1733 1787 conversionem.

948 1805 1035 1838 Quam
1054 1805 1090 1833 ob
1112 1813 1223 1833 causam
1249 1805 1321 1841 apud
1341 1813 1389 1833 eos
1410 1813 1520 1841 semper
1548 1808 1590 1832 est
1613 1804 1734 1839 acquino-

947 1852 1042 1879 ctium.
1073 1851 1133 1879 Non
1156 1851 1229 1879 enim
1246 1855 1358 1887 propter
1385 1851 1467 1878 aliam
1495 1850 1641 1886 quamdam
1669 1857 1734 1878 cau-

947 1905 1006 1925 sam
1033 1898 1143 1925 exsistit
1174 1897 1281 1926 dierum
1314 1897 1502 1932 inaequalitas,
1534 1896 1588 1924 nisi
1623 1900 1734 1932 propter

948 1943 1003 1978 poli
1032 1943 1246 1976 exaltationem,
1269 1951 1330 1979 qua:
1355 1943 1450 1970 mundi
1474 1947 1588 1970 vocatur
1620 1943 1734 1970 inclina-

948 1989 999 2016 tio.
1037 1988 1134 2016 Evenit
1169 1989 1242 2017 enim
1281 1992 1394 2024 propter
1429 1987 1483 2024 poli
1523 1988 1733 2018 exultationem.

947 2043 1041 2063 eorum
1062 2035 1229 2063 circulorum
1261 2035 1307 2070 qui
1333 2035 1367 2062 ab
1386 2034 1569 2070 aequinoctiali
1591 2041 1678 2069 usque
1699 2034 1734 2061 ad

947 2081 1070 2108 aestivum
1082 2081 1216 2116 tropicum
1230 2079 1433 2113 describuntur,
1448 2080 1553 2114 majora
1566 2080 1674 2115 quidem
1688 2087 1734 2107 su-

948 2134 996 2162 pra
1016 2130 1118 2154 terram
1142 2134 1204 2154 esse
1227 2130 1380 2162 segmenta,
1410 2126 1517 2154 minora
1546 2131 1634 2154 autem
1662 2125 1734 2153 inira

947 2176 1049 2201 terram
1065 2182 1072 2200 :
1090 2180 1185 2201 eorum
1201 2181 1277 2206 vero,
1291 2173 1339 2208 qui
1357 2173 1391 2200 ab
1401 2173 1586 2208 aequinoctiali
1596 2173 1629 2200 ad
1644 2173 1735 2201 biber-

947 2227 1013 2246 num
1029 2219 1164 2255 tropicum
1191 2219 1394 2252 describuntur,
1412 2221 1518 2246 minora
1541 2224 1677 2255 segmenta
1693 2219 1735 2246 in-

102 2264 133 2291 e:
147 2263 199 2290 ΰπδ
217 2264 280 2300 γῆν.
297 2264 381 2291 Ὅπου
402 2264 430 2291 δε
445 2266 468 2291 οι
484 2264 560 2291 πόλοι
577 2265 623 2291 ἐπὶ
637 2258 690 2291 ’τοῦ
705 2265 840 2301 ὁρίζοντος
853 2265 893 2291 πί-

949 2265 989 2292 ira
1007 2269 1108 2293 terram
1133 2265 1201 2298 ﬁeri,
1226 2266 1331 2300 majora
1348 2273 1413 2293 vero
1438 2273 1521 2300 supra
1542 2269 1654 2293 terram.
1683 2264 1734 2293 Ubi

107 2319 227 2342 πτουσιν,
241 2310 437 2347 ἀναιρουμένου
450 2310 498 2337 τοῦ
510 2310 594 2337 αἰτίου
608 2311 658 2346 τῆς
670 2311 829 2347 ἀνισότητος
843 2312 897 2338 τῶν

107 2356 217 2392 ἡμερῶν
227 2356 315 2391 (τοῦτο
329 2357 357 2383 δὲ
371 2355 405 2392 ἦν
421 2357 452 2383 τὸ
467 2356 606 2392 ἕγκλιμα),
623 2356 742 2391 εὐλόγως
754 2356 897 2393 συμϐαίνει

106 2403 252 2439 ἰσημερίαν
265 2401 334 2430 εἶναι
346 2403 391 2430 διὰ
406 2403 506 2435 παντὸς
524 2404 588 2439 παρ’
604 2403 708 2434 αὐτοῖς.
725 2403 832 2435 Πάντας
848 2403 897 2438 μὲν

105 2449 159 2485 γὰρ
175 2450 238 2481 τοὺς
259 2448 376 2481 κύκλους
394 2450 408 2475 ό
421 2449 496 2484 ἥλιος
511 2449 655 2484 ἰσοχρόνως
674 2449 895 2485 περιστρέφεται,

105 2497 154 2524 καὶ
167 2498 231 2528 τοὺς
252 2497 386 2532 μείζονας,
404 2497 452 2523 καὶ
472 2496 535 2528 τοὺς
549 2496 707 2528 ἐλάσσονας,
719 2495 763 2522 διὰ
780 2496 811 2522 τὸ
832 2496 896 2531 περί

104 2551 165 2569 τινα
182 2542 296 2577 μένοντα
313 2543 496 2577 σημεῖα,τοὺς
503 2542 609 2574 πόλους,
619 2542 741 2577 γίνεσθαι
756 2542 805 2577 τὴν
821 2551 897 2579 περι-

106 2589 226 2625 στροφὴν
235 2587 282 2615 τοῦ
292 2588 403 2624 κόσμου.
416 2589 496 2614 Ὥστε
507 2588 543 2624 μὴ
549 2588 624 2624 παρὰ
634 2588 668 2615 τὰ
678 2587 778 2624 μεγέθη
787 2588 841 2615 τῶν
849 2589 897 2615 κύ-

104 2635 187 2666 κλων,
198 2633 268 2661 ἀλλὰ
276 2634 350 2670 παρὰ
357 2634 406 2670 τὴν
414 2635 559 2669 ἀνισότητα
569 2634 622 2661 τῶν
634 2643 690 2670 τμη
695 2634 796 2669 μάτων,
805 2632 842 2662 ὧν
850 2635 897 2670 φέ-

107 2689 183 2716 ρεται
191 2680 286 2716 ὁῆλιος
294 2680 346 2706 ὑπὸ
352 2680 414 2715 γῆν,
423 2681 470 2706 καὶ
481 2680 551 2716 ὑπὲρ
559 2680 621 2716 γῆν,
629 2680 677 2715 τὴν
686 2681 829 2716 ἀνισότητα
844 2681 898 2707 τῶν

105 2725 353 2762 ὴμερῶνγίνεσθαι.
361 2727 393 2752 Αἱ
401 2726 524 2761 μέντοιγε
533 2725 717 2762 παραυξήσεις
723 2726 777 2752 τῶν
786 2726 897 2762 ἡμερῶν

105 2771 151 2798 καὶ
167 2770 222 2797 τῶν
239 2770 344 2797 νυκτῶν
360 2771 410 2797 οὐκ
426 2771 495 2797 εἰσὶν
511 2771 540 2797 ἐν
557 2771 624 2797 πᾶσι
640 2771 697 2802 τοῖς
711 2769 817 2802 ζωδίοις
829 2771 894 2803 Ιἴσαι,

104 2816 172 2844 ἀλλά
190 2815 255 2851 περὶ
280 2815 329 2850 μὲν
347 2815 381 2843 τὰ
399 2816 516 2851 τροπικά
537 2818 636 2852 σημεῖα
648 2816 744 2853 μικραὶ
758 2816 896 2849 παντελῶς

142 2897 165 2912 ¹¹
187 2905 231 2930 π).
250 2895 357 2926 νυκτός.
414 2896 434 2911 ’⁷
453 2903 496 2927 κο.
515 2898 562 2927 ις’.
603 2895 684 2930 ιθγρ,
701 2894 784 2933 παρὰ.

946 2319 1011 2339 vero
1025 2312 1079 2347 poli
1097 2311 1192 2340 mundi
1205 2312 1232 2339 in
1249 2312 1391 2339 horizonte
1403 2312 1506 2346 jacent,
1522 2319 1603 2340 causa
1616 2311 1734 2346 inaequao

946 2357 1031 2384 litatis
1054 2357 1161 2385 dierum
1185 2357 1303 2390 sublata,
1324 2365 1385 2393 qua:
1406 2361 1448 2384 est
1465 2357 1606 2385 inclinatio
1627 2357 1733 2389 mundi,

945 2402 1036 2430 evenit
1053 2406 1082 2430 ut
1111 2403 1304 2438 aequinoctium
1327 2403 1398 2438 apud
1419 2410 1467 2430 eos
1481 2403 1516 2430 sit
1532 2410 1652 2438 semper.
1669 2401 1735 2430 0m-

946 2455 994 2475 nes
1011 2448 1084 2475 enim
1102 2449 1220 2476 circulos
1234 2448 1379 2484 parallelos
1396 2448 1438 2476 sol
1459 2449 1610 2484 aequalibus
1629 2452 1735 2483 tempo-

946 2494 1023 2521 ribus
1045 2497 1183 2529 peragrat,
1201 2502 1263 2521 cum
1286 2495 1414 2529 majores,
1432 2497 1489 2522 tum
1515 2495 1646 2524 minores.
1672 2501 1735 2528 pro-

950 2545 1041 2574 pterea
1057 2540 1131 2575 quod
1146 2540 1221 2568 circa
1238 2540 1290 2568 ﬁxa
1305 2546 1405 2576 puncta
1425 2549 1521 2576 nempe
1536 2541 1612 2576 polos
1626 2540 1732 2571 mundi,

950 2586 996 2613 ﬁat
1011 2586 1155 2614 conversio
1172 2587 1277 2614 mundi.
1294 2586 1387 2622 Itaque
1403 2595 1457 2614 non
1474 2591 1585 2623 prepter
1597 2586 1733 2621 magnitu-

947 2633 1025 2661 dines
1047 2633 1225 2666 circulorum,
1253 2633 1300 2661 sed
1322 2638 1432 2670 propter
1449 2632 1660 2669 inaequalitatem
1689 2639 1733 2660 se-

947 2683 1129 2715 gmentorum,
1159 2681 1187 2708 in
1217 2680 1316 2716 quibus
1347 2681 1388 2708 sol
1420 2680 1503 2708 fertur
1528 2679 1599 2707 inira
1620 2683 1731 2711 terram,

945 2729 972 2752 et
1005 2732 1087 2761 supra
1126 2731 1245 2759 terram,
1275 2727 1304 2754 ﬁt
1334 2726 1503 2761 inaequalitas
1531 2725 1647 2753 dierum.
1685 2724 1732 2752 ln-

945 2777 1084 2800 crementa
1125 2781 1190 2801 vero
1224 2773 1328 2802 dierum
1361 2777 1389 2800 et
1423 2773 1543 2800 noctium
1577 2779 1632 2799 non
1668 2775 1733 2799 sunt

945 2818 974 2845 in
1006 2818 1134 2847 omnibus
1167 2819 1253 2855 signis
1282 2819 1415 2855 :equalia,
1449 2818 1497 2847 sed
1529 2818 1602 2847 circa
1629 2818 1731 2854 tropica
