1902 3143
172 154 215 181 ιιι

664 160 710 186 AD
730 159 864 187 EUSEBII
882 158 1079 187 CHRONXCON
1099 159 1283 187 APPENDIX.

1738 155 1793 184 792

171 215 268 238 mmet-2t
297 213 409 241 σιιιιιὶιιο
433 218 496 241 sunt
521 222 605 249 parva
647 220 728 251 atque
765 216 954 244 insensibilia:

1016 217 1054 242 ιαὶ
1070 217 1264 253 ἀνεπαίσθητοι
1279 222 1398 251 γίνονται
1410 223 1417 230 ο
1432 214 1502 241 ὥστε
1524 214 1616 250 σχεδὸν
1631 214 1674 248 ἐφ’
1687 213 1793 249 ἡμέρας

172 257 220 292 15
237 258 275 284 ita
291 263 320 285 ut
335 260 391 286 fere
414 268 499 295 usque
515 261 548 288 ad
575 261 635 289 dies
658 262 837 297 quadraginta
859 262 953 290 eadem

172 304 329 338 magnitudo
353 306 458 333 dierum
485 312 512 334 et
541 308 662 335 noctium
697 313 863 343 permaneat.
885 307 954 335 Nam

172 355 194 376 at
221 352 376 384 acccdens,.
390 357 416 380 et
442 361 538 381 rursus
566 354 710 383 diScedens
724 356 765 383 sol
796 364 811 382 a
841 355 954 391 tropicis

172 397 287 428 punctis,
307 397 392 424 efﬁcit
415 398 589 428 insensibiles
607 401 758 427 secundum
782 401 957 434 latitudinem

172 448 308 475 accessus,
323 447 351 469 ut
367 445 562 473 convenienter
575 454 663 481 usque
676 447 709 473 ad
725 447 882 482 praedictam
895 447 955 473 die-

171 495 227 513 rum
241 489 453 522 mullitudinem.
469 493 559 526 quoad
578 501 700 525 sensum,
717 494 783 520 solis
801 501 877 520 mora
899 494 954 519 iiat.

171 533 253 566 Quam
270 535 305 562 ob
322 543 434 563 causam
449 541 475 565 et
492 539 603 565 maximi
616 544 712 571 :estus,
729 543 757 566 et
775 540 893 566 maxima
907 539 956 566 l‘ri-

171 587 233 611 gora
257 586 318 614 post
338 583 533 611 conversiones
556 584 633 612 ﬁunt.
664 584 732 612 Cum
759 585 831 612 enim
855 585 898 612 bis
922 585 955 611 ad

171 626 292 654 eumdem
317 628 407 655 locum
435 630 549 663 accedat
569 631 711 664 continue,
734 637 762 660 et
780 632 956 659 insensibiles

171 673 252 700 iaciat
272 681 411 708 accessus,
431 680 457 704 et
473 684 609 710 recessus,
627 680 822 707 convenienter
847 685 956 714 propter

171 727 272 746 moram
281 721 307 748 in
318 728 371 749 uno
386 723 447 750 loco
455 732 527 751 nunc
541 729 669 756 aestuum,
682 733 755 753 nunc
767 726 878 761 frigoris
894 726 957 753 eiii-

171 765 207 791 cit
223 766 402 796 intensionem
413 769 480 797 :hoc
492 774 581 800 autem
593 771 674 798 etiam
684 780 716 798 ex
725 772 908 807 gnomonibus
916 776 957 799 est

171 812 355 841 manifestum.
380 814 446 841 Nam
467 816 626 843 extremitas
649 817 753 844 umbra
772 817 799 844 in
822 824 957 852 gnomone

171 856 226 884 fere
239 858 273 885 ad
287 858 345 886 dies
357 859 537 895 quadraginta
549 866 691 896 permanet
704 862 730 889 in
743 862 856 897 tropicis
865 863 954 889 lineis.

171 902 223 930 Sed
238 904 310 931 circa
324 907 669 942 utrumqueazquinoclium
678 916 775 943 magna
788 908 955 936 incrementa

171 949 274 976 dierum
293 950 372 983 ﬁunt,
389 955 419 978 ut
435 959 554 986 sequens
570 953 629 980 dies
645 961 659 980 a
677 954 848 988 praecedente
865 953 955 980 sensi'

171 994 261 1021 hiliter
278 997 372 1023 variet.
389 996 477 1029 Quam
487 998 522 1024 ob
532 1006 645 1026 causam
660 1000 688 1026 in
702 999 851 1034 horologiis
867 1004 956 1027 extre-

171 1040 252 1068 mitas
261 1041 395 1070 umbrrein
406 1051 540 1078 gnomone
546 1044 767 1079 abaequinoctiali
775 1045 878 1072 circulo
887 1053 956 1080 quo-

172 1085 236 1112 tidie
244 1087 387 1116 sensibiles
395 1089 635 1118 eilicitdistantias.
646 1089 791 1117 Est‘autem
805 1090 956 1125 causalinaz-

170 1132 308 1166 qualitatis
327 1138 354 1161 et
367 1135 529 1163 incrementi
548 1136 655 1164 dierum
679 1137 828 1172 obliquitas
850 1137 955 1164 zodiaci

171 1176 276 1205 circuli.
287 1178 400 1214 Attingit
410 1180 482 1207 enim
493 1181 613 1216 tropicos
628 1181 757 1214 circulos,
768 1186 794 1208 et
802 1181 835 1208 ad
844 1183 955 1209 multam

170 1222 368 1258 longitudinem
396 1230 541 1254 contactus
557 1235 618 1256 sese
635 1227 758 1255 extendit
774 1237 780 1254 :
795 1232 824 1254 ut
840 1228 867 1255 in
891 1229 957 1254 mul-

170 1268 206 1295 tis
221 1268 290 1297 locis
305 1277 388 1305 parva
401 1271 437 1298 sit
453 1271 584 1299 distantia
607 1280 623 1299 a
645 1272 749 1300 circulo
766 1273 881 1307 tropico.
917 1273 956 1299 Ex

170 1314 221 1343 hoc
235 1317 319 1344 etiam
337 1319 461 1354 sequitur
477 1321 516 1355 [ut
534 1320 649 1347 mutatio
671 1324 877 1356 segmentorum
907 1328 955 1348 su-

169 1369 218 1397 pra
233 1367 345 1398 terram,
362 1365 388 1392 in
411 1365 512 1400 quibus
528 1366 569 1393 sol
585 1365 683 1398 fertur,
707 1373 790 1400 parva
814 1371 897 1402 atque
915 1367 958 1393 in-

170 1409 385 1444 scnsibilis‘iiat,
400 1412 427 1438 in
443 1412 548 1439 circulo
562 1417 653 1440 autem
667 1413 854 1448 aequinoctiali
870 1414 898 1440 ﬁt
914 1421 957 1440 seu

170 1456 226 1482 clio
251 1456 357 1484 zodiaci
380 1458 476 1485 circuli
504 1462 532 1486 et
554 1459 754 1493 aequinoctialis
773 1469 778 1486 :
797 1467 812 1486 a
836 1459 958 1486 sectione

169 1502 313 1530 inclinatio
325 1511 422 1531 versus
441 1508 585 1539 utramque
611 1510 716 1540 partem
736 1513 862 1540 magnam
884 1506 957 1532 acci-

170 1548 210 1582 pit
222 1549 256 1575 ab
268 1549 453 1583 aequinoctiali
468 1550 638 1577 distantiam.
658 1550 698 1577 Ex
716 1552 767 1577 hoc
782 1551 906 1585 sequitur
928 1554 957 1578 ut

170 1593 252 1620 etiam
267 1601 367 1628 magna
379 1593 486 1621 dierum
504 1594 551 1621 ﬁat
569 1595 694 1628 mutatio,
709 1599 820 1630 propter
834 1604 959 1631 segmen-

170 1643 262 1666 torum
275 1647 432 1673 excessum,
460 1641 488 1667 in
502 1641 601 1676 quibus
616 1641 658 1669 sol
684 1641 771 1669 fertur
787 1650 869 1677 supra
890 1642 960 1669 hori-

171 1689 291 1713 zontem.
307 1685 422 1721 Propter
439 1686 510 1714 hanc
531 1691 620 1714 autem
645 1695 756 1715 causam
779 1688 851 1714 circa
875 1688 959 1723 tropi-

171 1738 223 1758 cos
249 1732 367 1760 circulos
388 1740 471 1768 parva
492 1737 574 1768 atque
596 1734 767 1761 insensibilia
790 1735 958 1761 incrementa

171 1777 278 1804 dierum
302 1781 329 1804 et
352 1778 472 1805 noctium
496 1779 687 1814 perﬁciuntur,
705 1783 732 1806 et
763 1778 819 1807 fere
835 1780 959 1807 eamdem

172 1823 352 1851 mutationem
369 1824 471 1852 habent
488 1825 657 1852 incrementa
671 1834 677 1851 :
694 1829 724 1852 ut
739 1825 868 1852 diurnum
885 1826 959 1852 circa

171 1869 365 1904 aequinoctium
389 1871 587 1898 incrementum
619 1870 676 1897 fere
704 1870 837 1905 nonagies
853 1871 888 1897 sit
902 1879 960 1898 ma-

169 1915 215 1949 jus
230 1915 329 1942 diurno
360 1916 434 1943 circa
462 1916 657 1944 conversiones
691 1917 870 1944 incremento.
904 1916 958 1944 Ea-

172 1959 233 1987 dem
250 1964 290 1988 est
303 1961 372 1988 ratio
385 1965 412 1988 et
427 1961 454 1988 in
466 1961 573 1989 diurnis
598 1966 625 1988 et
645 1962 673 1988 in
700 1962 861 1988 menstruis.
885 1961 960 1990 Sem-

171 2014 219 2040 per
231 2007 303 2034 enim
316 2011 448 2042 quantum
463 2006 521 2034 dies
533 2012 661 2042 augetur,
682 2010 788 2034 tantum
807 2007 888 2033 etiam
902 2015 960 2035 nox

173 2052 316 2081 minuitur.
331 2052 415 2081 Fiunt
429 2053 502 2082 enim
518 2053 577 2080 dies
589 2053 718 2080 noctibus
734 2052 852 2088 majores
866 2053 894 2079 in
911 2060 957 2080 sex

173 2098 270 2133 signis,
282 2098 384 2132 Ariete,
400 2098 503 2130 Tauro,
520 2098 653 2131 Geminis,
676 2098 796 2131 Cancro,
815 2098 915 2132 Leone,
932 2103 959 2126 et

173 2143 295 2180 Virgine,
318 2145 365 2179 qui
386 2145 576 2173 semicirculus
599 2145 704 2175 zodiaci
728 2153 743 2172 a
770 2145 858 2180 prima
883 2149 959 2180 parte

171 2187 273 2215 Arietis
288 2196 376 2222 usque
391 2189 425 2215 ad
450 2188 618 2215 tricesimam
644 2195 748 2223 partem
775 2188 894 2224 Virginis
917 2193 959 2219 est

1007 265 1032 296 μέ
1055 262 1109 296 (⁸25)
1123 262 1153 288 τὸ
1167 262 1233 289 αὐτὸ
1253 261 1367 296 μέγεθος
1389 260 1442 286 τῶν
1464 254 1574 295 ἡμερῶν
1597 258 1645 285 καὶ
1669 258 1726 284 τῶν
1750 267 1794 285 νυ-

1007 307 1077 334 κτῶν
1092 308 1238 343 διαμένειν.
1254 305 1512 343 Προσπορευόμενός
1524 314 1553 332 τε
1568 305 1637 340 γὰρ,
1657 306 1704 331 καὶ
1715 305 1795 332 πάλιν

1006 354 1155 389 ἀποχωρῶν
1162 352 1357 389 ἁπὸτροτιικῶν
1364 361 1395 388 ση
1401 352 1492 387 μείων,
1502 351 1616 386 ἀδήλους
1624 352 1740 377 ποιεῖται
1747 351 1796 382 τὰς

1007 401 1078 427 κατὰ
1098 400 1198 431 πλάτος
1210 400 1342 436 παρόδους
1352 408 1359 414 ·
1373 399 1443 425 ὥστε
1458 398 1576 432 εὐλόγως
1593 399 1638 423 ἐπὶ
1656 397 1687 423 τὸ
1701 405 1797 432 προει-

1007 447 1124 482 ρημένον
1137 447 1238 482 πλῆθος
1252 446 1305 472 τῶν
1326 445 1435 481 ἡμερῶν
1459 443 1591 479 ἐπιμονὴν
1612 443 1649 475 ὡς
1666 443 1734 478 πρὸς
1752 442 1796 468 αἰ-

1007 493 1102 528 σθησιν
1132 494 1196 528 περὶ
1222 493 1268 519 τὸν
1293 492 1375 518 τόπον
1398 490 1520 525 γίνεσθαι
1545 489 1584 525 τῷ
1612 489 1689 524 ἡλίῳ.
1707 488 1747 514 Δι’
1763 488 1797 522 ἣν

1006 539 1095 565 αἰτίαν
1110 540 1156 566 καὶ
1168 539 1202 566 τὰ
1215 539 1330 574 μέγιστα
1341 537 1469 572 καύματα
1483 536 1530 562 καὶ
1541 535 1575 562 τὰ
1591 534 1708 570 μέγιστα
1723 533 1796 568 ψύχη

1006 586 1076 612 κατὰ
1093 586 1141 617 τὰς
1165 585 1269 621 τροπὰς
1292 585 1396 619 γίνεται
1415 582 1480 618 (⁸26).
1501 583 1546 613 Δὶς
1574 581 1628 616 γὰρ
1650 581 1732 612 αὐτὸς
1751 581 1798 606 τὸν

1006 630 1086 656 αὑτὸν
1105 630 1175 656 κατὰ
1193 630 1223 656 τὸ
1249 629 1359 663 συνεχὲς
1381 626 1609 662 ἐπιπορευόμενος
1631 625 1725 656 τόπον,
1751 625 1798 650 καὶ

1007 676 1056 707 τὰς
1072 675 1230 711 προσόδους,
1246 675 1292 702 καὶ
1307 675 1355 706 τὰς
1374 673 1561 708 ἀποχωρήσεις
1579 671 1684 706 ἀδήλως
1703 670 1798 696 mro-3‘

1008 731 1099 757 μενος,
1114 722 1231 756 εὐλόγως
1248 723 1280 748 ἐκ
1294 721 1344 756 τῆς
1367 720 1435 756 πρὸς
1451 719 1498 745 ἕνα
1510 718 1591 745 τόπον
1605 717 1739 753 ἐπιμονῆς
1753 717 1798 743 ὁτὲ

1009 769 1056 804 μὲν
1081 767 1136 794 τῶν
1161 767 1320 802 καυμάτων,
1345 767 1390 793 ὁτὲ
1418 765 1446 792 δὲ
1471 764 1518 791 τοῦ
1544 764 1646 799 ψύχους
1672 763 1798 789 ἐπίτασιν

1007 816 1134 842 ποιεῖται.
1148 813 1283 850 Πρόδηλον
1297 813 1325 840 δὲ
1343 812 1421 839 τοῦτο
1438 811 1486 838 καὶ
1504 811 1537 837 ἐκ
1556 810 1609 836 τῶν
1630 809 1797 845 ὡρολογίων.

1008 860 1044 886 Τὸ
1060 860 1114 895 γὰρ
1138 859 1222 895 ἄκρον
1247 859 1298 894 τῆς
1315 857 1363 884 τοῦ
1380 856 1519 892 γνώμονος
1541 856 1620 887 σκιᾶς
1641 855 1735 890 σχεδὸν
1755 855 1798 888 ἐφ’

1007 906 1156 941 ἡμέραςμ¹
1172 905 1297 940 ἐπιμένει
1313 905 1372 936 ταῖς
1388 903 1531 939 τροπικαῖς
1555 903 1708 937 γραμμαῖς.
1731 901 1799 936 Περὶ

1006 951 1033 978 δὲ
1048 951 1096 983 τὰς
1119 951 1263 986 ἰσημερίας
1283 950 1416 985 ἑκατέρας
1432 948 1549 984 μεγάλαι
1567 948 1596 975 αἱ
1611 946 1799 983 παραυξήσεις

1006 996 1058 1022 τῶν
1074 996 1182 1031 ἡμερῶν
1204 995 1341 1030 γίνονται”
1364 994 1434 1020 ὥστε
1463 994 1513 1028 τὴν
1539 992 1670 1028 ἐχομένην
1692 992 1799 1027 ἡμέραν

1005 1042 1056 1076 τῆς
1079 1042 1286 1078 προηγουμένης
1312 1040 1448 1077 αἰσθητῶς
1472 1039 1684 1076 παραλλάσσειν.
1703 1039 1742 1064 Δι’
1765 1039 1799 1074 ἣν

1006 1089 1095 1116 αἰτίαν
1110 1091 1138 1116 ἐν
1157 1090 1213 1121 τοῖς
1227 1087 1381 1124 ὡρολογίοις
1394 1086 1425 1113 τὸ
1440 1087 1522 1122 ἄκρον
1537 1086 1586 1121 τῆς
1600 1085 1647 1112 τοῦ
1659 1085 1798 1120 γνώμονος

1008 1139 1086 1169 σκιᾶς
1098 1137 1152 1163 ἀπὸ
1162 1135 1207 1162 τοῦ
1223 1134 1380 1170 ἰσημερινοῦ
1395 1133 1495 1160 κύκλου
1511 1133 1641 1169 αἰσθητὰς
1656 1132 1718 1158 καθ’
1730 1131 1798 1168 ὴμέ-

1009 1193 1057 1220 ραν
1073 1183 1122 1215 τὰς
1140 1182 1304 1213 ἀποστάσεις
1317 1182 1441 1208 ποιεῖται.
1460 1180 1540 1206 Αἰτίαι
1558 1179 1586 1206 δέ
1608 1180 1665 1206 ἐστι
1686 1179 1737 1213 τῆς
1752 1179 1798 1204 ἀν-

1009 1230 1129 1265 ισότητος
1143 1229 1189 1255 καὶ
1201 1228 1249 1263 τῆς
1259 1226 1312 1253 τῶν
1325 1225 1434 1262 ἡμερῶν
1449 1223 1646 1260 παραυξήσεως
1660 1224 1678 1258 ἡ
1688 1223 1799 1258 λοξότης

1007 1275 1054 1302 τοῦ
1074 1273 1205 1307 ζωδιακοῦ
1225 1272 1335 1299 κύκλου.
1352 1271 1413 1298 Τῶν
1439 1270 1487 1305 μὲν
1512 1269 1566 1305 γὰρ
1591 1269 1730 1305 τροπικῶν
1752 1268 1800 1294 κύ-

1007 1322 1078 1349 κλων
1092 1321 1253 1355 ἐφάπτεται,
1269 1318 1316 1345 καὶ
1337 1317 1384 1343 ἐπὶ
1408 1316 1474 1343 πολὺ
1499 1316 1587 1351 μῆκος
1599 1315 1654 1350 (Q7)
1673 1315 1690 1350 ἡ
1707 1314 1800 1350 ἐπαφὴ

1007 1365 1133 1394 διατείνει
1144 1374 1151 1380 ·
1168 1364 1238 1391 ὥστε
1256 1365 1284 1390 ἐν
1303 1362 1392 1397 πολλῷ
1409 1362 1483 1396 τόπῳ
1506 1361 1606 1397 μικρὰν
1623 1361 1678 1387 ἀπὸ
1691 1360 1739 1386 τοῦ
1754 1359 1799 1385 θε-

1010 1411 1083 1447 ρινοῦ
1097 1409 1229 1446 τροπικοῦ
1250 1408 1299 1444 τὴν
1320 1407 1471 1435 ἀπόστασιν
1492 1404 1624 1440 γίνεσθαι.
1647 1404 1800 1430 Ἀκολουοεί

1008 1459 1036 1484 δὲ
1051 1457 1139 1491 τούτῳ
1156 1456 1204 1483 καὶ
1227 1455 1277 1490 τὴν
1295 1453 1472 1489 παραλλαγὴν
1494 1451 1549 1478 τῶν
1574 1451 1739 1487 τμημάτων,
1764 1447 1800 1476 ὧν

1009 1505 1080 1540 ὑπὲρ
1097 1504 1146 1539 γῆν
1163 1503 1275 1538 φέρεται
1290 1502 1304 1528 ὁ
1320 1501 1396 1535 ἥλιος
1408 1521 1415 1533 ,
1429 1499 1529 1535 μικρὰν
1543 1498 1590 1525 καὶ
1603 1497 1801 1532 ἀνεπαίσθητον

1009 1551 1142 1586 γίνεσθαι.
1159 1550 1219 1576 Ἐπί
1229 1550 1257 1576 δὲ
1269 1548 1316 1575 τοῦ
1330 1545 1486 1583 ἰσημερινοῦ
1497 1546 1596 1573 κύκλου
1610 1545 1682 1581 τομὴ
1696 1546 1803 1580 γίνεται

1009 1597 1056 1624 τοῦ
1076 1595 1208 1629 ζωδιακοῦ
1225 1594 1326 1621 κύκλου
1344 1595 1412 1629 πρὸς
1435 1594 1480 1620 τὸν
1507 1592 1680 1628 ἰσημερινόν⁸
1701 1591 1757 1618 ἀπὸ
1773 1591 1802 1617 δὲ.

1009 1643 1058 1677 τῆς
1068 1642 1154 1676 τομῆς
1170 1640 1291 1674 ἔγκλισις
1305 1640 1347 1674 ἐφ’
1364 1639 1482 1675 ἑκάτερα
1499 1637 1620 1674 μεγάλην
1632 1636 1768 1672 λαμϐάνει
1779 1637 1801 1652 ¹⁹

1010 1688 1148 1714 διάστασιν
1167 1685 1221 1712 ἀπὸ
1247 1685 1294 1711 τοῦ
1322 1684 1490 1721 ἰσημερινοῦ·
1508 1682 1650 1711 ἀκολουθεῖ
1670 1682 1698 1708 δὲ
1714 1681 1803 1716 τούτῳ

1011 1734 1057 1760 καὶ
1069 1730 1245 1767 παραλλαγὴν
1267 1730 1321 1757 τῶν
1341 1730 1453 1766 ἡμερῶν
1476 1729 1596 1765 μεγάλην
1613 1727 1737 1763 γενεσθαι
1759 1728 1804 1754 διὰ

1009 1777 1058 1812 τὴν
1076 1777 1130 1803 τῶν
1153 1777 1304 1812 τμημάτων
1323 1776 1470 1811 ὑπεροχὴν,
1495 1772 1532 1802 ὧν
1552 1775 1665 1811 φέρεται
1690 1775 1704 1800 ὁ
1728 1774 1804 1809 ἥλιος

1011 1823 1081 1859 ὑπὲρ
1093 1823 1154 1858 γῆν.
1176 1823 1225 1850 Διὰ
1239 1823 1267 1849 δὲ
1292 1823 1341 1858 τὴν
1364 1822 1453 1849 αἰτίαν
1474 1822 1575 1856 ταύτην
1593 1822 1657 1856 περὶ
1678 1820 1728 1856 μὲν
1742 1829 1803 1856 τρο-

1010 1870 1106 1900 πικοὺς
1123 1868 1239 1900 κύκλους
1256 1869 1352 1904 μικραὶ
1369 1869 1416 1895 καὶ
1431 1867 1624 1903 ἀνεπαίσθητοι
1641 1868 1670 1893 αἱ
1694 1875 1803 1901 παραυ-

1011 1915 1102 1951 ξήσεις
1116 1915 1170 1941 τῶν
1186 1914 1298 1950 ἡμερῶν
1320 1915 1366 1941 καὶ
1389 1914 1444 1941 τῶν
1471 1913 1575 1940 νυκτῶν
1603 1913 1803 1944 ἐπιτελοῦνται,

1010 1962 1056 1988 καὶ
1074 1961 1165 1997 σχεδὸν
1178 1961 1227 1996 τὴν
1245 1961 1329 1996 αὐτὴν
1343 1960 1519 1996 παραλλαγὴν
1537 1960 1643 1995 ἔχουσιν
1654 1961 1682 1986 αἱ
1694 1968 1803 1995 παραυ-

1011 2008 1121 2044 ξήσεις·
1140 2008 1211 2035 ὥστε
1236 2008 1285 2042 τὴν
1315 2006 1468 2043 ἡμερησίαν
1492 2007 1556 2042 περὶ
1582 2006 1631 2042 τὴν
1656 2008 1803 2042 ἰσημερίαν

1010 2053 1180 2089 παραύξησιν
1217 2052 1309 2087 σχεδὸν
1347 2051 1622 2088 ἐνενηκονταπλάσιον
1653 2050 1725 2079 εἶναι
1753 2053 1802 2088 τῆς

1010 2099 1163 2135 ἡμερησίας
1189 2100 1253 2134 περὶ
1275 2099 1380 2134 τροπὰς
1402 2098 1609 2134 παραυξήσεως.
1629 2098 1660 2126 Ὀ
1677 2099 1705 2125 δὲ
1722 2100 1803 2130 αὐτὸς

1009 2145 1087 2180 λόγος
1114 2145 1161 2172 καὶ
1192 2145 1239 2171 ἐπὶ
1263 2144 1317 2171 τῶν
1340 2145 1500 2181 ἡμερησίων
1524 2146 1571 2172 καὶ
1597 2145 1643 2171 ἐπὶ
1667 2144 1723 2171 τῶν
1750 2154 1802 2180 μη-

1010 2191 1102 2220 νιαίων
1120 2190 1151 2218 ³⁰.
1169 2190 1225 2217 Ἀεὶ
1247 2190 1300 2226 γὰρ
1312 2190 1374 2217 ὅσον
1388 2191 1403 2226 ὴ
1416 2190 1506 2226 ἡμέρα
1523 2190 1667 2226 παραύξει,
1693 2190 1803 2216 τοσοῦτο

173 2234 300 2261 barealis.
319 2233 426 2261 Rursus
439 2239 534 2261 noctes
545 2235 641 2262 diebus
657 2240 721 2262 sunt
737 2236 854 2270 majores
870 2236 897 2263 in
916 2244 957 2264 re-

1016 2236 1058 2263 καὶ
1070 2238 1086 2270 ὴ
1103 2235 1151 2268 νὺξ
1165 2235 1296 2271 μειοῦται.
1316 2236 1436 2262 Γίνονται
1450 2236 1503 2271 γᾶρ
1519 2236 1640 2270 μείζονες
1658 2236 1686 2262 αἱ
1700 2236 1802 2270 ἡμέραι

173 2280 254 2315 liquis
267 2280 363 2314 signis,
381 2280 472 2314 Libra,
490 2281 615 2316 Scorpio,
633 2281 790 2317 Sagittario,
813 2283 958 2317 Capricor-

173 2335 219 2359 no,
239 2325 359 2362 Aquario
384 2331 411 2354 et
431 2326 568 2362 Piscibus,
588 2328 634 2363 qui
650 2336 748 2357 rursus
769 2328 957 2358 semicirculus

209 2405 232 2421 "
251 2415 295 2441 π).
312 2405 512 2441 λαμϐάνουσαν.
540 2407 564 2422 ³ο
580 2408 600 2441 f.
619 2407 758 2442 νυχιαίων.

206 2485 263 2520 (25)
283 2486 373 2513 Ὥστε
399 2486 511 2521 σχεδὸν
533 2486 578 2520 ἐφ’
591 2486 704 2520 ἡμέρας
714 2490 754 2519 μ’,
783 2486 907 2521 Scaliger
933 2487 960 2514 in

172 2521 249 2549 Notis
265 2521 299 2548 ad
315 2522 412 2548 librum
428 2529 458 2548 ιιι
477 2520 588 2553 Manilii,
605 2523 685 2548 verba
700 2521 744 2548 illa
757 2526 842 2556 poetae
862 2520 869 2549 Ξ

226 2567 336 2602 Statque
352 2575 403 2594 uno
414 2573 510 2594 natura
527 2567 595 2600 loco,
610 2567 770 2601 paulumque
780 2568 908 2602 quiescit;

172 2613 206 2640 ad
228 2621 260 2640 ea
285 2614 379 2645 refert,
398 2622 458 2646 qua:
487 2613 537 2641 hoc
563 2614 623 2640 loco
638 2612 768 2640 Geminus
791 2613 824 2640 de
844 2613 962 2640 solstitio

172 2650 304 2682 proximis
331 2649 472 2676 mensibus
499 2652 601 2677 narrat.
624 2648 752 2674 nimirum
784 2656 817 2674 XL
853 2648 963 2674 circiter

172 2684 231 2711 dies
252 2692 319 2719 pene
345 2685 486 2711 immotum
500 2685 526 2711 in
549 2683 654 2719 tropico
679 2683 782 2719 circulo
809 2683 961 2710 censis!ch

172 2718 257 2755 solerti
274 2720 312 2751 ὡς
325 2720 393 2755 πρὸς
405 2720 539 2753 αἴσθησιν.
555 2719 607 2745 Sed
620 2718 778 2755 alienumid
791 2722 833 2745 cst
844 2726 857 2743 ιι
872 2722 961 2755 mente

173 2753 284 2785 Manilii,
299 2753 396 2789 qni'dc
412 2755 526 2781 hiberno
542 2759 662 2788 tempore
678 2753 808 2787 loquitur,
827 2761 873 2787 per
887 2754 959 2787 quod

172 2789 256 2815 llr-tria
273 2789 455 2822 clauduntur;
476 2798 524 2816 nec
547 2797 599 2815 non
616 2792 686 2815 terra
705 2789 761 2822 ipsa
782 2789 872 2815 minus
889 2791 960 2816 ultro

171 2824 294 2858 cinoque
314 2825 531 2852 commeantibus
549 2829 630 2858 patet.
645 2824 724 2851 Certe
737 2828 846 2858 propter
863 2823 960 2851 hiemis

172 2858 377 2886 inclementiam
397 2861 475 2886 tectis
495 2867 555 2886 sese
579 2860 719 2886 continent
745 2860 878 2890 homines.
902 2864 928 2885 et
944 2867 958 2886 a

172 2894 252 2923 bellis
276 2894 431 2926 abstinent;
458 2902 490 2922 ac
513 2894 563 2922 sub
583 2895 697 2930 pellibus
724 2894 870 2924 hiemant:
896 2895 957 2923 ideo

1010 2283 1064 2310 τῶν
1081 2283 1183 2310 νυκτῶν
1199 2284 1228 2310 ὲν
1252 2282 1282 2315 ἒξ
1295 2283 1409 2315 ζωδίοις,
1424 2283 1509 2318 Χριῴ,
1532 2283 1643 2318 Ταύρῳ,
1664 2282 1801 2317 Διδύμοις,

1011 2329 1153 2367 Καρκίνῳ,
1174 2329 1279 2363 Λέοντι,
1298 2329 1444 2366 Παρθένῳ·
1467 2329 1534 2365 ὅπερ
1563 2328 1729 2364 ἡμικύκλιον
1755 2327 1801 2354 τοῦ

1013 2487 1088 2514 velut
1112 2487 1238 2522 generale
1256 2486 1392 2522 quoddam
1411 2492 1516 2514 natum
1542 2487 1680 2522 justitium
1705 2487 1801 2514 indici-

1013 2528 1074 2549 1111⁵2

1019 2569 1090 2603 [unc
1102 2568 1167 2602 riget
1179 2568 1263 2595 omnis
1279 2576 1350 2603 ager.
1359 2567 1479 2595 clausum
1494 2577 1575 2598 mare.
1585 2568 1692 2595 condita
1701 2573 1799 2595 castra.

1018 2602 1074 2630 Nec
1093 2605 1206 2629 tolerant
1223 2602 1322 2630 medias
1339 2604 1434 2631 hiemes
1448 2604 1582 2631 horrentia
1597 2612 1677 2630 sum.

1016 2638 1127 2673 Slnlqtte
1144 2647 1195 2666 mw
1210 2643 1306 2666 natura
1319 2639 1385 2669 loco.
1402 2639 1559 2674 paulumque
1569 2640 1689 2673 quiescit.

1051 2684 1106 2720 (26)
1123 2685 1204 2712 Κατὰ
1226 2685 1279 2718 τὰς
1294 2685 1404 2719 τροπὰς
1425 2685 1545 2720 γίνεται.
1572 2685 1729 2721 chendum
1761 2687 1799 2712 est

1034 2735 1105 2791 figi)
1123 2756 1176 2782 Καὶ
1194 2756 1243 2782 ἐπὶ
1264 2755 1342 2782 πολὺ
1351 2755 1460 2790 μῆκος.
1481 2756 1584 2791 Nempe
1609 2755 1648 2787 ὡς
1671 2755 1741 2791 πρὸς
1759 2754 1799 2781 αῖ-

1013 2790 1119 2824 σΘησιν,
1141 2796 1170 2818 ιιι
1187 2791 1267 2826 paulo
1283 2795 1344 2818 ante
1362 2791 1440 2818 dixit.
1454 2792 1559 2825 Alioqui
1577 2791 1604 2818 in
1621 2799 1676 2817 uno
1696 2796 1796 2826 tantum

1012 2822 1161 2862 puiictoiit
1181 2822 1326 2855 contactus
1351 2827 1405 2855 ille.
1426 2825 1493 2855 Vide
1513 2822 1699 2862 Hipparchum
1717 2826 1763 2854 lib.
1779 2822 1796 2857 i.

1011 2868 1086 2888 num.
1102 2861 1173 2890 XXI.
