1913 3138
78 163 131 190 ἹΞἿΞ

602 164 722 192 GEMINI
743 163 929 191 ELEMENTA
948 165 1196 195 ASTRONOMIIE.

1659 166 1714 196 ’194

79 220 215 252 ζωδιακοῦ
233 221 334 248 κύκλου
356 222 409 248 ἀπὸ
434 231 545 258 πρωτης
571 222 667 258 μοίρας
684 222 769 260 Κριοῦ
796 223 876 258 μέχρι

931 223 1033 250 zodiaci
1051 232 1065 250 a
1078 225 1166 260 prima
1179 228 1255 260 parte
1269 224 1357 253 Libra:
1373 232 1458 260 usque
1479 225 1512 252 ad
1528 225 1647 253 Piscium
1664 230 1715 254 tri-

80 266 224 301 Ηαρθένου
253 267 351 302 μοίρας
363 267 384 293 λ’
409 267 511 302 βόρειόν
531 269 599 296 ἐστι.
624 268 708 295 Πάλιν
727 269 754 294 αἱ
780 267 876 299 νύκτες

84 312 134 338 τῶν
156 313 268 348 ἡμερῶν
285 313 405 348 μείζονες
431 314 476 341 ἐπὶ
502 316 558 346 τοῖς
580 313 804 349 ἀπολειπομένοις
825 313 877 346 ζω-

80 357 159 389 δίοις,
175 358 264 394 Ζυγῷ,
278 359 412 395 Σκορπίῳ,
428 359 539 396 Τοξότῃ,
553 360 705 395 Αίγόκερῳ,
730 359 874 394 ’Υδροχόῳ¹

85 403 222 439 Ἰχθύσιν·
241 406 308 441 ὅπερ
333 406 413 433 πάλιν
437 407 599 442 ἡμικύκλιον
622 407 668 433 τοῦ
681 405 812 438 ζωδιακοῦ
830 406 877 432 κύ-

929 269 1060 296 cesimam
1085 274 1189 305 partem
1209 271 1338 298 australis
1356 276 1407 299 est.
1430 271 1629 308 incrementum
1649 280 1714 300 vero

927 314 1033 342 dierum
1059 315 1089 343 lit
1105 324 1120 343 ιι
1135 317 1220 352 prima
1234 322 1310 352 parte
1320 317 1478 353 Capricorni
1492 317 1526 344 ad
1537 317 1714 345 Geminorum

927 362 1095 389 trieesimam
1126 367 1251 398 partem:
1268 364 1341 399 quod
1363 364 1506 391 dimidium
1539 368 1582 392 est
1608 363 1714 391 zodiaci

925 408 1032 436 circuli.

81 451 147 477 εἰν-ου
164 451 218 478 ἀπὸ
232 451 318 486 Ζυγοῦ
341 453 452 488 πρώτης
486 454 583 489 μοίρας
605 453 702 489 μέχρις
731 452 840 487 Ἰχθύων
864 453 961 489 μοίρας
980 454 1002 480 λ’
1022 455 1108 482 νότιόν
1130 457 1198 483 ἐστι.
1219 456 1394 491 Παραύξησις
1413 455 1441 483 δὲ
1458 457 1575 492 ’ἡμερων
1609 456 1714 490 γίνεται

82 499 136 525 ἀπὶ
162 499 272 536 πρώτης
308 500 405 536 μὰῖρας
421 502 561 538 Αῐγὸκερω
586 502 666 538 μέχρι
680 502 802 537 Διδύμων
826 501 922 536 μοίρας
940 505 1118 540 τριακοστῆς·
1140 505 1208 541 ὅπερ
1232 506 1305 532 ἐστὶν
1325 505 1486 541 ἡμικύκλιον
1506 505 1552 532 τοῦ
1579 503 1713 537 ζωδιακοῦ

81 545 184 572 κύκλου
190 566 197 573 .

125 592 193 618 Ἀπὸ
209 592 237 619 δὲ
252 592 300 627 τῆς
323 593 427 629 τροπῆς
446 595 602 630 χειμερινῆς
618 595 697 630 μέχρι
709 595 813 630 τροπῆς
832 593 876 620 θε-

82 637 162 672 ρινῆς
178 638 348 674 παραύξησις
379 639 489 674 ἡμερῶν
514 639 626 674 γίνεται.
651 640 823 676 Παραύξησις
847 640 875 666 δὲ

83 684 191 710 νυκτῶν
206 684 308 718 γίνεται
324 685 376 712 ἀπὸ
395 686 531 722 Καρκίνου
553 686 662 722 πρώτης
684 686 779 722 μοίρας
795 686 874 721 μέχρι

82 730 200 762 Τοξότου
215 731 311 766 μοίρας
330 730 362 764 λ’,
384 732 539 767 ὅπεριὲστὶν
558 732 717 767 ἡμικύκλιον
735 733 814 760 πάλιν
827 733 874 760 τοῦ

82 776 217 807 ζωδιακοῦ
236 777 334 804 κύκλου
354 777 408 804 ἀπὸ
423 777 526 812 τροπῆς
548 778 656 814 θερινῆς
678 779 757 815 μέχρι
770 779 874 815 τροπῆς

83 832 125 858 χει
131 824 253 859 μερινῆς.

118 869 198 901 Τινὲς
218 870 266 904 μὲν
283 868 329 897 οὖν
356 870 533 907 διελάμϐανον
557 872 685 908 μεγίστας
703 873 808 908 ἡμέρας
829 873 873 906 γί-

83 915 178 941 νεσθαι
196 915 224 940 ἐν
239 916 385 952 Καρκῖνῳ·
406 918 523 954 ἐπείπερ
539 919 566 945 αἱ
582 918 685 955 θεριναὶ
707 920 834 954 τροπικαὶ
848 921 876 945 ὲν

83 961 122 996 τῷ
138 962 328 998 προειρημένῳ
343 963 430 999 ζωδίῳ
447 964 566 998 γίνονται
576 974 582 980 ·
599 965 728 1000 μεγίστας
741 965 769 992 δὲ
777 965 876 996 νύκτας

83 1007 155 1034 εἶναι
168 1010 198 1035 ἐν
214 1009 364 1046 Αίγόκερῳ,
378 1011 438 1036 ἐπεὶ
452 1012 480 1037 αἱ
491 1012 643 1046 χειμεριναὶ
654 1011 752 1046 τροπαὶ¹
763 1011 876 1044 ἐνΑἰγό-

84 1062 159 1089 κερῳ
173 1054 309 1088 γίνονται·
325 1056 511 1092 παραπλήσιόν
526 1065 552 1082 τι
574 1056 712 1088 ποιοῦντες
726 1057 877 1092 ἁμάρτημα

84 1099 124 1134 τῷ
136 1100 183 1126 ἐπὶ
196 1099 249 1126 τῶν
263 1101 410 1135 συζυγιῶν.
424 1102 455 1128 Εἰ
467 1102 515 1137 μὲν
530 1101 584 1137 γὰρ
594 1103 621 1129 ἐν
631 1102 700 1134 ὅλοις
710 1104 764 1134 τοῖς
772 1102 876 1134 ζωδίοις

84 1146 207 1179 ἐγίνοντο
217 1148 325 1182 τροπαὶ.
343 1145 377 1183 ἦν
393 1147 426 1174 ἂν
444 1148 542 1183 ἀληθὲς
557 1148 587 1174 τὸ
604 1149 814 1184 προειρημένον·
830 1148 876 1175 νῦν

84 1191 112 1217 Et
129 1191 164 1218 τὰ
186 1193 234 1227 μὲν
257 1194 376 1228 τροπικὰ
396 1196 498 1229 σημεῖα
517 1194 587 1229 λόγῳ
609 1194 734 1230 θεωρητά
755 1196 830 1221 ἐστι·
846 1194 878 1221 τὸ

83 1237 114 1263 δὲ
131 1237 192 1264 ὅλον
207 1237 301 1270 ζῴδιον
314 1239 344 1266 τὲο
354 1239 401 1266 τοῦ
418 1240 554 1275 Καρκίνου
572 1240 620 1276 τὴν
632 1240 715 1275 αὐτὴν
728 1241 878 1267 ἀπόστασιν

84 1283 141 1319 ἔχει
157 1285 212 1310 ἀπὸ
228 1285 274 1311 τοῦ
287 1285 392 1320 Θερινοῦ
404 1287 533 1321 τροπικοῦ
550 1287 664 1322 σημείου
675 1289 732 1318 τοῖς
740 1287 875 1322 Διδύμοις,

85 1331 134 1357 καὶ
149 1331 203 1358 ὑπὸ
217 1332 272 1358 τῶν
293 1332 382 1358 αὐτῶν
403 1333 584 1369 παραλλήλων
608 1333 876 1369 ἐμπεριλαμϐάνεται

85 1377 206 1409 κύκλων,
222 1379 268 1404 καὶ
284 1380 316 1405 ὲκ
330 1379 376 1406 τοῦ
393 1379 474 1406 αὑτοῦ
490 1380 574 1406 τόπου
589 1380 638 1415 τὴν
649 1380 779 1416 ἀνατολὴν
794 1382 878 1407 ποιεῖ-

83 1432 141 1456 ται,
152 1424 200 1450 καὶ
211 1425 251 1456 εἰς
268 1425 313 1451 τὸν
328 1425 408 1452 αὑτὸν
428 1425 509 1452 τόπον
521 1426 569 1462 τὴν
588 1426 674 1453 δύσιν.
690 1427 751 1453 Εἰσὶ
767 1426 821 1462 γὰρ
833 1427 878 1453 ἁλ-

85 1469 177 1505 λήλοις
206 1471 277 1498 κατὰ
303 1471 443 1506 συζυγίαν.
466 1471 512 1498 Διὸ
537 1471 568 1507 δὴ
591 1472 686 1499 καὶτὰ
709 1472 811 1508 μεγέθη
823 1473 877 1499 τῶν

83 1517 198 1552 ἡμερῶν
225 1518 272 1544 καὶ
300 1518 355 1544 τῶν
370 1517 474 1545 νυκτῶν
491 1519 537 1545 ίσα
559 1519 632 1545 ἐστὶν
651 1519 679 1545 ὲν
692 1518 816 1554 Διδύμοις
831 1520 877 1546 καὶ

86 1563 227 1599 Καρκίνῳ.
246 1564 300 1591 Καὶ
318 1564 372 1599 γὰρ
390 1566 418 1591 ὲν
433 1566 488 1596 τοῖς
507 1564 662 1600 ὡρολογίοις
684 1565 714 1592 τὸ
729 1565 812 1602 ἄκρον
828 1566 877 1601 τῆς

84 1609 132 1636 τοῦ
148 1609 287 1644 γνώμονος
313 1611 391 1642 σκιᾶς
407 1611 456 1642 τὰς
482 1611 566 1643 αὑτὰς
589 1612 689 1647 γράφει
704 1611 836 1647 γραμμὰς
849 1613 878 1638 ὲν

84 1655 142 1686 τοῖς
164 1655 373 1691 προειρημένοις
394 1655 509 1688 ζωδίοις,
538 1657 566 1683 '0
582 1657 611 1683 δὲ
635 1656 716 1687 αὐτὸς
739 1657 817 1691 λόγος
831 1657 878 1684 καὶ

85 1701 132 1727 ἐπὶ
148 1700 204 1727 τῶν
222 1701 384 1737 χειμερινῶν
400 1702 520 1737 τροπῶν.
545 1702 610 1729 Οὐδὲ
629 1704 683 1738 γὰρ
701 1704 744 1729 ἐπ’
767 1703 878 1730 ἐκείνων

86 1748 257 1782 ὑποληπτέον
272 1749 300 1774 ἐν
319 1748 372 1784 ὅλῳ
394 1748 434 1784 τῷ
457 1749 597 1785 Αἱγόκερῳ
628 1749 758 1785 μεγίστας
779 1750 876 1781 νύκτας

87 1795 210 1829 γίνεσθαι
221 1803 227 1810 ·
247 1795 303 1821 ἀλλ’
319 1796 349 1822 ἓν
367 1804 392 1822 τι
410 1798 523 1831 σημεῖον
542 1796 612 1831 λόγῳ
629 1797 774 1832 θεωρητδν,
792 1797 806 1823 ὃ
822 1805 879 1823 κιιι-

87 1841 131 1868 νόν
143 1843 217 1868 ἐστιν
232 1842 372 1876 Λίγὸκερω
385 1843 430 1869 καὶ
445 1842 489 1868 τοῦ
507 1842 631 1874 Τοξότου,
643 1842 692 1877 τὴν
709 1843 793 1878 αὐτὴν
808 1843 877 1869 ἀπό-

88 1895 185 1914 οτασιν
201 1887 258 1922 ἔχει
282 1887 334 1914 ἀπὸ
359 1889 406 1914 τοῦ
427 1888 557 1924 τροπικοῦ
578 1889 732 1924 χειμερινοῦ
753 1890 876 1924 σημείου,

87 1934 134 1960 καὶ
153 1933 207 1960 ὑπὸ
227 1935 281 1960 τῶν
301 1934 390 1960 αὐτῶν
412 1934 591 1970 παραλλήλων
610 1931 877 1970 ἐμπεριλαμϐάνεται

87 1979 207 2011 κύκλων,
226 1981 273 2007 καὶ
285 1980 357 2007 ἐστιν
372 1980 496 2015 ἀλλήλοις
512 1981 583 2007 κατὰ
598 1981 728 2015 συζυγίαν
738 1990 745 1997 ’
761 1981 820 2008 ὅθεν
832 1983 878 2008 καὶ

88 2026 122 2053 τὰ
137 2026 240 2062 μεγέθη
257 2026 310 2053 τῶν
323 2026 433 2062 ἡμερῶν
450 2027 497 2053 καὶ
510 2027 615 2054 νυκτῶν
630 2027 674 2053 ἴσα
694 2027 768 2054 ἐστὶν
781 2029 809 2054 ὲν
828 2029 878 2054 Το-

88 2071 154 2108 ξότῃ
181 2073 228 2099 καὶ
255 2073 406 2108 Αίγόκερῳ.
432 2072 554 2099 Καθόλου
575 2072 603 2098 δὲ
630 2073 680 2099 ὃσα
703 2072 756 2099 τῶν
777 2073 878 2106 ζωδίων

86 2119 160 2145 κατὰ
181 2118 309 2153 συζυγίαν
333 2119 457 2154 ἀλλήλοις
476 2119 611 2154 ὑπάρχει,
633 2119 717 2145 ταῦτα
740 2119 775 2145 τὰ
797 2119 879 2151 (eam

89 2165 150 2196 [σας
164 2165 271 2200 ἡμέρας
292 2165 338 2191 καὶ
354 2165 453 2196 νύκτας
467 2165 599 2200 περιέχει.
617 2166 743 2192 Ἔσονται
763 2163 809 2191 οὖν
824 2165 878 2192 ἴσαι

87 2211 192 2246 ἡμέραι
206 2211 235 2237 ὲν
248 2211 373 2246 Διδύμοις
388 2211 434 2237 καὶ
447 2211 585 2246 Καρκίνῳ,
597 2211 695 2247 Ταύρῳ
711 2211 758 2237 καὶ
772 2211 876 2242 Λέοντι,

964 591 1005 619 Ab
1033 593 1146 620 hiberna
1162 594 1342 621 conversione
1372 603 1458 630 usque
1481 595 1514 622 ad
1534 596 1654 623 :estivam
1683 597 1713 624 tit

928 638 1034 665 dierum
1064 641 1263 667 incrementum
1277 661 1285 673 ,
1309 641 1356 668 sed
1377 641 1497 668 noctium
1515 642 1714 670 incrementum

928 683 958 711 (it
985 692 1000 710 a
1015 684 1112 712 Cancri
1124 687 1210 720 prima
1226 690 1302 721 parte
1318 695 1404 722 usque
1423 687 1455 714 ad
1475 686 1613 722 Sagittarii
1630 688 1714 715 trice-

928 728 1025 756 siinam
1046 734 1160 765 partem,
1178 731 1224 766 qui
1240 739 1336 759 rursus
1349 732 1540 759 semicirculus
1556 737 1598 760 est
1610 733 1714 761 zodiaci

933 775 968 802 ab
981 776 1075 803 zesliva
1091 777 1270 805 conversione
1286 785 1373 812 usque
1387 778 1421 805 ad
1439 777 1592 807 hibernam.

963 882 1092 910 Nonnulli
1110 883 1192 919 igitur
1210 890 1371 919 putaverunt
1387 886 1561 920 longissimas
1579 886 1637 914 dies
1656 886 1714 914 fieri

928 929 955 955 in
972 928 1078 956 Cancro
1100 939 1106 956 :
1128 931 1262 965 siquidem
1280 932 1380 958 aestiva:
1393 933 1587 960 conversiones
1602 933 1714 959 indicto

928 975 1007 1010 signo
1022 975 1087 1002 [iant
1104 985 1111 1004 :
1129 982 1224 1005 noctes
1245 986 1308 1005 vero
1335 978 1466 1006 maximas
1489 979 1544 1005 lieri
1573 979 1599 1006 in
1620 979 1715 1014 Capri-

927 1028 1022 1052 corno,
1045 1029 1107 1048 cmn
1131 1022 1249 1049 hiberum
1272 1023 1465 1050 conversiones
1484 1023 1587 1049 liantin
1617 1023 1715 1058 Capri-

928 1075 1023 1094 corno.
1043 1068 1100 1100 Qua
1131 1068 1158 1094 in
1183 1076 1213 1096 re
1238 1069 1326 1096 simile
1354 1069 1527 1096 committunt
1550 1073 1669 1096 crratmn
1690 1069 1716 1096 ei

930 1113 1002 1146 quod
1019 1113 1195 1140 committunt
1213 1114 1239 1140 in
1264 1115 1384 1150 syzigiis.
1403 1115 1431 1141 Si
1453 1115 1524 1142 uiim
1547 1115 1574 1141 in
1595 1115 1659 1142 totis
1679 1115 1717 1143 si-

928 1159 990 1192 gnis
1012 1159 1106 1186 lierent
1120 1160 1326 1191 conversiones.
1345 1165 1418 1188 esset
1434 1169 1526 1188 verum
1545 1161 1616 1195 quod
1636 1160 1717 1188 modo

928 1203 1029 1230 dictum
1052 1208 1118 1231 est:
1137 1207 1164 1231 at
1184 1213 1256 1232 nunc
1271 1211 1370 1240 puncta
1395 1207 1499 1241 tropica
1524 1207 1628 1234 ratione
1652 1211 1717 1234 sunt

928 1250 1146 1284 contemplabilia
1160 1259 1167 1283 ;
1184 1255 1268 1277 totum
1281 1259 1345 1278 vero
1358 1252 1464 1287 signum
1477 1252 1575 1279 Cancri
1593 1252 1716 1280 eamdem

928 1295 1086 1323 distantiam
1105 1296 1185 1322 habet
1205 1297 1239 1324 ab
1265 1297 1359 1323 aestivo
1384 1297 1487 1332 tropico
1510 1302 1611 1332 puncto
1633 1305 1715 1332 quam

928 1341 1044 1373 Gemini,
1060 1346 1086 1369 ct
1101 1342 1134 1369 ab
1146 1342 1240 1370 iisdem
1259 1343 1396 1378 parallclis
1413 1344 1525 1371 circulis
1537 1344 1717 1378 comprehen-

928 1387 1020 1421 ditur;
1037 1392 1064 1414 et
1078 1396 1111 1415 ex
1123 1389 1217 1416 eodem
1235 1389 1295 1416 loco
1308 1393 1398 1416 ortum
1413 1389 1488 1421 facit,
1503 1394 1529 1417 et
1545 1390 1572 1417 in
1588 1389 1715 1417 eumdem

928 1434 1017 1461 locum
1046 1435 1110 1461 facit
1129 1442 1267 1462 occasum.
1288 1435 1357 1462 Sunt
1380 1436 1453 1463 enim
1480 1436 1537 1463 haec
1559 1436 1636 1471 signa
1663 1437 1716 1464 sibi

928 1479 1045 1507 invicem
1065 1480 1214 1508 secundum
1233 1481 1382 1516 syzygiam,
1403 1488 1452 1508 seu
1473 1481 1713 1509 combinationem.

928 1525 1109 1559 Quamobrem
1138 1527 1218 1554 etiam
1245 1527 1445 1561 magnitudines
1477 1527 1582 1555 dierum
1610 1532 1637 1554 et
1667 1535 1717 1554 no-

891 1591 912 1619 C
931 1572 1016 1599 ctium
1031 1573 1150 1607 aequales
1168 1577 1231 1599 sunt
1247 1573 1272 1599 in
1291 1571 1413 1600 Geminis
1430 1576 1456 1600 et
1470 1573 1586 1600 Cancro.
1609 1572 1716 1600 Etenim

930 1618 958 1645 in
972 1618 1120 1653 horologiis
1135 1619 1292 1646 extremitas
1306 1619 1443 1645 umbrmin
1460 1626 1594 1653 gnomone
1606 1619 1715 1646 easdem

930 1664 1015 1693 lineas
1031 1665 1163 1693 describit
1179 1665 1205 1692 in
1221 1664 1302 1692 dictis
1327 1665 1423 1699 signis.
1454 1664 1555 1692 Eadem
1580 1669 1623 1692 cst
1646 1665 1717 1692 ratio

929 1710 1010 1736 etiam
1026 1710 1053 1736 in
1070 1710 1194 1738 hibernis
1211 1711 1448 1738 conversionibus.
1476 1710 1568 1744 Neque
1589 1711 1662 1738 enim
1688 1711 1717 1738 in

930 1756 984 1782 illis
1000 1757 1148 1791 putandum
1161 1762 1202 1784 est
1217 1757 1244 1784 in
1268 1761 1323 1784 toto
1350 1757 1518 1791 Capricorno
1541 1757 1716 1792 longissimas

930 1802 988 1829 ﬁeri
1005 1807 1121 1830 noctes:
1139 1803 1186 1830 sed
1214 1811 1296 1830 unum
1323 1803 1431 1838 aliquod
1456 1807 1586 1837 punctum
1611 1803 1716 1830 ratione

931 1849 1138 1884 intelligendum
1160 1857 1305 1877 commune
1324 1853 1366 1877 est
1387 1849 1556 1884 Capricorno
1580 1853 1607 1876 et
1627 1848 1716 1884 Sagit<

929 1895 999 1921 tario
1018 1905 1024 1922 :
1042 1899 1128 1922 totum
1141 1903 1205 1923 vero
1230 1897 1336 1931 signum
1360 1896 1532 1931 Capricorni,
1555 1899 1582 1923 et
1608 1896 1716 1930 signum

931 1941 1069 1976 Sagittarii
1097 1942 1219 1969 eamdem
1245 1943 1346 1969 habent
1374 1942 1532 1969 distantiam
1558 1942 1590 1968 ab
1603 1942 1716 1969 hiberno

929 1988 1032 2022 tropico
1046 1993 1156 2022 puncto,
1170 1992 1197 2015 ct
1212 1989 1245 2016 ab
1256 1988 1351 2016 iisdem
1366 1989 1502 2023 parallelis
1518 1989 1629 2016 circulis
1645 1996 1716 2015 com-

929 2033 1145 2068 prehenduntur,
1159 2033 1266 2067 sibique
1285 2033 1399 2060 invicem
1414 2037 1477 2061 stitit
1502 2033 1652 2061 secundum
1664 2034 1716 2068 ιϐ

930 2081 1077 2116 syzyaiam,
1092 2087 1140 2107 seu
1158 2079 1399 2106 combinationem.
1413 2079 1489 2106 Unde
1509 2079 1589 2106 etiam
1612 2079 1716 2114 magni-

931 2127 1039 2153 tudines
1058 2126 1163 2153 dierum
1179 2129 1207 2153 ct
1222 2126 1342 2152 noctium
1363 2126 1483 2160 aequales
1500 2129 1564 2153 sunt
1582 2125 1609 2152 in
1622 2125 1712 2160 Sagit-

930 2172 1001 2198 tario
1014 2175 1040 2199 et
1057 2172 1235 2207 Capricorno.
1261 2172 1461 2199 Universalitcr
1477 2175 1578 2204 autem,
1603 2179 1663 2206 quae
1677 2171 1716 2198 si-

930 2224 980 2250 gna
997 2217 1067 2244 inter
1088 2225 1118 2244 se
1147 2221 1210 2244 sunt
1238 2216 1386 2244 secundum
1408 2217 1556 2251 syzygiam.
1583 2224 1614 2244 ea
1639 2217 1715 2251 signa

87 2257 167 2292 Κριῷ
184 2257 230 2284 καὶ
244 2256 384 2292 Παρθένῳ,
406 2257 503 2292 Ἰχθύσι
515 2258 562 2283 καὶ
576 2257 664 2293 Ζυγῴ,
685 2258 820 2293 ’Υδροχόῳ
832 2257 876 2284 καὶ

931 2263 1049 2297 :cqualcs
1069 2263 1170 2290 habent
1184 2263 1243 2290 dies
1255 2267 1281 2290 et
1292 2267 1395 2290 noctes.
1409 2262 1494 2289 Erunt
1506 2263 1716 2298 igiluraequales

86 2303 226 2340 Σκορπίῳ,
242 2304 383 2339 Αἰγόκερῳ
397 2304 444 2330 καὶ
457 2303 567 2339 Τοξότῃ.

123 2433 178 2460 Τοῦ
195 2434 224 2460 δὲ
239 2434 340 2469 κόσμου
360 2435 545 2470 σφαιροειδοῦς
569 2435 746 2470 ὑπάρχοντος,
769 2435 814 2461 καὶ
836 2444 878 2461 κι-

85 2480 220 2516 νουμένου
240 2480 326 2516 φορὰν
353 2481 494 2515 ἐγκύκλιον
510 2482 556 2507 ἀπ’
583 2480 714 2515 ἀνατολῆς
729 2481 774 2506 ἐπὶ
792 2480 877 2512 δύσιν,

89 2526 234 2562 συμῦαίνει
253 2526 360 2552 ᾶπαντα
372 2526 406 2553 τὰ
435 2527 481 2553 ἐπὶ
506 2527 556 2561 τῆς
582 2526 698 2562 σφαίρας
718 2528 817 2562 σημεῖα
833 2527 879 2552 ἐπὶ

87 2572 270 2608 παραλλήλων
288 2572 394 2599 κύκλων
417 2572 556 2608 φέρεσθαι.
579 2572 623 2603 Ἐξ
648 2569 677 2598 οὗ
694 2573 818 2608 φανερὸν,
838 2573 879 2599 ὅτι

88 2620 136 2646 καὶ
150 2618 251 2650 πάντες
267 2619 292 2644 οι
311 2618 424 2654 ἀστέρες
447 2619 494 2644 ἐπὶ
512 2618 689 2654 παραλλήλων
705 2618 811 2644 κύκλων
829 2618 879 2653 τὴν

88 2664 197 2701 κίνησιν
213 2664 364 2691 ποιοῦνται.
378 2664 427 2691 Διὰ
438 2664 516 2690 τοῦτο
529 2665 557 2690 δὲ
571 2665 616 2690 καὶ
632 2665 664 2691 ἐκ
682 2665 726 2691 τοῦ
738 2664 818 2690 αὐτοῦ
835 2665 879 2690 τό-

90 2719 140 2738 που
161 2712 261 2742 πάντες
273 2711 298 2737 οἱ
312 2710 440 2742 ἀπλανεῖς
454 2711 567 2745 ἀστέρες
582 2710 764 2741 ἁνατέλλουσι,
778 2712 824 2737 καὶ
839 2711 879 2742 εἰς

89 2759 134 2785 τὸν
149 2759 231 2786 αὐτὸν
248 2759 330 2785 τύπον
344 2758 483 2784 δύνουσινδ
500 2757 599 2792 ὁμοίως
614 2757 643 2784 δὲ
666 2758 713 2783 καὶ
733 2757 757 2782 οἱ
777 2756 879 2791 παράλ-

89 2804 163 2840 ληλοι
184 2804 281 2832 κύκλοι
304 2805 336 2830 ἐκ
355 2804 400 2830 τοῦ
422 2803 503 2830 αὐτοῦ
524 2804 606 2829 τόπου
629 2803 811 2837 ἀνατέλλουσι,
833 2803 879 2830 καὶ

91 2852 129 2882 sic
144 2851 190 2878 τὸν
204 2851 286 2878 αὑτὸν
298 2851 378 2876 τόπον
395 2850 526 2876 δύνουσιν.

130 2896 160 2924 ὀ
173 2897 203 2924 δὲ
221 2896 277 2924 τῶν
292 2895 394 2928 ζωδίων
411 2895 520 2929 κύκλος,
541 2895 616 2929 λοξὸς
632 2895 669 2924 ὢν
685 2896 717 2931 τῇ
735 2895 802 2930 πρὸς
817 2896 878 2927 τοὺς

929 2308 987 2335 dies
1005 2308 1030 2334 ili
1042 2308 1164 2335 Geminis
1179 2312 1205 2335 et
1230 2308 1347 2339 Cancro,
1367 2308 1394 2334 in
1412 2308 1503 2334 Tauro
1521 2311 1548 2335 et
1566 2307 1665 2340 Leone,
1688 2308 1716 2335 in

930 2353 1019 2379 Ariete
1035 2358 1062 2380 et
1076 2352 1200 2387 Virgine,
1214 2352 1240 2379 in
1259 2352 1383 2380 Piscibus
1398 2356 1425 2380 et
1440 2352 1530 2384 Libra,
1549 2353 1577 2379 in
1592 2352 1715 2388 Aquario

928 2403 956 2427 et
971 2399 1094 2434 Scorpio.
1117 2399 1144 2426 in
1160 2400 1331 2434 Capricorno
1343 2403 1370 2426 et
1383 2398 1540 2433 Sagittario.
1700 2402 1702 2405 '

964 2446 1032 2472 Cum
1053 2450 1142 2473 autem
1155 2447 1273 2473 mundus
1294 2447 1328 2473 sit
1341 2446 1503 2480 sphaericus,
1527 2450 1553 2473 et
1576 2449 1716 2472 moveatur

930 2495 1006 2518 motu
1023 2491 1151 2518 circulari
1167 2491 1201 2518 ab
1212 2496 1274 2518 ortu
1287 2491 1319 2518 ad
1328 2499 1469 2523 orcasum,
1485 2491 1575 2518 evenit
1586 2492 1716 2519 utomnia

930 2540 1030 2572 puncta
1059 2537 1085 2563 in
1107 2537 1213 2571 sphaera
1235 2537 1261 2564 in
1292 2537 1428 2572 parallelis
1447 2537 1559 2564 circulis
1583 2537 1713 2565 ferantur.

930 2582 967 2610 Ex
983 2591 1038 2618 quo
1061 2583 1247 2613 manifestum.
1269 2583 1341 2618 quod
1363 2583 1444 2610 etiam
1467 2591 1561 2610 omnes
1580 2583 1664 2609 stellae
1687 2583 1713 2610 in

930 2630 1066 2664 parallciis
1080 2629 1192 2656 circulis
1210 2635 1312 2656 motum
1328 2628 1534 2661 faciant.Quam
1552 2629 1586 2655 ob
1603 2636 1713 2656 causam

928 2676 1010 2702 etiam
1021 2674 1116 2702 eodem
1128 2682 1159 2702 ex
1180 2674 1240 2701 loco
1256 2682 1351 2701 omnes
1365 2674 1450 2700 stella:
1465 2673 1523 2700 lixae
1537 2674 1672 2704 oriuntur,
1689 2679 1715 2701 et

930 2722 956 2748 iu
973 2720 1098 2748 eumdem
1115 2721 1203 2747 locum
1217 2720 1344 2746 occidunt
1361 2730 1367 2746 :
1387 2719 1512 2746 similiter
1524 2724 1612 2746 autem
1624 2723 1650 2746 et
1666 2727 1714 2752 pa-

932 2767 1021 2794 ralleli
1037 2767 1134 2794 circuli
1148 2774 1180 2794 ex
1197 2767 1294 2794 eodem
1309 2767 1368 2794 loco
1387 2766 1523 2799 oriuntur,
1546 2770 1574 2793 et
1592 2766 1619 2792 in
1640 2773 1710 2793 euin-

929 2814 989 2842 dem
1003 2814 1093 2842 locmn
1109 2812 1247 2841 occidunt.

968 2893 1003 2920 At
1017 2891 1159 2925 zodiacus,
1177 2899 1238 2919 cum
1255 2891 1290 2919 sit
1307 2890 1436 2926 obliquus
1452 2890 1506 2918 situ
1517 2893 1550 2919 ad
1560 2890 1714 2927 parallelos.
