1913 3138
197 179 250 206 795

696 180 742 206 AD
763 178 900 206 EUSEBII
920 179 1120 208 CHRONICON
1141 177 1323 208 APPENDIX.

1783 178 1830 207 796

197 242 251 262 non
267 234 347 262 habet
362 242 456 262 omnes
479 238 571 269 partes
592 243 624 262 ex
651 235 747 263 eodem
773 235 835 263 loco
851 236 982 268 orientes,

1046 235 1223 272 ταραλλήλους
1231 236 1314 268 θέσει,
1322 236 1352 262 οὐ
1365 236 1451 263 πάντα
1459 235 1514 270 εχει
1524 235 1558 262 τὰ
1570 235 1640 271 μέρη
1653 236 1685 261 ἐκ
1694 234 1743 261 τοῦ
1753 235 1831 263 αὑτοῦ

197 289 247 310 nec
274 282 301 309 in
321 280 448 309 eumdem
480 280 571 307 locum
608 281 764 308 occidentes
783 291 790 308 :
808 281 985 316 quamobrem

197 334 285 362 neque
295 326 438 354 duodecim
452 326 527 361 signa
538 333 572 353 ex
584 325 680 353 codem
701 326 763 353 loco
778 326 917 359 oriuntur,
938 334 987 354 ne-

196 381 249 408 que
260 373 287 399 in
300 371 423 400 eumdem
440 371 529 398 locum
547 371 688 399 occidunt.
708 371 775 399 Nam
791 372 818 399 in
844 372 986 399 latitudine

196 418 325 445 zodiacus
339 417 461 444 circulus
477 421 556 444 ortus
571 420 598 444 et
610 424 726 444 occasus
742 416 837 444 efficit.
861 416 908 443 Est
935 423 986 443 au-

195 469 249 491 tem
265 463 382 490 latitudo
404 467 483 491 ortus
500 464 560 498 ejus
575 464 768 491 semicirculus
782 471 797 490 a
811 464 898 498 prima
910 467 986 498 parte

193 508 294 536 Cancri
310 509 427 541 oriente,
443 517 530 544 usque
552 510 586 536 ad
609 509 724 544 primam
746 509 906 545 Capricorni
928 518 987 545 par-

194 560 249 587 tem
266 556 470 584 ascendentem.
495 555 604 589 Quanta
629 557 703 583 enim
728 560 770 583 est
793 556 821 583 in
844 556 987 584 horizonte

195 601 300 629 zodiaci
317 602 472 634 circulatio,
491 610 551 637 qua:
573 605 616 629 est
643 602 713 628 inter
731 601 781 629 hos
803 601 873 635 dies,
893 605 987 629 tantus

194 651 237 675 est
255 647 406 675 secundum
434 648 606 675 latitudinem
630 655 793 683 progressus
821 648 934 676 zodiaco
959 649 986 675 in

196 694 350 721 horizonte.
366 693 415 721 His
426 701 547 729 congrua
561 694 643 721 etiam
658 693 760 721 Aratus
775 693 907 727 ostendit,
924 701 986 721 cum

196 739 237 767 sic
249 739 338 774 inquit
354 749 360 766 :

213 843 248 869 At
267 841 308 868 hic
334 846 437 868 tantum
452 850 548 876 aquam
566 841 665 869 Oceani
685 843 793 873 transit,

215 878 351 910 Quantum
368 886 383 904 a
398 877 564 911 Capricorno
577 878 677 904 oriente
689 878 804 904 maxime

1035 282 1118 309 τόπου
1134 281 1322 313 ἀνατέλλοντα,
1333 283 1380 308 καὶ
1396 282 1435 313 εἰς
1452 281 1496 308 τὸν
1511 281 1591 308 αὐτὸν
1604 281 1688 308 τόπον
1702 280 1830 308 δύνοντα·

1036 327 1069 354 δι’
1084 327 1116 363 ἢν
1130 328 1219 355 αίτίαν
1236 328 1296 354 οὐδὲ
1317 327 1353 354 τὰ
1375 327 1407 363 ιβ’
1423 327 1505 360 ζὼδια
1523 328 1555 354 ὲκ
1578 327 1625 354 τοῦ
1649 326 1735 354 αὑτοῦ
1753 327 1831 354 τόπου

1036 373 1187 406 ἀνατέλλει,
1199 375 1246 401 καὶ
1263 375 1302 406 είς
1313 373 1358 401 τὸν
1378 374 1458 401 αὑτὸν
1471 374 1553 400 τόπον
1569 373 1652 400 δύνει.
1675 373 1722 400 Ἐν
1736 373 1832 400 πλάτει

1036 419 1091 455 γὰρ
1103 421 1117 446 ὁ
1129 418 1260 452 ζωδιακὸς
1275 419 1375 451 κύκλος
1390 420 1440 451 τὰς
1457 419 1589 451 ἀνατολὰς
1605 420 1652 446 καὶ
1670 418 1721 451 τὰς
1743 419 1832 451 δύσεις

1038 467 1163 492 ποιεῖται.
1180 467 1258 492 Ἐστι
1270 466 1299 492 δὲ
1318 466 1347 492 τὸ
1373 465 1473 498 πλάτος
1493 466 1575 492 αὑτοῦ
1592 466 1640 501 τῆς
1653 465 1789 501 ἀνατολῆς
1803 466 1831 493 τὸ

1037 512 1090 538 ἀπὸ
1103 513 1149 539 τοῦ
1162 513 1301 548 Καρκίνου
1318 512 1430 548 πρώτης
1453 513 1549 548 μοίρας
1569 512 1771 547 ἀνατελλούσης
1786 513 1831 548 μέ-

1036 567 1096 594 χρις
1105 559 1246 595 Αίγόκερω
1263 559 1373 595 πρώτης
1391 558 1487 594 μοίρας
1500 558 1716 594 ἀναφερομένης.
1735 558 1830 593 ”Ηλί)ςη

1036 604 1091 639 γάρ
1108 605 1180 630 ὲστιν
1196 604 1251 640 (28)
1266 606 1282 640 ἡ
1306 603 1405 639 μεταξὺ
1422 596 1477 631 τῶν
1500 604 1610 640 ἡμερῶν
1631 604 1735 631 τούτων
1754 613 1831 640 περι-

1037 649 1108 685 φορὰ
1126 649 1221 676 τούτου
1239 650 1285 676 ἐπὶ
1307 650 1353 677 τοῦ
1376 650 1521 685 ὁρίζοντος,
1545 649 1697 688 τηλικαύτη
1725 651 1829 685 ἐστὶνὴ

1037 697 1108 723 κατὰ
1120 696 1219 728 πλάτος
1232 696 1348 732 πάροδος
1370 696 1415 722 ἐπὶ
1432 696 1478 723 τοῦ
1498 697 1634 732 ὁρίζοντος
1650 696 1689 732 τῷ
1706 697 1832 732 ζωδιακῷ

1037 742 1138 778 κύκλῳ.
1153 742 1265 774 Τούτοις
1277 742 1306 769 δὲ
1322 741 1473 778 συμφώνως
1489 743 1536 769 καὶ
1552 744 1565 769 ό
1578 743 1696 778 ’Ἄρατος
1711 743 1829 777 ἀποφαί-

1037 798 1113 816 νεται
1124 789 1211 824 λέγων
1225 788 1312 821 οὕτως
1320 797 1328 804 ·

1038 846 1137 880 Αὐτὰρ
1160 845 1202 879 ὅγ’
1226 844 1374 872 Ὠκεανοῖο
1400 845 1494 873 τόσον
1515 846 1726 880 παραμείϐεται
1744 845 1830 880 ὕδωρ,

1041 882 1157 908 Ὂο-ο-ον
1179 880 1419 915 άπἈὶγοκερῆος
1440 881 1650 915 ἀνερχομένοιο
1667 881 1804 915 μάλιστα

214 912 401 950 AdVCancrurn
413 913 540 940 orientem
561 912 673 939 volvitur
688 921 697 950 ς
710 917 842 950 quantum
856 913 970 950 undique

1046 917 1188 950 Καρκίνον
1200 917 1243 948 είς
1262 912 1386 943 ἆνιόφῗτά
1398 912 1570 943 κιιλίνδέίῑὰι
1579 925 1586 932 ’
1601 912 1701 943 ὅσσον
1713 915 1832 950 ἁπάντη

216 947 309 976 Oriens
324 949 451 980 continet,
462 953 565 974 tantum
575 952 644 974 certe
653 948 754 982 quidem
762 948 826 974 alibi
836 947 966 977 occidens.

232 1004 260 1031 In
272 1003 315 1032 his
331 1003 403 1031 enim
423 1003 585 1030 determinat
610 1011 786 1038 progressum
809 1004 914 1032 zodiaci
931 1005 985 1032 cir-

196 1049 358 1084 culi,quem
381 1048 445 1075 facit
467 1047 617 1075 secundum
642 1048 814 1076 latitudinem
837 1049 865 1076 in
883 1055 945 1076 ortu
957 1053 984 1077 et

196 1103 299 1123 occasu
316 1105 322 1123 :
338 1096 421 1130 idque
435 1098 621 1130 congruenter
636 1095 837 1123 mathematicis
855 1099 881 1123 et
897 1102 982 1130 appa-

198 1142 302 1169 rentize.
322 1142 397 1168 Talis
412 1149 474 1168 cum
497 1142 532 1169 sit
549 1141 692 1168 inclinatio
712 1141 827 1174 zodiaci,
850 1141 985 1177 contingit

196 1190 279 1217 etiam
306 1189 535 1220 dodecatemoria,
569 1188 622 1216 etsi
651 1188 838 1224 magnitudine
868 1189 984 1224 aequalia

196 1239 271 1269 sunt,
286 1239 377 1263 tamen
393 1235 573 1270 inaequalibus
597 1235 766 1270 temporibus
790 1238 868 1262 ortus
892 1238 920 1262 et
938 1242 984 1262 oc-

195 1289 277 1310 casus
297 1281 397 1309 facere.
424 1281 489 1314 Qua:
503 1281 575 1308 enim
603 1288 665 1308 cum
696 1281 824 1308 zodiacus
844 1281 873 1308 lit
893 1285 985 1309 rectus

196 1332 285 1355 ortum
298 1327 413 1358 faciunt,
430 1327 475 1354 illa
491 1327 569 1361 signa
581 1326 608 1354 in
624 1327 743 1354 maximo
759 1331 881 1362 tempore
892 1332 983 1355 ortum

195 1377 223 1402 et
238 1381 367 1401 occasum
385 1373 500 1400 iaciunt.
518 1372 601 1400 Recta
618 1373 690 1400 cnim
707 1373 739 1400 ad
753 1373 920 1401 horizontem
940 1381 987 1400 ca-

196 1420 275 1454 dunt,
289 1423 318 1447 ut
333 1419 482 1447 secundum
496 1419 709 1454 unumquodque
720 1423 851 1454 punctum
873 1419 919 1446 liat
935 1427 982 1447 or-

197 1469 243 1493 tus
274 1465 355 1500 signi,
383 1469 464 1500 atque
491 1464 553 1492 ideo
574 1472 700 1499 magnum
726 1469 833 1500 tempus
857 1470 933 1492 ortus
959 1469 987 1492 et

198 1519 312 1540 occasus
323 1514 509 1538 consumatur.
522 1511 587 1544 Quae
600 1518 665 1538 vero
676 1518 738 1538 cum
751 1510 879 1538 zodiacus
894 1510 928 1537 ad
936 1510 986 1537 ho-

198 1558 331 1585 rizontem
351 1556 380 1582 ﬁt
401 1556 529 1590 obliquus
548 1559 637 1582 ortum
666 1554 788 1587 faciunt,
815 1555 860 1582 illa
880 1555 986 1582 minore

1000 978 1004 981 .
1042 951 1204 979 Ἃντέλλων
1218 950 1330 986 ἐπέχει,
1344 952 1459 978 τόσσον
1477 960 1512 986 γε
1524 952 1583 986 μὲν
1597 951 1705 979 ἄλλοθι
1719 951 1831 978 δὺν-ων.

1075 1007 1119 1034 Ἑν
1132 1006 1187 1042 γὰρ
1197 1006 1302 1038 τούτοις
1314 1006 1362 1042 τὴν
1381 1006 1498 1042 πάροδον
1519 1007 1644 1042 ἀφορίζει
1661 1006 1709 1033 τοῦ
1732 1006 1832 1039 ζωδια-

1035 1054 1083 1081 κοῦ
1100 1053 1211 1085 κύκλου,
1224 1055 1257 1090 ἣν
1280 1055 1396 1080 ποιεῖται
1412 1052 1482 1080 κατὰ
1505 1053 1606 1086 πλάτος
1631 1054 1678 1080 ἐπὶ
1694 1053 1744 1088 τῆς
1765 1054 1832 1080 ἀνα-

1035 1100 1114 1136 τολῆς
1131 1099 1178 1126 καὶ
1200 1099 1251 1134 τῆς
1270 1099 1373 1131 δύσεως
1387 1098 1541 1134 συμιεώνως
1555 1101 1612 1131 τοῖς
1628 1099 1833 1135 μαθηματικοῖς

1035 1147 1082 1173 καὶ
1099 1145 1138 1181 τῷ
1154 1145 1317 1181 φαινομένῳ.
1332 1145 1465 1181 Τοιαύτης
1478 1146 1506 1172 δὲ
1518 1145 1569 1181 τῆς
1581 1145 1731 1180 ἐγκλίσεως
1743 1145 1834 1180 ὑπαρ-

1035 1192 1136 1228 χούσης
1149 1191 1197 1218 τοῦ
1215 1191 1350 1224 ζωδιακοῦ
1372 1191 1483 1224 κύκλου,
1502 1192 1646 1227 συμϐαίνει
1667 1192 1715 1218 καὶ
1732 1191 1766 1219 τὰ
1782 1192 1833 1218 δω-

1035 1236 1222 1273 δεκατημόρια
1238 1237 1283 1263 ίσα
1297 1236 1362 1264 ὄντα
1374 1237 1445 1264 κατὰ
1461 1236 1492 1263 τδ
1508 1236 1622 1273 μέγεθος
1643 1236 1749 1269 ἀνίσοις
1767 1238 1833 1273 χρό-

1037 1291 1091 1315 νοις
1104 1282 1154 1314 τὰς
1164 1282 1297 1314 ἀνατολὰς
1309 1283 1356 1310 καὶ
1368 1283 1417 1315 τὰς
1429 1283 1519 1316 δύσεις
1533 1282 1678 1310 ποιεῖσθαι.
1693 1283 1764 1310 Ὅσα
1783 1284 1833 1318 μὲν

1036 1328 1091 1364 γὰρ
1116 1328 1198 1364 ὀρθοῢ
1220 1330 1382 1364 γιγνομένου
1408 1329 1455 1356 τοῦ
1485 1329 1616 1362 ζωδιακοῦ
1641 1329 1760 1360 κύκλου,
1783 1329 1833 1364 τὴν

1036 1374 1167 1410 ἀνατολὴν
1181 1377 1309 1408 ποιεῖται,
1322 1377 1414 1403 ἐκεῖνα
1425 1375 1460 1402 τὰ
1471 1375 1553 1408 ςὼὂια
1563 1377 1591 1402 ὲν
1604 1375 1724 1411 πλείστῳ
1736 1375 1757 1391 ¹¹
1768 1376 1833 1411 χρό-

1036 1430 1074 1456 νῳ
1086 1422 1136 1457 τὴν
1153 1421 1285 1458 ἀνατολὴν
1304 1423 1352 1449 καὶ
1372 1422 1422 1457 τὴν
1434 1422 1511 1449 δύσιν
1526 1423 1654 1448 ποιεῖται.
1678 1421 1762 1456 mea
1777 1421 1833 1456 γὰρ

1037 1466 1113 1502 παρὰ
1126 1467 1172 1494 τὸν
1188 1468 1313 1503 ὁρίζοντα
1338 1468 1524 1504 παραπίπτει·
1539 1467 1610 1494 ὥστε
1633 1467 1695 1494 καθ’
1713 1467 1743 1493 ἓν
1764 1467 1832 1493 ἕκα-

1039 1521 1100 1539 στον
1109 1515 1220 1549 σημεῖον
1234 1513 1280 1540 τοῦ
1293 1513 1388 1546 ζωδίου
1398 1514 1447 1550 τὴν
1458 1513 1588 1549 ἀνατολὴν
1599 1512 1722 1548 γίνεσθαι
1732 1522 1738 1527 ·
1751 1512 1797 1539 διὰ
1804 1513 1832 1538 δὲ

1038 1559 1116 1586 τοῦτο
1126 1560 1208 1587 πολὺν
1220 1561 1314 1596 χρόνον
1323 1560 1513 1587 ἀναλίσκεσθαι
1527 1559 1576 1595 τῆς
1584 1560 1716 1595 ἀνατολῆς
1727 1560 1774 1585 καὶ
1782 1559 1832 1592 τῆς

199 1608 321 1638 tempore
335 1603 471 1629 oriuntur.
498 1600 567 1629 Nam
586 1601 668 1629 etiam
685 1602 763 1636 signa
782 1601 892 1636 obliqua
916 1601 984 1628 inci-

1046 1605 1152 1638 ῖύσεως·
1172 1606 1222 1632 ὃσα
1239 1606 1267 1633 δὲ
1278 1607 1392 1641 πλαγίου
1415 1606 1556 1642 γινομένου
1572 1606 1619 1632 τοῦ
1628 1605 1764 1643 ζωδιακοῦ
1780 1605 1830 1631 κύ-

199 1651 267 1679 dunt
279 1649 306 1676 in
322 1649 502 1680 horizontem,
515 1652 546 1675 ut
560 1647 708 1676 secundum
727 1648 826 1676 multas
841 1648 909 1675 alias
926 1653 985 1683 par-

199 1701 242 1724 tes
255 1695 435 1724 simulortum
452 1694 564 1727 faciant,
580 1698 661 1729 atque
677 1693 738 1721 ideo
755 1693 875 1721 velocem
893 1697 984 1721 ortum

198 1741 340 1776 contingat
353 1740 422 1768 ﬁeri.
439 1739 517 1767 Unde
529 1739 611 1768 etiam
626 1739 692 1766 illud
720 1739 793 1774 quod
821 1739 893 1774 apud
915 1738 984 1766 Ara-

199 1791 256 1815 tum
272 1787 390 1819 dicitur,
413 1787 546 1821 quaeritur
562 1785 698 1820 quomodo
714 1788 741 1812 et
762 1785 791 1812 in
817 1785 984 1820 longissimis

199 1834 339 1866 noctibus,
355 1837 382 1861 et
396 1833 423 1860 iu
440 1832 619 1864 brevissimis.
635 1839 683 1860 sex
696 1832 774 1867 signa
793 1831 933 1864 oriantur,
957 1835 985 1860 et

200 1889 248 1908 se:
262 1880 404 1911 occidant,
424 1887 486 1906 cum
506 1879 626 1906 noctium
652 1870 798 1906 diversitas
816 1878 852 1905 sit
873 1885 980 1913 magna.

201 1927 270 1955 Dicit
281 1933 371 1954 autem
386 1926 427 1953 sic
442 1926 544 1969 Aratus
560 1935 566 1953 :

1036 1651 1118 1682 κλου,
1145 1652 1213 1687 πρδς
1237 1653 1282 1679 τὸν
1309 1652 1434 1688 ὁρίζοντα
1461 1653 1510 1688 τὴν
1535 1652 1668 1687 ἀνατολὴν
1695 1653 1830 1682 ποιεῖται,

1038 1699 1130 1726 ἐκεῖνα
1147 1700 1175 1726 ὲν
1192 1699 1311 1726 ἐλάττονι
1328 1700 1416 1736 χρόνῳ
1430 1699 1641 1735 ἐπαναφέρεται.
1657 1698 1766 1732 mam
1779 1697 1832 1733 γὰρ

1035 1745 1207 1781 παραπίπτει
1226 1745 1274 1772 καὶ
1295 1745 1329 1772 τὰ
1348 1745 1430 1778 ζώδια
1454 1745 1522 1781 πρὺς
1536 1746 1582 1772 τὸν
1601 1744 1728 1780 ὁρίζοντα
1740 1752 1747 1758 ·
1761 1743 1832 1770 ὥστε

1035 1792 1096 1818 κατ’
1111 1791 1178 1818 ἄλλα
1194 1791 1279 1818 πολλὰ
1296 1791 1366 1827 μέρη
1383 1791 1440 1826 ἅμα
1462 1792 1512 1826 τὴν
1532 1790 1663 1826 ἀνατολὴν
1683 1789 1830 1816 ποιεῖσθαι.

1035 1836 1085 1863 Διὰ
1100 1836 1128 1863 δὲ
1149 1836 1229 1864 τοῦτο
1251 1837 1299 1864 καὶ
1329 1838 1440 1873 ταχεῖαν
1461 1837 1511 1873 τὴν
1535 1836 1666 1872 ἀνατολὴν
1686 1834 1832 1870 συμϐαίνει

1035 1881 1168 1916 γίνεσθαι,
1184 1882 1265 1909 Ὅθεν
1287 1883 1334 1910 καὶ
1354 1883 1384 1909 τὸ
1405 1883 1470 1919 παρ’
1493 1883 1598 1918 Ἀράτῳ
1623 1882 1770 1917 λεγόμενον
1784 1880 1832 1916 ζη-

1035 1928 1132 1958 τεῖται,
1155 1927 1213 1959 πῶς
1234 1926 1285 1955 καῖ
1304 1929 1333 1954 ὲν
1356 1929 1417 1961 ταῖς
1443 1929 1629 1964 μακροτάταις
1657 1926 1718 1960 νυξὶ
1740 1926 1789 1953 καὶ
1805 1927 1833 1951 ὲν

200 1975 259 2005 ταῖς
293 1973 474 2009 βραχυτάταις
501 1972 530 2005 ἒξ
550 1973 774 2008 δωδεκατημόρια
795 1972 945 2004 ἀνατέλλει,
963 1974 1009 2000 καὶ¹
1041 1974 1071 2007 ἓξ
1094 1976 1184 2008 δύνει,
1214 1977 1263 2012 τῆς
1289 1977 1466 2012 παραλλαγῆς
1494 1977 1550 2004 τῶν
1575 1975 1679 2004 νυκτῶν
1711 1974 1833 2011 μεγάλης

200 2021 384 2058 ὑπαρχούσης.
414 2021 447 2048 Ἦ
473 2021 526 2058 γὰρ
556 2022 671 2058 μεγίστη
698 2021 746 2055 νὺξ
777 2021 827 2057 τῆς
851 2021 993 2057 ἐλαχίστης
1022 2023 1150 2059 ὑπερέχει
1183 2024 1258 2060 ὥρας
1285 2025 1444 2061 ίσημερινᾰς
1475 2024 1518 2057 ιζ’.
1555 2025 1635 2059 Λέγει
1655 2023 1686 2050 δὲ
1714 2022 1833 2058 Ἄρατος

199 2066 285 2099 οὕτως
293 2075 300 2082 ·

523 2127 640 2153 ....omni
653 2127 679 2153 in
697 2130 781 2153 nocte-

221 2160 273 2187 Sex
285 2169 386 2196 semper
400 2161 525 2188 occidunt
540 2161 704 2188 duodecima
718 2165 806 2195 partes
819 2160 915 2188 circuli

222 2195 340 2223 Totidem
354 2197 477 2223 oriuntur
493 2205 502 2223 .'
520 2197 547 2224 in
560 2201 662 2223 tantam
675 2197 865 2232 [erigitudinem
876 2197 972 2231 quwvis

239 2275 261 2290 ³¹
280 2283 326 2310 πρ.
345 2275 458 2301 πλείονι.

1043 2146 1050 2153 .
1090 2145 1097 2152 .
1139 2145 1145 2152 .
1186 2145 1192 2152 .
1234 2145 1240 2150 .
1281 2144 1287 2151 .
1326 2124 1410 2158 πάσῃ
1425 2124 1459 2151 δὲ
1471 2123 1619 2151 ὲπίνυκτί
1637 2122 1694 2157 (29)

1043 2159 1098 2193 Ἐξ
1108 2160 1152 2187 ἀεὶ
1167 2159 1294 2187 δύνουσι
1313 2159 1499 2192 δυωδεκάὸες
1511 2159 1645 2193 unum,

1043 2196 1154 2223 Τόσσιιι
1164 2195 1189 2222 δ’
1201 2195 1397 2223 ἀντέλλουσι·
1410 2195 1503 2222 τόσον
1512 2195 1538 2221 δ’
1551 2193 1600 2221 ἐπὶ
1609 2192 1708 2228 μῆκος
1718 2192 1833 2226 ἑκάστη

243 2328 298 2364 (28)
320 2329 423 2363 Ἡλίκη
445 2329 501 2364 γάρ
519 2329 614 2356 ἐστιν,
640 2327 797 2364 Horizontis
821 2336 915 2355 arcum
936 2327 986 2364 ide<

1046 2329 1097 2364 net.
1113 2324 1171 2351 lloc
1182 2325 1254 2364 enim
1267 2324 1380 2364 circulis
1397 2324 1525 2364 omnibus
1549 2322 1676 2364 maximis
1691 2325 1832 2364 convenit.

205 2365 310 2394 scribit.
332 2364 377 2398 qui
403 2363 627 2399 intcr'puncttun
647 2364 764 2390 ortivum
784 2363 942 2398 Capricorni
957 2370 989 2390 ac

205 2399 303 2427 Cancri
328 2398 502 2434 interceptus
521 2403 573 2426 est.
590 2398 683 2433 itaque
705 2400 840 2434 περιφορά
860 2400 937 2434 idemr
948 2402 990 2425 est

206 2435 279 2470 quod
292 2435 464 2471 περιφέρεια.
480 2433 533 2471 sed
547 2441 599 2461 vox
610 2434 704 2471 τούτου
711 2433 901 2471 _expuugenda
914 2433 990 2471 vitle-

208 2469 263 2501 tur,
281 2469 334 2504 pro'
347 2469 399 2505 qua
420 2469 447 2496 in
466 2470 560 2496 codice
579 2470 661 2497 veteri
677 2469 756 2495 τοῦτο
778 2470 886 2505 tegitur,
905 2469 990 2496 nihilo

208 2504 361 2538 sincerius.’
376 2504 429 2531 Sed
446 2505 519 2531 Arati
538 2511 643 2535 versus,
655 2505 701 2538 qui
716 2505 750 2531 ab
770 2504 884 2532 Gemino
900 2505 991 2531 decla-

207 2545 314 2572 rantur,
341 2540 530 2567 obscurissimi
556 2543 636 2572 sunt;
659 2543 687 2566 ut
711 2540 801 2566 minus
827 2541 955 2567 miremur
978 2546 993 2565 a

209 2575 330 2606 Tlleone,
343 2576 400 2603 sive
412 2575 576 2603 scholiorum
589 2575 755 2604 miscella.et
766 2575 801 2602 ab
809 2575 910 2602 Avieno
923 2573 994 2600 haud

208 2612 276 2638 satis
294 2611 445 2638 intellectas
463 2610 558 2638 fuisse.
581 2609 627 2636 Sic
652 2610 723 2637 enim
745 2610 893 2644 explicant,
915 2608 994 2643 quasi

208 2646 261 2674 hoc
277 2647 375 2673 Aratus
397 2646 448 2673 sibi
474 2645 552 2678 velit;
568 2644 737 2672 tantumdem
764 2653 797 2672 ex
822 2645 869 2671 illo
892 2644 994 2671 circulo

209 2689 292 2716 supra
319 2685 418 2708 terram
435 2681 470 2708 ab
492 2681 597 2708 oriente
622 2680 790 2714 Capricorno
808 2681 841 2706 ad
862 2680 993 2716 orientem

210 2715 302 2751 patere
321 2717 613 2750 Cancrum,quantum
638 2716 689 2751 sub
703 2719 774 2742 terra
798 2719 838 2741 est
859 2723 873 2751 a
889 2715 995 2751 Cancro

211 2749 243 2779 ad
255 2752 460 2786 Capricornum.
477 2749 514 2778 lta
529 2750 633 2778 Theon.
650 2749 747 2778 Festus
759 2755 847 2777 autem
859 2749 993 2777 Avienus:

249 2807 299 2836 Ille
317 2814 402 2836 autem
420 2808 518 2837 Oceani
535 2813 639 2835 tantum
653 2807 786 2835 descendit
800 2808 827 2834 in
843 2815 941 2842 (ωπον,

249 2842 383 2876 Quantum
397 2853 414 2870 a
427 2843 538 2873 caeruleo
555 2843 638 2871 distat
654 2844 756 2871 Cancro
770 2842 958 2876 Capricornus.

213 2888 279 2922 Qua:
294 2890 427 2918 sententia
446 2890 588 2926 nugatoria
605 2895 658 2924 est,
681 2898 768 2926 neque
788 2889 822 2918 ad
840 2895 898 2918 rem
913 2890 996 2926 perti-

1041 2360 1087 2396 qui
1102 2360 1242 2394 :equaliter
1256 2360 1290 2387 ab
1304 2359 1619 2396 horizontejdividuntur.
1637 2359 1694 2396 lino
1710 2359 1836 2396 in_spha:-

1043 2393 1072 2422 ra
1093 2393 1167 2422 recta
1180 2402 1325 2422 commune
1342 2394 1418 2422 idest
1429 2393 1566 2428 parallelis
1584 2393 1722 2420 omnibus.
1733 2394 1834 2420 Aratus

1042 2434 1131 2458 autem
1138 2430 1276 2464 peculiare
1284 2430 1386 2464 aliquid
1397 2430 1508 2456 zotliaco
1516 2429 1619 2456 circulo
1629 2428 1756 2455 versibus
1768 2430 1834 2459 iisce

1042 2467 1202 2500 complexus
1213 2470 1264 2493 est.
1280 2464 1319 2492 Ne
1334 2465 1429 2496 multa,
1439 2465 1527 2496 ὅσσον,
1537 2467 1564 2491 et
1573 2464 1668 2490 τόσσον
1681 2464 1833 2500 secundum

1044 2498 1226 2532 latitudinem,
1243 2504 1273 2527 ut
1287 2503 1396 2530 vocant,
1413 2500 1538 2530 ortivam,
1556 2500 1612 2526 sive
1630 2498 1702 2525 κατὰ
1720 2499 1831 2532 πλάτος,

1045 2544 1099 2563 nou
1113 2536 1183 2563 κατὰ
1203 2536 1289 2571 μῆκος
1306 2535 1509 2569 intelligendum
1526 2539 1579 2566 est,
1599 2538 1629 2571 ut
1648 2534 1729 2561 docet
1742 2535 1831 2562 Gemi-

1042 2574 1106 2598 nus.
1132 2569 1269 2604 Quantum
1287 2571 1324 2597 ait
1349 2571 1521 2598 intervallum
1537 2577 1580 2596 est
1602 2569 1673 2596 inter
1699 2574 1830 2603 punctum

1046 2606 1206 2637 horizoutis,
1224 2614 1238 2633 a
1253 2614 1307 2640 quo
1323 2605 1507 2640 Capricornus
1522 2605 1619 2635 oritur,
1633 2609 1660 2632 et
1677 2605 1744 2631 illud
1761 2605 1832 2631 unde

1045 2642 1150 2669 Cancer
1163 2639 1287 2669 exortum
1309 2639 1390 2672 facit,
1408 2645 1509 2667 tantam
1527 2640 1631 2667 oriendi
1652 2639 1832 2667 occidendire

1047 2676 1214 2704 latitudinem
1230 2677 1309 2703 habet
1321 2676 1467 2707 zodiacus,
1484 2684 1516 2703 ac
1534 2677 1637 2702 tantum
1650 2675 1783 2709 spatium,
1800 2675 1832 2701 ab

1046 2711 1165 2743 Oceano,
1180 2712 1204 2738 id
1219 2716 1262 2739 est
1281 2711 1422 2738 horizonte
1437 2711 1564 2738 attollens
1586 2717 1657 2740 sese.
1674 2710 1832 2746 complecti-

1048 2751 1101 2776 tur.
1118 2747 1297 2781 similiterque
1311 2746 1448 2774 occidens.

1084 2783 1139 2818 (29)
1159 2781 1245 2816 Πάσῃ
1255 2779 1290 2808 δὲ
1303 2781 1351 2808 ἐπί
1363 2782 1459 2818 νυκτί.
1475 2780 1501 2818 Si
1514 2779 1690 2818 Soliniannm_
1698 2780 1832 2818 exercita-

1049 2815 1135 2845 toreni
1153 2815 1301 2848 auscultes,
1321 2816 1459 2851 vapulabit
1477 2816 1588 2848 Aratus,
1611 2816 1661 2851 qui
1677 2815 1831 2843 δυωδεκάδα

1049 2853 1118 2881 dixit
1138 2860 1188 2887 pro
1215 2850 1375 2887 duodecima
1399 2856 1491 2887 parte,
1512 2859 1574 2887 curn
1600 2850 1831 2887 sitduodenarius

1049 2889 1108 2924 ipse
1124 2884 1207 2916 totus.
1224 2887 1292 2915 Nam
1308 2884 1497 2916 Casaubonum
1511 2886 1659 2922 redarguit,
1673 2886 1750 2921 quod
1763 2884 1830 2922 apud
