1913 3138
128 162 179 188 7137

127 218 195 256 ῌίλξ
209 219 266 256 ιιιεῇ
283 220 471 254 τετάνυσται,
490 221 565 248 ὅσον
585 221 616 248 τέ
630 229 686 256 περ

134 250 319 289 Ἀᾗχομένης
333 256 392 282 ἀπὸ
407 250 516 289 νυκτὸς
535 250 767 292 ἀείρεταίῠψῗόθι
782 259 876 293 γαίης.

173 313 328 348 ’Δπορεῑται
340 313 382 349 δὴ,
397 314 456 346 πῶς
467 315 514 341 καὶ
525 316 554 342 έν
563 316 624 347 ταῖς
638 315 822 352 μακροτάταις
837 316 884 343 καὶ
896 317 925 343 ὲν

127 359 190 390 ταῖς
219 358 403 394 βραχυτάταις
430 360 506 392 νυξὶν
529 361 689 396 ἡμικύκλιον
715 363 762 390 τοῦ
790 363 924 395 ζωδιακοῦ

129 403 231 430 κύκλου
250 405 296 431 καὶ
321 405 471 438 ἀνατέλλει,
496 406 544 433 καὶ
568 406 651 435 δύνει.
674 408 782 435 Γίνεται
801 409 829 436 δὲ
846 408 925 436 τοῦτο

128 450 174 476 διὰ
187 450 236 485 τὴν
254 451 376 485 ἔγκλισιν
392 451 440 478 τοῦ
463 451 598 484 ζωδιακοῦ
616 454 726 481 κύκλου.
744 454 793 481 Διὰ
808 455 862 491 γὰρ
876 456 924 491 τὴν

129 495 261 532 λοξότητα
275 498 304 524 ἐν
319 498 422 529 ἀνίσοις
443 499 549 534 χρόνοις
563 499 714 532 ἀνατέλλει,
736 502 784 527 καὶ
805 501 876 527 δύνει
890 501 924 527 τὰ

128 543 178 570 τοῦ
194 543 326 575 ζωδιακοῦ
345 544 469 582 [κύκλουξ
486 547 647 582 ἡμικύκλια.
659 547 859 575 Ταπεινοτάτου
873 548 924 583 μὲν

128 589 185 625 γὰρ
197 590 273 622 ὄντος
285 591 333 618 τοῦ
359 592 490 624 ζωδιακοῦ
515 592 615 620 κύκλου
640 593 708 629 πρὸς
727 593 773 620 τὸν
787 593 923 630 ὁρίζοντα,

128 635 200 672 ὅπερ
220 637 325 671 γίνεται
338 638 477 674 Λίγόκερω
495 638 607 675 πρώτης
623 640 720 675 μοίρας
741 640 924 675 μεσουρανού-

130 690 193 717 σης.
209 684 319 718 ταχεῖαν
336 685 442 711 ποεῖται
455 685 505 719 τὴν
520 685 652 721 ἀνατολὴν
664 685 695 711 τὸ
712 685 874 721 ἡμικύκλιον
892 684 923 711 τὸ

128 728 184 755 ἀπὸ
196 729 242 755 τοῦ
253 729 337 766 Κριοῦ
351 730 460 766 πρώτης
473 730 569 766 μοίρας
580 730 659 766 μέχρι
670 730 809 766 Παρθένου
825 730 923 766 μοίρας

130 773 163 800 λ’.
182 774 299 807 Πλάγιον
314 775 368 810 γὰρ
383 775 552 811 παραπίπτει
566 775 642 812 παρὰ
662 775 707 802 τὸν
721 776 856 812 ὁρίζοντα.
875 777 922 802 καὶ

130 820 218 847 πολλὰ
238 821 307 857 μέρη
324 821 382 857 ἆμα
398 822 447 859 τὴν
463 821 593 858 ἀνατολὴν
609 823 736 849 ποιεῖται.
760 822 920 858 ὐροοτὰτου

128 867 158 893 δὲ
171 867 248 899 avsa;
259 867 306 894 τοῦ
322 867 454 900 ζωδιακοῦ
463 867 574 899 κύκλου,
585 869 653 904 ὅπερ
667 868 771 903 γίνεται
782 868 918 904 Καρκίνου

128 912 243 949 πρώτης
269 914 367 950 μοίρας
398 903 642 951 μεσουρανούσης,
661 916 773 950 ταχεῖαν
804 903 919 941 ποιεῖται
935 903 956 930 Β

127 959 178 996 τὴν
197 959 330 996 ἀνατολὴν
341 960 371 987 τὸ
382 961 543 996 ἡμικύκλιον
558 961 589 987 τὺ
610 960 665 988 ἀπὸ
678 960 725 987 τοῦ
746 960 831 995 Ζυγοῦ
849 960 922 996 πρώ-

126 1014 179 1041 της
197 1006 294 1041 μοίρας
308 1006 405 1043 μέχρις
425 1006 535 1043 Ἰχθύων
551 1006 647 1042 μοίρας
660 1007 682 1033 λ’
692 1015 699 1022 ο
715 1006 776 1033 ὅθεν
790 1007 818 1032 ὲν
832 1006 920 1041 πολλῷ

126 1052 217 1088 χρόνῳ
231 1052 280 1088 τὴν
296 1053 434 1088 ἀναφορὰν
456 1054 582 1080 ποιεῖται.
606 1052 732 1087 Εύλόγως
756 1050 802 1079 οὖν
825 1053 872 1078 καὶ
891 1054 920 1078 ἐν

126 1100 189 1130 ταῖς
203 1100 371 1135 χειμεριναῖς
385 1099 446 1132 νυξὶ
459 1099 506 1126 καὶ
527 1100 555 1126 ἐν
577 1101 637 1131 ταῖς
658 1098 776 1135 Θεριναῖς
792 1095 918 1131 ἓξζώδια

126 1146 281 1178 ἀνατέλλει,
299 1146 345 1172 καὶ
366 1145 395 1179 ἓξ
416 1145 500 1178 {eam
520 1145 599 1172 δύνει.
630 1146 662 1171 Οί
688 1145 742 1181 γὰρ
767 1145 920 1172 ἀνατολικοὶ

126 1192 231 1227 χρόνοι,
253 1191 307 1218 τῶν
328 1192 430 1224 ζῳδίων
449 1191 514 1218 ίσων
534 1191 619 1218 δντων
644 1191 715 1218 κατὰ
741 1191 771 1217 τὸ
795 1190 919 1226 μέγεθος,

127 1238 215 1264 ἄνισοι
234 1237 353 1271 γίνονται
368 1236 439 1264 κατὰ
451 1237 515 1268 τοὺς
531 1237 655 1272 χρόνους.
674 1236 729 1262 Καὶ
751 1237 780 1262 ὲν
798 1235 846 1271 μὲν
861 1237 921 1267 ταῖς

127 1285 297 1320 χειμεριναῑς
311 1283 370 1316 νυξὶ
384 1283 417 1310 τὰ
435 1282 609 1318 πολυχρόνιον
630 1281 777 1316 ποιούμενα
792 1280 839 1316 τὴν
852 1281 920 1307 ἀνα-

127 1329 209 1365 τολὴν
222 1328 402 1364 ἀναφέρεται·
415 1329 444 1355 ὲν
464 1328 492 1354 δὲ
505 1329 566 1359 ταῖς
591 1327 710 1362 θεριναῖς
735 1325 794 1359 νυξὶ
817 1326 853 1353 τὰ
872 1334 921 1353 τα-

128 1377 204 1411 χεῖαν
221 1376 371 1411 ποιούμενα
386 1375 435 1411 τὴν
452 1374 584 1409 ἀνατολὴν
605 1374 755 1401 ἀνατέλλει.

165 1422 197 1449 Οἱ
216 1423 266 1458 μὲν
285 1419 331 1448 οὖν
346 1421 453 1456 ἀρχαῖοι
474 1419 600 1455 καθάπερ
619 1419 664 1446 ἐπὶ
680 1420 734 1445 τῶν
752 1419 823 1446 κατά
838 1417 921 1450 συζυ-

128 1469 193 1503 γίαν
210 1468 313 1501 ζωδίων
329 1468 466 1503 ἠγνόησαν
477 1486 485 1498 ,
501 1465 587 1497 οὕτως
612 1465 659 1492 καὶ
682 1465 710 1491 ὲν
726 1466 781 1497 τοῖς
799 1464 923 1492 ἀνατολι-

129 1517 189 1547 κοῖς
202 1515 308 1550 χρόνοις
324 1513 378 1540 τῶν
391 1513 493 1546 ζωδίων
506 1513 665 1548 διήμαρτον.
689 1512 921 1548 Ὑποστησάμενοι

129 1561 185 1596 γὰρ
199 1560 343 1597 ὀρθότατον
363 1557 432 1586 εἶναι
448 1560 493 1586 τὸν
515 1558 645 1591 ζωδιακὸν
661 1558 769 1590 κύκλον,
784 1559 921 1594 Καρκίνου

131 1607 244 1644 πρώτης
264 1607 360 1642 μοίρας
385 1605 622 1642 μεσουρανούσης·
651 1606 712 1632 ἐπεὶ
736 1605 806 1632 κατὰ
831 1605 924 1632 τοῦτον

128 1654 177 1682 τὸν
200 1654 294 1689 καιρὸν
317 1653 456 1680 ἀνατέλλει
478 1652 526 1688 μὲν
551 1653 657 1687 Ζυγὸς,
674 1652 746 1679 δύνει
767 1652 796 1678 δὲ
819 1652 903 1687 Κριός
916 1659 924 1667 ⁶

131 1700 308 1735 ἀπεφήναντο
320 1700 349 1726 ὲν
365 1699 484 1734 πλείστῳ
499 1699 548 1733 μὲν
564 1698 653 1734 χρόνῳ
661 1698 816 1725 ἀνατέλλειν
829 1698 924 1732 Ζυγδν,

129 1747 160 1772 ὲν
177 1745 296 1781 πλείστῳ
318 1745 346 1772 δὲ
363 1745 451 1780 χρόνῳ
468 1744 556 1770 δύνειν
578 1744 673 1779 Κριόν.
694 1743 779 1770 Πάλιν
800 1744 860 1770 ἐπεὶ
876 1752 925 1770 τα-

133 1791 290 1824 πεινότατος
306 1791 411 1826 γίνεται
428 1791 442 1816 ὁ
458 1790 511 1818 τῶν
528 1790 631 1822 ζωδίων
652 1790 763 1822 κύκλος,
786 1790 926 1824 Αἰγόκερω

133 1836 246 1873 πρώτης
266 1837 365 1873 μοίρας
383 1836 620 1872 μεσουρανούσης,
639 1836 710 1863 κατὰ
726 1834 820 1863 τοῦτον
836 1836 872 1862 δὲ.
881 1836 926 1862 τὸν

131 1882 228 1919 καιρὸν
244 1882 386 1910 ἀνατέλλει
405 1882 453 1918 μὲν
471 1883 566 1919 Κριὸς,
580 1882 651 1910 δύνει
665 1882 693 1909 δὲ
707 1882 792 1916 Ζυγός
804 1890 810 1896 ⁸
824 1882 927 1917 ἀπεκή-

131 1938 210 1956 ναντο
232 1929 282 1964 μὲν
304 1929 421 1964 τάχιστα
444 1928 600 1956 ἀνατέλλειν
622 1928 723 1964 Κριὸν,
742 1927 874 1964 ἐλαχίστῳ
897 1928 925 1954 δὲ

133 1975 224 2011 χρόνῳ
233 1975 321 2002 δύνειν
334 1975 430 2009 Ζυγόν.
444 1975 528 2001 Πάλιν
543 1975 605 2001 ἐπεὶ
621 1974 706 2010 μέσην
723 1973 843 2007 ἔγκλισιν
857 1974 926 2009 λαμ-

133 2022 211 2049 ϐάνει
221 2022 236 2049 ὁ
250 2021 305 2048 τῶν
319 2021 423 2053 ζωδίων
437 2021 536 2053 κύκλος
549 2021 617 2056 πρὸς
633 2020 679 2047 τὸν
693 2020 828 2056 ὁρίζοντα,
839 2020 925 2056 Κριοῦ

134 2068 246 2104 πρώτης
269 2067 364 2104 μοίρας
388 2066 626 2103 μεσουρανούσης,
645 2066 693 2093 καὶ
709 2065 797 2100 Ζυγοῦ
814 2065 925 2101 πρώτης

135 2114 232 2151 μοίρας
250 2113 483 2150 μεσουρανούσης·
496 2112 635 2140 ἀνατέλλει
650 2112 699 2148 μὲν
713 2112 848 2148 Καρκίνος
857 2131 864 2144 ,
879 2111 925 2138 δύ-

133 2169 174 2187 νει
191 2160 220 2187 se
236 2160 407 2196 Αἰγόκερως·
427 2159 497 2185 ὦστε
517 2159 599 2194 μέσον
614 2158 710 2194 χρόνον
729 2158 779 2193 τῆς
796 2157 925 2192 ἀνατολῆς

133 2205 206 2241 ἔχειν
222 2205 369 2241 Καρκίνον,
386 2205 433 2232 καὶ
452 2204 534 2240 μέσον
550 2204 645 2240 χρόνον
662 2205 712 2240 τῆς
726 2204 828 2236 δύσεως
844 2204 925 2238 Αἰγό-

654 164 774 192 GEMlNl
792 165 978 193 ELEMENTA
997 166 1243 195 ASTRONOMIIE.

1710 168 1763 196 798

704 222 796 265 ῇλιισυ
811 223 922 265 κύκλοι

987 224 1049 265 Non:
1064 233 1165 265 semper
1180 230 1224 265 est
1241 229 1497 265 εσιιπιατῃιιαπιαιη
1512 225 1636 252 medietas
1652 226 1746 252 circuli

1010 260 1032 286 Α
1046 267 1118 287 nocte
1132 261 1270 293 incipiente
1283 260 1414 287 attollitur
1426 268 1505 295 supra
1520 266 1628 288 terram.

1013 316 1160 345 Dubitatur
1177 317 1234 352 jam
1250 317 1389 353 quomodo
1407 318 1489 345 etiam
1506 318 1534 345 in
1552 318 1720 353 longissimis
1733 323 1762 346 et

976 364 1004 391 in
1016 363 1186 391 brevissimis
1198 365 1324 392 noctibus
1336 364 1529 392 semicirculus
1541 365 1644 392 zodiaci
1655 370 1682 392 et
1690 365 1763 392 oria-

975 415 1020 436 tur
1039 413 1066 437 et
1080 409 1198 437 occidat.
1223 409 1266 437 Fit
1284 413 1374 437 autem
1390 410 1453 444 .hoc
1475 415 1586 446 propter
1609 411 1763 438 inclinatio-

974 464 1037 483 nem
1052 456 1168 483 zodiaci.
1184 455 1251 482 Nam
1266 460 1376 491 propter
1391 455 1588 493 obliquitatem,
1606 457 1632 484 in
1658 461 1763 491 tempo-

976 502 1053 530 ribus
1076 502 1257 538 inaequalibus
1268 503 1393 529 oriuntur
1408 507 1434 530 et
1447 503 1576 530 occidunt
1592 503 1695 530 zodiaci
1719 511 1764 530 se-

974 548 1119 576 micirculi.
1135 548 1202 574 Nam
1227 556 1289 575 cum
1303 548 1432 575 zodiacus
1450 549 1500 583 17
1519 549 1638 576 circulus
1651 555 1693 575 est
1710 549 1763 575 hu~

975 595 1108 622 millimus
1124 594 1156 621 ad
1169 594 1350 626 horizontem,
1377 594 1448 629 quod
1467 595 1497 621 lit
1517 602 1577 621 cum
1601 594 1762 630 Capricorni

974 640 1062 676 prima
1076 648 1140 676 pars
1157 639 1274 667 mediuln
1295 639 1356 666 caeli
1380 643 1462 670 tenet,
1488 642 1607 666 velocem
1630 640 1695 667 facit
1716 648 1764 667 or—

973 690 1030 712 tum
1047 686 1236 714 semicirculus
1264 686 1311 720 qui
1333 689 1376 713 est
1396 685 1431 712 ah
1451 684 1552 712 Arietis
1571 685 1659 720 prima
1685 690 1763 720 parte

973 738 1060 766 usque
1071 730 1105 758 ad
1116 730 1235 766 Virginis
1251 735 1355 766 partem
1369 730 1546 758 tricesimam.
1564 730 1631 757 Nam
1653 730 1763 766 oblique

972 778 1046 805 cadit
1066 777 1100 804 ad
1117 777 1298 810 horizontem,
1325 781 1352 805 et
1374 777 1400 804 in
1423 777 1515 804 multis
1538 777 1661 812 partibus
1682 777 1763 804 simul

971 830 1061 852 ortum
1078 825 1152 852 facit.
1173 824 1240 852 Cum
1268 831 1333 851 vero
1361 824 1490 851 zodiacus
1513 828 1556 851 est
1575 823 1761 856 rectissimus,

971 870 1043 905 quod
1062 870 1173 902 lit,cum
1187 869 1273 904 prima
1291 877 1353 904 pars
1369 869 1467 896 Cancri
1493 869 1612 896 medium
1636 868 1698 895 cteli
1720 872 1762 895 tc-

973 921 1029 949 uet,
1044 916 1165 944 velocem
1176 916 1241 943 facit
1252 921 1343 942 ortum
1359 920 1385 943 et
1395 916 1585 942 semicirculus
1614 915 1660 950 qui
1684 919 1726 942 est
1747 922 1762 941 a

972 961 1061 989 Libra:
1084 961 1170 997 prima
1191 965 1268 996 parte
1284 968 1370 996 usque
1394 961 1426 988 ad
1449 960 1568 988 Piscium
1589 965 1692 992 partem
1715 960 1762 986 tri-

971 1008 1100 1035 cesimam
1115 1017 1121 1034 :
1137 1007 1209 1034 unde
1230 1007 1256 1034 in
1268 1007 1347 1041 longo
1357 1010 1478 1042 tempore
1490 1010 1579 1033 ortum
1597 1006 1671 1033 facit.
1691 1006 1764 1033 Con-

971 1053 1113 1081 venienter
1127 1052 1210 1086 igitur
1223 1057 1249 1079 et
1268 1051 1294 1078 in
1310 1051 1432 1078 hibernis
1444 1051 1581 1082 noctibus,
1600 1054 1627 1078 et
1649 1051 1675 1076 in
1690 1050 1764 1078 aesti-

972 1098 1022 1130 vis,
1045 1106 1093 1126 sex
1106 1097 1183 1134 signa
1200 1098 1336 1130 oriuntur,
1348 1100 1375 1124 et
1386 1105 1432 1124 Sex
1455 1097 1532 1132 signa
1543 1097 1681 1124 occidunt.
1695 1095 1763 1123 Nam

971 1145 1058 1172 ortiva
1083 1148 1223 1180 tempora,
1252 1144 1303 1171 etsi
1335 1144 1413 1179 signa
1435 1144 1524 1179 quoad
1551 1143 1764 1179 magnitudinem

972 1195 1036 1218 sunt
1049 1191 1174 1226 aequalia,
1203 1190 1270 1217 ﬁunt
1292 1190 1433 1225 inaequalia
1458 1190 1608 1218 secundum
1629 1194 1762 1224 tempora.

972 1237 1005 1264 Et
1016 1238 1126 1271 quidem
1136 1238 1163 1265 in
1183 1237 1306 1265 hibernis
1327 1237 1455 1265 noctibus
1478 1244 1509 1264 ea
1535 1237 1614 1272 signa
1638 1237 1764 1264 oriuntur

972 1290 1032 1318 quae
1050 1282 1157 1309 tardum
1175 1282 1277 1310 faciunt
1291 1287 1380 1309 ortum
1394 1291 1401 1316 ;
1425 1282 1453 1309 in
1467 1282 1569 1309 zestivis
1589 1282 1716 1310 noctibus
1731 1289 1764 1309 ea

972 1327 1098 1354 oriuntur
1112 1327 1188 1363 signa
1199 1335 1259 1362 qua:
1271 1327 1390 1354 velocem
1408 1327 1512 1354 iaciunt
1529 1332 1632 1355 ortum.

1008 1425 1119 1454 Veteres
1134 1425 1232 1461 igitur,
1252 1425 1480 1461 quemadmodum
1505 1433 1560 1453 non
1582 1430 1656 1454 recte
1682 1426 1763 1453 intel-

973 1472 1097 1500 lexerunt
1121 1472 1198 1507 signa
1217 1471 1425 1503 combinatoria,
1443 1472 1483 1499 sic
1507 1472 1588 1499 etiam
1611 1472 1640 1499 in
1666 1472 1763 1500 ortivis

973 1517 1143 1553 temporibus
1157 1517 1297 1552 signorum
1317 1521 1487 1545 erraverunt.
1505 1517 1573 1545 Cum
1591 1518 1664 1544 enim
1691 1525 1762 1552 pra:-

936 1573 957 1601 ο
975 1562 1187 1603 supposuissent
1199 1562 1341 1589 zodiacum
1356 1563 1488 1590 circulum
1504 1567 1561 1590 tum
1576 1563 1760 1590 rectissimmn

974 1616 1046 1640 esse,
1064 1616 1125 1634 cum
1141 1607 1241 1635 Cancri
1263 1607 1350 1642 prima
1372 1615 1436 1642 pars
1455 1607 1573 1634 medium
1593 1607 1655 1634 cmli
1679 1612 1763 1635 tene—

975 1658 1033 1688 ret;
1055 1661 1173 1689 cumque
1199 1653 1250 1680 hoc
1277 1657 1398 1688 tempore
1414 1654 1518 1681 oriatur
1532 1653 1632 1686 Libra,
1655 1653 1763 1681 occidat

975 1696 1073 1724 Aries:
1090 1697 1153 1724 inde
1180 1701 1335 1724 statuerunt
1366 1698 1526 1732 longissimo
1547 1702 1670 1733 tempore
1695 1699 1761 1726 oriri

975 1742 1096 1775 Libram,
1112 1746 1139 1770 et
1156 1742 1316 1777 longissimo
1342 1745 1462 1777 tempore
1485 1743 1611 1771 occidere
1631 1744 1761 1772 Arietcm.

976 1787 1083 1816 Rursus
1095 1796 1157 1816 cum
1172 1787 1341 1816 humillimus
1359 1788 1405 1815 fiat
1419 1789 1561 1821 zodiacus,
1576 1790 1664 1824 prima
1687 1795 1764 1825 parte

975 1834 1137 1870 Capricorni
1152 1838 1260 1862 tenente
1277 1834 1396 1862 medium
1416 1835 1492 1868 cceli,
1509 1840 1536 1863 et
1563 1835 1615 1863 hoc
1639 1840 1765 1871 tempore

976 1881 1082 1908 oriatur
1095 1881 1184 1912 Aries,
1202 1881 1284 1908 Libra
1301 1880 1408 1908 occidat
1424 1891 1431 1908 :
1449 1885 1604 1909 statuerunt
1618 1882 1761 1910 celerrime

977 1927 1045 1954 oriri
1063 1927 1196 1959 Arietem,
1219 1932 1246 1954 et
1262 1927 1405 1955 celerrimo
1421 1931 1543 1963 tempore
1571 1928 1696 1956 occidere
1718 1928 1764 1956 Li-

976 1973 1066 2000 bram.
1082 1971 1189 2000 Rursus
1207 1980 1268 1999 cum
1284 1972 1399 2000 mediam
1412 1973 1616 2001 inclinationem
1634 1974 1764 2001 zodiacus

976 2023 1034 2044 tum
1048 2017 1082 2044 ad
1100 2017 1268 2044 horizontem
1284 2017 1408 2053 accipiat,
1427 2026 1488 2045 cum
1507 2019 1593 2053 prima
1607 2026 1670 2054 pars
1685 2019 1764 2047 Arie-

977 2065 1013 2092 tis
1025 2063 1144 2091 medium
1161 2063 1221 2091 curii
1237 2069 1364 2098 occupat,
1380 2068 1406 2091 et
1421 2063 1509 2091 Libra:
1521 2071 1584 2099 pars
1596 2065 1684 2099 prima
1706 2073 1763 2092 me-

979 2110 1055 2137 dium
1072 2108 1134 2136 caeli
1150 2112 1235 2139 tenet,
1250 2109 1357 2135 oriatur
1371 2113 1462 2135 autem
1485 2108 1590 2136 Cancer
1604 2113 1632 2136 et
1656 2109 1764 2136 occidat

978 2155 1166 2190 Capricornus
1187 2163 1194 2182 :
1213 2158 1369 2181 statuerunt
1396 2154 1487 2190 igitur,
1513 2154 1631 2182 medium
1656 2159 1764 2190 tempus

979 2205 1056 2229 ortus
1070 2201 1170 2228 habere
1185 2201 1331 2234 Cancrum,
1346 2205 1373 2228 et
1389 2200 1508 2228 medium
1522 2205 1628 2237 tempus
1647 2209 1763 2230 occasus

133 2259 232 2287 κερων·
246 2251 327 2278 πάλιν
337 2251 366 2277 δὲ
376 2250 473 2286 Χηλῶν
484 2251 717 2287 μεσουρανουσῶν,
733 2251 813 2285 μέσον
827 2250 922 2286 χρόνον

976 2247 1190 2283 Capricornum;
1208 2255 1304 2275 rursus
1319 2246 1411 2274 Chelis
1427 2247 1545 2274 medium
1571 2247 1631 2275 costi
1647 2248 1766 2275 tenenti-

132 2298 183 2333 τῆς
196 2297 329 2333 ἀνατολῆς
346 2297 401 2330 ἕξει
413 2298 579 2334 Δίγόκερως,
597 2298 644 2326 καὶ
667 2297 747 2333 μέσον
761 2297 810 2332 τῆς
826 2297 927 2328 δύσεως

133 2345 230 2380 χρόνον
244 2343 392 2380 Καρκίνος.
417 2345 449 2370 Ἠ
465 2344 494 2371 δὲ
507 2344 624 2380 τοσαύτη
641 2343 748 2375 ἕκῡεσις
764 2343 817 2370 τῶν
831 2344 927 2372 ἀνατοη

133 2389 217 2416 λικῶν
237 2390 342 2425 χρόνων
368 2389 444 2425 παρά
465 2390 521 2421 τοῖς
545 2390 668 2426 ἀρχαίοις
691 2390 750 2415 ἐστὶ
777 2389 927 2425 διημαρτη-

135 2436 215 2471 μένη.
237 2435 314 2462 Ἐπεὶ
333 2435 388 2471 γὰρ
406 2435 516 2471 Δίδυμοι
538 2435 586 2462 καὶ
609 2435 746 2471 Καρκίνος
769 2435 819 2471 τὴν
842 2436 927 2470 αὐτὴν

133 2480 256 2515 ἔγκλισιν
282 2480 390 2516 ἔχουσιν
415 2480 444 2506 ἐν
465 2479 504 2515 τῷ
526 2478 650 2514 ζωδιακῷ
675 2478 768 2513 κύκλῳ
790 2478 857 2514 πρὸς
882 2477 926 2505 τὸν

133 2525 275 2562 ὁρίζοντα,
292 2526 339 2553 καὶ
354 2526 404 2561 τὴν
421 2525 507 2560 αὐτὴν
523 2525 672 2552 ἀπόστασιν
687 2524 740 2551 ἀπὸ
755 2523 802 2551 τοῦ
820 2523 926 2558 θερινοῦ

136 2601 301 2629 Strabonem
315 2601 361 2629 lib.
380 2610 410 2633 ιι,
426 2601 606 2636 έξηκοντάδας
619 2609 667 2636 pro
684 2601 736 2627 alia
752 2608 817 2627 voce
828 2600 925 2635 depra-

135 2641 199 2663 vata
217 2637 324 2664 restitui
346 2635 664 2671 jubensasexagesimas
686 2635 927 2671 partesrinterpre-

136 2676 212 2699 tatus
224 2672 269 2699 sit.
283 2671 339 2699 Hoc
347 2670 414 2700 vero
429 2670 578 2698 Salmasius
590 2671 660 2707 (pag.
674 2670 739 2707 664)
750 2670 823 2707 ideo
835 2679 927 2705 repre-

138 2707 244 2737 hendit,
261 2707 334 2742 quod
354 2715 386 2734 ea
404 2708 516 2734 notione
536 2705 710 2734 scribendum
729 2705 925 2741 ἑξηκοστάδας,

138 2743 161 2768 si
178 2741 289 2777 quidem
302 2741 459 2777 ὲξηκοντάς,
474 2743 571 2776 inquit.
585 2746 627 2769 est
651 2741 856 2775 sexagenarius,
872 2750 925 2768 non

139 2776 204 2812 pars
217 2776 405 2812 sexagesima;
421 2782 491 2806 sicut
505 2777 586 2809 δεκάς
603 2784 658 2804 non
673 2776 776 2803 decima
789 2783 861 2812 pars,
879 2777 926 2804 sed

138 2811 263 2840 decuria.
281 2811 436 2839 Secundum
458 2813 511 2839 hoc
527 2812 734 2847 grammaticum
755 2811 927 2839 interdictum

139 2847 326 2874 vadimonium
352 2848 436 2875 Arato
459 2848 581 2880 dicetur;
598 2855 648 2874 nec
669 2853 796 2874 recusare
815 2847 925 2880 poterit,

139 2883 207 2912 uuin
224 2882 259 2910 ad
270 2882 390 2910 tribunal
409 2881 536 2911 Salmasii
551 2890 614 2910 reus
629 2883 737 2915 citetur,
758 2881 830 2916 quod
845 2881 926 2908 δωδε-

978 2293 1038 2326 bus,
1051 2293 1170 2320 medium
1191 2297 1299 2328 tempus
1313 2297 1390 2321 ortus
1405 2292 1514 2320 habebit
1527 2292 1721 2328 Capricornus,
1736 2299 1764 2321 et

977 2339 1097 2366 medium
1127 2343 1234 2374 tempus
1258 2346 1374 2366 occasus
1391 2339 1505 2367 Cancer.
1528 2339 1602 2368 Talis
1628 2339 1764 2375 expositio

977 2384 1128 2411 ortivorum
1149 2388 1300 2419 temporum
1324 2383 1396 2419 apud
1419 2389 1524 2412 veteres
1546 2384 1613 2412 falsa
1627 2389 1679 2412 est.
1695 2385 1764 2412 Cum

978 2431 1051 2457 enim
1068 2430 1173 2457 Gemini
1191 2434 1218 2457 et
1234 2429 1340 2458 Cancer
1359 2431 1482 2458 eamdem
1512 2431 1629 2458 habeant
1647 2432 1764 2458 inclina-

977 2476 1079 2503 tionem
1107 2476 1133 2502 in
1148 2476 1262 2502 zodiaco
1275 2476 1309 2503 ad
1334 2476 1513 2508 horizontem,
1528 2477 1706 2512 eamdemque
1720 2477 1764 2504 di-

981 2523 1110 2550 stantiam
1125 2522 1158 2549 ab
1166 2522 1258 2550 aestivo
1272 2523 1377 2564 tropico
1391 2523 1479 2558 signo,
1497 2527 1524 2551 et
1537 2523 1644 2551 dierum
1659 2524 1764 2559 magni-

978 2599 1062 2631 κάδας
1077 2599 1218 2634 scripserit
1237 2608 1286 2635 pro
1305 2601 1501 2632 δωδεκατάδας.
1524 2600 1560 2628 Ut
1579 2601 1651 2628 enim
1671 2601 1706 2627 ab
1719 2609 1763 2632 eo.

978 2635 1057 2672 quod
1079 2639 1120 2672 est.
1144 2635 1298 2670 ἑξηκοστός,
1314 2635 1425 2672 deﬂecti
1441 2637 1495 2672 vult
1515 2636 1565 2672 τὴν
1587 2635 1764 2672 ὲξηκοστάδα,

979 2670 1018 2698 sic
1034 2670 1068 2706 ah
1079 2669 1201 2703 δέκατος,
1219 2672 1260 2698 vel
1272 2671 1422 2702 δωδέκατος
1437 2669 1555 2698 formare
1569 2669 1704 2706 oportebit
1721 2671 1764 2697 δε-

978 2705 1112 2737 κατάδας,
1139 2707 1180 2733 vel
1205 2706 1401 2737 δωδεκατόιδας.
1430 2706 1519 2741 Apage
1551 2705 1601 2733 has
1626 2706 1762 2740 ineptias:

977 2741 1056 2777 τοῦτο
1080 2741 1288 2777 νομοθετοῦντός
1309 2742 1367 2768 ἐστι
1387 2742 1443 2773 τοῖς
1461 2741 1605 2777 ὀνόμασιν⁹
1625 2741 1675 2768 οὐκ
1697 2741 1764 2776 ἀλη-

979 2775 1158 2811 9εύοντος,ὐι
1174 2784 1236 2804 cum
1250 2776 1421 2804 Nazianzeno
1444 2775 1550 2811 loquar.
1566 2777 1707 2804 Postremo
1721 2775 1764 2803 vel

980 2810 1079 2838 Strabo
1105 2811 1162 2846 ipse
1188 2812 1353 2838 correctoris
1379 2810 1513 2839 licentiam
1539 2813 1669 2843 refrenat,
1693 2811 1764 2846 apud

979 2853 1058 2881 quem
1085 2846 1179 2908 paucis
1203 2850 1265 2886 post
1285 2846 1330 2873 illa
1348 2846 1483 2881 versibus,
1507 2847 1562 2876 τῶν
1582 2847 1766 2882 ὲξηκοντάδων

981 2881 1083 2908 vocabu
1097 2888 1141 2908 um
1158 2881 1264 2908 legitur.

981 2881 1141 2908 vocabulum
1158 2881 1264 2916 legitur.
