  <div class='ocr_page' id='page_1' title='image "/cluster/home/n/w/nwhite01/storage/ocr_20150623/19/njp.32101077772463/465.png"; bbox 0 0 1913 3138; ppageno 0'>
   <div class='ocr_carea' id='block_1_1' title="bbox 148 175 199 202">
    <p class='ocr_par' dir='ltr' id='par_1_1' title="bbox 148 175 199 202">
     <span class='ocr_line' id='line_1_1' title="bbox 148 175 199 202; baseline 0 0"><span class='ocrx_word' id='word_1_1' title='bbox 148 175 199 202; x_wconf 67' lang='grc'><strong>799</strong></span> 
     </span>
    </p>
   </div>
   <div class='ocr_carea' id='block_1_2' title="bbox 652 174 1275 204">
    <p class='ocr_par' dir='ltr' id='par_1_2' title="bbox 652 174 1275 204">
     <span class='ocr_line' id='line_1_2' title="bbox 652 174 1275 204; baseline -0.002 0"><span class='ocrx_word' id='word_1_2' title='bbox 652 177 697 204; x_wconf 77' lang='lat' dir='ltr'><strong>AD</strong></span> <span class='ocrx_word' id='word_1_3' title='bbox 718 176 850 203; x_wconf 74' lang='lat' dir='ltr'><strong>EUSEBII</strong></span> <span class='ocrx_word' id='word_1_4' title='bbox 877 174 1074 203; x_wconf 78' lang='lat' dir='ltr'><strong>CHRONICON</strong></span> <span class='ocrx_word' id='word_1_5' title='bbox 1094 174 1275 203; x_wconf 74' lang='lat' dir='ltr'><strong>APPENDIX.</strong></span> 
     </span>
    </p>
   </div>
   <div class='ocr_carea' id='block_1_3' title="bbox 1723 177 1775 205">
    <p class='ocr_par' dir='ltr' id='par_1_3' title="bbox 1723 177 1775 205">
     <span class='ocr_line' id='line_1_3' title="bbox 1723 177 1775 205; baseline 0 0"><span class='ocrx_word' id='word_1_6' title='bbox 1723 177 1775 205; x_wconf 66' lang='lat'><strong>860</strong></span> 
     </span>
    </p>
   </div>
   <div class='ocr_carea' id='block_1_4' title="bbox 145 231 922 270">
    <p class='ocr_par' dir='ltr' id='par_1_4' title="bbox 145 231 922 267">
     <span class='ocr_line' id='line_1_4' title="bbox 145 231 922 267; baseline 0.005 -9"><span class='ocrx_word' id='word_1_7' title='bbox 145 231 257 258; x_wconf 74' lang='lat' dir='ltr'><strong>:mlincs</strong></span> <span class='ocrx_word' id='word_1_8' title='bbox 269 232 433 266; x_wconf 65' lang='lat' dir='ltr'><strong>aequales,ct</strong></span> <span class='ocrx_word' id='word_1_9' title='bbox 444 233 551 262; x_wconf 83' lang='lat' dir='ltr'><strong>Cancro</strong></span> <span class='ocrx_word' id='word_1_10' title='bbox 567 234 703 262; x_wconf 83' lang='lat' dir='ltr'><strong>mediante</strong></span> <span class='ocrx_word' id='word_1_11' title='bbox 719 236 746 262; x_wconf 90' lang='lat' dir='ltr'><strong>in</strong></span> <span class='ocrx_word' id='word_1_12' title='bbox 761 237 840 267; x_wconf 69' lang='lat' dir='ltr'><strong>caelo,</strong></span> <span class='ocrx_word' id='word_1_13' title='bbox 859 237 922 262; x_wconf 85' lang='lat' dir='ltr'><strong>oria-</strong></span> 
     </span>
    </p>
   </div>
   <div class='ocr_carea' id='block_1_5' title="bbox 979 231 1773 270">
    <p class='ocr_par' dir='ltr' id='par_1_5' title="bbox 983 233 1773 270">
     <span class='ocr_line' id='line_1_5' title="bbox 983 233 1773 270; baseline 0.004 -12"><span class='ocrx_word' id='word_1_14' title='bbox 983 233 1112 268; x_wconf 71' lang='grc' dir='ltr'>τριπικοῦ</span> <span class='ocrx_word' id='word_1_15' title='bbox 1128 234 1258 269; x_wconf 82' lang='grc' dir='ltr'>σημείου,</span> <span class='ocrx_word' id='word_1_16' title='bbox 1277 234 1323 260; x_wconf 65' lang='grc' dir='ltr'><strong>καὶ</strong></span> <span class='ocrx_word' id='word_1_17' title='bbox 1338 233 1374 260; x_wconf 79' lang='grc' dir='ltr'>τὰ</span> <span class='ocrx_word' id='word_1_18' title='bbox 1389 233 1492 269; x_wconf 80' lang='grc' dir='ltr'><strong>μεγέθη</strong></span> <span class='ocrx_word' id='word_1_19' title='bbox 1515 233 1569 260; x_wconf 86' lang='grc' dir='ltr'><strong>τῶν</strong></span> <span class='ocrx_word' id='word_1_20' title='bbox 1583 233 1695 270; x_wconf 79' lang='grc' dir='ltr'>ἡμερῶν</span> <span class='ocrx_word' id='word_1_21' title='bbox 1711 235 1773 261; x_wconf 83' lang='grc' dir='ltr'>ῐσα·</span> 
     </span>
    </p>
   </div>
   <div class='ocr_carea' id='block_1_6' title="bbox 145 276 932 319">
    <p class='ocr_par' dir='ltr' id='par_1_6' title="bbox 145 276 932 319">
     <span class='ocr_line' id='line_1_6' title="bbox 145 276 932 319; baseline 0.011 -17"><span class='ocrx_word' id='word_1_22' title='bbox 145 283 190 303; x_wconf 81' lang='lat' dir='ltr'><strong>tur</strong></span> <span class='ocrx_word' id='word_1_23' title='bbox 202 276 281 309; x_wconf 80' lang='lat' dir='ltr'><strong>Libra</strong></span> <span class='ocrx_word' id='word_1_24' title='bbox 296 288 303 305; x_wconf 93' lang='lat'><strong>:</strong></span> <span class='ocrx_word' id='word_1_25' title='bbox 321 280 347 305; x_wconf 94' lang='lat' dir='ltr'><strong>in</strong></span> <span class='ocrx_word' id='word_1_26' title='bbox 363 280 534 315; x_wconf 81' lang='lat' dir='ltr'><strong>temporibus</strong></span> <span class='ocrx_word' id='word_1_27' title='bbox 546 282 696 316; x_wconf 74' lang='lat' dir='ltr'><strong>aequalibus</strong></span> <span class='ocrx_word' id='word_1_28' title='bbox 713 284 839 310; x_wconf 89' lang='lat' dir='ltr'><strong>oriuntur</strong></span> <span class='ocrx_word' id='word_1_29' title='bbox 852 283 932 319; x_wconf 75' lang='lat' dir='ltr'><strong>Virgo</strong></span> 
     </span>
    </p>
   </div>
   <div class='ocr_carea' id='block_1_7' title="bbox 144 323 277 352">
    <p class='ocr_par' dir='ltr' id='par_1_7' title="bbox 144 323 277 352">
     <span class='ocr_line' id='line_1_7' title="bbox 144 323 277 352; baseline 0.015 -2"><span class='ocrx_word' id='word_1_30' title='bbox 144 327 171 350; x_wconf 83' lang='lat' dir='ltr'><strong>et</strong></span> <span class='ocrx_word' id='word_1_31' title='bbox 186 323 277 352; x_wconf 82' lang='lat' dir='ltr'><strong>Libra.</strong></span> 
     </span>
    </p>
   </div>
   <div class='ocr_carea' id='block_1_8' title="bbox 179 413 931 454">
    <p class='ocr_par' dir='ltr' id='par_1_8' title="bbox 179 413 931 454">
     <span class='ocr_line' id='line_1_8' title="bbox 179 413 931 454; baseline 0.011 -12"><span class='ocrx_word' id='word_1_32' title='bbox 179 413 302 451; x_wconf 83' lang='lat' dir='ltr'><strong>Cumque</strong></span> <span class='ocrx_word' id='word_1_33' title='bbox 328 418 501 447; x_wconf 77' lang='lat' dir='ltr'><strong>rectissimus</strong></span> <span class='ocrx_word' id='word_1_34' title='bbox 530 419 576 447; x_wconf 81' lang='lat' dir='ltr'><strong>ﬁat</strong></span> <span class='ocrx_word' id='word_1_35' title='bbox 601 420 748 454; x_wconf 81' lang='lat' dir='ltr'><strong>zodiacus,</strong></span> <span class='ocrx_word' id='word_1_36' title='bbox 768 421 889 449; x_wconf 87' lang='lat' dir='ltr'><strong>Geminis</strong></span> <span class='ocrx_word' id='word_1_37' title='bbox 904 427 931 450; x_wconf 83' lang='lat' dir='ltr'><strong>ct</strong></span> 
     </span>
    </p>
   </div>
   <div class='ocr_carea' id='block_1_9' title="bbox 144 459 930 502">
    <p class='ocr_par' dir='ltr' id='par_1_9' title="bbox 144 459 930 502">
     <span class='ocr_line' id='line_1_9' title="bbox 144 459 930 502; baseline 0.011 -16"><span class='ocrx_word' id='word_1_38' title='bbox 144 459 252 487; x_wconf 81' lang='lat' dir='ltr'><strong>Cancro</strong></span> <span class='ocrx_word' id='word_1_39' title='bbox 277 462 394 489; x_wconf 85' lang='lat' dir='ltr'><strong>medium</strong></span> <span class='ocrx_word' id='word_1_40' title='bbox 413 464 475 490; x_wconf 69' lang='lat' dir='ltr'><strong>cmli</strong></span> <span class='ocrx_word' id='word_1_41' title='bbox 496 466 670 498; x_wconf 85' lang='lat' dir='ltr'><strong>tenentibus,</strong></span> <span class='ocrx_word' id='word_1_42' title='bbox 687 467 847 502; x_wconf 84' lang='lat' dir='ltr'><strong>longissimo</strong></span> <span class='ocrx_word' id='word_1_43' title='bbox 861 473 930 496; x_wconf 91' lang='lat' dir='ltr'><strong>tem-</strong></span> 
     </span>
    </p>
   </div>
   <div class='ocr_carea' id='block_1_10' title="bbox 144 508 927 547">
    <p class='ocr_par' dir='ltr' id='par_1_10' title="bbox 144 508 927 547">
     <span class='ocr_line' id='line_1_10' title="bbox 144 508 927 547; baseline 0.011 -15"><span class='ocrx_word' id='word_1_44' title='bbox 144 513 210 541; x_wconf 81' lang='lat' dir='ltr'><strong>pore</strong></span> <span class='ocrx_word' id='word_1_45' title='bbox 224 508 352 535; x_wconf 89' lang='lat' dir='ltr'><strong>oriuntur</strong></span> <span class='ocrx_word' id='word_1_46' title='bbox 366 508 448 545; x_wconf 73' lang='lat' dir='ltr'><strong>Virgo</strong></span> <span class='ocrx_word' id='word_1_47' title='bbox 458 515 485 536; x_wconf 72' lang='lat' dir='ltr'><strong>et</strong></span> <span class='ocrx_word' id='word_1_48' title='bbox 498 510 591 546; x_wconf 84' lang='lat' dir='ltr'><strong>Libra,</strong></span> <span class='ocrx_word' id='word_1_49' title='bbox 601 517 627 539; x_wconf 87' lang='lat' dir='ltr'><strong>et</strong></span> <span class='ocrx_word' id='word_1_50' title='bbox 640 520 695 540; x_wconf 92' lang='lat' dir='ltr'><strong>non</strong></span> <span class='ocrx_word' id='word_1_51' title='bbox 712 517 817 541; x_wconf 88' lang='lat' dir='ltr'><strong>tantum</strong></span> <span class='ocrx_word' id='word_1_52' title='bbox 827 514 927 547; x_wconf 68' lang='lat' dir='ltr'><strong>Cltelm,</strong></span> 
     </span>
    </p>
   </div>
   <div class='ocr_carea' id='block_1_11' title="bbox 145 554 506 589">
    <p class='ocr_par' dir='ltr' id='par_1_11' title="bbox 145 554 506 589">
     <span class='ocr_line' id='line_1_11' title="bbox 145 554 506 589; baseline 0.019 -13"><span class='ocrx_word' id='word_1_53' title='bbox 145 555 174 577; x_wconf 84' lang='lat' dir='ltr'><strong>ut</strong></span> <span class='ocrx_word' id='word_1_54' title='bbox 190 555 295 580; x_wconf 85' lang='lat' dir='ltr'><strong>veteres</strong></span> <span class='ocrx_word' id='word_1_55' title='bbox 311 554 506 589; x_wconf 89' lang='lat' dir='ltr'><strong>opinabantur.</strong></span> 
     </span>
    </p>
   </div>
   <div class='ocr_carea' id='block_1_12' title="bbox 177 597 927 640">
    <p class='ocr_par' dir='ltr' id='par_1_12' title="bbox 177 597 927 640">
     <span class='ocr_line' id='line_1_12' title="bbox 177 597 927 640; baseline 0.016 -17"><span class='ocrx_word' id='word_1_56' title='bbox 177 597 284 626; x_wconf 80' lang='lat' dir='ltr'><strong>Rursus</strong></span> <span class='ocrx_word' id='word_1_57' title='bbox 302 607 364 627; x_wconf 93' lang='lat' dir='ltr'><strong>cum</strong></span> <span class='ocrx_word' id='word_1_58' title='bbox 382 601 546 637; x_wconf 72' lang='lat' dir='ltr'><strong>Sagittarius</strong></span> <span class='ocrx_word' id='word_1_59' title='bbox 562 608 587 630; x_wconf 88' lang='lat' dir='ltr'><strong>et</strong></span> <span class='ocrx_word' id='word_1_60' title='bbox 603 604 786 640; x_wconf 75' lang='lat' dir='ltr'><strong>Capricornus</strong></span> <span class='ocrx_word' id='word_1_61' title='bbox 805 608 927 635; x_wconf 82' lang='lat' dir='ltr'><strong>eamdem</strong></span> 
     </span>
    </p>
   </div>
   <div class='ocr_carea' id='block_1_13' title="bbox 142 642 929 689">
    <p class='ocr_par' dir='ltr' id='par_1_13' title="bbox 142 642 929 689">
     <span class='ocr_line' id='line_1_13' title="bbox 142 642 929 689; baseline 0.017 -20"><span class='ocrx_word' id='word_1_62' title='bbox 142 642 260 671; x_wconf 83' lang='lat' dir='ltr'><strong>habeant</strong></span> <span class='ocrx_word' id='word_1_63' title='bbox 281 647 313 672; x_wconf 83' lang='lat' dir='ltr'><strong>ad</strong></span> <span class='ocrx_word' id='word_1_64' title='bbox 340 647 509 676; x_wconf 81' lang='lat' dir='ltr'><strong>horizontem</strong></span> <span class='ocrx_word' id='word_1_65' title='bbox 537 651 756 685; x_wconf 84' lang='lat' dir='ltr'><strong>inclinationem,</strong></span> <span class='ocrx_word' id='word_1_66' title='bbox 783 658 810 680; x_wconf 89' lang='lat' dir='ltr'><strong>ct</strong></span> <span class='ocrx_word' id='word_1_67' title='bbox 839 654 929 689; x_wconf 83' lang='lat' dir='ltr'><strong>Sagit~</strong></span> 
     </span>
    </p>
   </div>
   <div class='ocr_carea' id='block_1_14' title="bbox 141 690 928 732">
    <p class='ocr_par' dir='ltr' id='par_1_14' title="bbox 141 690 928 732">
     <span class='ocr_line' id='line_1_14' title="bbox 141 690 928 732; baseline 0.017 -17"><span class='ocrx_word' id='word_1_68' title='bbox 141 690 213 717; x_wconf 86' lang='lat' dir='ltr'><strong>tario</strong></span> <span class='ocrx_word' id='word_1_69' title='bbox 229 692 347 719; x_wconf 88' lang='lat' dir='ltr'><strong>medium</strong></span> <span class='ocrx_word' id='word_1_70' title='bbox 360 695 423 720; x_wconf 84' lang='lat' dir='ltr'><strong>coeli</strong></span> <span class='ocrx_word' id='word_1_71' title='bbox 440 699 549 723; x_wconf 90' lang='lat' dir='ltr'><strong>tenente</strong></span> <span class='ocrx_word' id='word_1_72' title='bbox 561 698 686 724; x_wconf 75' lang='lat' dir='ltr'><strong>oriantur</strong></span> <span class='ocrx_word' id='word_1_73' title='bbox 700 698 804 732; x_wconf 82' lang='lat' dir='ltr'><strong>Pisces,</strong></span> <span class='ocrx_word' id='word_1_74' title='bbox 821 701 928 727; x_wconf 83' lang='lat' dir='ltr'><strong>occidat</strong></span> 
     </span>
    </p>
   </div>
   <div class='ocr_carea' id='block_1_15' title="bbox 142 734 927 779">
    <p class='ocr_par' dir='ltr' id='par_1_15' title="bbox 142 734 927 779">
     <span class='ocr_line' id='line_1_15' title="bbox 142 734 927 779; baseline 0.017 -19"><span class='ocrx_word' id='word_1_75' title='bbox 142 734 244 770; x_wconf 74' lang='lat' dir='ltr'><strong>Virgo:</strong></span> <span class='ocrx_word' id='word_1_76' title='bbox 263 737 432 772; x_wconf 79' lang='lat' dir='ltr'><strong>Capricorno</strong></span> <span class='ocrx_word' id='word_1_77' title='bbox 452 742 571 768; x_wconf 79' lang='lat' dir='ltr'><strong>modium</strong></span> <span class='ocrx_word' id='word_1_78' title='bbox 590 743 652 770; x_wconf 69' lang='lat' dir='ltr'><strong>cmli</strong></span> <span class='ocrx_word' id='word_1_79' title='bbox 676 750 838 779; x_wconf 77' lang='lat' dir='ltr'><strong>occupante,</strong></span> <span class='ocrx_word' id='word_1_80' title='bbox 853 746 927 772; x_wconf 83' lang='lat' dir='ltr'><strong>oria-</strong></span> 
     </span>
    </p>
   </div>
   <div class='ocr_carea' id='block_1_16' title="bbox 141 782 927 824">
    <p class='ocr_par' dir='ltr' id='par_1_16' title="bbox 141 782 927 824">
     <span class='ocr_line' id='line_1_16' title="bbox 141 782 927 824; baseline 0.015 -17"><span class='ocrx_word' id='word_1_81' title='bbox 141 786 187 808; x_wconf 97' lang='lat' dir='ltr'><strong>tur</strong></span> <span class='ocrx_word' id='word_1_82' title='bbox 212 782 301 815; x_wconf 80' lang='lat' dir='ltr'><strong>Aries,</strong></span> <span class='ocrx_word' id='word_1_83' title='bbox 327 785 434 812; x_wconf 83' lang='lat' dir='ltr'><strong>occidat</strong></span> <span class='ocrx_word' id='word_1_84' title='bbox 451 786 543 820; x_wconf 88' lang='lat' dir='ltr'><strong>Libra,</strong></span> <span class='ocrx_word' id='word_1_85' title='bbox 562 789 663 824; x_wconf 81' lang='lat' dir='ltr'><strong>ﬁatque</strong></span> <span class='ocrx_word' id='word_1_86' title='bbox 682 790 852 818; x_wconf 87' lang='lat' dir='ltr'><strong>hmnillimus</strong></span> <span class='ocrx_word' id='word_1_87' title='bbox 881 799 927 819; x_wconf 87' lang='lat' dir='ltr'><strong>zo-</strong></span> 
     </span>
    </p>
   </div>
   <div class='ocr_carea' id='block_1_17' title="bbox 140 827 926 868">
    <p class='ocr_par' dir='ltr' id='par_1_17' title="bbox 140 827 926 868">
     <span class='ocr_line' id='line_1_17' title="bbox 140 827 926 868; baseline 0.014 -16"><span class='ocrx_word' id='word_1_88' title='bbox 140 827 248 858; x_wconf 85' lang='lat' dir='ltr'><strong>diacus,</strong></span> <span class='ocrx_word' id='word_1_89' title='bbox 264 836 326 855; x_wconf 90' lang='lat' dir='ltr'><strong>cum</strong></span> <span class='ocrx_word' id='word_1_90' title='bbox 353 829 519 865; x_wconf 85' lang='lat' dir='ltr'><strong>Sagittarius</strong></span> <span class='ocrx_word' id='word_1_91' title='bbox 545 837 572 860; x_wconf 82' lang='lat' dir='ltr'><strong>et</strong></span> <span class='ocrx_word' id='word_1_92' title='bbox 596 834 781 868; x_wconf 78' lang='lat' dir='ltr'><strong>Capricornus</strong></span> <span class='ocrx_word' id='word_1_93' title='bbox 809 837 835 863; x_wconf 90' lang='lat' dir='ltr'><strong>in</strong></span> <span class='ocrx_word' id='word_1_94' title='bbox 856 837 926 864; x_wconf 67' lang='lat' dir='ltr'><strong>cado</strong></span> 
     </span>
    </p>
   </div>
   <div class='ocr_carea' id='block_1_18' title="bbox 141 872 926 918">
    <p class='ocr_par' dir='ltr' id='par_1_18' title="bbox 141 872 926 918">
     <span class='ocr_line' id='line_1_18' title="bbox 141 872 926 918; baseline 0.015 -20"><span class='ocrx_word' id='word_1_95' title='bbox 141 872 262 901; x_wconf 85' lang='lat' dir='ltr'><strong>mediant</strong></span> <span class='ocrx_word' id='word_1_96' title='bbox 279 883 287 901; x_wconf 88' lang='lat'><strong><em>:</em></strong></span> <span class='ocrx_word' id='word_1_97' title='bbox 314 876 342 902; x_wconf 92' lang='lat' dir='ltr'><strong>in</strong></span> <span class='ocrx_word' id='word_1_98' title='bbox 372 876 535 906; x_wconf 84' lang='lat' dir='ltr'><strong>brevissimo</strong></span> <span class='ocrx_word' id='word_1_99' title='bbox 550 884 674 916; x_wconf 78' lang='lat' dir='ltr'><strong>tempore</strong></span> <span class='ocrx_word' id='word_1_100' title='bbox 700 882 828 909; x_wconf 89' lang='lat' dir='ltr'><strong>occidunt</strong></span> <span class='ocrx_word' id='word_1_101' title='bbox 843 882 926 918; x_wconf 81' lang='lat' dir='ltr'><strong>Virgo</strong></span> 
     </span>
    </p>
   </div>
   <div class='ocr_carea' id='block_1_19' title="bbox 138 917 268 947">
    <p class='ocr_par' dir='ltr' id='par_1_19' title="bbox 138 917 268 947">
     <span class='ocr_line' id='line_1_19' title="bbox 138 917 268 947; baseline 0.023 -3"><span class='ocrx_word' id='word_1_102' title='bbox 138 922 164 944; x_wconf 57' lang='grc' dir='ltr'><strong>(ι</strong></span> <span class='ocrx_word' id='word_1_103' title='bbox 177 917 268 947; x_wconf 88' lang='lat' dir='ltr'><strong>Libra.</strong></span> 
     </span>
    </p>
   </div>
   <div class='ocr_carea' id='block_1_20' title="bbox 174 963 925 1002">
    <p class='ocr_par' dir='ltr' id='par_1_20' title="bbox 174 963 925 1002">
     <span class='ocr_line' id='line_1_20' title="bbox 174 963 925 1002; baseline 0.016 -12"><span class='ocrx_word' id='word_1_104' title='bbox 174 963 281 993; x_wconf 77' lang='lat' dir='ltr'><strong>Rursus</strong></span> <span class='ocrx_word' id='word_1_105' title='bbox 300 975 363 995; x_wconf 88' lang='lat' dir='ltr'><strong>vero</strong></span> <span class='ocrx_word' id='word_1_106' title='bbox 380 976 442 996; x_wconf 88' lang='lat' dir='ltr'><strong>cum</strong></span> <span class='ocrx_word' id='word_1_107' title='bbox 455 969 579 1000; x_wconf 80' lang='lat' dir='ltr'><strong>Piscibus</strong></span> <span class='ocrx_word' id='word_1_108' title='bbox 596 973 714 1000; x_wconf 88' lang='lat' dir='ltr'><strong>medium</strong></span> <span class='ocrx_word' id='word_1_109' title='bbox 731 975 792 1001; x_wconf 64' lang='lat' dir='ltr'><strong>corli</strong></span> <span class='ocrx_word' id='word_1_110' title='bbox 809 976 925 1002; x_wconf 85' lang='lat' dir='ltr'><strong>tenenti-</strong></span> 
     </span>
    </p>
   </div>
   <div class='ocr_carea' id='block_1_21' title="bbox 139 1009 925 1048">
    <p class='ocr_par' dir='ltr' id='par_1_21' title="bbox 139 1009 925 1048">
     <span class='ocr_line' id='line_1_21' title="bbox 139 1009 925 1048; baseline 0.015 -12"><span class='ocrx_word' id='word_1_111' title='bbox 139 1009 190 1037; x_wconf 80' lang='lat' dir='ltr'><strong>bus</strong></span> <span class='ocrx_word' id='word_1_112' title='bbox 212 1013 336 1040; x_wconf 82' lang='lat' dir='ltr'><strong>oriantur</strong></span> <span class='ocrx_word' id='word_1_113' title='bbox 351 1014 478 1042; x_wconf 83' lang='lat' dir='ltr'><strong>Gemini:</strong></span> <span class='ocrx_word' id='word_1_114' title='bbox 496 1018 589 1045; x_wconf 85' lang='lat' dir='ltr'><strong>Arictc</strong></span> <span class='ocrx_word' id='word_1_115' title='bbox 615 1019 732 1047; x_wconf 80' lang='lat' dir='ltr'><strong>medium</strong></span> <span class='ocrx_word' id='word_1_116' title='bbox 756 1022 818 1048; x_wconf 65' lang='lat' dir='ltr'><strong>(mli</strong></span> <span class='ocrx_word' id='word_1_117' title='bbox 844 1030 925 1048; x_wconf 77' lang='lat' dir='ltr'><strong>occu-</strong></span> 
     </span>
    </p>
   </div>
   <div class='ocr_carea' id='block_1_22' title="bbox 138 1059 924 1095">
    <p class='ocr_par' dir='ltr' id='par_1_22' title="bbox 138 1059 924 1095">
     <span class='ocr_line' id='line_1_22' title="bbox 138 1059 924 1095; baseline 0.018 -14"><span class='ocrx_word' id='word_1_118' title='bbox 138 1060 221 1089; x_wconf 53' lang='lat' dir='ltr'><strong>pttnte</strong></span> <span class='ocrx_word' id='word_1_119' title='bbox 245 1059 352 1087; x_wconf 86' lang='lat' dir='ltr'><strong>oriatur</strong></span> <span class='ocrx_word' id='word_1_120' title='bbox 376 1061 482 1090; x_wconf 81' lang='lat' dir='ltr'><strong>Cancer</strong></span> <span class='ocrx_word' id='word_1_121' title='bbox 500 1074 505 1090; x_wconf 94' lang='lat'>:</span> <span class='ocrx_word' id='word_1_122' title='bbox 522 1064 647 1093; x_wconf 78' lang='lat' dir='ltr'><strong>Piscibus</strong></span> <span class='ocrx_word' id='word_1_123' title='bbox 663 1074 727 1093; x_wconf 80' lang='lat' dir='ltr'><strong>vero</strong></span> <span class='ocrx_word' id='word_1_124' title='bbox 741 1071 766 1094; x_wconf 89' lang='lat' dir='ltr'><strong>et</strong></span> <span class='ocrx_word' id='word_1_125' title='bbox 783 1068 874 1094; x_wconf 66' lang='lat' dir='ltr'><strong>Arii-te</strong></span> <span class='ocrx_word' id='word_1_126' title='bbox 897 1068 924 1095; x_wconf 88' lang='lat' dir='ltr'><strong>in</strong></span> 
     </span>
    </p>
   </div>
   <div class='ocr_carea' id='block_1_23' title="bbox 137 1103 924 1142">
    <p class='ocr_par' dir='ltr' id='par_1_23' title="bbox 137 1103 924 1142">
     <span class='ocr_line' id='line_1_23' title="bbox 137 1103 924 1142; baseline 0.015 -13"><span class='ocrx_word' id='word_1_127' title='bbox 137 1103 209 1131; x_wconf 71' lang='lat' dir='ltr'><strong>coelo</strong></span> <span class='ocrx_word' id='word_1_128' title='bbox 235 1106 430 1142; x_wconf 81' lang='lat' dir='ltr'><strong>mcdiantihns,</strong></span> <span class='ocrx_word' id='word_1_129' title='bbox 457 1110 573 1138; x_wconf 71' lang='lat' dir='ltr'><strong>mediam</strong></span> <span class='ocrx_word' id='word_1_130' title='bbox 599 1112 801 1141; x_wconf 77' lang='lat' dir='ltr'><strong>inclinationem</strong></span> <span class='ocrx_word' id='word_1_131' title='bbox 827 1114 924 1141; x_wconf 87' lang='lat' dir='ltr'><strong>haheat</strong></span> 
     </span>
    </p>
   </div>
   <div class='ocr_carea' id='block_1_24' title="bbox 137 1149 923 1193">
    <p class='ocr_par' dir='ltr' id='par_1_24' title="bbox 137 1149 923 1193">
     <span class='ocr_line' id='line_1_24' title="bbox 137 1149 923 1193; baseline 0.017 -18"><span class='ocrx_word' id='word_1_132' title='bbox 137 1149 268 1179; x_wconf 78' lang='lat' dir='ltr'><strong>zodiacus</strong></span> <span class='ocrx_word' id='word_1_133' title='bbox 286 1162 292 1179; x_wconf 92' lang='lat'>:</span> <span class='ocrx_word' id='word_1_134' title='bbox 310 1154 428 1182; x_wconf 86' lang='lat' dir='ltr'><strong>medium</strong></span> <span class='ocrx_word' id='word_1_135' title='bbox 456 1157 539 1191; x_wconf 76' lang='lat' dir='ltr'><strong>igitur</strong></span> <span class='ocrx_word' id='word_1_136' title='bbox 558 1163 665 1193; x_wconf 84' lang='lat' dir='ltr'><strong>tempus</strong></span> <span class='ocrx_word' id='word_1_137' title='bbox 683 1164 759 1187; x_wconf 83' lang='lat' dir='ltr'><strong>ortus</strong></span> <span class='ocrx_word' id='word_1_138' title='bbox 782 1162 923 1188; x_wconf 84' lang='lat' dir='ltr'><strong>continent.</strong></span> 
     </span>
    </p>
   </div>
   <div class='ocr_carea' id='block_1_25' title="bbox 137 1193 924 1241">
    <p class='ocr_par' dir='ltr' id='par_1_25' title="bbox 137 1193 924 1241">
     <span class='ocr_line' id='line_1_25' title="bbox 137 1193 924 1241; baseline 0.018 -21"><span class='ocrx_word' id='word_1_139' title='bbox 137 1193 245 1223; x_wconf 82' lang='lat' dir='ltr'><strong>Gemini</strong></span> <span class='ocrx_word' id='word_1_140' title='bbox 266 1201 292 1224; x_wconf 86' lang='lat' dir='ltr'><strong>ct</strong></span> <span class='ocrx_word' id='word_1_141' title='bbox 308 1198 422 1233; x_wconf 79' lang='lat' dir='ltr'><strong>Cancer,</strong></span> <span class='ocrx_word' id='word_1_142' title='bbox 442 1200 606 1237; x_wconf 82' lang='lat' dir='ltr'><strong>Sagittarius</strong></span> <span class='ocrx_word' id='word_1_143' title='bbox 619 1212 683 1232; x_wconf 81' lang='lat' dir='ltr'><strong>vero</strong></span> <span class='ocrx_word' id='word_1_144' title='bbox 701 1211 727 1233; x_wconf 88' lang='lat' dir='ltr'><strong>et</strong></span> <span class='ocrx_word' id='word_1_145' title='bbox 740 1206 924 1241; x_wconf 86' lang='lat' dir='ltr'><strong>Capricornus</strong></span> 
     </span>
    </p>
   </div>
   <div class='ocr_carea' id='block_1_26' title="bbox 136 1247 261 1269">
    <p class='ocr_par' dir='ltr' id='par_1_26' title="bbox 136 1247 261 1269">
     <span class='ocr_line' id='line_1_26' title="bbox 136 1247 261 1269; baseline 0.016 -3"><span class='ocrx_word' id='word_1_146' title='bbox 136 1247 261 1269; x_wconf 72' lang='lat' dir='ltr'><strong>OCCaSllS.</strong></span> 
     </span>
    </p>
   </div>
   <div class='ocr_carea' id='block_1_27' title="bbox 173 1286 922 1329">
    <p class='ocr_par' dir='ltr' id='par_1_27' title="bbox 173 1286 922 1329">
     <span class='ocr_line' id='line_1_27' title="bbox 173 1286 922 1329; baseline 0.017 -16"><span class='ocrx_word' id='word_1_147' title='bbox 173 1286 305 1317; x_wconf 76' lang='lat' dir='ltr'><strong>Similiter</strong></span> <span class='ocrx_word' id='word_1_148' title='bbox 333 1299 406 1325; x_wconf 90' lang='lat' dir='ltr'><strong>cum,</strong></span> <span class='ocrx_word' id='word_1_149' title='bbox 425 1293 535 1329; x_wconf 73' lang='lat' dir='ltr'><strong>Virgine</strong></span> <span class='ocrx_word' id='word_1_150' title='bbox 549 1302 576 1323; x_wconf 86' lang='lat' dir='ltr'><strong>et</strong></span> <span class='ocrx_word' id='word_1_151' title='bbox 593 1295 685 1325; x_wconf 83' lang='lat' dir='ltr'><strong>Chelis</strong></span> <span class='ocrx_word' id='word_1_152' title='bbox 711 1298 830 1326; x_wconf 90' lang='lat' dir='ltr'><strong>medium</strong></span> <span class='ocrx_word' id='word_1_153' title='bbox 858 1299 922 1326; x_wconf 82' lang='lat' dir='ltr'><strong>cmli</strong></span> 
     </span>
    </p>
   </div>
   <div class='ocr_carea' id='block_1_28' title="bbox 135 1335 922 1374">
    <p class='ocr_par' dir='ltr' id='par_1_28' title="bbox 135 1335 922 1374">
     <span class='ocr_line' id='line_1_28' title="bbox 135 1335 922 1374; baseline 0.018 -15"><span class='ocrx_word' id='word_1_154' title='bbox 135 1335 304 1368; x_wconf 69' lang='lat' dir='ltr'><strong>tenentibus,</strong></span> <span class='ocrx_word' id='word_1_155' title='bbox 317 1339 433 1366; x_wconf 88' lang='lat' dir='ltr'><strong>mediam</strong></span> <span class='ocrx_word' id='word_1_156' title='bbox 450 1341 657 1370; x_wconf 85' lang='lat' dir='ltr'><strong>inclinationem</strong></span> <span class='ocrx_word' id='word_1_157' title='bbox 675 1345 804 1372; x_wconf 86' lang='lat' dir='ltr'><strong>zodiacus</strong></span> <span class='ocrx_word' id='word_1_158' title='bbox 822 1345 922 1374; x_wconf 87' lang='lat' dir='ltr'><strong>habere</strong></span> 
     </span>
    </p>
   </div>
   <div class='ocr_carea' id='block_1_29' title="bbox 135 1381 923 1422">
    <p class='ocr_par' dir='ltr' id='par_1_29' title="bbox 135 1381 923 1422">
     <span class='ocr_line' id='line_1_29' title="bbox 135 1381 923 1422; baseline 0.015 -15"><span class='ocrx_word' id='word_1_159' title='bbox 135 1381 254 1414; x_wconf 86' lang='lat' dir='ltr'><strong>dicatur,</strong></span> <span class='ocrx_word' id='word_1_160' title='bbox 270 1387 297 1410; x_wconf 90' lang='lat' dir='ltr'><strong>et</strong></span> <span class='ocrx_word' id='word_1_161' title='bbox 314 1383 426 1419; x_wconf 83' lang='lat' dir='ltr'><strong>Virgine</strong></span> <span class='ocrx_word' id='word_1_162' title='bbox 455 1388 574 1415; x_wconf 81' lang='lat' dir='ltr'><strong>medium</strong></span> <span class='ocrx_word' id='word_1_163' title='bbox 598 1390 658 1416; x_wconf 58' lang='lat' dir='ltr'><strong>caeli</strong></span> <span class='ocrx_word' id='word_1_164' title='bbox 680 1396 800 1422; x_wconf 82' lang='lat' dir='ltr'><strong>tenente.</strong></span> <span class='ocrx_word' id='word_1_165' title='bbox 817 1392 923 1419; x_wconf 85' lang='lat' dir='ltr'><strong>oriatur</strong></span> 
     </span>
    </p>
   </div>
   <div class='ocr_carea' id='block_1_30' title="bbox 136 1427 922 1467">
    <p class='ocr_par' dir='ltr' id='par_1_30' title="bbox 136 1427 922 1467">
     <span class='ocr_line' id='line_1_30' title="bbox 136 1427 922 1467; baseline 0.017 -13"><span class='ocrx_word' id='word_1_166' title='bbox 136 1427 312 1464; x_wconf 65' lang='lat' dir='ltr'><strong>Sagittarius,</strong></span> <span class='ocrx_word' id='word_1_167' title='bbox 330 1432 457 1460; x_wconf 82' lang='lat' dir='ltr'><strong>occidant</strong></span> <span class='ocrx_word' id='word_1_168' title='bbox 474 1433 580 1461; x_wconf 86' lang='lat' dir='ltr'><strong>Getnini</strong></span> <span class='ocrx_word' id='word_1_169' title='bbox 592 1444 598 1467; x_wconf 90' lang='lat'>;</span> <span class='ocrx_word' id='word_1_170' title='bbox 609 1435 701 1463; x_wconf 80' lang='lat' dir='ltr'><strong>Chelis</strong></span> <span class='ocrx_word' id='word_1_171' title='bbox 714 1446 778 1464; x_wconf 87' lang='lat' dir='ltr'><strong>vero</strong></span> <span class='ocrx_word' id='word_1_172' title='bbox 789 1438 850 1466; x_wconf 66' lang='grc' dir='ltr'><strong>εαξΙί</strong></span> <span class='ocrx_word' id='word_1_173' title='bbox 865 1447 922 1467; x_wconf 84' lang='lat' dir='ltr'><strong>me-</strong></span> 
     </span>
    </p>
   </div>
   <div class='ocr_carea' id='block_1_31' title="bbox 135 1474 921 1517">
    <p class='ocr_par' dir='ltr' id='par_1_31' title="bbox 135 1474 921 1517">
     <span class='ocr_line' id='line_1_31' title="bbox 135 1474 921 1517; baseline 0.017 -17"><span class='ocrx_word' id='word_1_174' title='bbox 135 1474 211 1502; x_wconf 88' lang='lat' dir='ltr'><strong>dium</strong></span> <span class='ocrx_word' id='word_1_175' title='bbox 236 1478 436 1511; x_wconf 81' lang='lat' dir='ltr'><strong>occupantibus</strong></span> <span class='ocrx_word' id='word_1_176' title='bbox 460 1481 565 1507; x_wconf 87' lang='lat' dir='ltr'><strong>oriatur</strong></span> <span class='ocrx_word' id='word_1_177' title='bbox 589 1481 793 1517; x_wconf 84' lang='lat' dir='ltr'><strong>Capricornus,</strong></span> <span class='ocrx_word' id='word_1_178' title='bbox 814 1485 921 1512; x_wconf 81' lang='lat' dir='ltr'><strong>occidat</strong></span> 
     </span>
    </p>
   </div>
   <div class='ocr_carea' id='block_1_32' title="bbox 135 1519 921 1565">
    <p class='ocr_par' dir='ltr' id='par_1_32' title="bbox 135 1519 921 1565">
     <span class='ocr_line' id='line_1_32' title="bbox 135 1519 921 1565; baseline 0.017 -19"><span class='ocrx_word' id='word_1_179' title='bbox 135 1519 252 1551; x_wconf 83' lang='lat' dir='ltr'><strong>Cancer,</strong></span> <span class='ocrx_word' id='word_1_180' title='bbox 270 1524 388 1550; x_wconf 75' lang='lat' dir='ltr'><strong>medium</strong></span> <span class='ocrx_word' id='word_1_181' title='bbox 421 1528 526 1560; x_wconf 88' lang='lat' dir='ltr'><strong>tempus</strong></span> <span class='ocrx_word' id='word_1_182' title='bbox 549 1527 687 1556; x_wconf 83' lang='lat' dir='ltr'><strong>habebunt</strong></span> <span class='ocrx_word' id='word_1_183' title='bbox 703 1535 781 1557; x_wconf 88' lang='lat' dir='ltr'><strong>ortus</strong></span> <span class='ocrx_word' id='word_1_184' title='bbox 805 1530 921 1565; x_wconf 75' lang='lat' dir='ltr'><strong>Sagitta-</strong></span> 
     </span>
    </p>
   </div>
   <div class='ocr_carea' id='block_1_33' title="bbox 944 911 966 940">
    <p class='ocr_par' dir='ltr' id='par_1_33' title="bbox 944 911 966 940">
     <span class='ocr_line' id='line_1_33' title="bbox 944 911 966 940; baseline 0 0"><span class='ocrx_word' id='word_1_185' title='bbox 944 911 966 940; x_wconf 81' lang='grc' dir='ltr'><strong>Β</strong></span> 
     </span>
    </p>
   </div>
   <div class='ocr_carea' id='block_1_34' title="bbox 136 1567 958 1620">
    <p class='ocr_par' dir='ltr' id='par_1_34' title="bbox 136 1567 958 1620">
     <span class='ocr_line' id='line_1_34' title="bbox 136 1567 958 1620; baseline 0.017 -28"><span class='ocrx_word' id='word_1_186' title='bbox 136 1567 195 1594; x_wconf 91' lang='lat' dir='ltr'><strong>rius</strong></span> <span class='ocrx_word' id='word_1_187' title='bbox 209 1571 236 1594; x_wconf 88' lang='lat' dir='ltr'><strong>et</strong></span> <span class='ocrx_word' id='word_1_188' title='bbox 251 1567 451 1604; x_wconf 85' lang='lat' dir='ltr'><strong>Capricornus,</strong></span> <span class='ocrx_word' id='word_1_189' title='bbox 470 1579 587 1600; x_wconf 89' lang='lat' dir='ltr'><strong>occasus</strong></span> <span class='ocrx_word' id='word_1_190' title='bbox 604 1582 668 1602; x_wconf 83' lang='lat' dir='ltr'><strong>vero</strong></span> <span class='ocrx_word' id='word_1_191' title='bbox 690 1574 795 1603; x_wconf 85' lang='lat' dir='ltr'><strong>Gemini</strong></span> <span class='ocrx_word' id='word_1_192' title='bbox 809 1581 835 1604; x_wconf 81' lang='lat' dir='ltr'><strong>et</strong></span> <span class='ocrx_word' id='word_1_193' title='bbox 850 1577 921 1605; x_wconf 89' lang='lat' dir='ltr'><strong>Can-</strong></span> <span class='ocrx_word' id='word_1_194' title='bbox 935 1591 958 1620; x_wconf 67' lang='grc' dir='ltr'><strong>ρ</strong></span> 
     </span>
    </p>
   </div>
   <div class='ocr_carea' id='block_1_35' title="bbox 135 1619 191 1639">
    <p class='ocr_par' dir='ltr' id='par_1_35' title="bbox 135 1619 191 1639">
     <span class='ocr_line' id='line_1_35' title="bbox 135 1619 191 1639; baseline 0 0"><span class='ocrx_word' id='word_1_195' title='bbox 135 1619 191 1639; x_wconf 85' lang='lat' dir='ltr'><strong>cer.</strong></span> 
     </span>
    </p>
   </div>
   <div class='ocr_carea' id='block_1_36' title="bbox 171 1657 922 1704">
    <p class='ocr_par' dir='ltr' id='par_1_36' title="bbox 171 1657 922 1704">
     <span class='ocr_line' id='line_1_36' title="bbox 171 1657 922 1704; baseline 0.016 -20"><span class='ocrx_word' id='word_1_196' title='bbox 171 1657 210 1685; x_wconf 80' lang='lat' dir='ltr'><strong>Ex</strong></span> <span class='ocrx_word' id='word_1_197' title='bbox 226 1659 268 1687; x_wconf 88' lang='lat' dir='ltr'><strong>his</strong></span> <span class='ocrx_word' id='word_1_198' title='bbox 283 1661 458 1689; x_wconf 74' lang='lat' dir='ltr'><strong>manifestum</strong></span> <span class='ocrx_word' id='word_1_199' title='bbox 475 1667 516 1690; x_wconf 89' lang='lat' dir='ltr'><strong>cst</strong></span> <span class='ocrx_word' id='word_1_200' title='bbox 529 1666 600 1700; x_wconf 82' lang='lat' dir='ltr'><strong>quod</strong></span> <span class='ocrx_word' id='word_1_201' title='bbox 616 1673 647 1693; x_wconf 85' lang='lat' dir='ltr'><strong>ea</strong></span> <span class='ocrx_word' id='word_1_202' title='bbox 663 1667 738 1702; x_wconf 79' lang='lat' dir='ltr'><strong>signa</strong></span> <span class='ocrx_word' id='word_1_203' title='bbox 759 1676 819 1703; x_wconf 50' lang='lat' dir='ltr'><strong>qua:</strong></span> <span class='ocrx_word' id='word_1_204' title='bbox 834 1676 922 1704; x_wconf 58' lang='lat' dir='ltr'><strong>aequa-</strong></span> 
     </span>
    </p>
   </div>
   <div class='ocr_carea' id='block_1_37' title="bbox 136 1703 920 1749">
    <p class='ocr_par' dir='ltr' id='par_1_37' title="bbox 136 1703 920 1749">
     <span class='ocr_line' id='line_1_37' title="bbox 136 1703 920 1749; baseline 0.015 -19"><span class='ocrx_word' id='word_1_205' title='bbox 136 1703 199 1731; x_wconf 84' lang='lat' dir='ltr'><strong>liter</strong></span> <span class='ocrx_word' id='word_1_206' title='bbox 215 1713 229 1731; x_wconf 92' lang='lat' dir='ltr'><strong>a</strong></span> <span class='ocrx_word' id='word_1_207' title='bbox 246 1708 356 1740; x_wconf 85' lang='lat' dir='ltr'><strong>punctis</strong></span> <span class='ocrx_word' id='word_1_208' title='bbox 374 1709 486 1743; x_wconf 90' lang='lat' dir='ltr'><strong>tropicis</strong></span> <span class='ocrx_word' id='word_1_209' title='bbox 502 1716 528 1737; x_wconf 83' lang='lat' dir='ltr'><strong>et</strong></span> <span class='ocrx_word' id='word_1_210' title='bbox 553 1712 791 1746; x_wconf 61' lang='lat' dir='ltr'><strong>equinoctialilms</strong></span> <span class='ocrx_word' id='word_1_211' title='bbox 807 1703 920 1749; x_wconf 82' lang='lat' dir='ltr'><strong>distant,</strong></span> 
     </span>
    </p>
   </div>
   <div class='ocr_carea' id='block_1_38' title="bbox 135 1751 920 1793">
    <p class='ocr_par' dir='ltr' id='par_1_38' title="bbox 135 1751 920 1793">
     <span class='ocr_line' id='line_1_38' title="bbox 135 1751 920 1793; baseline 0.014 -16"><span class='ocrx_word' id='word_1_212' title='bbox 135 1751 284 1786; x_wconf 71' lang='lat' dir='ltr'><strong>aequalibus</strong></span> <span class='ocrx_word' id='word_1_213' title='bbox 301 1755 470 1788; x_wconf 83' lang='lat' dir='ltr'><strong>temporibus</strong></span> <span class='ocrx_word' id='word_1_214' title='bbox 486 1757 610 1784; x_wconf 68' lang='lat' dir='ltr'><strong>oriuntur</strong></span> <span class='ocrx_word' id='word_1_215' title='bbox 624 1762 651 1785; x_wconf 79' lang='grc' dir='ltr'>(ἰ</span> <span class='ocrx_word' id='word_1_216' title='bbox 665 1760 801 1793; x_wconf 78' lang='lat' dir='ltr'><strong>occidant;</strong></span> <span class='ocrx_word' id='word_1_217' title='bbox 822 1765 920 1788; x_wconf 88' lang='lat' dir='ltr'><strong>etcum</strong></span> 
     </span>
    </p>
   </div>
   <div class='ocr_carea' id='block_1_39' title="bbox 135 1796 920 1836">
    <p class='ocr_par' dir='ltr' id='par_1_39' title="bbox 135 1796 920 1836">
     <span class='ocr_line' id='line_1_39' title="bbox 135 1796 920 1836; baseline 0.014 -14"><span class='ocrx_word' id='word_1_218' title='bbox 135 1796 210 1823; x_wconf 90' lang='lat' dir='ltr'><strong>omni</strong></span> <span class='ocrx_word' id='word_1_219' title='bbox 227 1803 306 1825; x_wconf 79' lang='lat' dir='ltr'><strong>not-te</strong></span> <span class='ocrx_word' id='word_1_220' title='bbox 316 1807 362 1826; x_wconf 88' lang='lat' dir='ltr'><strong>sex</strong></span> <span class='ocrx_word' id='word_1_221' title='bbox 382 1800 460 1835; x_wconf 68' lang='lat' dir='ltr'><strong>signa</strong></span> <span class='ocrx_word' id='word_1_222' title='bbox 475 1802 600 1829; x_wconf 88' lang='lat' dir='ltr'><strong>oriantur</strong></span> <span class='ocrx_word' id='word_1_223' title='bbox 613 1803 638 1830; x_wconf 91' lang='lat' dir='ltr'><strong>in</strong></span> <span class='ocrx_word' id='word_1_224' title='bbox 655 1803 729 1832; x_wconf 90' lang='lat' dir='ltr'><strong>horis</strong></span> <span class='ocrx_word' id='word_1_225' title='bbox 743 1805 786 1836; x_wconf 74' lang='grc'><strong>12,</strong></span> <span class='ocrx_word' id='word_1_226' title='bbox 805 1809 831 1832; x_wconf 89' lang='lat' dir='ltr'><strong>et</strong></span> <span class='ocrx_word' id='word_1_227' title='bbox 846 1806 920 1833; x_wconf 92' lang='lat' dir='ltr'><strong>omni</strong></span> 
     </span>
    </p>
   </div>
   <div class='ocr_carea' id='block_1_40' title="bbox 133 1843 921 1882">
    <p class='ocr_par' dir='ltr' id='par_1_40' title="bbox 133 1843 921 1882">
     <span class='ocr_line' id='line_1_40' title="bbox 133 1843 921 1882; baseline 0.013 -13"><span class='ocrx_word' id='word_1_228' title='bbox 133 1843 179 1870; x_wconf 91' lang='lat' dir='ltr'><strong>die</strong></span> <span class='ocrx_word' id='word_1_229' title='bbox 194 1851 240 1871; x_wconf 76' lang='lat' dir='ltr'><strong>sex</strong></span> <span class='ocrx_word' id='word_1_230' title='bbox 257 1845 333 1880; x_wconf 77' lang='lat' dir='ltr'><strong>signa</strong></span> <span class='ocrx_word' id='word_1_231' title='bbox 350 1847 474 1874; x_wconf 86' lang='lat' dir='ltr'><strong>oriantur</strong></span> <span class='ocrx_word' id='word_1_232' title='bbox 489 1849 515 1875; x_wconf 92' lang='lat' dir='ltr'><strong>in</strong></span> <span class='ocrx_word' id='word_1_233' title='bbox 535 1849 610 1877; x_wconf 88' lang='lat' dir='ltr'><strong>horis</strong></span> <span class='ocrx_word' id='word_1_234' title='bbox 634 1850 674 1882; x_wconf 75' lang='lat' dir='ltr'><strong>l2,</strong></span> <span class='ocrx_word' id='word_1_235' title='bbox 693 1851 866 1878; x_wconf 79' lang='lat' dir='ltr'><strong>manifestum</strong></span> <span class='ocrx_word' id='word_1_236' title='bbox 879 1856 921 1880; x_wconf 89' lang='lat' dir='ltr'><strong>est</strong></span> 
     </span>
    </p>
   </div>
   <div class='ocr_carea' id='block_1_41' title="bbox 134 1888 921 1930">
    <p class='ocr_par' dir='ltr' id='par_1_41' title="bbox 134 1888 921 1930">
     <span class='ocr_line' id='line_1_41' title="bbox 134 1888 921 1930; baseline 0.014 -16"><span class='ocrx_word' id='word_1_237' title='bbox 134 1888 207 1923; x_wconf 91' lang='lat' dir='ltr'><strong>quod</strong></span> <span class='ocrx_word' id='word_1_238' title='bbox 223 1894 249 1916; x_wconf 88' lang='lat' dir='ltr'><strong>et</strong></span> <span class='ocrx_word' id='word_1_239' title='bbox 265 1891 293 1917; x_wconf 90' lang='lat' dir='ltr'><strong>in</strong></span> <span class='ocrx_word' id='word_1_240' title='bbox 310 1891 354 1919; x_wconf 91' lang='lat' dir='ltr'><strong>die</strong></span> <span class='ocrx_word' id='word_1_241' title='bbox 365 1897 391 1919; x_wconf 89' lang='lat' dir='ltr'><strong>et</strong></span> <span class='ocrx_word' id='word_1_242' title='bbox 408 1893 434 1920; x_wconf 91' lang='lat' dir='ltr'><strong>in</strong></span> <span class='ocrx_word' id='word_1_243' title='bbox 452 1899 530 1921; x_wconf 83' lang='lat' dir='ltr'><strong>nocte</strong></span> <span class='ocrx_word' id='word_1_244' title='bbox 545 1895 578 1921; x_wconf 67' lang='grc' dir='ltr'>Η</span> <span class='ocrx_word' id='word_1_245' title='bbox 592 1896 668 1930; x_wconf 63' lang='lat' dir='ltr'><strong>signa</strong></span> <span class='ocrx_word' id='word_1_246' title='bbox 687 1898 812 1924; x_wconf 88' lang='lat' dir='ltr'><strong>oriantur</strong></span> <span class='ocrx_word' id='word_1_247' title='bbox 827 1898 853 1924; x_wconf 93' lang='lat' dir='ltr'><strong>in</strong></span> <span class='ocrx_word' id='word_1_248' title='bbox 872 1898 921 1925; x_wconf 91' lang='lat' dir='ltr'><strong>ho-</strong></span> 
     </span>
    </p>
   </div>
   <div class='ocr_carea' id='block_1_42' title="bbox 133 1934 921 1974">
    <p class='ocr_par' dir='ltr' id='par_1_42' title="bbox 133 1934 921 1974">
     <span class='ocr_line' id='line_1_42' title="bbox 133 1934 921 1974; baseline 0.013 -13"><span class='ocrx_word' id='word_1_249' title='bbox 133 1936 173 1962; x_wconf 81' lang='lat' dir='ltr'><strong>ris</strong></span> <span class='ocrx_word' id='word_1_250' title='bbox 185 1934 231 1968; x_wconf 64' lang='grc' dir='ltr'><strong>Ἡ,</strong></span> <span class='ocrx_word' id='word_1_251' title='bbox 248 1939 275 1962; x_wconf 82' lang='lat' dir='ltr'><strong>et</strong></span> <span class='ocrx_word' id='word_1_252' title='bbox 289 1945 372 1964; x_wconf 90' lang='lat' dir='ltr'><strong>unum</strong></span> <span class='ocrx_word' id='word_1_253' title='bbox 399 1939 507 1974; x_wconf 75' lang='lat' dir='ltr'><strong>signum</strong></span> <span class='ocrx_word' id='word_1_254' title='bbox 522 1940 548 1967; x_wconf 91' lang='lat' dir='ltr'><strong>in</strong></span> <span class='ocrx_word' id='word_1_255' title='bbox 571 1941 587 1967; x_wconf 79' lang='lat'>2</span> <span class='ocrx_word' id='word_1_256' title='bbox 602 1941 678 1969; x_wconf 89' lang='lat' dir='ltr'><strong>horis</strong></span> <span class='ocrx_word' id='word_1_257' title='bbox 698 1943 848 1970; x_wconf 88' lang='lat' dir='ltr'><strong>secundum</strong></span> <span class='ocrx_word' id='word_1_258' title='bbox 865 1952 921 1972; x_wconf 89' lang='lat' dir='ltr'><strong>me-</strong></span> 
     </span>
    </p>
   </div>
   <div class='ocr_carea' id='block_1_43' title="bbox 134 1982 921 2020">
    <p class='ocr_par' dir='ltr' id='par_1_43' title="bbox 134 1982 921 2020">
     <span class='ocr_line' id='line_1_43' title="bbox 134 1982 921 2020; baseline 0.011 -12"><span class='ocrx_word' id='word_1_259' title='bbox 134 1982 210 2010; x_wconf 89' lang='lat' dir='ltr'><strong>dium</strong></span> <span class='ocrx_word' id='word_1_260' title='bbox 226 1987 335 2011; x_wconf 75' lang='lat' dir='ltr'><strong>ortuu&#39;n</strong></span> <span class='ocrx_word' id='word_1_261' title='bbox 353 1989 471 2020; x_wconf 89' lang='lat' dir='ltr'><strong>tempus.</strong></span> <span class='ocrx_word' id='word_1_262' title='bbox 492 1986 523 2013; x_wconf 86' lang='lat' dir='ltr'><strong>Et</strong></span> <span class='ocrx_word' id='word_1_263' title='bbox 540 1987 636 2015; x_wconf 77' lang='lat' dir='ltr'><strong>rursus</strong></span> <span class='ocrx_word' id='word_1_264' title='bbox 658 1996 720 2015; x_wconf 90' lang='lat' dir='ltr'><strong>cum</strong></span> <span class='ocrx_word' id='word_1_265' title='bbox 749 1989 823 2016; x_wconf 89' lang='lat' dir='ltr'><strong>omni</strong></span> <span class='ocrx_word' id='word_1_266' title='bbox 840 1995 921 2018; x_wconf 90' lang='lat' dir='ltr'><strong>nocte</strong></span> 
     </span>
    </p>
   </div>
   <div class='ocr_carea' id='block_1_44' title="bbox 135 2030 920 2066">
    <p class='ocr_par' dir='ltr' id='par_1_44' title="bbox 135 2030 920 2066">
     <span class='ocr_line' id='line_1_44' title="bbox 135 2030 920 2066; baseline 0.011 -12"><span class='ocrx_word' id='word_1_267' title='bbox 135 2036 181 2055; x_wconf 78' lang='lat' dir='ltr'><strong>sex</strong></span> <span class='ocrx_word' id='word_1_268' title='bbox 194 2030 271 2064; x_wconf 75' lang='lat' dir='ltr'><strong>signa</strong></span> <span class='ocrx_word' id='word_1_269' title='bbox 296 2031 422 2058; x_wconf 89' lang='lat' dir='ltr'><strong>oriantur</strong></span> <span class='ocrx_word' id='word_1_270' title='bbox 439 2032 464 2058; x_wconf 95' lang='lat' dir='ltr'><strong>in</strong></span> <span class='ocrx_word' id='word_1_271' title='bbox 484 2032 558 2060; x_wconf 89' lang='lat' dir='ltr'><strong>horis</strong></span> <span class='ocrx_word' id='word_1_272' title='bbox 573 2034 617 2066; x_wconf 77' lang='lat' dir='ltr'><strong>l2,</strong></span> <span class='ocrx_word' id='word_1_273' title='bbox 637 2034 813 2062; x_wconf 79' lang='lat' dir='ltr'><strong>manifestum</strong></span> <span class='ocrx_word' id='word_1_274' title='bbox 829 2041 871 2063; x_wconf 91' lang='lat' dir='ltr'><strong>cst</strong></span> <span class='ocrx_word' id='word_1_275' title='bbox 887 2045 920 2064; x_wconf 75' lang='lat' dir='ltr'><strong>ex</strong></span> 
     </span>
    </p>
   </div>
   <div class='ocr_carea' id='block_1_45' title="bbox 133 2073 920 2114">
    <p class='ocr_par' dir='ltr' id='par_1_45' title="bbox 133 2073 920 2114">
     <span class='ocr_line' id='line_1_45' title="bbox 133 2073 920 2114; baseline 0.014 -15"><span class='ocrx_word' id='word_1_276' title='bbox 133 2073 242 2107; x_wconf 81' lang='lat' dir='ltr'><strong>iisdem,</strong></span> <span class='ocrx_word' id='word_1_277' title='bbox 258 2077 330 2110; x_wconf 83' lang='lat' dir='ltr'><strong>quod</strong></span> <span class='ocrx_word' id='word_1_278' title='bbox 351 2085 435 2104; x_wconf 90' lang='lat' dir='ltr'><strong>unum</strong></span> <span class='ocrx_word' id='word_1_279' title='bbox 458 2080 566 2114; x_wconf 80' lang='lat' dir='ltr'><strong>signum</strong></span> <span class='ocrx_word' id='word_1_280' title='bbox 584 2080 610 2106; x_wconf 92' lang='lat' dir='ltr'><strong>in</strong></span> <span class='ocrx_word' id='word_1_281' title='bbox 628 2081 736 2109; x_wconf 86' lang='lat' dir='ltr'><strong>duabus</strong></span> <span class='ocrx_word' id='word_1_282' title='bbox 755 2083 829 2110; x_wconf 87' lang='lat' dir='ltr'><strong>horis</strong></span> <span class='ocrx_word' id='word_1_283' title='bbox 846 2083 920 2110; x_wconf 88' lang='lat' dir='ltr'><strong>occi-</strong></span> 
     </span>
    </p>
   </div>
   <div class='ocr_carea' id='block_1_46' title="bbox 134 2120 921 2164">
    <p class='ocr_par' dir='ltr' id='par_1_46' title="bbox 134 2120 921 2164">
     <span class='ocr_line' id='line_1_46' title="bbox 134 2120 921 2164; baseline 0.01 -16"><span class='ocrx_word' id='word_1_284' title='bbox 134 2120 191 2152; x_wconf 73' lang='lat' dir='ltr'><strong>dat.</strong></span> <span class='ocrx_word' id='word_1_285' title='bbox 203 2126 229 2148; x_wconf 89' lang='lat' dir='ltr'><strong>et</strong></span> <span class='ocrx_word' id='word_1_286' title='bbox 247 2121 280 2148; x_wconf 72' lang='lat' dir='ltr'><strong>l2</strong></span> <span class='ocrx_word' id='word_1_287' title='bbox 296 2123 372 2157; x_wconf 79' lang='lat' dir='ltr'><strong>signa</strong></span> <span class='ocrx_word' id='word_1_288' title='bbox 389 2125 523 2156; x_wconf 86' lang='lat' dir='ltr'><strong>oriantur,</strong></span> <span class='ocrx_word' id='word_1_289' title='bbox 534 2129 560 2152; x_wconf 84' lang='lat' dir='ltr'><strong>ct</strong></span> <span class='ocrx_word' id='word_1_290' title='bbox 570 2127 696 2153; x_wconf 82' lang='lat' dir='ltr'><strong>occidant</strong></span> <span class='ocrx_word' id='word_1_291' title='bbox 710 2129 736 2154; x_wconf 90' lang='lat' dir='ltr'><strong>in</strong></span> <span class='ocrx_word' id='word_1_292' title='bbox 753 2128 828 2155; x_wconf 91' lang='lat' dir='ltr'><strong>horis</strong></span> <span class='ocrx_word' id='word_1_293' title='bbox 839 2129 921 2164; x_wconf 70' lang='lat' dir='ltr'><strong>acqui-</strong></span> 
     </span>
    </p>
   </div>
   <div class='ocr_carea' id='block_1_47' title="bbox 133 2166 919 2209">
    <p class='ocr_par' dir='ltr' id='par_1_47' title="bbox 133 2166 919 2209">
     <span class='ocr_line' id='line_1_47' title="bbox 133 2166 919 2209; baseline 0.015 -18"><span class='ocrx_word' id='word_1_294' title='bbox 133 2166 298 2194; x_wconf 87' lang='lat' dir='ltr'><strong>noctialibus</strong></span> <span class='ocrx_word' id='word_1_295' title='bbox 314 2168 364 2201; x_wconf 66' lang='lat'><strong>24,</strong></span> <span class='ocrx_word' id='word_1_296' title='bbox 383 2174 409 2196; x_wconf 92' lang='lat' dir='ltr'><strong>et</strong></span> <span class='ocrx_word' id='word_1_297' title='bbox 425 2171 546 2197; x_wconf 81' lang='lat' dir='ltr'><strong>ninnium</strong></span> <span class='ocrx_word' id='word_1_298' title='bbox 564 2172 703 2206; x_wconf 80' lang='lat' dir='ltr'><strong>signorum</strong></span> <span class='ocrx_word' id='word_1_299' title='bbox 720 2179 825 2209; x_wconf 86' lang='lat' dir='ltr'><strong>tempus</strong></span> <span class='ocrx_word' id='word_1_300' title='bbox 842 2179 919 2203; x_wconf 88' lang='lat' dir='ltr'><strong>ortus</strong></span> 
     </span>
    </p>
   </div>
   <div class='ocr_carea' id='block_1_48' title="bbox 133 2216 917 2256">
    <p class='ocr_par' dir='ltr' id='par_1_48' title="bbox 133 2216 917 2256">
     <span class='ocr_line' id='line_1_48' title="bbox 133 2216 917 2256; baseline 0.011 -17"><span class='ocrx_word' id='word_1_301' title='bbox 133 2217 160 2240; x_wconf 82' lang='lat' dir='ltr'><strong>ct</strong></span> <span class='ocrx_word' id='word_1_302' title='bbox 181 2221 308 2247; x_wconf 88' lang='lat' dir='ltr'><strong>occasus,</strong></span> <span class='ocrx_word' id='word_1_303' title='bbox 336 2216 418 2243; x_wconf 86' lang='lat' dir='ltr'><strong>simul</strong></span> <span class='ocrx_word' id='word_1_304' title='bbox 444 2222 596 2252; x_wconf 86' lang='lat' dir='ltr'><strong>sumptum,</strong></span> <span class='ocrx_word' id='word_1_305' title='bbox 613 2219 648 2246; x_wconf 89' lang='lat' dir='ltr'><strong>sit</strong></span> <span class='ocrx_word' id='word_1_306' title='bbox 669 2221 774 2254; x_wconf 62' lang='lat' dir='ltr'><strong>aequale</strong></span> <span class='ocrx_word' id='word_1_307' title='bbox 802 2222 917 2256; x_wconf 88' lang='lat' dir='ltr'><strong>tempori</strong></span> 
     </span>
    </p>
   </div>
   <div class='ocr_carea' id='block_1_49' title="bbox 133 2259 956 2301">
    <p class='ocr_par' dir='ltr' id='par_1_49' title="bbox 133 2259 956 2301">
     <span class='ocr_line' id='line_1_49' title="bbox 133 2259 956 2301; baseline 0.011 -16"><span class='ocrx_word' id='word_1_308' title='bbox 133 2259 262 2287; x_wconf 88' lang='lat' dir='ltr'><strong>horarum</strong></span> <span class='ocrx_word' id='word_1_309' title='bbox 293 2262 521 2296; x_wconf 68' lang='lat' dir='ltr'><strong>aequinoctialium</strong></span> <span class='ocrx_word' id='word_1_310' title='bbox 533 2264 578 2295; x_wconf 74' lang='grc'><strong>24,</strong></span> <span class='ocrx_word' id='word_1_311' title='bbox 608 2269 636 2292; x_wconf 87' lang='lat' dir='ltr'><strong>et</strong></span> <span class='ocrx_word' id='word_1_312' title='bbox 660 2266 732 2300; x_wconf 85' lang='lat' dir='ltr'><strong>quod</strong></span> <span class='ocrx_word' id='word_1_313' title='bbox 749 2275 917 2301; x_wconf 72' lang='lat' dir='ltr'><strong>qumcunque</strong></span> <span class='ocrx_word' id='word_1_314' title='bbox 934 2262 956 2289; x_wconf 80' lang='lat' dir='ltr'><strong>D</strong></span> 
     </span>
    </p>
   </div>
   <div class='ocr_carea' id='block_1_50' title="bbox 133 2306 918 2344">
    <p class='ocr_par' dir='ltr' id='par_1_50' title="bbox 133 2306 918 2344">
     <span class='ocr_line' id='line_1_50' title="bbox 133 2306 918 2344; baseline 0.01 -11"><span class='ocrx_word' id='word_1_315' title='bbox 133 2306 211 2341; x_wconf 73' lang='lat' dir='ltr'><strong>signa</strong></span> <span class='ocrx_word' id='word_1_316' title='bbox 230 2307 390 2342; x_wconf 68' lang='lat' dir='ltr'><strong>longissimo</strong></span> <span class='ocrx_word' id='word_1_317' title='bbox 405 2313 527 2344; x_wconf 82' lang='lat' dir='ltr'><strong>tempore</strong></span> <span class='ocrx_word' id='word_1_318' title='bbox 539 2310 676 2343; x_wconf 86' lang='lat' dir='ltr'><strong>oriuntur,</strong></span> <span class='ocrx_word' id='word_1_319' title='bbox 698 2319 728 2339; x_wconf 89' lang='lat' dir='ltr'><strong>ea</strong></span> <span class='ocrx_word' id='word_1_320' title='bbox 756 2313 918 2341; x_wconf 80' lang='lat' dir='ltr'><strong>brevissimo</strong></span> 
     </span>
    </p>
   </div>
   <div class='ocr_carea' id='block_1_51' title="bbox 132 2353 918 2395">
    <p class='ocr_par' dir='ltr' id='par_1_51' title="bbox 132 2353 918 2395">
     <span class='ocr_line' id='line_1_51' title="bbox 132 2353 918 2395; baseline 0.013 -17"><span class='ocrx_word' id='word_1_321' title='bbox 132 2356 256 2387; x_wconf 67' lang='lat' dir='ltr'><strong>tempore</strong></span> <span class='ocrx_word' id='word_1_322' title='bbox 275 2353 402 2381; x_wconf 86' lang='lat' dir='ltr'><strong>occidant</strong></span> <span class='ocrx_word' id='word_1_323' title='bbox 423 2362 429 2380; x_wconf 84' lang='lat'>:</span> <span class='ocrx_word' id='word_1_324' title='bbox 447 2364 507 2391; x_wconf 72' lang='lat' dir='ltr'><strong>quae</strong></span> <span class='ocrx_word' id='word_1_325' title='bbox 522 2365 585 2384; x_wconf 80' lang='lat' dir='ltr'><strong>vero</strong></span> <span class='ocrx_word' id='word_1_326' title='bbox 613 2357 777 2386; x_wconf 79' lang='lat' dir='ltr'><strong>brevissimo</strong></span> <span class='ocrx_word' id='word_1_327' title='bbox 795 2363 918 2395; x_wconf 83' lang='lat' dir='ltr'><strong>tempore</strong></span> 
     </span>
    </p>
   </div>
   <div class='ocr_carea' id='block_1_52' title="bbox 132 2398 783 2438">
    <p class='ocr_par' dir='ltr' id='par_1_52' title="bbox 132 2398 783 2438">
     <span class='ocr_line' id='line_1_52' title="bbox 132 2398 783 2438; baseline 0.014 -14"><span class='ocrx_word' id='word_1_328' title='bbox 132 2398 274 2431; x_wconf 87' lang='lat' dir='ltr'><strong>oriuntur,</strong></span> <span class='ocrx_word' id='word_1_329' title='bbox 290 2407 320 2427; x_wconf 87' lang='lat' dir='ltr'><strong>ea</strong></span> <span class='ocrx_word' id='word_1_330' title='bbox 337 2401 496 2436; x_wconf 77' lang='lat' dir='ltr'><strong>longissimo</strong></span> <span class='ocrx_word' id='word_1_331' title='bbox 511 2408 631 2438; x_wconf 84' lang='lat' dir='ltr'><strong>tempore</strong></span> <span class='ocrx_word' id='word_1_332' title='bbox 649 2406 783 2432; x_wconf 84' lang='lat' dir='ltr'><strong>occidant.</strong></span> 
     </span>
    </p>
   </div>
   <div class='ocr_carea' id='block_1_53' title="bbox 401 2470 652 2505">
    <p class='ocr_par' dir='ltr' id='par_1_53' title="bbox 401 2470 652 2505">
     <span class='ocr_line' id='line_1_53' title="bbox 401 2470 652 2505; baseline 0.016 -9"><span class='ocrx_word' id='word_1_333' title='bbox 401 2470 454 2505; x_wconf 75' lang='lat'><strong>18</strong></span> <span class='ocrx_word' id='word_1_334' title='bbox 468 2471 582 2499; x_wconf 80' lang='lat' dir='ltr'><strong>CAPUT</strong></span> <span class='ocrx_word' id='word_1_335' title='bbox 608 2472 652 2501; x_wconf 89' lang='lat' dir='ltr'><strong>Vl.</strong></span> 
     </span>
    </p>
   </div>
   <div class='ocr_carea' id='block_1_54' title="bbox 431 2528 630 2558">
    <p class='ocr_par' dir='ltr' id='par_1_54' title="bbox 431 2528 630 2558">
     <span class='ocr_line' id='line_1_54' title="bbox 431 2528 630 2558; baseline 0.015 -3"><span class='ocrx_word' id='word_1_336' title='bbox 431 2528 469 2556; x_wconf 88' lang='lat' dir='ltr'><strong>Dc</strong></span> <span class='ocrx_word' id='word_1_337' title='bbox 487 2530 630 2558; x_wconf 77' lang='lat' dir='ltr'><strong>mensibus.</strong></span> 
     </span>
    </p>
   </div>
   <div class='ocr_carea' id='block_1_55' title="bbox 165 2594 918 2636">
    <p class='ocr_par' dir='ltr' id='par_1_55' title="bbox 165 2594 918 2636">
     <span class='ocr_line' id='line_1_55' title="bbox 165 2594 918 2636; baseline 0.008 -14"><span class='ocrx_word' id='word_1_338' title='bbox 165 2594 266 2624; x_wconf 81' lang='lat' dir='ltr'><strong>Mensis</strong></span> <span class='ocrx_word' id='word_1_339' title='bbox 281 2600 323 2624; x_wconf 85' lang='lat' dir='ltr'><strong>est</strong></span> <span class='ocrx_word' id='word_1_340' title='bbox 347 2603 453 2633; x_wconf 86' lang='lat' dir='ltr'><strong>tempus</strong></span> <span class='ocrx_word' id='word_1_341' title='bbox 480 2607 495 2626; x_wconf 87' lang='lat' dir='ltr'><strong>a</strong></span> <span class='ocrx_word' id='word_1_342' title='bbox 524 2599 719 2634; x_wconf 84' lang='lat' dir='ltr'><strong>conjunctione</strong></span> <span class='ocrx_word' id='word_1_343' title='bbox 747 2600 780 2627; x_wconf 91' lang='lat' dir='ltr'><strong>ad</strong></span> <span class='ocrx_word' id='word_1_344' title='bbox 804 2601 918 2636; x_wconf 77' lang='lat' dir='ltr'><strong>conjun~</strong></span> 
     </span>
    </p>
   </div>
   <div class='ocr_carea' id='block_1_56' title="bbox 131 2641 916 2681">
    <p class='ocr_par' dir='ltr' id='par_1_56' title="bbox 131 2641 916 2681">
     <span class='ocr_line' id='line_1_56' title="bbox 131 2641 916 2681; baseline 0.009 -14"><span class='ocrx_word' id='word_1_345' title='bbox 131 2641 263 2673; x_wconf 81' lang='lat' dir='ltr'><strong>ctionem,</strong></span> <span class='ocrx_word' id='word_1_346' title='bbox 280 2647 327 2669; x_wconf 85' lang='lat' dir='ltr'><strong>aut</strong></span> <span class='ocrx_word' id='word_1_347' title='bbox 340 2651 354 2670; x_wconf 84' lang='lat' dir='ltr'><strong>a</strong></span> <span class='ocrx_word' id='word_1_348' title='bbox 371 2644 521 2678; x_wconf 84' lang='lat' dir='ltr'><strong>plcnilunio</strong></span> <span class='ocrx_word' id='word_1_349' title='bbox 536 2645 570 2672; x_wconf 88' lang='lat' dir='ltr'><strong>ad</strong></span> <span class='ocrx_word' id='word_1_350' title='bbox 590 2646 780 2681; x_wconf 83' lang='lat' dir='ltr'><strong>plenilunium.</strong></span> <span class='ocrx_word' id='word_1_351' title='bbox 797 2646 843 2674; x_wconf 84' lang='lat' dir='ltr'><strong>Est</strong></span> <span class='ocrx_word' id='word_1_352' title='bbox 867 2655 916 2674; x_wconf 90' lang='lat' dir='ltr'><strong>au-</strong></span> 
     </span>
    </p>
   </div>
   <div class='ocr_carea' id='block_1_57' title="bbox 130 2689 917 2726">
    <p class='ocr_par' dir='ltr' id='par_1_57' title="bbox 130 2689 917 2726">
     <span class='ocr_line' id='line_1_57' title="bbox 130 2689 917 2726; baseline 0.008 -12"><span class='ocrx_word' id='word_1_353' title='bbox 130 2691 185 2714; x_wconf 85' lang='lat' dir='ltr'><strong>tem</strong></span> <span class='ocrx_word' id='word_1_354' title='bbox 199 2689 372 2723; x_wconf 73' lang='lat' dir='ltr'><strong>coniunctio,</strong></span> <span class='ocrx_word' id='word_1_355' title='bbox 385 2698 446 2717; x_wconf 89' lang='lat' dir='ltr'><strong>cum</strong></span> <span class='ocrx_word' id='word_1_356' title='bbox 462 2691 488 2717; x_wconf 94' lang='lat' dir='ltr'><strong>in</strong></span> <span class='ocrx_word' id='word_1_357' title='bbox 501 2691 595 2718; x_wconf 83' lang='lat' dir='ltr'><strong>eadem</strong></span> <span class='ocrx_word' id='word_1_358' title='bbox 621 2696 698 2726; x_wconf 85' lang='lat' dir='ltr'><strong>parte</strong></span> <span class='ocrx_word' id='word_1_359' title='bbox 713 2692 814 2719; x_wconf 77' lang='lat' dir='ltr'><strong>fuerint</strong></span> <span class='ocrx_word' id='word_1_360' title='bbox 831 2693 870 2720; x_wconf 85' lang='lat' dir='ltr'><strong>sol</strong></span> <span class='ocrx_word' id='word_1_361' title='bbox 890 2699 917 2720; x_wconf 87' lang='lat' dir='ltr'><strong>et</strong></span> 
     </span>
    </p>
   </div>
   <div class='ocr_carea' id='block_1_58' title="bbox 130 2733 917 2770">
    <p class='ocr_par' dir='ltr' id='par_1_58' title="bbox 130 2733 917 2770">
     <span class='ocr_line' id='line_1_58' title="bbox 130 2733 917 2770; baseline 0.006 -10"><span class='ocrx_word' id='word_1_362' title='bbox 130 2733 194 2760; x_wconf 88' lang='lat' dir='ltr'><strong>luna</strong></span> <span class='ocrx_word' id='word_1_363' title='bbox 215 2742 221 2759; x_wconf 90' lang='lat'><strong>:</strong></span> <span class='ocrx_word' id='word_1_364' title='bbox 238 2736 309 2770; x_wconf 87' lang='lat' dir='ltr'><strong>quod</strong></span> <span class='ocrx_word' id='word_1_365' title='bbox 325 2735 353 2762; x_wconf 83' lang='lat' dir='ltr'><strong>ﬁt</strong></span> <span class='ocrx_word' id='word_1_366' title='bbox 364 2737 436 2764; x_wconf 90' lang='lat' dir='ltr'><strong>circa</strong></span> <span class='ocrx_word' id='word_1_367' title='bbox 451 2737 621 2764; x_wconf 88' lang='lat' dir='ltr'><strong>tricesimum</strong></span> <span class='ocrx_word' id='word_1_368' title='bbox 638 2737 709 2764; x_wconf 91' lang='lat' dir='ltr'><strong>diem</strong></span> <span class='ocrx_word' id='word_1_369' title='bbox 727 2738 807 2766; x_wconf 66' lang='lat' dir='ltr'><strong>lunm.</strong></span> <span class='ocrx_word' id='word_1_370' title='bbox 824 2737 917 2766; x_wconf 88' lang='lat' dir='ltr'><strong>Pleni-</strong></span> 
     </span>
    </p>
   </div>
   <div class='ocr_carea' id='block_1_59' title="bbox 130 2779 915 2815">
    <p class='ocr_par' dir='ltr' id='par_1_59' title="bbox 130 2779 915 2815">
     <span class='ocr_line' id='line_1_59' title="bbox 130 2779 915 2815; baseline 0.008 -9"><span class='ocrx_word' id='word_1_371' title='bbox 130 2779 235 2807; x_wconf 89' lang='lat' dir='ltr'><strong>lunium</strong></span> <span class='ocrx_word' id='word_1_372' title='bbox 257 2781 369 2815; x_wconf 89' lang='lat' dir='ltr'><strong>dicitur,</strong></span> <span class='ocrx_word' id='word_1_373' title='bbox 387 2790 449 2810; x_wconf 91' lang='lat' dir='ltr'><strong>cum</strong></span> <span class='ocrx_word' id='word_1_374' title='bbox 482 2783 547 2811; x_wconf 84' lang='lat' dir='ltr'><strong>luna</strong></span> <span class='ocrx_word' id='word_1_375' title='bbox 574 2783 725 2810; x_wconf 82' lang='lat' dir='ltr'><strong>secundum</strong></span> <span class='ocrx_word' id='word_1_376' title='bbox 750 2784 915 2812; x_wconf 81' lang='lat' dir='ltr'><strong>diametrum</strong></span> 
     </span>
    </p>
   </div>
   <div class='ocr_carea' id='block_1_60' title="bbox 165 2867 914 2910">
    <p class='ocr_par' dir='ltr' id='par_1_60' title="bbox 165 2867 914 2910">
     <span class='ocr_line' id='line_1_60' title="bbox 165 2867 914 2910; baseline 0.008 -14"><span class='ocrx_word' id='word_1_377' title='bbox 165 2867 220 2904; x_wconf 74' lang='lat'><strong>(30)</strong></span> <span class='ocrx_word' id='word_1_378' title='bbox 310 2871 375 2910; x_wconf 67' lang='grc' dir='ltr'><strong>ὲᾳτι</strong></span> <span class='ocrx_word' id='word_1_379' title='bbox 389 2874 508 2906; x_wconf 82' lang='grc' dir='ltr'><strong>χρόνος.</strong></span> <span class='ocrx_word' id='word_1_380' title='bbox 525 2874 635 2910; x_wconf 86' lang='lat' dir='ltr'><strong>Sextum</strong></span> <span class='ocrx_word' id='word_1_381' title='bbox 648 2874 700 2902; x_wconf 88' lang='lat' dir='ltr'><strong>hoc</strong></span> <span class='ocrx_word' id='word_1_382' title='bbox 711 2879 793 2910; x_wconf 86' lang='lat' dir='ltr'><strong>caput</strong></span> <span class='ocrx_word' id='word_1_383' title='bbox 809 2875 914 2903; x_wconf 86' lang='lat' dir='ltr'><strong>Gemini</strong></span> 
     </span>
    </p>
   </div>
   <div class='ocr_carea' id='block_1_61' title="bbox 128 2902 913 2944">
    <p class='ocr_par' dir='ltr' id='par_1_61' title="bbox 128 2902 913 2944">
     <span class='ocr_line' id='line_1_61' title="bbox 128 2902 913 2944; baseline 0.011 -14"><span class='ocrx_word' id='word_1_384' title='bbox 128 2902 214 2937; x_wconf 69' lang='lat' dir='ltr'><strong>longe</strong></span> <span class='ocrx_word' id='word_1_385' title='bbox 234 2902 416 2934; x_wconf 57' lang='lat' dir='ltr'><strong>utilissimum</strong></span> <span class='ocrx_word' id='word_1_386' title='bbox 435 2902 493 2941; x_wconf 62' lang='lat' dir='ltr'><strong>est;</strong></span> <span class='ocrx_word' id='word_1_387' title='bbox 508 2917 539 2936; x_wconf 84' lang='lat' dir='ltr'><strong>ac</strong></span> <span class='ocrx_word' id='word_1_388' title='bbox 556 2902 772 2944; x_wconf 66' lang='lat' dir='ltr'><strong>pulcherrimum</strong></span> <span class='ocrx_word' id='word_1_389' title='bbox 793 2911 826 2938; x_wconf 86' lang='lat' dir='ltr'><strong>ad</strong></span> <span class='ocrx_word' id='word_1_390' title='bbox 839 2902 913 2939; x_wconf 7' lang='lat' dir='ltr'><strong>Cauni</strong></span> 
     </span>
    </p>
   </div>
   <div class='ocr_carea' id='block_1_62' title="bbox 983 278 1774 315">
    <p class='ocr_par' dir='ltr' id='par_1_62' title="bbox 983 278 1774 315">
     <span class='ocr_line' id='line_1_62' title="bbox 983 278 1774 315; baseline 0.001 -10"><span class='ocrx_word' id='word_1_391' title='bbox 983 279 1030 305; x_wconf 72' lang='grc' dir='ltr'>καὶ</span> <span class='ocrx_word' id='word_1_392' title='bbox 1047 278 1169 314; x_wconf 84' lang='grc' dir='ltr'><strong>Διδύμων</strong></span> <span class='ocrx_word' id='word_1_393' title='bbox 1186 280 1235 315; x_wconf 82' lang='grc' dir='ltr'>μὲν</span> <span class='ocrx_word' id='word_1_394' title='bbox 1252 278 1487 315; x_wconf 85' lang='grc' dir='ltr'>μεσουρανούντων</span> <span class='ocrx_word' id='word_1_395' title='bbox 1507 279 1646 306; x_wconf 81' lang='grc' dir='ltr'><strong>ἀνατέλλει</strong></span> <span class='ocrx_word' id='word_1_396' title='bbox 1666 280 1774 315; x_wconf 75' lang='grc' dir='ltr'>Παρθέ-</span> 
     </span>
    </p>
   </div>
   <div class='ocr_carea' id='block_1_63' title="bbox 982 325 1772 362">
    <p class='ocr_par' dir='ltr' id='par_1_63' title="bbox 982 325 1772 362">
     <span class='ocr_line' id='line_1_63' title="bbox 982 325 1772 362; baseline 0.003 -11"><span class='ocrx_word' id='word_1_397' title='bbox 982 334 1026 357; x_wconf 86' lang='grc' dir='ltr'><strong>νος</strong></span> <span class='ocrx_word' id='word_1_398' title='bbox 1036 334 1043 340; x_wconf 93' lang='grc'><strong>·</strong></span> <span class='ocrx_word' id='word_1_399' title='bbox 1059 326 1197 362; x_wconf 79' lang='grc' dir='ltr'><strong>Καρκίνου</strong></span> <span class='ocrx_word' id='word_1_400' title='bbox 1211 326 1240 353; x_wconf 78' lang='grc' dir='ltr'><strong>δὲ</strong></span> <span class='ocrx_word' id='word_1_401' title='bbox 1259 325 1498 362; x_wconf 76' lang='grc' dir='ltr'>μεσουρανοῦντος,</span> <span class='ocrx_word' id='word_1_402' title='bbox 1512 326 1652 352; x_wconf 72' lang='grc' dir='ltr'><strong>ἀνατέλλει</strong></span> <span class='ocrx_word' id='word_1_403' title='bbox 1670 327 1772 360; x_wconf 79' lang='grc' dir='ltr'>Ζυγός·</span> 
     </span>
    </p>
   </div>
   <div class='ocr_carea' id='block_1_64' title="bbox 982 371 1692 408">
    <p class='ocr_par' dir='ltr' id='par_1_64' title="bbox 982 371 1692 408">
     <span class='ocr_line' id='line_1_64' title="bbox 982 371 1692 408; baseline 0.001 -11"><span class='ocrx_word' id='word_1_404' title='bbox 982 373 1011 398; x_wconf 83' lang='grc' dir='ltr'><strong>ἐν</strong></span> <span class='ocrx_word' id='word_1_405' title='bbox 1027 371 1076 406; x_wconf 77' lang='grc' dir='ltr'>ἴσῳ</span> <span class='ocrx_word' id='word_1_406' title='bbox 1091 373 1180 408; x_wconf 82' lang='grc' dir='ltr'>χρόνῳ</span> <span class='ocrx_word' id='word_1_407' title='bbox 1191 372 1366 399; x_wconf 69' lang='grc' dir='ltr'>ἀνατέλλουσι</span> <span class='ocrx_word' id='word_1_408' title='bbox 1383 372 1519 407; x_wconf 82' lang='grc' dir='ltr'>Παρθένος</span> <span class='ocrx_word' id='word_1_409' title='bbox 1532 372 1579 399; x_wconf 72' lang='grc' dir='ltr'>καὶ</span> <span class='ocrx_word' id='word_1_410' title='bbox 1596 373 1692 406; x_wconf 83' lang='grc' dir='ltr'>Ζυγός,</span> 
     </span>
    </p>
   </div>
   <div class='ocr_carea' id='block_1_65' title="bbox 1017 418 1772 455">
    <p class='ocr_par' dir='ltr' id='par_1_65' title="bbox 1017 418 1772 455">
     <span class='ocr_line' id='line_1_65' title="bbox 1017 418 1772 455; baseline 0 -11"><span class='ocrx_word' id='word_1_411' title='bbox 1017 419 1072 445; x_wconf 74' lang='grc' dir='ltr'><strong>Καὶ</strong></span> <span class='ocrx_word' id='word_1_412' title='bbox 1093 419 1154 445; x_wconf 72' lang='grc' dir='ltr'>ἐπεὶ</span> <span class='ocrx_word' id='word_1_413' title='bbox 1168 419 1312 455; x_wconf 77' lang='grc' dir='ltr'><strong>ὀρθότατος</strong></span> <span class='ocrx_word' id='word_1_414' title='bbox 1327 420 1431 453; x_wconf 86' lang='grc' dir='ltr'>γίνεται</span> <span class='ocrx_word' id='word_1_415' title='bbox 1447 420 1461 446; x_wconf 84' lang='grc' dir='ltr'>ὁ</span> <span class='ocrx_word' id='word_1_416' title='bbox 1475 419 1528 445; x_wconf 76' lang='grc' dir='ltr'>τῶν</span> <span class='ocrx_word' id='word_1_417' title='bbox 1542 418 1644 451; x_wconf 82' lang='grc' dir='ltr'>ζωδίων</span> <span class='ocrx_word' id='word_1_418' title='bbox 1661 419 1772 451; x_wconf 82' lang='grc' dir='ltr'><strong>κύκλος,</strong></span> 
     </span>
    </p>
   </div>
   <div class='ocr_carea' id='block_1_66' title="bbox 981 464 1772 502">
    <p class='ocr_par' dir='ltr' id='par_1_66' title="bbox 981 464 1772 502">
     <span class='ocr_line' id='line_1_66' title="bbox 981 464 1772 502; baseline 0.001 -11"><span class='ocrx_word' id='word_1_419' title='bbox 981 464 1099 500; x_wconf 81' lang='grc' dir='ltr'>Διδύμου</span> <span class='ocrx_word' id='word_1_420' title='bbox 1112 466 1159 492; x_wconf 79' lang='grc' dir='ltr'><strong>καὶ</strong></span> <span class='ocrx_word' id='word_1_421' title='bbox 1179 466 1317 501; x_wconf 79' lang='grc' dir='ltr'><strong>Καρκίνου</strong></span> <span class='ocrx_word' id='word_1_422' title='bbox 1342 466 1590 502; x_wconf 83' lang='grc' dir='ltr'>μεσουρανούντων,</span> <span class='ocrx_word' id='word_1_423' title='bbox 1607 466 1637 492; x_wconf 85' lang='grc' dir='ltr'>ἐν</span> <span class='ocrx_word' id='word_1_424' title='bbox 1652 466 1772 502; x_wconf 78' lang='grc' dir='ltr'><strong>πλείστῳ</strong></span> 
     </span>
    </p>
   </div>
   <div class='ocr_carea' id='block_1_67' title="bbox 982 511 1771 548">
    <p class='ocr_par' dir='ltr' id='par_1_67' title="bbox 982 511 1771 548">
     <span class='ocr_line' id='line_1_67' title="bbox 982 511 1771 548; baseline 0.003 -11"><span class='ocrx_word' id='word_1_425' title='bbox 982 511 1070 546; x_wconf 79' lang='grc' dir='ltr'>χρόνῳ</span> <span class='ocrx_word' id='word_1_426' title='bbox 1087 511 1259 538; x_wconf 83' lang='grc' dir='ltr'>ἀνατέλλουσι</span> <span class='ocrx_word' id='word_1_427' title='bbox 1272 512 1408 548; x_wconf 82' lang='grc' dir='ltr'>Παρθένος</span> <span class='ocrx_word' id='word_1_428' title='bbox 1424 513 1470 538; x_wconf 74' lang='grc' dir='ltr'>καὶ</span> <span class='ocrx_word' id='word_1_429' title='bbox 1482 512 1577 546; x_wconf 79' lang='grc' dir='ltr'>Ζυγδς,</span> <span class='ocrx_word' id='word_1_430' title='bbox 1589 514 1636 539; x_wconf 75' lang='grc' dir='ltr'><strong>καὶ</strong></span> <span class='ocrx_word' id='word_1_431' title='bbox 1646 513 1676 539; x_wconf 78' lang='grc' dir='ltr'><strong>οὐ</strong></span> <span class='ocrx_word' id='word_1_432' title='bbox 1691 513 1771 547; x_wconf 85' lang='grc' dir='ltr'>μόνον</span> 
     </span>
    </p>
   </div>
   <div class='ocr_carea' id='block_1_68' title="bbox 981 557 1626 595">
    <p class='ocr_par' dir='ltr' id='par_1_68' title="bbox 981 557 1626 595">
     <span class='ocr_line' id='line_1_68' title="bbox 981 557 1626 595; baseline 0.006 -12"><span class='ocrx_word' id='word_1_433' title='bbox 981 558 1010 583; x_wconf 87' lang='grc' dir='ltr'>αἱ</span> <span class='ocrx_word' id='word_1_434' title='bbox 1028 557 1127 593; x_wconf 74' lang='grc' dir='ltr'>Χηλαὶ,</span> <span class='ocrx_word' id='word_1_435' title='bbox 1141 558 1267 595; x_wconf 80' lang='grc' dir='ltr'>καθάπερ</span> <span class='ocrx_word' id='word_1_436' title='bbox 1283 559 1306 584; x_wconf 78' lang='grc' dir='ltr'>οἱ</span> <span class='ocrx_word' id='word_1_437' title='bbox 1320 559 1428 594; x_wconf 79' lang='grc' dir='ltr'>ἀρχαῖοι</span> <span class='ocrx_word' id='word_1_438' title='bbox 1438 559 1626 594; x_wconf 74' lang='grc' dir='ltr'>διελάμϐανον.</span> 
     </span>
    </p>
   </div>
   <div class='ocr_carea' id='block_1_69' title="bbox 1015 603 1770 641">
    <p class='ocr_par' dir='ltr' id='par_1_69' title="bbox 1015 603 1770 641">
     <span class='ocr_line' id='line_1_69' title="bbox 1015 603 1770 641; baseline 0.003 -11"><span class='ocrx_word' id='word_1_439' title='bbox 1015 604 1099 631; x_wconf 85' lang='grc' dir='ltr'>Πάλιν</span> <span class='ocrx_word' id='word_1_440' title='bbox 1117 604 1145 630; x_wconf 82' lang='grc' dir='ltr'><strong>δὲ</strong></span> <span class='ocrx_word' id='word_1_441' title='bbox 1165 603 1226 630; x_wconf 75' lang='grc' dir='ltr'>ἐπεὶ</span> <span class='ocrx_word' id='word_1_442' title='bbox 1241 603 1359 640; x_wconf 82' lang='grc' dir='ltr'><strong>Τοξότης</strong></span> <span class='ocrx_word' id='word_1_443' title='bbox 1379 605 1426 630; x_wconf 78' lang='grc' dir='ltr'>καὶ</span> <span class='ocrx_word' id='word_1_444' title='bbox 1441 604 1597 640; x_wconf 79' lang='grc' dir='ltr'>Αίγόκερως</span> <span class='ocrx_word' id='word_1_445' title='bbox 1614 605 1664 641; x_wconf 86' lang='grc' dir='ltr'>τὴν</span> <span class='ocrx_word' id='word_1_446' title='bbox 1686 606 1770 641; x_wconf 77' lang='grc' dir='ltr'>αὐτὴν</span> 
     </span>
    </p>
   </div>
   <div class='ocr_carea' id='block_1_70' title="bbox 979 649 1769 686">
    <p class='ocr_par' dir='ltr' id='par_1_70' title="bbox 979 649 1769 686">
     <span class='ocr_line' id='line_1_70' title="bbox 979 649 1769 686; baseline 0.001 -10"><span class='ocrx_word' id='word_1_447' title='bbox 979 650 1100 684; x_wconf 76' lang='grc' dir='ltr'><strong>ἔγκλισιν</strong></span> <span class='ocrx_word' id='word_1_448' title='bbox 1117 650 1207 685; x_wconf 74' lang='grc' dir='ltr'>ἔχουσι</span> <span class='ocrx_word' id='word_1_449' title='bbox 1227 649 1295 686; x_wconf 71' lang='grc' dir='ltr'>πρὸς</span> <span class='ocrx_word' id='word_1_450' title='bbox 1313 650 1358 676; x_wconf 78' lang='grc' dir='ltr'>τὸν</span> <span class='ocrx_word' id='word_1_451' title='bbox 1372 649 1495 685; x_wconf 78' lang='grc' dir='ltr'>ὁρίζοντα</span> <span class='ocrx_word' id='word_1_452' title='bbox 1506 671 1513 683; x_wconf 91' lang='grc'><strong>,</strong></span> <span class='ocrx_word' id='word_1_453' title='bbox 1526 650 1573 677; x_wconf 73' lang='grc' dir='ltr'><strong>καὶ</strong></span> <span class='ocrx_word' id='word_1_454' title='bbox 1588 651 1703 683; x_wconf 82' lang='grc' dir='ltr'>Τοξότου</span> <span class='ocrx_word' id='word_1_455' title='bbox 1721 661 1769 686; x_wconf 64' lang='grc' dir='ltr'>με»</span> 
     </span>
    </p>
   </div>
   <div class='ocr_carea' id='block_1_71' title="bbox 981 695 1767 732">
    <p class='ocr_par' dir='ltr' id='par_1_71' title="bbox 981 695 1767 732">
     <span class='ocr_line' id='line_1_71' title="bbox 981 695 1767 732; baseline 0.001 -10"><span class='ocrx_word' id='word_1_456' title='bbox 981 695 1190 732; x_wconf 82' lang='grc' dir='ltr'>σουρανοῠντος,</span> <span class='ocrx_word' id='word_1_457' title='bbox 1212 695 1401 723; x_wconf 82' lang='grc' dir='ltr'>ἀνατέλλουσιν</span> <span class='ocrx_word' id='word_1_458' title='bbox 1422 696 1523 730; x_wconf 82' lang='grc' dir='ltr'>Ίχθύες</span> <span class='ocrx_word' id='word_1_459' title='bbox 1535 717 1542 729; x_wconf 82' lang='grc'><em>,</em></span> <span class='ocrx_word' id='word_1_460' title='bbox 1559 697 1632 723; x_wconf 79' lang='grc' dir='ltr'>δύνει</span> <span class='ocrx_word' id='word_1_461' title='bbox 1651 697 1679 723; x_wconf 83' lang='grc' dir='ltr'>δὲ</span> <span class='ocrx_word' id='word_1_462' title='bbox 1694 698 1767 732; x_wconf 83' lang='grc' dir='ltr'>Παρ-</span> 
     </span>
    </p>
   </div>
   <div class='ocr_carea' id='block_1_72' title="bbox 979 737 1770 780">
    <p class='ocr_par' dir='ltr' id='par_1_72' title="bbox 979 737 1770 780">
     <span class='ocr_line' id='line_1_72' title="bbox 979 737 1770 780; baseline 0.004 -12"><span class='ocrx_word' id='word_1_463' title='bbox 979 742 1054 774; x_wconf 87' lang='grc' dir='ltr'>Θένος</span> <span class='ocrx_word' id='word_1_464' title='bbox 1067 750 1073 757; x_wconf 92' lang='grc'><strong>·</strong></span> <span class='ocrx_word' id='word_1_465' title='bbox 1093 742 1234 778; x_wconf 78' lang='grc' dir='ltr'>Αίγόκερω</span> <span class='ocrx_word' id='word_1_466' title='bbox 1253 742 1281 768; x_wconf 78' lang='grc' dir='ltr'>δὲ</span> <span class='ocrx_word' id='word_1_467' title='bbox 1297 743 1528 778; x_wconf 82' lang='grc' dir='ltr'>μεσουρανοῦντος</span> <span class='ocrx_word' id='word_1_468' title='bbox 1539 763 1545 775; x_wconf 87' lang='grc'><strong>,</strong></span> <span class='ocrx_word' id='word_1_469' title='bbox 1562 744 1701 770; x_wconf 79' lang='grc' dir='ltr'>ἀνατέλλει</span> <span class='ocrx_word' id='word_1_470' title='bbox 1720 737 1770 780; x_wconf 77' lang='grc' dir='ltr'><strong>μὲν</strong></span> 
     </span>
    </p>
   </div>
   <div class='ocr_carea' id='block_1_73' title="bbox 978 787 1770 823">
    <p class='ocr_par' dir='ltr' id='par_1_73' title="bbox 978 787 1770 823">
     <span class='ocr_line' id='line_1_73' title="bbox 978 787 1770 823; baseline 0.005 -10"><span class='ocrx_word' id='word_1_471' title='bbox 978 787 1073 823; x_wconf 68' lang='grc' dir='ltr'>Κριὸς,</span> <span class='ocrx_word' id='word_1_472' title='bbox 1091 787 1163 814; x_wconf 80' lang='grc' dir='ltr'><strong>δύνει</strong></span> <span class='ocrx_word' id='word_1_473' title='bbox 1185 787 1213 814; x_wconf 81' lang='grc' dir='ltr'><strong>δὲ</strong></span> <span class='ocrx_word' id='word_1_474' title='bbox 1237 788 1340 822; x_wconf 72' lang='grc' dir='ltr'>Ζυγος,</span> <span class='ocrx_word' id='word_1_475' title='bbox 1355 789 1402 814; x_wconf 79' lang='grc' dir='ltr'><strong>καὶ</strong></span> <span class='ocrx_word' id='word_1_476' title='bbox 1422 788 1526 822; x_wconf 84' lang='grc' dir='ltr'>γίνεται</span> <span class='ocrx_word' id='word_1_477' title='bbox 1546 790 1740 822; x_wconf 76' lang='grc' dir='ltr'><strong>ταπεινότατος</strong></span> <span class='ocrx_word' id='word_1_478' title='bbox 1756 792 1770 817; x_wconf 76' lang='grc' dir='ltr'><strong><em>ὁ</em></strong></span> 
     </span>
    </p>
   </div>
   <div class='ocr_carea' id='block_1_74' title="bbox 977 833 1771 872">
    <p class='ocr_par' dir='ltr' id='par_1_74' title="bbox 977 833 1771 872">
     <span class='ocr_line' id='line_1_74' title="bbox 977 833 1771 872; baseline 0.005 -12"><span class='ocrx_word' id='word_1_479' title='bbox 977 833 1032 860; x_wconf 70' lang='grc' dir='ltr'><strong>τῶν</strong></span> <span class='ocrx_word' id='word_1_480' title='bbox 1055 833 1156 866; x_wconf 77' lang='grc' dir='ltr'>ζωδίων</span> <span class='ocrx_word' id='word_1_481' title='bbox 1174 834 1287 866; x_wconf 82' lang='grc' dir='ltr'>κύκλος,</span> <span class='ocrx_word' id='word_1_482' title='bbox 1308 835 1421 868; x_wconf 71' lang='grc' dir='ltr'>Τοξέτου</span> <span class='ocrx_word' id='word_1_483' title='bbox 1445 837 1492 862; x_wconf 78' lang='grc' dir='ltr'><strong>καὶ</strong></span> <span class='ocrx_word' id='word_1_484' title='bbox 1511 837 1652 872; x_wconf 75' lang='grc' dir='ltr'>Αίγόκερω</span> <span class='ocrx_word' id='word_1_485' title='bbox 1669 846 1771 872; x_wconf 84' lang='grc' dir='ltr'>μεσου-</span> 
     </span>
    </p>
   </div>
   <div class='ocr_carea' id='block_1_75' title="bbox 982 880 1769 919">
    <p class='ocr_par' dir='ltr' id='par_1_75' title="bbox 982 880 1769 919">
     <span class='ocr_line' id='line_1_75' title="bbox 982 880 1769 919; baseline 0.008 -13"><span class='ocrx_word' id='word_1_486' title='bbox 982 880 1147 915; x_wconf 75' lang='grc' dir='ltr'>ρανοῦντων·</span> <span class='ocrx_word' id='word_1_487' title='bbox 1163 883 1191 907; x_wconf 80' lang='grc' dir='ltr'>ἐν</span> <span class='ocrx_word' id='word_1_488' title='bbox 1205 881 1339 917; x_wconf 70' lang='grc' dir='ltr'>ἐλαχίστῳ</span> <span class='ocrx_word' id='word_1_489' title='bbox 1350 883 1437 918; x_wconf 80' lang='grc' dir='ltr'>χρόνῳ</span> <span class='ocrx_word' id='word_1_490' title='bbox 1453 883 1559 910; x_wconf 85' lang='grc' dir='ltr'>δύνουσι</span> <span class='ocrx_word' id='word_1_491' title='bbox 1571 884 1708 919; x_wconf 83' lang='grc' dir='ltr'>Παρθένος</span> <span class='ocrx_word' id='word_1_492' title='bbox 1723 885 1769 912; x_wconf 75' lang='grc' dir='ltr'>καὶ</span> 
     </span>
    </p>
   </div>
   <div class='ocr_carea' id='block_1_76' title="bbox 979 927 1074 961">
    <p class='ocr_par' dir='ltr' id='par_1_76' title="bbox 979 927 1074 961">
     <span class='ocr_line' id='line_1_76' title="bbox 979 927 1074 961; baseline 0.011 -8"><span class='ocrx_word' id='word_1_493' title='bbox 979 927 1074 961; x_wconf 77' lang='grc' dir='ltr'>Ζυγός.</span> 
     </span>
    </p>
   </div>
   <div class='ocr_carea' id='block_1_77' title="bbox 1015 973 1768 1012">
    <p class='ocr_par' dir='ltr' id='par_1_77' title="bbox 1015 973 1768 1012">
     <span class='ocr_line' id='line_1_77' title="bbox 1015 973 1768 1012; baseline 0.008 -13"><span class='ocrx_word' id='word_1_494' title='bbox 1015 973 1098 1000; x_wconf 71' lang='grc' dir='ltr'>Πάλιν</span> <span class='ocrx_word' id='word_1_495' title='bbox 1122 974 1149 1000; x_wconf 72' lang='grc' dir='ltr'>δὲ</span> <span class='ocrx_word' id='word_1_496' title='bbox 1174 974 1234 1001; x_wconf 74' lang='grc' dir='ltr'>ἐπεὶ</span> <span class='ocrx_word' id='word_1_497' title='bbox 1255 975 1363 1010; x_wconf 79' lang='grc' dir='ltr'><strong>Ἰχθύων</strong></span> <span class='ocrx_word' id='word_1_498' title='bbox 1386 977 1625 1012; x_wconf 84' lang='grc' dir='ltr'>μεσουρανούντων</span> <span class='ocrx_word' id='word_1_499' title='bbox 1654 979 1768 1005; x_wconf 76' lang='grc' dir='ltr'>ἀνατέλ-</span> 
     </span>
    </p>
   </div>
   <div class='ocr_carea' id='block_1_78' title="bbox 978 1019 1768 1058">
    <p class='ocr_par' dir='ltr' id='par_1_78' title="bbox 978 1019 1768 1058">
     <span class='ocr_line' id='line_1_78' title="bbox 978 1019 1768 1058; baseline 0.009 -13"><span class='ocrx_word' id='word_1_500' title='bbox 978 1019 1053 1046; x_wconf 71' lang='grc' dir='ltr'>λουσι</span> <span class='ocrx_word' id='word_1_501' title='bbox 1081 1020 1212 1055; x_wconf 79' lang='grc' dir='ltr'>Δίδυμοι,</span> <span class='ocrx_word' id='word_1_502' title='bbox 1247 1022 1331 1057; x_wconf 82' lang='grc' dir='ltr'>Κριοῦ</span> <span class='ocrx_word' id='word_1_503' title='bbox 1366 1024 1596 1058; x_wconf 77' lang='grc' dir='ltr'>μεσουρανοῦντος</span> <span class='ocrx_word' id='word_1_504' title='bbox 1628 1025 1768 1052; x_wconf 64' lang='grc' dir='ltr'>ἀνατέλλει</span> 
     </span>
    </p>
   </div>
   <div class='ocr_carea' id='block_1_79' title="bbox 978 1066 1767 1107">
    <p class='ocr_par' dir='ltr' id='par_1_79' title="bbox 978 1066 1767 1107">
     <span class='ocr_line' id='line_1_79' title="bbox 978 1066 1767 1107; baseline 0.01 -16"><span class='ocrx_word' id='word_1_505' title='bbox 978 1066 1134 1101; x_wconf 71' lang='grc' dir='ltr'>Καρκίνος,</span> <span class='ocrx_word' id='word_1_506' title='bbox 1160 1066 1267 1102; x_wconf 76' lang='grc' dir='ltr'>Ἰχθύων</span> <span class='ocrx_word' id='word_1_507' title='bbox 1289 1068 1317 1095; x_wconf 79' lang='grc' dir='ltr'>δὲ</span> <span class='ocrx_word' id='word_1_508' title='bbox 1339 1069 1385 1095; x_wconf 75' lang='grc' dir='ltr'><strong>καὶ</strong></span> <span class='ocrx_word' id='word_1_509' title='bbox 1407 1069 1493 1105; x_wconf 78' lang='grc' dir='ltr'>Κριοῦ</span> <span class='ocrx_word' id='word_1_510' title='bbox 1516 1071 1767 1107; x_wconf 76' lang='grc' dir='ltr'>μεσουρανούντων,</span> 
     </span>
    </p>
   </div>
   <div class='ocr_carea' id='block_1_80' title="bbox 980 1112 1767 1154">
    <p class='ocr_par' dir='ltr' id='par_1_80' title="bbox 980 1112 1767 1154">
     <span class='ocr_line' id='line_1_80' title="bbox 980 1112 1767 1154; baseline 0.011 -17"><span class='ocrx_word' id='word_1_511' title='bbox 980 1112 1064 1147; x_wconf 79' lang='grc' dir='ltr'>μέσην</span> <span class='ocrx_word' id='word_1_512' title='bbox 1080 1113 1200 1147; x_wconf 73' lang='grc' dir='ltr'><strong>ἔγκλισιν</strong></span> <span class='ocrx_word' id='word_1_513' title='bbox 1218 1114 1274 1149; x_wconf 71' lang='grc' dir='ltr'>ἔχει</span> <span class='ocrx_word' id='word_1_514' title='bbox 1291 1116 1305 1141; x_wconf 85' lang='grc' dir='ltr'><strong>ό</strong></span> <span class='ocrx_word' id='word_1_515' title='bbox 1325 1115 1457 1148; x_wconf 79' lang='grc' dir='ltr'><strong>ζωδιακὸς</strong></span> <span class='ocrx_word' id='word_1_516' title='bbox 1471 1117 1585 1149; x_wconf 85' lang='grc' dir='ltr'>κύκλος·</span> <span class='ocrx_word' id='word_1_517' title='bbox 1606 1119 1687 1154; x_wconf 81' lang='grc' dir='ltr'>μέσον</span> <span class='ocrx_word' id='word_1_518' title='bbox 1712 1119 1767 1154; x_wconf 81' lang='grc' dir='ltr'>ἄρα</span> 
     </span>
    </p>
   </div>
   <div class='ocr_carea' id='block_1_81' title="bbox 977 1158 1767 1200">
    <p class='ocr_par' dir='ltr' id='par_1_81' title="bbox 977 1158 1767 1200">
     <span class='ocr_line' id='line_1_81' title="bbox 977 1158 1767 1200; baseline 0.009 -16"><span class='ocrx_word' id='word_1_519' title='bbox 977 1158 1071 1192; x_wconf 83' lang='grc' dir='ltr'>χρόνον</span> <span class='ocrx_word' id='word_1_520' title='bbox 1083 1159 1131 1194; x_wconf 80' lang='grc' dir='ltr'><strong>τῆς</strong></span> <span class='ocrx_word' id='word_1_521' title='bbox 1146 1159 1277 1195; x_wconf 78' lang='grc' dir='ltr'>ἀνατολῆς</span> <span class='ocrx_word' id='word_1_522' title='bbox 1293 1161 1448 1196; x_wconf 76' lang='grc' dir='ltr'><strong>περιέχουσι</strong></span> <span class='ocrx_word' id='word_1_523' title='bbox 1463 1163 1572 1198; x_wconf 83' lang='grc' dir='ltr'>Δίδυμοι</span> <span class='ocrx_word' id='word_1_524' title='bbox 1593 1164 1640 1190; x_wconf 77' lang='grc' dir='ltr'><strong>καὶ</strong></span> <span class='ocrx_word' id='word_1_525' title='bbox 1661 1164 1767 1200; x_wconf 80' lang='grc' dir='ltr'>Καρκί-</span> 
     </span>
    </p>
   </div>
   <div class='ocr_carea' id='block_1_82' title="bbox 977 1205 1556 1244">
    <p class='ocr_par' dir='ltr' id='par_1_82' title="bbox 977 1205 1556 1244">
     <span class='ocr_line' id='line_1_82' title="bbox 977 1205 1556 1244; baseline 0.01 -14"><span class='ocrx_word' id='word_1_526' title='bbox 977 1213 1031 1237; x_wconf 81' lang='grc' dir='ltr'>νος,</span> <span class='ocrx_word' id='word_1_527' title='bbox 1044 1205 1147 1237; x_wconf 85' lang='grc' dir='ltr'>δύσεως</span> <span class='ocrx_word' id='word_1_528' title='bbox 1161 1206 1189 1232; x_wconf 79' lang='grc' dir='ltr'>δὲ</span> <span class='ocrx_word' id='word_1_529' title='bbox 1206 1206 1322 1242; x_wconf 78' lang='grc' dir='ltr'>Τοξότης</span> <span class='ocrx_word' id='word_1_530' title='bbox 1335 1208 1382 1234; x_wconf 75' lang='grc' dir='ltr'>καὶ</span> <span class='ocrx_word' id='word_1_531' title='bbox 1391 1208 1556 1244; x_wconf 79' lang='grc' dir='ltr'>Αίγόκερως.</span> 
     </span>
    </p>
   </div>
   <div class='ocr_carea' id='block_1_83' title="bbox 1017 1296 1770 1338">
    <p class='ocr_par' dir='ltr' id='par_1_83' title="bbox 1017 1296 1770 1338">
     <span class='ocr_line' id='line_1_83' title="bbox 1017 1296 1770 1338; baseline 0.008 -15"><span class='ocrx_word' id='word_1_532' title='bbox 1017 1296 1134 1332; x_wconf 78' lang='grc' dir='ltr'>Ὁμοίως</span> <span class='ocrx_word' id='word_1_533' title='bbox 1144 1297 1172 1323; x_wconf 80' lang='grc' dir='ltr'>δὲ</span> <span class='ocrx_word' id='word_1_534' title='bbox 1188 1298 1249 1324; x_wconf 59' lang='grc' dir='ltr'><strong>ἐπεὶ¹</strong></span> <span class='ocrx_word' id='word_1_535' title='bbox 1260 1298 1398 1333; x_wconf 75' lang='grc' dir='ltr'>Παρθένου</span> <span class='ocrx_word' id='word_1_536' title='bbox 1412 1300 1458 1326; x_wconf 73' lang='grc' dir='ltr'>καὶ</span> <span class='ocrx_word' id='word_1_537' title='bbox 1471 1300 1567 1336; x_wconf 78' lang='grc' dir='ltr'>Χηλῶν</span> <span class='ocrx_word' id='word_1_538' title='bbox 1582 1310 1770 1338; x_wconf 68' lang='grc' dir='ltr'>μεσουρανουι</span> 
     </span>
    </p>
   </div>
   <div class='ocr_carea' id='block_1_84' title="bbox 977 1343 1764 1382">
    <p class='ocr_par' dir='ltr' id='par_1_84' title="bbox 977 1343 1764 1382">
     <span class='ocr_line' id='line_1_84' title="bbox 977 1343 1764 1382; baseline 0.008 -12"><span class='ocrx_word' id='word_1_539' title='bbox 977 1343 1031 1370; x_wconf 86' lang='grc' dir='ltr'>σῶν</span> <span class='ocrx_word' id='word_1_540' title='bbox 1042 1344 1129 1380; x_wconf 80' lang='grc' dir='ltr'>μέσην</span> <span class='ocrx_word' id='word_1_541' title='bbox 1145 1345 1264 1379; x_wconf 72' lang='grc' dir='ltr'>ἔγκλισιν</span> <span class='ocrx_word' id='word_1_542' title='bbox 1280 1343 1350 1381; x_wconf 68' lang='grc' dir='ltr'>ἔχειν</span> <span class='ocrx_word' id='word_1_543' title='bbox 1361 1346 1468 1381; x_wconf 78' lang='grc' dir='ltr'>λέγεται</span> <span class='ocrx_word' id='word_1_544' title='bbox 1483 1349 1496 1374; x_wconf 85' lang='grc' dir='ltr'><strong>ό</strong></span> <span class='ocrx_word' id='word_1_545' title='bbox 1509 1348 1641 1381; x_wconf 73' lang='grc' dir='ltr'><strong>ζωδιακὸς</strong></span> <span class='ocrx_word' id='word_1_546' title='bbox 1654 1349 1764 1382; x_wconf 79' lang='grc' dir='ltr'>κύκλος,</span> 
     </span>
    </p>
   </div>
   <div class='ocr_carea' id='block_1_85' title="bbox 975 1390 1762 1431">
    <p class='ocr_par' dir='ltr' id='par_1_85' title="bbox 975 1390 1762 1431">
     <span class='ocr_line' id='line_1_85' title="bbox 975 1390 1762 1431; baseline 0.009 -16"><span class='ocrx_word' id='word_1_547' title='bbox 975 1390 1022 1416; x_wconf 75' lang='grc' dir='ltr'>καὶ</span> <span class='ocrx_word' id='word_1_548' title='bbox 1031 1390 1167 1426; x_wconf 78' lang='grc' dir='ltr'><strong>Παρθένου</strong></span> <span class='ocrx_word' id='word_1_549' title='bbox 1182 1392 1412 1428; x_wconf 81' lang='grc' dir='ltr'>μεσουρανούσης,</span> <span class='ocrx_word' id='word_1_550' title='bbox 1422 1393 1560 1420; x_wconf 80' lang='grc' dir='ltr'>ἀνατέλλει</span> <span class='ocrx_word' id='word_1_551' title='bbox 1575 1394 1624 1429; x_wconf 83' lang='grc' dir='ltr'><strong>μὲν</strong></span> <span class='ocrx_word' id='word_1_552' title='bbox 1634 1395 1762 1431; x_wconf 75' lang='grc' dir='ltr'><strong>Τοξότης,</strong></span> 
     </span>
    </p>
   </div>
   <div class='ocr_carea' id='block_1_86' title="bbox 975 1437 1766 1478">
    <p class='ocr_par' dir='ltr' id='par_1_86' title="bbox 975 1437 1766 1478">
     <span class='ocr_line' id='line_1_86' title="bbox 975 1437 1766 1478; baseline 0.009 -15"><span class='ocrx_word' id='word_1_553' title='bbox 975 1437 1081 1464; x_wconf 83' lang='grc' dir='ltr'>δύνουσι</span> <span class='ocrx_word' id='word_1_554' title='bbox 1097 1438 1126 1464; x_wconf 78' lang='grc' dir='ltr'>δὲ</span> <span class='ocrx_word' id='word_1_555' title='bbox 1149 1439 1258 1474; x_wconf 80' lang='grc' dir='ltr'>Δίδυμοι</span> <span class='ocrx_word' id='word_1_556' title='bbox 1270 1448 1277 1454; x_wconf 91' lang='grc'><strong>·</strong></span> <span class='ocrx_word' id='word_1_557' title='bbox 1295 1440 1393 1476; x_wconf 85' lang='grc' dir='ltr'>Χηλῶν</span> <span class='ocrx_word' id='word_1_558' title='bbox 1410 1441 1437 1467; x_wconf 83' lang='grc' dir='ltr'>δὲ</span> <span class='ocrx_word' id='word_1_559' title='bbox 1460 1443 1684 1478; x_wconf 82' lang='grc' dir='ltr'>μεσουρανουσῶν</span> <span class='ocrx_word' id='word_1_560' title='bbox 1699 1444 1766 1470; x_wconf 84' lang='grc' dir='ltr'>ἀνα-</span> 
     </span>
    </p>
   </div>
   <div class='ocr_carea' id='block_1_87' title="bbox 975 1483 1767 1524">
    <p class='ocr_par' dir='ltr' id='par_1_87' title="bbox 975 1483 1767 1524">
     <span class='ocr_line' id='line_1_87' title="bbox 975 1483 1767 1524; baseline 0.006 -14"><span class='ocrx_word' id='word_1_561' title='bbox 975 1483 1061 1511; x_wconf 82' lang='grc' dir='ltr'>τέλλει</span> <span class='ocrx_word' id='word_1_562' title='bbox 1077 1484 1243 1521; x_wconf 78' lang='grc' dir='ltr'>Δίγόκερως,</span> <span class='ocrx_word' id='word_1_563' title='bbox 1257 1485 1330 1512; x_wconf 81' lang='grc' dir='ltr'>δύνει</span> <span class='ocrx_word' id='word_1_564' title='bbox 1346 1487 1374 1513; x_wconf 76' lang='grc' dir='ltr'>δὲ</span> <span class='ocrx_word' id='word_1_565' title='bbox 1395 1488 1545 1523; x_wconf 82' lang='grc' dir='ltr'>Καρκίνος’</span> <span class='ocrx_word' id='word_1_566' title='bbox 1565 1488 1648 1523; x_wconf 87' lang='grc' dir='ltr'>μέσον</span> <span class='ocrx_word' id='word_1_567' title='bbox 1667 1489 1767 1524; x_wconf 79' lang='grc' dir='ltr'>χρόνον</span> 
     </span>
    </p>
   </div>
   <div class='ocr_carea' id='block_1_88' title="bbox 975 1530 1767 1570">
    <p class='ocr_par' dir='ltr' id='par_1_88' title="bbox 975 1530 1767 1570">
     <span class='ocr_line' id='line_1_88' title="bbox 975 1530 1767 1570; baseline 0.009 -14"><span class='ocrx_word' id='word_1_568' title='bbox 975 1530 1129 1566; x_wconf 78' lang='grc' dir='ltr'><strong>περιέξουσι</strong></span> <span class='ocrx_word' id='word_1_569' title='bbox 1151 1531 1202 1566; x_wconf 82' lang='grc' dir='ltr'>τῆς</span> <span class='ocrx_word' id='word_1_570' title='bbox 1225 1532 1357 1568; x_wconf 80' lang='grc' dir='ltr'>ἀνατολῆς</span> <span class='ocrx_word' id='word_1_571' title='bbox 1381 1533 1497 1569; x_wconf 79' lang='grc' dir='ltr'>Τοξότης</span> <span class='ocrx_word' id='word_1_572' title='bbox 1519 1534 1566 1561; x_wconf 76' lang='grc' dir='ltr'><strong>καὶ</strong></span> <span class='ocrx_word' id='word_1_573' title='bbox 1594 1535 1767 1570; x_wconf 67' lang='grc' dir='ltr'>Αἰγόκερως,</span> 
     </span>
    </p>
   </div>
   <div class='ocr_carea' id='block_1_89' title="bbox 974 1577 1540 1616">
    <p class='ocr_par' dir='ltr' id='par_1_89' title="bbox 974 1577 1540 1616">
     <span class='ocr_line' id='line_1_89' title="bbox 974 1577 1540 1616; baseline 0.007 -13"><span class='ocrx_word' id='word_1_574' title='bbox 974 1577 1022 1612; x_wconf 84' lang='grc' dir='ltr'>τῆς</span> <span class='ocrx_word' id='word_1_575' title='bbox 1038 1577 1066 1604; x_wconf 82' lang='grc' dir='ltr'>δὲ</span> <span class='ocrx_word' id='word_1_576' title='bbox 1079 1577 1182 1610; x_wconf 79' lang='grc' dir='ltr'><strong>δύσεως</strong></span> <span class='ocrx_word' id='word_1_577' title='bbox 1197 1579 1308 1614; x_wconf 80' lang='grc' dir='ltr'>Δίδυμοι</span> <span class='ocrx_word' id='word_1_578' title='bbox 1324 1580 1370 1606; x_wconf 81' lang='grc' dir='ltr'>καὶ</span> <span class='ocrx_word' id='word_1_579' title='bbox 1385 1580 1540 1616; x_wconf 82' lang='grc' dir='ltr'>Καρκίνος..</span> 
     </span>
    </p>
   </div>
   <div class='ocr_carea' id='block_1_90' title="bbox 1014 1668 1764 1708">
    <p class='ocr_par' dir='ltr' id='par_1_90' title="bbox 1014 1668 1764 1708">
     <span class='ocr_line' id='line_1_90' title="bbox 1014 1668 1764 1708; baseline 0.008 -14"><span class='ocrx_word' id='word_1_580' title='bbox 1014 1668 1060 1695; x_wconf 83' lang='grc' dir='ltr'>Ἐκ</span> <span class='ocrx_word' id='word_1_581' title='bbox 1075 1669 1102 1695; x_wconf 78' lang='grc' dir='ltr'>δὲ</span> <span class='ocrx_word' id='word_1_582' title='bbox 1119 1669 1219 1696; x_wconf 81' lang='grc' dir='ltr'>τούτων</span> <span class='ocrx_word' id='word_1_583' title='bbox 1233 1671 1359 1706; x_wconf 80' lang='grc' dir='ltr'>φανερὸν,</span> <span class='ocrx_word' id='word_1_584' title='bbox 1377 1672 1417 1698; x_wconf 78' lang='grc' dir='ltr'><strong>ὅτι</strong></span> <span class='ocrx_word' id='word_1_585' title='bbox 1432 1671 1467 1698; x_wconf 82' lang='grc' dir='ltr'>τὰ</span> <span class='ocrx_word' id='word_1_586' title='bbox 1482 1673 1537 1698; x_wconf 78' lang='grc' dir='ltr'>ἴσον</span> <span class='ocrx_word' id='word_1_587' title='bbox 1559 1672 1695 1708; x_wconf 82' lang='grc' dir='ltr'>ἀπέχοντα</span> <span class='ocrx_word' id='word_1_588' title='bbox 1707 1673 1764 1701; x_wconf 81' lang='grc' dir='ltr'><strong>τῶν</strong></span> 
     </span>
    </p>
   </div>
   <div class='ocr_carea' id='block_1_91' title="bbox 971 1715 1763 1754">
    <p class='ocr_par' dir='ltr' id='par_1_91' title="bbox 971 1715 1763 1754">
     <span class='ocr_line' id='line_1_91' title="bbox 971 1715 1763 1754; baseline 0.006 -14"><span class='ocrx_word' id='word_1_589' title='bbox 971 1715 1120 1750; x_wconf 75' lang='grc' dir='ltr'>τροπικῶν,</span> <span class='ocrx_word' id='word_1_590' title='bbox 1136 1716 1248 1742; x_wconf 78' lang='grc' dir='ltr'>καὶτῶν</span> <span class='ocrx_word' id='word_1_591' title='bbox 1262 1717 1426 1752; x_wconf 76' lang='grc' dir='ltr'>ἱσημερινῶν</span> <span class='ocrx_word' id='word_1_592' title='bbox 1438 1717 1556 1753; x_wconf 77' lang='grc' dir='ltr'>σημείων</span> <span class='ocrx_word' id='word_1_593' title='bbox 1569 1719 1596 1744; x_wconf 80' lang='grc' dir='ltr'><strong>ὲν</strong></span> <span class='ocrx_word' id='word_1_594' title='bbox 1612 1718 1660 1754; x_wconf 76' lang='grc' dir='ltr'><strong>ἴσῳ</strong></span> <span class='ocrx_word' id='word_1_595' title='bbox 1674 1720 1763 1754; x_wconf 79' lang='grc' dir='ltr'>χρόνῳ</span> 
     </span>
    </p>
   </div>
   <div class='ocr_carea' id='block_1_92' title="bbox 972 1761 1762 1800">
    <p class='ocr_par' dir='ltr' id='par_1_92' title="bbox 972 1761 1762 1800">
     <span class='ocr_line' id='line_1_92' title="bbox 972 1761 1762 1800; baseline 0.005 -13"><span class='ocrx_word' id='word_1_596' title='bbox 972 1761 1129 1793; x_wconf 68' lang='grc' dir='ltr'>ἀνατέλλει,</span> <span class='ocrx_word' id='word_1_597' title='bbox 1145 1762 1191 1788; x_wconf 80' lang='grc' dir='ltr'>καὶ</span> <span class='ocrx_word' id='word_1_598' title='bbox 1216 1762 1309 1789; x_wconf 61' lang='grc' dir='ltr'>δύνει·</span> <span class='ocrx_word' id='word_1_599' title='bbox 1335 1764 1382 1790; x_wconf 76' lang='grc' dir='ltr'><strong>καὶ</strong></span> <span class='ocrx_word' id='word_1_600' title='bbox 1405 1764 1466 1790; x_wconf 81' lang='grc' dir='ltr'>ἐπεὶ</span> <span class='ocrx_word' id='word_1_601' title='bbox 1492 1765 1520 1792; x_wconf 85' lang='grc' dir='ltr'>ὲν</span> <span class='ocrx_word' id='word_1_602' title='bbox 1540 1764 1615 1800; x_wconf 79' lang='grc' dir='ltr'><strong>πάσῃ</strong></span> <span class='ocrx_word' id='word_1_603' title='bbox 1633 1766 1712 1791; x_wconf 74' lang='grc' dir='ltr'>νυκτὶ</span> <span class='ocrx_word' id='word_1_604' title='bbox 1732 1766 1762 1798; x_wconf 81' lang='grc' dir='ltr'>ἒξ</span> 
     </span>
    </p>
   </div>
   <div class='ocr_carea' id='block_1_93' title="bbox 973 1807 1761 1846">
    <p class='ocr_par' dir='ltr' id='par_1_93' title="bbox 973 1807 1761 1846">
     <span class='ocr_line' id='line_1_93' title="bbox 973 1807 1761 1846; baseline 0.008 -14"><span class='ocrx_word' id='word_1_605' title='bbox 973 1807 1055 1838; x_wconf 63' lang='lat' dir='ltr'><strong>coam</strong></span> <span class='ocrx_word' id='word_1_606' title='bbox 1077 1807 1216 1835; x_wconf 79' lang='grc' dir='ltr'>ἀνατέλλει</span> <span class='ocrx_word' id='word_1_607' title='bbox 1240 1810 1268 1835; x_wconf 82' lang='grc' dir='ltr'>ἐν</span> <span class='ocrx_word' id='word_1_608' title='bbox 1289 1809 1372 1845; x_wconf 81' lang='grc' dir='ltr'>ὥραις</span> <span class='ocrx_word' id='word_1_609' title='bbox 1391 1809 1434 1842; x_wconf 76' lang='grc' dir='ltr'><strong>ιϐ’,</strong></span> <span class='ocrx_word' id='word_1_610' title='bbox 1453 1810 1577 1846; x_wconf 82' lang='grc' dir='ltr'>φανερὸν,</span> <span class='ocrx_word' id='word_1_611' title='bbox 1598 1811 1638 1837; x_wconf 82' lang='grc' dir='ltr'>ὅτι</span> <span class='ocrx_word' id='word_1_612' title='bbox 1662 1812 1710 1838; x_wconf 78' lang='grc' dir='ltr'><strong>καὶ</strong></span> <span class='ocrx_word' id='word_1_613' title='bbox 1733 1813 1761 1838; x_wconf 82' lang='grc' dir='ltr'><strong>ὲν</strong></span> 
     </span>
    </p>
   </div>
   <div class='ocr_carea' id='block_1_94' title="bbox 973 1853 1760 1893">
    <p class='ocr_par' dir='ltr' id='par_1_94' title="bbox 973 1853 1760 1893">
     <span class='ocr_line' id='line_1_94' title="bbox 973 1853 1760 1893; baseline 0.008 -15"><span class='ocrx_word' id='word_1_614' title='bbox 973 1853 1063 1889; x_wconf 80' lang='grc' dir='ltr'>ἡμέρᾳ</span> <span class='ocrx_word' id='word_1_615' title='bbox 1082 1854 1129 1880; x_wconf 77' lang='grc' dir='ltr'>καὶ</span> <span class='ocrx_word' id='word_1_616' title='bbox 1150 1854 1226 1880; x_wconf 76' lang='grc' dir='ltr'>νυκτὶ</span> <span class='ocrx_word' id='word_1_617' title='bbox 1245 1854 1278 1880; x_wconf 77' lang='grc' dir='ltr'><strong>ιϐ’</strong></span> <span class='ocrx_word' id='word_1_618' title='bbox 1295 1855 1376 1887; x_wconf 63' lang='lat' dir='ltr'><strong>costa</strong></span> <span class='ocrx_word' id='word_1_619' title='bbox 1399 1856 1536 1883; x_wconf 81' lang='grc' dir='ltr'>ἀνατέλλει</span> <span class='ocrx_word' id='word_1_620' title='bbox 1558 1858 1586 1884; x_wconf 78' lang='grc' dir='ltr'>ἐν</span> <span class='ocrx_word' id='word_1_621' title='bbox 1610 1857 1695 1893; x_wconf 84' lang='grc' dir='ltr'>ὥραις</span> <span class='ocrx_word' id='word_1_622' title='bbox 1711 1857 1760 1888; x_wconf 81' lang='grc' dir='ltr'>κδ’,</span> 
     </span>
    </p>
   </div>
   <div class='ocr_carea' id='block_1_95' title="bbox 972 1899 1761 1938">
    <p class='ocr_par' dir='ltr' id='par_1_95' title="bbox 972 1899 1761 1938">
     <span class='ocr_line' id='line_1_95' title="bbox 972 1899 1761 1938; baseline 0.009 -14"><span class='ocrx_word' id='word_1_623' title='bbox 972 1899 1001 1925; x_wconf 78' lang='grc' dir='ltr'>τὸ</span> <span class='ocrx_word' id='word_1_624' title='bbox 1016 1899 1043 1925; x_wconf 83' lang='grc' dir='ltr'><strong>δὲ</strong></span> <span class='ocrx_word' id='word_1_625' title='bbox 1058 1899 1086 1924; x_wconf 82' lang='grc' dir='ltr'><strong>ἓν</strong></span> <span class='ocrx_word' id='word_1_626' title='bbox 1108 1899 1201 1931; x_wconf 72' lang='grc' dir='ltr'>ζῴδιον</span> <span class='ocrx_word' id='word_1_627' title='bbox 1218 1900 1357 1927; x_wconf 72' lang='grc' dir='ltr'>ἀνατέλλει</span> <span class='ocrx_word' id='word_1_628' title='bbox 1380 1902 1408 1928; x_wconf 82' lang='grc' dir='ltr'><strong>ὲν</strong></span> <span class='ocrx_word' id='word_1_629' title='bbox 1431 1902 1506 1928; x_wconf 74' lang='grc' dir='ltr'>δυσὶν</span> <span class='ocrx_word' id='word_1_630' title='bbox 1519 1902 1605 1938; x_wconf 75' lang='grc' dir='ltr'>ὥραις</span> <span class='ocrx_word' id='word_1_631' title='bbox 1622 1903 1692 1930; x_wconf 74' lang='grc' dir='ltr'>κατὰ</span> <span class='ocrx_word' id='word_1_632' title='bbox 1714 1904 1761 1931; x_wconf 73' lang='grc' dir='ltr'><strong>τὸν</strong></span> 
     </span>
    </p>
   </div>
   <div class='ocr_carea' id='block_1_96' title="bbox 974 1945 1766 1987">
    <p class='ocr_par' dir='ltr' id='par_1_96' title="bbox 974 1945 1766 1987">
     <span class='ocr_line' id='line_1_96' title="bbox 974 1945 1766 1987; baseline 0.008 -16"><span class='ocrx_word' id='word_1_633' title='bbox 974 1945 1055 1980; x_wconf 81' lang='grc' dir='ltr'>μέσον</span> <span class='ocrx_word' id='word_1_634' title='bbox 1070 1945 1124 1972; x_wconf 81' lang='grc' dir='ltr'>τῶν</span> <span class='ocrx_word' id='word_1_635' title='bbox 1137 1947 1273 1974; x_wconf 83' lang='grc' dir='ltr'>ἀνατολῶν</span> <span class='ocrx_word' id='word_1_636' title='bbox 1288 1949 1392 1984; x_wconf 89' lang='grc' dir='ltr'>χρόνον.</span> <span class='ocrx_word' id='word_1_637' title='bbox 1409 1949 1463 1975; x_wconf 81' lang='grc' dir='ltr'><strong>Καὶ</strong></span> <span class='ocrx_word' id='word_1_638' title='bbox 1477 1949 1557 1976; x_wconf 86' lang='grc' dir='ltr'>πάλιν</span> <span class='ocrx_word' id='word_1_639' title='bbox 1571 1950 1631 1976; x_wconf 77' lang='grc' dir='ltr'><strong>ἐπεὶ</strong></span> <span class='ocrx_word' id='word_1_640' title='bbox 1643 1951 1670 1976; x_wconf 85' lang='grc' dir='ltr'><strong>ἐν</strong></span> <span class='ocrx_word' id='word_1_641' title='bbox 1685 1951 1766 1987; x_wconf 61' lang='grc' dir='ltr'>πάσῃ</span> 
     </span>
    </p>
   </div>
   <div class='ocr_carea' id='block_1_97' title="bbox 971 1992 1760 2032">
    <p class='ocr_par' dir='ltr' id='par_1_97' title="bbox 971 1992 1760 2032">
     <span class='ocr_line' id='line_1_97' title="bbox 971 1992 1760 2032; baseline 0.006 -14"><span class='ocrx_word' id='word_1_642' title='bbox 971 1993 1049 2019; x_wconf 76' lang='grc' dir='ltr'>νυκτὶ</span> <span class='ocrx_word' id='word_1_643' title='bbox 1066 1992 1095 2025; x_wconf 82' lang='grc' dir='ltr'><strong>ἒξ</strong></span> <span class='ocrx_word' id='word_1_644' title='bbox 1119 1993 1200 2026; x_wconf 58' lang='lat' dir='ltr'><strong>manu</strong></span> <span class='ocrx_word' id='word_1_645' title='bbox 1218 1993 1289 2021; x_wconf 78' lang='grc' dir='ltr'>δύνει</span> <span class='ocrx_word' id='word_1_646' title='bbox 1308 1995 1336 2021; x_wconf 85' lang='grc' dir='ltr'>ὲν</span> <span class='ocrx_word' id='word_1_647' title='bbox 1357 1995 1441 2031; x_wconf 81' lang='grc' dir='ltr'>ὥραις</span> <span class='ocrx_word' id='word_1_648' title='bbox 1463 1994 1507 2028; x_wconf 72' lang='grc' dir='ltr'>ιδ’,</span> <span class='ocrx_word' id='word_1_649' title='bbox 1527 1996 1642 2032; x_wconf 74' lang='grc' dir='ltr'>φανερὸν</span> <span class='ocrx_word' id='word_1_650' title='bbox 1660 1998 1692 2023; x_wconf 83' lang='grc' dir='ltr'>ὲκ</span> <span class='ocrx_word' id='word_1_651' title='bbox 1706 1996 1760 2023; x_wconf 87' lang='grc' dir='ltr'><strong>τῶν</strong></span> 
     </span>
    </p>
   </div>
   <div class='ocr_carea' id='block_1_98' title="bbox 972 2038 1761 2078">
    <p class='ocr_par' dir='ltr' id='par_1_98' title="bbox 972 2038 1761 2078">
     <span class='ocr_line' id='line_1_98' title="bbox 972 2038 1761 2078; baseline 0.006 -14"><span class='ocrx_word' id='word_1_652' title='bbox 972 2038 1079 2071; x_wconf 68' lang='grc' dir='ltr'>αὐτῶν,</span> <span class='ocrx_word' id='word_1_653' title='bbox 1094 2039 1134 2065; x_wconf 80' lang='grc' dir='ltr'>ὅτι</span> <span class='ocrx_word' id='word_1_654' title='bbox 1159 2039 1189 2066; x_wconf 83' lang='grc' dir='ltr'><strong>τὸ</strong></span> <span class='ocrx_word' id='word_1_655' title='bbox 1204 2040 1233 2066; x_wconf 79' lang='grc' dir='ltr'><strong>ἓν</strong></span> <span class='ocrx_word' id='word_1_656' title='bbox 1253 2039 1345 2073; x_wconf 79' lang='grc' dir='ltr'>ξώδιον</span> <span class='ocrx_word' id='word_1_657' title='bbox 1367 2042 1395 2068; x_wconf 78' lang='grc' dir='ltr'>ἐν</span> <span class='ocrx_word' id='word_1_658' title='bbox 1416 2042 1491 2068; x_wconf 69' lang='grc' dir='ltr'>δυσὶν</span> <span class='ocrx_word' id='word_1_659' title='bbox 1511 2041 1596 2078; x_wconf 83' lang='grc' dir='ltr'>ὥραις</span> <span class='ocrx_word' id='word_1_660' title='bbox 1613 2042 1697 2074; x_wconf 83' lang='grc' dir='ltr'>δύνει,</span> <span class='ocrx_word' id='word_1_661' title='bbox 1712 2043 1761 2069; x_wconf 72' lang='grc' dir='ltr'>καὶ</span> 
     </span>
    </p>
   </div>
   <div class='ocr_carea' id='block_1_99' title="bbox 972 2085 1760 2124">
    <p class='ocr_par' dir='ltr' id='par_1_99' title="bbox 972 2085 1760 2124">
     <span class='ocr_line' id='line_1_99' title="bbox 972 2085 1760 2124; baseline 0.004 -13"><span class='ocrx_word' id='word_1_662' title='bbox 972 2085 1005 2111; x_wconf 81' lang='grc' dir='ltr'><strong>ιϐ’</strong></span> <span class='ocrx_word' id='word_1_663' title='bbox 1019 2085 1101 2118; x_wconf 78' lang='grc' dir='ltr'>ζώδια</span> <span class='ocrx_word' id='word_1_664' title='bbox 1116 2086 1255 2113; x_wconf 84' lang='grc' dir='ltr'>ἀνατέλλει</span> <span class='ocrx_word' id='word_1_665' title='bbox 1276 2087 1323 2113; x_wconf 70' lang='grc' dir='ltr'>καὶ</span> <span class='ocrx_word' id='word_1_666' title='bbox 1345 2088 1417 2114; x_wconf 81' lang='grc' dir='ltr'>δύνει</span> <span class='ocrx_word' id='word_1_667' title='bbox 1435 2089 1464 2114; x_wconf 78' lang='grc' dir='ltr'>ἐν</span> <span class='ocrx_word' id='word_1_668' title='bbox 1481 2088 1566 2124; x_wconf 86' lang='grc' dir='ltr'>ὥραις</span> <span class='ocrx_word' id='word_1_669' title='bbox 1588 2090 1760 2124; x_wconf 82' lang='grc' dir='ltr'>ἰσημεριναῑς</span> 
     </span>
    </p>
   </div>
   <div class='ocr_carea' id='block_1_100' title="bbox 971 2132 1759 2172">
    <p class='ocr_par' dir='ltr' id='par_1_100' title="bbox 971 2132 1759 2172">
     <span class='ocr_line' id='line_1_100' title="bbox 971 2132 1759 2172; baseline 0.006 -14"><span class='ocrx_word' id='word_1_670' title='bbox 971 2132 1009 2158; x_wconf 84' lang='grc' dir='ltr'>κδ’</span> <span class='ocrx_word' id='word_1_671' title='bbox 1021 2142 1028 2148; x_wconf 87' lang='grc'><strong>·</strong></span> <span class='ocrx_word' id='word_1_672' title='bbox 1047 2133 1095 2159; x_wconf 63' lang='grc' dir='ltr'>καὶ</span> <span class='ocrx_word' id='word_1_673' title='bbox 1108 2134 1216 2160; x_wconf 81' lang='grc' dir='ltr'>πάντων</span> <span class='ocrx_word' id='word_1_674' title='bbox 1232 2134 1286 2160; x_wconf 81' lang='grc' dir='ltr'>τῶν</span> <span class='ocrx_word' id='word_1_675' title='bbox 1303 2133 1404 2166; x_wconf 78' lang='grc' dir='ltr'>ζωόίων</span> <span class='ocrx_word' id='word_1_676' title='bbox 1417 2136 1432 2161; x_wconf 87' lang='grc' dir='ltr'><strong>ό</strong></span> <span class='ocrx_word' id='word_1_677' title='bbox 1450 2136 1650 2171; x_wconf 76' lang='grc' dir='ltr'>συναμφότερος</span> <span class='ocrx_word' id='word_1_678' title='bbox 1664 2136 1759 2172; x_wconf 80' lang='grc' dir='ltr'>χρόνος</span> 
     </span>
    </p>
   </div>
   <div class='ocr_carea' id='block_1_101' title="bbox 970 2179 1759 2219">
    <p class='ocr_par' dir='ltr' id='par_1_101' title="bbox 970 2179 1759 2219">
     <span class='ocr_line' id='line_1_101' title="bbox 970 2179 1759 2219; baseline 0.006 -14"><span class='ocrx_word' id='word_1_679' title='bbox 970 2179 1019 2215; x_wconf 83' lang='grc' dir='ltr'>τῆς</span> <span class='ocrx_word' id='word_1_680' title='bbox 1034 2180 1167 2215; x_wconf 81' lang='grc' dir='ltr'>ἀνατολῆς</span> <span class='ocrx_word' id='word_1_681' title='bbox 1191 2181 1302 2216; x_wconf 78' lang='grc' dir='ltr'>καὶτῆς</span> <span class='ocrx_word' id='word_1_682' title='bbox 1318 2181 1420 2214; x_wconf 84' lang='grc' dir='ltr'>δύσεώς</span> <span class='ocrx_word' id='word_1_683' title='bbox 1441 2184 1514 2209; x_wconf 79' lang='grc' dir='ltr'>ἐστιν</span> <span class='ocrx_word' id='word_1_684' title='bbox 1537 2184 1592 2215; x_wconf 84' lang='grc' dir='ltr'>ἴσος</span> <span class='ocrx_word' id='word_1_685' title='bbox 1613 2183 1692 2219; x_wconf 81' lang='grc' dir='ltr'>ὡρῶν</span> <span class='ocrx_word' id='word_1_686' title='bbox 1717 2184 1759 2210; x_wconf 81' lang='grc' dir='ltr'><strong>εσ-</strong></span> 
     </span>
    </p>
   </div>
   <div class='ocr_carea' id='block_1_102' title="bbox 969 2226 1758 2264">
    <p class='ocr_par' dir='ltr' id='par_1_102' title="bbox 969 2226 1758 2264">
     <span class='ocr_line' id='line_1_102' title="bbox 969 2226 1758 2264; baseline 0.004 -12"><span class='ocrx_word' id='word_1_687' title='bbox 969 2226 1108 2262; x_wconf 82' lang='grc' dir='ltr'>ημερινῶν</span> <span class='ocrx_word' id='word_1_688' title='bbox 1133 2227 1187 2253; x_wconf 77' lang='grc' dir='ltr'>κδ’”</span> <span class='ocrx_word' id='word_1_689' title='bbox 1205 2228 1252 2254; x_wconf 77' lang='grc' dir='ltr'><strong>καὶ</strong></span> <span class='ocrx_word' id='word_1_690' title='bbox 1278 2228 1327 2254; x_wconf 84' lang='grc' dir='ltr'>ὅσα</span> <span class='ocrx_word' id='word_1_691' title='bbox 1356 2228 1404 2264; x_wconf 78' lang='grc' dir='ltr'>μὲν</span> <span class='ocrx_word' id='word_1_692' title='bbox 1431 2229 1484 2255; x_wconf 84' lang='grc' dir='ltr'>τῶν</span> <span class='ocrx_word' id='word_1_693' title='bbox 1504 2229 1605 2261; x_wconf 84' lang='grc' dir='ltr'>ζωδίων</span> <span class='ocrx_word' id='word_1_694' title='bbox 1622 2230 1651 2255; x_wconf 83' lang='grc' dir='ltr'>ἐν</span> <span class='ocrx_word' id='word_1_695' title='bbox 1680 2229 1758 2255; x_wconf 81' lang='grc' dir='ltr'>πλεί-</span> 
     </span>
    </p>
   </div>
   <div class='ocr_carea' id='block_1_103' title="bbox 972 2274 1758 2311">
    <p class='ocr_par' dir='ltr' id='par_1_103' title="bbox 972 2274 1758 2311">
     <span class='ocr_line' id='line_1_103' title="bbox 972 2274 1758 2311; baseline 0.004 -11"><span class='ocrx_word' id='word_1_696' title='bbox 972 2282 1025 2308; x_wconf 85' lang='grc' dir='ltr'><strong>στῳ</strong></span> <span class='ocrx_word' id='word_1_697' title='bbox 1038 2274 1126 2309; x_wconf 81' lang='grc' dir='ltr'>χρόνῳ</span> <span class='ocrx_word' id='word_1_698' title='bbox 1140 2274 1288 2306; x_wconf 83' lang='grc' dir='ltr'>ἀνατέλλει,</span> <span class='ocrx_word' id='word_1_699' title='bbox 1307 2276 1335 2301; x_wconf 76' lang='grc' dir='ltr'>ἐν</span> <span class='ocrx_word' id='word_1_700' title='bbox 1352 2275 1485 2311; x_wconf 79' lang='grc' dir='ltr'>ἐλαχίστῳ</span> <span class='ocrx_word' id='word_1_701' title='bbox 1501 2276 1588 2311; x_wconf 84' lang='grc' dir='ltr'>χρόνῳ</span> <span class='ocrx_word' id='word_1_702' title='bbox 1603 2275 1675 2302; x_wconf 80' lang='grc' dir='ltr'>δύνει</span> <span class='ocrx_word' id='word_1_703' title='bbox 1687 2285 1694 2292; x_wconf 70' lang='grc' dir='ltr'><strong>ν</strong></span> <span class='ocrx_word' id='word_1_704' title='bbox 1707 2276 1758 2303; x_wconf 78' lang='grc' dir='ltr'>ὅσα</span> 
     </span>
    </p>
   </div>
   <div class='ocr_carea' id='block_1_104' title="bbox 969 2319 1758 2358">
    <p class='ocr_par' dir='ltr' id='par_1_104' title="bbox 969 2319 1758 2358">
     <span class='ocr_line' id='line_1_104' title="bbox 969 2319 1758 2358; baseline 0.005 -13"><span class='ocrx_word' id='word_1_705' title='bbox 969 2319 997 2345; x_wconf 77' lang='grc' dir='ltr'>δὲ</span> <span class='ocrx_word' id='word_1_706' title='bbox 1010 2320 1038 2346; x_wconf 85' lang='grc' dir='ltr'>ἐν</span> <span class='ocrx_word' id='word_1_707' title='bbox 1050 2320 1183 2357; x_wconf 77' lang='grc' dir='ltr'>ἐλαχίστῳ</span> <span class='ocrx_word' id='word_1_708' title='bbox 1200 2321 1287 2357; x_wconf 87' lang='grc' dir='ltr'>χρόνῳ</span> <span class='ocrx_word' id='word_1_709' title='bbox 1300 2322 1474 2357; x_wconf 70' lang='grc' dir='ltr'>ἀναφέρεται,</span> <span class='ocrx_word' id='word_1_710' title='bbox 1487 2323 1514 2348; x_wconf 85' lang='grc' dir='ltr'><strong>ὲν</strong></span> <span class='ocrx_word' id='word_1_711' title='bbox 1533 2322 1651 2357; x_wconf 76' lang='grc' dir='ltr'>πλείστῳ</span> <span class='ocrx_word' id='word_1_712' title='bbox 1669 2322 1758 2358; x_wconf 63' lang='grc' dir='ltr'>χρόνῳ</span> 
     </span>
    </p>
   </div>
   <div class='ocr_carea' id='block_1_105' title="bbox 968 2365 1051 2393">
    <p class='ocr_par' dir='ltr' id='par_1_105' title="bbox 968 2365 1051 2393">
     <span class='ocr_line' id='line_1_105' title="bbox 968 2365 1051 2393; baseline 0.012 -1"><span class='ocrx_word' id='word_1_713' title='bbox 968 2365 1051 2393; x_wconf 80' lang='grc' dir='ltr'>δύνει.</span> 
     </span>
    </p>
   </div>
   <div class='ocr_carea' id='block_1_106' title="bbox 1231 2479 1492 2513">
    <p class='ocr_par' dir='ltr' id='par_1_106' title="bbox 1231 2479 1492 2513">
     <span class='ocr_line' id='line_1_106' title="bbox 1231 2479 1492 2513; baseline 0.008 -8"><span class='ocrx_word' id='word_1_714' title='bbox 1231 2479 1426 2506; x_wconf 74' lang='grc' dir='ltr'><strong>ΚΕΦΔΛΜΟΝ</strong></span> <span class='ocrx_word' id='word_1_715' title='bbox 1446 2479 1492 2513; x_wconf 78' lang='lat' dir='ltr'><strong>q’.</strong></span> 
     </span>
    </p>
   </div>
   <div class='ocr_carea' id='block_1_107' title="bbox 1262 2537 1459 2571">
    <p class='ocr_par' dir='ltr' id='par_1_107' title="bbox 1262 2537 1459 2571">
     <span class='ocr_line' id='line_1_107' title="bbox 1262 2537 1459 2571; baseline 0 -7"><span class='ocrx_word' id='word_1_716' title='bbox 1262 2537 1331 2571; x_wconf 72' lang='grc' dir='ltr'>Περὶ</span> <span class='ocrx_word' id='word_1_717' title='bbox 1345 2537 1459 2571; x_wconf 79' lang='grc' dir='ltr'>μηνῶν.</span> 
     </span>
    </p>
   </div>
   <div class='ocr_carea' id='block_1_108' title="bbox 1003 2603 1757 2642">
    <p class='ocr_par' dir='ltr' id='par_1_108' title="bbox 1003 2603 1757 2642">
     <span class='ocr_line' id='line_1_108' title="bbox 1003 2603 1757 2642; baseline 0.005 -13"><span class='ocrx_word' id='word_1_718' title='bbox 1003 2603 1065 2638; x_wconf 83' lang='grc' dir='ltr'><strong>Μὴν</strong></span> <span class='ocrx_word' id='word_1_719' title='bbox 1079 2604 1137 2630; x_wconf 79' lang='grc' dir='ltr'>ἐστι</span> <span class='ocrx_word' id='word_1_720' title='bbox 1154 2605 1249 2640; x_wconf 81' lang='grc' dir='ltr'>χρόνος</span> <span class='ocrx_word' id='word_1_721' title='bbox 1264 2603 1319 2639; x_wconf 87' lang='grc'><strong>(50)</strong></span> <span class='ocrx_word' id='word_1_722' title='bbox 1339 2605 1392 2631; x_wconf 80' lang='grc' dir='ltr'><strong>ἀπὸ</strong></span> <span class='ocrx_word' id='word_1_723' title='bbox 1414 2605 1523 2632; x_wconf 80' lang='grc' dir='ltr'>συνόδου</span> <span class='ocrx_word' id='word_1_724' title='bbox 1539 2606 1585 2632; x_wconf 79' lang='grc' dir='ltr'>ἐπί</span> <span class='ocrx_word' id='word_1_725' title='bbox 1605 2606 1722 2638; x_wconf 79' lang='grc' dir='ltr'>σύνοδον,</span> <span class='ocrx_word' id='word_1_726' title='bbox 1737 2606 1757 2642; x_wconf 60' lang='grc' dir='ltr'><strong>ἢί</strong></span> 
     </span>
    </p>
   </div>
   <div class='ocr_carea' id='block_1_109' title="bbox 967 2647 1755 2684">
    <p class='ocr_par' dir='ltr' id='par_1_109' title="bbox 967 2647 1755 2684">
     <span class='ocr_line' id='line_1_109' title="bbox 967 2647 1755 2684; baseline 0.006 -11"><span class='ocrx_word' id='word_1_727' title='bbox 967 2647 1021 2673; x_wconf 78' lang='grc' dir='ltr'><strong>ἀπὸ</strong></span> <span class='ocrx_word' id='word_1_728' title='bbox 1035 2648 1202 2683; x_wconf 82' lang='grc' dir='ltr'>πανσελήνου</span> <span class='ocrx_word' id='word_1_729' title='bbox 1223 2649 1268 2675; x_wconf 75' lang='grc' dir='ltr'><strong>ἐπὶ</strong></span> <span class='ocrx_word' id='word_1_730' title='bbox 1291 2649 1463 2684; x_wconf 76' lang='grc' dir='ltr'>πανσέληνον.</span> <span class='ocrx_word' id='word_1_731' title='bbox 1490 2651 1566 2677; x_wconf 81' lang='grc' dir='ltr'>Ἔστι</span> <span class='ocrx_word' id='word_1_732' title='bbox 1592 2651 1621 2677; x_wconf 77' lang='grc' dir='ltr'><strong>δὲ</strong></span> <span class='ocrx_word' id='word_1_733' title='bbox 1647 2651 1755 2683; x_wconf 81' lang='grc' dir='ltr'>σύνοδος</span> 
     </span>
    </p>
   </div>
   <div class='ocr_carea' id='block_1_110' title="bbox 969 2691 1754 2730">
    <p class='ocr_par' dir='ltr' id='par_1_110' title="bbox 969 2691 1754 2730">
     <span class='ocr_line' id='line_1_110' title="bbox 969 2691 1754 2730; baseline 0.005 -12"><span class='ocrx_word' id='word_1_734' title='bbox 969 2691 1029 2727; x_wconf 81' lang='grc' dir='ltr'>μὲν,</span> <span class='ocrx_word' id='word_1_735' title='bbox 1046 2693 1110 2719; x_wconf 83' lang='grc' dir='ltr'>ὅταν</span> <span class='ocrx_word' id='word_1_736' title='bbox 1124 2694 1152 2719; x_wconf 79' lang='grc' dir='ltr'>ἐν</span> <span class='ocrx_word' id='word_1_737' title='bbox 1168 2694 1201 2728; x_wconf 84' lang='grc' dir='ltr'>τῇ</span> <span class='ocrx_word' id='word_1_738' title='bbox 1224 2694 1291 2728; x_wconf 75' lang='grc' dir='ltr'>αὐτῇ</span> <span class='ocrx_word' id='word_1_739' title='bbox 1312 2693 1392 2730; x_wconf 75' lang='grc' dir='ltr'>μοίρᾳ</span> <span class='ocrx_word' id='word_1_740' title='bbox 1416 2694 1526 2730; x_wconf 79' lang='grc' dir='ltr'>γένηται</span> <span class='ocrx_word' id='word_1_741' title='bbox 1545 2696 1559 2721; x_wconf 82' lang='grc' dir='ltr'>ὁ</span> <span class='ocrx_word' id='word_1_742' title='bbox 1579 2695 1653 2730; x_wconf 74' lang='grc' dir='ltr'>ἥλιος</span> <span class='ocrx_word' id='word_1_743' title='bbox 1673 2696 1720 2722; x_wconf 73' lang='grc' dir='ltr'>καὶ</span> <span class='ocrx_word' id='word_1_744' title='bbox 1737 2697 1754 2730; x_wconf 79' lang='grc' dir='ltr'><strong>ἡ</strong></span> 
     </span>
    </p>
   </div>
   <div class='ocr_carea' id='block_1_111' title="bbox 968 2738 1761 2777">
    <p class='ocr_par' dir='ltr' id='par_1_111' title="bbox 968 2738 1761 2777">
     <span class='ocr_line' id='line_1_111' title="bbox 968 2738 1761 2777; baseline 0.005 -13"><span class='ocrx_word' id='word_1_745' title='bbox 968 2738 1066 2774; x_wconf 85' lang='grc' dir='ltr'>σελήνη</span> <span class='ocrx_word' id='word_1_746' title='bbox 1079 2748 1085 2753; x_wconf 90' lang='grc'><strong>·</strong></span> <span class='ocrx_word' id='word_1_747' title='bbox 1100 2738 1171 2765; x_wconf 78' lang='grc' dir='ltr'>τοῦτ’</span> <span class='ocrx_word' id='word_1_748' title='bbox 1188 2739 1245 2766; x_wconf 80' lang='grc' dir='ltr'>ἐστι</span> <span class='ocrx_word' id='word_1_749' title='bbox 1260 2741 1323 2776; x_wconf 76' lang='grc' dir='ltr'>περὶ</span> <span class='ocrx_word' id='word_1_750' title='bbox 1335 2741 1384 2776; x_wconf 82' lang='grc' dir='ltr'>τὴν</span> <span class='ocrx_word' id='word_1_751' title='bbox 1398 2741 1530 2776; x_wconf 81' lang='grc' dir='ltr'>τριακάδα</span> <span class='ocrx_word' id='word_1_752' title='bbox 1543 2741 1667 2777; x_wconf 85' lang='grc' dir='ltr'>σελήνης.</span> <span class='ocrx_word' id='word_1_753' title='bbox 1683 2743 1761 2769; x_wconf 47' lang='grc' dir='ltr'><strong>Παν-μ</strong></span> 
     </span>
    </p>
   </div>
   <div class='ocr_carea' id='block_1_112' title="bbox 968 2784 1754 2823">
    <p class='ocr_par' dir='ltr' id='par_1_112' title="bbox 968 2784 1754 2823">
     <span class='ocr_line' id='line_1_112' title="bbox 968 2784 1754 2823; baseline 0.005 -13"><span class='ocrx_word' id='word_1_754' title='bbox 968 2784 1078 2819; x_wconf 84' lang='grc' dir='ltr'>σέληνος</span> <span class='ocrx_word' id='word_1_755' title='bbox 1098 2784 1126 2811; x_wconf 81' lang='grc' dir='ltr'>δὲ</span> <span class='ocrx_word' id='word_1_756' title='bbox 1141 2784 1248 2819; x_wconf 80' lang='grc' dir='ltr'>λέγεται</span> <span class='ocrx_word' id='word_1_757' title='bbox 1262 2805 1269 2817; x_wconf 86' lang='grc'><em>,</em></span> <span class='ocrx_word' id='word_1_758' title='bbox 1284 2786 1347 2813; x_wconf 78' lang='grc' dir='ltr'>ὅταν</span> <span class='ocrx_word' id='word_1_759' title='bbox 1367 2787 1382 2822; x_wconf 88' lang='grc' dir='ltr'><strong>ή</strong></span> <span class='ocrx_word' id='word_1_760' title='bbox 1399 2787 1495 2823; x_wconf 73' lang='grc' dir='ltr'>σῖλήνη</span> <span class='ocrx_word' id='word_1_761' title='bbox 1517 2787 1587 2814; x_wconf 83' lang='grc' dir='ltr'>κατὰ</span> <span class='ocrx_word' id='word_1_762' title='bbox 1609 2787 1754 2823; x_wconf 76' lang='grc' dir='ltr'>διάμετρον</span> 
     </span>
    </p>
   </div>
   <div class='ocr_carea' id='block_1_113' title="bbox 968 2875 1753 2912">
    <p class='ocr_par' dir='ltr' id='par_1_113' title="bbox 968 2875 1753 2912">
     <span class='ocr_line' id='line_1_113' title="bbox 968 2875 1753 2912; baseline 0.003 -9"><span class='ocrx_word' id='word_1_763' title='bbox 968 2875 1054 2903; x_wconf 70' lang='grc' dir='ltr'><strong>ϐιωθί</strong></span> <span class='ocrx_word' id='word_1_764' title='bbox 1072 2880 1098 2903; x_wconf 85' lang='lat' dir='ltr'><strong>ct</strong></span> <span class='ocrx_word' id='word_1_765' title='bbox 1125 2875 1205 2902; x_wconf 68' lang='lat' dir='ltr'><strong>Attici</strong></span> <span class='ocrx_word' id='word_1_766' title='bbox 1233 2877 1332 2903; x_wconf 78' lang='lat' dir='ltr'><strong>veteris</strong></span> <span class='ocrx_word' id='word_1_767' title='bbox 1359 2876 1471 2904; x_wconf 80' lang='lat' dir='ltr'><strong>fortnam</strong></span> <span class='ocrx_word' id='word_1_768' title='bbox 1494 2877 1692 2912; x_wconf 56' lang='lat' dir='ltr'><strong>explicandam.</strong></span> <span class='ocrx_word' id='word_1_769' title='bbox 1715 2877 1753 2905; x_wconf 85' lang='lat' dir='ltr'><strong>Eo</strong></span> 
     </span>
    </p>
   </div>
   <div class='ocr_carea' id='block_1_114' title="bbox 968 2911 1717 2947">
    <p class='ocr_par' dir='ltr' id='par_1_114' title="bbox 968 2911 1717 2947">
     <span class='ocr_line' id='line_1_114' title="bbox 968 2911 1717 2947; baseline 0 -7"><span class='ocrx_word' id='word_1_770' title='bbox 968 2919 1018 2940; x_wconf 87' lang='lat' dir='ltr'><strong>nos</strong></span> <span class='ocrx_word' id='word_1_771' title='bbox 1037 2912 1079 2939; x_wconf 84' lang='lat' dir='ltr'><strong>usi</strong></span> <span class='ocrx_word' id='word_1_772' title='bbox 1094 2919 1188 2939; x_wconf 85' lang='lat' dir='ltr'><strong>sumus</strong></span> <span class='ocrx_word' id='word_1_773' title='bbox 1205 2912 1306 2947; x_wconf 80' lang='lat' dir='ltr'><strong>passim</strong></span> <span class='ocrx_word' id='word_1_774' title='bbox 1322 2912 1367 2939; x_wconf 89' lang='lat' dir='ltr'><strong>lib.</strong></span> <span class='ocrx_word' id='word_1_775' title='bbox 1386 2920 1393 2939; x_wconf 85' lang='grc' dir='ltr'>ι</span> <span class='ocrx_word' id='word_1_776' title='bbox 1411 2916 1437 2940; x_wconf 84' lang='lat' dir='ltr'><strong>et</strong></span> <span class='ocrx_word' id='word_1_777' title='bbox 1452 2920 1471 2939; x_wconf 90' lang='lat' dir='ltr'><strong>ll</strong></span> <span class='ocrx_word' id='word_1_778' title='bbox 1486 2911 1622 2939; x_wconf 37' lang='lat' dir='ltr'><strong>Dc’doctr.</strong></span> <span class='ocrx_word' id='word_1_779' title='bbox 1639 2918 1717 2946; x_wconf 71' lang='lat' dir='ltr'><strong>temp.</strong></span> 
     </span>
    </p>
   </div>
  </div>
