1902 3143
146 101 196 128 801

669 107 785 135 GEMINI
804 107 991 135 ELEMENTA
1012 110 1259 141 ASTRONOMIJE.

1723 121 1776 149 802

145 161 259 197 γένηται
271 161 310 197 τῷ
323 162 392 198 ἡλίῳ
403 170 411 179 ·
425 162 504 190 τοῦτο
517 163 545 191 δέ
558 166 616 192 εστι
631 167 694 202 περὶ
705 167 753 203 τὴν
769 167 912 203 διχομηνία

991 173 1137 206 opponitur
1152 174 1214 201 soli.
1231 173 1289 201 Hoc
1305 174 1334 202 ﬁt
1347 175 1421 203 circa
1438 177 1558 205 medium
1575 186 1708 207 mensem.
1727 180 1775 208 Est

147 202 226 231 Ἐστι
243 205 271 231 δὲ
284 208 408 242 μηνιαῖοζ
424 208 518 243 χρόνος
527 209 581 244 (5i)
591 211 702 246 ἡμερῶν
716 202 756 239 κθ’
773 202 839 248 of}?
855 202 938 249 ἀιχλγι

143 251 210 279 ὲνόὲ
221 252 260 287 τῷ
272 253 391 288 μηνιαίῳ
399 254 488 290 χρόνῳ
500 256 516 290 ἠ
531 256 628 291 σελήνη
643 257 834 294 διαπορεύεται
848 261 892 287 τόν
909 271 938 288 τε

141 297 198 323 τῶν
218 297 321 330 ζωδίων
344 299 460 333 κύκλον,
478 302 525 328 καὶ
545 302 585 329 ἔτι
608 303 658 338 τὴν
681 306 859 341 περιφέρειαν
876 307 908 343 ἢν
924 310 938 335 ὁ

141 343 219 377 ἥλιος
239 344 267 370 ἐν
281 344 320 380 τῷ
338 347 455 382 μηνιαίῳ
475 348 563 383 χρόνῳ
582 349 622 380 εἰς
635 349 668 376 τὰ
682 351 802 386 ἑπόμενα.
817 353 871 381 τῶν
885 353 938 386 ζω-

140 389 206 415 eam»
223 390 390 425 μεταϐαίνει.
407 393 480 428 Αὐτὴ
500 393 527 420 δέ
544 394 617 421 ἐστιν
638 395 675 427 ὡς
692 396 805 431 ἔγγιστα
821 398 916 431 ζωδίου
929 409 935 416 ·

140 434 212 461 ὣστε
227 436 256 462 ὲν
270 436 308 471 τῷ
323 437 442 473 μηνιαίῳ
460 439 548 474 χρόνῳ
564 440 597 474 ιγ’
615 440 697 473 goat:
713 443 751 474 ὡς
765 443 878 478 ἔγγιστα
895 454 936 473 κι-

139 481 246 508 νεῖσθαι
271 483 321 518 τὴν
347 483 469 520 σελήνην.
489 486 566 512 Ἔστι
590 486 618 513 δὲ
638 488 652 513 ὁ
675 489 724 523 μὲν
744 490 860 526 ἀκριϐὴς
883 501 935 527 μη-

137 529 224 560 νιαῖος
232 529 336 564 χρόνος,
343 530 468 566 καθάπερ
475 531 592 567 εἴρηται,
602 533 653 568 ήμε
658 534 758 569 ρῶνκθ¹
768 535 834 571 α’ίβ’
841 537 933 572 α’ίλγυ

137 574 163 599 oi
173 573 201 600 δὲ
213 575 282 610 πρὸς
293 576 343 611 τὴν
357 577 497 612 πολιτικὴν
509 579 619 614 ἀγωγὴν
628 580 801 617 ὁλοσχερέστε
807 592 850 618 ρον
865 584 934 620 λαμ-

137 617 284 654 ϐανόμενοι
294 622 416 657 μηνιαῖοι
425 623 515 658 χρόνοι
525 624 594 650 εἰσὶν
605 626 716 662 ἡμερῶν
730 627 762 653 κθ
776 617 852 663 α’]βζ
863 617 933 656 ὥστε

135 665 184 691 τὴν
203 664 315 701 δίμηνον
335 668 431 703 χρόνον
447 669 572 702 γενέσθαι
590 671 701 707 ἡμερῶν
721 673 769 700 νθ¹.
790 675 869 701 ’Ὁοεν
889 676 933 703 διὰ

135 710 240 747 ταύτην
254 712 303 748 τὴν
315 713 408 740 αἰτίαν
420 714 444 740 ol
461 715 532 742 κατὰ
543 716 620 743 πόλιν
633 718 716 752 μῆνες
733 719 845 754 ἐναλλὰξ
856 722 933 756 ἆγον-

136 765 182 783 ται
197 757 312 794 πλήρεις
327 759 373 786 καὶ
394 759 494 786 κοῖλον
513 761 557 788 διὰ
570 762 600 788 τὺ
615 763 665 798 τὴν
685 763 802 800 σελήνην
818 766 930 803 δίμηνον

135 804 250 839 ἡμερῶν
266 802 336 831 εἶναι
351 805 401 833 νϐ’.

178 871 225 898 Ἐκ
245 871 273 898 δὲ
292 872 394 900 τούτων
406 875 551 909 συνάγεται
565 877 579 902 ὁ
596 877 666 904 κατὰ
679 879 793 915 σελήνην
807 881 928 913 ἐνιαυτὸς

133 917 249 952 ἡμερῶν
270 917 332 944 τνδ’.
355 919 417 946 Ἐὰν
435 920 488 956 γὰρ
504 922 553 954 τὰς
573 923 620 950 τοῦ
646 925 729 960 μηνὸς
753 926 859 962 ἡμέρας
879 928 928 960 τὰς

133 962 178 989 26'
191 963 258 999 (173’
272 964 420 998 δωδεκάκις
436 967 728 1006 πολλαπλασιάσωμεν,
745 972 928 1010 ἀποτελεσθή-

133 1017 229 1036 σονται
251 1011 353 1046 ἡμέραι
374 1013 403 1038 αἱ
427 1013 473 1039 τοῦ
491 1015 561 1042 κατά
586 1017 701 1052 σελήνην
717 1018 843 1045 ἐνιαυτοῦ
864 1020 925 1048 τνδ’.

135 1054 235 1087 ’Λλλος
254 1057 309 1092 γάρ
321 1057 379 1084 ὲστι
394 1059 454 1084 καθ’
466 1059 542 1094 ἥλιον
557 1061 690 1094 ἐνιαυτὸς,
708 1064 755 1090 καὶ
766 1064 845 1097 ἄλλος
858 1066 927 1092 κατὰ

129 1101 259 1138 σελήνην,
278 1103 308 1130 ’0
332 1104 381 1138 μὲν
397 1105 450 1140 γὰρ
470 1106 516 1132 τοῦ
537 1107 612 1142 ήλὶου
635 1108 667 1134 ιϐ’
682 1109 785 1141 ζωδίων
808 1111 864 1146 ἔχει
878 1121 927 1138 πε-

133 1147 266 1183 ριδρομὴν
279 1148 326 1175 τοῦ
340 1149 426 1184 ἡλίου·
439 1151 506 1188 ὅπερ
520 1153 589 1179 εἰσὶν
606 1154 707 1189 ἡμέραι
717 1157 770 1188 τξε¹
783 1157 856 1191 a'/6’-
873 1158 886 1183 ὀ
898 1157 926 1184 δὲ

130 1193 183 1228 τῆς
201 1195 330 1230 σελήνης,
354 1196 386 1222 ιϐ’
405 1198 496 1232 μηνῶν
525 1199 647 1235 περιέχει
669 1201 763 1237 χρόνον
779 1203 829 1238 τῆς
851 1204 927 1240 σελή-

131 1248 192 1274 νης,
206 1241 276 1276 ὅπερ
298 1241 372 1268 ἐστὶν
397 1243 499 1279 ἡμέραι
522 1245 589 1278 τνδ’,
614 1246 674 1273 ἐπεὶ
700 1246 761 1274 οὔτε
781 1249 795 1274 ὁ
820 1249 873 1284 μὴν
897 1250 926 1282 ἐξ

130 1285 201 1311 ὅλων
217 1285 329 1322 ἡμερῶν
340 1288 513 1324 συνέστηκεν,
524 1290 586 1317 οὔτε
599 1292 613 1318 ό
627 1292 687 1319 καθ’
703 1293 778 1328 ἥλιον
793 1295 924 1328 ἐνιαυτός.

136 1331 277 1366 Ἑζητεῖτο
299 1330 345 1359 οὖν
361 1334 456 1369 χρόνος
479 1335 532 1362 ὑπὸ
552 1336 606 1363 τῶν
629 1337 810 1374 ἀστρολόγων,
829 1341 858 1372 ὃς
881 1351 926 1368 πε-

131 1377 220 1412 ριέχει
244 1378 308 1411 ὅλας
331 1379 455 1415 ἡμέρας,
483 1382 529 1408 καὶ
551 1383 628 1415 ὅλους
650 1385 752 1421 μῆνας,
778 1386 824 1413 καὶ¹
849 1387 926 1420 ὅλους

128 1422 284 1454 ἐνιαυτούς.

166 1490 300 1545 Πρὸθεσις
314 1491 368 1528 γὰρ
380 1490 414 1529 ἦν
425 1495 482 1526 τοῖς
495 1494 618 1531 ἀρχαίοις
632 1497 686 1532 (52)
698 1499 761 1531 τοὺς
773 1500 822 1535 μὲν
835 1502 924 1537 μῆνας
936 1516 957 1545 c

127 1535 208 1569 ἄγειν
230 1536 301 1563 κατὰ
322 1538 436 1574 σελήνην
448 1560 454 1571 ,
469 1541 532 1572 τοὺς
550 1542 578 1568 δὲ
599 1544 737 1576 ἐνιαυτοὺς
759 1546 820 1572 καθ’
837 1547 921 1582 ἥλιον.

127 1582 166 1608 Τὸ
182 1582 236 1618 γὰρ
251 1583 303 1610 ὑπὸ
315 1585 368 1610 τῶν
382 1585 472 1621 νόμων
487 1587 534 1614 καὶ
547 1588 601 1615 τῶν
615 1591 747 1626 χρησμῶν
768 1595 923 1629 παραγγελ-

126 1628 243 1664 λόμενον
254 1649 260 1661 ,
273 1630 304 1657 τὸ
320 1631 394 1658 θύειν
414 1633 484 1660 κατὰ
499 1634 532 1668 γ’,
547 1636 629 1671 ἦγουν
643 1637 676 1664 τὰ
692 1628 813 1676 πάτριαι
822 1628 920 1677 μῆνας,

126 1675 247 1711 ἡμέρας,
265 1677 418 1711 ἐνιαυτούς·
441 1680 521 1707 τοῦτο
537 1681 659 1710 διέλαϐον
682 1684 801 1719 ἅπαντες
821 1689 845 1714 οἱ
861 1689 923 1715 Ἕλ-

125 1721 210 1757 ληνες
232 1722 270 1758 τῷ
291 1724 354 1756 τοὺς
372 1725 420 1760 μὲν
443 1727 582 1761 ἐνιαυτοὺς
608 1731 760 1766 συμφώνως
783 1734 859 1768 ἄγειν
882 1736 922 1772 τῷ

126 1768 209 1804 ἡλίῳ,
232 1769 281 1801 τὰς
299 1770 327 1796 δὲ
347 1772 453 1808 ἡμέρας
480 1774 527 1800 καὶ
550 1776 613 1807 τοὺς
636 1777 726 1812 ’μῆνας
750 1781 782 1814 τῇ
811 1768 919 1819 σελήνη.

128 1816 209 1841 Ἐστι
223 1815 252 1842 δὲ
270 1816 299 1842 τ’)
317 1817 367 1852 μὲν
381 1818 442 1844 καθ’
456 1819 532 1854 ἥλιον
553 1821 630 1856 ἄγειν
653 1824 716 1855 τοὺς
736 1815 921 1859 ἐνιαυτοὺς

125 1862 193 1897 περὶ
208 1862 257 1894 τὰς
275 1863 360 1895 αὐτὰς
378 1865 451 1900 ὧρας
463 1866 510 1893 τοῦ
525 1868 647 1896 ἐνιαυτοῦ
664 1870 713 1902 τὰς
727 1872 812 1905 αὑτὰς
826 1874 921 1907 θυσίας

124 1909 186 1940 τοῖς
201 1908 271 1940 θεοῖς
287 1910 480 1944 ἐπιτελεῖσθαι,
496 1914 541 1940 καὶ
561 1915 611 1950 τὴν
635 1916 684 1951 μὲν
702 1918 812 1954 ἐαρινὴν
826 1920 920 1948 θυσίαν

123 1952 173 1980 διὰ
186 1954 286 1986 παντὸς
302 1956 373 1982 κατὰ
386 1956 416 1982 τὸ
428 1956 478 1991 ἔαρ
491 1959 674 1987 συντελεῖσθαι
685 1982 692 1994 ,
705 1962 754 1998 τὴν
768 1952 796 1990 δέ
812 1965 919 2002 θερινὴν

124 1999 199 2026 κατὰ
223 2000 254 2026 τὸ
276 1999 366 2036 θέρος·
390 2003 489 2038 ὁμοίως
512 2005 539 2031 δὲ
561 2007 607 2033 καὶ
632 2012 704 2036 κατὰ
724 2010 787 2041 τοὺς
809 1999 919 2044 λοιπούς

124 2046 242 2081 καιροὺς
255 2046 302 2072 τοῦ
323 2047 399 2079 ἔτους
419 2049 470 2081 τὰς
486 2050 571 2083 αὐτὰς
585 2051 679 2085 Θυσίας
698 2055 817 2082 πίπτειν.
833 2057 919 2085 Τοῦτο

124 2091 182 2126 γὰρ
198 2091 332 2119 ὑπέλαὸον
346 2096 480 2131 προσηνὲς
497 2097 543 2123 καὶ
560 2100 756 2135 κεχαρισμένον
772 2101 841 2129 εἶναι
861 2106 918 2137 τοῖς

125 2137 210 2169 θεοῖς.
223 2137 309 2165 Τοῦτο
331 2139 359 2166 δὲ
380 2141 466 2173 ἄλλως
486 2143 535 2170 οὐκ
559 2144 592 2171 ἂν
608 2145 716 2174 δύναιτο
733 2149 869 2183 γενέσθαι,
892 2153 916 2178 εἰ

991 221 1079 244 autem
1097 215 1267 246 menstruum
1284 224 1391 256 tempus
1402 222 1506 250 dierum
1518 224 1553 250 29
1570 224 1622 260 4/2
1642 225 1728 261 4/55;
1746 227 1774 254 in

989 270 1129 290 menstruo
1145 271 1234 292 autem
1244 271 1365 301 tempore
1380 268 1442 295 luna
1458 275 1585 305 peragrat
1599 275 1626 298 et
1639 273 1773 299 circulum

988 308 1141 338 zodiacum.
1153 314 1180 337 ct
1189 316 1320 345 prmlerea
1329 320 1391 339 eum
1405 321 1499 340 arcum
1518 323 1597 350 quem
1609 318 1649 344 sol
1661 317 1687 344 in
1702 326 1775 345 men-

987 358 1064 381 struo
1081 359 1205 390 tempore
1233 357 1260 384 in
1278 361 1475 394 consequentia
1497 361 1574 396 signa
1594 364 1703 390 transit.
1723 363 1773 392 Hic

986 407 1067 427 arcus
1083 406 1173 428 autem
1189 402 1244 429 fere
1270 408 1312 431 est
1327 405 1409 432 unius
1432 406 1512 441 signi.
1538 408 1629 442 Itaque
1645 409 1671 436 in
1697 418 1773 438 men-

986 449 1063 472 struo
1075 450 1194 481 tempore
1203 447 1266 474 luna
1274 449 1328 476 fere
1339 450 1371 476 i3
1380 450 1456 485 signa
1466 454 1610 486 percurrit.
1625 453 1672 481 Est
1680 459 1771 483 autem

985 496 1109 519 exactum
1126 497 1295 521 menstruum
1318 499 1433 530 tempus,
1448 497 1519 525 sicut
1532 498 1634 526 dictum
1648 506 1699 533 est,
1712 501 1770 528 die-

984 543 1045 563 rum
1054 537 1241 574 291/21/53,
1258 549 1318 575 quae
1327 550 1389 568 vero
1403 548 1541 570 inenstrua
1551 549 1672 580 tempora
1684 547 1717 574 ad
1731 548 1770 574 ci-

984 583 1062 610 vilem
1071 592 1148 611 usum
1159 586 1248 614 miims
1259 593 1385 615 accurate
1394 595 1549 622 sumuntur,
1557 597 1656 619 easuut
1665 593 1769 621 dierum
1779 602 1782 605 '

983 629 1017 656 29
1038 630 1098 666 l/2,
1120 632 1156 658 ita
1175 636 1204 658 ut
1228 633 1357 662 bimestre
1387 639 1494 671 tempus
1520 637 1566 664 liat
1588 639 1692 666 dierum
1710 640 1768 668 59:

983 678 1056 704 unde
1073 682 1184 712 propter
1199 679 1270 706 hanc
1284 688 1395 708 causam
1413 683 1506 711 civiles
1527 692 1635 712 menses
1650 687 1769 714 alterna-

981 723 1030 749 tim
1054 728 1173 758 aguntur
1193 726 1277 760 pleni,
1293 732 1320 753 et
1340 728 1399 755 cavi
1418 738 1424 756 :
1440 733 1585 764 propterea
1609 732 1681 767 quod
1704 733 1768 760 luna

981 767 1121 796 bimestris
1135 770 1171 797 sit
1182 770 1287 798 dierum
1304 772 1348 799 59.

1014 879 1052 907 Ex
1069 880 1112 908 his
1128 886 1218 909 autem
1227 883 1571 919 colligiturlonarisannus
1586 889 1692 917 dierum
1702 890 1765 919 534.

979 926 1007 954 Si
1022 929 1094 955 cnim
1108 929 1191 956 unius
1212 931 1314 958 mensis
1329 932 1388 959 dies
1405 933 1502 968 991/2
1514 935 1659 964 duodecies
1675 938 1766 964 multi-

978 974 1188 1009 plicaverimus,
1216 977 1366 1004 ellicientur
1397 978 1502 1007 lunaris
1528 983 1590 1008 armi
1622 982 1679 1010 dies
1701 983 1764 1012 554.

977 1020 1056 1047 Alius
1070 1021 1141 1048 enim
1160 1028 1202 1049 est
1220 1030 1308 1050 annus
1324 1024 1432 1058 solaris,
1450 1030 1476 1052 et
1494 1027 1565 1054 alius
1581 1035 1670 1055 annus
1688 1029 1766 1056 luna-

977 1065 1024 1092 ris.
1039 1066 1142 1095 Solaris
1154 1068 1226 1094 enim
1242 1077 1331 1096 annus
1363 1071 1445 1097 habet
1464 1071 1608 1099 circuitum
1625 1074 1692 1101 solis
1716 1082 1765 1109 per

977 1112 1011 1139 12
1026 1113 1112 1148 signa,
1130 1114 1176 1148 qui
1194 1114 1342 1143 llalietdics
1361 1117 1413 1144 565
1433 1117 1503 1152 1ίιε
1519 1123 1546 1145 at
1562 1119 1665 1147 lunaris
1675 1128 1764 1148 almus

977 1160 1102 1186 continet
1129 1163 1237 1194 tempus
1263 1161 1297 1187 12
1310 1163 1445 1190 mensium
1470 1164 1618 1197 lunarium,
1634 1168 1706 1201 quod
1721 1172 1764 1195 est

976 1204 1080 1232 dierum
1100 1205 1162 1232 554.
1180 1205 1318 1240 Siquidem
1336 1215 1387 1234 nec
1402 1210 1504 1236 mensis
1517 1218 1548 1237 ex
1563 1211 1677 1246 integris
1699 1221 1763 1240 con-

975 1255 1029 1278 stat
1056 1251 1162 1283 diebus,
1190 1260 1241 1279 nec
1255 1260 1343 1280 annus
1362 1254 1470 1283 solaris.
1489 1256 1763 1294 Quaarebaturigitur

976 1301 1083 1332 tempus
1098 1298 1133 1326 ab
1157 1300 1305 1334 astrologis
1329 1301 1402 1335 quod
1424 1301 1544 1337 integros
1563 1304 1631 1337 dies,
1645 1309 1671 1332 et
1688 1305 1760 1333 inte-

973 1352 1038 1379 gros
1051 1352 1168 1378 menses,
1187 1351 1212 1372 et
1223 1346 1344 1382 integros
1354 1354 1440 1374 annos
1453 1349 1617 1378 contineret.

1009 1500 1181 1536 Propositum
1203 1502 1276 1529 enim
1297 1502 1348 1529 fuit
1364 1503 1502 1531 veteribus
1524 1511 1632 1532 menses
1647 1504 1757 1540 quidem

974 1555 1055 1582 agere
1070 1547 1217 1575 SCClllldUlﬂ
1241 1548 1345 1580 lunam,
1365 1555 1451 1576 annos
1467 1557 1531 1576 vero
1544 1551 1693 1577 secundum
1711 1559 1757 1578 SO-

973 1594 1036 1621 lem.
1055 1593 1131 1627 Quod
1146 1594 1217 1621 enim
1243 1601 1256 1620 a
1278 1594 1383 1630 legibus
1398 1599 1425 1622 et
1447 1596 1565 1623 oraculis
1583 1597 1759 1632 praecipieba-

972 1642 1027 1671 tur,
1043 1643 1074 1666 ut
1089 1640 1275 1666 sacriﬁcarent
1301 1641 1452 1667 secundum
1480 1642 1532 1667 tria
1543 1662 1549 1671 .
1566 1642 1692 1670 videlicet
1708 1651 1757 1678 pa-

972 1686 1035 1717 tria,
1049 1694 1167 1717 menses,
1184 1686 1253 1717 dies,
1271 1693 1375 1720 annos;
1398 1687 1447 1713 hoc
1465 1687 1502 1713 ita
1527 1687 1656 1715 di51incle
1675 1689 1758 1716 facie-

971 1731 1036 1758 bant
1050 1732 1170 1759 universi
1189 1731 1286 1763 Graeci.
1303 1736 1332 1759 ut
1345 1740 1432 1759 annos
1446 1737 1558 1767 agerent
1574 1739 1758 1769 congruenter

971 1785 1032 1804 cum
1049 1778 1122 1810 sole;
1140 1777 1200 1805 dies
1216 1786 1291 1809 vero.
1314 1782 1341 1805 ct
1363 1787 1471 1806 menses
1491 1787 1553 1806 cum
1578 1780 1652 1808 luna.
1671 1780 1757 1807 Porro

972 1823 1122 1850 secundum
1147 1825 1232 1851 solem
1260 1831 1347 1852 annos
1375 1832 1455 1859 agere
1476 1829 1518 1852 est
1547 1827 1621 1852 circa
1646 1828 1756 1854 easdem

971 1874 1146 1904 tempestates
1169 1871 1232 1896 anni
1250 1871 1344 1897 eadem
1362 1871 1497 1898 sacrificia
1517 1871 1571 1898 diis
1596 1872 1706 1906 perfici;
1728 1876 1756 1899 et

970 1923 1083 1948 vernum
1110 1917 1274 1943 sacriﬁcium
1296 1924 1403 1951 semper
1417 1917 1445 1944 in
1468 1925 1531 1945 vero
1556 1919 1753 1950 consummari.

969 1961 1093 1988 aestivum
1113 1966 1203 1989 autem
1220 1963 1247 1989 in
1262 1966 1355 1989 aestate
1374 1972 1380 1989 ε
1398 1963 1525 1990 similiter
1541 1967 1567 1990 ct
1588 1964 1615 1991 in
1640 1964 1754 1999 reliquis

970 2007 1033 2034 anni
1048 2008 1216 2042 temporibus
1231 2009 1325 2036 eadem
1336 2009 1471 2036 sacrilicia
1483 2009 1591 2045 cadere.
1609 2009 1667 2037 Hoc
1679 2011 1753 2038 enim

969 2053 1099 2088 putabant
1113 2058 1254 2089 acceptum
1270 2059 1297 2082 et
1311 2060 1416 2089 gratum
1432 2063 1494 2082 esse
1511 2055 1575 2083 diis.
1588 2055 1646 2083 Hoc
1661 2060 1751 2084 autem

968 2101 1047 2129 aliter
1061 2101 1120 2129 ﬁeri
1130 2109 1183 2129 non
1197 2105 1299 2136 posset,
1315 2102 1369 2129 nisi
1382 2102 1577 2129 conversiones
1593 2103 1752 2131 solstitiales

968 2152 995 2174 et
1008 2147 1171 2182 aequinoctia
1189 2147 1216 2174 in
1239 2146 1335 2173 iisdem
1356 2146 1461 2174 zodiaci
1479 2147 1547 2174 locis
1571 2146 1676 2174 ﬁerent.
1701 2145 1750 2174 Sc-

126 2183 167 2219 μὴ
181 2184 210 2210 αἱ
224 2185 324 2220 τροπαὶ
336 2187 383 2213 καὶ
395 2188 422 2214 αἱ
441 2189 582 2225 ἰσημερίαι
599 2192 664 2228 περὶ
679 2195 741 2226 τοὺς
760 2196 858 2229 αὐτοὺς
871 2198 913 2224 τύ-

977 2193 1086 2221 :undum
1106 2194 1197 2220 lunam
1222 2200 1287 2220 vero
1308 2193 1367 2220 dies
1393 2200 1473 2228 agere
1486 2198 1528 2220 est
1544 2193 1607 2224 tale,
1631 2198 1661 2220 ut
1685 2201 1751 2220 con-

123 2238 195 2262 τωυς
207 2231 351 2265 γίγνοιντο.
363 2233 400 2259 Τὸ
410 2234 438 2261 δὲ
448 2235 518 2262 κατὰ
535 2237 648 2273 σελήνην
659 2238 735 2274 ἄγειν
749 2241 798 2273 τὰς
809 2243 913 2280 ἡμέρας

977 2246 1064 2275 {ruant
1087 2248 1150 2268 cum
1177 2240 1250 2267 luna:
1279 2239 1528 2267 illumlnationibus
1557 2240 1749 2275 appellationes

121 2275 246 2303 τοιοῦτόν
267 2278 340 2311 ἐστι,
357 2279 388 2306 τὸ
411 2280 565 2314 ἀκολούθως
581 2285 637 2316 τοῖς
657 2285 707 2320 τῆς
729 2275 842 2324 σελήνής

977 2287 1081 2314 lierum.
1097 2286 1165 2314 Nam
1180 2294 1194 2314 a
1209 2287 1280 2314 luna:
1292 2286 1538 2313 illuminatiouibus
1552 2286 1749 2320 appellationes

121 2323 231 2357 τισμοῖς
244 2323 294 2354 τὰς
306 2326 491 2361 προσηγορίας
501 2327 556 2354 τῶν
570 2329 681 2364 ἡμερῶν
696 2331 828 2366 γίνεσθαι.
850 2323 916 2362 Ἀπὸ

121 2366 178 2402 γὰρ
194 2368 248 2394 τῶν
258 2368 308 2404 τῆς
325 2369 440 2406 σελήνης
453 2373 602 2408 φωτισμῶν
617 2375 646 2401 αἱ
667 2378 845 2414 προσηγορίαι
861 2380 915 2406 τῶν

120 2414 235 2450 ἡμερῶν
251 2417 511 2453 κατωνομάσθησαν.

163 2480 241 2529 Ἐνῇ
264 2484 313 2519 μὲν
334 2485 389 2521 γὰρ
410 2486 502 2522 ἡμέρᾳ
530 2488 580 2516 νέα
604 2490 620 2525 ἡ
652 2491 750 2528 σελήνη
777 2494 911 2529 φαίνεται,

119 2528 193 2556 κατὰ
212 2529 374 2567 συναλοιφὴν
388 2533 518 2568 νεομηνία
533 2534 556 2550 ³³
570 2537 776 2574 προσηγορεύθη
787 2548 794 2555 '
809 2541 838 2566 ἐν

155 2607 178 2622 ³²
194 2609 216 2642 ι’.
231 2616 373 2645 νουμηνια.

155 2686 211 2726 (31)
231 2687 314 2715 Ἔστι
331 2688 366 2726 δὲ
377 2690 516 2724 μηνιαῖος
529 2693 648 2726 χρόνος.
665 2693 721 2720 Non
735 2699 848 2723 exactus
865 2696 907 2724 llic

116 2722 224 2766 lunaris
250 2722 559 2760 syz’ygiae'modus’est",
585 2732 614 2755 ut
628 2722 670 2756 ἐκ
695 2737 757 2766 pag.
777 2731 809 2757 2t
839 2722 907 2759 con:

228 2793 374 2828 Πρόθεσις
388 2795 442 2831 τὰρ
457 2795 496 2833 iis;
514 2797 576 2831 τοῖς
589 2798 732 2833 ἀρχαίοις.
753 2799 802 2828 Hie
824 2801 906 2829 mini-

117 2835 193 2855 mum
217 2835 319 2856 almum
347 2836 459 2865 usurpat
477 2831 611 2861 Geminus
627 2831 683 2864 ἰιι-ο
700 2831 805 2866 maiori.
825 2843 850 2864 et
874 2845 906 2865 ex

964 2334 1069 2361 dierum
1082 2337 1145 2361 sunt
1156 2333 1345 2360 denominata}.

998 2495 1027 2522 In
1039 2503 1092 2530 qua
1105 2495 1178 2522 enim
1194 2494 1239 2522 die
1250 2494 1314 2521 luna
1333 2496 1445 2528 apparet
1459 2499 1539 2523 nova,
1554 2498 1585 2519 ea
1603 2498 1650 2525 per
1663 2496 1741 2525 syna-

963 2543 1083 2578 luaplien,
1101 2549 1150 2569 seu
1178 2537 1570 2577 compositionemneopnvta,
1588 2537 1614 2564 id
1631 2540 1683 2569 est,
1697 2543 1746 2562 no-

959 2697 1084 2741 plurlibus
1110 2695 1250 2737 conﬂato_:
1267 2691 1742 2741 ου]ιιεηιρᾳξΕςςιιιηοειξιδιοιηξεηςη-

960 2726 1179 2763 iteadccaeteris;
1196 2726 1356 2769 quieturus
1376 2728 1538 2769 Cleostrati.
1559 2728 1600 2754 vel
1621 2726 1741 2769 Harpali,

959 2768 1000 2794 vel
1012 2767 1138 2798 Metonis,
1149 2771 1196 2793 aut
1206 2762 1311 2800 Calippi
1326 2764 1460 2792 nominari
1475 2766 1663 2793 consueverat.
1681 2762 1742 2789 ιιέυο

959 2802 1000 2830 vel
1021 2803 1111 2838 pueris
1128 2803 1252 2838 ignorare
1272 2808 1326 2828 non
1339 2801 1410 2828 licet.
