1902 3143
182 123 235 151 803

696 123 740 150 Al)
761 122 896 151 EUSEBII
918 121 1119 151 ῦιιιιοΝιεοΝ
1138 121 1321 149 ΑΡΡΕΝΒΙΧ.

1756 124 1804 152 8ιι1

187 180 320 207 vilumum
333 179 498 215 appellatur;
516 180 543 206 in
558 187 610 215 qua
621 187 686 207 vero
700 179 743 207 die
758 180 906 208 secundam
924 180 957 208 la

1017 180 1109 216 ἡμέρα
1134 179 1182 215 τὴν
1200 179 1328 214 δευτέραν
1341 179 1423 214 φασιν
1440 180 1568 211 ποιεῖται,
1583 180 1713 217 δευτέραν
1730 189 1809 218 προσ-

186 226 225 253 cit
239 226 448 261 apparitionem,
464 233 522 253 eam
535 225 682 252 secundum
708 225 799 252 lunam
819 230 968 260 vocarunt;

183 273 382 307 apparitionem
405 272 486 302 luna,
501 278 560 306 quae
575 271 648 298 circa
670 271 790 298 medium
812 272 915 299 mensis
929 272 968 304 ﬁt,

183 318 219 345 ab
234 318 294 353 ipso
308 321 416 350 eventu,
428 317 597 353 διχομηνίαν,
610 317 637 344 id
648 321 689 344 est
704 318 875 345 medietatem
893 326 970 345 men-

184 363 223 391 sis
236 364 422 394 nominarnnt,
441 370 474 389 ac
497 363 653 390 summatim
668 370 763 391 omnes
787 364 845 391 dies
863 372 877 391 a
899 365 968 391 lunae

183 409 430 438 illutninatiouibus
445 409 668 436 denominarunt.
692 409 771 437 Unde
786 410 867 437 etiam
886 410 968 437 trice-

183 456 279 484 simam
293 455 395 482 mensis
410 455 492 487 diem,
502 463 564 483 cum
577 456 672 482 ultima
686 456 731 487 sit,
749 456 784 483 ab
800 456 859 491 ipso
870 461 967 484 eventu

182 503 304 530 triacada
324 506 468 530 vocarunt.
487 501 536 530 His
558 505 744 530 consentanea
766 503 848 530 etiam
868 504 968 530 Aratus

181 551 210 578 in
240 549 470 585 appellationibus
497 549 603 576 dierum
634 549 814 581 demonstrat,
837 557 899 576 cum
927 549 967 577 sic

181 596 269 631 inquit
283 605 290 623 :

181 650 277 688 [Emme
288 651 371 688 rvides.
390 661 449 680 cum
460 660 542 688 parva
558 650 679 688 cornibus
697 650 760 676 [una

187 686 292 722 Vesperi
306 685 470 722 apparuerit;
481 686 622 713 crescentia
638 685 712 712 docxt

181 721 280 749 Mensis
301 720 432 758 (signum)
450 722 510 749 inde
532 729 590 747 cum
607 721 708 755 primus
723 720 847 754 splendor
863 721 964 762 di/[un-

183 791 216 817 Ut
232 790 353 817 umbram
366 791 460 822 faciat,
471 790 553 817 tendit
569 789 604 816 ad
617 795 741 824 quartum
753 791 831 818 diem.
867 756 962 792 [duum

181 826 246 853 Octa
265 826 320 854 dies
338 827 365 853 in
381 825 464 853 medio
481 826 542 853 orbe
560 825 668 852 luminis
684 827 847 853 medietatem
866 828 963 854 mensis

733 861 802 902 [tolli
814 861 881 902 facie
896 858 960 898 (53).
981 868 1001 896 Β

180 894 287 928 Semper
297 901 385 923 autem
399 895 452 922 alio
470 901 583 930 tempore
594 897 663 923 alias
678 894 776 930 frontes
793 894 927 924 inclinans

180 931 295 964 Dixerit,
310 936 392 965 quota
404 932 500 959 mensis
514 941 613 959 aurora
627 933 860 959 cia-cumvotvatur.

181 1001 277 1036 191a
300 1001 343 1028 his
370 1001 442 1028 enim
461 1001 604 1036 perspicue
625 1001 715 1036 inquit
733 1001 767 1028 ab
788 1001 964 1029 illuminatio-

179 1047 260 1074 nibtts
273 1046 344 1073 lunae
356 1046 552 1081 appellationes
567 1047 672 1074 dierum
686 1047 877 1075 denominatus
891 1055 962 1076 esse.

179 1091 267 1126 Hujus
286 1092 358 1127 quod
372 1092 521 1119 secundum
547 1093 637 1119 lunam
655 1097 783 1120 accurate
798 1093 856 1120 dies
876 1092 962 1120 Graeci

180 1142 273 1173 agant.
301 1143 488 1172 argumentum
504 1142 544 1166 est
565 1138 627 1170 hoc,
650 1138 723 1174 quod
754 1139 820 1166 solis
846 1139 963 1174 eclipses

179 1186 245 1211 ﬁant
262 1184 288 1210 in
306 1183 436 1216 triacade,
447 1184 498 1211 hoc
521 1187 563 1211 est
576 1183 619 1210 die
631 1183 778 1211 tricesima.
795 1183 873 1210 Tunc
890 1184 961 1210 enim

176 1230 240 1258 luna
254 1230 429 1266 conjungitur
441 1237 504 1257 cum
520 1229 588 1260 sole.
603 1233 630 1257 et
641 1230 667 1257 in
683 1230 777 1257 eodem
795 1230 879 1266 gradu
895 1237 962 1257 con-

176 1277 307 1304 stituitur.
326 1275 409 1303 Luna:
424 1283 488 1302 vero
502 1276 618 1311 eclipses
649 1275 809 1311 contingant
833 1283 864 1303 ea
884 1280 962 1304 nocte

177 1329 237 1357 quae
249 1321 336 1349 tendit
353 1321 386 1348 ad
403 1320 575 1348 medietatem
590 1321 702 1349 mensis.
723 1321 801 1348 Tunc
824 1322 896 1349 enim
919 1329 962 1349 se-

175 1366 294 1394 cundum
309 1366 470 1393 diametrum
484 1367 547 1393 luna
564 1366 614 1393 soli
628 1366 792 1401 opponitur,
814 1370 841 1393 et
866 1366 962 1393 incidit

174 1412 200 1438 in
221 1411 344 1437 umbram
358 1414 447 1438 terrae.
458 1410 527 1438 Cum
542 1411 624 1446 igitur
631 1415 658 1438 et
669 1411 732 1438 anui
743 1415 868 1438 accurate
877 1419 962 1446 agm-

175 1460 220 1483 tur
234 1456 383 1484 secundum
401 1457 485 1484 solem
496 1476 504 1488 ,
522 1461 548 1484 et
563 1464 671 1485 menses
689 1462 716 1484 et
738 1457 796 1484 dies
810 1457 961 1484 secundum

173 1502 282 1536 lunam,
305 1508 370 1529 tunc
383 1506 480 1538 putant
497 1502 584 1530 Graeci
603 1510 633 1530 se
646 1503 795 1530 secundum
809 1503 899 1538 patria
917 1511 960 1531 sa-

173 1549 314 1582 criﬁcare;
332 1548 383 1576 hoe
402 1552 492 1576 autem
517 1553 559 1577 est
578 1548 673 1577 iisdem
697 1550 866 1584 temporibus
895 1552 959 1577 anni

171 1595 266 1622 eadem
281 1594 415 1622 sacriﬁcia
433 1594 486 1623 diis
499 1602 701 1623 consummare.
728 1595 817 1631 Atque
839 1595 959 1632 JEgyptii

172 1640 282 1676 quidem
294 1641 462 1668 contrariam
479 1640 581 1668 Graecis
596 1645 623 1669 et
635 1641 797 1669 sententiam
812 1645 839 1670 et
859 1650 959 1677 propo-

171 1686 254 1714 situm
266 1686 428 1714 habuerunt.
437 1685 530 1722 Neque
538 1687 608 1714 enim
618 1695 704 1714 annos
713 1691 797 1722 agunt
808 1688 957 1715 secundum

171 1732 267 1763 solem.
277 1740 366 1767 neque
378 1740 486 1760 menses
497 1736 524 1760 et
535 1732 594 1760 dies
608 1733 759 1761 secundum
782 1734 874 1761 lunam
885 1754 892 1764 .
909 1734 957 1761 sed

172 1779 282 1814 propria
299 1778 416 1813 quadam
434 1780 539 1806 ratione
558 1783 621 1806 sunt
637 1779 689 1806 usi.
706 1778 809 1806 Volunt
824 1780 895 1807 enim
908 1788 955 1807 sa-

169 1824 271 1852 criﬁcia
283 1823 336 1852 diis
349 1823 407 1851 ﬁeri
418 1832 473 1851 non
488 1825 639 1852 secundum
659 1824 730 1852 idem
747 1828 855 1861 tempus
871 1826 935 1853 anni
948 1835 955 1860 ;

170 1871 217 1899 sed
234 1879 264 1898 ea
280 1878 328 1906 per
352 1878 448 1899 omnes
461 1871 526 1898 anui
545 1871 712 1906 quadrantes
726 1871 777 1905 ire,
799 1875 826 1898 et
846 1871 904 1899 ﬁeri
923 1879 954 1899 ex

170 1916 265 1944 aestivo
282 1915 352 1944 festo
365 1920 392 1943 et
410 1914 599 1947 hibernum,et
613 1916 780 1948 autumnaleI
789 1920 815 1943 et
829 1924 953 1944 vernum.

170 1963 261 1997 Agunt
276 1963 348 1989 enim
376 1970 477 1990 annum
500 1962 605 1990 dierum
629 1961 698 1993 565.
721 1961 864 1989 duodecim
883 1963 955 1990 enim

170 2015 278 2036 menses
290 2013 374 2043 agunt
391 2008 425 2036 50
453 2008 568 2040 dierum,
583 2013 610 2035 et
626 2008 748 2043 quinque
770 2008 829 2036 dies
843 2012 954 2044 epactas

171 2054 283 2082 addunt.
298 2054 349 2082 Sed
365 2045 544 2089 quadrantem
560 2055 635 2082 illum
646 2054 699 2082 diei
719 2062 773 2082 non
788 2055 954 2082 intercalant

171 2104 280 2135 propter
293 2100 449 2135 praedictam
470 2107 599 2134 causam;
620 2104 649 2127 ut
664 2100 790 2129 videlicet
815 2101 869 2129 illis
885 2101 953 2130 festa

170 2146 329 2181 anticipent.
349 2145 416 2173 Nam
427 2146 455 2174 in
468 2151 584 2181 quatuor
600 2147 680 2174 annis
695 2154 751 2174 uno
772 2147 815 2175 die
831 2147 951 2184 ASgyptii

167 2192 298 2220 deﬁciunt
312 2201 327 2219 a
344 2193 412 2225 sole,
428 2192 454 2219 in
463 2192 498 2220 40
515 2193 594 2220 annis
607 2192 701 2220 decem
712 2192 809 2221 diebus
824 2193 951 2221 deﬁcient

167 2241 278 2273 propter
290 2246 394 2265 annum
425 2238 501 2266 solis.
518 2237 612 2273 Itaque
632 2239 714 2266 etiam
729 2239 839 2267 totidem
855 2239 952 2268 diebus

167 2284 316 2318 anticipant
332 2283 449 2315 lesta,ut
462 2284 662 2319 necontingant
675 2285 825 2312 secundum
842 2285 951 2313 eosdem

167 2330 333 2366 quadrantes
348 2330 424 2357 anni.
438 2331 467 2357 ln
488 2331 567 2358 annis
583 2338 648 2358 vero
666 2331 718 2359 120
744 2335 884 2359 menstrua
899 2333 952 2360 erit

167 2377 296 2409 varietas,
311 2376 482 2412 respiciendo
497 2384 559 2404 cum
571 2377 603 2404 ad
619 2385 721 2405 annum
736 2378 802 2406 solis
813 2398 822 2411 ,
841 2383 898 2406 tum
916 2379 950 2407 ad

167 2422 231 2450 anni
243 2423 419 2458 quadrantes.
432 2422 612 2456 Quamobrem
629 2428 750 2452 erratum
775 2425 852 2457 illud,
876 2425 949 2460 quod

167 2469 238 2504 apud
250 2468 359 2497 Grzecos
379 2469 579 2502 circumfertur,
597 2478 661 2497 cum
684 2475 797 2506 propter
819 2472 949 2506 temporis

166 2515 361 2551 longitudinem
385 2516 578 2551 approbatione
603 2516 714 2552 dignum
742 2518 778 2545 sit
803 2517 949 2549 habitum,

165 2561 246 2588 etiarn
261 2561 295 2589 ad
310 2566 403 2589 nostra
420 2569 505 2597 usque
519 2566 640 2597 tempora
663 2569 712 2597 pro
728 2570 794 2590 vero
814 2563 948 2590 creditum

165 2606 224 2634 fuit.
237 2607 336 2635 Putant
348 2608 419 2636 enim
431 2608 541 2644 plurimi
563 2606 720 2637 Graecorum
735 2608 762 2635 in
785 2608 884 2636 festum
900 2607 954 2635 lsi-

199 2685 221 2701 ³³
237 2695 282 2721 rp.
296 2689 362 2722 ρκε’.

198 2761 253 2798 (33)
271 2763 296 2791 Id
313 2769 353 2792 est
366 2765 473 2798 integro
488 2763 554 2790 orbe
566 2763 669 2798 lucens,

199 2799 255 2833 (54)
275 2802 306 2827 Οι
325 2800 383 2834 μὲν
402 2797 456 2834 γὰρ
472 2798 634 2833 Αἰγύπτιοι.
649 2797 699 2826 llic
715 2798 793 2825 locus
809 2797 942 2834 Soliniani

163 2833 385 2863 commentatoris
398 2833 512 2870 castigat
527 2841 659 2868 errorem,
677 2834 724 2869 qui
742 2841 842 2862 annum
859 2833 944 2870 Egy:

1018 225 1186 261 ηγόρευσαν·
1202 225 1251 260 τὴν
1266 225 1294 251 δὲ
1313 225 1383 252 κατὰ
1400 225 1481 260 μέσον
1494 224 1541 251 τοῦ
1556 225 1640 261 μηνὸς
1663 227 1808 262 γινομένην

1020 271 1100 306 φάσιν
1116 271 1164 306 τῆς
1181 271 1294 306 σελήνης
1311 271 1365 297 ἀπὸ
1376 271 1457 297 αὑτοῦ
1471 270 1517 297 τοῦ
1532 271 1728 306 συμϐαίνοντος
1739 273 1806 308 διχο-

1021 317 1119 354 μηνίαν
1132 317 1274 344 ἐκάλεσαν.
1292 318 1347 344 Καὶ
1360 317 1474 344 καθόλου
1489 317 1517 344 δὲ
1533 318 1622 349 πάσας
1635 317 1685 350 τὰς
1703 318 1808 354 ἡμέρας

1019 365 1073 391 ἀπὸ
1081 364 1136 391 τῶν
1146 366 1195 400 τῆς
1209 365 1324 401 σελήνης
1335 364 1482 400 φωτισμῶν
1494 365 1719 400 προσωνόμασαν.
1729 365 1807 391 Ὅθεν

1018 411 1064 437 καὶ
1075 411 1124 446 τὴν
1138 411 1301 446 τριακοστὴν
1314 411 1359 437 τοῦ
1375 411 1459 446 μηνὸς
1471 411 1577 446 ἡμέραν
1596 411 1714 446 ἐσχάτην
1727 409 1806 438 οὖσαν

1018 457 1072 483 ἀπὸ
1083 457 1165 483 αὑτοῦ
1178 457 1224 483 τοῦ
1237 457 1430 491 συμϐαίνοντος
1441 458 1575 492 τριακάδα
1587 458 1730 485 ἐκάλεσαν.
1745 458 1807 485 Τού-

1017 511 1073 535 τοις
1087 504 1114 529 δὲ
1131 503 1284 535 ἀκολούθως
1304 504 1351 530 καὶ
1368 505 1381 530 ὁ
1399 504 1516 539 Ἄρατος
1532 504 1578 530 ἐπὶ
1599 504 1653 531 τῶν
1672 512 1808 540 προσηγο-

1019 549 1084 584 ριῶν
1100 549 1154 575 τῶν
1168 549 1279 585 ἡμερῶν
1293 549 1483 584 ἀποφαίνεται,
1497 549 1582 584 λέγων
1596 549 1682 582 οὕτως
1692 558 1699 565 ο

1019 662 1080 695 Οὐχ
1093 660 1194 694 ὁράας,
1213 661 1300 696 ὀλίγη
1310 661 1369 695 μὲν
1385 661 1459 687 ὅταν
1474 660 1615 695 κεράεσσι
1629 660 1747 695 σελήνη

1023 697 1203 730 Ἐσπερόθεν
1220 697 1371 730 φαίνηται,
1391 697 1563 730 ἀεξομένοιο
1579 696 1718 723 διδάσκει

1016 731 1127 765 Μηνὸς,
1141 732 1190 758 ὅτε
1204 732 1304 766 πρώτη
1319 732 1516 758 ἀποκίδναται
1530 732 1657 760 αὐτόθεν
1667 732 1758 766 αὐγὴ.

1015 799 1134 826 Ὀσσον
1148 798 1315 826 ἐπισκιάειν
1330 799 1379 825 ἐπὶ
1398 799 1538 832 τέτρατον
1548 797 1626 833 ἦμαρ
1641 799 1741 826 ἰοῦσα.

1022 834 1109 861 Ὀκτὼ
1118 834 1143 861 δ’
1153 835 1187 861 ἐν
1197 834 1314 868 διχάσει
1324 843 1330 849 ·
1343 834 1489 869 διχόμηνα
1498 834 1532 860 δὲ
1542 835 1631 860 παντὶ
1643 834 1801 869 προσώπῳ.

1014 902 1075 929 Alei
1088 902 1113 929 δ’
1127 902 1258 930 ἄλλοθεν
1273 902 1354 930 ἄλλα
1367 903 1599 936 παρακλίνουσα
1612 903 1734 936 μέτωπα

1013 939 1096 972 Ειρῃ,
1111 938 1258 972 ἀποσταίη
1271 938 1368 972 μηνὸς
1386 937 1588 973 περιτέλλεται
1603 938 1673 972 ἠώς.

1020 994 1064 1020 Ἐν
1078 994 1131 1029 γὰρ
1145 993 1249 1026 τούτοις
1263 994 1356 1029 σαφῶς
1369 1002 1451 1028 φησιν
1466 993 1499 1020 ὲκ
1515 993 1570 1020 τῶν
1584 994 1734 1028 φωτισμῶν
1753 995 1802 1028 τῆς

1016 1041 1129 1076 σελήνης
1151 1041 1200 1073 τὰς
1223 1041 1407 1076 προσηγορίας
1427 1041 1482 1067 τῶν
1508 1041 1618 1076 ἡμερῶν
1643 1043 1803 1077 κατωνομα-

1016 1086 1086 1112 σθαι.
1102 1085 1155 1112 Τοῦ
1175 1086 1202 1113 δὲ
1218 1086 1288 1113 κατὰ
1305 1086 1419 1121 σελήνην
1435 1086 1512 1120 ἄγειν
1528 1085 1651 1121 ἀκριϐῶς
1665 1086 1716 1119 τὰς
1737 1086 1804 1122 ἡμέ-

1016 1140 1065 1168 ρας
1083 1132 1258 1168 παράδειγμά
1271 1132 1328 1158 ἐστι
1343 1132 1373 1158 τὸ
1384 1132 1432 1163 τὰς
1447 1132 1496 1167 μὲν
1507 1132 1553 1158 τοῦ
1572 1132 1650 1167 ἡλίου
1667 1133 1802 1168 ἐκλείψεις

1014 1177 1137 1212 γενεσθαι
1150 1179 1183 1213 τῇ
1206 1178 1341 1214 τριακάδι.
1359 1178 1425 1204 Τότε
1442 1177 1496 1214 γὰρ
1511 1177 1646 1204 συνοδεύει
1662 1179 1678 1214 ἡ
1703 1179 1800 1215 σελήνη

1013 1224 1052 1260 τῷ
1067 1224 1143 1260 ἡλίῳ,
1162 1226 1207 1251 καὶ
1229 1225 1299 1251 κατὰ
1318 1224 1367 1260 τὴν
1387 1224 1471 1260 αὐτὴν
1491 1226 1587 1260 μοῖραν
1609 1225 1725 1259 γίνεται.
1749 1226 1802 1256 Τὰς

1013 1269 1041 1296 δὲ
1053 1270 1102 1305 τῆς
1125 1270 1238 1306 σελήνης
1259 1270 1392 1305 ἐκλείψεις
1407 1270 1484 1297 νυκτὶ
1560 1270 1679 1306 φερούσῃ
1700 1272 1740 1302 είς
1754 1271 1802 1305 τὴν

1012 1316 1181 1352 διχομηνίαν.
1203 1317 1269 1344 Τότε
1285 1317 1339 1353 γὰρ
1354 1317 1425 1344 κατὰ
1441 1317 1586 1352 διάμετρον
1599 1317 1705 1351 γίνεται
1720 1318 1738 1353 ἡ
1758 1325 1800 1343 σε-

1012 1362 1078 1398 λήνη
1091 1363 1217 1398 τῷὴλίῳ,
1235 1363 1281 1390 καὶ
1295 1363 1425 1399 ἐμπίπτει
1442 1364 1481 1395 εἰς
1495 1363 1525 1389 τὸ
1538 1362 1588 1397 τῆς
1604 1363 1656 1397 γῆς
1669 1363 1799 1397 σκίασμα.

1013 1410 1099 1436 Ὅταν
1123 1407 1169 1436 οὖν
1194 1409 1240 1436 καὶ
1263 1410 1287 1436 οἱ
1310 1410 1428 1436 ἐνιαυτοὶ
1449 1409 1571 1444 ἀκριϐῶς
1595 1409 1716 1442 ἄγωνται
1741 1410 1799 1436 καθ’

1011 1455 1096 1491 ἥλιον,
1116 1456 1163 1482 καὶ
1183 1456 1206 1482 οἱ
1232 1455 1326 1491 μῆνες,
1344 1456 1390 1482 καὶ
1411 1456 1439 1482 αί
1454 1456 1557 1491 ἡμέραι
1580 1455 1652 1482 κατὰ
1674 1456 1798 1492 σελήνην.

1011 1502 1070 1529 τότε
1086 1501 1239 1537 νομίζουσιν
1257 1502 1282 1528 ot
1299 1502 1428 1538 Ἕλληνες
1447 1503 1517 1530 κατὰ
1536 1503 1570 1530 τὰ
1591 1504 1694 1539 πάτρια
1709 1503 1797 1530 θύειν·

1010 1547 1088 1575 τοῦτο
1101 1548 1123 1574 δ’
1138 1549 1195 1574 ἐστὶ
1207 1547 1278 1574 κατὰ
1293 1549 1356 1580 τοὺς
1368 1548 1465 1580 αὐτοὺς
1483 1549 1596 1585 καιροὺς
1611 1549 1658 1576 τοῦ
1677 1549 1799 1576 ἐνιαυτοῦ

1009 1594 1059 1626 τὰς
1071 1594 1154 1626 αὑτὰς
1168 1594 1262 1626 Θυσίας
1274 1596 1328 1626 τοῖς
1345 1593 1415 1626 θεοῖς
1429 1595 1622 1622 συντελεῖσθαι.
1636 1596 1669 1622 Οί
1684 1597 1735 1631 μὲν
1747 1596 1799 1631 γὰρ

1009 1640 1151 1674 Αἰγύπτιοι
1171 1640 1227 1675 (54)
1247 1639 1296 1675 τὴν
1313 1639 1436 1667 ἐναντίαν
1457 1640 1582 1676 διάληψιν
1603 1642 1650 1668 καὶ
1672 1642 1798 1678 πρόθεσιν

1008 1686 1140 1722 ἐσχήκασι
1163 1687 1221 1717 τοῖς
1243 1685 1381 1720 Ἕλλησιν.
1404 1685 1472 1712 Οὔτε
1493 1686 1547 1722 γὰρ
1573 1687 1636 1719 τοὺς
1661 1688 1798 1719 ἐνιαυτοὺς

1007 1732 1105 1767 ἄγουσι
1120 1731 1181 1759 καθ’
1196 1732 1281 1766 ἥλιον,
1297 1731 1358 1758 οὔτε
1375 1732 1440 1762 τοὺς
1460 1732 1548 1767 μῆνας
1563 1733 1609 1758 καὶ
1625 1732 1674 1765 τὰς
1693 1734 1798 1770 ἡμέρας

1008 1777 1078 1804 κατὰ
1093 1776 1141 1812 τὴν
1164 1777 1294 1811 σελήνην·
1319 1776 1375 1802 ἀλλ’
1393 1777 1446 1812 ἰδίᾳ
1459 1777 1512 1803 τινὶ
1533 1777 1681 1804 ὑποστάσει
1699 1787 1797 1814 κεχρη-

1009 1823 1083 1858 μένοι
1101 1822 1164 1849 εἰσί.
1185 1822 1330 1849 Βούλονται
1348 1822 1402 1859 γὰρ
1415 1823 1464 1854 τὰς
1482 1823 1577 1855 θυσίας
1593 1825 1648 1856 τοῖς
1674 1824 1745 1857 θεοῖς
1761 1827 1795 1861 μὴ

1007 1869 1078 1896 κατὰ
1093 1869 1138 1896 τὸν
1152 1869 1232 1895 αὑτὸν
1252 1869 1345 1905 καιρὸν
1364 1868 1411 1895 τοῦ
1432 1870 1554 1896 ἐνιαυτοῦ
1572 1870 1714 1904 γίνεσθαι-
1731 1871 1796 1898 ἀλλὰ

1006 1915 1050 1941 διὰ
1064 1915 1158 1941 πασῶν
1170 1914 1224 1941 τῶν
1235 1913 1282 1941 τοῦ
1296 1914 1417 1941 ἐνιαυτοῦ
1429 1914 1508 1951 ὡρῶν
1522 1915 1635 1942 διελθεῖν
1645 1925 1651 1930 ·
1664 1917 1712 1943 καὶ
1725 1918 1796 1951 γίνε-

1007 1962 1069 1990 σθαι
1083 1962 1132 1998 τὴν
1146 1962 1254 1998 θερινὴν
1273 1962 1368 1998 ἑορτὴν
1381 1962 1429 1989 καὶ
1451 1964 1620 2000 χειμερινὴν,
1635 1966 1682 1992 καὶ
1704 1965 1795 2000 φθινο-

1006 2009 1144 2044 πωρινὴν,
1171 2009 1219 2036 καὶ
1242 2009 1364 2045 ὲαρινήν.
1389 2010 1501 2043 Ἀγουσι
1525 2009 1580 2045 γὰρ
1603 2010 1648 2036 τὸν
1675 2012 1795 2038 ἐνιαυτὸν

1005 2055 1116 2092 ἡμερῶν
1142 2055 1305 2091 τριακοσίων
1331 2054 1462 2091 ἐξήκοντα
1487 2056 1588 2083 πέντε·
1615 2056 1720 2085 δώδεκα
1742 2058 1796 2094 γὰρ

1006 2102 1094 2137 μῆνας
1117 2101 1214 2136 ἄγουσι
1238 2101 1487 2139 τριακονθημέρους
1514 2103 1560 2129 καὶ
1581 2103 1661 2130 πέντε
1689 2104 1795 2139 ἡμέρας

1004 2148 1147 2181 ἐπάγουσι.
1164 2147 1201 2174 Τὸ
1217 2147 1245 2173 δέ
1260 2147 1322 2182 a'/8'
1338 2147 1387 2174 οὐκ
1401 2148 1533 2183 ἐπάγουσι
1545 2148 1588 2175 διὰ
1603 2149 1653 2184 τὴν
1668 2158 1795 2186 προειρη-

1006 2193 1089 2229 μένην
1113 2192 1202 2220 αἰτίαν
1214 2213 1221 2224 ,
1238 2193 1281 2219 ἵνα
1301 2193 1394 2224 αὐτοῖς
1412 2194 1628 2227 ἁναποδίζωνται
1647 2196 1675 2222 αἰ
1690 2196 1792 2231 ἑορταί.

1010 2240 1054 2265 Ἐν
1069 2238 1124 2274 γὰρ
1135 2239 1191 2270 τοῖς
1205 2238 1225 2265 δ’
1243 2238 1314 2265 ἔτεσι
1329 2240 1378 2274 μιᾷ
1388 2240 1480 2276 ἡμέρᾳ
1496 2240 1638 2276 ὑστεροῦσι
1657 2242 1732 2278 παρὰ
1749 2243 1794 2269 τὸν

1003 2284 1103 2320 ἥλιονι¹
1116 2285 1145 2310 ἐν
1168 2283 1197 2310 δὲ
1214 2285 1271 2316 τοῖς
1293 2288 1318 2320 μ’
1338 2284 1409 2311 ἔτεσι
1436 2288 1451 2312 ι’
1472 2285 1590 2322 ἡμέραις
1613 2287 1793 2324 ὑστερήσουσι

1003 2330 1079 2366 παρὰ
1103 2330 1148 2356 τὸν
1170 2330 1216 2356 τοῦ
1232 2329 1307 2364 ἡλίου
1324 2331 1446 2358 ἐνιαυτόν
1458 2339 1466 2347 ⁸
1486 2332 1557 2359 ὥστε
1573 2333 1619 2360 καὶ
1647 2335 1794 2367 τοσαύταις

1003 2376 1119 2412 ἡμέραις
1140 2376 1345 2409 ἁναποδίζουσιν
1359 2378 1387 2404 at
1402 2378 1503 2413 ἑορταὶ,
1524 2378 1592 2415 πρὸς
1612 2379 1643 2405 τὸ
1661 2380 1699 2415 μὴ
1723 2381 1794 2414 γίνε-

1002 2422 1064 2449 σθαι
1079 2422 1149 2449 κατὰ
1159 2422 1209 2455 τὰς
1221 2422 1306 2454 αὑτὰς
1327 2422 1401 2459 ὥρας
1414 2423 1461 2450 τοῦ
1478 2423 1612 2451 ἐνιαυτοῦ.
1630 2424 1675 2452 Ἐν
1694 2425 1724 2452 δὲ
1739 2428 1794 2458 τοῖς

1001 2472 1042 2506 ρκ’
1057 2469 1080 2485 ⁸⁸
1092 2469 1163 2496 ἔτεσι
1178 2470 1302 2505 μηνιαίον
1315 2468 1391 2496 ἔσται
1408 2469 1440 2496 τὸ
1462 2469 1648 2506 παράλλαγμα
1664 2472 1712 2498 καὶ
1726 2472 1793 2507 πρὸς

999 2515 1044 2542 τὸν
1058 2515 1105 2542 τοῦ
1126 2515 1203 2551 ἡλίου
1217 2515 1350 2548 ἐνιαυτὸν,
1366 2516 1414 2542 καὶ
1438 2516 1506 2551 πρὸς
1526 2516 1576 2548 τὰς
1596 2516 1669 2543 κατὰ
1686 2517 1718 2545 τὸ
1734 2518 1792 2549 ἑτος

1002 2562 1087 2598 ὥρας.
1101 2562 1140 2589 Δι’
1155 2562 1188 2598 ἢν
1202 2561 1290 2588 αἰτίαν
1305 2561 1352 2588 καὶ
1366 2562 1397 2588 τὸ
1411 2562 1627 2598 περιφερόμενον
1639 2563 1791 2600 ἁμάρτημα

1003 2608 1079 2644 παρὰ
1097 2609 1152 2640 τοῖς
1175 2607 1303 2644 Ἕλλησιν
1323 2609 1355 2635 ἐκ
1379 2608 1483 2636 πολλῶν
1505 2609 1609 2645 χρόνων
1636 2610 1792 2646 παραδοχῆς

995 2764 1114 2799 ptiacum
1133 2765 1167 2791 ita
1180 2765 1341 2802 contexuit,
1359 2769 1387 2792 ut
1412 2769 1508 2802 prmter
1530 2765 1588 2794 dies
1603 2773 1706 2795 cccuv
1719 2767 1791 2794 horae

997 2807 1042 2827 sex
1056 2800 1202 2835 quotannis
1218 2800 1415 2829 insererenturQ
