1902 3143
91 122 136 150 8(ιῦ

604 117 720 145 GEMINI
742 117 926 145 ELEMENTA
946 117 1195 146 ASTRONOMIIE.

1656 119 1710 148 808

92 178 230 214 ἠξιωμένον
244 177 325 213 μέχρι
336 176 390 205 τῶν
401 176 459 203 καθ’
476 177 549 212 ἡμᾶς
559 175 663 212 χρόνων
678 175 865 202 πεπίστευται.

926 176 972 209 iis.
990 176 1140 204 secundum
1154 175 1298 211 ASgyptios
1318 179 1346 203 et
1370 175 1522 204 secundum
1545 175 1710 205 Eudoxum.

97 223 321 259 Ύπολαμὸάνουσι
340 222 395 259 γὰρ
412 223 437 250 οἰ
451 222 571 249 πλεῖστοι
592 222 647 258 (³55)
665 222 718 248 τῶν
735 222 868 257 Ἑλλήνων

93 272 143 307 αμα
161 271 214 302 τοῖς
239 269 328 301 Ἰσίοις
344 269 404 295 κατ’
424 268 590 302 Αἰγυπτίους
607 267 654 294 καὶ
677 267 736 293 κατ’
756 266 868 299 Εὔδοξον

92 316 151 344 εἶναι
169 315 325 351 χειμερινὰς
337 314 440 351 τροπάς
450 322 456 329 ·
475 314 543 350 ὅπερ
556 313 614 340 ἐστὶ
631 314 788 339 παντάπασι
803 312 869 348 ψεῦ-

91 364 136 394 ῦος.
149 362 219 396 Μηνὶ
233 360 288 396 γὰρ
309 359 362 395 ὅλῳ
377 359 563 396 παραλλάσσει
584 359 617 386 τὰ
640 359 710 385 Ἵσια
732 359 799 394 πρὸς
821 358 869 390 τὰς

91 407 235 443 χειμερινὰς
252 407 367 442 τροπάς.
388 405 490 442 Ἐρῤύη
503 405 532 432 δὲ
548 404 578 431 τὸ
589 404 740 439 ἁμάρτημα
754 404 808 430 ἀπὸ
820 404 869 440 τῆς

91 452 281 490 προειρημένης
304 452 412 483 αἰτίας*
437 451 490 486 πρὸ
510 450 564 486 γὰρ
589 453 629 486 ρκ’
648 449 715 476 ἐτῶν
738 449 869 476 συνέπεσε

90 499 141 526 κατ’
152 498 234 529 αὐτὰς
251 498 300 530 τὰς
314 497 472 534 χειμερινὰς
483 497 587 533 τροπὰς
602 496 717 531 ἄγεσθαι
731 495 765 522 τὰ
780 496 866 522 ἰο-ια·

90 545 114 571 ὲν
127 544 194 571 ἔτεσι
214 544 242 570 δὲ
258 544 390 579 τέσσαρσι
414 544 479 578 μιᾶς
497 542 604 578 ἡμέρας
629 541 737 576 ἐγένετο
763 540 869 577 παράλ-

90 590 181 625 λαγμα.
203 589 288 616 Τοῦτο
309 587 354 616 οὖν
378 590 428 616 οὐκ
447 589 581 624 αἰσθητὴν
606 587 670 623 ἔσχε
691 587 868 623 παραλλαγὴν

89 636 149 672 πρὸς
162 637 210 668 τὰς
231 637 290 663 κατ’
305 635 363 668 ἔτος
381 635 464 672 ὧρας.
485 635 528 662 Ἐν
548 634 620 661 ἔτεσι
640 634 669 661 δὲ
682 638 707 669 μ’
723 635 834 670 ἡμερῶν
853 636 868 661 ι’

88 683 185 717 ἐγένετο
212 681 405 717 παράλλαγμα.
433 681 494 708 Οὐδ’
521 681 607 712 οὕτως
637 680 768 716 αἰσθητὴν
800 679 869 707 εἶναι

89 727 218 763 συμϐαίνει
234 728 283 763 τὴν
296 727 484 763 παραλλαγήν.
501 727 569 753 Νυνὶ
591 726 716 762 μέντοιγε
740 725 868 761 μηνιαίας

88 773 224 809 γινομένης
239 772 417 809 παραλλαγῆς
432 773 460 799 ὲν
476 771 517 808 ρκ’
535 771 633 804 ἔτεσιν,
650 770 802 807 ὑπερϐολὴν
818 771 868 797 οὐκ

87 819 272 846 ἀπολείπουσιν
299 819 411 854 ἀγνοίας
442 819 467 846 οἱ
497 818 726 853 διαλαμϐάνοντες
757 819 786 844 ὲν
813 818 868 850 τοῖς

93 864 172 898 Ἵσίοις
185 867 246 893 κατ’
259 865 432 899 Αἰγυπτίους,
450 865 496 892 καὶ
509 865 568 891 κατ’
585 863 697 896 Εὔδοξον
712 863 761 895 τὰς
777 872 869 899 χειμε-

91 912 157 947 ρινὰς
169 911 273 944 τροπὰς
287 909 365 938 εἶναι.
381 911 439 946 Μιᾷ
453 911 501 946 μὲν
515 910 570 945 γὰρ
584 910 675 945 ἡμέρα
686 909 702 945 ἢ
713 909 773 936 δυσὶ
786 909 869 936 διενε-

87 957 176 993 χθῆναι
196 957 369 992 ἐνδεχόμενόν
390 957 464 983 ἐστι·
490 957 613 992 μηνιαῖον
635 955 663 982 δὲ
686 954 870 991 παράλλαγμα

87 1004 207 1030 ἀδύνατόν
232 1004 289 1029 ἐστι
302 1002 403 1030 λαθεῖν.
420 1002 475 1029 Καὶ
488 1001 542 1038 γὰρ
560 1001 594 1028 τὰ
610 1001 712 1036 μεγέθη
733 1001 787 1028 τῶν
804 1002 870 1037 ἡμε-

88 1048 137 1085 ρῶν
152 1049 272 1084 ἐλέγχειν
293 1049 416 1080 δύναται,
434 1048 553 1083 μεγάλην
576 1047 672 1082 ἔχοντα
693 1047 870 1083 παραλλαγὴν

87 1096 148 1131 πρὸς
162 1095 211 1127 τὰς
226 1094 384 1130 χειμερινὰς
398 1094 512 1129 τροπάς.
532 1093 586 1121 Καὶ
607 1094 635 1120 αί.
648 1093 702 1120 τῶν
717 1093 871 1130 ὡρολογίων

87 1141 256 1177 καταγραφαὶ
271 1140 399 1176 ἐκδήλους
414 1139 520 1166 ποιοῦσι
539 1139 588 1170 τὰς
603 1140 663 1166 κατ’
681 1139 808 1175 ἀλήθειαν
826 1148 870 1174 γι-

87 1186 194 1221 νομένας
219 1184 334 1221 τροπὰς,
356 1185 403 1210 καὶ
425 1184 541 1218 μάλιστα
566 1184 631 1219 παρ’
654 1184 813 1218 Αἰγυπτίοις
841 1184 871 1210 ἐν

88 1232 271 1267 παρατηρήσει
292 1230 459 1265 γενομένοις.
488 1230 568 1256 Ὅθεν
590 1230 625 1256 τὰ
646 1231 718 1256 "leta.
739 1230 871 1265 πρότερον

88 1275 132 1309 μὲν
143 1276 226 1311 ἦγετο
239 1276 261 1293 ³⁵
275 1276 343 1303 κατὰ
364 1276 413 1308 τὰς
432 1276 590 1311 χειμερινὰς
607 1276 726 1310 τροπάς·
744 1275 792 1302 καὶ
806 1275 871 1311 πρό-

86 1328 157 1355 τερον
171 1321 192 1347 δ’
219 1320 259 1347 ἔτι
280 1321 351 1347 κατὰ
372 1320 480 1356 θερινὰς
502 1321 620 1356 τροπάς·
637 1321 675 1352 ὡς
696 1321 742 1348 καὶ
760 1321 871 1357 Ἔρατος

87 1365 176 1402 σθένης
191 1366 248 1402 (36)
263 1367 292 1393 ἐν
307 1366 346 1402 τῷ
363 1367 433 1401 Περὶ
451 1367 506 1400 τῆς
528 1366 736 1400 ὀκταετηρίὸος
751 1367 872 1402 ὑπομνή-

89 1421 148 1445 ματι
162 1413 345 1449 μνημονεύει·
365 1413 413 1440 καὶ
431 1412 580 1448 ἀχθήσεται
596 1413 677 1440 πάλιν
689 1413 759 1440 κατὰ
781 1413 872 1448 φθινό-

87 1465 182 1494 πωρον,
199 1461 250 1486 καὶ
266 1459 337 1486 κατὰ
353 1459 402 1491 τὰς
420 1458 528 1495 θερινὰς
546 1459 661 1494 τροπὰς,
684 1460 731 1486 καὶ
751 1459 822 1486 κατὰ
841 1460 872 1486 τὸ

886 851 907 878 Β

920 223 1049 250 hibernas
1067 222 1261 250 conversiones
1289 222 1420 249 incidere.
1446 222 1524 255 Quod
1550 221 1651 250 falsum
1666 230 1711 250 est

919 270 1041 296 omnino.
1058 268 1152 296 Mense
1167 269 1239 295 enim
1263 272 1320 296 toto
1348 267 1448 296 festum
1472 268 1553 297 Isidis
1577 268 1712 296 distaLab

919 315 1042 342 hibernis
1056 314 1290 342 conversionibus.
1300 313 1390 341 Fluxit
1403 318 1493 341 autem
1509 317 1631 341 erratum
1643 314 1711 341 illud

919 369 950 388 ex
971 368 1054 388 causa
1071 360 1215 395 praedicta;
1233 368 1296 387 nam
1324 364 1387 387 ante
1409 360 1460 387 1Ξο
1488 368 1576 388 annos
1596 361 1712 396 contigit.

920 410 950 433 ιιι
977 406 1075 434 festum
1094 405 1174 433 Isidis
1195 405 1224 432 in
1253 406 1319 440 ipsis
1335 406 1460 433 hibernis
1484 406 1711 434 conversionibus

920 457 1047 487 ageretur
1064 462 1070 478 ι
1086 451 1113 478 in
1132 452 1211 479 annis
1226 457 1316 479 autem
1333 456 1451 486 quatuor
1467 452 1548 480 unius
1561 452 1613 480 diei
1629 453 1712 480 ﬁebat

919 498 1044 526 variatio.
1057 497 1112 525 lloe
1123 498 1205 532 igitur
1216 505 1270 536 npn
1279 497 1372 524 liabuit
1382 498 1538 526 sensibileni
1551 499 1710 526 varietatem

920 544 953 571 ad
968 545 1031 571 anni
1044 547 1231 579 tempestates.
1242 545 1271 570 In
1284 544 1363 571 annis
1378 547 1468 571 autem
1481 544 1516 572 40
1531 544 1600 572 facta
1611 549 1652 573 est
1663 544 1711 573 de-

919 596 978 616 cem
990 588 1095 616 dierum
1107 589 1230 616 variatio.
1243 587 1297 615 Nec
1313 588 1353 615 sic
1365 588 1474 623 quidem
1490 590 1579 616 evenit
1590 590 1711 617 sensibi-

920 635 970 662 lem
984 635 1040 662 ﬁeri
1052 635 1239 663 mutationem.
1250 634 1285 662 At
1303 643 1375 663 nunc
1388 643 1449 662 cum
1463 636 1490 663 in
1505 637 1584 663 annis
1600 635 1651 663 120
1665 636 1711 663 ﬁat

921 685 1061 709 menstrua
1080 681 1210 713 varietas,
1222 689 1365 709 excessum
1383 682 1544 717 ignorantiae
1556 689 1610 708 non
1627 682 1712 710 relin-

919 731 1007 762 quunt
1015 727 1033 754 ii
1044 727 1091 762 qui
1100 731 1195 762 putant
1203 728 1230 755 in
1239 728 1308 756 I'cslo
1317 727 1406 760 Isidis,
1416 727 1712 763 secundumEgypiios

919 777 946 800 et
960 773 1111 801 secundum
1124 773 1279 804 Eudoxum.
1290 774 1420 801 hibernas
1433 774 1489 801 ﬁeri
1503 775 1711 802 conversiones.

919 819 980 847 Uno
990 821 1062 848 enim
1087 820 1131 847 die
1145 824 1191 847 aut
1205 821 1313 848 duobus
1327 821 1474 849 dissentire
1486 821 1594 856 aliquos
1609 821 1661 848 hac
1677 821 1712 848 de

920 873 949 892 re
964 864 1097 899 possibile
1110 869 1169 898 est;
1197 870 1225 892 at
1251 869 1419 893 menstruam
1437 867 1595 894 varietatem
1613 866 1712 899 latere.

920 911 1088 946 impossibile
1098 915 1151 939 est.
1168 911 1274 938 Etenim
1291 911 1494 947 magnitudines
1516 911 1633 944 dierum,
1648 919 1710 940 cum

920 956 1037 984 habeant
1054 963 1181 992 magnam
1206 958 1386 984 mutationem
1404 958 1430 984 in
1452 957 1576 985 hibernis
1596 965 1711 985 conver-

920 1003 1056 1036 sionibus,
1072 1010 1121 1030 eos
1154 1010 1269 1038 arguere
1291 1008 1417 1039 possunt.
1443 1002 1476 1030 Et
1506 1003 1710 1038 horologiorum

921 1048 1120 1083 descriptiones
1135 1047 1296 1076 manifestas
1306 1048 1406 1075 faciunt
1417 1055 1494 1076 veras
1503 1048 1709 1080 conversiones,

921 1097 948 1121 et
962 1095 1079 1121 maxime
1093 1094 1165 1129 apud
1183 1093 1392 1129 Egyptios,qui
1403 1102 1450 1122 eas
1465 1094 1623 1122 observant.
1633 1093 1712 1122 Unde

921 1140 1019 1168 festum
1032 1139 1112 1168 Isidis
1130 1140 1206 1175 prius
1224 1141 1335 1175 quidem
1358 1141 1438 1168 [iebat
1455 1141 1483 1168 in
1505 1140 1630 1168 hibernis
1644 1147 1711 1168 con-

921 1186 1112 1213 versionibus:
1128 1190 1155 1214 et
1174 1187 1264 1214 adhuc
1278 1187 1356 1221 prius
1382 1187 1410 1214 in
1426 1187 1531 1214 mstivis
1550 1186 1712 1214 conversio-

921 1231 1022 1259 nibus:
1040 1232 1111 1259 sicut
1137 1237 1163 1259 ct
1190 1231 1385 1259 Eratosthenes
1406 1232 1433 1259 in
1454 1232 1650 1259 commentario
1674 1230 1713 1258 Da

921 1277 1076 1304 oclaeteride
1098 1277 1220 1304 meminit
1235 1286 1242 1303 :
1258 1281 1285 1303 et
1303 1282 1398 1312 agetur
1415 1277 1514 1305 iterum
1530 1278 1557 1304 in
1568 1283 1711 1310 autumno,

921 1328 947 1350 et
959 1323 986 1350 in
1000 1323 1103 1351 aestivis
1120 1323 1348 1350 conversionibus
1359 1342 1366 1355 ,
1386 1326 1413 1350 et
1441 1322 1469 1349 in
1488 1330 1563 1355 vere,
1578 1326 1606 1349 et
1625 1323 1653 1349 in
1669 1322 1712 1349 hi-

922 1369 1014 1397 bernis
1029 1369 1269 1396 conversionibus.
1290 1369 1320 1395 In
1345 1369 1424 1396 annis
1443 1371 1516 1396 enim
1541 1367 1611 1395 1460
1631 1376 1712 1397 omne

922 1413 1021 1442 festum
1037 1414 1155 1442 transire
1172 1417 1280 1448 oportet
1306 1421 1355 1448 per
1371 1421 1467 1441 omnes
1489 1413 1553 1440 anni
1576 1413 1713 1448 quadran—

921 1464 978 1494 tes;
995 1464 1023 1488 et
1040 1468 1137 1488 rursus
1158 1460 1266 1487 restitui
1283 1459 1317 1487 ad
1338 1459 1409 1487 idem
1439 1464 1545 1494 tempus
1564 1459 1640 1486 anni.
1659 1459 1714 1495 20

86 1502 141 1538 ἔαρ.
155 1504 201 1531 καὶ
215 1505 288 1531 κατὰ
300 1504 349 1536 τὰς
362 1505 519 1540 χειμερινὰς
531 1505 645 1540 τροπάς.
666 1505 710 1532 Ἐν
726 1506 797 1535 ἔτεσι
817 1507 870 1543 γὰρ

926 1506 1046 1542 Αέεγριὶὶ
1072 1507 1157 1542 igitur
1198 1506 1350 1534 secundum
1379 1505 1518 1541 propriam
1549 1505 1713 1542 liypotliesin

86 1548 175 1583 χιλίοις
185 1550 371 1585 τετρακοσίοις
382 1549 512 1586 ἑξήκοντα
527 1549 633 1577 ἃπασαν
649 1551 745 1586 ἑορτὴν
758 1551 872 1579 διελθεῖν

86 1593 123 1620 δεῖ
142 1595 185 1622 διὰ
202 1596 300 1623 πασῶν
322 1596 375 1622 τῶν
393 1595 440 1622 τοῦ
464 1595 588 1623 ἐνιαυτοῦ
612 1596 702 1632 ὡρῶν,
723 1598 770 1624 καὶ
792 1599 872 1625 πάλιν

85 1639 340 1677 ἀποκατασταθῆναι
356 1642 403 1668 ἐπὶ
425 1641 470 1668 τὸν
491 1642 571 1668 αὐτὸν
595 1642 691 1678 καιρὸν
712 1642 759 1669 τοῦ
783 1643 869 1676 ἔτους.

86 1686 115 1712 Οἱ
128 1686 176 1721 μὲν
188 1686 236 1715 οὖν
258 1687 399 1722 Αἰγύπτιοι
421 1687 491 1714 κατὰ
505 1687 554 1724 τὴν
573 1688 641 1715 ἰδίαν
662 1688 813 1719 ὑπόστασιν
846 1689 893 1716 τοῦ

925 1553 1058 1588 propositi
1070 1553 1149 1586 linis;
1164 1552 1251 1580 Graeci
1263 1560 1339 1585 vero,
1351 1559 1414 1579 cum
1426 1551 1592 1579 contrariam
1602 1557 1715 1579 senten-

925 1599 990 1626 tiam
1006 1598 1136 1632 habeant,
1158 1605 1246 1626 annos
1266 1603 1349 1633 agunt
1365 1597 1517 1625 secundum
1535 1597 1636 1629 solent,
1654 1597 1713 1624 dies

923 1653 999 1676 \’Cl‘0,
1014 1649 1041 1672 et
1053 1652 1163 1672 menses
1180 1644 1331 1672 secundum
1348 1644 1452 1670 lunam.

918 1691 1099 1727 προκειμένου
1122 1690 1226 1722 τέλους,
1249 1691 1274 1718 ol
1299 1690 1327 1717 δὲ
1350 1689 1491 1725 Ἕλληνες,
1516 1689 1565 1724 τὴν
1590 1688 1715 1716 ἐναντίαν

85 1733 193 1768 γνώμην
219 1733 348 1768 ἔχοντες,
375 1733 438 1765 τοὺς
468 1733 517 1769 μὲν
542 1735 680 1767 ἐνιαυτοὺς
706 1735 766 1762 καθ’
793 1735 868 1771 ἥλιον
886 1736 992 1771 ἄγουσι,
1013 1739 1076 1770 τοὺς
1101 1738 1130 1765 δὲ
1153 1738 1240 1774 μῆνας
1256 1737 1303 1763 καὶ
1324 1736 1374 1768 τὰς
1398 1735 1505 1772 ἡμέρας
1540 1735 1611 1762 κατὰ
1635 1735 1714 1772 σελή-

85 1788 140 1814 νην.

117 1825 140 1842 ³⁵
154 1835 199 1860 γρ.
215 1825 336 1860 ἐγένετο.

117 1873 172 1908 (55)
199 1871 461 1908 ’Υπολιξμὶἷάνουσι
480 1873 536 1906 γὰρ
550 1873 578 1899 al
598 1873 746 1900 πλεῖστοι.
774 1873 870 1901 Mirum

85 1907 276 1944 θξίᾼριιίιιθιιι
295 1907 409 1944 Tatium
427 1907 562 1944 incudem
581 1915 673 1944 errore
693 1909 795 1935 versari
808 1917 870 1944 cap.

132 1942 242 1980 [sagog.
260 1942 310 1969 sub
323 1943 414 1980 linem.
430 1942 514 1977 Igitur
526 1943 598 1977 quod
613 1943 665 1970 Isia
680 1943 745 1980 olim
768 1944 794 1970 in
809 1942 872 1980 τρο-

85 1978 135 2009 ad;
157 1979 340 2010 incidissent,
358 1978 385 2004 id
401 1985 463 2005 esse
482 1982 643 2012 perpetuum
668 1978 872 2006 arbitrabantur

86 2013 213 2048 imperiti.
233 2013 310 2046 Quos
329 2021 362 2040 ex
384 2020 416 2040 eo
438 2013 538 2039 refellit
553 2012 694 2046 Geminus,
713 2014 785 2048 quod
810 2019 872 2042 ante

85 2047 169 2076 annos
193 2056 261 2080 cxx,
288 2056 369 2083 quarti
394 2048 541 2079 scribebat.
568 2047 634 2075 illud
657 2047 812 2080 accidisset.
839 2056 872 2076 ac

86 2084 195 2118 proinde
211 2089 336 2118 tempore
353 2090 403 2109 suo
419 2083 535 2110 solidum
550 2083 606 2117 jam
628 2091 748 2111 menSeni
772 2084 872 2111 festum

85 2117 152 2146 idem
170 2117 279 2156 τροπάς
292 2118 600 2156 ante\'ertei'et._Scalig.
618 2118 663 2156 lib.
682 2119 754 2156 n_De
768 2118 869 2156 emend.

86 2159 172 2187 temp.,
185 2152 279 2189 capite
290 2153 328 2181 De
335 2158 460 2180 octaeter.
474 2152 591 2185 Eudoxii,
598 2161 631 2180 ex
639 2154 689 2181 hoc
698 2154 804 2182 Gemini
813 2155 872 2181 loco
880 2174 897 2189 ,

84 2188 230 2224 colligebat
260 2188 400 2215 Eudoxum
427 2188 617 2224 octaeteridein
644 2197 722 2216 suam
753 2190 787 2216 ab
811 2188 871 2217 Isiis

84 2225 259 2258 auspicatum
283 2231 355 2256 esse,
376 2224 454 2258 quasi
471 2224 521 2250 hoc
546 2223 676 2250 Geminus
692 2225 813 2255 diceret,
836 2225 871 2251 ab

85 2265 156 2286 artae
171 2260 231 2289 illo.
259 2259 330 2286 unde
352 2258 544 2286 octaeteridein
572 2266 649 2286 suam
665 2259 801 2286 inchoavit
816 2259 870 2286 Eu-

85 2293 182 2326 doxus,
201 2295 236 2322 ad
255 2299 361 2321 aetatem
375 2301 452 2322 suam
467 2301 554 2321 annos
567 2295 674 2328 elapsos
686 2302 748 2321 esse
761 2299 870 2322 centum

83 2333 109 2365 et
125 2330 235 2365 viginti.
257 2330 339 2356 l’orro
356 2336 417 2365 cum
435 2328 574 2356 Eudoxum
598 2337 670 2355 anno
685 2329 766 2356 tertio
782 2331 870 2365 olym-

86 2363 172 2398 piadis
190 2373 241 2393 cm
260 2363 453 2391 octaeterideni
473 2372 551 2391 suam
574 2365 690 2398 coepisse
714 2369 799 2399 putet.
811 2363 870 2391 Na-

83 2400 230 2428 bonassari
245 2407 398 2426 ccctxxxui
410 2407 416 2432 ;
429 2399 452 2425 si
461 2400 494 2426 ad
507 2399 580 2426 hunc
588 2407 674 2427 annos
683 2400 796 2434 adjicias
806 2407 869 2431 cxx.

84 2437 182 2463 contlet
207 2443 301 2462 annus
317 2434 501 2461 Naboaassari
518 2442 571 2466 νιν,
589 2441 645 2469 quo
663 2435 800 2462 scribebat
818 2435 872 2462 Ge-

85 2471 183 2498 minus.
203 2471 246 2497 Ita
257 2471 308 2497 erit
322 2469 476 2504 Hipparcho
491 2469 634 2497 vetustior.
650 2469 691 2496 Ad
703 2470 773 2496 hanc
792 2470 871 2498 dubi-

84 2506 217 2540 tationem
244 2505 313 2532 nihil
329 2513 357 2533 se
373 2505 446 2540 quod
462 2505 625 2539 respondeat
646 2505 746 2540 habere
760 2504 870 2532 fatetur.

85 2539 136 2568 Sed
153 2542 252 2568 nullus
267 2541 309 2567 hic
319 2544 378 2567 erat
397 2540 539 2567 haesitandi
553 2541 639 2567 locus.
660 2539 718 2567 Non
734 2540 807 2568 enim
822 2540 871 2567 Isia

85 2576 110 2602 in
125 2577 276 2611 ipsiusniet
297 2575 417 2602 Eudoxei
431 2575 494 2602 anni
510 2575 591 2610 primi
603 2575 706 2609 τροπάς
720 2576 873 2602 incurrisse

84 2612 140 2638 vult
158 2611 299 2638 Geminus
315 2615 378 2637 ante
393 2617 445 2637 cxx
463 2617 550 2637 annos
568 2618 649 2645 quani
667 2611 809 2641 scriberet,
828 2618 873 2637 ve-

83 2654 142 2673 rum
170 2647 199 2673 in
226 2646 303 2673 illuni
329 2646 418 2681 ipsum
439 2645 521 2681 diem.
542 2645 568 2672 in
584 2653 664 2681 quem
686 2645 790 2681 τροπάς
818 2645 874 2672 Eu-

83 2681 169 2709 doxus
186 2680 348 2715 conjecerat
358 2691 364 2708 :
374 2681 473 2715 cuique
485 2680 578 2707 allixas
591 2680 699 2708 easdem
711 2688 771 2707 esse
787 2684 873 2715 poste-

81 2719 149 2744 ritas
164 2717 302 2751 dcinceps
317 2717 406 2743 omnis
418 2715 605 2751 existimabat,
620 2716 718 2742 solaris
737 2716 871 2750 anticipa-

81 2752 165 2780 tionis
190 2750 301 2787 ignara.
332 2751 387 2779 IVOS
415 2750 556 2778 Eudoxum
589 2751 662 2777 circa
691 2750 873 2787 Olympiadem

82 2794 166 2814 xcvtii
194 2786 356 2814 condidisse
378 2787 570 2813 octaeteridem
600 2793 676 2812 suam
702 2786 872 2813 ostendimus

82 2822 128 2849 lib.
143 2831 164 2851 ει
180 2822 223 2849 De
247 2821 333 2849 doctr.
350 2826 439 2856 temp.,
457 2829 517 2855 cap.
531 2821 558 2852 6,
578 2825 768 2856 quoiteinpore
781 2821 873 2848 solsti-

82 2858 148 2884 tium
164 2859 317 2885 hibernum
342 2855 435 2885 verum
459 2856 573 2884 cadebat
589 2856 617 2883 in
632 2855 787 2884 Decembris
809 2863 870 2888 xxv,

926 1871 1044 1898 medium
1061 1871 1087 1898 in
1105 1878 1179 1897 xxvt.
1197 1870 1255 1896 .Iam
1269 1869 1332 1902 Isia,
1348 1869 1382 1896 de
1397 1868 1498 1904 quibus
1515 1868 1646 1896 Geminus
1670 1870 1713 1898 Io-

926 1907 1029 1940 quitur.
1046 1914 1076 1932 ea
1095 1913 1155 1932 csse
1171 1906 1308 1933 videnlur.
1324 1912 1384 1940 qua:
1401 1905 1436 1931 ab
1452 1911 1508 1932 xvu
1525 1904 1568 1931 die
1579 1904 1666 1940 Athyr
1678 1905 1713 1933 ad

926 1939 960 1968 xx
978 1941 1088 1972 ﬁebant,
1111 1945 1140 1966 ut
1154 1941 1233 1968 testis
1248 1944 1290 1967 est
1310 1940 1473 1966 Plutarchus
1490 1943 1570 1965 tract.
1585 1939 1622 1966 De
1641 1939 1715 1968 Iside

926 1981 950 2003 et
963 1976 1068 2003 Osiride
1084 1976 1156 2010 (pag.
1173 1975 1225 2002 566
1236 1975 1302 2002 edit.
1317 1974 1511 2010 Graeco-Lat.»
1527 1974 1593 2001 Nam
1606 1982 1636 2001 ea
1653 1976 1714 2003 πέν-

927 2011 1004 2046 Ilipa.
1028 2015 1056 2038 et
1082 2009 1205 2045 lugubria
1232 2011 1317 2038 fuisse
1333 2010 1447 2041 scribit;
1466 2014 1493 2037 et
1504 2009 1577 2046 inter
1596 2009 1712 2046 illorum

925 2044 1024 2074 causas
1040 2044 1120 2073 lianc’
1133 2049 1266 2075 recenset,
1285 2045 1357 2080 quod
1375 2044 1526 2080 contractis
1549 2044 1646 2072 diebus
1664 2053 1714 2080 no-

925 2086 983 2109 ctes
1001 2083 1066 2108 liant
1088 2081 1234 2116 longiores.
1252 2079 1300 2116 At’
1311 2080 1431 2107 Achilles
1447 2079 1542 2116 Tatius
1559 2080 1648 2114 capite
1665 2079 1711 2111 25,

925 2117 1005 2143 docet
1027 2116 1063 2143 ob
1089 2115 1157 2142 hanc
1184 2115 1306 2143 eamdem
1323 2123 1433 2151 causam
1449 2115 1511 2145 Isia,
1528 2122 1590 2150 qua:
1606 2116 1637 2151 in,
1649 2123 1713 2151 τρο-

926 2151 980 2183 πάς
996 2152 1130 2181 incidunt.
1153 2151 1187 2178 ab
1201 2150 1338 2185 Egyptiis
1359 2150 1491 2177 celebrari
1508 2150 1599 2177 solita.
1622 2150 1713 2183 Quare

926 2188 1028 2214 nultum
1042 2187 1097 2221 jaiu
1112 2187 1223 2213 dubiant
1243 2192 1295 2217 est,
1315 2185 1348 2213 de
1363 2185 1463 2220 quibus
1482 2185 1543 2212 Isiis
1558 2185 1713 2221 intelligen-

887 2216 974 2249 Ddus
992 2222 1028 2248 sit
1042 2216 1191 2248 'Geminus.
1216 2216 1295 2248 IIunc
1322 2216 1395 2248 enini
1421 2223 1527 2247 certum
1553 2224 1594 2248 est
1621 2216 1660 2248 de
1678 2221 1713 2249 iis

923 2265 1012 2292 agere,
1040 2264 1100 2292 qua}
1124 2264 1180 2283 xvu
1205 2257 1295 2292 Ather
1318 2256 1434 2292 inibant.
1454 2255 1568 2292 ‘Athyr.’
1587 2256 1709 2290 inquam,

922 2290 993 2327 vagi,
1011 2290 1065 2319 non
1083 2291 1230 2327 .Iulianiret
1252 2290 1307 2318 tixi.
1327 2291 1386 2324 Quo
1402 2290 1491 2327 posito
1508 2291 1653 2327 l‘acilererit
1669 2292 1712 2318 in-

922 2325 1056 2361 veStigare
1071 2327 1144 2362 quod
1160 2335 1175 2353 a
1186 2326 1300 2362 Gemino
1316 2329 1424 2362 tempus
1440 2326 1491 2362 hoc
1508 2325 1569 2362 loco
1584 2326 1712 2362 designe-

923 2368 975 2388 tur.
995 2360 1121 2389 'Nain'ut
1146 2370 1200 2389 xvn
1225 2361 1284 2389 dies
1299 2361 1386 2397 Athyr
1406 2361 1433 2387 in
1446 2360 1620 2397 _Decembris
1646 2360 1712 2388 xxvr

923 2398 1036 2429 incidat,
1053 2405 1166 2425 necesse
1182 2401 1224 2424 est
1245 2395 1422 2424 Neomeniam
1446 2395 1535 2422 Tuotli
1559 2396 1659 2423 cadere
1684 2397 1713 2424 in

922 2432 1049 2460 Octobris
1066 2440 1103 2459 xi.
1127 2431 1155 2459 Id
1180 2432 1280 2459 accidit
1301 2432 1419 2466 primum
1436 2429 1712 2466 attrtoﬁabonassari

923 2475 989 2500 nLn,
1006 2471 1104 2503 quarto
1115 2467 1278 2502 Olympiadis
1291 2464 1371 2498 (ἔχιν,
1386 2465 1489 2501 periodi
1503 2464 1711 2503 Julianaeﬁiil'l.

923 2504 1000 2530 Adde
1015 2500 1101 2536 igitur
1115 2500 1202 2530 annos
1218 2503 1280 2532 120.
1297 2500 1409 2529 exsistet
1426 2508 1515 2528 annus
1538 2501 1640 2534 periodi
1662 2500 1713 2527 .Iu—

924 2539 1002 2565 liauze
1015 2537 1097 2569 4657,
1114 2542 1228 2572 quartus
1243 2537 1405 2572 Olympiadis
1427 2543 1527 2572 ceiixv1
1543 2536 1712 2572 Urbis‘con-

923 2574 985 2601 (litae
1001 2569 1136 2600 nctxxvu'.
1163 2572 1244 2600 Sullae
1262 2569 1354 2606 itaque
1376 2577 1498 2606 tempore
1512 2569 1604 2597 Iloruit
1620 2570 1713 2597 Gemi-

923 2617 975 2637 nus
990 2615 1092 2636 noster.
1109 2607 1191 2635 Inlib.
1210 2616 1227 2634 ιι
1246 2607 1282 2634 De
1293 2605 1413 2634 doctrina
1431 2611 1587 2639 temporum.
1606 2613 1666 2640 cap.
1682 2605 1711 2638 6,

924 2653 977 2671 non
994 2645 1114 2680 multum
1137 2644 1346 2680 ablusiniusab
1363 2641 1551 2680 l_io(:__calculo.
1579 2640 1632 2667 Sed
1648 2649 1711 2680 τρο-

923 2680 978 2710 πὰς
994 2679 1098 2706 Eudoxi
1116 2686 1147 2706 ex
1167 2678 1307 2715 communi
1321 2681 1348 2704 et
1362 2676 1547 2715 Scaligeriaiia
1577 2677 1712 2715 sententia

924 2714 1118 2741 constituimus
1141 2718 1240 2748 quarto
1260 2714 1303 2740 die
1329 2717 1390 2748 post
1415 2711 1578 2748 solstitium.
1604 2711 1639 2748 in_
1657 2718 1712 2748 xxx

924 2748 1091 2782 Decembris,
1121 2745 1157 2775 ιη’
1175 2757 1209 2775 ex
1234 2745 1378 2784 hypotliesi
1402 2745 1596 2784 et_concessis
1617 2746 1650 2772 ab
1665 2745 1713 2772 illo

923 2786 1004 2812 rebus
1020 2781 1219 2819 argumentatio
1235 2781 1330 2810 nostra
1345 2781 1517 2819 procederet.

959 2820 1014 2855 (56)
1045 2814 1091 2852 ’ἶλς
1114 2819 1162 2846 καὶ
1182 2814 1418 2855 νἘραΞοοίθένης,
1444 2815 1532 2851 Hujus
1558 2815 1621 2843 libri
1645 2814 1713 2843 Eua

924 2852 1060 2884 tosthenis
1075 2854 1200 2883 meminit
1216 2857 1243 2881 et
1259 2852 1364 2881 Tatius.
