1902 3143
139 146 194 174 813

647 147 765 176 GEMINI
785 148 968 176 ELEMENTA
988 146 1232 176 ASTRONOMIE.

1693 149 1747 180 814

134 202 292 243 πλεονάζειν
321 202 383 234 τοὺς
410 203 522 240 πλήρεις
545 204 599 231 τῶν
616 206 712 234 κοίλων
733 207 835 243 μηνῶν.
851 209 915 235 Οὐδὲ

971 207 1057 241 Quam
1080 209 1115 235 ob
1149 215 1260 236 causam
1287 211 1394 242 oportet
1419 208 1514 243 plenos
1527 217 1636 238 menses
1653 211 1745 246 plures

135 250 190 284 μὴν
206 249 235 276 ἐν
259 251 314 281 τοῖς
325 256 349 286 η’
374 250 445 277 ἔτεσι
458 252 530 286 τρεῖς
546 249 593 278 οὖν
613 252 693 279 ἔνεισι
708 254 789 288 μῆνες
810 255 917 290 ἐμδόλι-

136 305 191 330 μοι.
207 297 238 322 Εἰ
253 297 301 332 μὲν
322 297 376 333 γὰρ
396 296 430 333 ἦν
446 299 461 324 ό
473 300 594 331 ἐνιαυτὸς
607 300 621 325 ὁ
636 301 705 326 κατὰ
723 301 835 337 σελήνην
850 303 917 337 ἡμε-

134 342 191 377 ρῶν
213 340 322 378 τνδ’,ἧν
346 343 379 370 ἂν
409 345 425 380 ἡ
452 345 570 381 ὑπεροχὴ
593 346 639 373 τοῦ
664 346 776 382 ἡλιακοῦ
794 348 916 375 ἐνιαυτοῦ

135 388 246 423 ἡμερῶν
261 387 293 414 ια’
310 388 369 424 αίδ.
385 386 469 415 Αὗται
484 390 512 416 δὲ
523 390 633 422 ὀκτάκις
643 391 915 419 πολυπλασιασθεῦαι

135 433 320 469 συνεπλήρουν
347 435 381 461 ἂν
402 435 464 467 τοὺς
491 439 514 469 γ’
531 436 618 471 μῆνας
646 437 709 468 τοὺς
733 437 913 472 ἐμϐολίμους·

134 479 194 504 νυνὶ
214 479 242 505 δὲ
263 480 277 505 ὁ
300 480 369 507 κατὰ
388 481 501 516 σελήνην
521 482 641 514 ἐνιαυτὸς
655 483 776 518 ἀκριϐῶς
788 484 846 510 ἐστι
864 484 915 510 τνδ¹

134 524 173 556 ὡς
188 524 301 558 ἔγγιστα
324 526 427 560 τρίτου.
449 527 511 553 Ἐὰν
527 525 574 554 οὖν
590 528 734 563 ἀφέλωμεν
748 529 781 555 τὰ
793 529 844 555 τνδ¹
862 530 915 564 αβγ

133 571 189 597 ἀπὸ
199 570 252 597 τῶν
263 570 316 603 τξε’
325 572 386 607 αίδ,
398 573 656 609 καταλειφθὴσονται
668 574 770 610 ἡμέραι
783 578 808 607 t’,
823 578 856 602 tct'
866 577 916 602 δω-

131 615 261 647 δεκάδεςι
283 612 363 643 αὗται
387 617 415 643 δὲ
438 618 711 645 όκταπλασιασθεῖσαι
740 620 916 647 ἀποτελοῦσιν

131 660 241 696 ἡμέρας
250 662 293 694 πζ¹
305 662 359 698 αίγ
371 663 409 694 ὡς
418 663 539 698 ἔγγιστα,
551 663 635 692 Αὖται
648 665 676 692 δὲ
687 667 786 702 ἡμέραι
800 668 829 693 οὐ
846 676 915 703 συμ-

132 705 267 741 πληροῦσι
290 710 314 741 γ¹
334 707 431 743 μῆνας.
455 709 494 735 Δι’
517 709 551 745 ἣν
565 710 653 737 αἰτίαν
665 711 695 737 οὐ
713 711 754 737 δεῖ
768 712 875 746 ἀγνοεῖν
887 714 915 738 ἐν

131 753 190 783 τοῖς
202 755 227 786 η’
238 752 309 779 ἔτεσι
322 753 346 787 τί
363 754 448 788 μῆνας
466 754 627 790 ἐμϐολίμους
645 756 681 792 μὴ
696 756 824 784 δύνασθαι
836 755 914 785 εἶναι.

133 796 220 823 Τοῦτο
237 797 264 823 δὲ
285 798 331 824 καὶ
352 798 395 825 διὰ
411 799 790 837 τῆςιέννεακαιδεκαετηρίδος
801 803 916 837 φανερὸν

132 841 250 876 γίνεται.
281 843 323 869 Ἑν
348 843 402 880 γὰρ
421 846 476 876 τοῖς
495 844 528 871 t0’
551 845 623 872 ἔτεσι
643 846 663 877 ζ’
678 846 761 881 μῆνες
773 847 914 882 ἐμϐόλιμοι

966 260 1026 280 esse
1040 253 1115 279 cavis
1139 253 1289 280 mensibus.
1315 252 1408 288 Neque
1437 262 1503 282 vero
1531 255 1559 282 in
1576 259 1639 283 octo
1667 259 1746 285 anuis

966 301 1022 325 tres
1033 298 1088 332 jam
1104 298 1198 325 insunt
1208 305 1316 326 menses
1330 299 1516 328 intercalares.
1534 299 1562 327 Si
1573 301 1644 328 enim
1656 309 1745 330 annus

966 344 1071 370 lunaris
1086 347 1158 371 esset
1184 344 1290 371 dierum
1315 344 1377 377 554,
1402 345 1500 373 solaris
1523 354 1611 374 annus
1633 347 1746 376 haberet

965 397 1106 416 excessum
1114 389 1219 416 dierum
1228 390 1259 416 1ι
1280 389 1339 425 1/4.
1350 391 1383 416 Hi
1392 392 1475 418 octies
1491 392 1663 427 multiplicati
1674 401 1747 420 com-

966 435 1071 469 plerent
1087 439 1142 462 tres
1156 442 1263 462 menses
1283 435 1472 468 intercalares.
1499 436 1577 465 Nunc
1588 445 1652 465 vero
1666 439 1745 466 luna-

967 480 1005 506 ris
1015 487 1104 506 annus
1117 480 1232 514 praecise
1244 484 1288 508 est
1302 480 1407 515 dierum
1421 481 1534 517 3541/5
1544 482 1611 510 l'ere.
1625 481 1653 510 Si
1663 484 1747 519 igitur

966 525 1078 559 5511ίῦ
1086 525 1242 552 auferamus
1256 533 1272 552 a
1287 526 1339 557 50,5
1359 526 1410 561 l/4
1424 527 1614 562 relinquentur
1632 529 1691 556 dies
1712 529 1747 557 Il)

967 568 1054 603 ll/l2
1072 579 1077 595 :
1094 569 1140 603 qui
1159 577 1206 604 per
1220 569 1236 596 8
1251 570 1424 607 multiplicati
1438 571 1558 599 elIlciunt
1574 573 1634 601 dies
1649 573 1683 600 87
1694 571 1746 609 I/3

967 613 1033 641 fere.
1059 614 1093 640 Hi
1121 620 1210 642 autem
1233 612 1304 642 dies
1318 624 1372 643 non
1398 618 1535 652 complent
1559 623 1615 647 tres
1628 627 1745 648 menses.

967 658 1053 692 Quam
1068 661 1102 688 ob
1118 668 1229 688 causam
1240 669 1294 688 non
1306 662 1535 697 estignorandum
1546 663 1574 691 in
1591 670 1653 692 octo
1665 666 1745 694 annis'

966 710 1023 734 tres
1039 714 1148 734 menses
1157 707 1335 735 intercalares
1348 716 1402 735 non
1414 716 1495 743 posse
1503 717 1574 738 esse.
1587 710 1644 738 HOC
1656 716 1746 738 autem

966 751 1048 778 etiam
1063 759 1110 786 per
1122 752 1432 786 enneakaadecaeterida,
1448 754 1476 781 id
1491 759 1533 782 est
1549 755 1688 789 periodum
1714 756 1747 783 I9

967 804 1111 828 annorum.
1128 797 1157 823 lit
1173 798 1357 826 manifestum.
1377 797 1406 825 In
1421 799 1500 826 annis
1517 799 1589 826 enim
1610 800 1643 827 19
1661 808 1747 836 agun-

969 845 1013 869 tur
1025 842 1040 868 7
1055 850 1164 870 menses
1178 843 1364 876 inlercalares,
1377 848 1404 871 et
1417 851 1450 871 ex
1464 844 1615 879 majoribus
1640 851 1746 880 tempo-

131 889 255 922 ἄγονται,
279 890 325 916 καὶ
348 890 380 916 ἐκ
411 890 539 918 πλειόνων
569 892 672 927 χρόνων
695 894 870 928 συμφωνήσει
898 895 914 929 ἡ

967 887 1043 915 ribus
1057 892 1188 923 congruet
1201 889 1479 917 enneakmdecaeteris
1489 891 1516 918 in
1530 891 1664 918 mensium
1682 900 1745 919 usu.

131 934 415 972 ὲννεακαιδεκαετηρὶς
443 937 513 963 κατὰ
535 937 584 972 τὴν
607 937 661 963 τῶν
676 938 767 974 μηνῶν
784 939 895 974 ἀγωγήν
907 947 913 953 ·

131 981 165 1007 ὲν
192 981 245 1017 ἄρα
266 983 325 1013 ταῖς
348 982 420 1008 ὀκτὼ
440 983 752 1019 ἐννεακαιδεκαετηρίσιν
775 984 915 1020 ἐμϐόλιμοι

134 1027 219 1062 μῆνες
241 1027 402 1063 ἀχθήσονται
425 1032 478 1060 νς¹.
497 1029 541 1055 Ἐν
557 1029 585 1055 δέ
607 1030 639 1064 τῇ
654 1030 820 1066 ὀκταετηρίδι
833 1030 916 1065 μῆνες

131 1072 277 1107 ὲμὸόλιμοι
291 1072 401 1107 ἄγονται
415 1076 439 1108 γ’
450 1082 457 1089 ·
473 1074 501 1100 ἐν
518 1074 572 1109 ἄρα
588 1076 648 1106 ταῖς
666 1074 698 1101 ιθ¹
715 1076 914 1111 ὀκταετηρίσιν,

130 1118 203 1152 ὅπερ
219 1119 292 1144 ἐστὶν
315 1118 362 1154 ἔτη
389 1119 453 1154 ρνβ¹,
473 1119 611 1155 ἐμϐόλιμοι
634 1120 743 1153 ἄγονται
759 1120 806 1152 νζ’.
828 1121 871 1146 Ἐν
886 1121 915 1147 δὲ

129 1163 173 1198 τῷ
187 1163 262 1198 αὐτῷ
288 1164 374 1200 χρόνῳ
393 1165 463 1192 κατὰ
483 1165 532 1200 τὴν
546 1167 845 1202 ἐννεακαιδεκαετηρίδα
867 1167 915 1203 τὴν

131 1209 332 1244 συμφωνοῦσαν
344 1211 399 1242 τοῖς
410 1211 578 1246 φαινομένοις
591 1212 732 1247 ἐμϐόλιμοι
745 1213 828 1248 μῆνες
841 1213 916 1247 ἄγον-

129 1264 178 1282 ται
189 1258 242 1287 ν;’·
250 1255 319 1282 ὥστε
328 1255 481 1288 πλεονάζειν
493 1256 542 1292 τὴν
551 1257 727 1292 ὀκταετηρίδα
741 1257 780 1284 ἑνὶ
791 1258 855 1293 μηνὶ
868 1259 916 1293 ἐμ-

131 1301 311 1337 ϐολίμῳ.οὖκ
319 1302 396 1337 ἄραή
413 1302 573 1338 ὀκταετηρὶς
587 1304 659 1339 τρεῖς
668 1304 756 1338 μῆνας
769 1303 825 1338 ἔχει
835 1304 916 1338 ἐμϐο-

129 1347 242 1382 λίμους·
259 1347 326 1373 ἀλλὰ
337 1347 382 1373 καὶ
396 1348 466 1374 κατὰ
473 1348 550 1374 τοῦτο
563 1348 769 1384 διημάρτηταιὴ
783 1349 913 1384 περίοδος.

169 1393 280 1428 Διόπερ,
294 1393 386 1428 ἐπειδὴ
401 1394 535 1429 διημαρτη
541 1393 622 1429 μένην
635 1393 704 1420 εἶναι
719 1394 856 1420 συνέϐαινε
867 1394 915 1429 τὴν

131 1438 313 1473 ὸκταετηρίδα
332 1439 401 1465 κατὰ
420 1439 516 1469 πάντα,
539 1439 634 1474 ἑτέραν
649 1440 770 1474 περίοδον
787 1441 915 1476 συνεστή-

132 1492 217 1509 σαντο
227 1483 276 1518 τὴν
290 1483 339 1518 τῆς
360 1484 671 1520 ἐννεακαιδεκαετηρίδος
694 1486 718 1511 οξ
734 1485 797 1520 περὶ
810 1486 915 1524 Εὺζτὴσ

132 1538 205 1563 μονα
219 1530 274 1565 (Al)
291 1549 299 1561 ,
314 1531 361 1556 xu).
378 1530 519 1562 Φίλιππον,
536 1531 583 1558 καὶ
594 1531 735 1558 Κάλιππον
746 1532 914 1567 ἀστρολόγοι.

130 1617 227 1640 versu,
242 1612 270 1636 et
286 1617 346 1643 quze
361 1608 525 1643 respondent
540 1617 555 1636 e
568 1609 672 1636 directo
688 1610 815 1637 horarum
831 1611 914 1638 ratio-

130 1645 207 1671 cinia
226 1644 388 1678 capiamur:
403 1645 439 1670 ita
455 1648 485 1680 ut
508 1645 530 1671 si
555 1646 683 1679 scrupula
709 1646 806 1672 diurna
828 1647 914 1680 prima

130 1681 201 1711 sint,
218 1680 335 1712 quaehis
361 1679 535 1713 respondent.
562 1687 611 1714 pro
633 1681 718 1711 horis,
736 1685 763 1707 et
788 1679 913 1708 horarum

130 1715 273 1749 scrupulis
288 1714 383 1750 primis
398 1714 558 1741 habeantur.
577 1714 606 1741 Si
620 1716 748 1750 scrupula
759 1716 857 1742 diurna
872 1724 915 1743 se-

130 1748 225 1776 cunda
245 1748 385 1786 proposita
400 1749 466 1781 sint,
484 1750 556 1776 horae
570 1751 626 1777 sint
639 1748 786 1785 prii—uorum
801 1758 915 1786 scrupu-

130 1786 225 1811 Iorum
251 1784 360 1815 instar;
386 1789 412 1811 et
438 1785 565 1819 scrupula
599 1784 684 1819 prima
713 1784 915 1819 secundorum;

131 1825 218 1854 atque
235 1819 271 1846 ita
285 1819 413 1854 deinceps
428 1827 482 1846 uno
495 1820 580 1854 gradu
596 1821 722 1855 scrupula
737 1821 914 1848 descendant.

130 1855 175 1881 Ad
191 1855 263 1881 hunc
280 1862 345 1889 ergo
359 1855 470 1881 modum
484 1855 536 1881 ista
552 1856 780 1889 computabimus.

574 1912 655 1938 Horae

170 1947 212 1974 δι’
268 1946 400 1980 Scrupula
418 1947 515 1974 diurna
595 1947 628 1973 1⁸2
663 1947 704 1974 24'
759 1947 790 1973 0"
843 1947 880 1973 0’"

171 1982 219 2008 50"
266 1982 390 2010 Secunda
610 1981 628 2007 0
663 1983 698 2008 20
758 1983 776 2008 0
848 1983 865 2008 0

189 2038 227 2065 8’"
263 2037 355 2065 Tertia
611 2038 628 2065 0
680 2037 698 2065 0
760 2038 777 2064 5
831 2038 865 2065 12

171 2074 233 2101 ειγηι
268 2073 370 2106 Quarta
611 2074 629 2100 0
682 2075 699 2099 0
760 2073 777 2099 0
849 2074 865 2100 8

597 2131 631 2157 I2
666 2130 708 2158 Μ’
745 2131 793 2158 45η
828 2130 883 2157 20'"

171 2187 278 2215 Rursus
297 2195 328 2214 ex
346 2187 465 2215 secunda
480 2186 571 2214 tabula
592 2187 786 2222 investigemus
809 2191 875 2222 quot
891 2187 917 2214 in

247 2130 357 2158 Summa
372 2131 501 2158 horarum

136 2230 289 2258 sexagenas
310 2223 423 2250 diurnas
437 2227 638 2250 commutentur
653 2221 724 2250 horae
739 2222 783 2252 12,
806 2221 858 2254 μ’,
875 2223 915 2253 3".
933 2229 955 2257 ι)

135 2257 316 2289 Ξίγθζοειιεηι
330 2258 456 2284 cautione
470 2261 587 2289 servata,
603 2261 631 2284 ut
644 2258 666 2284 si
683 2258 757 2285 horae
774 2259 918 2292 propositae.

135 2294 203 2324 sint,
217 2300 278 2328 qua:
290 2293 324 2320 iis
339 2293 502 2327 respondent
516 2293 690 2327 sexagesima!
705 2293 809 2327 primae,
821 2301 919 2328 secun-

135 2329 189 2357 dae.
206 2334 272 2359 etc.,
291 2331 320 2354 ut
334 2327 361 2354 in
375 2328 466 2355 tabula
481 2332 581 2354 notata:
597 2331 670 2358 sunt.
687 2328 847 2354 habeantur.
871 2327 919 2354 Sin

137 2371 190 2398 pro
201 2363 276 2390 horis
291 2364 417 2397 scrupula
431 2367 627 2398 proponantur.
643 2367 700 2389 tum
716 2363 788 2390 horae
801 2364 828 2389 in
843 2370 919 2390 sexa-

138 2398 245 2433 gesima
270 2399 356 2432 prima
386 2398 493 2433 hor-aria
516 2398 721 2429 convertendae,
751 2398 919 2432 sexagesima

136 2432 225 2473 prima
243 2433 272 2460 in
296 2434 424 2460 secunda.
442 2432 497 2474 Hoc
519 2433 599 2459 modo
614 2433 706 2467 itaque
725 2433 795 2459 ratio
810 2437 920 2459 consta-
950 2442 958 2451 ο

135 2469 188 2496 bit.

173 2533 254 2560 Horae
450 2534 483 2561 12
571 2535 613 2562 50¹
665 2535 695 2562 0”
749 2535 786 2562 0'"
840 2535 884 2560 0"”

173 2568 309 2604 Scrupula
448 2568 490 2596 μ’
589 2570 600 2595 1
648 2570 682 2596 50
752 2571 769 2596 0
839 2570 856 2596 0

172 2624 308 2659 Scrupula
465 2627 495 2652 3"
585 2627 602 2653 0
665 2626 681 2653 0
753 2627 768 2652 7
822 2626 857 2653 50

172 2660 308 2694 Scrupula
446 2661 501 2687 20'"
583 2662 601 2688 0
666 2662 683 2687 0
753 2661 771 2688 0
825 2662 858 2688 50

174 2717 287 2745 Summa
568 2719 608 2746 ’δι’
646 2718 693 2745 50"
756 2718 792 2745 8’"
821 2718 884 2745 20""

171 2763 232 2799 Ι(Η)
249 2765 281 2791 0t
297 2764 363 2798 περὶ
386 2764 572 2798 Εὐκτήμονα.
595 2764 692 2792 Mirum
707 2765 740 2791 de
760 2764 865 2791 Melone
880 2768 920 2791 ta-

136 2802 230 2826 cuisse
243 2799 396 2831 Geminum,
412 2800 456 2826 cui
470 2806 560 2827 tamen
579 2800 712 2834 praecipue
735 2800 875 2827 inventum
888 2800 919 2826 il-

134 2835 182 2860 lud
197 2834 451 2861 decemnovennalis
465 2835 532 2865 cvcli
546 2836 687 2862 tribuitur.

175 2868 356 2904 Hipparchus,
373 2869 416 2896 lib.
443 2877 460 2901 ι,
476 2864 590 2904 Philippi
614 2870 775 2898 auctoritate
794 2869 918 2897 ‘Attalum

967 933 1055 968 Igitur
1079 934 1106 960 in
1136 938 1198 962 octo
1224 934 1343 969 periodis
1366 935 1399 962 l9
1416 943 1551 963 annorum
1570 937 1747 965 intercalares

965 987 1073 1007 menses
1086 984 1202 1014 agentur
1218 980 1266 1012 56,
1285 980 1312 1007 in
1321 981 1487 1009 octaeteride
1502 989 1610 1009 menses
1629 983 1746 1010 interea.

965 1026 1037 1053 lares
1063 1031 1181 1060 aguntur
1208 1031 1274 1053 tres.
1303 1026 1387 1061 Igitur
1412 1027 1439 1054 in
1469 1027 1502 1054 19
1527 1028 1746 1059 octaeteridibus.

965 1080 1025 1108 quae
1037 1072 1142 1100 faciunt
1156 1081 1244 1100 annos
1270 1073 1332 1105 I52,
1361 1073 1540 1100 intercalares
1559 1077 1677 1109 aguntur
1701 1073 1745 1101 57.

965 1118 994 1145 In
1021 1118 1115 1146 eodem
1144 1123 1265 1154 tempore
1285 1119 1313 1146 in
1348 1119 1460 1154 periodo
1491 1118 1745 1149 decemnovennali,

965 1171 1025 1199 quae
1055 1165 1221 1199 apparentiis
1247 1165 1399 1199 congruit,
1430 1165 1606 1193 intercalares
1637 1173 1747 1192 menses

965 1214 1082 1244 aguntur
1095 1209 1137 1236 5‘6.
1154 1209 1247 1244 Itaque
1260 1210 1407 1237 octaeteris
1435 1217 1490 1237 uno
1511 1218 1605 1237 mense
1628 1210 1748 1238 interca-

965 1254 1017 1282 lari
1048 1259 1160 1290 superat
1193 1255 1335 1290 periodum
1367 1255 1654 1284 decemnovennalem.
1688 1256 1746 1283 Non

965 1300 1048 1335 igitur
1070 1301 1216 1328 octaeteris
1244 1305 1332 1336 potest
1362 1305 1418 1328 tres
1445 1307 1552 1328 menses
1570 1301 1748 1329 intercalares

965 1346 1064 1374 habere
1081 1356 1088 1380 ;
1112 1347 1158 1374 sed
1174 1352 1200 1375 et
1214 1348 1269 1374 haec
1279 1347 1406 1382 periodus
1418 1347 1444 1374 in
1459 1347 1510 1374 hoc
1521 1346 1623 1374 fefellit.
1661 1372 1665 1376 ,

999 1392 1052 1427 23
1070 1392 1251 1426 Quamobrem
1263 1401 1324 1420 cum
1336 1394 1506 1427 contingeret
1522 1392 1686 1420 octaeterida
1700 1400 1748 1427 per

965 1439 1056 1465 omnia
1088 1439 1235 1470 aberrare.
1255 1440 1334 1466 aliam
1370 1439 1574 1466 constituerunt
1593 1438 1745 1473 periodum.

965 1491 1061 1518 nempe
1084 1484 1374 1517 decemnoveunalcm,
1400 1485 1561 1516 Euctemon,
1590 1483 1744 1519 Philippus,

966 1529 1095 1565 Calippus
1105 1530 1245 1565 astrologi.
1268 1530 1456 1558 Observarunt
1470 1531 1543 1557 enim
1564 1531 1591 1558 in
1614 1531 1647 1558 19
1667 1532 1747 1558 annis

965 1608 1113 1644 redarguit.
1128 1609 1174 1644 qui
1197 1608 1268 1636 diem
1289 1609 1316 1635 in
1331 1608 1434 1636 Graecia
1462 1609 1650 1643 longissimum
1675 1609 1747 1636 scri-

963 1647 1056 1678 pserat
1078 1651 1138 1671 eam
1152 1644 1186 1671 ad
1203 1644 1393 1671 brevissimum
1414 1644 1512 1671 habere
1529 1645 1674 1674 rationem,
1688 1651 1748 1677 quae

963 1683 1006 1705 est
1020 1679 1139 1713 quinque
1162 1679 1195 1705 ad
1210 1680 1275 1711 tria,
1291 1686 1352 1706 cum
1381 1683 1470 1706 tamen
1490 1679 1618 1706 Eudoxus
1634 1681 1661 1705 et
1683 1678 1746 1706 Phi-

965 1714 1053 1748 lippus
1069 1717 1230 1748 asseverentr
1239 1714 1372 1748 ejusmodi
1388 1721 1459 1745 esse,
1482 1714 1572 1748 qualis
1585 1717 1627 1740 est
1645 1714 1748 1741 duode-

965 1747 1016 1775 cim
1033 1748 1067 1775 ad
1079 1752 1192 1782 septem.
1210 1747 1276 1775 Nam
1293 1757 1354 1775 cum
1368 1748 1481 1775 Eudoxo
1491 1747 1672 1775 consentiens
1683 1748 1748 1776 Phi—

966 1783 1055 1817 lippus
1078 1783 1208 1810 docuerat
1236 1783 1333 1817 tropici
1361 1788 1541 1818 segmentum.
1568 1783 1640 1817 quod
1664 1791 1746 1818 supra

965 1822 1065 1845 terram
1081 1824 1134 1850 est,
1149 1826 1208 1845 eam
1222 1818 1322 1845 habere
1337 1819 1469 1844 rationem
1484 1818 1517 1845 ad
1532 1818 1646 1845 alterum
1674 1820 1746 1852 quod

965 1853 1018 1879 sub
1030 1857 1102 1888 terra
1114 1857 1165 1884 est.
1177 1861 1237 1888 qua
1249 1857 1290 1880 est
1305 1853 1447 1880 duodecim
1460 1853 1492 1879 ad
1504 1857 1617 1887 septem.
1631 1853 1747 1887 Ὁμοίως

965 1888 994 1914 δὲ
1025 1887 1112 1923 τούτῳ
1135 1887 1193 1914 χαι
1205 1888 1259 1914 τῶν
1287 1888 1351 1924 περὶ
1372 1887 1503 1914 Φίλιππον
1525 1888 1745 1924 ἀναγραφόντων.

966 1930 1046 1957 quem
1091 1927 1118 1950 et
1157 1922 1386 1957 συγκαταδύσεις,
1415 1926 1442 1949 et
1481 1922 1660 1954 συνανατολὰς
1692 1923 1747 1949 τῶν

966 1958 1083 1992 ἄστρων,
1097 1958 1174 1992 quasi
1187 1959 1219 1984 ad
1233 1959 1315 1985 situm
1329 1958 1439 1984 Graeciaa
1452 1958 1649 1992 conscripsisse
1663 1957 1744 1984 dicit:

967 1999 1028 2019 cum
1054 1998 1142 2019 tamen
1160 1994 1186 2019 in
1209 2001 1242 2020 eo
1262 1993 1318 2020 sint
1333 1993 1502 2019 hallucinati.
1522 1992 1604 2027 Igitur
1618 1997 1695 2020 ortus
1709 1995 1748 2020 si-

967 2027 1061 2054 derum
1091 2031 1119 2053 et
1140 2035 1255 2055 occasus
1272 2028 1414 2062 proposuit
1429 2027 1455 2053 in
1470 2032 1660 2062 parapegmate
1685 2027 1748 2054 Plii-

967 2062 1066 2096 lippus.
1082 2061 1243 2090 Plutarchus
1263 2061 1289 2089 iii
1306 2061 1384 2090 tract.
1400 2072 1406 2088 :
1425 2061 1484 2088 Ὄέι
1511 2061 1581 2088 οὺδὲ
1595 2061 1647 2096 ζῇν
1663 2063 1748 2089 ἐστιν

967 2097 1063 2130 ἡδέως
1087 2098 1150 2124 κατ’
1173 2097 1354 2131 Ἐπίκουρον,
1381 2097 1503 2132 ejusdem
1519 2096 1634 2132 Philippi
1651 2098 1746 2124 inven—

968 2136 1025 2158 tum
1049 2140 1110 2159 esse
1129 2133 1234 2162 scribit.
1253 2133 1511 2160 demonstrationem
1532 2132 1680 2159 schematis
1706 2133 1748 2159 lu-

969 2175 1029 2194 nte:
1047 2168 1127 2198 Τίνας
1148 2167 1268 2202 οἰόμεθα,
1294 2167 1341 2193 καὶ
1361 2167 1478 2201 πηλίκας
1494 2166 1588 2202 ἡδονὰς
1612 2167 1666 2194 ἀπὸ
1678 2175 1748 2201 γεω-

970 2202 1082 2236 μετρίας
1109 2202 1273 2237 δρέπεσθαι,
1308 2202 1354 2228 xui.
1382 2202 1575 2237 ἀστρολογίας,
1602 2202 1749 2237 Εὐκλείδην

968 2237 1107 2272 γράφοντα
1125 2236 1159 2263 τὰ
1175 2237 1309 2268 διοπτικά,
1332 2238 1379 2263 καὶ
1402 2236 1532 2263 Φίλιπῆον
1555 2237 1749 2264 ἀποδεικνύντα

970 2271 1033 2307 περὶ
1051 2271 1097 2298 τοῦ
1115 2273 1251 2307 σχήματος
1267 2273 1316 2307 τῆς
1335 2272 1466 2307 σελήνης;
1494 2272 1567 2304 θυαε
1591 2276 1616 2298 et
1637 2277 1748 2306 quantas

970 2309 1111 2340 voluptates
1131 2308 1260 2334 credimus
1279 2316 1292 2333 ε
1306 2308 1447 2341 geometria
1457 2313 1482 2335 ει
1498 2307 1643 2341 astrologia
1658 2307 1748 2333 decer-

970 2342 1052 2376 psisse
1071 2342 1216 2374 Euclidem,
1231 2350 1290 2368 cum
1312 2342 1434 2368 scriberet
1453 2342 1584 2375 dioptica;
1603 2342 1748 2369 PHILIPPUI

969 2378 1192 2404 demonstratione
1215 2378 1247 2404 de
1271 2378 1357 2412 ﬁgura
1383 2378 1451 2404 hunc
1478 2378 1570 2404 litteris
1601 2377 1749 2412 mandata?

970 2412 1073 2441 Plinius
1087 2413 1133 2439 lib.
1150 2421 1225 2444 xvm,
1248 2411 1307 2446 cap.
1325 2413 1369 2443 51,
1384 2412 1546 2447 Philippum,
1563 2411 1655 2438 laudat
1669 2419 1749 2446 para-

971 2448 1102 2482 pegmatis
1121 2453 1269 2476 auctorem.
1286 2448 1312 2474 iu
1337 2455 1390 2482 quo
1407 2448 1545 2474 stellarqu
1570 2450 1646 2473 ortus
1667 2454 1748 2482 occa-

971 2480 1072 2516 susque
1096 2483 1288 2517 descripseral.
1307 2480 1421 2517 perinde
1437 2490 1469 2509 ac
1493 2482 1646 2516 Calippum,
1671 2480 1749 2517 Dosi-

971 2517 1073 2546 theum.
1092 2516 1242 2548 Eudoxum,
1261 2521 1288 2544 et
1303 2516 1381 2546 alios.
1397 2517 1442 2551 qui
1458 2517 1558 2551 passim
1581 2517 1615 2542 ab
1630 2516 1750 2551 antiquis

969 2559 1002 2579 co
1027 2553 1135 2579 nomine
1149 2553 1278 2579 citantur.
1305 2550 1587 2578 Deinde’coitsentiunt
1611 2550 1688 2585 (quod
1709 2555 1748 2577 est

970 2587 1071 2622 rarum)
1102 2587 1259 2619 Pnturrus,
1290 2586 1431 2621 Calippua,
1454 2587 1610 2622 Docilheus,
1638 2585 1748 2622 Parme-

970 2619 1069 2652 m’acus;
1086 2622 1186 2653 Conon,
1203 2622 1305 2653 Criton,
1329 2619 1504 2653 Democritus,
1528 2620 1666 2650 Eudoxus.
1685 2619 1750 2653 Ion;

971 2665 997 2684 tv
1009 2656 1074 2684 Kal.
1092 2657 1182 2685 Octob.
1196 2657 1331 2692 Capellam
1341 2657 1470 2684 matutino
1484 2656 1592 2686 exoriri,
1609 2660 1635 2692 et
1646 2662 1676 2682 tu
1690 2654 1749 2681 Ka-

970 2692 1040 2720 lend.
1061 2692 1168 2720 llwdos.
1197 2690 1265 2720 Tum
1283 2693 1328 2720 lib.
1355 2700 1363 2719 l
1388 2693 1414 2719 in
1440 2690 1748 2725 catalogoﬁscriptorum

969 2732 1142 2755 externorum
1164 2728 1210 2755 lib.
1239 2735 1303 2755 xvm
1325 2734 1387 2754 cum
1411 2724 1539 2757 Thalete;
1559 2724 1681 2754 Eudoxo.
1696 2724 1749 2751 Ca-

970 2763 1053 2797 lippo.
1072 2763 1209 2794 Dositheo.
1232 2767 1297 2790 etc..
1322 2762 1476 2798 nominatur
1491 2760 1639 2798 Philippus.
1658 2759 1747 2798 Ptole-

969 2794 1053 2825 maeus
1067 2799 1093 2825 in
1111 2798 1180 2825 libro
1193 2798 1232 2824 De
1242 2798 1384 2832 signiﬁcat.
1399 2794 1621 2832 ﬁxarumﬁratce
1638 2794 1748 2832 a_nobis

969 2832 1052 2864 edito,
1070 2833 1183 2867 Philippi
1199 2829 1359 2867 parapegma
1374 2829 1428 2858 neu
1442 2829 1641 2867 semellaudat.
1657 2829 1746 2867 'I‘hotu

970 2875 1038 2901 xxx:
1051 2869 1080 2895 '0
1093 2863 1181 2899 χοινδς
1197 2863 1313 2899 Ἵππους
1328 2867 1374 2893 καὶ
1394 2864 1570 2901 Ἀνδρομέδας
1583 2864 1649 2900 ἐῷος
1664 2863 1747 2893 δύνει.
