1902 3143
153 158 205 191 815

656 147 828 177 APPENDIX
848 145 894 173 AD
914 143 1051 174 EUSEBH
1069 139 1278 172 CHBONICON.

1732 134 1783 162 816

157 215 290 244 contineri
307 213 366 242 dies
376 212 457 243 6910,
474 218 581 238 menses
595 217 660 237 vero
673 208 726 236 9.55
741 215 802 234 cum
820 207 939 234 interca-
955 237 956 240 η

1036 203 1188 240 ρετὴρησαν
1204 200 1258 237 γὰρ
1275 200 1303 226 ὲν
1320 199 1374 230 τοῖς
1394 197 1425 224 ιϐ’
1441 197 1512 224 ἔτεσι
1529 193 1704 235 περιέχεσθαι
1719 194 1787 228 ἠμέ-

157 261 263 288 laribus
277 259 427 287 mensibus.
442 257 566 291 Aguntur
579 259 669 282 autem
683 254 710 281 in
720 254 753 280 t9
769 253 848 280 annis
865 259 942 279 men-

157 314 203 335 ses
228 305 406 333 intercalares
434 306 548 336 septem.
567 301 663 328 Annus
690 300 772 334 igitur
791 298 941 326 secundum

157 360 206 381 eos
226 352 255 378 ﬁt
274 351 380 378 dierum
396 348 448 377 365
466 348 547 383 5/19.
574 346 604 374 In
623 346 765 373 mensibus
785 348 875 371 autem
889 342 942 369 255

158 406 242 426 cavos
257 399 408 433 posuerunt
423 394 484 425 ΗΟ,
501 394 596 429 plenos
613 399 678 419 vero
692 391 752 418 125.
773 390 865 424 Itaque
887 396 943 415 non

161 446 250 480 agitur
267 451 338 470 unus
349 446 410 478 post
426 441 540 468 alterum
557 447 641 467 cavus
658 442 685 465 et
700 438 809 472 plenus.
840 436 887 464 sed
902 435 944 462 in-

160 490 265 518 terdum
278 496 387 524 quoque
401 487 455 514 duo
470 486 541 522 pleni
561 485 770 513 continuantur.
791 482 848 509 Hoc
872 481 944 509 enim

160 540 258 564 natura
278 536 307 562 in
319 532 489 570 apparentiis
514 531 634 558 admittit
652 530 686 557 ad
706 530 776 556 lunae
796 528 944 559 rationem,

160 580 233 616 quod
247 580 275 607 in
292 577 457 607 octaeteride
470 584 523 604 non
538 576 635 603 inerat.
655 576 685 602 ln
698 574 751 601 255
767 577 856 600 autem
869 580 947 599 men-

161 627 237 655 sibus
247 633 329 653 cavos
346 626 499 660 posuerunt
519 622 572 649 110
587 625 697 656 propter
727 621 799 647 banc
824 625 945 646 causam.

160 673 229 700 Cum
247 678 356 698 menses
371 673 488 704 agantur
499 668 553 694 255
565 668 592 694 in
605 667 637 694 19
647 666 737 695 annis.
751 666 886 692 tinxerunt
898 664 947 690 hos

161 726 258 747 omnes
277 717 311 744 30
331 716 454 748 dierum;
471 718 498 742 et
514 714 680 748 colliguntur
691 713 750 740 dies
766 711 844 738 7050.
862 709 948 745 Opor-

162 765 238 792 tebat
260 767 352 790 autem
375 761 429 788 dici
453 760 505 786 110
532 766 626 790 cavos,
644 765 725 793 quam
742 757 777 784 ob
788 763 900 783 causam
921 754 949 781 in

163 809 277 846 periodo
289 805 532 836 decemnovennali
549 805 608 833 dies
637 804 705 831 ﬁunt
731 802 883 831 secundttm
907 801 949 828 lu-

164 863 228 884 nam
248 853 410 882 6950.Cum
440 853 523 888 igitur
540 859 636 879 onmes
654 858 764 878 menses
791 849 826 876 50
842 849 950 876 dierum

994 239 1044 285 ρας
1055 249 1144 283 .ςῇμ’,
1162 247 1249 282 μῆνας
1265 245 1293 271 δὲ
1307 244 1359 270 σλε¹
1374 244 1422 270 σὺν
1434 244 1490 274 τοῖς
1499 241 1670 277 ὲμῦολίμοις.
1690 239 1788 272 Ἀγον-

992 295 1077 321 ται¹δὲ
1088 295 1117 320 ὲν
1133 294 1189 324 τοῖς
1205 292 1237 318 ιθ¹
1250 291 1321 317 ἔτεσι
1331 290 1414 326 μῆνες
1425 287 1568 324 ἐμϐόλιμοι
1584 286 1665 313 ἑπτά,
1681 285 1789 311 Γίνεται

993 338 1040 367 οὗν
1054 341 1068 366 ό
1082 339 1205 370 ὲνιαυτὺς
1221 337 1282 364 κατ’
1299 334 1517 370 αὑτοὺς-ἡμερῶν
1533 331 1586 365 τξέ
1602 332 1649 359 καὶ
1663 335 1683 357 ε’
1699 332 1791 357 ἐννεα-

996 386 1175 413 καιδεκὰτων.
1198 385 1242 410 Ἐν
1253 383 1281 409 δὲ
1296 384 1352 414 τοῖς
1362 381 1413 408 σλε¹
1429 381 1496 416 μησὶ
1506 379 1613 410 κοίλους
1630 377 1730 410 ἔταξαν
1747 379 1790 411 ρι’.

996 433 1111 468 πλήρεις
1125 431 1154 457 δὲ
1171 429 1225 467 ρκε¹
1239 438 1245 445 ·
1258 429 1328 455 ὥστε
1344 428 1381 463 μὴ
1395 427 1510 461 ἄγεσθαι
1524 426 1573 452 ἕνα
1585 425 1633 450 καὶ
1645 424 1695 450 ’ἐνα
1703 423 1792 449 κοῖλον

996 479 1043 506 καὶ
1054 478 1155 514 πλήρη,
1173 476 1240 504 ἀλλὰ
1262 475 1309 502 καὶ
1336 474 1357 510 β’
1372 473 1437 500 ποτὲ
1450 472 1521 500 κατὰ
1535 470 1565 497 τὸ
1586 470 1649 505 ἑξῆς
1666 469 1791 503 πλήρεις.

997 525 1082 553 Τοῦτο
1093 525 1148 560 γὰρ
1173 524 1190 558 ἡ
1214 522 1295 557 φύσις
1321 521 1366 547 ἐπὶ
1380 519 1433 546 τῶν
1444 518 1614 554 φαινομένων
1636 515 1794 550 ἐπιδέχεται

997 572 1065 607 πρὸς
1076 571 1121 597 τὸν
1137 570 1186 604 τῆς
1204 568 1316 604 σελήνης
1332 566 1426 601 λόγον’
1444 566 1512 600 ὅπερ
1525 565 1554 590 ἐν
1567 565 1600 599 τῇ
1620 560 1793 596 ὀκταετηρίδι

997 606 1047 645 οὒκ
1058 614 1131 652 ὲνῆν.
1150 616 1194 642 Ἐν
1209 615 1237 641 δὲ
1248 616 1305 645 τοῖς
1319 613 1370 639 σλε¹
1393 612 1460 648 μησὶ
1473 611 1582 642 κοίλους
1599 608 1699 640 ἔταξαν
1713 607 1747 641 ρι’
1761 606 1795 633 δι’

998 665 1087 692 αἰτίαν
1103 662 1241 697 τοιαύτην.
1257 661 1332 687 Ἐπεὶ
1350 659 1432 695 μῆνες
1449 658 1558 692 ἄγονται
1572 656 1623 682 σλε¹
1640 656 1670 681 ὲν
1692 655 1749 686 τοῖς
1764 652 1795 680 ιϐ’

999 710 1096 741 ἔτεσιν,
1116 709 1306 743 ὑπεστήσαντο
1319 705 1431 736 τούτους
1448 704 1571 733 ἅπαντας
1595 698 1796 737 τριακονθημέ-

1002 765 1064 792 ρους
1075 764 1081 770 '
1103 755 1151 781 καὶ
1169 753 1329 787 συνάγονται
1345 750 1448 786 ἡμέραι
1466 749 1520 781 ,Cv’.
1538 748 1611 775 Ἔδει
1627 747 1656 773 δὲ
1668 745 1796 780 λέγεσθαι

1003 790 1035 838 ρι’
1048 801 1164 831 κοίλους,
1196 799 1230 825 δι’
1255 799 1288 834 ἢν
1315 797 1403 824 αἰτίαν
1434 797 1468 831 τῇ
1498 790 1796 826 ἐννεακαιδεκαετηρίδι

1002 836 1104 882 ἡμέραι
1129 845 1249 879 γίνονται
1273 842 1344 869 κατὰ
1359 841 1473 876 σελήνην
1489 838 1579 873 ,ςξδμκ
1601 836 1798 869 Πλεονάζουσιν

164 882 293 937 aguntur,
307 900 367 927 dies
382 882 599 933 7050Usuperant
614 897 673 924 dies
687 895 766 926 6940,
785 893 951 922 diebusllO.

1036 902 1061 925 ν,
1076 889 1316 928 τριακονθημέρων
1338 887 1479 922 ἀγομένων
1496 886 1604 912 πάντων
1620 883 1675 910 τῶν
1694 882 1798 937 μηνῶνῖ

164 947 256 981 Quare
270 947 321 975 110
337 954 445 974 menses
458 945 591 980 colligunt
610 950 704 973 cavos,
724 946 753 968 ut
773 941 800 968 in
811 941 864 968 955
877 948 954 968 mett-

167 993 245 1021 sibus
273 993 463 1027 compleantur
491 991 550 1018 dies
567 988 672 1024 periodi
697 986 954 1015 deccmnovennalis

167 1039 258 1072 6910;
279 1041 320 1069 ut,
335 1041 468 1072 quantum
489 1036 600 1068 licebat,
618 1034 736 1062 maxime
751 1041 785 1061 ex
799 1039 878 1068 :equo
898 1032 955 1059 die-

168 1091 231 1111 rum
254 1083 442 1118 exemptilinm
466 1080 670 1108 administratio
692 1080 779 1110 ﬂeret,
803 1078 957 1106 diviserunt

168 1130 240 1158 6940
248 1130 307 1157 dies
322 1129 349 1156 in
367 1129 428 1156 110.
445 1127 527 1154 Fiunt
543 1128 627 1163 igitur
641 1126 699 1153 dies
713 1125 757 1153 63.
771 1124 821 1152 Per
836 1125 895 1152 dies
908 1123 955 1159 igi-

171 1183 216 1204 tur
233 1175 269 1203 65
282 1179 390 1210 oportet
409 1181 492 1201 unum
522 1172 696 1207 exctnptilem
724 1170 814 1198 facere
838 1170 908 1197 diem
930 1170 957 1196 in

168 1222 267 1250 eadem
283 1221 406 1256 periodo.
428 1219 520 1254 Neque
539 1226 647 1252 semper
667 1218 695 1244 lit
719 1217 872 1251 exemptilis
899 1216 957 1243 dies

173 1267 343 1298 tricesimus,
355 1266 402 1293 sed
419 1265 452 1298 is,
467 1265 513 1300 qui
528 1269 589 1299 post
604 1263 639 1291 6'5
652 1263 711 1290 dies
724 1262 808 1294 cadit,
825 1261 956 1296 exempti-

169 1314 204 1341 lis
217 1312 329 1340 dicitur.
359 1311 388 1338 1n
419 1311 471 1338 bac
494 1311 606 1346 periodo
628 1309 758 1335 videntur
775 1314 882 1334 menses
898 1305 960 1341 pul-

169 1360 237 1387 chre
252 1358 365 1393 sumpti,
376 1361 403 1385 et
419 1357 597 1384 intercalares
615 1355 654 1382 sic
670 1353 801 1384 ordinati,
814 1357 844 1380 ut
859 1351 893 1379 ad
907 1359 957 1387 ap-

171 1404 311 1440 parentias
326 1407 488 1438 congruant.
507 1401 626 1436 Tempus
639 1407 705 1427 vero
735 1406 856 1426 annuum
876 1404 961 1432 appa-

171 1450 267 1478 renliis
283 1456 437 1484 congruum
457 1451 596 1482 sumpttttn
621 1449 672 1473 est.
699 1444 769 1471 Nam
789 1448 897 1478 tempus
911 1450 962 1469 an-

172 1502 257 1522 nuum
288 1501 322 1520 ex
350 1493 475 1528 pluribus
508 1491 589 1518 annis
620 1490 796 1517 observatum
821 1487 958 1523 congruit,

172 1540 248 1577 quod
260 1541 296 1568 sit
312 1540 418 1567 dierum
441 1538 493 1565 565
510 1537 572 1573 1/4.
591 1536 625 1564 At
640 1544 730 1564 annus
741 1543 774 1562 ex
787 1534 958 1563 cnneadeca-

171 1586 276 1614 cteride
293 1586 424 1614 co‘dectus
435 1587 544 1611 constat
555 1583 650 1610 diebus
659 1582 710 1609 565
719 1581 799 1617 5/19,
808 1581 854 1616 qui
865 1588 961 1608 nume-

174 1641 222 1661 rus
239 1639 384 1660 numerum
395 1630 518 1665 5651/1,
534 1633 647 1664 superat
657 1628 736 1664 1/76.
750 1628 838 1660 Quam
849 1627 884 1655 ob
896 1634 962 1654 cau-

174 1687 233 1707 sam
248 1678 379 1713 Calippus
392 1684 455 1704 cum
473 1676 531 1703 suis
543 1679 722 1702 correxerunt
737 1682 880 1702 excessum
897 1674 961 1708 diei,

174 1730 201 1752 et
216 1723 419 1750 constituerunt
434 1720 576 1756 periodum
605 1719 639 1746 76
660 1726 808 1750 annorum,
832 1721 963 1745 constan-

175 1773 230 1796 tcm
245 1776 278 1796 ex
300 1771 420 1803 quatuor
455 1765 762 1797 decemuoveunalibus,
785 1771 846 1799 quae
872 1763 962 1791 conti-

175 1819 242 1843 nent
263 1821 372 1842 menses
396 1813 508 1848 quidem
535 1811 599 1842 910.
628 1820 644 1839 e
668 1811 768 1846 quibus
784 1811 963 1838 intercalares

173 1859 220 1891 28,
239 1858 298 1886 dies
314 1865 379 1885 vero
394 1857 482 1884 22759
492 1857 525 1884 ³⁷.
541 1855 643 1884 Ordine
666 1860 756 1883 autem
774 1855 909 1883 mensium
926 1856 965 1882 in-

175 1904 352 1932 tercalarium
369 1903 453 1931 simili
478 1907 542 1931 sunt
563 1903 614 1930 usi.
641 1902 680 1930 Ac
706 1902 815 1929 videtur
841 1902 964 1929 omniurn

176 1951 295 1979 maxime
324 1949 419 1978 eadem
449 1949 582 1984 periodus
615 1949 649 1976 ad
689 1948 864 1983 apparentias
894 1955 963 1975 con-

176 2003 285 2031 gruere.

468 2133 663 2187 éAPUTJIlI.

366 2208 408 2236 De
425 2209 495 2236 lunae
512 2209 764 2237 illuminationibus.

215 2266 291 2294 Luna
302 2273 318 2293 a
332 2266 391 2294 sole
403 2266 586 2299 illuminatur,
608 2275 716 2303 semper
729 2268 803 2296 enim
817 2269 964 2303 splenden—

180 2315 234 2338 tem
259 2314 364 2347 partet’h
388 2311 469 2339 habet
494 2320 655 2341 conversam
681 2314 715 2341 ad
740 2315 887 2342 solemzet
902 2323 965 2343 cum

180 2357 268 2383 oritur
293 2360 357 2384 ante
382 2356 479 2388 solem,
491 2365 554 2391 pars
571 2358 632 2391 ejus
658 2357 808 2392 splendens
823 2359 858 2386 ad
871 2363 962 2386 ortum

232 2434 254 2450 ³⁷
269 2433 332 2462 Hzec
344 2434 511 2468 cumﬁraeco
523 2443 578 2462 non
596 2435 775 2463 concordant.

181 2512 351 2550 ξεὶιῖικτὴμονιἵ
385 2513 529 2550 ΦῘΛῘΠΙῙῼ
568 2512 616 2539 καὶ
645 2513 749 2550 Κόνωνι
774 2514 960 2550 ἐπισημαίνει.

180 2548 244 2575 Item
268 2557 313 2574 xtv
338 2549 381 2575 die
405 2548 501 2583 Athyr,
528 2552 554 2576 et
580 2556 624 2575 χχι
653 2549 696 2575 die
713 2550 827 2581 Mecltir.
844 2548 893 2578 tiec
908 2559 963 2577 non

181 2591 255 2617 xxtx.
276 2583 442 2610 Pbamenotb
462 2592 517 2615 xw,
540 2583 699 2610 Pbarmutbi
726 2592 782 2614 xxi.
810 2584 919 2612 Pacbon
937 2593 963 2617 ν,

179 2615 277 2660 Epipbi
293 2619 394 2660 xtl”!!!
418 2619 493 2660 calce
510 2627 573 2660 vero
591 2619 753 2660 scltoliastes
769 2621 826 2646 loca
852 2615 966 2654 percen-

180 2662 253 2686 sens,
271 2655 297 2681 in
314 2655 411 2689 quibus
427 2655 633 2681 observationes
653 2655 686 2681 ab
708 2655 751 2684 iis,
769 2663 884 2690 quorum
901 2664 966 2682 usus

180 2693 238 2716 era'.
253 2690 426 2720 testimoniis,
449 2689 527 2717 factae
550 2694 624 2720 sntit,
649 2689 802 2724 rbilippuin
820 2691 857 2716 ait
875 2691 902 2717 in
920 2689 970 2718 Pe-

182 2725 330 2765 loponpeso
357 2730 387 2765 _et
402 2725 528 2765 _l_.o_Cride
551 2731 688 2765 versatum
712 2733 784 2765 esse.
812 2725 969 2760 Stephanus

183 2758 219 2785 De
229 2761 338 2796 urbibus
357 2761 385 2787 in
402 2760 510 2796 Μέδμη,
531 2769 591 2794 quae
609 2766 651 2787 est
663 2758 968 2796 Medatna_Bruttiorum

180 2795 308 2838 oppidum
324 2805 331 2823 :
354 2796 382 2838 ᾯ
400 2794 515 2838 ’πολίτής
535 2796 684 2838 Μεᾷμαῖος,
701 2795 762 2822 ὅθεν
783 2794 825 2838 ἦν’
838 2797 968 2838 Φίλιπττος

180 2830 195 2855 ὁ
212 2829 348 2864 ἀξιόλογος
364 2831 443 2867 ἀνὴρ,
466 2832 480 2857 ὁ
494 2829 558 2867 ιπερὶ
575 2829 683 2867 ἀνέμων
700 2829 857 2867 γεγραῴὡς.
883 2833 968 2860 italus

179 2871 256 2899 ergo,
282 2869 365 2901 atque
385 2874 401 2894 e
426 2866 538 2895 Bruttiis
553 2866 685 2896 oriundus
708 2866 762 2894 fuit.
785 2867 902 2895 exi-nius
924 2868 968 2896 ille

1005 940 1033 966 αἰ
1046 925 1202 974 ,ζνίήμέραι
1223 936 1277 962 τῶν
1290 933 1369 970 ,ςῖᾐμέ
1385 932 1496 969 ἡμερῶν
1514 931 1621 966 ἡμέρας
1647 933 1691 965 ρι’.
1707 929 1753 955 Διὸ
1767 925 1799 963 ρι’

1007 986 1096 1021 μῆνας
1111 983 1257 1018 συνάγουσι
1278 980 1395 1012 κοίλους,
1414 980 1457 1006 ἵνα
1467 979 1495 1004 ὲν
1506 979 1562 1009 τοῖς
1573 977 1624 1004 σλε’
1643 976 1713 1011 μησὶ
1728 983 1798 1009 συμ-

1006 1031 1188 1067 πληρωθῶσιν
1217 1029 1245 1056 αἰ
1270 1029 1320 1063 τῆς
1346 1024 1664 1060 ὲννεακαιδεκαετηρίδος
1696 1023 1801 1058 ἡμέραι

1007 1079 1096 1113 κςῖμκ
1105 1077 1183 1109 Eva",
1196 1076 1233 1107 ὡς
1241 1075 1388 1109 ἐνδέχεται,
1402 1073 1517 1108 μάλιστα
1526 1072 1558 1098 δι’
1570 1071 1627 1097 ἴσου
1634 1071 1652 1105 ἡ
1661 1070 1717 1096 τῶν
1727 1070 1802 1102 ἐξαι-

1009 1123 1126 1159 ρετίμων
1142 1121 1254 1157 ἡμερῶν
1267 1121 1379 1155 γένηται
1394 1117 1580 1154 πραγματεία,
1598 1116 1731 1152 ὲμέρισαν
1752 1116 1802 1146 τὰς

1008 1171 1087 1204 ,ςῗμί
1111 1167 1218 1210 ἡμέρας
1241 1166 1281 1198 εἰς
1307 1169 1350 1201 ρι’.
1368 1165 1491 1191 Γίνονται
1507 1161 1554 1190 οὖν
1575 1162 1678 1198 ἡμέραι
1698 1161 1748 1195 ξγτ,
1763 1161 1802 1187 Δι’

1007 1212 1120 1249 ἡμερῶν
1135 1206 1189 1247 ἄρα
1207 1211 1264 1246 (42)
1290 1210 1329 1244 ξγ¹
1344 1209 1518 1245 ὲξαιρέσιμον
1537 1208 1586 1243 τὴν
1601 1207 1708 1243 ἡμέραν
1725 1206 1802 1241 ἄγειν

1007 1258 1051 1285 δεῖ
1061 1259 1089 1285 ἐν
1104 1258 1173 1293 αὐτῇ
1189 1258 1222 1292 τῇ
1246 1255 1374 1290 περιόδῳ,
1390 1255 1458 1282 Οὐδὲ
1479 1254 1584 1288 γίνεται
1598 1252 1772 1287 ὲξαιρέσιμος
1784 1252 1801 1286 ἡ

1009 1304 1126 1339 τριακὰς
1147 1302 1191 1329 διὰ
1213 1301 1324 1332 παντὸς,
1342 1299 1400 1327 ἀλλ’
1414 1300 1430 1335 ἡ
1447 1298 1491 1325 διὰ
1509 1298 1563 1324 τῶν
1579 1297 1617 1332 ξγ¹
1629 1296 1742 1332 ἡμερῶν
1757 1295 1803 1322 πί-

1010 1360 1115 1378 πτουσα
1124 1349 1297 1385 ὲξαιρέσιμος
1304 1348 1424 1382 λέγεται,
1443 1346 1486 1372 Ἑν
1498 1346 1526 1372 δὲ
1542 1346 1575 1381 τῇ
1590 1343 1707 1380 περιόδῳ
1717 1342 1802 1378 ταύτῃ

1009 1396 1133 1423 δοκοῦσιν
1149 1396 1173 1421 οἱ
1191 1395 1239 1430 μὲν
1258 1395 1341 1430 μῆνες
1358 1392 1448 1424 καλῶς
1465 1391 1601 1427 εἰλῆφθαι,
1622 1390 1668 1417 καὶ
1684 1390 1709 1416 οἱ
1723 1389 1804 1424 ἐμεό-

1011 1443 1086 1478 λιμοι
1104 1441 1258 1478 συμφώνως
1270 1443 1327 1472 τοῖς
1341 1439 1513 1475 φαινομένοις
1528 1436 1715 1472 διατετάχθαι.
1737 1436 1766 1462 ⁸0
1777 1435 1804 1461 δὲ

1013 1489 1148 1521 ἐνιαύσιος
1177 1489 1272 1524 χρόνος
1288 1487 1432 1523 σύμφωνος
1452 1486 1486 1502 ’θ’
1503 1485 1629 1520 εἴληπται
1642 1485 1700 1515 τοῖς
1715 1490 1805 1518 φαινο-

1016 1535 1115 1571 μένοις.
1135 1535 1163 1561 '0
1195 1533 1249 1569 γὰρ
1274 1533 1409 1564 ἐνιαύσιος
1432 1531 1527 1567 χρόνος
1540 1532 1572 1557 ὲκ
1590 1530 1722 1556 πλειόνων
1739 1528 1805 1554 ἑτῶν

1012 1589 1152 1616 παρατετη
1157 1589 1189 1616 ρη
1194 1579 1271 1616 μένος
1285 1587 1315 1605 συ
1319 1577 1512 1614 μπεφὼνηκεν,
1538 1577 1579 1603 ὅτι
1601 1576 1675 1602 ἐστὶν
1694 1576 1711 1610 ἡ
1717 1583 1748 1610 με
1753 1573 1806 1611 ρῶν

1012 1627 1064 1661 τξε¹
1081 1627 1145 1662 αχβ.
1170 1627 1199 1653 '0
1213 1626 1241 1652 δὲ
1257 1626 1288 1652 ἐκ
1305 1625 1356 1659 τῆς
1376 1622 1642 1658 ἐννεαδεκαετηρίδος
1657 1621 1807 1656 συναγόμε-

1012 1683 1057 1705 νος
1071 1673 1193 1704 ὲνιαυτός
1210 1673 1283 1698 ἐστιν
1298 1671 1408 1707 ἡμερῶν
1424 1670 1488 1704 τξέ,
1512 1668 1762 1696 ὲννεακαιδεκάτων
1775 1670 1804 1694 ε’.

1013 1719 1194 1751 Πλεονάζουσι
1217 1718 1244 1745 δὲ
1259 1715 1340 1744 αὗται
1358 1717 1411 1744 τῶν
1424 1717 1475 1749 τξε’
1495 1716 1545 1750 αίδ
1564 1715 1669 1751 ἡμέρας
1692 1714 1808 1750 ἑϐδομη-

1013 1766 1161 1801 κονῦἑκτῳ.
1177 1765 1256 1800 Δι’ἣν
1272 1764 1360 1791 αἰτίαν
1380 1764 1406 1790 οἰ
1427 1763 1490 1799 περὶ
1506 1762 1647 1789 Κάλιππον
1668 1761 1808 1796 γενόμενοι

1014 1811 1172 1847 ἀστρολόγοι
1191 1809 1380 1846 διωρθώσαντο
1409 1809 1440 1835 τὸ
1456 1808 1603 1839 πλεονάζον
1619 1808 1670 1842 τῆς
1691 1808 1807 1842 ἡμέρας,

1014 1857 1061 1884 καὶ
1074 1857 1272 1892 συνεστήσαντο
1283 1856 1331 1892 τὴν
1345 1854 1722 1891 ἐξκαιεϐδομηκονταετηρίδα
1747 1862 1808 1880 συν-

1015 1905 1161 1938 εστηκυῖαν
1169 1904 1201 1929 ὲκ
1213 1903 1352 1939 τεσσάρων
1364 1900 1695 1937 ὲννεακαιδεκαετηρίδων,
1709 1901 1808 1931 αἵτινες

1016 1950 1172 1985 περιέχουσι
1189 1949 1276 1985 μῆνας
1286 1949 1335 1984 μὲν
1353 1950 1414 1984 ιδμκ
1426 1946 1463 1976 ὧν
1478 1947 1619 1984 ἐμϐόλιμοι
1630 1951 1683 1982 κη’,
1696 1946 1808 1983 ἡμερῶν

1016 1996 1045 2022 δὲ
1065 1995 1215 2032 δισμυρίων
1242 1995 1334 2030 ,ζψνῦκ
1357 1995 1396 2030 Τῇ
1427 1995 1456 2021 δὲ
1480 1994 1556 2027 τάξει
1579 1994 1633 2020 τῶν
1651 1994 1809 2030 ὲμϐολίμων

1015 2042 1116 2077 ὁμοίως
1135 2042 1295 2077 ἐχρήσαντο.
1310 2041 1364 2067 Καὶ
1376 2041 1451 2067 δοκεῖ
1460 2040 1578 2076 μάλιστα
1589 2041 1698 2067 πάντων
1712 2042 1729 2076 ἡ
1741 2040 1810 2075 αὑτὴ

1018 2086 1140 2122 περίοδος
1155 2088 1211 2118 τοῖς
1221 2086 1394 2122 φαινομένοις
1411 2088 1579 2122 συμφωνεῖν.

1284 2155 1483 2182 ΚΕΦΑΛΛΙΟΝ
1503 2157 1539 2183 Z'.

1211 2211 1280 2245 Περὶ
1296 2210 1432 2244 σελήνης
1444 2210 1614 2246 φωτισμῶν.

1060 2267 1093 2293 Ἦ
1113 2267 1212 2303 σελήνη
1227 2267 1278 2294 ὑπὸ
1297 2267 1344 2294 τοῦ
1359 2268 1433 2303 ἡλίου
1453 2267 1609 2302 φωτίζεται.
1634 2267 1690 2294 Ἀεὶ
1706 2275 1762 2304 γαρ
1782 2268 1811 2294 τὸ

1020 2313 1145 2349 λαμπρὸν
1174 2314 1242 2349 πρὸς
1268 2314 1343 2349 ἡλιον
1373 2314 1600 2350 ὲπεστραμμένον
1621 2313 1643 2329 "
1668 2313 1745 2349 ἔχει·
1767 2315 1812 2340 καὶ

1018 2361 1082 2386 ὅταν
1098 2359 1290 2395 προανατέλλει
1303 2360 1349 2386 τοῦ
1358 2359 1444 2395 ἡλίου,
1459 2360 1490 2386 τὸ
1501 2359 1626 2396 λαμπρὸν
1642 2360 1730 2395 αὐτῆς
1746 2360 1812 2395 πρὸς

832 2437 854 2452 ³⁸
869 2436 891 2471 Ῑ.
906 2437 950 2464 ἴνα
966 2433 1005 2464 δέ.
1045 2438 1078 2454 ³⁸²
1096 2437 1161 2473 Leg.
1177 2438 1208 2465 οὺ
1221 2437 1286 2474 σύμ.
1324 2438 1348 2454 ³*
1363 2447 1408 2474 νηο.
1427 2437 1668 2474 ἀπεστραμμένον.

1017 2516 1285 2557 ἓξιιοηοιιιιιβ,ηιιιιί
1303 2516 1349 2557 “de
1378 2517 1468 2545 ventis
1495 2517 1656 2557 scripserat.
1683 2516 1813 2557 _Proclus

1018 2552 1056 2578 lib
1083 2560 1101 2579 ll
1118 2553 1145 2578 in
1162 2552 1281 2588 Euclidis
1300 2552 1445 2584 Elementa,
1473 2561 1533 2588 pag.
1552 2553 1594 2582 19.
1612 2552 1738 2588 ejusdem
1759 2561 1813 2580 me-

1019 2588 1098 2614 minit
1115 2597 1121 2614 :
1139 2587 1271 2619 Φίλιππος
1289 2588 1317 2614 δὲ
1332 2589 1346 2614 ὁ
1361 2586 1480 2619 Μεταῖοέ
1498 2588 1640 2619 Πλάτωνος
1662 2586 1701 2612 ὢν
1728 2588 1813 2623 μαθη-

1019 2623 1086 2657 τὴς,
1115 2623 1163 2649 καὶ
1193 2623 1238 2648 ὑπ’
1267 2623 1371 2649 ἐκείνου
1400 2624 1572 2658 προτραπεὶς
1599 2624 1639 2654 εἰς
1665 2623 1700 2649 τὰ
1728 2623 1812 2658 μαθή-

1020 2666 1107 2718 ῗῗτα.
1123 2658 1270 2699 .Plliiippus
1294 2657 1439 2685 Medma'us
1463 2657 1511 2693 (ita
1537 2660 1667 2700 leg..non
1692 2657 1812 2693 Μέιςευε)

1055 2699 1142 2718 almus
1165 2693 1312 2718 discmulus
1325 2714 1332 2718 .
1348 2698 1373 2718 et
1391 2694 1423 2718 ab
1441 2694 1531 2718 eadem
1549 2698 1676 2718 "inlatus
1700 2693 1735 2718 ad
1757 2702 1812 2718 ma-

1032 2693 1142 2720 ’latonis
1165 2693 1312 2727 discipulus
1325 2714 1332 2726 ,
1348 2698 1373 2720 et
1391 2694 1423 2720 ab
1441 2694 1531 2720 eodem
1549 2694 1676 2720 incitatus
1700 2693 1735 2721 ad
1757 2702 1812 2719 ma-

1018 2728 1173 2755 thematicas
1185 2734 1266 2755 artes.

1053 2764 1110 2799 (έὲ)
1131 2764 1171 2790 Δι’
1186 2764 1305 2798 ἡμερῶν
1325 2763 1393 2797 ἄρα.
1421 2763 1498 2790 Hunc
1515 2764 1605 2791 locum
1631 2763 1811 2799 expendimus

1017 2799 1065 2826 lib.
1083 2808 1099 2826 ιι
1115 2799 1154 2826 De
1166 2798 1288 2826 doctrina
1308 2805 1466 2834 temporum,
1484 2807 1545 2834 cap.
1561 2799 1588 2826 9.
1609 2799 1678 2826 Tum
1703 2799 1738 2826 de
1763 2798 1811 2825 Me-

1017 2835 1110 2862 tonica
1125 2838 1152 2862 et
1166 2835 1306 2871 Galippica
1321 2835 1434 2870 periodo
1451 2835 1529 2870 plene
1544 2834 1644 2862 ibidem
1658 2834 1776 2870 egimus.
