1902 3143
135 179 190 206 817

654 181 772 209 GEMINI
791 181 976 209 ELEMENTA
992 182 1236 214 ASTRONOMIE.

1710 187 1762 216 818

135 235 270 270 ἀνατολὴν
300 234 406 271 βλέπει’
420 236 467 263 καὶ
491 237 555 263 ὅταν
575 236 693 273 προδύνῃ
708 237 755 264 τοῦ
773 238 858 274 ἡλίου,
883 239 929 264 καὶ

982 240 1093 274 reSpicil
1107 250 1113 267 :
1132 244 1159 268 et
1176 248 1238 268 cum
1247 240 1351 268 ‘occldit
1365 245 1429 269 ante
1441 241 1525 269 solem
1538 263 1546 276 ,
1566 246 1666 270 etcum
1681 245 1763 271 oeci—

135 284 202 309 ὅταν
216 281 399 319 ὲπικαταδύνῃ
415 282 454 318 τῷ
468 282 546 318 ἡλίῳ,
558 283 746 318 ὲπέστραπται
762 285 792 310 τὺ
805 284 929 320 λαμπρὸν

135 327 208 364 πρὸς
223 327 269 354 τὸν
283 327 368 363 ἥλιον.
397 328 441 354 Ἐν
457 328 485 354 δέ
503 337 558 355 τισι
573 328 627 354 τῶν
646 329 756 364 ἡμερῶν
774 331 928 365 παρατετή-

135 383 218 410 ρηται
239 376 256 410 ἡ
271 374 368 410 σελήνη
384 373 454 401 κατὰ
466 374 496 400 τὺ
518 374 628 401 σπάνιον
647 375 878 402 ὲπικαταδύνουσα
890 375 929 411 τῷ

134 421 214 456 ἡλίῳ,
226 421 272 447 καὶ
284 420 314 446 τὸ
337 420 461 456 λαμπρὸν
475 420 574 456 ἔχουσα
587 420 683 456 βλέπον
695 421 762 456 πρὸς
776 421 826 456 τὴν
842 421 927 448 δύσιν.

134 466 337 503 Παραλλάξασα
346 466 374 492 δὲ
391 467 424 501 τῇ
440 466 517 492 νυκτὶ
527 466 595 501 πρὸς
615 466 660 493 τὸν
678 466 769 502 ἥλιον,
795 467 843 493 καὶ
863 476 929 503 προ-

133 512 300 540 ανατείλασα
326 512 372 538 τοῦ
394 512 487 547 ἡλίου,
517 511 546 538 τὸ
568 511 694 548 λαμπρὸν
722 512 822 548 ἔχουσα
860 512 929 539 θεω-

134 561 224 595 ρ’.ῖται
240 558 310 594 πρὸς
325 558 468 594 ἀνατολήν.
488 557 533 589 Ἐξ
542 554 572 584 οὗ
584 559 710 594 φανερὸν,
724 560 765 586 ὅτι
791 560 808 594 ὴ
831 559 929 594 σελήνη

135 605 190 632 ὑπὸ
215 604 262 630 τοῦ
292 603 367 639 ἡλίου
395 603 551 638 φωτίζεται.
587 604 812 640 Παρατετήρηται
828 603 856 630 δὲ
884 605 930 632 καὶ

133 649 169 676 τὰ
193 649 315 677 τοιαῦτα.
346 650 410 676 Ὅτε
428 650 477 685 μὲν
494 650 548 686 γὰρ
565 650 635 676 κατὰ
656 650 813 686 χειμερινὰς
826 650 930 686 τροπὰς

133 696 267 732 ὑπάρχων
282 697 296 723 ὁ
312 696 386 731 ἥλιος
418 695 563 732 ἁνατέλλῃ,
577 695 638 722 τότε
656 695 687 722 τδ
703 695 863 730 μεσαίτατον
879 695 926 722 τοῦ

133 742 345 778 πεφωτισμένον
357 742 452 778 βλέπει
469 742 536 778 πρὸς
563 742 609 769 τὸν
623 741 698 778 ἣλιον
709 750 716 757 ·
730 741 799 768 ὥστε
818 741 868 777 τὴν
881 742 930 773 τὰς

133 788 250 824 κεραίας
278 787 508 822 ὲπιζευγνύουσαν
537 788 587 823 τῆς
615 787 729 823 σελήνης
751 787 857 814 εὐθεῖαν
869 787 929 822 δίχα

133 834 264 870 καὶπρὸς
281 834 365 870 ὀρθὰς
379 834 526 870 τέμνεσθαι
543 833 595 860 ὑπὸ
610 833 659 868 τῆς
675 833 782 864 εὐθείας
793 832 847 859 τῶν
863 833 924 867 ἀγοο

137 880 228 915 μένων
243 880 296 906 ἀπὸ
312 880 360 906 τοῦ
380 880 493 915 κέντρου
509 879 556 906 τοῦ
569 878 643 914 ἡλίου
656 878 764 914 ὲπὶντὴν
775 878 930 914 διχοτομίαν

134 925 187 960 τῆς
202 924 318 960 σελήνης
330 934 337 940 ·
351 925 415 952 ὅταν
429 924 457 951 δὲ
468 924 538 951 κατὰ
553 924 661 960 θερινὰς
679 923 783 959 τροπὰς
799 924 927 959 ὑπάρχων
945 916 965 945 Β

134 971 269 1007 ἀνατέλλῃ
286 973 301 998 ὁ
316 971 401 1007 ἥλιος,
416 971 497 998 πάλιν
517 971 667 1007 έστραπται
681 971 711 997 τὸ
723 971 804 1006 μέσον
817 970 864 996 τοῦ
879 979 927 996 πε-

136 1016 308 1052 φωτισμένου
324 1016 393 1051 πρὸς
409 1016 439 1043 τὸ
457 1017 538 1052 μέσον
557 1015 605 1043 τοῦ
628 1016 719 1052 ἡλίου·
738 1015 810 1048 ὥστε
829 1015 929 1050 ὁμοίως

135 1061 348 1097 διχοτομεῖσθαι,
364 1063 413 1089 xui.
428 1062 495 1097 πρὸς
513 1062 595 1098 ὀρθὰς
608 1062 755 1097 τέμνεσθαι
774 1062 822 1098 τὴν
836 1070 929 1098 προει-

136 1106 263 1144 ρημένην
276 1107 394 1134 εὐθεῖαν.
410 1107 447 1134 Τὸ
459 1107 486 1134 δὲ
500 1107 565 1134 αὐτὸ
583 1107 687 1141 γίνεται
704 1109 750 1134 καὶ
761 1107 806 1133 ἐπὶ
817 1107 871 1134 τῶν
885 1106 930 1134 δύο

137 1161 208 1179 σεων
223 1161 230 1168 ·
248 1152 318 1180 ὥστε
334 1154 381 1180 καὶ
395 1153 438 1180 διὰ
452 1153 547 1180 τούτου
560 1153 607 1180 τοῦ
626 1154 740 1189 σημείου
754 1153 929 1188 συνάγεσθαι,

135 1200 180 1226 ὅτι
195 1199 248 1226 ὑπὸ
263 1199 310 1226 τοῦ
325 1199 401 1235 ἡλίου
417 1200 563 1234 φωτίζεται
577 1201 594 1235 ἡ
618 1200 725 1235 σελήνη.
753 1200 931 1235 Πεφωτισμέ-

135 1254 182 1271 νον
196 1245 318 1280 μέντοιγε
328 1245 372 1271 διὰ
391 1246 490 1276 παντὸς
510 1246 595 1281 αὐτῆς
611 1246 640 1272 τὸ
653 1238 708 1272 ἴσον
725 1246 798 1272 ἐστὶν
815 1245 852 1277 ὼς
867 1246 931 1280 ἡμι-

136 1291 280 1326 σφαίριονι
300 1291 330 1317 οὐ
345 1291 469 1325 φαίνεται
490 1291 520 1317 δὲ
547 1291 590 1318 διὰ
609 1291 709 1322 παντὸς
724 1290 809 1325 αὐτῆς
823 1290 854 1317 τὸ
875 1291 931 1318 ἴσον

136 1338 345 1374 πεφωτισμένον
356 1338 393 1370 ὡς
407 1338 474 1374 πρὸς
491 1338 540 1375 τὴν
556 1338 693 1374 ἡμετέραν
708 1338 812 1374 ὅρασιν,
827 1337 871 1364 διὰ
881 1337 931 1369 τὰς

136 1385 207 1420 πρὸς
231 1385 276 1411 τὸν
293 1384 367 1420 ἥλιον
386 1384 559 1415 ἀποστάσεις.
581 1383 665 1411 Ὅταν
690 1383 740 1419 μὲν
765 1383 820 1418 γὰρ
843 1384 872 1409 ὲν
896 1384 930 1418 τῇ

135 1430 263 1466 τριακάδι
279 1431 307 1456 ὲν
334 1431 368 1466 τῇ
397 1431 465 1466 αὐτῇ
496 1430 578 1466 μοίρᾳ
593 1430 704 1465 γένηται
730 1430 744 1456 ὁ
756 1429 830 1465 ἥλιος
849 1429 896 1455 καὶ
913 1429 929 1464 ὴ

137 1476 250 1511 σελήνη,
263 1476 323 1503 τότε
331 1476 361 1502 τὸ
379 1476 557 1512 ἡμισφαίριον
570 1475 793 1511 ὲπεστραμμένον
810 1475 877 1510 πρὸς
887 1474 932 1500 τὸν

134 1522 223 1558 ἡλιον,
242 1521 468 1557 ἀπεστραμμένον
497 1521 525 1547 δὲ
553 1521 606 1548 ἀπὸ
621 1521 672 1556 τῆς
687 1521 824 1556 ἡμετέρας
834 1519 931 1555 ὅψεως,

137 1567 303 1602 φωτίζεται·
335 1567 464 1594 ὑποκάτω
487 1567 540 1602 γὰρ
570 1567 587 1601 ἡ
615 1567 713 1602 σελήνη
746 1566 856 1602 φέρεται
885 1565 932 1592 τοῦ

136 1613 231 1649 ἡλίου·
252 1613 317 1639 ὅταν
340 1613 368 1640 δὲ
390 1610 577 1649 παραλλάξῃὴ
600 1612 698 1648 σελήνη
715 1612 783 1648 πρὸς
802 1612 847 1638 τὸν
859 1611 932 1646 ἥλιον

122 1655 204 1694 ’περὶ
230 1659 279 1694 τὴν
309 1658 475 1693 νουμηνίαν,
517 1659 576 1685 τότε
614 1658 755 1694 μηνοειδὴς
785 1659 801 1693 ή
833 1657 931 1692 σελήνη

136 1703 296 1739 θεωρεῖται·
312 1703 358 1730 τοῦ
374 1705 426 1740 γὰρ
447 1704 626 1740 ἡμισφαιρίου
653 1703 701 1730 τοῦ
726 1703 931 1738 πεφωτισμένον

138 1748 237 1784 μικρὸν
268 1748 350 1784 μέρος
379 1749 575 1784 παρακλίνεται
613 1748 680 1784 πρὸς
719 1748 768 1784 τὴν
795 1748 932 1783 ἡμετέραν

136 1794 249 1828 ὅρασιν·
280 1794 343 1820 ὅταν
373 1794 401 1820 δὲ
428 1795 517 1830 ἀπέχῃ
545 1795 561 1830 ἡ
590 1794 687 1829 σελήνη
715 1793 768 1820 ἀπὸ
792 1793 838 1819 τοῦ
856 1793 932 1828 ἡλίου

136 1842 167 1866 ὲν
179 1841 239 1871 ταῖς
254 1839 351 1875 ἑφεξῆς
366 1840 495 1876 ἡμέραις,
511 1841 602 1867 πλεῖον
617 1840 659 1867 ἀεὶ
674 1841 721 1866 καὶ
740 1840 827 1866 πλεῖον
839 1839 869 1870 τὲ
885 1848 933 1866 πε-

137 1886 310 1921 φωτισμένον
325 1887 370 1921 ὑφ’
383 1886 461 1922 ἡμῶν
483 1886 640 1921 θεωρεῖται·
661 1886 724 1912 ὅταν
740 1885 767 1912 δὲ
783 1886 814 1912 τὸ
827 1885 877 1920 αλδ
886 1885 933 1920 μέ-

138 1941 186 1968 ρος
201 1932 248 1959 τοῦ
264 1932 395 1964 ζωδιακοῦ
420 1933 520 1959 κύκλου
545 1933 652 1969 ἀπόσχῃ
670 1932 779 1967 σελήνη,
794 1931 933 1966 διχότομος

137 1979 291 2016 θεωρεῖται·
310 1979 369 2006 τότε
384 1979 438 2014 γὰρ
453 1978 630 2014 ἡμισφαιρίου
656 1977 703 2004 τοῦ
727 1977 931 2012 πεφωτισμένον

138 2026 194 2053 ὑπὸ
209 2025 256 2052 τοῦ
269 2025 344 2061 ἡλίου
358 2025 389 2052 τὺ
401 2025 488 2061 ἡμισυ
505 2026 548 2060 ἐφ’
562 2025 637 2060 ἡμᾶς
656 2024 856 2059 ἐπέστραπται·
871 2022 931 2058 μεί-

138 2073 216 2105 ζονος
230 2072 259 2098 δὲ
273 2071 421 2106 γενομένου
436 2071 483 2097 τοῦ
500 2071 681 2107 διαστήματος
694 2069 743 2104 τῆς
756 2068 869 2104 σελήνης
880 2067 933 2095 ἀπὸ

138 2118 187 2144 τοῦ
197 2117 283 2153 ἡλίου,
301 2118 391 2152 μεῖζον
402 2117 449 2144 καὶ
463 2117 492 2143 τὺ
501 2115 705 2152 πεφωτισμένον
718 2123 724 2130 ·
740 2115 803 2142 ὃταν
820 2114 848 2140 δὲ
862 2113 932 2140 κατὰ

137 2164 284 2199 διάμετρον
303 2163 414 2199 γένηται
431 2163 469 2198 τῷ
492 2162 568 2198 ἡλίῳ,
585 2162 615 2188 τὸ
641 2160 845 2196 πεφωτισμένον
868 2161 933 2195 ἡμι-

141 2210 269 2246 σφαίριον
281 2210 400 2237 ἐναντίον
419 2209 523 2243 γίνεται
539 2208 605 2244 πρὸς
615 2208 663 2244 τὴν
678 2207 815 2243 ἡμετέραν
827 2206 931 2241 ὅρασιν.

981 283 1021 310 dit
1036 288 1098 318 post
1108 284 1204 317 solem,
1220 292 1284 320 pars
1300 285 1446 320 splendens
1470 286 1504 314 ad
1533 287 1617 315 solem
1631 295 1761 319 conversa

980 332 1033 356 est.
1047 328 1077 356 ιιι
1091 330 1255 365 quibusdam
1268 334 1359 358 autem
1375 331 1471 360 diebus
1480 333 1623 361 observata
1637 337 1679 362 est
1697 334 1761 362 luna

981 382 1044 402 raro
1062 376 1187 404 occidere
1200 381 1260 412 post
1279 377 1375 409 solem,
1389 380 1417 404 et
1440 377 1540 406 habere
1550 383 1653 414 partem
1669 381 1761 415 splen-

980 422 1072 449 didam
1091 422 1282 457 respicientem
1297 430 1437 451 occasum.
1450 423 1518 450 Cum
1539 431 1603 451 vero
1626 430 1761 452 nocturno

983 472 1105 502 tempore
1118 468 1232 495 alternis
1243 468 1330 495 variat
1344 468 1377 495 ad
1389 469 1486 502 solem,
1501 473 1528 497 et
1542 475 1605 498 ante
1613 471 1697 498 solem
1708 473 1762 498 ori-

979 517 1041 547 tur;
1058 513 1165 541 videtur
1173 513 1360 548 splendentem
1377 518 1480 549 partem
1495 514 1595 543 habere
1610 516 1643 542 ad
1658 519 1759 543 ortum.

981 559 1059 587 Unde
1081 560 1257 588 manifestum
1286 564 1329 588 est
1360 561 1452 588 lunam
1475 568 1492 588 a
1524 562 1582 589 sole
1602 562 1759 590 illuminari.

981 605 1130 634 Observata
1146 610 1213 634 sunt
1229 610 1256 634 et
1268 606 1341 634 talia.
1358 607 1427 634 Cum
1448 608 1521 636 enim
1533 609 1574 636 sol
1598 608 1625 635 in
1638 609 1760 637 hibernis

981 652 1211 680 conversionibus
1226 653 1363 680 exsistens
1376 654 1473 687 oritur,
1501 658 1566 682 tunc
1585 654 1704 682 medium
1729 655 1761 682 il-

980 698 1122 725 luminata:
1151 698 1238 734 partis
1260 699 1332 726 lunae
1356 699 1468 734 respicit
1490 698 1524 726 ad
1547 699 1649 727 solem:
1673 700 1711 727 ita
1732 705 1761 727 ut

980 748 1055 771 recta
1074 744 1157 776 linea,
1174 752 1235 780 quae
1260 751 1364 772 cornua
1380 744 1452 772 luna:
1478 745 1631 780 conjungit,
1649 747 1759 780 aequali-

980 793 1031 821 ter,
1062 794 1089 817 et
1118 789 1152 816 ad
1177 789 1292 825 angulos
1316 793 1406 817 rectos
1428 794 1536 817 secetur
1550 798 1565 817 a
1580 795 1654 818 recta
1666 798 1758 818 earum

981 834 1127 866 linearum,
1141 842 1202 870 quae
1220 834 1359 862 ducuntur
1379 843 1394 862 a
1414 839 1509 863 centro
1539 835 1606 863 solis
1625 836 1656 864 ad
1669 843 1759 871 aequa-

981 880 1033 908 lem
1061 881 1209 908 sectionem
1237 881 1410 912 lunaa;cum
1436 889 1500 909 vero
1531 882 1572 909 sol
1607 882 1635 908 in
1658 882 1759 909 aestivis

980 926 1117 953 exsistens
1144 926 1372 954 conversionibus
1391 927 1489 959 oritur,
1509 935 1605 955 rursus
1628 927 1760 955 medietas

980 972 1140 999 illuminata:
1154 973 1240 1007 partis
1258 972 1329 1000 luna:
1349 979 1482 1000 conversa
1511 976 1553 1000 est
1587 972 1621 1000 ad
1640 973 1759 1000 medium

980 1018 1063 1051 solis;
1098 1018 1134 1045 ita
1166 1024 1194 1045 ut
1217 1018 1344 1045 similiter
1372 1018 1524 1052 aequaliter,
1543 1022 1571 1045 et
1595 1018 1628 1045 ad
1647 1019 1762 1054 angulos

979 1068 1070 1091 rectos
1086 1068 1194 1091 secetur
1208 1055 1335 1098 praedicta
1347 1068 1429 1092 recta.
1451 1064 1522 1091 Idem
1546 1064 1575 1090 fit
1595 1067 1622 1091 et
1643 1065 1670 1091 in
1683 1071 1762 1092 occa-

981 1109 1072 1142 sibus;
1088 1113 1118 1136 ut
1133 1116 1180 1143 per
1195 1108 1247 1135 hoc
1264 1109 1345 1136 etiam
1364 1109 1471 1144 signum
1487 1109 1641 1143 colligatur,
1672 1115 1687 1135 a
1705 1109 1762 1136 sole

980 1154 1072 1180 lunam
1098 1154 1257 1180 illuminari.
1283 1152 1476 1180 Verumtamen
1498 1153 1647 1188 parsluna
1672 1152 1761 1180 media

981 1203 1110 1234 tauquam
1139 1199 1359 1234 hemisphaerium
1381 1205 1490 1233 semper
1504 1198 1690 1226 illuminatur:
1707 1206 1760 1225 non

981 1250 1074 1273 tamen
1094 1253 1202 1280 semper
1217 1249 1329 1280 apparet
1340 1245 1400 1279 ejus
1416 1252 1480 1280 pars
1492 1244 1580 1272 media
1594 1244 1757 1276 illuminata,

981 1291 1071 1327 quoad
1098 1296 1221 1319 nostrum
1238 1295 1390 1326 aspectum.
1404 1294 1514 1325 propter
1541 1291 1600 1325 ejus
1621 1298 1635 1317 a
1656 1291 1713 1318 sole
1724 1291 1763 1318 die
1796 1306 1799 1307 ν

983 1337 1120 1365 stantiam.
1135 1336 1203 1364 Cum
1222 1337 1295 1364 enim
1308 1335 1352 1363 die
1368 1335 1508 1363 tricesimo
1523 1336 1550 1362 in
1568 1335 1662 1363 eodem
1673 1336 1760 1372 gradu

983 1383 1084 1411 fuerint
1101 1382 1141 1410 sol
1157 1386 1184 1410 et
1200 1382 1274 1415 luna,
1290 1387 1346 1408 tum
1363 1381 1583 1416 hemisphaerium
1599 1389 1761 1410 conversum

983 1429 1091 1464 quidem
1106 1429 1138 1456 ad
1155 1429 1250 1460 solem,
1272 1435 1398 1455 aversum
1425 1435 1490 1455 vero
1516 1435 1530 1454 a
1549 1427 1654 1455 visione
1668 1433 1763 1455 nostra

983 1474 1162 1506 illuminatur,
1187 1473 1274 1500 fertur
1293 1473 1364 1500 enim
1386 1473 1450 1500 luna
1477 1472 1548 1499 infra
1571 1473 1673 1506 solem,
1700 1481 1763 1511 cum

985 1528 1047 1548 Vero
1072 1520 1183 1547 alternis
1210 1519 1317 1547 vicibus
1350 1519 1414 1546 luna
1429 1520 1517 1547 variat
1533 1519 1567 1546 ad
1590 1519 1674 1546 solem
1690 1520 1763 1546 circa

985 1567 1166 1598 noviluuium,
1187 1571 1252 1594 tunc
1272 1567 1336 1593 luna
1364 1566 1462 1593 falcata
1490 1569 1617 1601 apparet;
1633 1573 1695 1592 nam
1714 1565 1762 1593 he-

983 1613 1133 1648 misphaerii
1149 1612 1202 1648 24
1222 1611 1367 1639 illuminati
1395 1618 1479 1646 parva
1507 1619 1570 1647 pars
1588 1611 1707 1638 declinat
1729 1611 1763 1638 ad

983 1665 1104 1687 nostram
1125 1660 1272 1691 visionem;
1296 1666 1356 1686 cum
1377 1666 1442 1686 vero
1459 1659 1536 1686 abest
1551 1658 1614 1684 luna
1634 1665 1650 1684 a
1667 1658 1723 1685 sole
1735 1657 1764 1684 in

983 1705 1078 1733 diebus
1109 1705 1296 1739 sequentibus,
1327 1704 1388 1739 plus
1414 1712 1523 1738 semper
1549 1704 1583 1731 de
1611 1704 1765 1730 illuminata

984 1755 1060 1786 parte
1079 1758 1095 1777 a
1117 1750 1196 1778 nobis
1227 1750 1395 1785 conspicitur
1411 1758 1418 1783 ;
1432 1757 1494 1776 cum
1518 1753 1608 1776 autem
1628 1757 1677 1784 per
1697 1757 1764 1784 qua.

983 1797 1106 1824 drantem
1122 1796 1228 1823 zodiaci
1244 1795 1339 1823 circuli
1364 1795 1483 1822 abfuerit
1513 1795 1589 1826 luna,
1620 1794 1763 1822 dimidiata

983 1848 1110 1878 apparet;
1126 1846 1192 1869 tunc
1207 1842 1279 1870 enim
1299 1841 1483 1876 hemisphaerii
1506 1841 1653 1868 illuminati
1674 1848 1688 1867 a
1706 1841 1763 1868 sole

983 1887 1117 1915 medietas
1131 1888 1163 1914 ad
1180 1895 1231 1915 nos
1242 1895 1376 1914 conversa
1393 1890 1454 1920 est;
1475 1894 1536 1914 cum
1551 1887 1637 1921 major
1651 1886 1678 1913 fit
1694 1887 1764 1914 lunae

984 1941 997 1960 a
1011 1934 1068 1962 sole
1083 1934 1225 1964 distantia,
1243 1933 1325 1960 etiam
1339 1933 1426 1967 major
1443 1937 1485 1960 est
1503 1940 1567 1967 pars
1589 1932 1740 1959 illuminata
1755 1941 1763 1965 ;

983 1987 1044 2006 cum
1061 1983 1151 2007 autem
1164 1979 1290 2013 opposita
1306 1978 1387 2005 fuerit
1399 1978 1462 2011 soli,
1484 1977 1664 2004 illuminatum
1679 1977 1766 2005 hemi-

984 2025 1130 2060 sphaerium
1160 2028 1254 2051 nostro
1281 2022 1441 2057 conspectui
1457 2022 1581 2049 offertur.
1600 2021 1634 2048 Et
1658 2026 1687 2049 ut
1703 2023 1765 2049 uni-

982 2078 1060 2099 verse
1090 2070 1178 2097 dicam
1196 2090 1204 2102 ,
1233 2069 1384 2097 secundum
1414 2069 1548 2095 rationem
1572 2068 1764 2096 distantiarum

983 2114 1185 2150 magnitudines
1211 2114 1439 2141 illuminationum
1471 2117 1638 2150 spectantur.
1654 2113 1765 2141 Posne-

982 2167 1038 2191 m0,
1053 2167 1113 2186 cum
1131 2159 1193 2186 luna
1212 2160 1325 2187 subierit
1340 2160 1436 2191 solem,
1454 2166 1552 2193 expers
1581 2158 1692 2186 luminis
1717 2166 1764 2194 ap-

984 2208 1070 2240 paret.
1092 2203 1317 2239 Hemisphmrium
1334 2206 1406 2232 enim
1422 2205 1482 2239 ejus
1499 2205 1679 2232 illuminatum
1704 2213 1767 2232 sur-

142 2256 200 2282 Kal.
218 2255 332 2282 καθόλου
345 2255 373 2282 δὲ
381 2255 448 2291 πρὸς
463 2255 541 2288 λόγον
549 2254 602 2281 τῶν
615 2252 820 2280 ὃιαστάσεωντὰ
829 2251 929 2288 μεγέθη

983 2257 1042 2277 sum
1069 2248 1102 2275 ad
1133 2250 1217 2276 solem
1248 2258 1410 2277 conversum
1432 2254 1490 2277 cst:
1517 2251 1589 2278 unde
1619 2250 1680 2285 jure
1703 2259 1765 2284 pars

139 2302 196 2329 τῶν
225 2301 374 2337 φωτισμῶν
403 2301 554 2336 θεωρεῖται.
571 2300 607 2326 Τὸ
625 2299 653 2325 δὲ
677 2299 840 2330 τελευταῖον,
866 2298 930 2324 ὅταν

140 2347 316 2383 ὑποτροχάσῃ
330 2347 369 2382 τῷ
385 2347 451 2382 ἡλίῳ
464 2348 480 2381 ἡ
502 2347 611 2382 σελήνη,
623 2342 775 2380 ἀφώτιστος
790 2344 928 2379 βλέπεται.

140 2394 178 2420 Τὸ
189 2393 243 2429 γὰρ
256 2393 433 2429 ἡμισφαίριον
444 2392 528 2427 αὐτῆς
536 2392 566 2418 τὸ
574 2390 778 2426 πεφωτισμένον
793 2389 848 2416 ἄνω
864 2389 929 2424 πρὸς

140 2439 187 2466 τὸν
197 2438 271 2474 ἣλιον
280 2439 464 2474 ὲπέστραπται
474 2447 480 2454 ·
495 2437 555 2465 ὅθεν
571 2437 688 2471 εὐλόγως
701 2437 765 2471 ἡμῖν
776 2435 930 2470 ἀθεώρητον

142 2485 246 2518 γίνεται
263 2484 293 2510 τὺ
305 2485 509 2519 πεφωτισμένον
532 2483 613 2519 μέρος
626 2483 676 2518 τῆς
690 2483 813 2518 σελήνης.
835 2481 879 2514 Ἐξ
893 2478 930 2507 ὧν

142 2531 270 2565 φανερὸν,
292 2530 333 2556 ὅτι
363 2531 379 2565 ή
406 2530 503 2565 σελήνη
532 2530 584 2556 ὑπὸ
607 2528 653 2555 τοῦ
675 2528 749 2564 ἡλίου
772 2527 928 2563 φωτίζεται.

142 2575 324 2609 Λαμόἀνειδὲ
347 2576 409 2606 τοὺς
425 2575 529 2606 πάντας
542 2575 746 2610 σχηματισμοὺς
763 2576 779 2609 ἡ
794 2574 890 2610 σελήνη
903 2575 930 2600 ἐν

142 2620 183 2655 τῷ
200 2621 318 2656 μηνιαίῳ
331 2620 418 2656 χρόνῳ
431 2621 574 2656 τέσσαρας,
587 2621 628 2652 δὶς
642 2620 739 2652 αὐτοὺς
751 2619 927 2646 ἀποτελοῦσα.

142 2666 205 2693 Εἰσὶ
224 2666 253 2692 δὲ
272 2667 295 2692 οἱ
320 2667 504 2702 σχηματισμοὶ
526 2667 591 2700 οἵδε,
607 2667 758 2702 μηνοειδὴς,
780 2666 929 2701 διχότομος,

141 2711 326 2746 ἀμφίκυρτος,
338 2712 513 2747 πανσέληνος.
531 2713 681 2748 Μηνοειδὴς
697 2712 744 2747 μὲν
762 2709 808 2738 οὖν
826 2711 931 2745 γίνεται

143 2767 165 2783 π
180 2757 207 2792 ρὶ
218 2757 268 2788 τὰς
290 2757 376 2793 ἀρχὰς
400 2758 453 2784 τῶν
470 2758 562 2793 μηνῶν
576 2767 583 2774 ·
607 2758 747 2793 διχότομος
757 2757 785 2784 δὲ
807 2756 871 2792 περὶ
882 2757 932 2792 τὴν

983 2296 1055 2323 lunze
1072 2297 1225 2322 illuminata
1239 2304 1292 2322 non
1310 2300 1459 2332 spectatur.
1477 2295 1515 2323 Ex
1543 2297 1643 2331 quibus
1671 2298 1766 2324 mani—

984 2342 1082 2370 festum
1095 2347 1146 2373 est,
1164 2343 1256 2369 lunam
1268 2350 1282 2368 a
1303 2343 1359 2370 sole
1377 2343 1536 2371 illuminari.
1554 2343 1660 2378 Accipit
1677 2349 1766 2371 autem

983 2397 1078 2416 omnes
1093 2389 1324 2424 contigurationes
1341 2390 1404 2417 luna
1430 2395 1547 2425 quatuor
1575 2390 1602 2417 in
1626 2398 1767 2417 menstruo

983 2439 1118 2470 tempore,
1136 2435 1179 2462 bis
1190 2443 1238 2462 eas
1253 2436 1384 2463 eliiciens.
1410 2435 1479 2463 Sunt
1506 2441 1595 2463 autem
1615 2435 1767 2470 configura-

984 2481 1074 2508 tioncs
1105 2481 1156 2511 lue,
1190 2480 1299 2511 falcata.
1327 2481 1478 2510 dimidiata.
1509 2480 1621 2516 gibbosa
1636 2486 1663 2507 et
1677 2481 1764 2515 plena.

985 2527 1095 2554 Falcata
1109 2527 1226 2554 eﬂicitur
1242 2529 1314 2555 circa
1338 2529 1471 2564 principia
1500 2529 1652 2561 mensium;
1684 2528 1765 2555 dimi-

984 2573 1057 2600 diata
1073 2575 1145 2600 circa
1161 2574 1232 2601 diem
1260 2580 1384 2601 Octavam
1417 2583 1534 2605 mensis;
1559 2574 1671 2608 gibbosa
1692 2575 1765 2601 circa

984 2619 1173 2646 duodecimam
1189 2628 1196 2652 ;
1212 2623 1238 2646 et
1255 2619 1332 2654 plena
1350 2620 1422 2646 circa
1445 2619 1615 2645 incclietatem
1643 2619 1765 2646 mensis:

985 2672 1016 2690 ac
1034 2671 1130 2690 rursus
1147 2664 1259 2699 gibbosa
1277 2670 1337 2699 post
1354 2664 1525 2691 medietatem
1542 2665 1661 2696 mensis;
1687 2666 1766 2690 dmu-

984 2709 1058 2737 diata
1085 2710 1158 2737 circa
1187 2710 1344 2737 vicesimam
1376 2710 1502 2740 tertiam;
1522 2712 1549 2735 et
1573 2709 1672 2735 falcata
1694 2710 1766 2736 circa

985 2759 1122 2782 θιῑινοιιιοε
1134 2763 1252 2783 menses.

142 2804 240 2839 ὀγὸὁην
254 2804 301 2831 τοῦ
319 2805 415 2840 μηνός*
431 2805 601 2841 ἀμφίκυρτος
614 2806 642 2832 δὲ
651 2805 714 2841 περὶ
732 2804 781 2840 τὴν
799 2803 965 2838 δωδεκάτην·
987 2802 1152 2837 πανσέληνος
1164 2802 1190 2828 δὲ
1206 2802 1268 2836 περὶ
1280 2801 1327 2837 τὴν
1343 2800 1507 2836 διχομηνίαν.
1522 2800 1576 2826 Καὶ
1584 2799 1664 2826 πάλιν
1687 2799 1769 2834 ἀμφί-

144 2858 244 2885 κυρτος
264 2851 332 2885 μετὰ
356 2851 404 2888 τὴν
426 2851 599 2887 διχομηνίαν·
624 2851 762 2887 διχότομος
785 2851 813 2878 δὲ
841 2850 904 2886 περὶ
917 2849 966 2885 τὴν
983 2848 1107 2884 είκσστὴν
1128 2846 1239 2883 τρίτην”
1261 2848 1399 2883 μηνοειδὴς
1418 2846 1445 2873 δε
1462 2847 1524 2882 περὶ
1541 2845 1574 2872 τὰ
1596 2844 1695 2880 ἔσχατα
1712 2844 1766 2870 τῶν

154 2896 248 2931 μηνῶν
253 2917 259 2923 .
