1913 3138
188 197 241 227 819

682 189 855 218 APPENDIX
875 189 921 216 AD
940 186 1075 216 EUSEBII
1094 186 1302 216 CHRONICON.

224 254 284 282 Non
299 259 406 287 semper
421 254 511 278 autem
532 249 560 276 in
575 249 671 276 diebus
695 248 817 283 ejusdem
847 247 965 275 nominis

1055 247 1092 273 Οὐ
1105 246 1149 273 διὰ
1163 246 1262 277 παντὸς
1284 244 1311 271 δὲ
1323 246 1352 271 ὲν
1372 243 1431 274 τίιῐς
1448 242 1600 277 ὸμωνὺμοις
1615 241 1734 277 ἡμέραις
1745 244 1806 274 τοὺς

189 300 300 330 easdem
317 297 549 333 conﬁgurationes
565 295 630 322 luna
647 295 738 327 efﬁcit,
756 295 805 323 sed
829 295 857 322 in
874 295 966 322 diver-

190 347 230 375 sis
260 345 356 373 diebus
384 341 533 370 secundum
557 341 769 377 inaequalitatem
783 345 884 369 motus.
902 341 968 369 Cum

191 391 264 418 enim
293 388 433 416 celerrima
448 390 500 419 est,
516 391 628 422 apparet
646 386 711 414 luna
738 385 836 414 falcata
853 386 913 422 ipso
926 386 970 414 die

189 433 340 466 novilunii;
370 440 431 460 cum
458 432 628 464 tardissima,
652 431 696 459 die
720 431 811 463 tertio,
825 435 852 459 et
879 435 971 459 manet

191 480 290 508 falcata
307 478 444 506 interdum
461 485 548 512 usque
559 477 592 504 ad
613 477 684 504 diem
710 477 835 512 quintum
852 486 860 508 ;
887 477 970 504 inter-

191 528 255 555 dum
271 534 333 553 cum
352 525 506 552 tardissima
516 528 664 559 est,usque
677 524 710 550 ad
721 524 866 559 septimum
881 524 951 551 diem
963 532 969 555 ;

189 572 330 600 dimidiata
347 570 476 603 efﬁcitur,
492 578 554 599 cum
568 575 610 599 est
625 571 806 602 velocissima,
823 570 895 597 circa
909 577 970 597 sex-

189 625 265 652 tum;
297 626 361 645 cum
387 617 555 648 tardissima.
583 617 657 644 circa
691 620 835 649 octavum;
858 616 971 651 gibbosa

190 665 317 697 efﬁcitur,
334 656 451 692 eum-est
466 663 618 694 celerrima,
636 662 708 690 circa
724 662 858 689 decimum
875 670 883 694 ;
907 668 970 688 cum

191 716 234 740 est
259 711 426 742 tardissima,
442 710 514 737 circa
533 707 582 743 15;
598 709 678 744 plena
693 708 825 740 redditur,
843 715 904 735 cum
929 711 971 734 est

190 757 344 789 celerrima,
375 755 448 782 circa
479 755 528 788 l5;
561 762 622 781 cum
647 753 812 785 tardissima,
829 753 901 779 circa
917 752 970 785 i7;

190 802 306 837 gibbosa
321 801 453 832 secundo,
468 807 530 827 cum
547 804 588 827 est
606 799 759 828 celerrima.
779 798 808 825 ﬁt
831 798 904 825 circa
925 797 970 829 ‘18,

188 855 250 874 cum
268 847 435 877 tardissima,
452 846 525 872 circa
539 845 590 877 22;
605 844 746 871 dimidiata
763 843 895 875 secundo.
909 850 971 870 cum

188 896 231 919 est
250 892 404 923 celerrima,
419 891 492 918 circa
507 891 554 922 21,
566 898 628 918 cum
641 889 809 922 tardissima,
835 889 908 916 circa
922 889 968 922 2'5;

1023 293 1121 324 αὐτοὺς
1151 290 1358 327 σχηματισμοὺς
1385 291 1400 324 ἡ
1425 288 1520 323 σελήνη
1535 287 1669 314 ἀποτελεῖ.
1693 287 1764 313 Ἀλλ’
1777 288 1806 313 ὲν

1025 338 1162 373 διαφόροις
1187 337 1304 372 ἡμέραις
1326 335 1395 362 κατὰ
1419 335 1468 370 τὴν
1488 333 1643 368 ἀνωμαλίαν
1664 333 1715 368 τῆς
1733 335 1807 369 κινή-

1024 392 1102 416 σεως.
1119 383 1240 419 Ταχίστη
1255 383 1303 417 μὲν
1317 382 1372 417 γὰρ
1387 381 1539 416 φαίνεταιὴ
1556 380 1652 414 σελήνη
1666 379 1807 414 μηνοειδὴς

1023 432 1056 466 τῇ
1080 429 1226 465 νουμηνίᾳ’
1256 427 1408 464 βραδυτάτη
1434 426 1462 453 δὲ
1481 427 1514 461 τῇ
1542 425 1629 461 τρίτῃ.
1650 425 1707 451 Καὶ
1733 425 1807 459 μένει

1026 476 1178 512 μηνοειδὴς,
1194 475 1238 501 ὁτὲ
1264 474 1313 510 μὲν
1326 474 1348 489 ⁸⁸
1360 473 1411 504 ἕως
1422 473 1471 507 τῆς
1486 471 1623 506 πέμπτης,
1639 470 1685 496 ὁτὲ
1703 470 1731 496 δὲ
1745 470 1808 505 βρα-

1023 522 1145 553 δύτατον,
1159 521 1211 552 ἕως
1228 520 1277 555 τῆς
1297 519 1413 554 ἐσδόμης
1423 527 1429 533 ·
1445 517 1582 552 διχότομος
1598 517 1626 543 δὲ
1641 515 1747 550 γίνεται
1758 524 1808 541 τα-

1024 567 1101 603 χίστη
1117 567 1166 602 μὲν
1182 567 1246 602 περὶ
1269 566 1318 600 τὴν
1343 565 1437 599 ἕκτην,
1464 562 1616 598 βραδυτάτη
1631 562 1660 588 δὲ
1676 561 1741 596 περὶ
1759 561 1809 595 τὴν

1024 612 1138 647 ὀγδόην-
1160 611 1331 646 ἀμφίκυρτος
1354 610 1382 636 δὲ
1403 609 1506 643 γίνεται
1537 608 1599 642 περὶ
1625 606 1676 641 τὴν
1691 606 1810 639 δεκάτην

1024 658 1148 693 ταχίστη,
1182 655 1334 691 βραδυτάτη
1351 655 1379 681 δὲ
1399 654 1462 689 περὶ
1473 654 1521 689 τὴν
1539 655 1585 686 ιγ’·
1597 651 1765 686 πανσέληνος
1781 650 1810 676 ἃ

1025 704 1126 737 γίνεται
1139 702 1252 736 ταχίστη
1271 702 1319 736 μὲν
1335 701 1398 736 περὶ
1413 699 1461 735 τὴν
1480 703 1523 733 ιγ’,
1538 697 1729 734 βραδυτάτηδὲ
1746 697 1810 732 περὶ

1024 750 1073 785 τὴν
1091 748 1132 780 ιζ’.
1167 747 1349 783 Ἀμφίκυρτος
1381 746 1409 772 δὲ
1426 747 1456 772 τὸ
1477 744 1611 780 δεύτερον,
1626 743 1744 779 ταχίστη
1762 742 1810 778 μὲν

1026 794 1166 823 ἀνατέλλει
1182 794 1245 829 περὶ
1261 793 1310 828 τὴν
1333 796 1377 828 ιη’,
1397 791 1548 828 βραδυτάτη
1564 791 1593 817 δὲ
1607 791 1672 826 περὶ
1690 790 1742 825 τὴν
1757 788 1810 824 κβ’,

1025 840 1169 875 Διχότομος
1184 839 1212 866 δὲ
1240 839 1344 872 γίνεται
1361 838 1392 864 τὸ
1404 837 1527 872 δεύτερον
1548 836 1661 871 ταχίστη
1682 836 1735 870 μὲν
1747 835 1811 871 περὶ

1024 886 1074 922 τὴν
1099 886 1194 912 εἰκάδα
1222 885 1268 912 καί¹
1291 885 1371 920 μίαν,
1403 884 1553 919 βραδυτάτη
1577 883 1604 909 δὲ
1627 883 1692 917 περὶ
1704 882 1755 917 τὴν
1769 882 1809 909 εί-

190 937 287 965 falcata
312 935 433 964 secundo
449 935 489 967 ﬁt,
505 943 567 963 cum
583 940 626 962 est
644 935 800 966 celerrima,
827 935 900 961 circa
915 933 951 961 25
962 955 970 967 ,

1025 933 1093 960 κάδα
1118 933 1164 959 καὶ
1179 932 1275 968 τρίτην
1287 940 1293 947 ·
1312 931 1454 966 μηνοειδὴς
1471 930 1499 957 δὲ
1511 930 1614 964 γίνεται
1626 929 1656 956 τὸ
1667 929 1809 964 δεύτερον,

190 982 252 1008 c'um
279 985 321 1008 est
348 980 515 1012 tardissima.
541 981 614 1007 circa
625 979 670 1007 26.
687 979 786 1006 Totum
798 983 887 1006 autem
904 982 971 1006 tem-

190 1035 242 1062 pus
258 1032 429 1054 menstruum
446 1031 488 1054 est
503 1027 608 1054 dierum
625 1026 660 1054 29
674 1026 725 1061 1/2
754 1026 814 1060 1/5.
837 1025 883 1052 Est
898 1025 970 1052 enim

191 1072 294 1100 Iliensis
309 1075 416 1107 tempus
428 1079 443 1098 a
459 1071 653 1106 conjunctione
678 1071 710 1098 ad
729 1070 950 1105 coniunctionem
963 1077 971 1102 ;

191 1125 206 1143 ιι
223 1117 372 1152 plenilunio
384 1116 417 1143 ad
429 1117 618 1151 plenilunium,
643 1116 800 1151 conjunctio
826 1120 915 1143 autem
930 1119 970 1143 est

190 1167 297 1197 tempus
323 1162 350 1189 in
382 1170 435 1197 quo
463 1162 503 1189 sol
528 1166 555 1189 et
570 1162 633 1188 luna
644 1161 670 1188 in
683 1161 778 1189 eodem
806 1161 892 1195 gradu
905 1168 970 1188 con-

191 1210 352 1237 s‘ituuntur.
369 1209 446 1242 Quod
462 1208 595 1243 contingit
614 1208 657 1235 die
670 1208 705 1235 30
719 1207 831 1235 mensis.

499 1305 614 1334 CAPUT
633 1305 700 1333 Vill.

457 1352 497 1380 De
522 1353 613 1387 eclipsi
633 1353 707 1380 solis.

227 1409 300 1436 Solis
319 1408 435 1443 eelipses
459 1400 527 1435 ﬁunt
554 1415 586 1435 ex
609 1407 773 1442 interpositu
808 1407 889 1435 lunae.
904 1406 973 1433 Cum

191 1455 266 1482 enim
294 1455 336 1483 sol
365 1454 492 1490 superius
503 1454 617 1485 feratur,
633 1455 697 1481 luna
712 1453 842 1485 inferius,»
862 1461 924 1480 cum
945 1453 973 1480 in

190 1500 285 1527 eodem
300 1499 385 1535 gradu
399 1499 500 1527 fuerint
516 1500 557 1526 sol
572 1503 598 1526 et
616 1499 678 1526 luna
694 1499 745 1526 sub
766 1499 850 1526 solem
861 1498 973 1526 subiens

191 1547 244 1573 ista
257 1545 342 1572 ofﬁcit
351 1545 434 1572 radiis
452 1545 528 1576 solis,
545 1545 590 1580 qui
608 1545 641 1572 ad
658 1553 707 1572 nos
722 1545 856 1572 feruntur.
873 1544 973 1577 Quam-

192 1593 287 1618 obrem
316 1598 351 1618 ne
375 1590 519 1617 dicendum
534 1591 642 1625 quidem
661 1595 715 1622 est,
730 1598 776 1618 eas
793 1590 901 1625 proprie
912 1597 973 1617 esse

192 1637 319 1672 eclipses,
348 1636 396 1664 sed
422 1636 652 1671 interpositiones.
675 1635 742 1662 Nam
769 1636 835 1663 solis
864 1635 973 1670 quidem

193 1684 268 1711 nulla
285 1690 348 1718 pars
365 1690 483 1717 unquam
499 1682 625 1714 deﬁciet;
643 1682 721 1709 nobis
753 1689 818 1709 vero
838 1682 895 1716 ipse
915 1681 974 1708 red-

192 1731 267 1757 ditur
282 1729 425 1756 invisibilis
452 1733 563 1764 propter
577 1729 761 1756 incursionem
783 1729 862 1755 lunaz.
887 1728 973 1760 Quam

192 1777 228 1803 ob
257 1783 368 1802 causam
400 1783 434 1802 ne
454 1775 574 1809 aequales
599 1774 709 1809 quidem
736 1782 833 1802 rursus
858 1774 974 1808 cclipses

193 1823 278 1855 ﬁunt;
300 1822 347 1849 sed
362 1821 513 1849 secundum
527 1822 665 1849 climatum
681 1821 848 1849 differentias
871 1828 975 1855 magna:

192 1868 365 1896 diversitates
386 1867 454 1895 ﬁunt
489 1868 563 1894 circa
595 1867 795 1903 magnitudines
817 1866 972 1900 eclipsium.

193 1914 293 1942 Eodem
310 1915 382 1941 enim
411 1918 533 1947 tempore
559 1913 620 1941 aliis
644 1918 717 1940 totus
737 1913 828 1940 deficit
842 1913 899 1945 sol;
913 1912 974 1939 aliis

193 1960 325 1988 medietas
347 1961 433 1992 solis;
451 1960 512 1988 aliis
532 1960 622 1987 minur
651 1967 714 1994 pars
732 1960 895 1991 medietate;
913 1959 974 1986 aliis

193 2007 266 2033 nulla
283 2015 346 2041 pars
362 2006 474 2033 omnino
492 2006 558 2033 solis
581 2005 696 2033 deiicere
711 2005 827 2032 videtur.
844 2005 911 2032 Nam
927 2005 973 2039 qui

193 2053 316 2079 habitant
343 2052 370 2079 in
387 2051 580 2087 perpendiculo
604 2051 819 2086 interpositionis
834 2051 914 2082 lunae,
932 2050 974 2077 his

191 2102 267 2125 totus
283 2099 325 2124 sol
341 2097 519 2124 absconditur
536 2106 543 2130 ;
564 2097 608 2131 qui
639 2104 702 2123 vero
726 2100 803 2123 extra
830 2095 974 2130 perpendi-

193 2143 284 2170 culum
310 2147 414 2177 partem
434 2143 553 2177 aliquant
573 2142 791 2177 interpositionis
804 2142 915 2171 habent.
940 2141 974 2168 iis

193 2196 258 2224 pars
273 2189 364 2223 aliqua
377 2188 443 2215 solis
461 2188 576 2215 deﬁcere
603 2188 727 2220 videtur;
750 2188 797 2223 qui
810 2195 873 2215 vero
887 2187 974 2213 omni-

1021 978 1135 1014 ταχίστη
1162 975 1210 1013 μὲν
1225 977 1288 1012 περὶ
1302 976 1350 1012 τὴν
1367 977 1459 1002 εἰκάδα
1485 976 1532 1002 καὶ
1545 975 1684 1010 πέμπτην,
1708 974 1807 1009 βραδυ-

1022 1024 1091 1060 τὰτη
1107 1024 1135 1050 δὲ
1149 1024 1213 1059 περὶ
1226 1023 1273 1058 τὴν
1293 1022 1388 1049 εἰκάδα
1400 1022 1446 1049 καὶ
1462 1022 1554 1056 ἕκτην.
1571 1021 1600 1047 ’0
1612 1020 1641 1047 δὲ
1655 1021 1711 1051 πὶς
1725 1029 1806 1055 μηνι-

1023 1071 1080 1101 αἴος
1088 1069 1298 1105 χρόνοςήμερῶν
1306 1070 1363 1095 ἐστι
1371 1069 1410 1095 κθ¹
1418 1068 1470 1103 αχβ
1478 1068 1541 1102 αίγ·
1551 1066 1666 1102 ἔστιγὰρ
1676 1066 1732 1101 μὴν
1741 1065 1807 1100 χρό-

1023 1125 1067 1147 νος
1082 1115 1136 1143 ἀπὸ
1147 1115 1256 1142 συνόδου
1268 1116 1307 1146 εἰς
1320 1115 1437 1146 σύνοδον,
1455 1114 1508 1140 ἀπὸ
1517 1114 1567 1148 τῆς
1582 1113 1751 1147 πανσελήνου
1760 1110 1809 1138 ἐπὶ

1024 1162 1071 1198 τὴν
1088 1162 1263 1198 πανσέληνον·
1281 1161 1386 1193 σύνοδος
1399 1162 1428 1188 δέ
1439 1162 1496 1188 εστι
1510 1160 1613 1196 χρόνος,
1628 1161 1658 1186 ὲν
1704 1159 1719 1185 ό
1731 1158 1808 1194 ἣλιος

1024 1209 1069 1235 καὶ
1085 1210 1101 1244 ἡ
1116 1209 1212 1244 σελήνη
1228 1209 1257 1234 ἐν
1271 1210 1302 1244 τῇ
1318 1209 1386 1244 αὐτῇ
1404 1208 1485 1244 μοίρᾳ.
1495 1208 1624 1242 γίνονται.
1634 1208 1724 1243 Ὅπερ
1740 1215 1808 1241 συμ-

1025 1255 1110 1282 ϐαίνει
1122 1256 1156 1290 τῇ
1168 1254 1304 1290 τριακάδι.

1285 1309 1479 1336 ΚΕΦΑᾹΑΙΟΝ
1501 1309 1541 1335 Η’.

1226 1356 1295 1389 Περί
1318 1355 1480 1389 ἐκλείψεως
1498 1355 1595 1388 ἡλίου.

1059 1413 1091 1438 Αἰ
1104 1411 1150 1438 τοῦ
1164 1411 1239 1447 ἡλίου
1255 1410 1388 1445 ἐκλείψεις
1413 1409 1532 1444 γίνονται
1553 1411 1613 1435 κατ’
1641 1409 1811 1444 ἐπιπρόσθη-

1026 1466 1067 1484 σιν
1079 1457 1203 1492 σελήνης.
1212 1456 1420 1492 Μετεωροτέρου
1433 1455 1488 1491 γὰρ
1501 1455 1650 1491 φερομένου
1663 1454 1712 1481 τοῦ
1720 1454 1807 1489 ἡλίου,

1024 1503 1216 1538 ταπεινοτέρας
1231 1502 1258 1529 δὲ
1283 1502 1332 1537 τῆς
1351 1501 1479 1536 σελήνης,
1493 1501 1555 1527 ὅταν
1574 1500 1644 1527 κατὰ
1659 1500 1710 1535 τὴν
1725 1500 1810 1534 αὐτὴν

1025 1551 1120 1585 μοῖραν
1128 1550 1238 1585 γένηται
1255 1550 1268 1575 ὀ
1282 1548 1355 1584 ἥλιος
1366 1548 1412 1574 καὶ
1423 1548 1440 1583 ἠ
1458 1547 1564 1582 σελήνη,
1577 1547 1812 1582 ὑποτροχάσασαὴ

987 1603 1008 1630 c
1027 1595 1123 1630 σελήνη
1136 1594 1174 1630 τῷ
1185 1595 1252 1630 ἡλίῳ
1264 1594 1437 1629 ἀντιφράττει
1448 1594 1508 1624 ταῖς
1521 1593 1574 1619 ἀπὸ
1584 1592 1629 1619 τοῦ
1643 1592 1720 1628 ἡλίου
1733 1601 1813 1628 φερο-

1027 1641 1121 1676 μέναις
1137 1641 1232 1674 αὐγαῖς
1246 1640 1312 1675 πρὸς
1329 1640 1412 1674 ἡμᾶς.
1430 1640 1528 1674 Διόπερ
1540 1638 1600 1664 οὐδὲ
1613 1638 1709 1673 ῥητέον
1727 1638 1812 1669 αὑτὰς

1024 1687 1126 1722 κυρίως
1142 1686 1285 1720 ἐκλείψεις,
1311 1686 1367 1712 ἀλλ’
1378 1684 1598 1721 ὲπιπροσθήσεις,
1616 1684 1669 1710 Τοῦ
1691 1684 1743 1719 μὲν
1758 1683 1814 1718 γὰρ

1027 1732 1100 1767 ἡλίου
1131 1732 1191 1758 οὐδὲ
1220 1731 1248 1758 ἓν
1266 1731 1347 1767 μέρος
1368 1731 1494 1757 οὐδέποτε
1525 1730 1659 1764 ἐκλείψει·
1689 1730 1758 1764 ἡμῖν
1783 1729 1812 1756 δὲ

1025 1779 1179 1814 ἀθεώρητος
1193 1779 1296 1812 γίνεται
1312 1777 1356 1804 διὰ
1383 1777 1431 1812 τὴν
1447 1776 1642 1811 ἐπιπρόσθησιν
1665 1775 1715 1810 τῆς
1731 1775 1811 1810 σελή-

1026 1833 1084 1860 νης.
1096 1824 1134 1850 Δι’
1148 1823 1180 1858 ἣν
1191 1823 1278 1850 αἰτίαν
1292 1823 1345 1849 οὐδ’
1363 1822 1417 1849 ῐσαι
1434 1822 1513 1848 πάλιν
1527 1823 1555 1849 αἱ
1572 1821 1708 1855 ἐκλείψεις
1722 1821 1813 1855 γίνον-

1026 1878 1070 1896 ται
1083 1879 1089 1884 ·
1101 1869 1168 1896 ἀλλὰ
1184 1869 1253 1896 κατὰ
1267 1869 1314 1900 τὰς
1329 1869 1382 1894 τῶν
1394 1868 1531 1904 κλιμάτων
1547 1868 1677 1903 διαφορὰς
1692 1867 1809 1902 μεγάλαι

1026 1915 1198 1951 παραλλαγαὶ
1208 1914 1327 1948 γίνονται
1339 1914 1402 1949 περὶ
1416 1913 1450 1940 τὰ
1466 1913 1566 1949 μεγέθη
1584 1913 1638 1939 τῶν
1650 1913 1806 1948 ἐκλείψεων.

1024 1961 1101 1987 Κατά
1119 1961 1173 1996 γὰρ
1183 1960 1228 1987 τὸν
1239 1961 1318 1987 αὐτὸν
1333 1961 1426 1995 χρόνον
1442 1960 1495 1994 (45)
1511 1956 1551 1991 οἷς
1569 1959 1618 1994 μὲν
1632 1958 1691 1990 ὅλος
1704 1960 1720 1985 ό
1736 1959 1811 1994 ἥλιος

1024 2006 1154 2038 ἐκλείπει,
1163 2003 1202 2037 οἷς
1209 2006 1236 2032 δὲ
1243 2006 1273 2032 τὸ
1280 2007 1296 2041 ἦ
1301 2015 1374 2041 μίσυ.
1381 2003 1421 2037 οἷς
1428 2006 1455 2032 δὲ
1465 2005 1494 2031 τὸ
1502 2005 1611 2031 ἔλαττον
1618 2004 1664 2031 τοῦ
1674 2005 1795 2039 ἡμίσεως
1801 2013 1808 2019 ⁸

1024 2050 1064 2083 οἷς
1072 2052 1099 2078 δὲ
1106 2052 1153 2087 τὴν
1166 2052 1252 2087 ἀρχὴν
1266 2052 1342 2078 οὐδὲν
1351 2052 1432 2087 μέρος
1440 2051 1486 2078 τοῦ
1496 2051 1571 2086 ἡλίου
1579 2050 1734 2082 ἐκλελοιπὸς
1743 2050 1810 2077 θεω-

1028 2100 1122 2134 ρεῖται.
1140 2099 1216 2124 Ὅσοι
1230 2098 1278 2133 μὲν
1289 2097 1342 2133 γὰρ
1356 2098 1425 2124 κατὰ
1435 2097 1546 2124 κάθετον
1563 2097 1666 2123 οἰκοῦσι
1684 2097 1734 2132 τῆς
1752 2098 1811 2122 ὲπι-

1027 2144 1213 2179 ποιισθήσεως,
1226 2144 1330 2176 τούτοις
1343 2145 1402 2176 ὅλος
1413 2144 1567 2180 ἀθεώρητος
1577 2144 1680 2178 γίνεται
1695 2143 1709 2168 ὁ
1728 2143 1813 2178 ἥλιος·

1025 2192 1081 2222 τοῖς
1097 2191 1125 2216 δὲ
1143 2190 1194 2222 ἔξω
1217 2190 1299 2226 μέρος
1312 2199 1338 2216 τι
1354 2191 1404 2224 τῆς
1421 2190 1643 2226 ὲπιπροσθήσεως
1658 2189 1750 2223 ἔχουσι
1767 2189 1816 2223 μὲ-

1753 183 1804 211 m
1845 182 1852 189 .

192 2242 228 2262 no
242 2237 318 2261 extra
337 2233 570 2268 interpositionem
596 2233 730 2265 habitant,
753 2233 797 2260 liis
818 2232 891 2259 nulla
912 2240 971 2266 pars

1030 2245 1074 2271 ρος
1089 2246 1117 2262 τι
1130 2236 1177 2262 τοῦ
1200 2236 1275 2270 ἡλίου
1300 2235 1454 2267 ἐκλελοιπὸς
1478 2236 1621 2270 βλέπεται⁸
1645 2235 1702 2266 τοῖς
1718 2234 1747 2260 δὲ
1764 2233 1817 2265 [ita

193 2280 260 2307 solis
288 2279 389 2306 deﬁcit.
418 2279 495 2312 Quod
520 2283 611 2306 autem
625 2280 777 2307 secundum
804 2279 971 2313 interiectum

1029 2281 1180 2317 ὁλοσχερῶς
1195 2282 1243 2316 τῆς
1263 2281 1484 2317 ὲπιπροσθήσεως
1502 2281 1619 2308 οἰκοῦσιν
1637 2280 1713 2307 οὐδὲν
1735 2280 1818 2315 μέρος

194 2325 266 2352 luna.-
278 2325 318 2352 sol
333 2325 452 2356 deﬁciat,
477 2326 626 2353 maximum
646 2330 689 2353 est
704 2329 906 2360 argumentum,
922 2332 971 2351 non

1031 2328 1078 2354 τοῦ
1092 2327 1168 2363 ἡλίου
1198 2327 1352 2359 ἐκλελοιπὸς
1380 2327 1531 2363 θεωρεῖται.
1553 2327 1612 2353 ’Ότι
1629 2326 1657 2352 δὲ
1680 2325 1752 2353 κατὰ
1766 2326 1818 2361 τὴν

194 2371 252 2398 ﬁeri
264 2371 291 2397 in
312 2372 364 2397 alio
376 2371 420 2398 die
438 2371 566 2406 eclipses,
590 2372 644 2399 nisi
662 2375 768 2398 tantum
786 2372 812 2398 in
825 2371 971 2401 tricesimo,

1033 2372 1228 2408 ἑπιπρόσθησιν
1260 2373 1308 2407 τῆς
1331 2371 1443 2407 σελήνης
1459 2373 1472 2398 ό
1487 2371 1562 2406 ἥλιος
1584 2370 1716 2401 ἐκλείπει,
1738 2370 1817 2405 μέγι-

191 2425 254 2444 cum
271 2418 332 2444 luna
347 2417 521 2451 conjungitur
534 2425 595 2444 cum
609 2418 665 2445 sole
678 2427 685 2450 ;
702 2423 729 2445 et
744 2418 806 2444 hinc
831 2417 901 2444 idem
930 2424 971 2444 co-

1031 2425 1093 2443 στον
1119 2417 1268 2452 τεκμήριον
1293 2416 1323 2442 τὸ
1338 2416 1375 2452 μὴ
1401 2415 1521 2450 γίνεσθαι
1541 2416 1569 2442 ὲν
1582 2415 1649 2451 ἄλλῃ
1661 2415 1754 2450 ἡμέρᾳ
1768 2414 1818 2445 τὰς

191 2463 334 2496 gnoscitur
346 2482 353 2493 .
365 2463 437 2497 quod
455 2470 505 2497 pro
516 2463 621 2491 ratione
634 2464 755 2490 locorum
775 2463 971 2498 magnitudines

1030 2462 1175 2497 ἐκλείψεις.
1188 2462 1244 2489 ἀλλ’
1259 2463 1287 2488 ὲν
1307 2463 1338 2497 τῇ
1350 2463 1494 2497 τριακοστῇ
1514 2462 1602 2497 μόνον,
1618 2462 1662 2488 ὅτε
1680 2461 1817 2487 συνοδεύει

192 2507 336 2543 eclipsium
352 2509 427 2534 fiant.

1031 2508 1046 2539 ἠ
1064 2508 1161 2538 σελήνη
1175 2507 1214 2542 τῷ
1229 2507 1307 2542 ἡλίῳ,
1329 2508 1374 2534 καὶ
1390 2508 1421 2534 ἐκ
1436 2507 1482 2534 τοῦ
1498 2507 1565 2542 πρὸς
1584 2507 1662 2541 λόγον
1675 2507 1730 2533 τῶν
1741 2507 1817 2542 οἰκή-

1030 2563 1097 2579 σεων
1110 2557 1144 2580 τὰ
1162 2553 1264 2589 μεγέθη
1281 2554 1335 2580 τῶν
1351 2552 1495 2588 ἐκλείψεων
1516 2552 1647 2587 γίνεσθαι.

238 2629 260 2644 ⁸ο
277 2629 297 2664 f.
313 2629 358 2656 ὁτὲ
372 2629 421 2664 μὲν
434 2629 557 2664 ταχίστη,
573 2633 599 2656 et
615 2637 675 2656 mox
692 2629 843 2665 βραδυτάτη

221 2706 284 2747 ,(45)
303 2706 385 2748 [fani
400 2706 530 2748 χᾲρντὸν
542 2707 635 2734 αὐτὸν
650 2708 915 2748 χρὸνονκ-Τοιυεηθ
940 2716 971 2736 so

1035 2709 1109 2748 liiles
1120 2709 1192 2748 luna:
1207 2709 1327 2748 minores
1343 2709 1370 2735 in
1383 2709 1510 2748 sytygiis,
1525 2716 1605 2744 quam
1622 2710 1739 2741 solares.
1751 2718 1816 2748 con-

192 2742 339 2783 aliquando
363 2743 486 2783 deficiat,
514 2750 548 2770 an
575 2750 639 2783 pars
666 2743 727 2777 ejus
754 2743 844 2783 aliqua
874 2751 981 2783 semper
1035 2745 1132 2771 stituit.
1152 2743 1258 2778 Pugnat
1273 2747 1361 2783 autem
1377 2742 1410 2783 ei;
1427 2742 1540 2772 adverso
1558 2748 1678 2772 veterum
1697 2745 1816 2783 auctori—

191 2781 323 2817 elnergnt,
344 2777 499 2817 obducique
522 2781 650 2817 nequeut.
674 2786 731 2805 non
755 2777 825 2817 inter
844 2777 980 2817 principes
1034 2784 1093 2817 tas»;
1117 2783 1183 2817 tum
1196 2777 1380 2817 experimenta
1403 2780 1461 2817 ipse
1484 2787 1643 2817 magnorum
1666 2780 1814 2817 artificum.

193 2812 264 2852 grtis
278 2812 350 2838 illius
366 2813 505 2852 convenit.
521 2812 588 2840 Nam
604 2817 684 2852 nitate
700 2819 792 2852 nostra
805 2812 898 2849 Tycha
915 2812 979 2852 Bra-
1034 2812 1282 2852 VAiilqupleru’mL
1298 2814 1386 2848 capite
1437 2812 1542 2852 Optimi
1556 2816 1752 2852 astronomiam,
1770 2815 1814 2842 ubi

195 2845 265 2888 heus
283 2847 390 2885 negavit
402 2847 435 2874 ab
450 2848 525 2888 luna,
538 2848 686 2888 quamlibet
697 2849 813 2888 deiecta,
827 2845 913 2876 totum
926 2850 977 2877 ob-
1034 2845 1299 2888 pliiribitslexexirplis
1316 2845 1446 2888 approba}
1460 2845 1546 2888 solem
1564 2849 1813 2888 aliquando_totum

197 2883 304 2907 διειπετῆ
324 2888 403 2916 posse
423 2883 488 2911 solis
508 2883 616 2918 orbem;
635 2892 666 2912 ac
689 2884 836 2913 diametros
857 2890 976 2920 aspecta:
1032 2892 1111 2919 posse
1126 2883 1336 2917 deﬁcere,’qnod
1357 2885 1398 2912 hic
1421 2883 1549 2912 Ge'ninus
1567 2890 1661 2913 noster
1687 2885 1812 2918 affirmat,
