1913 3138
134 181 190 211 821

403 238 600 266 ΚΕΦΑΛΑΙΟΝ
622 238 661 266 Θ’.

296 297 366 331 Περὶ
383 295 546 331 ἐκλείψεως
561 297 617 331 τῆς
629 296 774 332 σελήνης.

177 355 212 381 At
228 354 277 389 τῆς
293 353 407 389 σελήνης
421 353 556 389 ἐκλείψεις
571 353 690 388 γίνονται
705 353 776 380 κατὰ
788 352 837 388 τὴν
852 354 890 384 είς
903 351 934 378 τὸ

140 401 266 436 σκίασμα
285 401 335 436 τῆς
355 400 407 435 γῆς
427 400 567 436 ἔμπτωσιν
583 401 632 435 τῆς
656 400 779 436 σελήνης.
799 399 933 435 Καθάπερ

139 447 197 482 γὰρ
214 448 261 474 καὶ
277 447 310 473 τὰ
319 446 401 473 λοιπὰ
414 446 468 472 τῶν
483 446 626 481 σωμάτων,
639 445 811 482 φωτιζόμενα
821 445 873 472 ὑπὸ
885 444 932 471 τοῦ

139 491 231 527 ἡλίου,
250 492 328 524 σκιὰς
341 492 500 524 ἀποὸάλλει,
517 492 588 519 οὕτω
600 492 647 519 καὶ
664 493 680 527 ή
697 492 744 527 γῆ,
762 491 932 528 φωτιζομένη

139 536 195 562 ὑπὸ
216 536 263 563 τοῦ
284 535 369 572 ἡλίου,
394 536 473 563 σκιὰν
498 536 654 564 ἀποϐάλλει.
672 537 726 564 Καὶ
742 537 791 572 ήδη
811 537 934 573 μέντοιγε

137 582 186 608 διὰ
201 582 230 608 τὸ
244 581 358 617 μέγεθος
367 582 417 617 τῆς
429 582 480 618 γῆς
492 582 625 619 είλικρινῆ
639 582 780 618 συμϐαίνει
793 583 842 619 τὴν
855 583 934 610 σκιὰν

139 625 272 654 εἶναικαὶ
289 627 408 663 βαθεῖαν.
423 628 506 655 Ὅταν
519 625 565 655 οὖν
580 628 651 655 κατὰ
667 629 812 664 διάμετρον
823 629 934 664 γένηται

139 675 156 708 ἡ
178 673 276 709 σελήνη
288 673 326 709 τῷ
341 674 419 710 ἡλίῳ,
432 675 493 701 τότε
505 674 551 701 καὶ
565 673 595 701 τὸ
607 674 728 710 σκίασμα
740 675 788 710 τῆς
803 675 854 711 γῆς
865 675 935 702 κατὰ

139 719 290 755 διάμετρον
305 720 409 754 γίνεται
426 720 465 756 τῷ
478 721 555 756 ἡλίῳ.
568 720 649 748 Ὅθεν
666 722 682 757 ἡ
701 721 799 757 σελήνη
814 730 936 748 ταπεινο-

139 766 211 802 τέρα
225 767 362 802 φερομένη
378 767 425 794 τοῦ
439 768 615 803 σκιάσματος,
626 768 743 802 εὐλόγως
756 768 886 803 ἐμπίπτει
896 769 935 800 είς

139 813 174 839 τὸ
190 813 311 848 σκίασμα
321 813 371 848 τῆς
382 813 444 848 γῆς.
467 814 521 841 Ἀεὶ
531 814 559 841 δὲ
569 814 600 841 τὸ
610 815 745 850 ἐμπίπτον
756 815 841 850 αὐτῆς
854 815 935 851 μέρος

141 860 186 891 εἰς
197 859 228 885 τὸ
244 860 365 895 σκίασμα
382 860 431 894 τῆς
445 860 496 896 γῆς
510 860 663 895 ἀφώτιστον
676 861 780 895 γίνεται
789 861 835 888 τοῦ
845 861 932 897 ἡλίου,

656 181 776 210 GEMINI
795 178 982 209 ELEMENTA
1001 177 1248 207 ASTRONOMIE.

1715 175 1768 202 823

1228 262 1230 265 .
1253 233 1305 269 25
1324 233 1438 262 CAPUT
1466 233 1510 262 ix.

1229 291 1268 318 De
1288 290 1427 325 eclipsibus
1448 291 1529 318 (ante.

1019 349 1103 377 Luna:
1119 349 1236 384 eclipses
1256 349 1324 376 ﬁunt
1340 348 1492 377 secundum
1509 347 1684 376 incidentiam
1699 347 1770 375 laute

985 398 1012 424 in
1028 397 1155 424 umbram
1180 400 1270 424 terrai.
1288 395 1524 429 Quemadmodum
1537 394 1609 422 enim
1625 397 1652 422 et
1667 394 1770 428 reliqua
1823 423 1825 426 γ

984 451 1112 479 corpora,
1135 450 1198 470 cum
1218 450 1233 469 a
1249 443 1306 470 sole
1327 441 1525 473 illuminantur,
1550 439 1662 467 umbras
1685 439 1770 474 proji-

984 490 1071 521 ciunt.
1098 490 1138 517 sic
1162 489 1244 516 etiam
1269 492 1361 520 terra,
1387 494 1449 514 cum
1473 494 1489 513 a
1507 486 1566 514 sole
1590 485 1770 517 illuminatur,

984 536 1092 571 projieit
1117 535 1253 563 umbram.
1277 533 1309 560 Et
1328 536 1401 561 certe
1421 532 1479 567 jam
1502 534 1614 566 propter
1634 531 1770 565 magnitu-

985 582 1077 609 dinem
1103 585 1185 609 terrze
1204 580 1349 615 contingit,
1370 579 1494 606 umbram
1517 578 1577 612 ejus
1597 576 1771 604 manifestam

984 631 1012 654 et
1039 626 1202 662 profundam
1227 633 1298 653 esse.
1320 625 1387 653 Cum
1411 624 1494 660 igitur
1515 624 1578 650 luna
1600 622 1650 650 soli
1670 621 1772 648 diame~

985 673 1092 701 traliter
1118 673 1284 709 opponitur,
1315 676 1381 698 tunc
1420 677 1527 705 quoque
1562 674 1641 696 terra:
1677 667 1772 695 umbra

984 719 1179 747 d‘iametraliter
1208 719 1354 754 opponitur
1389 716 1452 745 soli.
1491 715 1566 743 Unde
1593 715 1677 746 luna,
1709 721 1772 740 cum

985 765 1100 793 inferius
1121 765 1224 793 feratur
1245 771 1328 799 quam
1354 763 1468 795 umbra,
1496 761 1652 789 necessario
1678 759 1773 786 incidit

985 813 1014 839 in
1037 813 1162 839 umbram
1191 815 1281 839 terra}.
1304 810 1418 845 Semper
1440 813 1531 836 autem
1553 815 1618 843 pars
1633 806 1703 842 ejus,
1718 812 1772 840 qua

985 858 1014 885 in
1036 858 1161 885 umbram
1186 862 1266 884 terra:
1289 856 1395 888 incidit,
1412 863 1469 883 non
1492 854 1663 881 illuminatur
1682 860 1697 879 a
1716 852 1774 879 sole

139 905 189 931 διὰ
204 905 253 941 τὴν
265 905 462 941 ἐπιπρόσθησιν
476 907 525 942 τῆς
540 907 601 942 γῆς.
614 907 680 933 Τότε
693 907 747 942 γὰρ
764 907 810 933 ἐπὶ
822 908 871 943 τῆς
887 907 935 933 αὑ-

991 907 1096 939 propter
1111 903 1338 931 intercursionem
1353 906 1442 929 terra}.
1459 900 1536 928 Tunc
1550 901 1627 928 enim
1635 900 1663 927 in
1678 899 1774 927 eadem

141 950 194 985 τῆς
209 950 316 982 εὐθείας
330 951 435 985 γίνεται
448 953 462 978 ὸ
475 951 549 987 ἥλιος
561 951 608 978 καὶ
618 953 634 987 ἡ
645 952 690 988 γῆ,
707 952 754 979 καὶ
767 952 796 978 τὸ
814 952 936 987 σκίασμα

141 999 194 1033 τῆς
210 998 273 1033 γῆς,
290 999 338 1024 καὶ
354 999 370 1034 ἡ
388 998 497 1034 σελήνη.
516 998 554 1025 Δι’
574 999 607 1034 ἢν
628 998 716 1026 αἰτίαν
737 998 796 1025 οὐδὲ
816 999 935 1033 γίνονται

141 1043 280 1078 ἐκλείψεις
298 1044 346 1079 τῆς
367 1044 482 1080 σελήνης
505 1046 534 1071 ἐν
555 1045 622 1081 ἄλλῃ
645 1045 754 1081 ἡμέρᾳ,
779 1044 835 1072 ἀλλ’
857 1045 885 1071 ἐν
901 1046 934 1080 τῇ

141 1089 298 1126 διχομηνίᾳ.
318 1090 384 1116 Τότε
400 1086 455 1126 γὰρ
472 1089 542 1117 κατὰ
563 1091 708 1127 διάμετρον
729 1090 833 1125 γίνεται
853 1091 870 1126 ἡ
891 1099 935 1116 σε-

143 1134 215 1170 λήνη
237 1134 276 1170 τῷ
292 1135 368 1170 ἡλίῳ.
394 1135 514 1162 Γίνονται
533 1136 657 1171 μέντοιγε
672 1136 756 1162 πᾶσαι
775 1137 802 1162 αί
818 1135 868 1170 τῆς
890 1143 935 1161 σε-

143 1180 231 1216 λήνης
252 1180 385 1216 ἐκλείψεις
405 1181 471 1208 ἴσαι·
491 1183 519 1209 αἱ
539 1182 588 1217 μέν
606 1182 660 1218 γὰρ
677 1181 890 1218 ἐπιπροσθὴσεις
908 1182 938 1208 αἰ

141 1226 286 1262 γινόμεναι
301 1228 330 1253 ἐν
344 1228 404 1258 ταῖς
419 1227 466 1253 τοῦ
481 1227 556 1263 ἡλίου
567 1227 703 1262 ἐκλείψεσι
717 1227 793 1264 παρὰ
803 1227 851 1259 τὰς
862 1228 937 1263 οἰκή-

144 1282 204 1305 σεις
219 1273 341 1308 διάφοροι
358 1273 489 1307 γίνονται,
507 1274 540 1300 δι’
554 1274 587 1310 ἢν
602 1274 692 1301 αἰτίαν
713 1273 761 1301 καὶ
779 1274 814 1300 τὰ
834 1273 936 1310 μεγέθη

143 1318 201 1345 τῶν
216 1318 363 1354 ἐκλείψεων
375 1318 491 1355 διάφορα
505 1319 618 1354 γίνεται·
633 1320 660 1345 αἱ
675 1319 702 1346 δὲ
720 1318 874 1354 ἐμπτώσεις
889 1319 938 1354 τῆς

144 1365 264 1401 σελήνης
275 1367 315 1397 είς
326 1366 356 1392 τὸ
370 1366 492 1402 σκίασμα
509 1366 570 1393 τσαιν
578 1367 664 1393 πᾶσαι
678 1367 796 1400 γίνονται
808 1365 879 1393 κατὰ
889 1365 938 1402 τὴν

143 1411 232 1446 αὐτὴν
245 1411 375 1446 ἔκλειψιν.
396 1412 464 1448 Ἤδη
479 1412 603 1448 μέντοιγε
621 1413 650 1438 οὺ
667 1412 710 1439 διὰ
723 1412 823 1444 παντὸς
837 1413 867 1438 τὸ
883 1412 939 1439 ἴσον

144 1457 269 1484 ἐκλείπει
280 1458 329 1493 τῆς
342 1459 466 1495 σελήνης.
480 1459 565 1486 Ὅταν
576 1458 630 1494 γὰρ
640 1459 683 1486 διὰ
695 1459 777 1495 μέσου
792 1459 838 1485 τοῦ
853 1458 940 1486 ἐκλει-

145 1504 245 1530 πτικοῦ
259 1506 278 1540 ή
295 1505 394 1542 σελήνη
409 1505 457 1541 τὴν
470 1505 586 1540 πάροδον
601 1506 723 1541 ποιῆται,
742 1505 791 1541 ὅλη
807 1506 939 1541 ἐμπίπτει

145 1551 188 1582 εἰς
205 1551 236 1577 τὸ
259 1551 381 1585 σκίασμα
397 1552 447 1587 τῆς
463 1553 524 1588 γῆς·
549 1552 619 1579 ὥστε
640 1553 788 1588 ἀναγκαῖον
810 1553 857 1580 καὶ
875 1553 939 1588 ὅλην

145 1596 234 1631 αὐτὴν
248 1597 394 1624 ἐκλείπειν.
417 1599 500 1625 Ὅταν
514 1598 543 1625 δέ
560 1598 720 1635 παράψηται
734 1599 780 1625 τοῦ
802 1598 940 1634 σκιάσμα-
952 1587 976 1619 C

144 1650 206 1676 τος,
223 1643 304 1679 μέρος
318 1652 345 1670 τι
361 1644 410 1680 τῆς
428 1643 541 1679 σελήνης
553 1643 682 1671 ἐκλείπει·
698 1643 755 1671 ἔστι
767 1644 795 1671 δὲ
807 1644 838 1671 τὸ
852 1644 940 1671 ἐκλει-

147 1689 245 1716 πτικὸν
264 1690 349 1725 αὐτῆς
371 1690 472 1726 μοιρῶν
488 1689 543 1717 δύο.
571 1691 614 1718 Ἐν
630 1690 684 1727 γὰρ
698 1690 786 1726 τούτῳ
807 1691 846 1726 τῷ
866 1691 941 1727 τόπῳ

147 1734 240 1766 πάσας
253 1734 302 1766 τὰς
313 1735 449 1770 ἐκλείψεις
464 1734 606 1770 συμϐαίνει
619 1736 669 1771 τῆς
682 1736 796 1772 σελήνης
807 1736 939 1770 γίνεσθαι.

155 1781 203 1806 Ἐκ
218 1781 246 1807 δὲ
261 1780 363 1808 τούτων
377 1782 502 1817 φανερὸν,
521 1782 562 1808 ὅτι
577 1782 606 1808 αἱ
618 1782 669 1817 τῆς
681 1781 794 1818 σελήνης
807 1781 941 1816 ἐκλείψεις

147 1826 271 1860 γίνονται
287 1827 358 1854 κατὰ
372 1827 422 1862 τὴν
436 1828 477 1859 είς
489 1827 519 1854 τὸ
531 1827 651 1863 σκίασμα
665 1827 715 1862 τῆς
727 1828 778 1863 γῆς
789 1827 938 1862 ἔμπτωσιν·

148 1873 219 1908 πρὸς
231 1872 309 1907 λόγον
323 1873 377 1909 γὰρ
396 1873 446 1908 τῆς
465 1873 535 1900 κατὰ
549 1873 649 1906 πλάτος
665 1874 798 1910 κινήσεως
812 1874 863 1909 τῆς
873 1875 942 1909 ἡμε-

150 1919 246 1955 ρησίου
265 1919 315 1954 τῆς
333 1919 447 1955 σελήνης
463 1919 497 1946 τὰ
518 1919 620 1955 μεγέθη
639 1919 693 1946 τῶν
710 1919 856 1954 ἐκλείψεων
871 1920 940 1956 σύμ-

150 1973 228 1999 φωνα
245 1966 357 1999 γίνεται·
379 1966 425 1992 καὶ
440 1967 468 1992 ἐν
483 1966 574 1998 ἄλλαις
591 1966 707 2002 ἡμέραις
727 1966 758 1992 οὐ
775 1966 893 2000 γίνονται
913 1966 940 1992 αί

149 2010 201 2046 τῆς
215 2010 329 2046 σελήνης
343 2010 492 2045 ἐκλείψεις,
506 2010 575 2046 πλὴν
590 2011 619 2037 ἐν
633 2011 665 2046 τῇ
679 2010 833 2046 διχομηνίᾳ.

422 2068 620 2095 ΚΕΦΑΛΑΙΟΝ
643 2069 670 2095 l'.

150 2125 212 2152 Ὀτι
226 2126 283 2160 τὴν
295 2126 436 2153 ἐναντίαν
448 2125 488 2158 τῷ
499 2126 603 2165 κόσμῳ
616 2125 739 2159 κίνησιν
751 2127 778 2152 οἱ
790 2125 941 2160 πλάνητες

459 2167 624 2187 ποιουνται.

195 2218 223 2244 '0
239 2219 340 2254 κόσμος
355 2220 469 2245 κινεῖται
484 2218 570 2254 φορὰν
584 2217 728 2252 ἐγκύκλιον
746 2219 793 2245 ἀπ’
808 2218 940 2254 ὰνατολης

986 951 1059 978 Linea
1081 954 1156 978 recta
1177 950 1384 978 constituuntur
1400 949 1451 981 sol,
1476 953 1560 981 terra,
1576 948 1672 975 umbra
1695 950 1774 973 terra}

985 1001 1012 1025 et
1026 997 1100 1024 luna.
1119 996 1207 1030 Quam
1221 997 1256 1023 ob
1271 1003 1384 1024 causam
1398 1004 1432 1023 ne
1450 996 1518 1022 ﬁunt
1535 994 1644 1031 quidem
1659 993 1774 1028 eclipses

986 1044 1059 1070 lunae
1079 1043 1107 1070 in
1130 1043 1184 1070 alio
1205 1042 1259 1075 die,
1276 1042 1328 1070 nisi
1350 1042 1379 1069 in
1393 1041 1553 1077 pleuilunio.
1569 1040 1647 1068 Tunc
1667 1039 1740 1067 enim
1759 1046 1775 1064 e

986 1089 1121 1117 diametro
1136 1089 1201 1116 luna
1218 1088 1366 1123 opponitur
1385 1088 1449 1117 soli.
1466 1087 1660 1115 Verumtamen
1680 1092 1774 1112 omnes

987 1136 1059 1163 lunae
1070 1135 1187 1171 eclipses
1204 1135 1272 1162 ﬁunt
1284 1135 1421 1170 aequales;
1440 1142 1502 1162 nam
1516 1134 1699 1165 incursiones,
1715 1140 1775 1168 qua

987 1182 1015 1208 in
1033 1181 1098 1209 solis
1118 1181 1266 1216 eclipsibus
1284 1181 1361 1214 ﬁunt,
1378 1185 1489 1217 propter
1503 1181 1564 1207 loca
1578 1179 1776 1207 habitationum

987 1227 1102 1255 diversa:
1136 1228 1302 1260 eﬁiciuntur,
1333 1228 1367 1255 ob
1396 1227 1424 1254 id
1461 1227 1543 1254 etiam
1575 1224 1775 1261 magnitudines

987 1274 1130 1309 eelipsium
1155 1274 1288 1302 solarium
1311 1273 1426 1301 diversae
1445 1272 1598 1299 redduntur
1621 1279 1627 1297 :
1655 1275 1682 1297 at
1706 1271 1777 1297 lunae

989 1320 1146 1348 incidentiae
1161 1320 1189 1348 in
1205 1321 1330 1348 umbram
1349 1320 1417 1347 ﬁunt
1439 1327 1536 1347 omnes
1550 1318 1669 1354 aequales
1684 1319 1712 1344 in
1728 1325 1776 1345 ea-

989 1365 1050 1394 dem
1067 1366 1173 1401 eclipsi.
1199 1366 1260 1393 Jam
1283 1374 1348 1394 vero
1371 1373 1427 1393 non
1452 1372 1560 1400 semper
1577 1363 1691 1399 aequalis
1711 1370 1776 1398 pars

989 1413 1061 1440 lunae
1094 1413 1195 1441 deﬁcit.
1223 1412 1292 1440 Cum
1317 1412 1390 1440 enim
1419 1419 1467 1447 per
1493 1411 1612 1438 medium
1642 1409 1776 1437 circulum

990 1460 1146 1495 eclipticum
1173 1460 1238 1487 luna
1267 1459 1418 1487 transitum
1444 1457 1520 1491 facit,
1545 1462 1602 1485 tota
1629 1456 1724 1484 incidit
1748 1456 1776 1482 in

991 1505 1115 1533 umbram
1143 1509 1234 1533 terrae.
1258 1505 1354 1541 Itaque
1378 1504 1564 1532 necessarium
1587 1507 1639 1536 est,
1663 1507 1693 1530 ut
1718 1502 1777 1537 ipsa

991 1555 1049 1579 tota
1077 1551 1195 1580 deﬁciat.
1226 1551 1295 1579 Cum
1327 1559 1392 1580 vero
1419 1551 1529 1586 attingit
1552 1551 1688 1583 umbram,
1714 1557 1777 1585 pars

991 1598 1082 1633 aliqua
1110 1599 1181 1625 lunae
1212 1598 1303 1626 deﬁcit
1332 1607 1339 1625 :
1369 1605 1433 1633 pars
1461 1600 1552 1625 autem
1581 1596 1687 1627 circuli.
1717 1604 1778 1632 qua:

992 1644 1084 1671 lunam
1101 1644 1218 1672 deﬁcere
1231 1644 1307 1676 facit,
1322 1648 1364 1671 est
1378 1645 1494 1671 duorum
1510 1643 1655 1679 graduum.
1678 1641 1707 1669 ln
1725 1643 1777 1669 huc

991 1692 1063 1718 enim
1085 1692 1146 1719 loco
1160 1698 1258 1718 omnes
1273 1690 1390 1725 eclipses
1408 1690 1479 1717 luna:
1497 1690 1631 1725 contingit
1648 1689 1715 1717 ﬁeri.
1739 1688 1777 1716 Ex

991 1737 1035 1764 liis
1046 1736 1221 1763 manifestum
1235 1742 1285 1768 est,
1299 1735 1372 1771 quod
1388 1735 1458 1762 lunae
1472 1735 1587 1770 eclipses
1597 1735 1664 1762 ﬁant
1680 1742 1778 1762 secun-

991 1783 1056 1810 dum
1073 1782 1249 1810 incidentiam
1272 1782 1300 1809 in
1323 1781 1449 1808 umbram
1473 1785 1571 1813 terrae;
1589 1788 1653 1807 nam
1672 1780 1778 1808 ratione

991 1829 1082 1857 diurni
1098 1833 1188 1856 motus
1200 1829 1270 1856 luna:
1283 1828 1433 1856 secundum
1448 1827 1618 1855 latitudinem
1635 1827 1702 1854 ﬁunt
1712 1834 1778 1854 con-

991 1883 1066 1911 gruae
1090 1875 1233 1910 eclipsium
1256 1874 1474 1909 magnitudines,
1492 1877 1519 1900 et
1542 1873 1570 1900 in
1595 1872 1656 1900 aliis
1681 1872 1778 1900 diebus

991 1929 1045 1949 non
1059 1920 1126 1948 ﬁunt
1142 1921 1251 1948 lunares
1268 1921 1395 1956 eclipses,
1413 1921 1465 1948 nisi
1480 1919 1507 1946 in
1523 1919 1684 1954 pleuilunio.

1304 2065 1417 2093 CAPUT
1437 2064 1470 2092 X.

1011 2122 1088 2156 Quod
1104 2124 1268 2150 contrarium
1287 2123 1383 2150 mundo
1403 2127 1502 2150 motum
1518 2121 1630 2156 planam
1650 2121 1760 2155 faciant.

1026 2218 1144 2246 Mundus
1166 2219 1291 2243 movetur
1308 2218 1384 2241 motu
1400 2212 1531 2241 circulari
1552 2213 1586 2239 ab
1601 2216 1663 2240 ortu
1684 2212 1718 2239 ad
1734 2219 1782 2239 oc-

151 2264 199 2290 ἐπὶ
216 2263 300 2291 δύσιν.
319 2264 396 2291 Ὅσοι
418 2264 473 2300 γὰρ
493 2263 525 2290 ἂν
542 2263 596 2290 τῶν
610 2264 732 2299 ἀστέρων
749 2263 818 2299 μετὰ
831 2263 879 2298 τὴν
892 2263 938 2289 τοῦ

994 2275 1100 2295 casum.
1115 2265 1184 2292 Nam
1206 2270 1376 2299 quaecunque
1392 2261 1477 2289 stellae
1493 2264 1555 2296 post
1572 2261 1639 2288 solis
1653 2267 1781 2288 occasum

151 2311 228 2345 ἡλίου
242 2310 319 2337 δύσιν
335 2311 404 2346 πρὸς
415 2311 449 2346 τῇ
463 2310 578 2346 ἀνατολῇ
594 2309 762 2345 θεωρηθῶσι,
778 2309 940 2345 προϐαινού-

153 2365 203 2392 σης
218 2357 267 2391 τῆς
281 2357 386 2389 νυκτὸς,
404 2355 629 2392 μετεωριζόμενοι
645 2355 743 2391 μᾶλλον
754 2356 797 2381 ἀεὶ
811 2355 857 2382 καὶ
871 2354 940 2390 μᾶλ-

150 2400 197 2426 λον
215 2399 389 2436 θεωροῦνται·
410 2399 469 2427 εἶτα
484 2400 626 2435 βλέπονται
641 2400 709 2436 πρὸς
724 2401 757 2436 τῇ
775 2401 940 2436 μεσουρανή-

153 2455 202 2473 σει·
215 2446 414 2482 προὸαινούσης
428 2447 456 2473 δέ
469 2446 519 2481 τῆς
535 2446 641 2479 νυκτὸς,
654 2446 860 2482 ἀποκλινόμενοι
874 2447 940 2483 πρὸς

150 2492 201 2529 τὴν
221 2492 296 2519 δύσιν
316 2494 340 2520 oi
362 2493 439 2520 αὐτοὶ
454 2493 566 2528 ἀστέρες
584 2493 759 2529 θεωροῦνται·
786 2494 832 2520 καὶ
854 2494 940 2529 πέρας

151 2540 275 2572 δύνοντες
293 2539 421 2575 ὁρῶνται’
445 2539 492 2566 καὶ
514 2539 592 2566 τοῦτο
615 2539 811 2575 καθζὲκάστην
835 2540 940 2575 ἡμέραν

151 2586 198 2613 ἐπὶ
210 2586 318 2612 πάντων
335 2586 457 2621 ἀστέρων
468 2585 583 2619 γίνεται.
597 2586 679 2611 Ὥστε
693 2586 818 2622 φανερὸν,
830 2586 870 2612 ὅτι
881 2586 940 2617 ὅλος

149 2633 163 2658 ὁ
181 2632 284 2667 κόσμος
301 2631 369 2657 πᾶσι
388 2633 443 2662 τοῖς
465 2631 508 2665 ἐφ’
528 2630 622 2656 ἑαυτοῦ
646 2630 741 2665 μέρεσι
762 2633 877 2657 κινεῖται
893 2633 940 2658 καὶ

149 2679 197 2704 ἀπ’
213 2677 345 2712 ἀνατολῆς
361 2678 406 2704 ἐπὶ
427 2677 511 2704 δύσιν.
532 2677 593 2703 Ὅτι
614 2676 641 2703 δὲ
661 2676 804 2711 ἐγκύκλιον
824 2678 939 2703 ποιεῖται

148 2724 198 2758 τὴν
216 2723 369 2758 προφορὰν,
386 2723 517 2758 πρόδηλον
532 2724 564 2749 ἐκ
576 2722 623 2748 τοῦ
636 2723 739 2754 πάντας
750 2723 812 2755 τοὺς
824 2723 940 2758 ἀστέρας

148 2770 181 2795 ὲκ
197 2769 243 2796 τοῦ
258 2769 340 2796 αὑτοῦ
355 2769 438 2796 τόπου
450 2769 615 2800 ἀνατέλλειν,
633 2769 679 2795 καὶ
693 2769 733 2800 είς
748 2769 794 2795 τὸν
807 2769 886 2795 αὑτὸν
897 2769 940 2795 16-

149 2824 200 2841 πον
216 2815 315 2842 δύνεινε
344 2815 384 2841 ἔτι
406 2816 451 2842 καὶ
474 2816 518 2843 διὰ
533 2815 587 2841 τῶν
607 2815 740 2851 διόπτρων
758 2815 939 2851 θεωρούμενοι

150 2861 251 2892 πάντες
273 2861 299 2886 οι
324 2860 438 2896 ἀστέρες
463 2861 602 2895 φαίνονται
625 2860 768 2895 ἐγκύκλιον
785 2861 939 2897 ποιούμενοι

150 2909 198 2944 τὴν
217 2909 323 2944 κίνησιν
340 2908 386 2944 ὅλῃ
404 2910 435 2944 τῇ
451 2909 608 2945 περιαγωγῇ
624 2907 676 2935 τῶν
691 2908 833 2945 διό-στρων.

994 2313 1027 2340 ad
1050 2316 1141 2340 ortum
1163 2309 1386 2344 conspiciuntur,
1419 2307 1460 2334 ita:
1492 2307 1658 2342 procedente
1684 2309 1779 2339 nocte,

994 2358 1080 2392 magis
1095 2356 1236 2390 magisque
1254 2361 1361 2388 semper
1374 2352 1475 2380 elevari
1490 2356 1667 2387 spectantur;
1684 2351 1783 2380 deinde

994 2403 1122 2430 videntur
1136 2402 1164 2428 in
1180 2401 1271 2428 medio
1284 2400 1357 2427 coeli.
1373 2399 1569 2434 Progrediente
1584 2403 1674 2426 autem
1688 2403 1780 2430 nocte,

994 2448 1132 2476 declinare
1159 2447 1192 2474 ad
1221 2454 1351 2474 occasum
1375 2446 1476 2473 eaidem
1499 2445 1584 2473 stellae
1601 2445 1737 2477 videntur,
1756 2448 1783 2471 et.

995 2494 1103 2521 tandem
1117 2492 1242 2520 occidere
1265 2496 1431 2527 spectantur.
1449 2492 1537 2526 Atque
1551 2491 1602 2518 hoc
1615 2490 1738 2525 quotidie
1755 2491 1782 2516 in

995 2541 1122 2568 omnibus
1145 2541 1174 2566 ﬁt
1197 2539 1294 2567 stellis.
1321 2538 1415 2574 Itaque
1436 2537 1612 2566 manifestum
1633 2540 1685 2568 est,
1709 2536 1781 2571 quod

995 2591 1068 2614 totus
1086 2585 1204 2613 mundus
1226 2593 1286 2612 cum
1306 2585 1434 2611 omnibus
1455 2584 1513 2612 suis
1531 2582 1656 2618 partibus
1673 2589 1783 2608 movea—

994 2637 1049 2663 tur,
1063 2630 1211 2666 etquidem
1230 2631 1265 2658 ab
1282 2635 1342 2657 ortu
1358 2638 1454 2657 versus
1469 2636 1609 2656 occasum.
1624 2627 1702 2660 Quod
1718 2635 1783 2655 vero

995 2676 1157 2705 circularem
1186 2676 1268 2703 I'aciat
1292 2679 1409 2705 motum.
1424 2682 1458 2701 ex
1481 2681 1514 2700 eo
1531 2672 1706 2699 manifestum
1726 2675 1780 2703 est,

994 2723 1067 2759 quod
1090 2731 1185 2750 omnes
1211 2722 1296 2749 stellae
1312 2730 1344 2748 ex
1360 2720 1454 2748 codem
1473 2719 1532 2746 loco
1551 2719 1686 2750 oriantur,
1705 2721 1732 2745 et
1754 2719 1783 2745 in

995 2768 1119 2797 eumdem
1153 2769 1242 2795 locum
1278 2766 1429 2798 occidant;
1459 2768 1590 2799 praeterea
1624 2764 1706 2791 etiam
1735 2771 1782 2797 per

996 2815 1102 2850 dioplra
1132 2822 1227 2841 omnes
1251 2813 1336 2840 stellae
1357 2814 1485 2846 spectatae
1515 2809 1642 2836 videntur
1667 2809 1772 2837 circula

996 2869 1052 2888 rem
1074 2864 1177 2889 motuin
1196 2860 1284 2887 facere
1298 2859 1326 2886 in
1341 2862 1397 2886 tota
1413 2856 1644 2885 circumductione
1661 2855 1782 2890 dioptro-

994 2916 1052 2936 t'um
1059 2928 1064 2934 .
