1913 3138
77 163 134 191 825

605 167 721 196 GEMINI
741 168 923 196 ELEMENTA
942 169 1189 199 ASTltONOMle.

1644 177 1696 205 8‘26

78 225 128 251 καὶ
141 223 319 259 ¹ιιιοιουμένους
333 224 378 251 ἐπὶ
393 224 491 251 κύκλου
503 225 552 261 τὴν
565 226 679 262 κίνησιν,
693 225 750 254 εϊτα
766 227 856 263 μέντοι

919 228 1055 256 celeritate
1075 233 1192 260 utentes.
1210 234 1238 258 et
1263 231 1393 261 facientes
1411 234 1437 260 in
1455 234 1558 262 circulo
1581 240 1672 263 motun
1684 251 1696 269 ι

79 279 111 304 γε
129 270 211 298 ἄλλον
224 270 286 296 τινὰ
305 270 352 297 ἕνα
368 271 529 306 βραδύτερον
544 273 572 298 ὲν
587 273 678 304 αὐτοῖς
697 273 863 309 κινούμενον,

77 316 177 351 ὁμοίαν
193 316 221 343 δὲ
235 317 284 352 τὴν
296 318 401 353 κίνησιν
417 318 508 350 αὐτοῖς
520 319 678 354 ποιούμενον
692 320 737 346 ent
752 320 861 346 κύκλου·

77 362 153 395 όὸξει
170 363 229 398 μὲν,
247 363 584 399 περικαταλαμϐανόμενος
593 365 626 396 δ’,
639 367 678 397 εὶς
691 365 725 392 τὰ
745 367 864 401 ἑπόμενα

78 408 268 443 μεταϐαίνειν,
293 410 341 435 οὐκ
364 409 439 436 ἔσται
459 409 486 436 δὲ
508 410 585 437 τοῦτο
603 412 649 437 ἐπὶ
663 411 712 445 τῆς
727 412 862 446 ἀληθείας·

75 453 139 479 ἀλλ’
155 455 256 489 ὁμοίως
281 455 373 486 αὐτοῖς
397 455 554 490 κινούμενος
576 455 620 482 διὰ
643 456 692 492 τὴν
713 457 864 492 βραδυτῆτα

74 498 150 531 δόξει
167 501 207 532 εἰς
228 501 357 527 τάναντία
378 501 520 529 κινεῖσθαι.
541 501 625 528 Τοῦτο
643 502 674 538 δὴ
695 503 741 529 καὶ
756 503 802 529 ἐπὶ
817 502 862 529 τοῦ

75 546 156 581 ήλίου
170 547 217 573 καὶ
237 547 283 573 ἐπὶ
296 547 346 582 τῆς
364 546 479 582 σελήνης
500 547 709 583 συμϐεϐηκέναι.
733 548 794 574 Ἐπὶ
810 548 864 583 γὰρ

74 592 110 619 τὰ
129 591 201 618 αὐτὰ
219 592 289 627 μέρη
304 592 454 628 κινούμενοι
470 593 508 628 τῷ
522 594 624 629 κόσμῳ,
638 593 682 620 διὰ
698 594 748 630 τὴν
764 594 862 629 βραδυ-

73 639 148 672 τῆτα
167 640 209 670 εἰς
228 638 262 665 τὰ
280 639 400 673 ἑπόμενα
416 639 611 674 ὑποφέρονταιυ
628 640 750 676 καθάπερ
765 641 799 666 τὰ
817 641 863 666 ἐπὶ

73 684 133 711 τῶν
155 685 286 720 ποταμῶν
309 685 518 721 καταφερόμενα
537 685 626 716 πλοῖα,
641 687 861 722 προκαταταχού-

75 739 148 765 μενα
164 731 217 758 ὑπὸ
228 731 273 758 τοῦ
286 733 430 766 ῥεύματος,
444 732 518 758 δοκεῖ
527 734 566 764 εἰς
575 732 610 759 τὰ
621 733 707 760 ὀπίσω
721 732 860 759 κινεῖσθαι-

73 777 158 803 τοῦτο
172 776 202 803 δέ
217 785 281 811 φασι
293 778 339 803 καὶ
352 778 398 804 ἐπὶ
407 778 454 805 τοῦ
465 778 552 813 ἡλίου,
568 780 615 806 καὶ
629 780 674 806 ἐπὶ
689 781 738 815 τῆς
749 781 862 816 σελήνης

75 823 250 859 συμϐαίνειν.

915 275 1012 303 deinde
1031 284 1096 304 vero
1114 276 1196 303 alium
1215 278 1357 312 quemdam
1371 279 1440 306 inter
1454 280 1528 315 ipsos
1545 281 1650 309 tardius
1664 290 1694 310 se

916 325 1081 353 moventem,
1098 327 1125 349 et
1139 326 1228 350 tamen
1245 323 1278 351 iis
1295 324 1411 352 similem
1427 331 1529 353 motum
1545 327 1574 354 in
1589 328 1693 355 circulo

915 366 1058 394 facientem
1077 377 1084 394 :
1099 367 1236 395 videbitur
1250 370 1358 403 quidem
1372 370 1406 402 is,
1420 379 1481 398 cum
1495 373 1691 404 anteveniatur,

914 411 942 438 iu
971 412 1165 447 consequentia
1191 414 1318 447 transire,
1343 423 1436 442 verum
1465 424 1498 444 ex
1522 417 1561 444 rei
1580 417 1693 445 veritate

913 458 966 486 hoc
981 466 1034 485 non
1050 459 1101 486 crit
1115 467 1122 491 ;
1138 458 1184 486 sed
1204 467 1265 486 cum
1283 461 1407 489 similiter
1423 466 1504 496 atque
1519 463 1568 497 ipsi
1583 472 1691 492 movea-

914 507 968 535 tur,
984 508 1075 532 tamen
1094 511 1203 540 propter
1221 506 1376 534 tarditatem
1392 508 1527 544 vjdebitur
1542 510 1568 536 in
1584 515 1691 538 contra-

913 549 951 576 ria
971 551 1082 578 moveri.
1099 551 1187 586 Atque
1207 551 1258 579 hoc
1281 552 1350 580 idem
1370 558 1396 581 et
1417 554 1444 581 in
1466 555 1532 588 sole,
1543 560 1570 582 et
1584 555 1611 582 in
1627 556 1690 584 luna

912 595 1078 630 contingere.
1097 597 1165 624 Cum
1182 597 1253 624 enim
1272 606 1367 626 versus
1387 600 1495 628 easdem
1517 605 1606 636 partes
1629 610 1689 629 cum

914 641 1014 668 mundo
1033 648 1204 674 moveantur,
1230 648 1340 679 propter
1363 646 1518 674 tarditatem
1543 647 1570 674 in
1595 655 1690 676 conse-

911 687 1021 721 quentia
1037 687 1151 715 inferius
1167 688 1291 716 feruntur
1307 700 1312 716 :
1331 691 1558 725 quemadmodum
1572 693 1688 728 navigia,

912 738 971 765 qua:
986 732 1013 758 in
1030 731 1119 760 ﬂuviis
1130 733 1302 767 deferuntur,
1318 742 1380 761 cum
1395 743 1409 762 a
1424 735 1496 762 ﬂuxu
1515 741 1687 771 superantur,

911 776 1037 804 videntur
1049 782 1122 805 retro
1134 778 1209 806 ferri.
1226 779 1283 806 Hoc
1299 784 1388 807 autem
1407 781 1531 816 inquiunt
1545 786 1572 809 et
1587 782 1614 808 in
1633 783 1689 810 sole

907 827 937 849 et
951 823 978 849 in
995 823 1057 850 luna
1074 824 1240 860 contingere.

110 879 188 915 Αὕτη
204 880 233 906 δὲ
257 881 273 916 ή
289 880 353 912 δόξα
370 881 421 907 ὑπὸ
438 881 541 908 πολλῶν
562 881 711 916 φιλοσόςρων
731 883 857 918 εἰρημένη

946 879 980 906 At
1006 880 1065 906 haec
1087 881 1189 915 opinio,
1219 882 1270 908 etsi
1297 889 1312 908 a
1338 883 1430 910 multis
1455 882 1623 918 philosophis
1645 888 1688 911 est

73 926 244 961 ἀσύμφωνος
261 927 318 963 ἐστι
337 928 395 958 τοῖς
417 928 598 962 φαινομένοις·
615 929 639 954 εὶ
653 928 707 964 γὰρ
723 929 782 956 καθ’
797 929 860 956 ὑπό-

72 970 165 1006 λειψιν
178 971 323 1002 ἐκινοῦντο,
339 972 547 1008 ὑποφερομένων
561 973 614 1000 τῶν
629 975 759 1009 σωμάτων
772 975 814 1001 διὰ
826 975 860 1001 τὰ

74 1016 192 1051 μεγέθη,
207 1017 259 1043 ἔδει
277 1017 345 1044 κατά
358 1019 544 1054 παραλλήλους
563 1019 678 1051 κύκλους
692 1020 741 1055 τὴν
757 1020 860 1047 ὑπόλει-

71 1062 122 1095 ψιν
134 1062 268 1096 γένεσθαι’
285 1063 410 1098 καθάπερ
428 1064 475 1090 καὶ
489 1065 513 1090 οι
526 1064 654 1096 ἀπλανεῖς
666 1065 779 1100 ἀστέρες
790 1065 858 1092 πάν,

72 1116 120 1139 τες
131 1108 180 1134 ἐπὶ
193 1107 372 1144 παραλλήλων
384 1109 490 1136 κύκλων
503 1110 639 1145 φέρονται,
654 1110 697 1136 διὰ
708 1111 737 1137 τὸ
754 1111 799 1136 καὶ
810 1111 859 1146 τὴν

71 1154 121 1180 τοῦ
140 1154 244 1188 κόσμου
260 1154 345 1190 φορὰν
358 1154 500 1188 ἐγκύκλιον
514 1153 583 1182 εἶναι
605 1156 651 1182 ἀπ’
670 1156 799 1191 ἀνατολῆς
812 1157 857 1183 ἐπὶ

71 1199 161 1227 δύσιν.
180 1200 248 1226 Νυνὶ
268 1199 296 1225 δὲ
315 1200 364 1234 οὐχ
383 1200 570 1227 ὑπολείπονται
591 1201 660 1227 κατὰ
673 1201 858 1237 παραλλήλους

71 1245 203 1275 κύκλους·
223 1245 279 1272 ἀλλ’
293 1247 307 1272 ό
332 1245 381 1280 μὲν
405 1246 490 1281 ἣλιος,
511 1247 558 1272 ἐπὶ
578 1247 623 1273 τοῦ
641 1247 685 1274 διὰ
702 1247 791 1282 μέσων
803 1247 857 1274 τῶν

73 1291 182 1322 ζωδίων
196 1291 295 1317 κύκλου
309 1291 475 1326 κινούμενος,
492 1292 550 1327 ἅμα
565 1294 611 1319 καὶ
621 1292 669 1328 τὴν
680 1292 750 1319 κατὰ
760 1293 857 1325 πλάτος

72 1335 194 1370 πάροδον
206 1338 322 1363 ποιεῖται
338 1337 391 1363 ἀπὸ
402 1337 508 1373 τροπῶν
525 1338 570 1364 ἐπὶ
586 1338 697 1373 τροπάς
713 1338 749 1369 ὡς
763 1339 807 1370 ἂν,
819 1337 857 1364 οἷ-

72 1390 135 1415 μαι,
157 1381 225 1413 ιδίας
241 1382 417 1418 ὑπαρχούσης
433 1383 507 1418 αὐτῷ
522 1384 570 1418 τῆς
589 1385 728 1419 κινήσεως,
743 1384 792 1419 τῆς
807 1384 856 1419 μὲν

70 1427 120 1453 ἀπ’
132 1427 265 1463 ἀνατολῆς
277 1428 322 1454 ἐπὶ
334 1427 420 1459 δύσιν,
434 1430 482 1463 τῆς
501 1428 529 1454 δὲ
551 1428 604 1454 ἀπὺ
620 1428 720 1459 δύσεως
734 1429 776 1455 ἐπ’
790 1429 856 1455 ἀνα-

69 1472 164 1508 τολήν-
187 1474 203 1507 ἠ
225 1473 254 1499 δὲ
270 1473 365 1508 σελήνη
389 1475 417 1500 ὲν
433 1473 485 1509 ὅλῳ
500 1474 537 1509 τῷ
551 1474 645 1500 πλάτει
661 1473 707 1500 τοῦ
724 1473 855 1505 ζωδιακοῦ

71 1518 178 1545 κύκλου
190 1519 240 1554 τὴν
254 1519 369 1556 πάροδον
382 1521 506 1546 ποιεῖται.
521 1520 602 1546 Οὐδὲν
615 1519 642 1546 δὲ
653 1519 706 1545 τῶν
718 1519 778 1546 καθ’
791 1519 856 1546 ὑπό-

910 924 991 956 dicta,
1018 929 1107 952 tamen
1129 934 1182 953 non
1209 927 1334 961 congruit
1362 935 1422 954 cum
1449 929 1637 963 apparentiis;
1664 930 1686 956 si

909 970 979 997 enim
989 970 1066 1004 juxta
1079 971 1233 1005 hujusmodi
1249 972 1417 999 relictionem
1430 980 1612 1006 moverentur,
1624 982 1685 1002 cum

909 1022 1022 1048 corpora
1040 1016 1085 1043 illa
1105 1017 1219 1045 inferius
1241 1022 1410 1050 moveantur,
1427 1024 1537 1054 propter
1553 1021 1686 1055 magnitu-

909 1061 1016 1087 tudines
1036 1063 1177 1096 oportebat
1197 1063 1224 1090 in
1246 1064 1381 1097 parallelis
1401 1064 1512 1092 circulis
1535 1065 1605 1092 hanc
1623 1066 1687 1092 reli-

908 1107 1024 1134 ctionem
1043 1108 1099 1135 fieri
1113 1117 1121 1142 ;
1136 1110 1364 1143 quemadmodum
1383 1115 1409 1138 et
1433 1112 1515 1140 stella:
1535 1112 1686 1140 inerrantes

908 1159 1002 1181 omnes
1024 1155 1051 1181 in
1077 1156 1214 1189 parallelis
1235 1157 1346 1185 circulis
1376 1157 1501 1185 feruntur
1526 1167 1532 1185 :
1558 1168 1591 1187 eo
1613 1160 1686 1195 quod

907 1203 934 1226 et
961 1200 1054 1226 mundi
1092 1205 1181 1228 motus
1212 1206 1254 1229 est
1279 1203 1420 1231 circularis
1443 1205 1478 1232 ab
1504 1209 1564 1232 ortu
1590 1213 1685 1233 versus

907 1254 1043 1274 occasum.
1055 1247 1088 1274 At
1100 1255 1154 1274 non
1168 1248 1358 1283 relinquuntur
1369 1249 1395 1276 in
1408 1250 1544 1284 parallelis
1555 1251 1684 1283 circulis;

907 1292 954 1319 sed
970 1293 1009 1320 sol
1026 1300 1087 1319 cum
1106 1293 1132 1319 in
1148 1294 1252 1320 circulo
1269 1302 1317 1328 per
1333 1295 1421 1322 media
1436 1295 1512 1330 signa
1527 1301 1684 1324 transeunte

906 1341 1057 1370 moveatur,
1069 1338 1148 1365 simul
1165 1340 1246 1366 etiam
1270 1340 1418 1367 secundum
1440 1341 1607 1368 latitudinem
1621 1341 1685 1368 facit

906 1388 1008 1410 motum
1023 1392 1037 1410 a
1053 1385 1170 1412 solstitio
1190 1385 1224 1412 ad
1246 1386 1390 1413 solstitium
1409 1395 1414 1412 :
1432 1387 1514 1421 quod,
1532 1392 1561 1414 ut
1578 1387 1683 1421 opinor.

906 1430 1031 1464 proprius
1046 1430 1070 1457 ei
1088 1431 1122 1457 sit
1138 1436 1226 1459 motus
1242 1431 1286 1458 hic
1307 1433 1340 1459 ab
1356 1437 1417 1459 ortu
1433 1441 1526 1461 versus
1540 1441 1683 1466 occasum;

906 1475 951 1502 ille
973 1476 1007 1502 ab
1033 1483 1133 1503 occasu
1156 1485 1252 1505 versus
1275 1482 1363 1504 ortum
1378 1489 1385 1511 ;
1402 1479 1464 1505 luna
1490 1486 1552 1506 vero
1577 1480 1603 1505 in
1627 1483 1684 1506 tota

905 1520 1047 1548 latitudine
1071 1521 1173 1548 zodiaci
1198 1522 1293 1549 circuli
1317 1526 1418 1550 motum
1438 1523 1511 1550 facit.
1533 1522 1604 1550 Nihil
1620 1531 1684 1550 vero

69 1564 163 1599 λειψιν
183 1565 390 1600 ὑποφερομένων
407 1565 464 1600 ἃμα
485 1564 594 1591 δύναται
609 1564 679 1591 κατὰ
694 1564 793 1596 πλάτος
810 1572 852 1590 κι-

907 1573 997 1592 eorum
1018 1574 1078 1600 qua:
1098 1567 1246 1594 secundum
1264 1567 1432 1594 relictionem
1448 1567 1582 1598 feruntur,
1604 1568 1683 1595 simul

69 1610 190 1637 νεῖσθαι*
210 1611 268 1637 ἀλλ’
282 1610 382 1645 ὀφείλει
397 1610 468 1637 κατὰ
480 1610 528 1646 τὴν
539 1610 585 1637 τοῦ
599 1610 700 1646 κόσμου
714 1611 797 1646 φορὰν
808 1610 857 1645 τὴν

72 1657 220 1691 ὑπόλειψιν
242 1655 387 1684 ποιεῖσθαι.
415 1656 533 1691 Ἐλέγχει
555 1656 583 1682 δὲ
604 1657 654 1691 τὴν
673 1655 751 1689 δόξαν
772 1655 856 1690 ψευδῆ

69 1703 252 1738 ὑπάρχουσαν
266 1702 381 1737 μάλιστα
397 1702 505 1729 πάντων
520 1703 537 1737 ἡ
550 1702 613 1737 περ)⁹
625 1702 687 1733 τοὺς
698 1702 778 1728 πέντε
791 1701 858 1728 πλά-

68 1756 158 1783 νητας
179 1748 298 1783 ἀστέρας
318 1748 434 1782 κίνησις-θ
457 1749 552 1774 ἐκεῖνοι
564 1747 618 1782 γὰρ
633 1747 676 1773 ὁτὲ
690 1747 737 1782 μὲν
750 1747 856 1773 ὑπολεί-

70 1803 172 1821 πονται
186 1793 240 1820 τῶν
260 1793 386 1821 ἀπλανῶν
401 1793 533 1829 ἀστέρων,
549 1793 594 1819 ὁτὲ
611 1793 639 1818 δὲ
662 1791 854 1828 προηγοῦνται’

69 1841 118 1867 ὁτὲ
139 1840 168 1866 δὲ
190 1839 260 1866 κατὰ
281 1840 344 1871 τοὺς
359 1840 455 1870 αὐτοὺς
472 1839 590 1874 ἀστέρας
618 1838 758 1873 μένουσιν·
784 1838 808 1864 οἱ
828 1837 856 1864 δὲ

71 1888 121 1914 καὶ
146 1886 291 1912 καλοῦνται
314 1885 467 1921 στηριγμοί.
495 1884 626 1918 Τοιαύτης
640 1883 667 1910 δὲ
682 1882 857 1918 ὑπαρχούσης

70 1931 139 1967 περὶ
159 1931 256 1962 αὐτοὺς
278 1931 328 1965 τῆς
347 1931 493 1964 κινήσεως,
516 1928 640 1964 φανερὸν,
661 1928 701 1953 ὅτι
718 1928 734 1961 ἡ
756 1927 801 1953 ἐπὶ
823 1926 857 1953 τὰ

70 1978 196 2013 ἑπόμενα
220 1977 368 2012 μετὰΰασις
386 1976 417 2002 οὐ
437 1975 539 2009 γίνεται
564 1974 634 2001 κατὰ
651 1972 799 2007 ὑπόλειψιν·
813 1972 855 1999 διὰ

71 2025 175 2056 παντὸς
192 2024 246 2059 γὰρ
263 2024 296 2050 ἂν
310 2023 492 2050 ὑπελείποντο.
511 2021 577 2048 Νυνὶ
591 2021 618 2047 δὲ
629 2020 680 2047 ἰδία
696 2020 737 2060 τις
753 2020 825 2045 ἐστιν
839 2019 855 2053 ἠ

71 2072 138 2107 περὶ
159 2071 272 2096 ἕκαστον
293 2068 476 2104 σφαιροποιία,
496 2067 557 2094 καθ’
573 2067 604 2102 ἣν
623 2067 687 2092 ποτὲ
703 2066 751 2101 μὲν
770 2066 809 2097 εἰς
821 2064 854 2091 τὰ

71 2117 196 2151 ἑπόμενα
212 2115 412 2150 μεταϐαίνουσι,
431 2114 495 2140 ποτὲ
508 2114 537 2141 δὲ
552 2114 592 2144 εἱς
608 2114 641 2139 τὰ
652 2111 853 2147 προηγούμενα,

71 2163 140 2189 ποτὲ
152 2162 181 2188 δὲ
195 2161 377 2196 στηρίζούσιν.
391 2160 468 2187 Οὕτω
477 2159 508 2195 δὴ
524 2159 571 2185 καὶ
582 2159 644 2192 περὶ
654 2158 698 2184 τὸν
711 2157 794 2192 ἥλιον.
809 2157 855 2182 καὶ

70 2207 138 2242 περὶ
150 2206 199 2241 τὴν
216 2206 329 2240 σελήνην
344 2205 396 2232 ἰδία
410 2204 453 2236 τίς
467 2205 524 2230 ἐστι
540 2203 587 2230 καὶ
609 2201 794 2238 προαιρετική,
808 2201 854 2227 καὶ

71 2253 146 2280 κατὰ
160 2253 240 2287 φύσιν
257 2253 273 2287 ή
289 2253 352 2286 περὶ
366 2251 465 2282 πλάτος
477 2250 594 2285 κίνησις,
610 2249 670 2275 καθ’
690 2249 722 2283 ἢν
745 2248 798 2274 ἀπὸ
810 2247 855 2273 δύ-

71 2308 143 2331 σεως
154 2299 197 2324 ἐπ’
209 2298 339 2332 ἀνατολὴν
356 2297 507 2332 κινούμενοι
520 2297 570 2330 τὴν
586 2295 656 2322 κατά
669 2295 768 2326 πλάτος
785 2294 855 2330 πάρ-

69 2346 131 2372 οδον
149 2343 296 2371 ποιοῦνται.
313 2343 373 2369 Ὅτι
395 2342 423 2368 δὲ
446 2342 475 2368 ού
498 2340 622 2367 δύνανται
639 2340 698 2366 καθ’
717 2338 856 2373 ὑπόλειψιν

70 2393 112 2422 εἰς
124 2389 159 2416 τὰ
175 2389 297 2424 ἑπόμενα
310 2389 363 2414 τῶν
374 2387 476 2419 ζωδίων
487 2387 536 2422 τὴν
550 2385 697 2421 μετάϐασιν
711 2384 855 2416 ποιεῖσθαι,

72 2436 191 2472 φανερὸν
206 2436 251 2462 καὶ
268 2436 300 2461 ἐκ
314 2434 361 2461 τοῦ
378 2435 415 2470 μὴ
428 2433 556 2467 ἀνάλογον
572 2433 627 2463 τοῖς
640 2431 775 2466 μεγέθεσι,
789 2429 855 2465 μηδὲ

70 2483 129 2513 τοῖς
146 2482 321 2516 ἀποστήμασι
336 2480 385 2511 τὰς
406 2479 568 2514 μεταϐάσεις
591 2477 720 2511 γίνεσθαι.
747 2477 778 2502 Et
801 2475 856 2512 γὰρ

70 2528 116 2555 διὰ
128 2527 163 2553 τὰ
176 2527 278 2562 μεγέθη
292 2526 345 2552 τῶν
359 2526 489 2561 σωμάτων
504 2523 678 2560 ὑπεφέροντο,
692 2522 855 2558 βραδυτέραν

71 2574 182 2608 ἔχοντες
195 2571 250 2598 τῶν
260 2571 386 2598 ἀπλανῶν
397 2571 517 2606 ἀστέρων
531 2570 646 2604 κίνησιν,
661 2569 714 2595 ἔδει
728 2568 854 2601 ἀνάλογον

70 2619 129 2649 τοῖς
148 2616 274 2651 μεγέθεσι
295 2617 341 2642 καὶ
364 2617 418 2646 τοῖς
442 2615 613 2649 ἀποστήμασι
631 2613 680 2645 τὰς
701 2613 854 2647 ὑπολείψεις

72 2662 206 2698 γίνεσθαι·
222 2661 258 2698 μὴ
270 2661 410 2696 γινομένου
421 2661 448 2687 δὲ
456 2661 560 2692 τούτου,
571 2660 675 2695 ἀνάγκη
686 2660 774 2694 λέγειν
786 2659 855 2686 κατὰ

73 2709 154 2744 φύσιν
167 2707 236 2735 εἶναι
250 2710 303 2740 τοῖς
315 2708 496 2743 πλανωμένοις
509 2707 623 2742 ἀστῆρσι
634 2706 682 2742 τὴν
695 2705 855 2732 ὑπεναντίαν

73 2755 190 2790 κίνησιν.
209 2754 279 2788 Ἤδη
297 2755 383 2788 μέντοι
398 2753 441 2780 διὰ
463 2753 509 2788 τὴν
528 2753 590 2779 ἰδίαν
612 2751 725 2779 ἑκάστου
746 2759 855 2778 σωαιοο-

122 2869 143 2884 ⁸⁵
159 2868 179 2902 f.
195 2866 384 2903 προκαταλαμ.

906 1614 995 1645 potest
1018 1613 1164 1639 secundum
1191 1613 1360 1641 latitudinem
1387 1615 1512 1647 moveri;
1538 1613 1584 1641 sed
1606 1614 1685 1640 debet

906 1658 1055 1684 secundum
1074 1658 1166 1685 mundi
1184 1664 1286 1685 motum
1305 1659 1472 1687 relictionem
1493 1659 1565 1685 illam
1584 1659 1683 1686 facere.

906 1702 1050 1730 Convincit
1072 1709 1161 1731 autem
1181 1705 1251 1732 hanc
1273 1706 1437 1740 opinionem,
1463 1705 1534 1740 quod
1556 1704 1622 1732 falsa
1637 1705 1684 1736 sit,

906 1750 1022 1776 maxime
1047 1750 1167 1777 omnium
1189 1755 1278 1778 motus
1299 1751 1419 1786 quinque
1440 1751 1628 1786 planetarum;
1645 1751 1683 1777 illi

905 1794 976 1820 enim
992 1794 1127 1822 interdum
1142 1795 1331 1830 relinquuntur
1344 1796 1378 1823 ab
1391 1796 1573 1823 inerrantibus
1587 1795 1682 1828 stellis,

906 1837 1040 1865 interdum
1060 1840 1215 1874 praecedunt
1237 1848 1305 1875 eas;
1327 1840 1462 1868 interdum
1485 1841 1555 1876 apud
1574 1839 1682 1867 easdem

906 1885 999 1913 stellas
1024 1890 1134 1914 manent
1160 1897 1166 1914 :
1192 1895 1252 1921 quae
1277 1887 1357 1914 etiam
1386 1887 1518 1914 stationes
1540 1891 1682 1914 vocantur.

906 1928 979 1958 Talis
994 1937 1056 1958 cum
1077 1935 1167 1960 motus
1186 1933 1221 1959 sit
1245 1933 1427 1967 planetarum,
1441 1932 1612 1960 manifestum
1629 1935 1680 1963 est,

907 1976 976 2010 quod
1001 1977 1133 2004 transitus
1149 1978 1176 2004 in
1191 1980 1383 2014 consequentia
1399 1987 1453 2006 non
1470 1980 1515 2006 ﬁat
1533 1977 1681 2006 secundum

905 2022 1080 2050 relictionem.
1098 2023 1211 2058 Semper
1227 2025 1298 2051 enim
1320 2025 1397 2059 quasi
1417 2033 1431 2051 a
1450 2028 1525 2059 tergo
1550 2024 1682 2057 relinque-

905 2071 987 2094 retur.
996 2067 1030 2094 At
1041 2076 1112 2095 nunc
1124 2069 1256 2104 cujusque
1265 2075 1305 2097 est
1316 2070 1424 2104 propria
1434 2070 1555 2104 quazdam
1566 2069 1681 2103 sphaera,

905 2113 1053 2140 secundum
1078 2121 1158 2148 quant
1182 2123 1255 2142 nunc
1277 2115 1304 2142 in
1330 2114 1525 2149 consequentia
1556 2112 1680 2144 tendunt,

904 2166 977 2186 nunc
994 2159 1020 2185 in
1039 2158 1235 2192 antecedentia,
1253 2167 1325 2186 nunc
1345 2167 1409 2186 vero
1430 2163 1493 2186 sunt
1511 2158 1679 2185 stationales.

907 2204 952 2232 Sic
970 2205 1051 2239 igitur
1067 2209 1092 2231 et
1107 2205 1172 2232 solis
1199 2208 1226 2232 et
1242 2205 1312 2232 luna;
1335 2205 1460 2240 proprius
1474 2207 1515 2231 est
1532 2203 1639 2238 aliquis,
1655 2205 1682 2230 et

906 2251 1047 2281 clectivus,
1061 2254 1088 2278 et
1109 2251 1242 2279 naturalis
1265 2251 1412 2279 secundum
1436 2250 1604 2277 latitudinem
1623 2258 1681 2277 mo-

906 2303 948 2326 ttts
961 2307 968 2331 ;
986 2299 1135 2326 secundum
1150 2306 1229 2334 quem
1245 2306 1305 2324 cum
1320 2297 1353 2325 ab
1368 2305 1465 2325 occasu
1481 2304 1577 2324 versus
1592 2300 1681 2323 ortum

905 2346 1057 2374 moventur,
1073 2342 1154 2369 simul
1179 2342 1254 2368 illum
1276 2341 1426 2368 latitudinis
1450 2345 1552 2368 motum
1566 2340 1679 2367 faciunt.

904 2387 981 2420 Quod
1005 2395 1069 2414 vero
1090 2395 1143 2414 non
1164 2387 1269 2422 possint
1292 2387 1440 2415 secundum
1462 2387 1628 2414 relictionem
1654 2387 1681 2414 in

904 2432 1096 2467 consequentia
1121 2433 1197 2467 signa
1215 2440 1385 2467 progressum
1406 2432 1505 2464 facere,
1521 2432 1603 2459 etiam
1619 2432 1680 2458 hinc

903 2483 946 2505 est
962 2478 1132 2506 manifestum
1148 2478 1220 2512 quod
1238 2486 1291 2505 non
1305 2483 1486 2513 congruenter
1500 2486 1561 2505 cum
1575 2478 1680 2513 magni-

906 2524 1059 2556 tudinibus,
1093 2532 1180 2558 neque
1209 2531 1270 2551 cum
1300 2524 1438 2552 distantiis
1464 2524 1491 2551 lii
1519 2531 1680 2558 progressus

905 2569 979 2596 fiant.
997 2569 1024 2596 Si
1046 2569 1118 2596 enim
1139 2575 1248 2604 propter
1271 2569 1470 2604 magnitudines
1482 2576 1626 2603 corporum
1640 2568 1681 2594 in-

905 2615 987 2642 ferius
1003 2619 1186 2647 moverentur,
1200 2623 1261 2642 cum
1278 2615 1394 2642 habeant
1410 2615 1553 2642 tardiorem
1576 2616 1679 2641 motum

904 2669 983 2695 quam
1001 2661 1085 2688 stellze
1100 2660 1262 2693 inerrantes,
1278 2661 1417 2694 oportebat
1428 2663 1605 2694 congruenter
1617 2665 1679 2685 cum

903 2706 1135 2741 magnitudinibus
1148 2711 1175 2734 et
1190 2715 1251 2734 cum
1268 2706 1405 2734 distantiis
1424 2705 1576 2733 relictiones
1599 2703 1655 2731 ﬁeri
1671 2711 1679 2736 ;

904 2752 955 2780 hoc
977 2761 1036 2782 cum
1061 2761 1114 2780 non
1133 2753 1188 2787 fiat,
1211 2760 1324 2781 necesse
1347 2756 1387 2780 est
1413 2751 1511 2782 dicere,
1528 2750 1677 2778 secundum
