1913 3138
241 173 294 203 S27

750 171 921 199 APPENDIX
937 169 981 197 AD
1002 168 1136 197 EUSEBll
1155 169 1360 198 CIIRONICON.

1802 165 1858 192 8‘28

243 235 369 258 naturam
393 238 454 260 esse
479 230 633 257 errantibus
648 229 736 257 stellis
759 229 926 256 contrarium
945 229 1041 256 illuml

1094 226 1162 254 οιίαν
1176 227 1319 264 διαφόρους
1345 225 1498 262 συμϐέϐηκε
1520 224 1569 256 τὰς
1596 223 1763 259 μεταϐάσεις
1783 221 1858 256 γίνε-

243 280 357 304 motum.
365 275 423 303 Jam
436 279 509 302 certe
521 279 631 310 propter
642 275 777 310 propriam
790 275 922 310 cujusque
937 276 1022 311 spha-

244 330 303 351 ntn
319 323 451 358 contingit
463 322 587 350 diversos
601 322 658 350 ﬁeri
676 330 847 358 progressus.

505 383 558 418 27
574 381 688 410 CAPUT
716 381 761 408 ιιι.

453 439 492 467 De
506 440 606 466 artibus
625 444 649 466 et
670 439 814 467 occasibus.

279 496 395 524 Mundus
415 504 477 524 cum
499 501 623 536 movetur
645 497 679 523 ab
693 501 754 523 ortu
774 504 868 524 versus
885 503 1024 528 occasum,

244 542 288 569 die
297 546 324 569 et
334 548 413 569 nocte
423 542 577 570 restituitur
588 543 622 570 ab
633 546 694 569 ortu
704 550 798 570 versus
808 546 897 569 ortum
907 552 912 569 :
921 542 947 569 in
961 550 1027 570 con-

245 587 374 614 versione
397 591 488 614 autem
516 587 608 614 mundi
631 595 725 614 omnes
743 587 828 614 stella:
852 587 974 622 quotidie
1001 590 1028 614 et

246 633 374 660 oriuntur
389 639 416 661 et
439 633 581 661 occidunt.
599 633 632 660 Et
649 637 726 661 ortus
741 633 850 668 quidem
864 638 906 660 est
921 632 1029 668 appari-

249 680 286 706 tio
299 687 382 714 supra
397 679 565 706 horizontem
579 689 587 712 ;
602 687 717 707 occasus
732 687 796 707 vero
817 684 859 707 cst
872 679 1027 710 occultatio,

249 734 310 759 quia:
332 726 455 760 quotidie
478 726 506 752 lit
536 725 607 752 infra
634 726 814 753 horizontem.
838 725 924 752 Aliter
938 729 1029 751 autem

249 771 377 798 dicuntur
398 772 518 807 ὲπιτολὴ,
542 770 588 798 καὶ
604 771 713 807 κρύψις,
731 771 758 798 id
782 775 824 798 est
838 770 981 806 apparitio,
1003 773 1030 797 et

250 818 412 850 occultatio;
433 826 494 852 quae
515 818 638 845 nonnulli
661 826 694 844 ex
710 817 860 852 ignorantia
881 816 1030 844 secundum

213 851 220 859 ’
249 861 374 888 eumdem
388 851 499 889 sensum
516 867 613 896 putant
630 863 693 889 dici.
709 851 756 888 Est
770 867 859 888 autem
871 869 968 896 magna
979 860 1031 888 dif-

1074 272 1145 300 σθαι.

1332 382 1527 409 ΚΕΦΑΛΑΙΟΝ
1544 382 1592 409 IA'.

1240 441 1308 474 Περὶ
1324 439 1479 467 ἀνατολῶν
1492 439 1539 465 καὶ
1556 436 1693 472 δυσμῶν.

1117 498 1146 525 '0
1165 499 1277 532 κόσμος,
1300 497 1458 532 κινούμενος
1483 497 1530 523 ἀπ’
1552 494 1687 529 ἀνατολῆς
1710 493 1758 519 ὲπὶ
1777 492 1859 522 δύσιν,

1077 545 1168 580 ἡμέρᾳ
1190 545 1236 571 καὶ
1255 543 1334 570 νυκτὶ
1358 542 1572 570 ἀποκαθίσταται
1595 541 1642 567 ἀπ’
1669 539 1802 573 ἀνατολῆς
1819 539 1853 563 Er.

1077 589 1219 624 ἀνατολήν.
1240 590 1283 616 Ἐν
1295 589 1323 615 δὲ
1341 589 1373 624 τῇ
1391 589 1436 615 τοῦ
1455 588 1556 623 κόσμου
1574 587 1747 622 περιστροφῇ
1764 586 1860 615 πάντες

1077 637 1102 663 oi
1118 637 1230 671 ἀστέρες
1245 635 1305 661 καθ’
1317 634 1548 670 ὲκάστηνὴμέραν
1563 634 1610 660 καὶ
1625 631 1803 659 ἀνατέλλουσι
1817 632 1860 656 καὶ

1079 681 1194 708 δύνουσι.
1213 680 1268 706 Καὶ
1279 679 1351 706 ἐστιν
1366 679 1480 714 ἀνατολὴ
1495 679 1543 714 μὲν
1559 679 1575 713 ἡ
1592 677 1652 704 καθ’
1664 677 1785 710 ἑκάστην
1800 676 1863 710 ἡμέ-

1081 734 1130 762 ραν
1152 725 1280 761 γινομένη
1300 726 1366 761 πρὸς
1380 725 1425 752 τον
1446 725 1569 760 ὁρίζοντα
1593 724 1675 758 φάσις
1691 723 1714 740 ⁴²
1724 731 1730 737 ·
1746 722 1821 752 δύσις
1836 721 1862 746 ἃ

1079 773 1095 805 ἡ
1112 770 1172 810 καθ’
1187 770 1304 805 ἑκάστην
1326 769 1430 806 ἡμέραν
1451 769 1578 804 γινομένη
1596 768 1648 794 ὑπὸ
1673 767 1720 794 τὸν
1741 766 1862 802 ὁρίζοντα

1080 815 1188 852 κρύψις.
1205 815 1309 847 Ἀλλως
1334 815 1362 842 δὲ
1383 815 1505 849 λέγονται
1532 814 1653 841 ὲπιτολαὶ
1675 814 1723 840 καὶ
1740 812 1863 847 κρύιξεες,

1081 861 1113 893 ἃς
1125 862 1190 888 ἔνιοι
1202 861 1361 894 ἀγνοοῦντες
1377 861 1447 887 κατὰ
1458 860 1511 896 τὴν
1521 860 1604 895 αὐτὴν
1621 859 1727 886 ἔννοιαν
1743 858 1863 892 ὑπολαμ-

251 908 365 935 ferentia
389 908 461 935 inter
483 909 614 944 ἀνατολήν
638 913 663 935 et
683 908 819 943 ἐπιτολήν.
841 907 966 942 Ἀνατολή
989 911 1032 934 est

1094 909 1192 936 ἱάνουσι
1210 908 1344 942 λέγεσθαι.
1359 908 1471 942 Μεγάλη
1488 907 1515 933 δέ
1530 908 1586 933 ἐστι
1602 905 1720 940 διαφορὰ
1735 904 1865 938 ἀνατολῆς

251 957 329 980 ortus
349 953 404 985 ille.
423 953 456 981 de
477 961 531 988 quo
542 954 597 988 jam
617 953 718 980 dictum
737 957 790 980 est.
812 952 846 979 At
861 952 969 987 ὲπιτολή
992 956 1033 979 est

253 999 298 1025 illa
321 998 355 1025 ad
372 999 540 1026 horizontem
561 998 705 1033 apparitio.
722 1006 783 1033 qua:
797 998 950 1026 desumitur
972 1005 1033 1024 cum

253 1043 382 1070 distantia
400 1050 415 1070 ιι
438 1043 505 1070 sole.
524 1042 623 1070 Eadem
639 1043 790 1070 ditl'erentia
806 1046 848 1070 est
862 1043 930 1070 inter
944 1042 1033 1075 δύσιν,

255 1087 282 1114 id
303 1091 344 1115 est
365 1095 503 1120 occasum,
525 1091 552 1115 et
573 1087 683 1122 κρύψιν,
700 1087 727 1114 id
751 1091 793 1115 est
814 1088 1032 1115 occultationem.

254 1134 340 1161 Aliter
356 1134 428 1160 enim
447 1134 548 1160 dicitur
568 1133 652 1165 δύσις,
676 1141 802 1166 occasus,
822 1134 869 1168 qui
889 1138 931 1161 est
946 1135 1036 1168 quoti-

255 1179 335 1205 diana
365 1178 436 1206 infra
464 1179 631 1206 horizontem
661 1179 807 1206 occultatio
832 1189 838 1206 :
870 1180 948 1207 aliter
972 1188 1036 1208 vero

254 1224 363 1260 κρύψις,
381 1225 407 1252 id
421 1229 462 1252 est
479 1225 625 1252 occultatio
657 1233 719 1260 qua:
739 1225 767 1252 lit
784 1225 866 1253 simul
885 1231 913 1253 et
937 1226 971 1253 ad
987 1226 1036 1254 ho-

255 1271 387 1298 rizontem
399 1275 426 1298 et
438 1271 471 1298 ad
482 1271 579 1299 solem.

290 1316 359 1344 Sunt
376 1321 466 1345 autem
480 1318 615 1352 cujusque
627 1317 711 1345 stellae
725 1321 802 1346 ortus
819 1318 886 1351 duo;
904 1318 949 1345 alii
964 1319 1037 1346 enim

255 1361 384 1388 dicuntur
403 1362 541 1393 matutini,
558 1361 604 1390 alii
626 1363 784 1397 vespertini.
799 1362 947 1390 Matutinus
961 1368 1038 1391 ortus

257 1413 308 1440 est,
324 1415 386 1434 cum
406 1408 488 1435 simul
503 1416 565 1435 cum
584 1409 643 1436 sole
664 1409 770 1436 oriente
786 1409 864 1436 stella
879 1409 969 1444 aliqua
983 1409 1039 1436 ori-

257 1459 313 1486 tur,
329 1459 426 1489 estque
439 1454 532 1482 eodem
548 1458 669 1489 tempore
688 1455 717 1482 in
733 1455 883 1482 borizonte.
900 1454 1039 1490 Vespcrti-

259 1506 312 1526 nus
328 1502 406 1526 ortus
417 1503 470 1531 est,
486 1507 548 1526 cum
566 1499 624 1526 sole
639 1499 782 1526 occidente
799 1500 886 1526 oritur
900 1500 978 1528 stella
990 1500 1040 1527 ali-

259 1552 313 1580 qua
330 1544 410 1572 simul
425 1545 452 1571 iu
472 1545 614 1572 horizonte
626 1545 786 1572 constituta.

296 1632 489 1660 Matutinarum
505 1637 532 1660 et
549 1633 764 1668 vcspertinorum
783 1638 891 1662 ortuum
904 1636 963 1663 duae
978 1641 1042 1664 sunt

262 1679 432 1707 dill‘erentiae.
460 1680 513 1706 Alii
536 1680 609 1707 enim
628 1687 724 1707 eorum
748 1681 805 1708 veri
825 1681 972 1716 dicuntur;
995 1683 1042 1710 alii

262 1731 436 1762 apparentes.
451 1727 512 1754 Veri
529 1734 591 1754 cum
605 1727 686 1755 simul
705 1735 799 1755 revera
816 1729 895 1756 stella
908 1729 999 1764 aliqua
1014 1730 1043 1758 in

263 1774 405 1801 horizonte
420 1774 568 1800 constituta
582 1774 680 1806 oritur,
695 1774 753 1802 sole
765 1775 869 1802 oriente
883 1785 890 1802 :
907 1780 988 1810 atque
999 1776 1044 1804 hic

262 1823 351 1853 ortus,
367 1828 421 1847 non
438 1819 546 1848 videtur
562 1824 672 1855 propter
690 1821 781 1848 radios
804 1822 880 1849 solis.
899 1821 928 1849 ln
949 1822 1044 1851 diebus

262 1871 352 1894 autem
365 1867 486 1902 proxime
501 1867 679 1910 sequentibus
693 1867 744 1898 sol,
760 1875 822 1894 cum
841 1872 935 1895 contra
951 1869 1044 1896 mundi

264 1917 368 1940 motum
394 1918 546 1944 moveatur,
566 1913 664 1940 transit
684 1913 712 1940 in
733 1915 947 1948 consequentia;
968 1915 1044 1943 stella

265 1965 329 1986 vero
348 1962 454 1985 tantum
471 1950 566 1986 'oritur
592 1962 655 1986 ante
685 1960 781 1991 solem,
802 1963 934 1994 quantum
954 1960 994 1987 sol
1018 1960 1045 1987 in

267 2005 462 2040 consequentia
474 2005 614 2032 transierit
630 2005 657 2032 in
669 2004 768 2032 diurno
779 2010 909 2040 tempore.
922 2005 1045 2034 Nondum

267 2056 358 2078 tamen
374 2054 464 2085 potest
487 2050 604 2085 spectari
629 2054 707 2077 ortus
731 2051 815 2083 astri;
834 2051 922 2078 adlmc
942 2051 1013 2078 enim
1031 2059 1046 2078 a

267 2096 325 2124 sole
346 2097 519 2123 obscuratur.
539 2095 645 2123 Rursus
660 2103 725 2122 vero
747 2097 775 2123 in
798 2096 842 2123 dic
861 2097 983 2131 proxime
1005 2105 1046 2124 se-

267 2142 360 2177 quenti
376 2142 417 2169 sol
429 2142 457 2168 in
472 2143 666 2176 consequentia
680 2142 803 2175 transiit;
820 2142 898 2170 stella
910 2151 975 2170 vero
992 2147 1049 2170 tan-

269 2192 326 2215 tum
344 2188 430 2215 oritur
446 2192 509 2215 ante
525 2188 619 2219 solem,
631 2192 762 2223 quantum
779 2187 819 2214 sol
831 2187 859 2214 in
870 2188 976 2216 duobus
992 2188 1049 2216 die-

1083 955 1130 982 καὶ
1151 955 1287 989 έπιτολῆς,
1312 953 1439 989 Ἀνατολὴ
1463 953 1511 988 μὲν
1533 953 1586 988 γάρ
1606 953 1680 979 ἐστιν
1697 954 1714 988 ἡ
1737 960 1865 987 προειρη-

1085 1001 1150 1037 μένη
1161 1009 1167 1016 ·
1185 1000 1294 1035 έπιτολὴ
1304 1001 1333 1027 δὲ
1347 1001 1363 1035 ἠ
1374 999 1501 1034 γινομένη
1516 999 1583 1034 πρὸς
1593 999 1640 1025 τὸν
1651 998 1777 1034 ὁρίζοντα
1789 998 1867 1032 φάσις

1085 1045 1154 1080 μετὰ
1170 1045 1220 1080 τῆς
1242 1045 1311 1080 πρὸς
1325 1044 1370 1071 τὸν
1386 1044 1460 1080 ἥλιον
1477 1044 1652 1075 ἀποστάσεως
1676 1042 1866 1078 ἁπολαμῦανο-

1085 1091 1163 1126 μένη.
1186 1091 1214 1117 '0
1228 1090 1256 1117 δὲ
1268 1090 1346 1122 αὐτὸς
1360 1089 1438 1124 λόγος
1451 1090 1498 1116 καὶ
1512 1090 1557 1116 ὲπὶ
1570 1089 1618 1124 τῆς
1630 1089 1745 1120 δύσεως,
1762 1089 1813 1115 καὶ

1083 1136 1133 1171 τῆς
1147 1135 1281 1172 κρύψεως.
1302 1135 1404 1167 ’Ἄλλως
1422 1136 1471 1170 μὲν
1486 1135 1540 1170 γὰρ
1557 1135 1665 1169 λέγεται
1681 1135 1759 1166 δύσις
1775 1135 1793 1169 ἡ
1811 1134 1867 1160 καθ’

1086 1182 1202 1217 ἑκάστην
1216 1182 1323 1217 ἡμέραν
1341 1181 1469 1217 γινομένη
1485 1181 1537 1208 ὑπὸ
1552 1181 1598 1207 τὸν
1617 1181 1744 1215 ὁρίζοντα
1759 1180 1867 1216 κρύῷις,

1085 1229 1172 1260 ἄλλως
1188 1228 1215 1255 δὲ
1230 1230 1246 1264 ἡ
1263 1229 1389 1265 γινομένη
1405 1228 1504 1264 κρύψις
1525 1228 1592 1264 πρὸς
1607 1228 1652 1254 τὸν
1668 1226 1798 1262 ὁρίζοντα
1817 1226 1870 1260 ἅμα

1069 1277 1133 1312 ,καὶ
1145 1277 1190 1302 τὸν
1202 1276 1286 1312 ἥλιον.

1122 1322 1182 1349 Εἰσὶ
1198 1322 1226 1348 δὲ
1248 1322 1313 1358 περὶ
1331 1322 1444 1348 ἕκαστον
1457 1320 1510 1347 τῶν
1529 1319 1653 1355 ἀστέρων
1669 1318 1794 1346 ὲπιτολαὶ
1811 1317 1868 1343 δύο-

1087 1369 1115 1395 αἱ
1130 1368 1178 1404 μὲν
1194 1367 1246 1403 γὰρ
1269 1367 1357 1394 αὐτῶν
1370 1367 1493 1401 λέγονται
1510 1365 1628 1397 έωθιναὶ,
1643 1365 1670 1391 αι
1688 1365 1716 1391 δὲ
1735 1363 1870 1398 ἑσπέριαι.

1088 1414 1142 1441 Καί
1158 1415 1231 1441 ἐστιν
1242 1413 1298 1448 ἑῴα
1315 1414 1362 1448 μὲν
1382 1413 1502 1448 ὲπιτολὴ,
1518 1413 1580 1440 ὅταν
1597 1413 1654 1447 ἅμα
1673 1411 1712 1446 τῷ
1726 1411 1796 1446 ἡλίῳ
1813 1412 1872 1437 ἀνα-

1088 1460 1204 1487 τέλλοντι
1222 1459 1400 1494 ωνανατέλλῃ
1413 1468 1455 1491 τις
1467 1459 1562 1494 ἀστὴρ,
1577 1450 1648 1485 κατὰ
1657 1458 1702 1484 τὸν
1716 1457 1800 1489 αὑτὸν
1814 1457 1871 1492 χρό-

1089 1515 1133 1533 νον
1151 1506 1293 1541 γινόμενος
1312 1505 1359 1532 ἐπὶ
1374 1504 1420 1531 τοῦ
1446 1504 1581 1540 ὁρίζοντος
1594 1512 1601 1518 ·
1626 1503 1743 1538 ὲσπερία
1762 1502 1784 1528 δ’
1804 1503 1871 1528 ἐπὶν

1053 1570 1074 1599 c
1091 1552 1211 1588 ὲπιτολὴ,
1223 1553 1287 1578 ὅταν
1301 1551 1347 1578 τοῦ
1360 1551 1435 1586 ἡλίου
1453 1550 1576 1580 δύνοντος
1590 1548 1718 1584 ἑπιτέλλῃ
1731 1557 1774 1580 τις
1790 1547 1872 1582 ἀστὴρ

1092 1597 1150 1632 ἅμα
1163 1597 1232 1624 κατὰ
1243 1596 1288 1623 τὸν
1301 1596 1425 1632 ὁρίζοντα
1437 1595 1590 1630 γενόμενος.

1126 1643 1185 1669 Τῶν
1199 1643 1227 1670 δὲ
1241 1642 1316 1678 ἑῴων
1332 1642 1378 1669 καὶ
1391 1641 1445 1668 τῶν
1460 1641 1594 1677 ἑσπερίων
1607 1639 1739 1666 ἐπιτολῶν
1750 1638 1873 1674 angor/1i

1092 1692 1144 1718 εισι
1157 1689 1213 1717 δύο,
1230 1690 1263 1716 Αἰ
1281 1689 1329 1725 μὲν
1343 1688 1396 1724 γὰρ
1413 1687 1502 1715 αὐτῶν
1518 1686 1642 1722 ἀληθιναὶ
1657 1686 1795 1720 λέγονται,
1814 1686 1841 1712 αὶ
1853 1684 1874 1710 δὲ

1093 1737 1269 1772 φαινόμεναι·
1289 1734 1413 1770 ἀληθιναὶ
1433 1734 1492 1769 μὲν,
1511 1733 1574 1760 ὅταν
1592 1732 1650 1767 ἅμα
1668 1732 1729 1758 κατ’
1751 1731 1874 1766 ἀλήθειαν

1094 1783 1140 1809 ἐπὶ
1155 1782 1201 1808 τοῦ
1220 1781 1355 1816 ὁρίζοντος
1373 1779 1517 1814 γενόμενος
1534 1778 1725 1808 ἀνατέλλοντος
1739 1776 1789 1803 τοῦ
1806 1776 1873 1811 ﬁlim

1094 1827 1273 1862 συνανατέλλῃ
1284 1835 1325 1858 τις
1341 1826 1442 1861 ἀστήρ·
1464 1825 1532 1859 αὓτη
1552 1824 1580 1851 δὲ
1591 1824 1608 1859 ἡ
1624 1823 1736 1858 amen,
1757 1822 1874 1857 ἀθεώρη-

1093 1881 1139 1904 τος
1151 1871 1255 1906 γίνεται
1267 1870 1311 1897 διὰ
1323 1870 1372 1902 τὰς
1385 1869 1471 1904 αὐγὰς
1486 1869 1532 1895 τοῦ
1548 1868 1632 1904 ἡλίου.
1653 1868 1700 1895 'Ev
1712 1868 1740 1894 δὲ
1752 1870 1816 1899 ταῖς
1828 1869 1876 1902 ἐχο-

1096 1919 1190 1954 μέναις
1203 1917 1318 1953 ἡμέραις
1335 1918 1349 1942 ὁ
1365 1916 1414 1951 μὲν
1428 1915 1513 1950 ἥλιος.
1528 1914 1695 1945 ὑπεναντίως
1712 1914 1875 1950 κινούμενος,

1096 1965 1135 1995 είς
1146 1963 1179 1990 τὰ
1193 1963 1312 1998 ἑπόμενα
1328 1961 1497 1996 μεταϐαίνει·
1509 1961 1522 1986 ό
1534 1961 1562 1986 δὲ
1576 1960 1664 1995 ἀστὴρ
1675 1960 1806 1986 τοσοῦτον
1819 1969 1876 1995 προ-

1096 2009 1233 2036 ανατέλλει
1255 2007 1301 2034 τοῦ
1320 2007 1407 2043 ἡλίου,
1424 2007 1522 2033 ὁπόσον
1534 2007 1548 2031 ὁ
1561 2005 1635 2041 ἥλιος
1653 2007 1693 2038 εἰς
1710 2005 1747 2032 τὰ
1765 2006 1876 2041 ἑπόμενα

1098 2051 1211 2090 μεταίΞῇ¹
1226 2055 1254 2080 ἐν
1269 2052 1308 2088 τῷ
1328 2052 1472 2088 ήμερησίῳ
1488 2051 1585 2086 χρόνῳ.
1603 2051 1687 2078 Οὔπω
1702 2052 1799 2086 μέντοι
1809 2051 1878 2078 δύνα-

1096 2108 1141 2126 ται
1152 2099 1321 2136 θεωρηθῆναι
1338 2099 1354 2133 ἡ
1371 2097 1417 2124 τοῦ
1431 2097 1528 2133 ἄστρον
1544 2097 1653 2132 ὲπιτολή
1663 2106 1670 2113 ·
1686 2097 1727 2123 ἑτι
1739 2097 1769 2124 δὲ
1789 2106 1877 2124 καταυ-

1098 2147 1184 2180 γεῖται
1213 2146 1264 2172 ὑπὸ
1285 2145 1333 2172 τοῦ
1355 2144 1440 2180 ἡλίου.
1454 2143 1537 2170 Πάλιν
1560 2143 1587 2170 δὲ
1603 2145 1631 2170 ἐν
1648 2143 1698 2178 μὲν
1720 2145 1754 2178 τῇ
1772 2144 1878 2178 ἐχομένῃ

1099 2193 1190 2228 ἡμέρᾳ
1199 2192 1214 2218 ὁ
1227 2192 1274 2226 μὲν
1289 2191 1362 2226 ἣλιος
1373 2191 1412 2222 εἰς
1422 2190 1456 2216 τὰ
1466 2190 1586 2225 ἑπόμενα
1598 2189 1697 2224 μετέϐη
1708 2197 1716 2204 ·
1733 2191 1747 2215 ὁ
1757 2190 1787 2216 δὲ
1803 2189 1877 2223 ἀστὴρ

270 2235 321 2262 bus
336 2242 497 2270 progressus
518 2234 578 2261 fuit.
594 2234 623 2261 ln
638 2234 735 2262 diebus
751 2234 850 2262 deinde
863 2235 992 2262 continuo
1004 2242 1041 2262 set

1098 2238 1224 2265 τοσοῦτον
1236 2237 1430 2273 προανατέλλει
1441 2236 1488 2262 τοῦ
1502 2235 1587 2271 ἡλίου,
1598 2236 1658 2262 ὅσον
1674 2236 1689 2261 ὁ
1698 2235 1778 2270 ἣλιος
1790 2237 1819 2262 ὲν
1830 2236 1878 2265 ταῖς

270 2281 416 2316 quentibus
427 2280 503 2308 stella
515 2287 622 2314 semper
637 2281 722 2315 magis
736 2280 877 2315 magisque
891 2281 1050 2316 tempestive

272 2331 333 2353 ante
348 2326 433 2353 solem
453 2326 556 2358 oriens,
573 2333 635 2353 cum
656 2329 760 2352 tantum
779 2330 895 2361 przeorta
910 2326 1004 2360 fuerit,
1020 2331 1049 2354 ut

272 2371 340 2399 astri
353 2376 429 2399 ortus
451 2375 598 2405 spectetur,
613 2379 674 2398 cum
691 2371 779 2406 ipsum
798 2371 888 2400 radios
904 2372 970 2400 solis
984 2371 1051 2400 eﬁu—

273 2418 351 2454 gerit,
369 2421 434 2444 tunc
447 2417 548 2444 dicitur
569 2418 646 2445 stella
663 2417 720 2445 haec
739 2419 902 2446 matutinum
917 2427 1051 2454 apparen-

273 2470 327 2492 tem
343 2467 433 2490 ortum
449 2463 548 2491 facere.
569 2463 654 2496 Quam
669 2465 703 2491 ob
717 2472 826 2492 causam
840 2466 920 2492 etiam
934 2465 960 2492 in
975 2466 1053 2493 tabu-

274 2511 308 2538 lis
332 2513 493 2545 apparentes
516 2515 652 2537 astrorum
673 2515 749 2538 ortus
771 2511 970 2545 praedicuntur;
990 2519 1052 2539 nam

274 2557 333 2584 veri
355 2560 432 2583 ortus
453 2559 517 2584 sunt
541 2555 699 2588 invisibiles,
724 2561 805 2591 atque
830 2557 1053 2585 inobservabiles.

275 2605 309 2631 At
326 2608 487 2638 apparentes
503 2606 591 2632 ortus.
607 2606 634 2629 et
654 2602 847 2636 praedicuntur,
863 2609 890 2630 et
906 2603 1054 2631 observan-

275 2654 330 2677 tur.
343 2649 441 2676 Eadem
457 2656 552 2676 rursus
562 2648 643 2675 etiam
658 2652 700 2675 est
712 2648 782 2674 ratio
795 2649 822 2675 in
838 2649 996 2683 vcspertinis
1012 2657 1056 2676 or-

276 2695 359 2722 tibus.
376 2693 481 2721 Etenim
496 2693 592 2720 horum
605 2693 664 2719 dua}
678 2696 742 2720 sunt
759 2693 916 2720 differentiae.
933 2703 938 2720 :
959 2694 1055 2721 horum

277 2740 349 2767 enim
363 2739 408 2766 alii
425 2739 554 2766 dicuntur
570 2738 638 2770 veri,
665 2738 710 2765 alii
730 2743 902 2773 apparentes.
919 2737 981 2766 Veri
996 2740 1056 2774 qui-

279 2785 350 2816 dem,
370 2791 431 2811 cum
454 2784 534 2812 simul
557 2791 630 2816 vere,
647 2783 796 2811 secundum
816 2784 1002 2818 praecisionem
1018 2793 1057 2812 ra-

327 2872 349 2888 "
362 2882 404 2908 π).
424 2874 519 2908 ἡὺπὲρ
534 2874 576 2900 τὸν
593 2874 716 2908 ὁρίζοντα
739 2873 899 2910 φανέρωσις.

1099 2284 1174 2310 δυσὶν
1198 2284 1313 2319 ἡμέραις
1342 2282 1515 2318 μετεκινήθη.
1545 2282 1589 2308 Ἐν
1613 2282 1640 2308 δὲ
1662 2283 1725 2313 ταῖς
1746 2282 1879 2317 ἐχομέναις

1101 2329 1217 2365 ἡμέραις
1230 2329 1274 2356 ἀεὶ
1287 2327 1334 2355 τοῦ
1348 2328 1460 2363 ἀστέρος
1473 2327 1636 2363 ὲνωρὸτερον
1656 2326 1760 2362 μᾶλλον
1781 2328 1829 2354 καὶ
1849 2327 1880 2352 ἐν·

1100 2376 1184 2411 ωροτε
1190 2383 1234 2410 ρον
1245 2373 1498 2410 προανατέλλοντος,
1514 2372 1576 2398 ὅταν
1588 2371 1715 2398 τοσοῦτον
1723 2371 1879 2406 προανατέλο

1102 2421 1145 2456 λῃ,
1158 2420 1227 2447 ὥστε
1238 2419 1406 2455 θεωρηθῆναι
1416 2419 1465 2454 τὴν
1479 2417 1526 2444 τοῦ
1541 2417 1640 2452 ἄστρου
1655 2417 1797 2453 ἐπιτολὴν,
1811 2419 1878 2444 ἐκπε-

1104 2465 1232 2500 φευγότος
1246 2464 1328 2492 αὑτοῦ
1353 2464 1402 2496 τὰς
1419 2464 1504 2499 αὐγὰς
1516 2463 1563 2490 τοῦ
1582 2463 1667 2498 ἡλίου,
1682 2463 1744 2490 τότε
1759 2462 1878 2497 ὶέγεταιό

1104 2512 1190 2548 ἀστὴρ
1205 2509 1281 2543 οὗτος
1303 2511 1371 2546 ὲῴαν
1386 2510 1550 2546 φαινομένην
1565 2510 1690 2545 ἐπιτολὴν
1710 2509 1878 2544 πεποιῆσθαι.

1105 2559 1141 2584 Δι’
1152 2558 1184 2593 ἦν
1193 2558 1280 2584 αἰτίαν
1288 2558 1334 2584 καὶ
1345 2558 1372 2583 έν
1386 2559 1441 2588 τοῖς
1450 2556 1619 2591 ψηφίσμασιν
1627 2556 1655 2582 αἱ
1666 2556 1830 2590 φαινόμεναι
1837 2554 1879 2580 τῶν

1105 2604 1211 2639 ἄστρων
1223 2603 1344 2630 ἐπιτολαὶ
1355 2602 1541 2638 προλέγονται,
1551 2602 1597 2628 καὶ
1609 2601 1841 2637 παρατηροῦνται.
1858 2601 1878 2624 'U

1105 2651 1133 2677 δὲ
1141 2651 1219 2681 αὐτὸς
1233 2650 1310 2684 λόγος
1324 2650 1370 2676 καὶ
1383 2649 1492 2676 ἐπὶτῶν
1508 2648 1642 2684 ἐσπερίων
1650 2647 1782 2674 ἐπιτολῶν
1800 2647 1877 2674 πάλιν.

1107 2697 1161 2723 Καὶ
1173 2695 1226 2730 γὰρ
1237 2695 1337 2721 τούτων
1353 2695 1477 2729 διαφοραί
1490 2695 1542 2721 εἱσι
1553 2694 1614 2720 δύο·
1629 2695 1656 2720 αἱ
1673 2694 1722 2728 μὶν
1736 2694 1790 2729 γὰρ
1802 2692 1876 2719 αὐτῶν

1107 2741 1232 2776 ἀληθιναὶ
1245 2740 1378 2774 λέγονται,
1394 2741 1421 2766 at
1442 2739 1469 2766 δὲ
1487 2739 1664 2774 φαινόμεναι’
1686 2738 1811 2773 ἀληθιναὶ
1830 2738 1876 2773 μὲν.

1108 2786 1136 2811 ὅτ
1142 2794 1173 2812 αν
1183 2785 1239 2819 ἅμα
1250 2785 1309 2812 κατ’
1320 2784 1455 2820 ἀλήθειαν,
1466 2782 1513 2810 τοῦ
1527 2783 1602 2819 ἡλίου
1615 2783 1749 2815 δύνοντος,
1769 2782 1877 2815 ἐπιτείλῃ
