1902 3143
87 164 144 192 829

611 163 729 192 GEMINI
749 160 934 191 ELEMENTA
952 162 1196 194 ASTRONOML‘E.

1654 170 1708 200 830

85 235 134 258 vt;
144 225 242 260 ἀστὴρ,
255 224 312 260 ἃμα
329 224 468 259 γινόμενος
483 225 530 251 ἰπὶ
542 224 588 251 τοῦ
602 225 738 260 ὁρίζοντος
749 225 816 259 πρὸς
826 224 875 260 τὴν

931 224 1019 257 tionis,
1034 226 1112 254 stella
1127 227 1218 262 aliqua
1234 227 1260 254 in
1286 227 1426 256 borizonte
1448 229 1596 257 constituta
1611 230 1707 263 oritur,

88 272 164 301 κατὰ
177 271 223 298 τὸν
239 271 316 305 λόγον
336 270 487 306 ἀκρίϐειαν.
502 271 557 297 Καὶ
570 267 649 297 αὗται
664 271 693 297 δὲ
710 272 738 297 αἱ
757 270 875 297 ὲπιτολαὶ

87 318 243 354 ἀθεώρητοι
258 318 376 351 γίνονται
390 316 434 343 διὰ
448 317 497 349 τὰς
519 317 604 352 αὐγὰς
619 317 665 343 τοῦ
681 317 766 352 ἡλίου.
791 317 834 342 Ἐν
847 316 875 342 δὲ

86 367 152 397 ταῖς
168 365 232 400 ἑξῆς
245 365 362 400 ἡμέραις
374 363 418 390 διὰ
429 363 477 398 τὴν
491 363 538 389 τοῦ
548 363 623 398 ἡλίου
638 363 794 398 μετάϐασιν,
813 371 874 389 συν-

86 410 254 447 αιρουμένου
271 409 317 436 τοῦ
338 410 405 445 πρὸς
420 409 465 435 τὸν
483 409 583 444 ἀστέρα
603 409 792 444 διαστήματος,
808 417 874 443 προ-

86 456 234 484 ανατὲλλει
253 455 302 490 μὲν
319 455 371 490 πρὸ
390 455 440 490 τῆς
451 455 497 481 τοῦ
514 454 588 489 ἡλίου
604 454 714 486 δύσεως,
730 453 770 480 ἔτι
785 453 813 480 δὲ
824 453 876 479 ὑπὸ

86 503 138 530 τοῦ
152 502 228 538 ἡλίου
250 501 469 537 καταυγούμενος
485 500 639 536 ἀθεώρητός
654 502 736 527 ἐστιν.
754 500 836 527 ’Ὅταν
847 500 875 526 δὲ

89 548 164 584 μετὰ
186 548 236 584 τὴν
259 548 306 574 τοῦ
318 547 393 583 ἡλίου
415 546 490 574 δύσιν
509 547 615 583 πρῶτος
632 545 808 581 ἐκπεφευγὼς
827 545 875 577 τὰς

87 595 180 629 αύγὰς
195 594 242 620 τοῦ
260 593 334 629 ἡλίου
350 593 484 628 θεωρηθῇ,
501 593 562 619 τότε
583 593 689 626 λέγεται
711 592 876 627 φαινομένην

87 641 222 676 ἐσπερίαν
235 640 360 675 ἐπιτολὴν
372 639 545 674 πεποιῆσθαι.
569 639 612 664 Ἑν
623 638 651 665 δὲ
663 640 722 670 ταῖς
734 638 876 673 ἐχομέναις

86 688 150 720 νυξὶ
167 687 366 722 μετεωρότερος
382 685 425 712 ἀεὶ
445 685 543 720 μᾶλλον
562 685 607 712 καὶ
623 684 721 719 μᾶλλον
743 684 874 718 φαίνεται.

133 731 249 767 Ὁμοίως
265 731 292 757 δὲ
308 731 353 757 καὶ
364 731 418 757 τῶν
434 730 535 756 δύσεων
548 730 674 765 διαφοραὶ
685 730 808 764 λέγονται
818 729 874 755 δύο·

88 779 119 805 αἱ
136 779 186 813 μὲν
199 777 253 813 γὰρ
267 777 356 803 αὐτῶν
373 776 438 811 ἐῷαί
456 777 534 806 εἰσιν,
555 777 582 802 αἱ
597 776 625 802 δὲ
639 776 773 811 ἑσπέριαι.
795 775 876 810 Ἑῷαι

91 825 144 860 μὲν
154 822 200 850 οὖν
214 823 335 857 λέγονται
349 822 449 854 δύσεις,
465 822 527 848 ὅταν
542 822 588 848 τοῦ
601 822 675 858 ἡλίου
689 821 876 853 ἀνατέλλοντος

87 869 159 905 δύνῃ
175 877 216 900 τις
228 869 329 904 ἀστήρ·
344 868 457 903 ὲσπερία
478 867 506 894 δὲ
523 867 597 899 δύσις
615 867 732 902 λέγεται,
748 867 811 894 ὅταν
829 866 875 893 τοῦ

89 915 169 950 ἡλίου
187 914 310 945 δύνοντος
325 914 562 950 συγκαταφέρηταί
577 922 619 945 τις
640 914 726 949 ἀστὴρ
738 913 796 948 ἅμα
806 913 877 947 γινό-

90 969 175 997 μενος
201 961 254 986 ὑπὸ
276 960 320 987 τὸν
337 961 469 996 ὁρίζοντα.
487 961 547 987 Εἰσὶ
568 960 595 986 δὲ
611 961 664 987 τῶν
685 960 759 994 ἑῴων
776 960 876 986 δύσεων

88 1007 220 1042 διαφοραὶ
239 1007 295 1035 δύο.
311 1008 343 1033 Αἰ
357 1007 404 1042 μὲν
417 1007 470 1042 γάρ
487 1008 553 1033 εἰσιν
570 1006 702 1041 ἀληθιναὶ,
723 1006 750 1032 αι
770 1006 798 1032 δὲ
815 1014 876 1040 φαι-

89 1055 203 1089 νὸμεναι
213 1062 219 1069 ’
233 1053 357 1089 ἀληθιναὶ
371 1053 430 1088 μὲν,
442 1054 503 1080 ὅταν
518 1054 565 1080 ἐπὶ
578 1053 624 1079 τοῦ
635 1053 769 1089 ὁρίζοντος
782 1052 877 1086 γένων-

88 1109 136 1127 ται
150 1100 165 1126 ὃ
181 1108 210 1126 τε
229 1099 304 1134 ἥλιος
320 1099 366 1126 καὶ
378 1100 391 1125 ὁ
404 1099 489 1135 ἀστὴρ
499 1099 590 1126 δύνων.
604 1096 688 1125 Λῖιται
700 1099 727 1125 δὲ
746 1099 773 1125 αὶ
788 1098 877 1129 δύσεις

89 1146 245 1182 ἀθεώρητοι
262 1146 380 1180 γίνονται
399 1146 442 1172 διὰ
459 1145 507 1178 τὰς
519 1146 606 1180 αὐγὰς
620 1145 666 1171 τοῦ
683 1145 767 1180 ἡλίου.
781 1145 875 1171 Φαινο-

92 1193 164 1227 μένη
177 1193 205 1219 δέ
223 1193 297 1219 ἐστιν
310 1193 364 1228 ὲῴα
373 1192 457 1224 δύσις,
470 1192 531 1218 ὅταν
544 1192 595 1227 πρὸ
605 1191 653 1227 τῆς
664 1191 710 1217 τοῦ
725 1190 799 1226 ἡλίου
813 1191 877 1217 ἀνα-

89 1238 174 1272 τολῆς
189 1238 218 1264 τὺ
233 1237 345 1273 ἔσχατον
366 1237 451 1264 δύνων
470 1238 484 1263 ὁ
503 1237 590 1273 ἀστὴρ
607 1236 742 1273 θεωρηθῇ.
763 1236 877 1271 Ὁμοίως

90 1284 121 1309 δὲ
138 1284 185 1310 καὶ
200 1284 309 1310 ἐπὶτῶν
324 1283 457 1319 ἐσπερίων
467 1283 569 1310 δύσεων
583 1283 610 1308 αἱ
621 1282 746 1318 διαφοραί
756 1283 808 1308 εἱσι
821 1281 876 1308 δύο.

90 1329 126 1355 Αἱ
142 1329 192 1363 μὲν
209 1328 263 1364 γὰρ
276 1328 366 1355 αὐτῶν
384 1329 452 1354 εἰσιν
464 1328 597 1363 ἀληθιναὶ,
617 1329 645 1353 αἱ
658 1328 685 1354 δὲ
700 1327 856 1362 φαινόμεναι
868 1335 875 1341 ·

90 1374 231 1410 ἀληθιναὶ,
251 1375 315 1401 ὅταν
329 1374 544 1410 ἀπαραλλάκτως
558 1374 604 1400 ἐπὶ
622 1374 669 1400 τοῦ
681 1373 815 1408 ὁρίζοντος
829 1373 876 1407 γέ-

92 1430 173 1456 νηται
183 1422 196 1447 ὁ
212 1421 286 1456 ἣλιος
300 1421 346 1447 καὶ
357 1422 370 1447 ὁ
381 1421 467 1456 ἀστὴρ
478 1421 626 1456 ἀμφότεροι
640 1420 760 1451 δύνοντες
770 1428 776 1433 ·
789 1419 875 1446 ἀθεώ-

93 1476 174 1503 ρητοι
186 1468 214 1494 δὲ
229 1469 275 1494 καὶ
292 1464 371 1494 αὗται
384 1468 412 1494 αἱ
427 1467 516 1499 δύσεις
534 1466 652 1501 γίνονται
668 1466 710 1493 διὰ
725 1465 773 1497 τὰς
791 1465 877 1499 αὐγὰς

91 1513 141 1540 τοῦ
162 1513 252 1548 ἡλίουσ
270 1513 429 1548 φαινόμενοι
445 1513 472 1539 δέ
484 1514 551 1539 εἰσιν
563 1512 687 1548 ἑσπέριαι
702 1512 801 1543 δύσεις,
814 1512 877 1538 ὃταν

927 272 984 298 sole
1002 273 1152 300 occidente.
1169 273 1258 307 Atque
1271 273 1297 300 hi
1315 278 1393 301 ortus
1410 278 1472 301 sunt
1487 275 1635 302 invisibiles
1645 282 1707 309 pro-

926 320 986 351 pter
999 316 1091 345 radios
1112 318 1187 344 solis.
1203 317 1231 344 l'n
1246 317 1343 345 diebus
1362 326 1426 344 vero
1441 318 1629 352 sequentibus,
1644 326 1706 345 cum

927 368 1037 397 propter
1051 363 1117 390 solis
1130 371 1305 398 progressum
1320 364 1450 391 distantia
1464 364 1524 399 ejus
1538 372 1554 391 a
1567 364 1644 392 stella
1660 364 1708 390 mi.

926 412 1037 442 nuatur,
1062 409 1141 436 stella
1160 409 1268 444 quidem
1291 410 1379 437 oritur
1402 413 1465 436 ante
1487 409 1552 437 solis
1567 417 1706 442 occasum,

927 453 1015 481 adhuc
1028 458 1119 481 tamen
1135 462 1150 481 a
1163 455 1220 482 sole
1235 454 1380 482 obscurata
1399 454 1544 483 invisibilis
1569 459 1628 483 est:
1645 462 1706 482 cttm

927 507 991 526 vero
1011 504 1073 534 post
1092 500 1158 527 solis
1176 507 1302 527 occasum
1323 501 1440 535 primum
1456 504 1602 535 conspecta
1624 499 1707 528 fuerit

926 543 1054 579 eﬂ‘ugisse
1072 545 1162 573 radios
1179 546 1256 578 solis,
1272 550 1336 573 tunc
1354 546 1456 573 dicitur
1469 551 1641 581 apparentem
1659 554 1706 574 ve-

927 589 1079 622 spertinum
1101 593 1189 616 ortum
1212 590 1311 618 facere.
1326 591 1356 617 lu
1378 592 1553 625 sequentibus
1576 599 1641 618 vero
1656 598 1706 618 no-

926 634 1015 661 ctibus
1040 643 1145 670 semper
1164 637 1251 671 magis
1271 637 1410 672 magisque
1433 637 1558 665 sublimis
1582 641 1705 672 apparet.

963 735 1094 764 Similiter
1108 737 1189 764 etiam
1206 744 1352 765 occasuum
1367 737 1427 765 duae
1441 737 1568 765 dicuntur
1581 737 1707 765 differen-

928 782 987 810 tiaa:
1004 783 1100 810 horum
1115 783 1185 810 enim
1200 784 1245 810 alii
1261 787 1326 811 sunt
1339 783 1476 817 matutini,
1491 784 1535 810 alii
1547 784 1705 818 vespertini,

927 829 1053 855 matutini
1071 837 1186 857 occasus
1203 829 1342 862 dicuntur,
1360 838 1421 857 cum
1440 831 1498 857 sole
1517 829 1621 857 oriente
1633 830 1708 856 occi-

927 873 967 900 dit
983 874 1061 901 stella
1077 874 1178 909 aliqua.
1195 874 1299 902 Dicitur
1315 876 1486 910 vespertinus
1501 883 1625 908 occasus,
1643 882 1706 902 cuin

929 920 986 946 sole
1010 920 1151 947 occidente
1178 921 1258 947 simul
1281 921 1371 956 aliqua
1394 922 1471 948 stella
1495 921 1617 949 defertur
1635 919 1707 948 inira

927 964 1104 992 horizontem.
1134 965 1203 992 Sunt
1224 969 1313 992 autem
1340 966 1533 993 matutinorum
1559 974 1707 994 occasuum

927 1009 1086 1037 diﬂ‘erentia:
1107 1010 1175 1037 duae.
1193 1011 1245 1037 Alii
1262 1011 1334 1038 enim
1349 1016 1413 1038 sunt
1433 1011 1501 1042 veri,
1518 1012 1562 1038 alii
1577 1019 1708 1046 apparen-

927 1060 968 1083 tes
982 1065 988 1082 :
1002 1056 1059 1082 vcri
1075 1056 1195 1090 quidem.
1211 1064 1273 1083 cum
1296 1056 1377 1084 simul
1397 1057 1424 1083 in
1441 1056 1582 1084 liorizonte
1604 1056 1707 1084 consti-

926 1101 978 1128 tuti
1000 1101 1100 1129 iuerint
1119 1107 1145 1129 et
1169 1103 1209 1129 sul
1238 1106 1265 1130 ct
1291 1103 1387 1135 stella;
1411 1103 1452 1130 sol
1475 1102 1583 1137 quidem
1603 1103 1705 1135 oriens,

926 1148 1004 1175 stella
1020 1156 1083 1175 vero
1103 1147 1241 1176 occidens.
1261 1148 1292 1176 Hi
1316 1152 1404 1176 autem
1420 1156 1534 1176 occasus
1556 1149 1706 1176 invisibiles

928 1197 992 1221 sunt
1008 1198 1117 1229 propter
1128 1193 1219 1221 radios
1231 1194 1315 1228 solis;
1330 1202 1463 1229 apparens
1481 1202 1545 1222 vero
1557 1193 1707 1221 matutinus

927 1247 1042 1267 occasus
1064 1244 1115 1272 est,
1132 1247 1192 1267 cum
1208 1244 1269 1267 ante
1289 1240 1355 1267 solis
1369 1245 1457 1267 ortum
1473 1244 1610 1275 postremo
1630 1240 1707 1267 stella

928 1288 1069 1318 spectatur
1085 1285 1221 1313 occidere.
1240 1284 1370 1312 Similiter
1394 1285 1474 1312 etiam
1499 1285 1527 1311 in
1546 1285 1708 1319 vespertinis

928 1331 1073 1358 occasibus
1094 1330 1155 1358 dua:
1172 1335 1236 1358 sunt
1252 1331 1421 1358 differentiae.
1443 1330 1495 1357 Alii
1517 1330 1589 1357 enitn
1611 1337 1706 1357 eorum

928 1381 992 1404 sunt
1010 1377 1076 1408 veri,
1094 1377 1139 1403 alii
1152 1380 1324 1411 apparentes.
1340 1375 1402 1403 Veri
1417 1375 1536 1410 quidem,
1552 1383 1613 1403 cum
1627 1375 1708 1402 ambo

928 1423 1038 1457 penitus
1062 1423 1088 1450 in
1110 1423 1251 1449 horizonte
1272 1422 1414 1450 constituti
1433 1421 1545 1453 iuerint,
1570 1424 1597 1447 et
1621 1421 1662 1448 sol
1680 1424 1708 1448 et

928 1469 1006 1496 stella
1023 1468 1102 1496 ambo
1119 1468 1284 1495 occidentes.
1305 1467 1459 1495 lnvisibilcs
1474 1470 1537 1493 sunt
1550 1471 1576 1493 et
1588 1466 1614 1492 hi
1632 1473 1708 1493 occa-

929 1522 976 1542 sus
992 1518 1101 1549 propter
1115 1513 1205 1541 radios
1222 1514 1298 1541 solis.
1308 1515 1475 1548 Apparentes
1490 1516 1578 1539 autem
1593 1519 1708 1539 occasus

94 1558 167 1594 μετὰ
189 1558 236 1593 τὴν
253 1558 299 1584 τοῦ
324 1557 399 1593 ἡλίου
423 1558 498 1584 δύσιν
522 1557 701 1593 ὲπικαταδύνῃ
726 1565 767 1588 τις
790 1556 877 1592 ἀστὴρ

931 1559 1076 1594 vespertini
1094 1564 1167 1592 sunt,
1182 1567 1244 1586 cuin
1261 1562 1322 1594 post
1335 1559 1390 1593 28
1400 1558 1467 1586 solis
1486 1565 1615 1584 occasum
1636 1557 1710 1584 insu-

91 1604 134 1639 τῷ
148 1604 228 1639 ἡλίῳ,
246 1603 429 1639 θεωρούμενος
445 1604 488 1638 ὑφ’
506 1603 592 1639 ἡμῶν.
611 1603 671 1630 Τῶν
685 1603 734 1638 μὲν
748 1600 794 1629 οὖν
805 1601 878 1637 ἑῴων

92 1650 226 1678 ὲπιτολῶν
246 1650 293 1678 καὶ
308 1650 408 1676 δύσεων
423 1649 554 1685 πρότερον
570 1650 687 1683 γίνονται
702 1650 729 1675 αἱ
743 1648 878 1684 ἀληθιναὶ.

93 1697 209 1732 ὕστερον
219 1696 247 1722 δὲ
262 1697 289 1722 αἱ
304 1696 462 1731 φαινόμεναι
471 1704 477 1710 ·
492 1695 547 1722 τῶν
561 1695 588 1721 δὲ
600 1695 733 1731 ἐσπερίων
749 1693 879 1721 ὲπιτολῶν

91 1751 124 1768 τε
137 1742 186 1768 καὶ
196 1742 298 1768 δύσεων
310 1741 439 1777 πρότερον
454 1742 575 1776 γίνονται
589 1742 616 1767 αἱ
626 1741 794 1775 φαινόμεναι,
806 1738 880 1766 ὕστε-

95 1797 143 1824 ρον
157 1788 185 1814 δὲ
205 1789 232 1814 αἱ
250 1788 383 1822 ἀληθιναί.
402 1787 471 1822 Ἐῴα
486 1787 535 1822 μὲν
546 1786 655 1822 ἐπιτολὴ
670 1786 724 1813 ἀπὸ
739 1786 818 1820 ἑῴας,
833 1785 879 1811 καὶ

93 1834 214 1869 ἑσπερία
231 1833 342 1869 ὲπιτολὴ
355 1834 407 1860 ἀπὸ
420 1833 550 1868 ὲσπερίας
561 1833 696 1868 ὲπιτολῆς,
708 1833 755 1859 καὶ
768 1831 879 1858 καθόλου

93 1881 152 1906 πᾶν
166 1880 197 1906 τὸ
213 1880 305 1914 ὅμοιον
320 1877 389 1909 εἶδος
405 1879 457 1905 ἀπὸ
469 1878 515 1905 τοῦ
530 1878 623 1914 ὁμοίου
636 1878 733 1910 εἴδους,
747 1879 812 1904 πᾶσι
825 1879 879 1909 τοῖς

92 1927 207 1961 ἄστροις
225 1925 257 1951 δι’
273 1924 394 1951 ἐνιαυτοῦ
416 1925 535 1959 γίνεται·
554 1925 568 1950 ὁ
585 1923 638 1960 γὰρ
658 1924 743 1958 ἥλιος,
765 1924 879 1959 ἐνιαυτῷ

91 1970 208 1998 διελθὼν
218 1970 263 1997 τὸν
273 1969 401 2002 ζωδιακὸν
417 1968 525 2001 κύκλον,
538 1969 617 1996 πάλιν
631 1969 701 1996 κατὰ
710 1969 771 2001 τοὺς
784 1969 879 2000 αὐτοὺς

92 2016 214 2052 ἀστέρας
229 2015 342 2049 γίνεται.

136 2105 208 2141 Ἐῴα
225 2106 254 2133 δὲ
268 2105 379 2140 ἐπιτολὴ
399 2105 451 2131 ἀπὸ
468 2105 598 2139 ὲσπερίας
617 2102 743 2139 ἐπιτολῆς
758 2104 814 2134 τοῖς
830 2102 879 2137 μὲν

92 2153 142 2180 ἐπὶ
156 2152 203 2179 τοῦ
228 2151 360 2184 ζωδιακοῦ
378 2151 477 2177 κύκλου
491 2150 626 2186 κειμένοις
649 2149 757 2185 ἄστροις
773 2149 805 2175 δι’
820 2149 880 2182 ἐξα-

93 2200 183 2234 μήνου
197 2198 313 2232 γίνεται,
330 2197 376 2223 καὶ
389 2196 444 2231 ἑῴα
459 2196 533 2228 δύσις
548 2196 601 2223 ἀπὸ
618 2196 747 2232 ἑσπερίοις
761 2196 862 2227 δύσεως
871 2204 877 2210 ·

930 1614 978 1641 per
991 1606 1091 1633 occidit
1104 1606 1194 1640 aliqua
1210 1606 1288 1633 stella
1303 1609 1449 1640 conspecta
1463 1612 1478 1631 a
1491 1604 1580 1631 nobis.
1596 1603 1635 1633 Ex
1649 1611 1708 1630 ma-

930 1651 1026 1678 tutinis
1042 1651 1123 1685 igitur
1135 1652 1239 1679 ortibus
1250 1655 1277 1677 et
1290 1650 1444 1680 occasibus.
1460 1649 1478 1676 ii
1495 1649 1540 1683 qui
1558 1648 1707 1679 sunt'veri,

931 1697 1006 1731 prius
1024 1696 1107 1730 ﬁunt;
1122 1697 1169 1731 qui
1191 1700 1363 1731 apparentes,
1381 1695 1527 1730 posterius.
1543 1694 1583 1720 Ex
1599 1700 1709 1728 vesper-

931 1744 997 1772 tinis
1015 1751 1079 1771 vero
1095 1743 1201 1771 ortibus
1219 1746 1247 1781 et
1261 1741 1405 1769 occasibus
1422 1741 1451 1772 ii,
1471 1740 1516 1775 qui
1539 1744 1603 1768 sunt
1624 1747 1710 1775 appa-

930 1793 1031 1822 rentes,
1051 1789 1127 1824 prius
1144 1788 1228 1821 ﬁunt;
1249 1788 1296 1823 qui
1309 1787 1376 1819 veri,
1401 1787 1546 1822 posterius.
1561 1785 1709 1814 Matutinus

930 1834 1038 1869 quidem
1055 1838 1133 1861 ortus
1144 1838 1206 1868 post
1219 1833 1392 1864 matutinum,
1407 1837 1433 1860 et
1446 1832 1615 1866 vespertinus
1631 1836 1708 1858 ortus

931 1883 992 1914 post
1008 1872 1194 1914 vespertinum
1207 1882 1296 1905 ortum
1310 1887 1316 1904 :
1331 1881 1357 1904 et
1369 1878 1395 1904 in
1414 1884 1518 1905 summa
1531 1876 1620 1903 omnis
1636 1876 1709 1902 sitni-

931 1925 964 1952 lis
981 1925 1085 1960 species
1103 1931 1117 1950 a
1139 1924 1222 1951 simili
1243 1923 1333 1958 specie
1347 1923 1472 1950 omnibus
1494 1922 1575 1949 astris
1596 1929 1644 1956 per
1659 1929 1709 1948 an-

929 1979 994 1998 num
1014 1970 1163 2004 contingit;
1180 1969 1221 1996 sol
1234 1970 1305 1996 enim
1324 1976 1414 1995 annuo
1434 1972 1553 2003 tempore
1568 1964 1707 1994 zodiacum

930 2016 1063 2045 circulum
1078 2022 1238 2050 peragrans,
1256 2022 1352 2042 rursus
1374 2013 1407 2040 ad
1422 2013 1530 2040 easdem
1548 2013 1641 2040 stellas
1661 2020 1707 2040 ac-

930 2062 1011 2090 cedit.

967 2107 1116 2135 Matutinus
1132 2111 1210 2134 ortus
1227 2114 1242 2133 a
1257 2105 1412 2141 vespertino
1428 2108 1489 2132 ortu
1504 2104 1537 2132 iis
1555 2105 1635 2132 astris
1649 2112 1709 2140 qua

931 2155 957 2182 in
973 2154 1085 2182 zodiaca
1096 2157 1159 2181 sunt
1171 2153 1233 2183 sita,
1247 2160 1293 2187 per
1303 2155 1433 2179 semestre
1444 2154 1550 2185 tempus
1560 2150 1710 2185 contingit;

932 2201 996 2228 item
1023 2200 1174 2227 matutinus
1201 2206 1315 2226 occasus
1331 2206 1346 2224 a
1369 2197 1526 2232 vespertino
1545 2203 1661 2230 occasu;
1683 2200 1711 2223 at

92 2246 152 2277 τοῖς
169 2245 197 2277 δὲ
214 2244 391 2279 βορειοτὲροις
409 2242 457 2270 τοῦ
479 2242 610 2274 ζωδιακοῦ
628 2243 727 2269 κύκλου
745 2242 877 2278 κειμένοις

932 2246 966 2274 iis
981 2246 1076 2277 astris,
1092 2253 1153 2280 qua:
1167 2249 1243 2272 extra
1259 2243 1400 2271 zodiacum
1415 2251 1511 2271 versus
1526 2243 1635 2271 boream
1648 2247 1712 2270 sunt

96 2292 208 2326 Ξστροις
222 2290 276 2325 ἑῴα
292 2289 340 2325 μὲν
356 2289 465 2325 ὲπιτολὴ
484 2289 538 2315 ἀπὸ
557 2288 686 2325 ὲσπερίας
700 2288 826 2323 ἐπιτολῆς
837 2288 880 2315 διὰ

96 2336 219 2366 πλείονος
231 2335 325 2370 χρόνου
340 2334 356 2369 ῆ
374 2333 549 2369 ἑξαμηνιαίου
568 2334 671 2367 γίνεται
682 2342 688 2349 ·
706 2334 762 2365 τοῖς
773 2333 800 2359 δὲ
814 2333 881 2368 πρὸς

94 2381 271 2417 μεσημϐρίαν
286 2380 421 2415 κειμένοις
433 2379 479 2406 τοῦ
492 2379 622 2411 ζωδιακοῦ
639 2379 738 2406 κύκλου
753 2379 808 2414 ἑῴα
821 2380 881 2405 ἑπι-

95 2426 160 2463 εολὴ
182 2427 236 2454 ἀπὸ
252 2427 380 2463 ὲσπερίας
395 2426 519 2462 ὲπιτολῆς
538 2427 571 2453 δι’
585 2426 722 2457 ἐλάττονος
740 2425 756 2461 ἦ
779 2425 880 2461 ἑξαμη-

96 2473 183 2501 ιιαίου
208 2473 304 2509 χρόνου
325 2472 438 2507 γίνεται.
462 2473 491 2499 '0
504 2472 532 2498 δὲ
553 2471 706 2502 πλεονάζων
719 2471 814 2506 χρόνος
834 2470 879 2497 τοῦ

92 2519 234 2554 ἑξαμήνου
248 2519 297 2544 οὐκ
312 2518 370 2545 ἐστι
380 2519 446 2545 πᾶσι
460 2519 516 2549 τοῖς
530 2518 638 2553 ἄστροις
649 2517 809 2553 ὡρισμένος,
823 2516 879 2543 ἀλλ’

91 2562 135 2597 οἷς
151 2565 202 2597 μὲν
226 2563 335 2596 πλείων,
352 2562 392 2595 οἷς
412 2563 439 2590 δὲ
458 2563 584 2590 ἐλάττων.
603 2564 664 2595 Τοῖς
687 2563 715 2590 δὲ
736 2563 789 2598 γὰρ
813 2563 880 2598 πρὸς

93 2612 199 2646 ἄρκτον
217 2609 261 2636 ἀεὶ
275 2608 374 2644 μᾶλλον
396 2608 532 2643 κειμένοις
549 2607 648 2634 πλείων
662 2608 704 2634 ἀεὶ
721 2608 768 2634 καὶ
781 2607 879 2634 πλείων

91 2660 108 2684 ὁ
120 2657 217 2692 χρόνος
235 2655 349 2689 γίνεται,
361 2655 404 2681 διὰ
421 2655 451 2681 τὸ
472 2653 582 2690 μείζονα
595 2655 725 2689 τμήματα
741 2654 810 2688 ὑπὲρ
828 2654 879 2689 γῆν

93 2702 228 2739 φέρεσθαι
243 2703 299 2734 τοῖς
316 2701 338 2717 ⁸⁸
355 2701 397 2728 ἀεὶ
415 2701 514 2736 μᾶλλον
534 2700 601 2736 πρὸς
617 2701 716 2736 ἄρκτον
733 2699 878 2735 κειμένοις,

93 2749 158 2780 Τοῖς
174 2748 202 2774 δὲ
214 2747 281 2783 πρὸς
298 2746 467 2782 μεσημϐρίαν
492 2746 591 2781 μᾶλλον
603 2746 735 2780 κειμένοις
758 2746 800 2772 ἀεὶ
815 2746 880 2781 μᾶλ-

93 2794 139 2821 λον
159 2798 206 2820 καὶ
228 2792 328 2828 μᾶλλον
345 2792 461 2819 ἐλάττων
478 2793 492 2818 ὁ
514 2792 606 2828 χρόνος
621 2792 735 2826 γίνεται·
755 2791 880 2820 ἐλάττονα

178 2885 199 2919 Ῑ.
218 2883 294 2915 τούς,
315 2888 340 2910 et
359 2884 508 2918 κειμένους.

934 2293 997 2323 sita,
1011 2292 1161 2319 matutinus
1177 2295 1253 2318 ortus
1276 2298 1291 2316 a
1308 2290 1462 2324 vespertino
1482 2293 1543 2316 ortu
1560 2297 1608 2325 per
1623 2289 1711 2324 majus

934 2342 1040 2372 tempus
1054 2344 1134 2372 quam
1157 2340 1286 2364 semestre
1302 2335 1452 2370 contingit;
1480 2335 1561 2362 astris
1574 2343 1639 2363 vero
1657 2335 1710 2366 his,

934 2392 994 2419 quae
1010 2387 1085 2410 extra
1100 2382 1239 2410 zodiacum
1263 2389 1359 2408 versus
1372 2380 1511 2407 meridiem
1528 2381 1615 2416 posita
1636 2385 1710 2412 sunt,

935 2429 1085 2456 matutinus
1097 2431 1174 2454 ortus
1185 2435 1199 2453 a
1216 2427 1372 2461 vespertino
1388 2430 1449 2453 ortu
1462 2433 1509 2460 per
1521 2425 1631 2453 brevius
1643 2430 1712 2452 tem-

935 2483 995 2510 pus,
1012 2482 1092 2510 quam
1115 2479 1257 2505 semestre,
1277 2473 1418 2508 contingit.
1436 2472 1554 2507 Tempus
1574 2479 1640 2499 vero
1655 2479 1713 2498 ma-

931 2523 977 2557 jus
996 2520 1120 2548 semestri
1140 2527 1192 2546 non
1209 2523 1252 2546 est
1266 2519 1392 2546 omnibus
1406 2518 1488 2545 astris
1498 2517 1648 2550 deﬁnitum,
1665 2516 1712 2544 sed

935 2569 997 2596 aliis
1013 2568 1130 2603 longius,
1144 2567 1205 2593 aliis
1217 2567 1337 2593 brevius.
1349 2565 1415 2592 Nam
1429 2565 1462 2592 iis
1478 2564 1558 2591 astris
1573 2570 1632 2598 que
1647 2570 1713 2589 sem-

935 2622 982 2649 per
991 2614 1078 2648 magis
1090 2613 1229 2648 magisque
1244 2619 1339 2640 versus
1353 2610 1562 2646 septentrionem
1574 2612 1637 2635 sunt
1649 2607 1711 2637 sita,

935 2667 1042 2694 semper
1058 2665 1168 2693 quoque
1181 2657 1269 2693 majus
1283 2657 1427 2691 majusque
1442 2661 1549 2689 tempus
1563 2653 1711 2688 contingit:

934 2714 966 2733 eo
985 2705 1058 2740 quod
1074 2712 1181 2739 semper
1195 2703 1299 2738 majora
1311 2706 1449 2737 segmenta
1461 2706 1542 2734 supra
1561 2703 1659 2725 terram
1673 2697 1713 2726 fs-

938 2757 1034 2778 rantur
1049 2751 1083 2779 iis
1100 2759 1159 2785 qua:
1172 2757 1277 2783 semper
1293 2747 1377 2782 magis
1397 2753 1490 2772 versus
1505 2743 1712 2778 septentrionem

935 2803 997 2826 sunt
1008 2798 1105 2833 posita.
1118 2797 1151 2823 At
1167 2797 1199 2823 iis
1215 2795 1294 2822 astris
1308 2801 1366 2829 quze
1390 2799 1484 2820 versus
1502 2789 1639 2818 meridiem
1656 2797 1714 2817 ma-
