1902 3143
246 161 294 189 851

757 160 927 188 APPENDIX
947 159 992 187 AD
1007 157 1142 187 EUSEBII
1161 159 1369 188 CHRONICON.

1804 157 1851 184 813

246 223 288 258 gis
301 221 450 253 declinant,
465 229 571 256 semper
589 221 674 256 magis
688 221 830 256 magisque
843 221 953 249 brevius
965 229 1025 249 eve-

1083 219 1133 255 γὰρ
1149 219 1183 247 τά
1197 221 1327 256 τμήματα
1343 220 1413 255 ὑπὲρ
1435 219 1488 253 γῆν
1508 218 1635 253 φέρονται
1659 217 1685 243 οῑ
1707 216 1774 252 πρὸς
1792 225 1850 252 μει-

248 269 289 296 nit
310 273 430 303 tempus;
452 267 536 295 stellae
563 267 635 294 enim
661 274 756 295 versus
778 267 918 294 meridiem
935 268 1029 303 positae

247 315 373 342 feruntur
387 315 414 341 in
432 313 584 341 minoribus
597 313 744 348 segmenlis
765 321 848 349 supra
866 318 976 342 terram.

282 361 382 388 Contra
398 360 432 387 iis
445 360 534 387 stellis
546 367 606 394 quae
621 364 698 387 extra
712 360 854 388 zodiaCum
870 368 966 388 versus
982 361 1031 388 bo-

247 414 321 434 ream
338 410 402 433 suut
418 405 488 436 sine,
510 409 618 440 tempus
642 405 708 432 illud
726 406 817 433 minus
838 410 880 433 est
894 406 1028 441 semestri,

246 451 318 486 quod
335 456 376 478 est
393 458 408 477 a
424 451 558 478 matutino
581 459 682 479 occasu
699 459 786 486 usque
799 452 833 479 ad
845 455 1029 487 vespertinum

247 501 348 525 ortum.
369 497 406 525 lis
419 505 482 524 vero
502 497 601 529 stellis,
620 505 680 532 quae
696 505 791 525 versus
813 498 953 526 meridiem
967 503 1030 527 sunt

247 544 354 580 positae,
372 543 462 578 majus
477 544 604 571 semestri
625 547 667 571 est
689 548 796 578 tempus
807 544 884 578 illud,
900 544 972 579 quod
988 549 1031 572 est

248 596 262 615 a
281 590 416 616 matutino
438 596 538 616 occasu
562 597 649 623 usque
670 589 702 616 ad
722 591 906 624 vespertinum
929 595 1028 618 ortum.

249 633 374 662 Varietas
387 639 477 662 autem
489 639 643 670 temporum
660 635 806 670 respondet
817 636 956 664 distantiis
967 637 1031 664 stel-

248 679 336 706 larum
353 687 368 706 a
387 679 499 706 zodiaca
517 679 631 713 circulo,
653 680 802 707 secundum
829 685 1029 715 segmentorum

247 726 418 758 varietatem,
435 733 495 760 quae
512 733 594 760 supra
604 729 705 753 terram
717 726 752 753 ab
762 725 902 753 horizonte
918 726 1030 753 interci-

247 771 369 806 piuntur.

283 828 376 855 Stellis
395 828 429 856 iis
444 837 504 863 quze
526 829 554 856 in
571 828 684 856 zodiaco
713 829 816 856 circulo
836 833 900 857 sunt
916 829 975 856 siue
994 819 1031 857 si?

1080 266 1199 302 ημὸρίαν
1212 266 1324 300 ἀστέρες
1337 265 1465 300 κείμενοι.

1119 366 1265 394 Ἀνάπαλιν
1277 365 1305 392 δὲ
1313 366 1369 396 τοῖς
1379 364 1447 399 πρὸς
1455 364 1553 399 ἄρκτον
1564 363 1700 398 κειμένοις
1709 361 1757 388 τοῦ
1767 361 1853 394 ζωδια-

1080 413 1128 439 κοῦ
1138 412 1236 439 κύκλου
1250 410 1367 437 ἐλάττων
1378 409 1436 436 ἐστὶ
1449 409 1543 444 χρόνος
1554 408 1688 443 ἑξαμήνου
1702 407 1717 433 6
1731 407 1784 434 ἀπὺ

1079 458 1180 488 δύσεως
1204 456 1298 491 μέχρις
1320 454 1449 490 ἐσπερίας
1473 453 1615 488 ἐπιτολῆς’
1633 453 1656 468 ⁸⁵
1671 454 1728 484 τοῖς
1749 453 1777 479 δὲ
1794 453 1855 487 πρὸς

1081 502 1254 538 μεσημϐρίαν
1266 501 1366 527 πλείων
1377 501 1392 527 ὁ
1408 500 1502 535 χρόνος
1513 499 1647 534 ἑξαμήνου
1664 499 1719 525 ἀπὸ
1735 498 1802 534 ἑῴας
1814 499 1853 525 δύ-

1081 557 1148 580 σεως
1168 548 1263 583 μέχρις
1290 546 1419 581 ἑσπεριας
1443 545 1577 580 ὲπιτολῆς.
1599 545 1631 571 Ἦ
1649 545 1678 571 δὲ
1702 545 1855 579 παραλλαγή

1080 593 1133 620 τῶν
1152 592 1254 628 χρόνων
1268 591 1421 622 ἀκολούθως
1434 590 1538 624 γίνεται
1548 591 1607 620 ταῖς
1621 589 1786 625 προστάσεσι
1802 591 1856 620 ταῖς

1080 638 1134 665 ἀπὸ
1148 638 1195 664 τοῦ
1215 635 1348 669 ζωδιακοῦ
1365 635 1465 662 κύκλου
1489 634 1559 661 κατὰ
1571 635 1619 669 τὴν
1641 634 1696 659 τῶν
1714 634 1856 668 τμημάτων

1081 683 1258 719 παραλλαγὴν
1283 681 1337 708 τῶν
1360 681 1430 717 ὑπὲρ
1452 680 1504 715 γῆν
1523 679 1788 714 ἀπολαμϐανομένων
1810 679 1857 705 ὑπὸ

1079 729 1127 756 τοῦ
1143 727 1288 764 ὁρίζοντος.
1352 726 1357 731 ’

1116 832 1178 864 Τοῖς
1194 831 1222 858 δὲ
1246 831 1293 857 ἐπὶ
1309 829 1354 856 τοῦ
1375 815 1628 862 ζωδιακοῦ-κύκλου
1650 829 1786 864 κειμένοις
1806 829 1858 863 ἅμα

247 874 303 901 mul
320 873 453 909 contingit
470 874 623 901 matutinus
648 878 725 902 ortus
751 878 778 901 et
794 875 965 906 vespertinus
982 882 1027 902 oc-

1083 878 1183 912 γινεται
1199 877 1253 912 ἑῴα
1278 875 1386 910 ὲπιτολὴ
1405 875 1452 902 καὶ
1475 875 1590 911 ἑσπερια
1613 874 1698 906 δύσις,
1716 875 1764 901 καὶ
1785 875 1858 901 πάλιν

247 927 338 951 casus,
356 924 383 946 et
399 928 496 947 rursus
523 920 603 947 simul
620 920 770 948 matutinus
790 928 905 948 occasus
940 924 966 948 et
983 929 1024 948 ve-

248 965 386 1000 spertinus
401 969 488 994 ortus.
513 965 637 1001 Reliquis
653 966 735 994 astris
758 974 814 993 non
830 967 910 993 simul
932 966 1028 1001 praedi-

248 1015 299 1039 ctae
314 1013 418 1047 species
434 1012 627 1048 perﬁciuntur;
644 1013 690 1041 sed
709 1013 749 1040 hae
763 1013 867 1040 variant
880 1013 1029 1040 secundum

248 1061 380 1093 tempora,
401 1066 462 1085 cum
475 1059 559 1086 stella:
572 1059 689 1086 habeant
704 1059 865 1086 circularem
880 1063 983 1085 motum
996 1059 1029 1086 ab

249 1108 309 1131 ortu
324 1113 420 1133 versus
436 1113 575 1133 occasum.
597 1106 662 1139 Quae
681 1106 754 1134 enirn
776 1114 870 1134 eorum
893 1112 1028 1134 astrorum

248 1151 299 1178 sita
317 1155 380 1179 sunt
397 1152 423 1178 in
441 1152 545 1179 circulo
560 1153 757 1187 aequinoctiali,
781 1153 913 1188 aqualem
927 1153 1029 1180 habent

248 1205 359 1224 cursum
384 1205 467 1232 supra
485 1202 598 1230 terram,
614 1202 641 1225 et
659 1198 729 1225 inira
749 1203 867 1232 terram;
889 1199 1029 1233 aequaliter

247 1241 319 1268 enim
336 1246 445 1269 secatur
457 1243 658 1278 aequinoctialis
676 1243 799 1271 circulus
812 1243 847 1270 ah
865 1244 1004 1271 horizonte
1020 1252 1026 1270 :

247 1294 307 1321 qua:
333 1294 398 1314 vero
426 1291 500 1314 astra
523 1292 599 1314 extra
624 1288 841 1322 :equinoctialem
867 1296 963 1315 versus
983 1288 1029 1315 ho-

247 1339 320 1359 ream
335 1337 398 1360 sunt
412 1333 474 1366 sita,
492 1333 548 1360 hzec
562 1334 658 1367 majori
672 1337 793 1369 tempore
809 1333 933 1361 feruntur
946 1341 1029 1368 supra

247 1379 417 1407 horizontem
433 1400 440 1412 ,
466 1380 572 1408 minore
603 1385 724 1416 tempore
748 1373 819 1407 infra
848 1380 1027 1408 horizontem.

247 1425 373 1454 Omnium
402 1427 474 1454 enim
497 1427 664 1454 circulorum
704 1427 731 1453 in
753 1427 854 1461 quibus
884 1432 1030 1455 moventur

248 1472 401 1500 inerrantes
420 1469 515 1504 stellae,
543 1474 648 1508 majora
671 1477 808 1507 segmenta
830 1481 912 1508 supra
928 1477 1026 1500 terram

247 1519 459 1553 intercipiuntur
472 1519 506 1546 ab
520 1518 673 1551 horizonte,
688 1519 794 1546 minora
811 1527 874 1547 vero
890 1519 959 1546 infra
973 1524 1028 1547 ter-

247 1572 318 1595 ram,
329 1568 439 1599 propter
450 1564 627 1592 elevationem
641 1565 709 1600 poli;
722 1573 783 1600 qua:
795 1573 858 1592 vero
870 1569 943 1592 astra
951 1570 1025 1592 extra
1040 1563 1062 1591 ε

247 1608 465 1644 :equinoctialem
490 1617 586 1637 versus
605 1610 745 1637 meridiem
776 1614 840 1638 sunt
874 1611 973 1646 posita,
998 1619 1030 1637 ea

247 1656 381 1682 minorem
408 1655 508 1683 habent
533 1659 635 1682 motum
662 1663 744 1691 supra
766 1660 877 1690 terram,
900 1657 1029 1690 majorem

248 1700 320 1728 infra
343 1705 455 1728 terram.
483 1701 590 1728 Rursus
616 1702 688 1728 enim
710 1702 846 1729 australes
869 1701 975 1733 circuli,
1002 1702 1029 1729 in

248 1747 349 1782 quibus
360 1747 511 1774 inerrantes
527 1747 612 1774 stellae
621 1747 757 1778 feruntur,
770 1747 875 1774 minora
891 1752 1029 1782 segmenta

247 1793 348 1821 habent
366 1800 448 1827 supra
473 1796 586 1825 terram,
607 1793 711 1827 majora
727 1792 800 1820 infra
821 1797 933 1820 terram.
955 1792 1029 1821 Talis

247 1846 308 1866 cum
323 1838 359 1866 sit
372 1842 472 1868 motus.
491 1838 676 1866 inerrantibus
697 1839 791 1870 astris,
815 1839 904 1866 evenit
932 1844 960 1866 ut
975 1847 1029 1866 non

247 1882 339 1909 omnia
366 1890 426 1917 qua:
448 1882 529 1910 simul
549 1883 677 1910 oriuntur
703 1883 784 1910 simul
798 1884 878 1910 etiam
894 1884 1029 1917 occidant,

247 1927 294 1955 sed
310 1935 342 1955 ex
358 1926 391 1955 iis
409 1935 468 1963 quae
483 1928 562 1955 simul
578 1929 702 1956 oriuntur
720 1936 752 1955 ea
776 1937 836 1964 qua:
858 1929 945 1964 magis
965 1933 1030 1957 sunt

248 1974 378 2001 australia
404 1981 511 2009 semper
528 1975 604 2009 prius
622 1974 760 2007 occidant,
782 1983 815 2002 eo
835 1975 908 2010 quod
924 1975 1029 2002 minora

248 2023 386 2054 segmenta
411 2020 530 2047 habeant
547 2028 629 2057 supra
649 2024 768 2052 terram;
794 2020 922 2048 similiter
941 2029 1030 2056 neque

246 2073 277 2092 ea
288 2073 348 2099 quae
364 2065 444 2093 simul
462 2066 600 2099 occidunt,
622 2066 702 2093 simul
727 2066 808 2093 etiam
830 2066 965 2098 oriuntur,
982 2067 1028 2094 sed

247 2117 279 2136 ex
295 2110 328 2137 iis
344 2117 374 2137 ea
390 2118 449 2145 quae
463 2114 527 2137 sunt
544 2111 630 2146 magis
646 2111 777 2143 borealia,
796 2113 871 2146 prius
891 2112 1027 2143 oriuntur,

247 2163 279 2182 eo
289 2155 360 2190 quod
371 2155 440 2182 infra
450 2155 618 2183 horizontem
631 2156 736 2183 minora
747 2157 866 2185 habeant
878 2162 1026 2192 segmenta.

247 2199 354 2228 Rursus
376 2208 462 2235 neque
479 2209 511 2228 ea
526 2209 586 2236 quae
605 2203 680 2237 prius
692 2203 827 2233 oriuntur,
847 2203 928 2230 etiam
951 2203 1026 2238 pr-ius

248 2244 394 2278 occidunt;
414 2245 460 2272 sed
480 2236 714 2279 quaedamreorum
728 2255 788 2282 qua
804 2248 880 2282 prius
891 2236 1025 2280 oriuntur,
1045 2236 1065 2263 θ

249 2290 329 2317 simul
342 2291 420 2318 etiam
439 2291 582 2324 occidunt;
602 2291 725 2326 quedam
742 2300 805 2319 vero
822 2293 967 2327 posterius.
983 2291 1027 2319 Si-

249 2336 348 2363 militer
371 2345 465 2364 eorum
488 2345 549 2372 qua:
572 2338 647 2372 prius
667 2338 803 2370 occidunt,
827 2338 948 2374 quaedam
974 2347 1027 2365 non

249 2383 374 2410 oriuntur
397 2383 485 2418 prius,
510 2383 556 2410 sed
582 2383 662 2410 simul
688 2383 812 2410 oriuntur
839 2388 865 2411 ct
882 2383 1026 2416 occidunt,

248 2428 300 2455 alia
314 2429 402 2464 prius,
427 2429 480 2456 alia
498 2429 644 2463 posterius.
671 2428 834 2456 Mentionem
859 2429 923 2456 facit
941 2434 966 2456 et
984 2429 1028 2456 ho-

249 2482 307 2501 rum
326 2482 358 2501 ex
372 2478 448 2509 parte
463 2474 572 2505 Aratus,
592 2481 653 2500 cum
666 2474 704 2501 sic
720 2473 807 2508 inquit
830 2483 835 2500 :

250 2530 301 2557 Sed
316 2538 416 2564 semper
430 2530 533 2557 Taurus
550 2530 661 2557 velocior
674 2530 773 2564 Auriga

251 2565 282 2592 In
301 2565 411 2598 alteram
425 2570 525 2600 partem
541 2565 703 2598 descendere,
722 2566 780 2592 licet
797 2566 877 2592 siam!
891 2565 1024 2592 ascendat.

284 2623 311 2650 In
327 2623 370 2651 his
392 2623 464 2650 enim
485 2622 582 2658 inquit,
609 2622 727 2650 Taurum
749 2622 828 2650 simul
847 2629 908 2648 cum
929 2622 1026 2656 Auriga

248 2673 350 2700 crtum,
367 2668 444 2703 prius
469 2672 557 2695 tamen
577 2668 710 2695 occidere.
728 2666 769 2692 Fit
789 2670 877 2692 autem
896 2666 946 2692 hoc
970 2675 1028 2700 pru-

249 2718 309 2749 pter
325 2719 524 2749 segmentorum
545 2721 697 2744 excessum,
713 2713 740 2738 in
756 2711 854 2746 quibus
877 2719 958 2746 supra
980 2718 1028 2740 lcr-

250 2766 318 2790 ram,
340 2763 369 2788 et
392 2759 462 2786 infra
486 2763 585 2786 terram
610 2758 761 2784 inerrantes
786 2757 870 2785 stellae
894 2757 1025 2785 feruntur.

251 2803 364 2838 Propter
394 2805 462 2831 hanc
495 2807 583 2830 autem
609 2802 741 2837 sphaaram
770 2811 822 2829 non
849 2803 938 2830 Omnia
955 2808 1027 2831 astra

269 2869 290 2883 “
306 2868 366 2897 llaec
381 2869 511 2897 desuntin
526 2868 671 2896 veteribus.

1083 924 1139 959 ἅμα
1156 922 1210 958 ἑῴα
1222 923 1297 954 δύσις
1312 922 1358 949 καὶ
1372 921 1485 956 ἐσπερία
1505 921 1625 956 ὲπιτολή.
1641 921 1704 952 Τοῖς
1719 920 1749 947 ἃ
1762 921 1858 952 λοιποῖς

1082 969 1191 1004 ἄστροις
1208 968 1256 1002 οὐχ
1276 967 1333 1002 ἅμα
1349 966 1382 992 τὰ
1404 965 1589 1001 προειρημένα
1607 965 1664 998 εἴδη
1685 966 1856 992 ἐπιτελεῖται·

1082 1014 1149 1040 ἀλλά
1160 1013 1311 1040 διαλλάσσει
1326 1011 1395 1038 κατὰ
1407 1011 1470 1042 τοὺς
1490 1011 1611 1045 χρόνους.
1626 1010 1680 1037 τῶν
1691 1011 1812 1046 ἀστέρων
1824 1019 1860 1038 κι-

1083 1060 1218 1095 νουμένων
1240 1058 1383 1092 ἐγκύκλιον
1403 1057 1488 1093 φορὰν
1503 1056 1556 1083 ἀπὸ
1572 1057 1710 1083 ἀνατολῶν
1722 1058 1768 1084 ἐπὶ
1779 1057 1858 1084 δύσιν.

1084 1105 1153 1131 Ὀσα
1171 1104 1220 1140 μὲν
1232 1102 1278 1131 οὖν
1293 1103 1382 1130 αὐτῶν
1396 1103 1442 1129 ἐπὶ
1457 1101 1503 1128 τοῦ
1519 1103 1676 1138 ἰσημερινώ
1693 1103 1793 1130 κύκλου
1807 1106 1858 1130 κεί-

1082 1159 1136 1183 ται,
1153 1151 1198 1177 τὸν
1216 1150 1271 1176 ἴσον
1283 1149 1381 1185 δρόμον
1398 1148 1466 1183 ὑπὲρ
1482 1147 1533 1182 γῆν
1548 1149 1660 1183 φέρεται
1674 1150 1721 1175 καὶ
1738 1149 1790 1175 ὑπὸ
1801 1149 1857 1183 γῆν·

1082 1197 1259 1231 διχοτομεῖται
1286 1195 1339 1230 γὰρ
1353 1196 1366 1221 ὁ
1383 1195 1538 1231 ἰσημερινός
1556 1195 1654 1227 κύκλος
1677 1195 1730 1222 ὑπὸ
1749 1195 1795 1222 τοῦ
1809 1195 1860 1230 ὀρί-

1083 1242 1173 1274 ζοντος
1184 1251 1190 1257 ’
1205 1243 1254 1268 ὅσα
1266 1241 1294 1268 δὲ
1317 1241 1370 1268 τῶν
1385 1241 1492 1277 ἄστρων
1513 1242 1581 1277 πρὸς
1600 1241 1699 1278 ἄρκτον
1717 1243 1805 1268 κεῖται
1818 1241 1861 1268 τοῦ

1084 1288 1240 1323 ἰσημερινοῦ
1262 1287 1371 1318 κύκλου,
1385 1286 1472 1312 ταῦτα
1495 1286 1606 1314 πλείονα
1620 1287 1669 1321 μὲν
1681 1287 1776 1321 χρόνον
1797 1286 1863 1320 ὑπὲρ

1082 1333 1133 1368 γῆν
1148 1333 1269 1369 φέρεται,
1293 1333 1421 1360 ἐλάττονα
1434 1333 1462 1360 δὲ
1477 1333 1528 1360 ὑπὸ
1542 1333 1604 1369 γῆν.
1624 1334 1736 1360 Πάντων
1752 1334 1806 1369 γὰρ
1817 1334 1860 1360 κν-

1083 1379 1163 1410 κλων,
1180 1379 1240 1406 καθ’
1251 1376 1288 1406 ὦν
1300 1379 1427 1414 φέρονται
1439 1380 1462 1405 οἱ
1477 1379 1605 1411 ἀπλανεῖς
1617 1379 1740 1414 ἀστέρες,
1757 1379 1864 1414 μείζονα

1083 1426 1133 1460 μὲν
1148 1426 1279 1461 τμήματα
1294 1425 1364 1460 ὑπὲρ
1379 1424 1430 1459 γῆν
1450 1424 1669 1460 ἀπολαμϐάνεται
1686 1424 1739 1451 ὑπὸ
1755 1424 1801 1451 τοῦ
1813 1425 1865 1459 ὁρε-

1082 1471 1182 1503 ζοντος,
1203 1471 1330 1497 ἐλάττονα
1345 1470 1373 1497 δὲ
1391 1471 1443 1496 ὑπὸ
1459 1471 1519 1506 γῆν,
1533 1470 1576 1498 διὰ
1592 1471 1622 1496 τὺ
1634 1470 1740 1505 ἐξαρμα
1760 1470 1807 1496 τοῦ
1822 1471 1866 1496 πύ-

1082 1516 1137 1543 λου.
1157 1517 1226 1543 Ὅσα
1250 1517 1279 1543 δὲ
1291 1517 1344 1543 τῶν
1371 1516 1477 1552 ἄστρων
1493 1517 1560 1552 πρὸς
1584 1517 1757 1553 μεσημϐρίαν
1781 1520 1866 1544 κεῖται

1078 1562 1124 1590 τού
1136 1563 1290 1598 ἱσημερινοῠ
1304 1562 1415 1594 κύκλου,
1429 1563 1555 1590 ἐλάττονα
1570 1563 1617 1598 μὲν
1628 1564 1714 1598 φορὰν
1735 1564 1806 1598 ὑπὲρ
1818 1565 1866 1598 γῆν

1082 1609 1203 1644 φέρεται,
1218 1609 1326 1636 πλείονα
1338 1609 1366 1635 δὲ
1381 1609 1434 1635 ὑπὸ
1448 1609 1508 1644 γῆν.
1522 1609 1605 1636 Πάλιν
1618 1609 1671 1644 γὰρ
1682 1609 1736 1635 τῶν
1749 1609 1865 1638 κύκλων,

1081 1655 1140 1682 καθ’
1157 1653 1194 1681 ὧν
1221 1656 1347 1691 φέρονται
1363 1656 1386 1681 οἱ
1406 1655 1533 1687 ἀπλανεῖς
1557 1655 1671 1690 ἀστέρες
1687 1656 1711 1681 οἱ
1733 1656 1780 1681 ἐπὶ
1805 1664 1867 1689 μετ-

1080 1701 1199 1736 ημΰρίαν
1214 1701 1344 1735 κείμενοι,
1368 1700 1497 1727 ἐλάττονα
1515 1700 1564 1735 μὲν
1585 1701 1715 1735 τμήματα
1731 1701 1804 1735 ὑπὲρ
1818 1701 1868 1734 γῆν

1080 1746 1179 1781 ἔχουσι,
1199 1746 1308 1781 μείζονα
1328 1746 1356 1772 δὲ
1372 1745 1425 1772 ὑπὸ
1439 1745 1500 1780 γῆν.
1523 1745 1656 1780 Τοιαύτης
1667 1745 1695 1770 δὲ
1710 1746 1798 1780 φορᾶς
1813 1746 1866 1776 τοῖς

1079 1793 1226 1819 ἀπλανέσιν
1241 1793 1350 1828 ἄστροις
1366 1791 1551 1827 ὑπαρχούσης,
1566 1791 1708 1826 συμϐαίνει
1725 1791 1764 1826 μὴ
1779 1792 1867 1818 πάντα

1079 1839 1112 1866 τὰ
1141 1839 1199 1874 ἅμα
1230 1838 1406 1866 ἀνατέλλοντα
1431 1838 1478 1864 καὶ
1495 1838 1552 1873 ἅμα
1581 1837 1680 1867 δύνειν,
1713 1837 1784 1864 ἀλλά
1815 1838 1867 1863 τῶν

1079 1885 1136 1920 ἆμα
1160 1885 1356 1912 ἀνατελλόντων
1372 1885 1414 1911 ἀεὶ
1435 1883 1469 1911 τὰ
1485 1884 1553 1920 πρὸς
1571 1884 1747 1919 μεσημϐρίαν
1767 1884 1867 1918 μᾶλλον

1079 1931 1167 1958 αὐτῶν
1190 1931 1302 1966 κείμενα
1330 1931 1461 1966 πρότερον
1492 1930 1589 1962 δύνειν,
1621 1930 1665 1956 διὰ
1682 1930 1713 1956 τὺ
1738 1930 1866 1956 ἐλάττονα

1079 1978 1208 2013 τμήματα
1235 1978 1304 2012 ὑπὲρ
1321 1977 1372 2012 γῆν
1401 1976 1547 2012 φέρεσθαι·
1571 1976 1670 2012 ὁμοίως
1692 1976 1719 2002 δὲ
1749 1975 1812 2002 οὐδὲ
1835 1975 1867 2001 τά

1079 2023 1137 2058 ἃμα
1157 2023 1267 2050 δύνοντα
1282 2023 1338 2058 ἅμα
1363 2023 1410 2049 καὶ
1426 2022 1575 2053 ἀνατέλλει,
1595 2022 1662 2049 ἀλλά
1682 2022 1717 2048 τὰ
1732 2022 1802 2057 πρὸς
1821 2023 1867 2054 ἀρ-

1079 2078 1141 2096 κτον
1152 2069 1240 2096 αὐτῶν
1258 2069 1356 2104 μᾶλλον
1372 2069 1486 2104 κείμενα
1501 2069 1632 2104 πρότερον
1648 2068 1804 2099 ἀνατέλλει,
1826 2068 1868 2093 διὰ

1077 2116 1107 2142 τὺ
1122 2115 1248 2142 ἐλάττονα
1270 2116 1400 2150 τμήματα
1422 2115 1474 2141 ὑπὸ
1489 2114 1541 2149 γῆν
1565 2114 1704 2149 φέρεσθαι.
1731 2114 1820 2141 Πάλιν
1841 2114 1867 2140 δὲ

1077 2162 1137 2189 οὐδὲ
1151 2162 1185 2188 τὰ
1202 2163 1332 2198 πρότερον
1354 2161 1531 2188 ἀνατέλλοντα
1552 2161 1598 2188 καὶ
1617 2161 1751 2196 πρότερον
1773 2161 1866 2187 δύνει·

1079 2206 1144 2233 ἀλλὰ
1163 2207 1223 2233 τινὰ
1240 2207 1288 2242 μὲν
1306 2207 1359 2233 τῶν
1376 2207 1505 2242 πρότερον
1524 2206 1719 2232 ἀνατελλόντων
1741 2206 1802 2241 ἅμα
1821 2207 1868 2232 καὶ

1078 2252 1159 2283 δύνει,
1178 2253 1237 2279 τινὰ
1251 2253 1278 2279 δὲ
1296 2252 1417 2287 ὕστερον.
1437 2252 1552 2286 Ὀμοῑως
1564 2252 1592 2278 δὲ
1605 2252 1652 2278 καὶ
1666 2251 1720 2278 τῶν
1732 2253 1868 2287 πρότερον

1077 2298 1206 2325 δυνόντων
1223 2297 1284 2324 τινὰ
1310 2298 1357 2333 μὲν
1379 2298 1408 2323 ού
1427 2296 1629 2332 προανατέλλει,
1652 2297 1710 2323 ἀλλ’
1733 2297 1795 2332 ἄμα.
1819 2298 1868 2332 μὲν

1077 2344 1215 2370 ἀνατέλλει
1231 2345 1278 2370 καὶ
1292 2344 1374 2376 δύνει,
1389 2344 1423 2370 τὰ
1437 2344 1485 2379 μὲν
1499 2344 1640 2379 πρότερον,
1652 2344 1686 2370 τὰ
1699 2343 1729 2370 δὲ
1741 2344 1866 2379 ὕστερον.

1078 2389 1248 2425 Μνημονεύει
1264 2390 1291 2416 δὲ
1308 2389 1466 2416 καὶτούτων
1481 2390 1527 2416 ἐπὶ
1544 2389 1625 2416 ποσὸν
1645 2390 1764 2424 ’Ἄρατος
1780 2390 1868 2423 λέγων

1076 2444 1162 2467 ουτως
1171 2444 1177 2450 ·

1083 2536 1157 2562 Ἀλλ’
1171 2535 1227 2562 αἰεὶ
1250 2535 1357 2568 Ταῦρος
1370 2533 1604 2569 προφερέστερος
1626 2535 1772 2569 Ἡνιόχοιο

1076 2571 1128 2603 Εἰς
1146 2570 1251 2604 ἑτέρην
1272 2569 1443 2603 καταϐῆναι,
1462 2570 1614 2603 όμηλυσίῃ
1642 2577 1697 2603 περ
1715 2570 1866 2596 ὰνελξτίίιν.

1118 2624 1160 2649 Ἐν
1174 2623 1228 2659 γὰρ
1238 2624 1340 2655 τούτοις
1352 2623 1432 2658 φησὶν
1443 2623 1499 2657 ἅμα
1512 2623 1557 2649 τὸν
1574 2623 1680 2658 Ταῦρον
1690 2624 1729 2660 τῷ
1750 2623 1868 2656 Ἧειιᾶχῳ

1077 2669 1252 2695 ἀνατείλαντα
1271 2668 1399 2704 πρότερον
1418 2668 1515 2695 δύνειν.
1533 2668 1639 2695 Γίνεται
1655 2669 1683 2695 δὲ
1699 2668 1773 2695 οὕτω
1792 2669 1868 2702 περὶ

1076 2715 1124 2750 τὴν
1137 2715 1189 2742 τῶν
1204 2714 1353 2750 τμημάτων
1366 2715 1510 2750 ὑπεροχὴν,
1523 2711 1559 2741 ὧν
1572 2715 1642 2750 ὑπὲρ
1654 2716 1706 2749 γῆν
1723 2715 1866 2750 φέρονται.

1077 2762 1123 2788 καὶ
1140 2761 1192 2788 ὑπὸ
1208 2761 1259 2796 γῆν
1273 2762 1297 2788 οἱ
1310 2761 1439 2792 ἀπλανεῖς
1454 2760 1575 2796 ἀστέρες.
1594 2761 1643 2788 Διὰ
1659 2761 1687 2788 δὲ
1704 2761 1753 2797 τὴν
1774 2760 1867 2788 tata-j-

1077 2815 1125 2841 την
1144 2808 1331 2842 σφαιροποιῖαν
1347 2807 1376 2832 οὖ
1393 2807 1480 2834 πάντα
1501 2808 1533 2833 τὰ
1551 2807 1637 2841 ἄστρα
1650 2807 1792 2834 ἀνατέλλει
1807 2804 1866 2832 καθ’
