1902 3143
69 141 124 169 87.5

599 130 718 169 CEMlNl
739 141 924 168 ELEMENTA
943 140 1190 170 asmoxomaz.

1638 143 1690 170 8'54

64 201 192 235 ἑκάστην
207 200 304 226 νύκτα·
323 201 388 227 ἀλλᾶ
408 201 467 228 τινὰ
486 201 534 237 μὲν
552 201 688 228 ἀνατέλλει
712 202 759 228 καὶ
779 201 850 228 δύνει

913 201 1040 228 oriuntur
1054 203 1126 229 omni
1145 207 1240 235 nocte;
1260 203 1306 230 sed
1321 202 1443 238 quaedam
1461 202 1588 229 oriuntur
1601 205 1628 228 et
1644 209 1692 229 oc-

67 247 132 272 τινὰ
147 245 177 272 δὲ
188 246 330 273 ἀνατέλλει
344 247 403 282 μὲν,
418 248 448 273 οὺ
463 247 537 274 δύνει
550 247 593 274 δέ·
609 247 627 274 ἃ
640 247 668 274 δὲ
682 247 737 274 οὒτ’
748 248 860 274 ἀνατέλ-

67 293 122 323 λει,
141 291 204 318 οὔτε
226 291 313 318 δύνει·
332 292 398 319 ἀλλὰ
416 292 451 319 τὰ
469 293 518 327 μὲν
531 293 719 329 ἁρκτικώτερα
737 293 859 328 κείμενα.

67 337 199 373 μετέωρα.
225 338 381 373 ὑπάρχοντα
401 338 470 373 μετὰ
491 338 538 374 τὴν
551 338 598 365 τοῦ
611 338 686 374 ἡλίου
706 338 792 371 δύσιν,
808 339 860 374 πρὸ

64 384 120 418 τῆς
137 383 184 409 τοῦ
201 383 276 419 ἡλίου
296 383 428 418 ἀνατολῆς
446 384 487 409 ἔτι
508 384 696 420 μετεωρότερα
718 384 858 418 φαίνεται·

65 430 102 455 τὰ
123 430 153 456 δὲ
176 429 421 465 μεσημϐρινώτερα
452 430 565 465 κείμενα
589 429 644 457 οὔτ’
670 430 857 462 ἀνατέλλοντα,

66 474 133 501 οὔτε
147 475 259 502 δύνοντα
272 475 431 511 θεωρεῖται·
449 475 515 502 ἀλλὰ
539 475 627 502 πάντα
637 475 683 502 τὸν
698 476 746 511 τῆς
763 475 859 507 νυκτὸς

67 521 168 555 χρόνον
179 520 230 546 ὑπὸ
245 521 295 555 γῆν
306 521 443 556 φέρονται.
461 521 540 547 Ὅθεν
553 521 599 548 καί
609 530 669 548 τινα
683 515 740 547 τῶν
752 522 859 557 ἄστρων

67 565 218 601 ἀμφιφανῆ
248 565 380 598 καλεῖται,
411 565 538 602 καθάπερ
562 567 609 593 καὶ
631 568 645 593 ὁ
678 567 856 603 Ἀρκτοῦρος·

69 612 142 646 μετὰ
159 612 213 647 γὰρ
233 613 282 648 τὴν
302 611 347 638 τοῦ
367 611 442 647 ἡλίου
463 611 537 638 δύσιν
554 612 697 645 πλεονάκις
718 613 858 649 θεωρεῖται

65 658 155 684 δύνων
168 667 197 684 τε
216 659 244 684 ὲν
269 659 302 693 τῇ
327 658 394 693 αὐτῇ
415 659 501 691 νυκτὶ,
524 659 570 684 καὶ
593 659 796 694 προανατέλλων
811 659 857 686 τοῦ

67 704 144 740 ἡλίου
163 704 287 739 φαίνεται
305 705 336 730 ³⁸.
352 704 390 730 Δι’
403 705 437 739 ἢν
449 705 538 731 αἰτίαν
557 705 678 732 καλεῖται
689 705 856 741 ἀμφιφανὴς,

66 751 108 776 ὃτι
124 750 173 776 καὶ
184 751 230 784 ἀφ’
246 743 471 785 ὲσπέραςδύνων,
484 751 530 777 καὶ
543 750 692 777 ἀνατέλλων
707 751 735 777 ἐν
746 753 778 786 τῇ
789 751 857 786 αὐτῇ

66 797 147 823 νυκτὶ
167 796 319 831 Θεωρεῖται.
329 796 370 822 Τὰ
382 796 409 823 δὲ
423 797 545 823 ἐναντίαν
561 797 616 832 ἔχει
630 797 714 830 τάξιν,
727 797 777 823 ὅσα
792 806 858 833 προ-

65 841 141 868 εὑνει
159 841 209 876 μὲν
226 842 276 876 τῆς
287 841 332 868 τοῦ
345 842 419 877 ἡλίου
436 842 546 874 δύσεως,
558 843 730 869 ἐπανατέλλει
746 843 775 869 δὲ
791 843 858 879 μετὰ

65 885 116 920 τὴν
132 884 182 910 τοῦ
199 885 274 919 ἡλίου
292 885 441 921 ἀνατολήν·
458 885 527 913 ὥστε
544 886 605 913 καθ’
622 887 686 922 ὅλην
709 887 757 922 τὴν
772 888 856 915 νύκτα

66 931 105 966 μὴ
125 931 298 966 Θεωρηθῆναι
319 932 380 967 μήτ’
398 933 586 964 ἀνατέλλοντα.
610 934 677 969 μήτε
698 934 824 961 δύνοντα·
838 935 856 962 ἃ

64 977 236 1012 δὴμκαλοῦσί
261 986 333 1009 τινες
361 978 550 1011 νυκτιδιέξοδα.
574 980 610 1005 Ob
629 980 698 1006 κατὰ
725 981 813 1007 πάντα
829 981 856 1007 δὲ

65 1022 164 1057 κιιρὸν
189 1022 275 1048 ταῦτα
298 1023 385 1049 ’πάντα
399 1024 433 1050 τὰ
455 1024 585 1059 ἰδιώματα
599 1026 663 1060 περὶ
678 1026 741 1057 τοὺς
760 1026 856 1058 αὐτοὺς

64 1067 187 1103 ἀστέρας
206 1068 322 1103 ὑπάρχει
333 1077 339 1084 ·
358 1068 426 1095 ἀλλὰ
440 1069 503 1105 περὶ
517 1070 567 1102 τὰς
583 1070 630 1097 τοῦ
647 1071 721 1106 ἡλίου
738 1072 856 1107 μεταὸά-

66 1122 126 1145 σεις
149 1113 302 1140 ἀλλοιοῦται
322 1114 369 1140 καὶ
384 1114 418 1141 τὰ
442 1115 505 1150 περὶ
529 1115 577 1147 τὰς
595 1115 737 1148 ἀνατολὰς,
752 1118 798 1144 καὶ
823 1118 857 1144 τὰ

65 1159 132 1194 περὶ
148 1159 198 1191 τάς
212 1158 311 1190 δύσεις.

339 1227 535 1254 ΚΕΦΔΛΑΙΟΝ
556 1227 605 1254 lB'.

280 1283 349 1317 Περὶ
361 1282 419 1311 τῶν
430 1284 466 1311 ἐν
480 1284 518 1320 γῆ
536 1285 643 1315 ζωνῶν.

109 1340 142 1367 Ἡ
167 1341 218 1376 τῆς
244 1341 390 1376 συμπάσης
419 1341 471 1376 γῆς
495 1341 658 1376 ἐπιφάνεια.
684 1344 853 1380 σφαιροειδὴς

64 1389 239 1423 ὑπάρχουσα,
260 1387 400 1422 διαιρεῖται
417 1387 456 1418 εἰς
473 1387 560 1419 ζώνας
579 1388 674 1414 πέντε·
693 1385 730 1415 ὧν
743 1388 789 1415 δύο
806 1389 854 1424 μὲν

65 1435 95 1460 αἱ
124 1434 191 1469 περὶ
210 1433 273 1464 τοὺς
287 1432 394 1464 πόλους,
419 1432 582 1468 πορρώτατα
607 1433 636 1459 δὲ
659 1433 782 1468 κείμεναι
805 1434 855 1469 τῆς

63 1479 114 1506 τοῦ
127 1479 205 1514 ἡλίου
223 1478 349 1513 παρόδου,
365 1477 568 1513 κατεψυγμέναι
583 1478 716 1512 λέγονται,
733 1480 780 1506 καὶ
796 1479 854 1505 ἀοί-

63 1532 146 1559 κητοι
161 1524 206 1549 διὰ
218 1523 247 1550 τὺ
262 1523 360 1558 ψύχος·
378 1522 550 1559 ἀφορίζονται
570 1523 599 1550 δὲ
625 1523 676 1549 ὑπὸ
688 1524 741 1550 τῶν
760 1524 854 1560 ἀρκτι-

64 1570 123 1596 κῶν
139 1569 208 1602 πρὸς
228 1569 291 1601 τοὺς
313 1569 422 1601 πόλους·
438 1570 465 1595 αἱ
486 1569 514 1595 δὲ
533 1569 633 1596 τούτων
655 1570 727 1605 ἑξῆς,
748 1569 853 1606 συμμέ-

63 1623 138 1650 τρως
157 1615 186 1641 δὲ
207 1614 331 1650 κείμεναι
349 1615 416 1650 πρὸς
432 1615 479 1651 τὴν
499 1614 546 1641 τοῦ
568 1615 644 1650 ἡλίου
666 1615 791 1651 πάροδον,
810 1615 854 1642 εὕ-

62 1670 163 1697 κρατοι
178 1661 338 1688 καλοῦνται·
352 1662 525 1697 ἀφορίζονται
545 1663 573 1689 δὲ
590 1663 669 1689 αὑταὶ
685 1662 737 1689 ὑπὸ
755 1662 809 1689 τῶν
824 1664 853 1688 ἐν

61 1708 104 1744 τῷ
119 1708 216 1743 κόσμῳ
231 1708 367 1744 ἀρκτικῶν
389 1709 436 1734 καὶ
459 1708 596 1743 τροπικῶν
615 1709 731 1740 κύκλων,
751 1708 852 1744 μεταξὺ

61 1754 194 1789 κείμεναι
208 1753 306 1780 αὐτῶν.
328 1754 360 1780 Ἡ
384 1754 412 1780 δὲ
434 1754 513 1789 λοιπὴ
540 1754 607 1790 μέση
623 1754 676 1780 τῶν
689 1754 852 1790 προειρημέ-

61 1809 129 1833 νων,
151 1801 264 1836 κειμένη
282 1801 309 1826 δὲ
326 1801 371 1826 ὑπ’
393 1801 476 1836 αὐτὴν
495 1801 543 1836 τὴν
564 1801 611 1827 τοῦ
628 1801 702 1836 ἡλίου
724 1801 850 1836 πάροδον,

60 1846 268 1881 διακεκαυμένη
291 1846 428 1873 καλεῖται·
456 1847 642 1882 διχοτομεῖται,
659 1847 687 1873 δὲ
710 1847 778 1882 αὐτὴ
800 1847 851 1872 ὑπὸ

62 1891 112 1918 τοῦ
130 1893 161 1917 ὲν
177 1893 210 1927 τῇ
228 1893 262 1927 γῇ
282 1892 437 1927 ὶσημερινοῦ
459 1892 569 1925 κύκλου,
584 1893 612 1924 ὃς
633 1894 719 1919 κεῖται
737 1893 789 1918 ὑπὸ
807 1892 851 1918 τὸν

61 1939 92 1963 ὲν
117 1937 158 1973 τῷ
178 1938 272 1973 κόσμῳ
297 1938 451 1974 ίσημερινδν
474 1938 581 1965 κύκλον.
597 1939 657 1964 Τῶν
670 1939 698 1965 δὲ
712 1938 851 1974 εὐκράτων

60 1985 111 2012 επ
133 1984 228 2017 ζωνῶν
251 1984 300 2020 τὴν
319 1984 421 2020 βόρειον
443 1985 494 2011 ὑπὸ
518 1985 570 2012 τῶν
595 1985 623 2011 ὲν
645 1987 677 2020 τῇ
702 1985 762 2011 καθ’
779 1986 852 2021 ἡμᾶς

61 2030 213 2066 οἰκουμένῃ
233 2029 365 2056 οἰκεῖσθαι
387 2030 568 2066 συμϐέϐηκεν,
589 2030 635 2056 ἐπὶ
657 2031 707 2066 μὲν
723 2031 753 2057 τὸ
767 2032 851 2066 μῆκος

60 2075 147 2103 οὖσαν
171 2075 209 2107 ὼς
227 2075 338 2109 ἔγγιστα
355 2075 418 2111 περὶ
434 2076 498 2102 δέκα
513 2077 645 2113 μυριάδας
666 2076 789 2109 σταδίων,
805 2077 852 2103 ἐπὶ

59 2124 88 2149 δὲ
107 2123 138 2149 τὸ
154 2121 254 2153 πλάτος
270 2121 307 2153 ὼς
324 2121 436 2156 ἔγγιστα
448 2122 477 2149 τὺ
492 2122 586 2157 ἥμισυ.

326 2190 436 2217 ΚΕΦΑΛ
442 2191 521 2218 AION
541 2191 589 2218 ll".

337 2249 406 2282 Περὶ
427 2248 580 2281 οἰκήσεων.

99 2304 162 2330 Τῶν
183 2304 212 2330 δὲ
234 2304 281 2330 ἐπὶ
307 2304 358 2340 γῆς
384 2304 579 2330 κατοικούντων
605 2305 629 2330 οἰ
657 2304 705 2339 μὲν
730 2303 853 2337 λέγονται

63 2352 198 2382 ξύνοικοι,
212 2351 237 2376 οἱ
253 2350 281 2376 δὲ
298 2350 441 2385 περίοικοι,
456 2351 479 2376 οἱ
494 2350 521 2376 δὲ
547 2350 674 2380 ἄντοικοι,
688 2351 712 2375 οξ
728 2350 757 2376 δὲ
777 2349 852 2376 ἀντί-

62 2396 158 2428 ποδες.
170 2395 290 2422 Σύνοικοι
304 2395 353 2430 μὲν
371 2393 417 2423 οὖν
433 2397 500 2422 εἰσιν
516 2396 540 2422 οι
561 2395 625 2431 περὶ
645 2395 690 2422 τὸν
712 2395 793 2422 αὑτὸν
807 2395 852 2422 τό-

63 2452 116 2471 πον
133 2444 185 2478 τῆς
202 2443 285 2477 αὐτῆς
304 2442 392 2477 ζώνης
409 2442 612 2474 κατοικοῦντες’
632 2442 764 2478 περίοικοι
780 2442 808 2469 δὲ
828 2445 852 2470 οἱ

62 2486 97 2516 ix?
107 2490 142 2524 τῇ
163 2488 231 2523 αὐτῇ
249 2487 321 2524 ζώνῃ
337 2488 428 2523 κύκλῳ
443 2488 660 2523 περιοικοῦντες·
684 2488 802 2515 ἄντοικοι
825 2489 853 2515 δὲ

62 2537 88 2562 at
102 2536 132 2561 ὲν
147 2535 185 2570 τῇ
197 2534 265 2570 αὐτῇ
282 2534 361 2569 νοτίῳ
375 2533 446 2570 ζώνῃ
463 2534 514 2560 ὑπὸ
534 2534 563 2560 τὸ
587 2534 653 2561 αὐτὸ
677 2535 854 2571 ἡμισφαίριον

62 2578 272 2610 κατοικοῦντες·
289 2578 429 2610 ἀντίποδες
446 2578 473 2604 δὲ
492 2579 516 2604 οἱ
537 2580 566 2605 ὲν
581 2580 613 2614 τῇ
631 2579 709 2613 νοτίῳ
731 2578 804 2614 ζώνῃ
825 2579 854 2605 ἐν

61 2626 102 2661 τῷ
122 2625 211 2660 ἑτέρῳ
231 2625 402 2660 ἡμισφαιρίῳ
416 2624 604 2656 κατοικοῦντες
617 2625 686 2651 κατὰ
704 2625 753 2661 τὴν
769 2625 854 2660 αὐτὴν

62 2673 213 2708 διάμετρον
224 2671 343 2706 κείμενοι
356 2673 388 2706 τῇ
403 2671 463 2697 καθ’
476 2672 549 2706 ἡμᾶς
563 2671 709 2707 οἰκουμένῃ
719 2679 726 2686 ⁸
751 2671 791 2697 διδ
807 2671 854 2698 κέ-

63 2719 181 2755 κληνται
195 2716 346 2748 ἀντίποδες.
364 2716 475 2743 Πάντων
497 2716 550 2751 γὰρ
572 2716 625 2742 τῶν
642 2716 746 2752 βαρέων
763 2717 808 2742 ἐπὶ
825 2717 854 2742 τὺ

64 2766 179 2801 κέντρον
196 2764 387 2795 συννευόντων,
402 2763 444 2790 διὰ
459 2763 489 2790 τὸ
502 2763 545 2790 ἐπὶ
564 2763 644 2798 μέσον
658 2760 726 2789 εἶναι
741 2763 790 2798 τὴν
805 2771 853 2797 φο-

101 2867 124 2883 ”
141 2875 187 2901 π).
205 2864 342 2900 βλέπεται.

873 880 893 907 Β

867 1554 888 1582 C

911 249 1005 275 cidunt
1019 258 1025 276 :
1041 249 1164 283 quaedam
1178 257 1243 276 vero
1256 251 1383 277 oriuntur
1396 248 1516 283 quidem,
1531 255 1583 274 non
1602 252 1692 275 tamen

910 293 1037 320 occidunt
1055 295 1198 329 :quardam
1229 302 1294 321 vero
1319 301 1406 328 neque
1432 293 1577 323 oriuntur,
1604 300 1692 326 neque

909 339 1057 373 occidunt;
1084 340 1130 367 sed
1153 348 1195 372 ea,
1211 349 1272 375 qua:
1296 341 1382 374 magis
1403 344 1468 367 sunt
1488 339 1616 371 borealia,
1629 346 1693 366 cum

911 384 966 411 sint
981 385 1110 411 sublimia
1126 389 1187 420 post
1204 386 1270 413 solis
1283 393 1424 416 occasum,
1444 389 1506 411 ante
1521 384 1588 412 solis
1601 389 1692 410 ortum

909 429 997 456 adhuc
1013 430 1172 457 sublimiora
1193 435 1341 465 apparent;
1356 438 1417 466 qtue
1435 437 1500 457 vero
1521 432 1586 455 sunt.
1607 428 1693 462 magis

909 474 963 509 29
974 475 1115 508 australia,
1140 483 1171 503 ea
1190 483 1277 511 neque
1301 476 1377 507 oriri,
1401 483 1489 510 neque
1510 474 1637 502 occidere
1655 473 1693 501 vi-

908 521 1008 548 dentur
1022 530 1028 548 :
1042 521 1088 549 sed
1101 529 1149 556 per
1162 529 1243 549 omne
1259 522 1348 549 noctis
1359 526 1467 556 tempus
1483 521 1534 548 sub
1551 520 1693 547 liorizonte

908 565 1043 594 feruntur.
1062 566 1138 595 Unde
1152 567 1275 602 quaedam
1293 571 1428 595 astrorum
1440 569 1572 594 vocantur
1589 566 1631 592 bis
1644 571 1692 599 ap-

908 614 1043 647 parentia,
1057 613 1128 640 sicut
1144 618 1170 641 et
1184 613 1337 647 Arcturus;
1356 617 1417 648 post
1439 612 1505 640 solis
1521 613 1592 638 cnim
1609 618 1691 638 occa-

908 665 967 685 sum
981 666 1052 693 sazpe
1067 659 1172 686 videtur
1182 664 1208 687 et
1223 658 1349 686 occidere
1372 659 1466 686 eadem
1482 661 1571 690 nocte,
1589 660 1616 684 et
1628 660 1692 684 ante

907 703 991 731 solem
1003 704 1079 732 oriri.
1093 704 1178 737 Quam
1193 705 1228 732 ob
1241 712 1351 732 causam
1365 709 1477 732 vocatur
1489 703 1532 731 bis
1544 709 1690 738 apparens,

907 749 980 784 quod
994 754 1021 777 et
1034 757 1048 777 a
1064 758 1177 785 vespera
1189 751 1326 782 occidere,
1343 755 1370 778 et
1384 750 1451 777 oriri
1462 750 1490 777 in
1505 749 1598 777 eadem
1613 753 1692 776 nocte

908 799 1055 830 spectetur.
1076 797 1134 823 Alia
1159 804 1224 824 vero
1247 797 1369 824 ordinem
1387 796 1488 823 habent
1510 795 1690 825 contrarium.

908 850 968 877 qua:
991 843 1120 870 occidunt
1142 849 1204 871 ante
1229 843 1294 872 solis
1318 851 1458 876 occasum,
1482 843 1609 870 orluntur
1625 849 1691 869 vero

907 893 968 923 post
984 889 1050 916 Snlis
1065 893 1167 920 ortum.
1187 890 1224 916 ita
1242 895 1271 916 ut
1292 897 1340 925 per
1354 894 1438 916 totam
1453 893 1561 917 noctem
1577 896 1632 916 non
1653 887 1692 914 vi-

906 934 1022 962 deantur
1035 943 1124 969 neque
1138 935 1216 968 oriri,
1230 943 1318 969 neque
1328 935 1471 967 occidere;
1486 942 1548 970 qua:
1563 933 1690 961 nonnulli

905 983 1004 1006 vocant
1021 979 1212 1012 νυκτιδιὲξοδα.
1232 981 1258 1008 id
1279 984 1321 1008 est
1341 985 1423 1007 noctu
1440 981 1494 1007 late
1509 979 1689 1014 expatiantia.

907 1024 967 1051 Non
986 1025 1059 1052 omni
1075 1028 1165 1052 autem
1186 1029 1308 1060 tempore
1333 1033 1427 1053 omnes
1448 1026 1489 1052 hic
1509 1025 1690 1060 proprietates

905 1070 980 1097 circa
1008 1070 1117 1098 easdem
1145 1071 1239 1098 stellas
1265 1071 1412 1104 eveniunt,
1440 1071 1488 1098 sed
1519 1071 1594 1098 circa
1624 1069 1690 1097 solis

906 1116 1038 1144 transitus
1053 1117 1194 1144 variantur
1207 1124 1238 1144 ea
1252 1125 1312 1152 quze
1327 1117 1360 1144 ad
1377 1122 1464 1150 ortus,
1479 1120 1506 1144 et
1516 1123 1576 1152 qua;
1592 1116 1626 1144 ad
1640 1123 1689 1143 oc-

907 1169 988 1189 casus
1004 1165 1140 1196 spectant.

1195 1228 1316 1261 CAPUT
1335 1228 1391 1256 XII.

1155 1284 1194 1312 De
1213 1286 1286 1312 zonis
1306 1286 1334 1312 in
1354 1289 1436 1312 terra.

940 1341 1036 1370 Totius
1051 1347 1130 1371 terra:
1144 1343 1315 1377 superlicies,
1335 1350 1398 1370 cum
1422 1342 1458 1369 sit
1473 1341 1598 1377 globosa,
1619 1341 1689 1369 divi-

904 1388 978 1415 ditur
997 1389 1025 1416 in
1051 1389 1173 1424 quinque
1194 1396 1277 1416 zonas
1295 1397 1301 1414 :
1319 1396 1433 1423 quarum
1452 1388 1521 1418 duae,
1543 1395 1603 1422 qua:
1625 1390 1689 1414 sunt

905 1436 978 1462 circa
992 1435 1070 1469 polos
1085 1439 1112 1461 et
1129 1435 1288 1469 longissime
1309 1435 1368 1462 sitae
1385 1441 1400 1461 ιι
1423 1434 1490 1462 solis
1512 1434 1619 1464 itinere,
1640 1432 1688 1459 fri-

905 1481 974 1515 gidm
987 1481 1126 1514 dicuntur,
1144 1484 1225 1515 atque
1247 1480 1438 1508 inhabitabiles
1451 1483 1570 1515 .propter
1589 1479 1685 1514 frigus.

906 1525 1128 1554 Determinantur
1144 1530 1234 1553 autem
1253 1533 1268 1552 a
1285 1526 1399 1555 circulis
1410 1526 1520 1553 arcticis
1531 1533 1628 1553 versus
1640 1533 1688 1560 pm

906 1572 964 1605 los;
980 1570 1054 1599 zona-
1070 1579 1134 1600 vero
1161 1580 1221 1607 quae
1239 1572 1282 1599 his
1300 1576 1363 1599 sunt
1385 1573 1524 1606 proximae.
1543 1576 1569 1599 et
1585 1571 1689 1599 medio-

904 1619 988 1645 criter
1001 1618 1097 1653 posita:
1114 1618 1147 1645 ad
1165 1619 1233 1646 solis
1247 1625 1400 1650 accessum,
1417 1621 1574 1652 temperata:
1589 1625 1689 1645 vocan-

902 1666 965 1708 Eur;
983 1662 1201 1690 determinantur
1212 1668 1301 1690 autem
1319 1663 1360 1690 ha:
1375 1669 1390 1689 a
1409 1663 1521 1690 circulis
1539 1655 1565 1689 iit
1585 1662 1689 1690 mundo

904 1707 1014 1736 arcticis
1027 1712 1054 1736 et
1064 1709 1184 1744 tropicis,
1194 1716 1256 1735 cum
1267 1708 1338 1735 inter
1346 1715 1394 1735 eos
1403 1708 1458 1734 sint
1478 1708 1546 1735 sitae.
1563 1707 1686 1743 Reliqua,

904 1762 963 1789 qiuc
975 1760 1017 1782 cst
1031 1755 1118 1781 media
1141 1755 1344 1789 przcdictarum.
1365 1758 1392 1781 et
1405 1754 1457 1780 sita
1478 1754 1529 1781 sub
1545 1753 1604 1789 ipso
1621 1754 1688 1780 solis

904 1807 1027 1828 accessu.
1041 1800 1143 1826 torrida
1153 1803 1277 1832 vocatur;
1290 1803 1371 1834 atque
1381 1799 1438 1826 h:ec
1448 1807 1462 1825 a
1472 1799 1594 1826 terrestri
1604 1799 1690 1833 aequi-

904 1845 1014 1872 noctiali
1030 1846 1171 1880 tequaliter
1192 1849 1311 1876 secatur.
1337 1844 1383 1879 qui
1399 1845 1470 1871 situs
1484 1847 1526 1871 est
1542 1843 1593 1870 sub
1608 1851 1688 1870 mun-

903 1891 974 1918 dano
987 1890 1170 1926 aequinoctiali
1188 1891 1300 1917 circulo.
1317 1889 1356 1917 Ex
1369 1889 1525 1924 tcmperatis
1536 1890 1612 1916 zonis
1620 1889 1688 1915 dua-

907 1937 958 1964 bus
973 1944 1032 1964 eam
1055 1943 1115 1970 quze
1128 1941 1169 1964 est
1184 1937 1278 1968 borea,
1289 1943 1404 1971 quaeque
1420 1943 1435 1962 a
1450 1935 1528 1962 nobis
1538 1935 1685 1965 habitatur,

902 1983 1035 2017 contingit
1062 1982 1191 2014 habitari,
1220 1990 1282 2009 cum
1305 1983 1332 2009 in
1351 1982 1548 2016 longitudinem
1572 1981 1607 2008 sit
1631 1980 1687 2008 fere

902 2028 1006 2055 100000
1043 2028 1204 2061 stadiorum,
1232 2029 1261 2055 in
1287 2027 1458 2054 latitudinem
1488 2026 1546 2054 fere
1572 2025 1687 2053 dimidio

901 2078 1016 2103 constet.

1192 2185 1305 2215 CAPUT
1324 2185 1393 2214 Xlll.

1161 2243 1200 2270 De
1213 2243 1429 2270 habitationibus.

938 2302 1039 2329 Eorum
1056 2302 1101 2336 qui
1123 2301 1150 2328 in
1169 2305 1242 2328 terra
1256 2299 1390 2331 habitant,
1411 2298 1457 2324 alii
1470 2297 1599 2324 dicuntur
1621 2304 1686 2332 syn—

902 2349 964 2381 teci,
986 2348 1032 2374 alii
1048 2347 1169 2382 perimci,
1186 2346 1231 2373 alii
1247 2346 1358 2376 antaaci,
1383 2344 1427 2371 alii
1440 2343 1593 2378 antipodes.
1615 2342 1687 2377 Syn—

904 2395 955 2422 azci
976 2394 1059 2429 igitur
1078 2393 1202 2427 suntqui
1221 2392 1294 2419 circa
1313 2390 1438 2418 eumdem
1455 2390 1544 2416 locum
1564 2389 1686 2424 ejusdem

903 2448 978 2467 zome
992 2439 1132 2471 habitant;
1157 2437 1268 2472 periwci
1287 2444 1361 2468 vero,
1385 2435 1433 2470 qui
1454 2435 1481 2462 in
1501 2435 1594 2462 eadem
1618 2440 1686 2461 zona

903 2487 930 2514 in
948 2485 1062 2513 circuitu
1075 2483 1324 2514 circumhabitant;
1339 2481 1439 2508 antt‘eci
1455 2488 1531 2512 vero,
1547 2480 1628 2514 quiin
1643 2487 1687 2506 ea-

902 2533 964 2560 dem
987 2530 1100 2558 australi
1118 2537 1186 2556 zona
1205 2529 1256 2556 sub
1277 2528 1372 2555 codem
1393 2526 1583 2561 bemispluerio
1609 2525 1688 2552 babi-

904 2582 978 2610 tant;
998 2576 1141 2612 antipodes
1156 2582 1232 2606 vero,
1243 2574 1288 2609 qui
1308 2574 1335 2600 in
1352 2573 1464 2600 australi
1476 2580 1544 2599 zona
1562 2571 1589 2598 in
1602 2571 1687 2597 altero

905 2618 1096 2658 liemispbmrio
1115 2621 1249 2652 habitant,
1271 2620 1421 2647 secundum
1448 2618 1570 2645 eamdem
1589 2616 1687 2643 diame-

904 2675 975 2698 trum
988 2669 1067 2705 positi
1080 2667 1290 2696 cumhabitabili
1302 2670 1394 2693 nostra
1411 2669 1499 2697 terra;
1510 2663 1686 2698 quamobrcm

904 2715 992 2743 vocati
1005 2712 1228 2748 suntantipodes.
1239 2711 1309 2738 Cum
1320 2710 1393 2738 cnim
1410 2710 1500 2737 omnia
1516 2707 1609 2742 gravia
1624 2712 1687 2733 vcr—

905 2770 952 2791 sus
964 2765 1087 2790 centrum
1110 2763 1233 2795 vergant,
1245 2766 1278 2786 eo
1294 2756 1366 2792 quod
1390 2762 1487 2783 versus
1510 2752 1628 2780 medium
1649 2751 1688 2779 sit
