1902 3143
230 115 281 142 833

738 113 911 140 APPENDlX
929 113 974 139 AD
993 112 1126 140 EUSEBII
1144 112 1350 141 CHRONICON.

1789 113 1835 141 856

229 177 320 202 motus
337 179 492 208 corporum,
510 172 533 199 si
557 172 591 198 ab
613 171 703 206 aliqua
728 172 894 199 habitatione
915 179 1003 198 earun

1062 172 1112 206 ρὰν
1129 171 1181 197 τῶν
1196 172 1337 207 σωμάτων,
1353 171 1399 198 ἐὰν
1416 172 1470 198 ἀπό
1483 181 1553 204 τινος
1573 172 1704 208 οἰκήσεως
1724 171 1776 197 τῶν
1794 171 1836 197 ἐπὶ

230 225 291 252 qua:
315 222 379 245 sunt
397 218 424 245 ἱίι
447 221 541 244 nostro
566 217 632 244 orbe
652 217 793 244 babitabili
828 218 861 244 ad
887 222 1011 244 centrum

230 267 310 290 terra!
326 263 490 297 adjungatur
505 262 595 297 aliqua
609 265 693 293 recta,
720 267 747 288 et
762 261 938 296 producatur,
954 266 1011 288 tum

229 309 257 336 hi
270 309 393 344 qui-sunt
405 308 484 342 positi
501 308 651 335 secundum
664 308 860 334 extremitatem
882 307 1010 334 diametri

230 355 257 381 in
273 354 382 380 australi
410 361 478 380 zona
501 353 568 380 fiunt
586 353 728 388 antipodes
742 361 835 380 eorum
854 354 900 388 qui
923 353 949 380 in
963 353 1012 380 bo-

229 400 294 426 reali
311 406 378 426 zona
394 399 528 425 habitant.

263 444 397 471 Dividitur
412 447 500 471 autem
523 448 617 472 nostra
635 449 707 472 terra
729 445 886 472 habitabilis
907 445 933 471 in
955 448 1011 472 tres

227 495 328 525 partes,
353 489 456 522 Asiam,
484 489 633 524 Europam,
659 490 782 525 Lybiam.
812 490 898 525 Duplo
921 494 1010 516 autem

227 537 315 570 major
329 541 371 563 est
385 536 441 563 fere
465 535 608 570 longitudo
632 536 790 563 habitabilis
818 540 898 562 terrze
919 535 1012 562 latitu-

228 581 291 608 dine
307 591 312 608 :
327 589 410 616 quam
429 581 464 608 ob
490 589 602 608 causam
620 582 666 616 qui
689 586 887 609 consentaneas
912 580 1011 607 rationi

229 633 307 655 terra!
332 628 531 662 descriptiones
556 628 715 659 instituunt,
742 628 874 662 oblongas
903 627 1010 655 tabulas

228 673 377 706 adhibent;
393 674 465 708 quod
488 673 627 707 longitudo
652 674 734 708 duplo
750 674 786 701 sit
811 674 898 708 major
924 673 1012 700 latitu-

228 720 302 747 dine.
316 719 367 753 Qui
385 728 449 747 vero
463 724 542 748 terrae
569 720 769 754 descriptiones
785 719 900 747 rotunda
925 719 1010 754 figura

228 765 343 797 faciunt,
360 766 474 792 multum
491 767 621 794 aberrant
637 774 652 792 a
673 774 752 798 vero;
767 766 880 800 aequalis
894 765 965 792 enim
982 765 1011 792 fit

227 810 369 845 lcngitudo
397 811 552 842 latitudini;
578 811 650 845 quod
685 814 784 838 natura
809 817 864 837 non
896 811 1008 845 patitur.

227 854 344 882 Necesse
362 855 445 890 igitur
459 860 511 886 est,
528 859 557 882 ut
579 862 633 881 non
655 860 797 882 serventur
818 854 1009 881 distantiarum

226 901 445 928 mensurationes
474 901 501 927 in
526 900 653 927 rotundis
682 900 926 935 descriptionibus.
961 900 1009 928 Se-

226 950 365 980 gmentum
379 948 452 973 enim
467 947 603 981 quoddam
615 951 656 974 est
672 947 785 981 splueraa
795 954 859 981 pars
874 947 1009 974 terraeha-

227 991 323 1023 bitata,
338 997 399 1026 quae
414 991 608 1026 longitudinem
623 991 705 1026 duplo
720 991 801 1019 habet
817 992 948 1026 majorem
970 992 1010 1018 la-

227 1036 430 1071 titudine,quod
441 1041 609 1071 segmentum
623 1045 676 1064 non
686 1041 774 1071 potest
789 1037 911 1064 abscindi
920 1037 1009 1064 circu-

227 1082 333 1109 lariter.
352 1083 480 1110 Dimenso
493 1087 583 1110 autem
597 1083 714 1110 maximo
723 1083 825 1109 circulo
841 1083 1007 1118 socerum,

227 1129 273 1162 qui
286 1132 350 1154 sunt
361 1127 388 1154 in
404 1132 477 1155 terra
492 1127 641 1155 secundum
657 1128 837 1155 meridianum
861 1127 966 1160 mundi,
981 1132 1009 1155 et

226 1175 336 1201 invento
353 1174 502 1209 myriadum
518 1174 563 1206 25,
576 1174 768 1202 etstadiorum
779 1173 849 1200 2000
859 1183 866 1206 ;
876 1173 1008 1201 diametro

225 1227 290 1247 vero
305 1219 456 1256 myriadum
471 1219 498 1250 8,
516 1223 543 1247 et
566 1219 719 1246 stadiorum
740 1219 908 1251 415;diviso
917 1223 1008 1246 autem

225 1265 376 1292 meridiano
388 1265 492 1292 circulo
511 1266 538 1292 in
557 1269 647 1300 partes
659 1265 703 1297 60,
725 1269 838 1292 vocatur
861 1273 945 1293 unum
964 1273 1007 1293 se-

225 1315 363 1346 gmentum
372 1313 580 1347 sexagesimum,
597 1312 670 1346 quod
684 1315 726 1339 est
736 1311 815 1339 4200.
830 1311 858 1338 Si
878 1311 951 1338 enim
966 1311 1008 1338 di-

225 1356 355 1383 viduntur
369 1356 404 1384 25
414 1356 561 1391 myriades,
577 1362 603 1383 et
616 1357 686 1384 2000
705 1357 792 1384 stadia
807 1357 834 1383 in
852 1361 944 1391 partes
961 1357 1006 1389 60,

225 1402 255 1428 fit
271 1403 467 1438 sexagesimum
482 1402 562 1430 4200.
578 1402 717 1430 Distantia:
729 1403 811 1438 igitur
833 1403 904 1430 inter
924 1411 1007 1431 zonas

225 1447 277 1476 hoc
291 1451 370 1476 modo
383 1453 447 1476 sunt
460 1449 589 1476 deﬁnitae.
607 1449 777 1484 Frigidarum
797 1449 906 1484 quidem
926 1457 1008 1477 zona-

224 1503 286 1521 rum
298 1495 412 1522 duarmn
426 1495 540 1522 latitudo
557 1495 702 1529 utriusque
717 1502 810 1522 earum
832 1498 873 1522 est
894 1503 1006 1531 sexage-

225 1541 357 1567 simorum
374 1539 402 1573 6,
415 1548 475 1575 quae
489 1544 552 1567 sunt
567 1540 653 1567 stadia
671 1539 776 1573 25200;
795 1544 1005 1575 temperatarum

225 1593 290 1613 vero
305 1593 435 1612 zonarum
450 1586 564 1613 latitudo
580 1585 722 1620 utriusque
739 1593 831 1613 earum
846 1590 887 1613 est
899 1593 1006 1622 sexage-

226 1632 358 1659 simorum
372 1632 399 1663 5,
418 1639 478 1667 qua:
496 1631 598 1659 faciunt
610 1631 696 1658 stadia
709 1631 812 1665 2100ος
828 1632 937 1660 torridae
957 1640 1004 1660 zo-

225 1684 267 1703 nae
283 1676 396 1703 latitudo
409 1680 451 1703 est
472 1676 701 1711 sexagesimorum
719 1676 745 1704 8.
762 1675 854 1710 Itaque
871 1676 906 1704 ab
920 1678 1004 1712 aequi-

225 1722 334 1749 noctiali
354 1730 449 1749 versus
472 1726 614 1756 utramque
633 1726 737 1756 partem
758 1729 845 1757 usque
868 1723 901 1750 ad
921 1724 1005 1758 tropi-

224 1775 272 1795 cos
287 1771 351 1795 sunt
362 1768 529 1802 sexagesima
542 1767 570 1798 4,
596 1775 656 1802 quae
677 1767 778 1794 faciunt
798 1768 885 1795 stadia
906 1768 1002 1796 16800.

225 1813 295 1840 Sunt
308 1813 390 1848 igitur
413 1820 427 1839 a
443 1812 504 1847 polo
527 1812 574 1847 qui
598 1816 640 1839 est
655 1812 682 1838 in
699 1816 781 1845 terra,
801 1812 847 1847 qui
868 1813 936 1840 situs
962 1817 1004 1840 est

257 1881 279 1896 "
291 1880 343 1907 Pro
359 1884 406 1906 υιε’
418 1884 471 1907 vet.
489 1880 569 1906 habet
583 1879 614 1906 δ’,

259 1947 314 1983 (Η)
339 1947 624 1983 Ἀναμεμετρημένου
641 1948 674 1975 δὲ
694 1949 746 1975 τοῦ
761 1949 914 1983 μεγίστου.
938 1950 1003 1976 Era-

223 1984 364 2010 tosthenea
377 1988 418 2010 est
434 1985 489 2010 haec
507 1984 640 2011 dimensio
656 1984 766 2010 maximi
785 1985 893 2017 circuli,
908 1989 937 2011 ut
952 1993 1002 2011 au-

222 2023 281 2045 ct0r
295 2022 337 2045 est
360 2018 457 2054 Strabo
481 2019 528 2046 lib.
547 2027 576 2048 ιι,
597 2023 624 2045 et
637 2018 741 2045 Plinius
759 2019 803 2045 lib.
819 2027 847 2050 ιι,
864 2027 924 2054 cap.
940 2020 1001 2052 108,

222 2061 304 2087 quam
320 2053 470 2080 stadiorum
487 2054 594 2081 252000
614 2061 770 2080 mensuram
789 2053 908 2080 Romana
926 2063 1000 2081 com-

223 2089 363 2123 putatione
392 2088 458 2116 dicit
483 2088 588 2116 elliccre
613 2089 768 2119 trecenties.
795 2093 821 2115 et
843 2089 1001 2123 quindecies

222 2127 335 2149 centena
351 2123 433 2149 millia
452 2130 592 2157 passuum,
616 2124 686 2158 quod
704 2128 730 2150 et
747 2131 841 2150 verum
861 2131 911 2151 est.
933 2124 999 2151 Nam

222 2157 340 2184 stadium
361 2165 430 2184 cxxv
450 2158 575 2191 passibus
590 2157 706 2185 constat.
726 2158 842 2185 Proinde
855 2159 877 2185 si
893 2159 999 2187 252000

221 2200 270 2227 per
288 2188 766 2229 125‘Amultip'lices.Wfient51500000
786 2201 924 2228 passuum,
938 2203 998 2229 quae
1014 2188 1038 2217 Ι)

223 2231 287 2264 sunt
298 2227 484 2264 milliarioimm
500 2227 598 2264 51500.
615 2227 823 2264 Atiflleomedes
839 2229 885 2255 lib.
899 2236 918 2258 1,
935 2227 995 2264 cap.

222 2262 267 2293 10,
283 2262 365 2289 refert
378 2263 412 2289 ab
430 2262 607 2289 Eratosthene
618 2263 758 2290 deﬁnitum
774 2272 835 2290 esse
848 2268 926 2291 terra:
940 2262 998 2290 am-

222 2297 307 2334 bitum
328 2297 434 2334 250000
455 2298 625 2334 stadiorum:
645 2302 671 2325 ct
686 2306 738 2332 qua
758 2298 884 2325 methodo
900 2299 998 2334 depre-

223 2332 324 2358 bcnsus
347 2333 383 2358 sit
402 2333 498 2359 modus
521 2333 575 2364 ille,
601 2333 751 2360 describit.
772 2334 899 2360 nimirum
918 2332 948 2361 ei
965 2343 997 2361 co

221 2367 293 2401 quod
310 2368 433 2401 angulus.
449 2368 494 2402 qui
516 2375 650 2402 gnomone
663 2372 690 2394 et
705 2368 781 2394 radio
796 2369 862 2396 solis
881 2369 998 2396 includi—

222 2406 267 2428 tur
283 2402 466 2434 Alexandriae,
484 2405 541 2429 sole
563 2403 589 2429 in
606 2403 704 2429 Caneri
722 2404 826 2436 tropico
847 2404 998 2431 meridiano

222 2441 342 2471 tempore
359 2438 421 2468 sito,
439 2445 502 2472 pars
519 2441 560 2464 est
578 2439 802 2472 quinquagesima
823 2443 939 2472 quatuor
955 2447 997 2466 re-

221 2476 338 2502 ctorum,
362 2477 392 2499 ut
414 2477 441 2499 et
463 2473 615 2507 peripheria
633 2473 727 2498 circuli
746 2473 772 2498 in
790 2473 929 2507 horologio
947 2474 995 2501 de-

221 2507 327 2542 scripti.
345 2508 386 2534 cui
405 2508 450 2534 ille
466 2508 582 2539 angulus
599 2507 709 2538 insistit,
727 2514 791 2542 pars
810 2514 850 2534 est
863 2510 997 2542 quinqua—

220 2541 322 2575 gesima
341 2543 435 2569 circuli
453 2543 549 2568 totius.
567 2542 657 2574 Quare
679 2550 740 2568 cum
760 2541 954 2577 Syenen'inter
969 2548 997 2570 et

219 2577 419 2610 Alexandriam,
440 2585 499 2612 qua:
519 2577 570 2603 sub
583 2577 678 2603 eodem
696 2577 846 2612 meridiano
861 2583 937 2609 sunt,
955 2578 998 2604 in-

219 2612 361 2638 tervallum
375 2613 410 2639 sit
422 2612 543 2646 quinque
557 2611 671 2647 millium
687 2611 835 2638 stadiorum
853 2621 860 2639 :
879 2620 939 2647 quae
952 2617 994 2639 est

220 2647 442 2682 quinquagesima
459 2654 522 2680 pars
535 2646 654 2682 ambitus
670 2650 748 2673 terrae
765 2656 772 2673 :
786 2651 861 2674 totus
878 2648 997 2675 ambitus

218 2680 323 2708 250000
335 2680 485 2709 stadiorum
495 2680 618 2717 colliget.
634 2680 731 2707 Verum
747 2689 808 2708 cum
824 2685 862 2708 tot
876 2683 997 2717 antiquis

219 2717 335 2743 testibus
348 2720 455 2751 (onstet
476 2716 510 2742 ab
531 2714 710 2743 Eratosthene
734 2724 887 2743 mensuram
911 2714 995 2749 illam,

219 2758 298 2788 quam
314 2752 443 2788 diximus,
462 2751 570 2788 terreni»
586 2751 704 2777 ambitus
721 2759 782 2778 esse
797 2752 994 2788 perscriptam;

217 2785 324 2821 videtur
340 2787 420 2820 paulo
443 2786 503 2820 plus
526 2786 750 2820 quinquagesima
776 2785 850 2821 parte
872 2785 927 2814 tam
948 2795 997 2815 an-

219 2820 290 2853 gulo,
314 2829 394 2855 quem
419 2828 538 2855 gnomon
564 2828 625 2848 cum
645 2821 721 2849 radio
747 2820 886 2854 continet,
914 2831 995 2858 quam

1062 219 1094 252 τῇ
1109 217 1170 244 καθ’
1184 218 1256 253 ἡμᾶς
1268 218 1411 254 οἰκουμένῃ
1426 219 1473 245 ἐπὶ
1487 219 1517 244 τὺ
1529 219 1639 254 κέντρον
1651 218 1702 252 τῆς
1717 217 1767 252 γῆς
1781 217 1836 242 ἐπι-

1063 262 1159 298 ζευχθῇ
1177 271 1219 294 τις
1235 263 1335 295 εὐθεῖα,
1351 264 1397 290 καὶ
1424 264 1553 300 ἐκϐληθῇ.
1568 265 1592 290 ot
1617 263 1687 290 κατὰ
1708 263 1740 289 τὸ
1759 263 1837 298 πέρας

1062 307 1180 342 κείμενοι
1196 308 1245 342 τῆς
1264 308 1408 344 διαμέτρου
1423 309 1451 335 ἐν
1469 310 1503 344 τῇ
1520 308 1598 343 νοτίῳ
1614 307 1686 344 ζώνῃ
1704 308 1838 339 ἀ-θτίπώες

1061 353 1180 386 γίνονται
1192 354 1245 381 τῶν
1259 355 1288 381 ὲν
1300 356 1333 389 τῇ
1345 354 1441 390 βορείῳ
1455 354 1527 391 ζώνῃ
1538 355 1746 381 κατοικούντων.

1096 444 1244 478 Διαιρεῖται
1270 443 1297 469 δὲ
1324 444 1341 478 ἡ
1366 443 1425 469 καθ’
1441 443 1514 478 ἡμᾶς
1537 441 1681 477 οἰκουμένη
1707 441 1747 472 εἰς
1773 440 1836 476 μέρη

1061 489 1134 524 τρία,
1157 488 1258 520 Ἀσίαν,
1273 487 1418 523 Εὐρώπην,
1433 487 1547 523 Λιϐύην.
1568 487 1711 513 Διπλάσιον
1727 485 1754 512 δέ
1770 487 1837 512 ἐστιν

1051 534 1098 565 ηὼς
1112 534 1224 568 ἔγγιστα
1240 533 1269 559 τὸ
1284 534 1370 568 μῆκος
1384 534 1434 568 τῆς
1454 533 1615 569 οἰκουμένης
1633 532 1681 558 τοῦ
1707 532 1835 562 πλάτους·

1060 579 1093 605 δι’
1108 579 1141 615 ἣν
1160 579 1249 605 αἰτίαν
1271 580 1294 605 οἱ
1310 579 1379 605 κατὰ
1397 578 1475 613 λόγον
1494 579 1642 614 γράφοντες
1656 577 1705 609 τὰς
1719 585 1836 613 γεωγρα-

1061 626 1124 660 φίας
1139 626 1167 651 ὲν
1182 625 1271 657 πίναξι
1288 625 1421 660 γράφουσι
1436 625 1637 662 παραμήκεσιν,
1651 624 1689 655 ὡς
1705 623 1837 650 διπλάσιον

1060 669 1130 698 εἶναι
1143 672 1173 697 τὸ
1187 672 1272 706 μῆκος
1288 671 1333 697 τοῦ
1351 672 1476 703 πλάτους.
1490 673 1521 698 Οί
1544 671 1572 697 δὲ
1594 670 1760 706 στρογγύλας
1775 670 1838 705 γρά-

1060 725 1155 751 φοντες
1169 718 1219 748 τὰς
1233 718 1406 752 γεωγραφίας
1427 717 1492 744 πολὺ
1514 717 1562 752 τῆς
1582 716 1710 752 ἀληθείας
1726 716 1777 742 sici.
1792 725 1838 742 πε-

1060 762 1225 796 πλανημένοι
1235 770 1242 776 ⁸
1263 763 1318 788 ἴσον
1340 762 1394 797 γὰρ
1409 762 1512 796 γίνεται
1528 762 1557 788 τὸ
1573 762 1658 796 μῆκος
1673 761 1712 796 τῷ
1729 761 1835 788 πλάτει·

1060 806 1128 842 ὅπερ
1142 808 1190 834 οὐκ
1205 807 1277 834 ἔστιν
1291 808 1320 833 ἐν
1335 809 1368 842 τῇ
1380 807 1468 841 φύσει.
1490 807 1607 841 Ἀνάγκη
1629 805 1676 833 οὖν
1695 806 1733 841 μὴ
1752 807 1838 842 τηρεῖ-

1027 846 1047 872 Β
1062 853 1122 879 σθαι
1146 852 1193 883 τὰς
1213 853 1258 879 ἐπὶ
1276 852 1465 888 διαστημάτων
1480 853 1649 888 συμμετρίας
1664 853 1716 884 τὰς
1734 853 1763 879 ὲν
1782 854 1838 883 ταῖς

1060 898 1233 933 στρογγύλοις
1255 898 1449 934 γεωγραφίαις.
1474 899 1621 934 Ἔκτμημά
1648 907 1674 925 τι
1700 898 1755 934 γάρ
1783 899 1838 925 ἐστι

1060 942 1175 977 σφαίρας
1201 943 1231 969 τὸ
1248 943 1403 977 οἰκούμενον
1431 943 1512 979 μέρος
1536 944 1584 978 τῆς
1607 944 1678 978 γῆς,
1703 943 1837 970 διπλάσιον

1059 987 1118 1023 ἔχον
1138 988 1167 1014 τὺ
1190 988 1277 1023 μῆκος
1296 988 1342 1014 τοῦ
1360 989 1485 1021 πλάτους,
1508 990 1576 1024 ὅπερ
1594 990 1624 1015 οὐ
1641 989 1752 1016 δύναται
1774 990 1839 1015 ἁπο-

1058 1034 1267 1070 τερματίζεσϐαι
1282 1035 1383 1070 κύκλῳ.
1405 1035 1676 1070 Ἀναμεμετρημένου
1692 1035 1719 1061 δὲ
1732 1034 1777 1061 τοῦ
1794 1044 1839 1070 με·

1058 1080 1151 1114 γίστου
1166 1079 1221 1114 (44)
1235 1080 1334 1107 κύκλου
1358 1080 1412 1107 τῶν
1432 1081 1461 1107 ὲν
1486 1082 1519 1116 τῇ
1546 1083 1581 1116 γῇ
1604 1081 1674 1107 κατὰ
1695 1082 1741 1107 τὸν
1758 1082 1786 1107 ἐν
1802 1081 1838 1115 τῷ

1058 1126 1153 1161 κόσμῳ
1177 1126 1369 1161 μεσημϐρινὸν,
1397 1127 1443 1153 καὶ
1467 1127 1617 1162 εὑρημένου
1644 1127 1780 1162 μυριάδων
1803 1129 1839 1152 κε’

1059 1172 1105 1198 καὶ
1120 1172 1232 1198 στώἰων
1244 1172 1278 1207 ﬁ,
1294 1173 1341 1208 τῆς
1352 1173 1495 1209 διαμέτρου
1513 1173 1648 1209 μυριάδων
1664 1173 1699 1208 η’,
1714 1174 1761 1199 καὶ
1776 1173 1839 1199 στά-

1057 1215 1120 1242 δίων
1134 1220 1181 1243 υιε¹
1193 1217 1223 1232 ⁵⁷·
1247 1217 1434 1253 διαιρουμένου
1460 1226 1489 1244 τε
1521 1218 1567 1244 τοῦ
1587 1217 1772 1254 μεσημϐρινοῦ
1785 1218 1838 1252 (45)

1058 1261 1157 1288 κύκλου
1171 1263 1210 1293 εἰς
1226 1262 1295 1298 μέρη
1308 1262 1339 1295 ξ’,
1355 1262 1476 1290 καλεῖται
1488 1264 1518 1289 τὸ
1531 1263 1559 1290 ἓν
1566 1263 1663 1298 τμῆμα
1678 1264 1822 1299 ἑξηκοστόν
1831 1271 1838 1278 °

1057 1306 1072 1332 ὃ
1090 1306 1193 1340 γίνεται
1211 1307 1255 1339 ,δαί
1272 1308 1374 1334 στάδια.
1398 1309 1459 1334 Ἐάν
1482 1308 1536 1344 γὰρ
1559 1308 1723 1344 μερισθῶσιν
1749 1309 1775 1335 αἱ
1802 1307 1839 1334 κε’

1059 1353 1186 1387 μυριάδες
1204 1353 1251 1380 καὶ
1273 1353 1307 1380 τὰ
1331 1353 1353 1388 ,β
1374 1354 1468 1380 στάδια
1492 1355 1531 1385 εἰς
1553 1354 1622 1390 μέρη
1645 1354 1674 1386 ξ’,
1692 1354 1796 1388 γίνεται
1812 1354 1840 1380 τὸ

1058 1397 1200 1432 ἑξηκοστὸν
1227 1399 1339 1425 σταδίων
1358 1399 1410 1435 ,δσῖ
1426 1400 1519 1426 Ἔστιν
1539 1397 1585 1425 οὖν
1608 1399 1641 1425 τὰ
1667 1399 1768 1434 μεταξὺ
1786 1399 1840 1425 τῶν

1058 1444 1149 1476 ζωνῶν
1164 1445 1334 1481 διαστήματα
1354 1447 1445 1473 τοῦτον
1462 1446 1640 1482 ἀφωρισμένα
1663 1447 1708 1472 τὸν
1728 1446 1839 1481 τῷπον.

1058 1490 1118 1517 Τῶν
1131 1491 1181 1526 μὲν
1193 1491 1403 1527 κατεψυγμένων
1418 1492 1509 1524 ζωνῶν
1527 1492 1573 1518 δύο
1585 1493 1615 1518 τὸ
1631 1492 1731 1524 πλάτος
1744 1493 1840 1518 ἑκατέ-

1060 1544 1109 1571 ρας
1139 1537 1227 1563 αὐτῶν
1250 1538 1402 1572 ὲξηκοττῶν
1429 1538 1466 1571 ς’,
1489 1538 1560 1574 ἆττερ
1591 1538 1644 1564 είσὶ
1668 1538 1769 1564 στάδιοι
1792 1539 1841 1574 μὲν

1058 1577 1130 1613 fusa"
1142 1583 1195 1610 τῶν
1205 1584 1233 1610 δὲ
1247 1585 1386 1621 εύκράτων
1396 1585 1442 1612 δύο
1453 1585 1543 1617 ζωνῶν
1554 1585 1584 1611 τὸ
1596 1585 1695 1617 πλάτος
1707 1586 1841 1620 ἑκατέρας

1058 1629 1145 1655 αὐτῶν
1158 1629 1309 1664 ὲξηκοστῶν
1323 1634 1353 1663 ε’,
1369 1630 1388 1657 ἃ
1404 1631 1506 1664 γίνεται
1525 1631 1623 1657 στάδιοι
1639 1631 1688 1666 μὲν
1701 1634 1750 1662 ,κα’
1761 1639 1768 1645 ·
1792 1632 1841 1666 τῆς

1057 1674 1085 1701 δὲ
1108 1673 1323 1711 διακεκαυμένης
1341 1675 1429 1711 ζώνης
1448 1677 1478 1703 τὺ
1497 1676 1597 1707 πλάτος
1623 1675 1777 1711 ἑξηκοστῶν
1799 1675 1839 1711 η’·

1057 1719 1126 1748 ὥστε
1141 1722 1193 1748 ἀπὸ
1206 1721 1251 1748 τοῦ
1266 1722 1422 1758 ίσημερινοῦ
1437 1724 1478 1757 ἐφ’
1491 1723 1607 1759 ἑκάτερα
1624 1723 1692 1757 πρὸς
1703 1723 1768 1754 τοὺς
1784 1731 1842 1758 τρο·

1057 1768 1153 1799 πικοὺς
1169 1767 1299 1803 ὲξηκοστὰ
1312 1767 1380 1795 εἶναι
1393 1769 1424 1799 δ’,
1439 1769 1456 1795 ἂ
1469 1769 1573 1803 γίνεται
1586 1768 1680 1795 στάδια
1699 1769 1748 1803 μὲν
1759 1772 1840 1801 ,ιςω’.

1057 1814 1177 1840 Γίνονται
1194 1812 1240 1841 οὖν
1254 1814 1307 1841 ἀπὸ
1325 1815 1374 1850 μὲν
1394 1815 1440 1841 τοῦ
1465 1815 1545 1841 πόλου
1568 1814 1614 1841 τοῦ
1639 1815 1668 1840 ὲν
1690 1816 1725 1850 τῇ
1745 1816 1792 1850 γῇ.
1813 1815 1842 1846 ὃς

1056 1948 1280 1976 circumferentia:
1294 1950 1388 1976 circuli
1401 1950 1511 1977 maximi
1523 1950 1550 1977 in
1566 1949 1738 1978 Sciotherico
1751 1951 1842 1977 tribu-

1056 1988 1112 2010 tum
1131 1990 1242 2011 auctore
1258 1985 1303 2010 illo
1321 1985 1415 2011 fuisse.
1745 2003 1751 2007 -

1092 2018 1188 2045 Strabo
1204 2019 1262 2046 loco
1278 2020 1362 2046 citato
1380 2019 1563 2054 llipparchum
1579 2020 1617 2046 ait
1632 2019 1759 2047 eumdem
1776 2029 1841 2048 cum

1056 2053 1234 2081 Eratosthene
1252 2059 1330 2081 terrae
1345 2053 1489 2082 circuitum
1506 2056 1667 2089 sumpsisse,
1684 2057 1842 2083 stadiorum

1054 2089 1171 2115 252000.
1184 2089 1288 2116 Plinius
1304 2098 1369 2117 vero
1384 2090 1519 2123 adjecissc
1530 2090 1606 2116 illum
1620 2091 1718 2117 asserit
1727 2092 1761 2117 ad
1774 2091 1844 2118 Era-

1055 2125 1190 2151 tosthenis
1205 2132 1362 2152 mensuram
1373 2125 1453 2159 paulu
1466 2125 1557 2152 minus
1573 2126 1723 2152 stadiorum
1735 2125 1841 2153 23000.

1054 2158 1111 2191 Qua
1128 2160 1231 2186 ratione
1249 2158 1382 2186 maximus
1398 2161 1519 2187 circulus
1533 2161 1585 2187 erit
1602 2160 1672 2186 stad.
1689 2160 1812 2188 9.77000.

1087 2193 1121 2220 Ut
1134 2193 1168 2219 ad
1189 2193 1329 2221 Geminum
1351 2199 1474 2221 nostrum
1496 2195 1604 2222 redeam
1615 2215 1621 2225 ,
1636 2203 1698 2222 cum
1715 2196 1740 2222 is
1755 2201 1844 2224 terra:

1048 2229 1181 2255 ambitum
1199 2237 1231 2256 ex
1252 2228 1439 2257 Eratosthenis
1463 2230 1596 2257 sententia
1626 2231 1843 2258 circumscribat

1049 2263 1200 2290 stadiorum
1217 2263 1335 2295 252000,
1355 2265 1452 2291 falsum
1470 2270 1512 2291 est
1526 2265 1597 2299 quod
1620 2273 1651 2292 ex
1678 2272 1712 2291 eo
1738 2273 1844 2294 conse-

1048 2304 1134 2332 quens
1151 2299 1223 2327 facit.
1245 2300 1407 2326 diametrum
1424 2306 1548 2327 constare
1566 2300 1636 2327 stad.
1651 2300 1752 2327 80415.
1769 2301 1842 2327 Nam

1047 2341 1109 2369 cum
1123 2341 1154 2360 ea
1170 2334 1240 2360 ratio
1256 2334 1291 2360 sit
1304 2335 1428 2361 diametri
1445 2334 1477 2360 ad
1489 2335 1630 2366 ambitum,
1644 2343 1705 2369 qua:
1717 2341 1760 2362 est
1775 2336 1793 2362 7
1807 2337 1842 2362 ad

1047 2367 1082 2429 22
1099 2375 1105 2396 :
1122 2373 1229 2403 oportet
1244 2368 1405 2396 diametrum
1418 2374 1497 2396 terra:
1511 2370 1638 2406 colligere
1654 2367 1729 2397 atad.
1747 2371 1843 2398 80183

1059 2411 1114 2429 ere.

1059 2411 1114 2430 ere.

1085 2438 1139 2472 (45)")
1160 2438 1368 2473 Διαιρουμένου
1385 2439 1419 2465 δὲ
1437 2439 1488 2465 τοῦ
1504 2440 1719 2474 μεσημϐρινοῦ.
1740 2440 1844 2468 Circu-

1048 2473 1103 2509 lum
1121 2478 1227 2500 veteres
1252 2475 1401 2501 astronomi
1427 2475 1453 2500 in
1476 2479 1566 2508 partes
1582 2473 1724 2509 sexaginta
1741 2475 1844 2503 distri-

1049 2507 1175 2546 buerunt,
1194 2513 1222 2535 ut
1237 2516 1319 2543 supra
1336 2507 1519 2546 diximusplta
1539 2507 1716 2546 sexagesima:
1734 2512 1842 2546 cuique

1048 2544 1120 2580 parti
1135 2548 1292 2580 competunt
1303 2544 1390 2570 stadia
1404 2544 1483 2571 4200.
1503 2544 1579 2576 Quod
1592 2546 1614 2571 si
1629 2546 1655 2571 in
1673 2545 1729 2572 360
1743 2544 1842 2580 partes

1047 2578 1185 2614 dividatur
1201 2579 1338 2614 circulus,
1356 2586 1428 2614 ipars
1452 2580 1578 2614 quazlibet
1599 2580 1689 2606 stadia
1714 2578 1841 2614 postulat

1049 2612 1109 2649 700.
1123 2611 1190 2640 Vide
1206 2613 1337 2640 Achillem
1354 2611 1551 2649 Tatium'lsag.
1567 2622 1629 2649 cap.
1645 2615 1690 2641 29.
1707 2611 1772 2642 3am
1789 2617 1842 2643 hoc

1048 2648 1250 2679 admonuimus,
1276 2648 1473 2676 dimensionem
1500 2650 1578 2676 istam
1602 2648 1636 2676 ad
1662 2649 1842 2678 Rhodiacum

1048 2682 1164 2718 ἐγκλιμα
1194 2683 1300 2714 referri,
1322 2683 1347 2709 in
1366 2692 1419 2718 quo
1442 2685 1644 2711 semidiameter
1663 2686 1760 2712 arctici
1785 2687 1842 2713 cir-

1048 2718 1101 2754 culi
1126 2718 1257 2752 graduum
1275 2723 1318 2745 est
1333 2718 1377 2745 56.
1402 2719 1469 2745 Hinc
1484 2721 1565 2745 etiam
1589 2718 1718 2754 frigidam
1738 2727 1840 2747 zonam

1048 2752 1142 2790 detinit
1157 2754 1259 2790 arctico
1275 2754 1378 2790 circulo
1391 2753 1463 2780 illius
1476 2755 1526 2780 loci
1545 2752 1674 2788 proprio:
1688 2760 1719 2781 ut
1733 2756 1841 2790 quibus

1049 2788 1126 2821 polus
1147 2789 1275 2823 gradibus
1289 2788 1323 2815 54
1333 2808 1341 2818 .
1354 2797 1386 2816 ac
1401 2790 1529 2822 deinceps
1546 2790 1671 2822 pluribus
1685 2788 1839 2820 attollitur.

1041 2822 1146 2858 ,frigida
1160 2824 1186 2850 in
1198 2831 1266 2850 zona
1278 2831 1339 2851 esse
1349 2829 1521 2856 censeantur,
1533 2824 1606 2859 quod
1616 2829 1659 2852 est
1670 2824 1839 2853 absurdum.
