1902 3143
79 139 125 166 857

78 200 158 225 κεῖται
172 197 238 224 κατὰ
254 197 297 223 τὸν
317 198 345 224 ὲν
367 197 405 232 τῷ
430 198 524 233 κόσμῳ
543 198 633 230 πόλον,
657 199 736 234 μέχρι
754 199 800 225 τοῦ
817 200 845 225 ἐν
860 203 882 230 Α

77 246 106 278 τῇ
119 244 151 278 γῇ
164 243 291 278 ἀρκτικοῦ
306 243 406 269 στάδιοι
418 243 466 278 μὲν
483 243 560 275 ,κεσ’·
580 244 633 271 ἀπὸ
653 245 681 271 δὲ
695 245 741 270 τοῦ
766 245 794 270 ἐν
813 246 845 279 τῇ

77 290 108 324 γῇ
121 288 256 324 ἀρκτικοῦ,
276 288 305 320 ὃς
323 290 409 315 κεῖται
429 289 498 316 κατὰ
518 290 563 316 τὸν
582 291 609 316 ὲν
629 289 667 325 τῷ
687 290 780 325 κόσμῳ
798 290 847 325 ἀρ-

77 333 171 364 κτικὸν,
192 333 259 368 πρὸς
274 333 318 359 τὸν
336 334 364 359 ὲν
385 335 417 368 τῇ
436 336 470 368 γῇ
484 335 622 370 τροπικὸν,
635 335 663 366 ὃς
678 337 765 361 κεῖται
778 334 847 361 κατὰ

77 378 117 403 τὸν
132 378 159 403 ὲν
171 377 207 412 τῷ
222 377 316 412 κόσμω
326 377 429 413 θερινὸν
438 378 565 413 τροπικὸν
575 398 582 409 ,
598 379 698 405 στάδιοι
715 379 763 414 μὲν
781 382 844 411 ,κα’·

77 423 125 449 dtu-.5
146 423 172 448 δὲ
198 422 244 448 τοῦ
268 422 374 458 θερινοῦ
395 424 525 459 τροπικοῦ
549 424 628 460 μέχρι
649 424 696 451 τοῦ
711 425 739 451 ὲν
757 426 790 460 τῇ
810 426 845 460 γῇ

79 468 236 504 ίσημερινοῦ,
249 468 279 500 ὃς
293 470 380 495 κεῖται
396 469 466 496 κατὰ
478 470 523 495 τὸν
539 470 567 496 ἐν
589 470 627 505 τῷ
646 471 740 506 κόσμῳ
753 471 795 506 ίση
800 479 847 505 με-

79 515 153 550 ρινὸν,
168 514 266 541 στάδιοι
282 518 360 547 ,ιςω’.
373 515 455 541 Πάλιν
472 515 526 542 ἀπὸ
544 515 589 542 τοῦ
610 517 764 552 ἰσημερινοῦ
781 517 848 552 πρὸς

78 560 117 586 τὸν
126 559 213 594 ἕτερον
225 560 353 594 τροπικὸν
366 564 434 596 ,ιςων
443 569 450 575 ·
466 560 519 587 ἀπὸ
534 560 562 586 δὲ
572 560 618 587 τοῦ
631 561 759 597 τροπικοῦ
780 562 847 597 πρὸς

77 605 116 630 τὸν
129 604 253 639 ἀρκτικὸν
270 605 364 633 στάδια
379 608 427 636 ,καί
438 613 444 620 ·
457 605 510 632 ἀπὺ
525 605 553 632 δὲ
564 606 610 632 τοῦ
635 606 762 642 ἀρξιτικοῦ
779 607 848 642 πρὸς

77 649 116 674 τὸν
129 649 218 683 ἕτερον
233 649 313 675 πόλον
327 652 389 681 ,κεσ’
397 658 404 664 ”
425 649 495 676 ὥστε
524 650 685 684 συνάγεσθαι
704 650 734 676 τὸ
747 650 846 685 μεταξὺ

77 695 124 721 τῶν
140 695 224 721 πόλων
246 695 381 731 διάστημα
402 696 537 731 μυριάδων
555 695 587 731 ιβ’
609 696 655 722 καὶ
680 696 792 723 στάδιων
807 704 846 727 ,ς.

77 741 136 775 ὅπερ
148 741 218 766 ἐστὶν
233 741 319 776 ἥμισυ
334 742 382 777 τῆς
400 742 562 777 περιμέτρου
583 741 632 777 τῆς
653 742 705 776 γῆς
716 750 723 757 ·
749 741 778 768 τὸ
794 741 847 776 γὰρ

77 786 123 812 ἀπὸ
132 786 175 812 τοῦ
192 786 273 813 πόλου
297 787 341 813 ἐπὶ
364 787 409 814 τὸν
432 788 512 814 πόλον
534 788 606 813 ἐστὶν
626 786 795 822 ἡμικύκλιον.
815 787 847 812 Ἡ

78 832 101 858 δὲ
112 832 237 868 διαίρεσις
253 833 307 859 τῶν
322 833 473 868 ἐξηκοστῶν
485 833 585 860 τούτων
604 833 650 860 καὶ
660 833 698 859 ’ἐν
714 834 771 864 ταῖς
788 841 847 867 κρι-

78 880 168 911 κωταῖς
187 879 315 915 σφαίραις
330 881 346 914 ἡ
364 879 431 915 αὑτὴ
448 880 573 915 ὑπάρχει.
597 879 849 911 Κατασκευάζονται
866 876 885 903 Β

78 924 123 958 γὰρ
136 926 161 951 αἱ
175 925 308 960 κρικωταὶ
329 926 439 960 σφαῖραι
464 925 563 957 οὕτως·
583 925 636 951 ἀπὸ
663 925 708 952 τοῦ
730 925 811 951 πόλου
833 927 848 952 ὁ

77 970 193 1005 ἀρκτικὸς
211 970 345 997 διίσταται
360 971 455 1006 μοίρας
474 970 527 1003 λς’,
541 971 611 1006 ἅπερ
627 971 699 998 ἐστὶν
715 970 847 1007 έξηκοστὰ

79 1019 115 1047 ς¹”
131 1016 218 1049 ἑξάκις
233 1016 287 1052 γὰρ
304 1015 333 1048 ἓξ
349 1016 452 1050 γίνεται
467 1016 520 1048 λς’.
542 1017 571 1044 '0
593 1017 620 1043 δὲ
645 1017 774 1052 ἀρκτικὸς
796 1017 848 1043 ἀπὸ

76 1062 116 1088 τοῦ
126 1062 226 1098 θερινοῦ
242 1063 370 1098 τροπικοῦ
386 1062 518 1090 διίσταται
533 1063 629 1099 μοίρας
640 1063 661 1089 λ’
670 1072 677 1080 ·
691 1063 762 1099 ἆπερ
776 1064 847 1090 ἐστὶν

77 1108 196 1143 ἑξηκοστὰ
216 1111 248 1135 ε’.
272 1108 300 1135 '0
314 1109 341 1134 δὲ
363 1108 466 1144 θερινὸς
482 1109 608 1144 τροπικδς
622 1108 674 1135 ἀπὸ
690 1108 736 1134 τοῦ
753 1109 847 1143 ἰσημε-

78 1152 141 1187 ρινοῦ
158 1152 282 1188 διέστηκε
303 1153 399 1189 μοίρας
417 1152 466 1185 κδ’,
481 1153 553 1188 ἅπερ
568 1154 640 1180 ἐστὶν
658 1152 789 1188 ἐξηκοπὰ
809 1154 846 1180 δ’·

77 1199 128 1225 ὁδὲ
149 1198 303 1234 ίσημερινὸς
330 1199 383 1226 ἀπὸ
414 1199 461 1225 τοῦ
481 1199 634 1234 χειμερινοῦ
664 1199 792 1235 τροπικοῦ
810 1200 848 1226 δι-

77 1243 164 1279 έστηκε
178 1244 225 1275 τὰς
245 1244 304 1275 ἴσας
325 1244 421 1279 μοίρας
441 1244 494 1270 κδ’·
512 1245 526 1271 ό
543 1244 572 1271 δὲ
588 1245 738 1281 χειμερινὸς
755 1253 848 1280 τροπι-

77 1289 118 1320 ab;
130 1289 174 1316 τοῦ
186 1289 368 1325 ἀνταρκτικοῦ
381 1289 504 1325 διέστηκε
520 1290 614 1325 μοίρας
629 1289 663 1315 λ’·
677 1289 733 1316 ὀῖδὲ
750 1290 848 1326 ἀνταρ-

77 1335 159 1367 κτικὸς
182 1336 238 1362 ἀπὸ
259 1335 306 1362 τοῦ
325 1335 411 1362 νοτίου
436 1335 515 1362 πόλου
533 1335 656 1371 διέστηκε
677 1337 772 1372 μοίρας
787 1337 845 1369 λς’·

78 1381 140 1408 ὥστε
156 1381 234 1408 πάλιν
248 1381 301 1408 ἀπὺ
318 1381 364 1407 τοῦ
387 1381 467 1408 πόλου
493 1382 538 1407 ἐπὶ
562 1381 608 1408 τὸν
628 1382 707 1410 πόλον
734 1383 847 1417 συνάγε-

77 1427 131 1453 σθαι
147 1428 193 1463 μὲν
210 1427 309 1462 μοίρας
324 1430 378 1462 ρπ¹,
394 1426 526 1461 ἐξηκοστὰ
538 1426 566 1453 δὲ
580 1427 615 1453 λ’·
629 1427 696 1462 πρὸς
707 1427 760 1464 γὰρ
771 1428 848 1454 τοῦτο

77 1473 102 1498 τὺ
115 1472 140 1498 ἓν
156 1473 239 1508 κλίμα
255 1473 302 1499 καὶ
315 1473 342 1498 αἱ
361 1473 492 1508 κρικιιγιαλ¹
507 1473 616 1509 σφαῖραι
632 1473 847 1505 κατασκευάζον-

76 1525 124 1550 ται,
138 1519 182 1545 καὶ
204 1519 231 1545 αἱ
251 1518 369 1553 στερεαὶ.
391 1518 445 1544 τῶν
462 1517 598 1554 ἀρκτιπὶῶν
619 1519 706 1553 μόνων
733 1527 848 1553 μεταπι-

77 1564 185 1591 πτόντων
206 1565 234 1591 ἓν
255 1573 326 1591 τισιν
345 1565 466 1600 οἰκήσεσι
486 1565 555 1591 κατὰ
573 1564 622 1596 τὰς
635 1565 795 1596 διαστάσεις.
813 1565 846 1591 Ai

79 1610 189 1644 μέντοιγε
204 1611 232 1637 ὲν
247 1612 282 1646 τῇ
293 1611 327 1645 γῇ
339 1610 421 1643 ζῶναι
437 1610 503 1646 πρὸς
518 1611 548 1637 τὸ
560 1611 703 1646 εἰρημένον
718 1610 747 1637 ἓν
763 1610 846 1645 κλίμα

77 1656 229 1691 λαμϐάνουσι
253 1657 302 1692 τὴν
325 1656 453 1692 διαίρεσιν
471 1656 524 1683 τῶν
547 1657 593 1683 ἐπὶ
619 1656 666 1691 τῆς
684 1657 735 1692 γῆς
755 1665 846 1683 κατοι-

77 1701 194 1729 κούντων.
209 1702 288 1728 Ὅσοι
304 1701 352 1736 μὲν
375 1699 420 1728 οὖν
440 1702 485 1728 ἐπὶ
507 1701 553 1728 τοῦ
575 1700 656 1729 αὐτοῦ
676 1702 846 1738 παραλλήλου

77 1748 230 1779 κατοικοῦσι,
254 1747 360 1778 τούτοις
384 1747 418 1773 τὰ
441 1746 511 1773 αὐτὰ
535 1747 684 1782 φαινόμενα
707 1747 777 1774 κατὰ
797 1746 847 1776 τὰς

76 1793 183 1827 οἰκήσεις
197 1794 328 1828 γίνονται,
344 1793 390 1819 καὶ
412 1792 446 1819 τὰ
472 1793 572 1828 μεγέθη
592 1793 645 1819 τῶν
666 1792 774 1828 ἡμερῶν
791 1793 845 1824 ῐσα,

77 1839 116 1865 καὶ
137 1839 169 1865 τὰ
195 1839 298 1874 μεγέθη
326 1838 380 1865 τῶν
405 1838 549 1873 ἐκλείψεων
572 1838 627 1873 (46)
652 1838 775 1870 τοιαῦτα,
800 1839 846 1865 καὶ

75 1883 121 1910 τῶν
141 1884 331 1920 ὠροσκοπείων
353 1884 526 1920 καταγραφαὶ
544 1885 572 1910 αἱ
595 1884 674 1910 αὐταί
686 1892 693 1898 ·
715 1884 762 1910 καὶ
781 1883 848 1910 καθ-

76 1927 128 1954 όλου
143 1929 227 1956 πάντα
246 1929 281 1955 τὰ
295 1929 358 1964 περὶ
373 1929 422 1961 τὰς
444 1929 562 1964 οίκὴσεις
580 1930 629 1960 τὰς
642 1929 687 1955 ἐπὶ
703 1929 749 1956 τοῦ
764 1928 846 1956 αὑτοῦ

76 1974 235 2010 παραλλήλου
250 1975 388 2010 κειμένας,
401 1974 435 2001 τὰ
449 1974 517 2001 αὐτὰ
530 1974 655 2009 ὑπάρχει.
679 1974 715 2000 Τὺ
731 1975 784 2010 γὰρ
802 1974 847 2008 ἔγ-

76 2018 149 2054 κλιμα
162 2019 207 2046 τοῦ
221 2021 323 2054 κόσμου
344 2019 418 2055 μένει
432 2020 461 2046 τὸ
480 2019 553 2046 αὑτό.
573 2019 652 2054 Παρὰ
670 2018 724 2054 γὰρ
746 2019 776 2045 τὸ
799 2019 845 2052 ἐγ-

76 2064 150 2100 κλιμα
159 2067 204 2092 τοῦ
216 2068 320 2102 κόσμου
335 2067 448 2102 διάφορα
464 2067 566 2100 γίνεται
587 2066 621 2092 τὰ
637 2066 794 2100 φαινόμενα.
813 2066 845 2092 Αἱ

77 2109 188 2144 μέντοιγε
208 2111 292 2147 ἀρχαὶ
315 2111 368 2136 τῶν
396 2110 505 2145 ἡμερῶν
534 2110 579 2136 καὶ
601 2111 629 2135 αἱ
655 2110 776 2136 τελευταὶ
797 2110 845 2144 οὐχ

76 2153 126 2188 ἅμα
151 2157 216 2183 πᾶσι
237 2156 366 2190 γίνονται,
392 2155 448 2181 ἀλλ’
470 2153 510 2186 οἷς
531 2155 579 2190 μὲν
601 2156 740 2191 πρότερον,
759 2152 799 2187 οἷς
817 2156 845 2181 δὲ

75 2198 176 2236 ’ὕστερον
188 2222 194 2229 .
217 2202 273 2228 Καί
293 2203 365 2228 ἐστιν
386 2202 402 2236 ἡ
428 2201 501 2236 παρὰ
518 2202 599 2227 πᾶσιν
617 2201 639 2216 ⁸³
658 2205 680 2227 α’
695 2201 763 2236 ὥρα,
782 2202 845 2236 παρ’
861 2211 884 2239 ι)

74 2245 153 2278 ἄλλοις
168 2248 250 2282 μέσον
273 2247 377 2282 ἡμέρας
404 2245 479 2277 οὖσα,
499 2248 563 2282 παρ’
579 2245 619 2278 οἷς
631 2247 660 2273 δὲ
678 2247 752 2278 δύσις
766 2246 841 2273 οὖσα.

77 2292 136 2328 Ἤδη
152 2292 275 2328 μέντοιγε
295 2293 362 2328 πρὸς
372 2294 420 2328 τὴν
428 2293 551 2329 αἴσθησιν
562 2293 653 2328 σχεδὸν
664 2294 709 2320 ἐπὶ
722 2294 844 2324 σταδίους

76 2339 95 2361 υ¹
108 2337 150 2364 ἀπ’
163 2338 294 2372 ἀνατολῆς
313 2338 359 2363 ἐπὶ
375 2337 450 2364 δύσιν
466 2338 479 2363 ό
496 2337 575 2368 αὐτὸς
593 2337 690 2372 ὁρίζων
705 2337 825 2372 διαμένει
835 2345 841 2351 ·

76 2380 136 2408 ὥστε
163 2384 229 2420 πρὸς
253 2383 376 2419 αἴσθησιν
400 2383 456 2418 ἅμα
472 2382 521 2418 τὴν
543 2382 672 2417 ἀνατολὴν
693 2382 781 2413 αὐτοῖς
802 2382 844 2416 γί-

75 2428 155 2455 νεσθαι
178 2431 224 2456 καὶ
249 2430 298 2465 τὴν
317 2429 402 2456 δύσιν.
416 2429 500 2455 Ὅταν
523 2428 551 2454 δὲ
574 2428 664 2455 πλεῖον
684 2427 794 2462 γένηται
816 2428 846 2454 τὸ

74 2472 196 2510 διάστημα
210 2475 265 2502 τῶν
281 2479 302 2501 υ¹
320 2475 442 2506 σταδίων,
454 2474 634 2510 προανατολαὶ
645 2474 691 2500 καὶ
703 2473 846 2509 προδόσεις

73 2520 190 2551 γίνονται.
208 2522 271 2552 Τοῖς
286 2521 314 2547 δὲ
331 2523 377 2547 ἐπὶ
395 2521 441 2547 τοῦ
458 2520 539 2547 αὐτοῦ
558 2519 740 2555 μεσημϐρινοῦ
756 2527 846 2546 κατοι-

74 2565 140 2592 κοῦσι
154 2567 234 2603 μέχρι
257 2567 306 2602 μὲν
331 2567 442 2593 σταδίων
458 2569 480 2593 υ¹
493 2565 689 2601 ἀνεπαίσθητος
709 2565 814 2599 γίνεται
826 2565 843 2599 ἡ

103 2654 123 2669 ⁴¹
139 2656 158 2689 f.
174 2657 255 2682 τισίν.

86 2731 154 2769 ,(ιϐ)
169 2733 223 2760 Καὶ
244 2734 280 2759 τὰ
301 2734 408 2768 μεγέθη
431 2733 489 2760 τῶν
516 2733 689 2767 ἐκλείψεων.
719 2731 838 2769 Falsum.

76 2763 131 2792 Nam
146 2763 234 2802 neque
251 2769 285 2795 de
301 2763 462 2798 'lunaribus.
489 2777 576 2803 neque
600 2763 633 2796 de
653 2768 789 2794 solaribus
812 2767 838 2794 id

77 2807 138 2838 recte
154 2804 265 2830 dicitur.
291 2802 412 2831 Lunares
436 2802 539 2838 quippe
561 2812 613 2830 non
636 2804 662 2829 in
681 2803 776 2838 iisdem
792 2810 839 2830 so—

77 2834 202 2865 lummodo
224 2839 361 2873 parallclis
386 2834 510 2874 «quales.
534 2843 682 2873 apparent,
709 2837 756 2864 sed
779 2838 838 2864 ubi-

561 138 693 166 ‘GEMINI
715 139 898 166 ELEMENT-A
918 138 1164 168 ASTRONOMIE.

1627 140 1678 168 858

897 199 948 225 sub
972 199 1035 234 polo
1052 199 1156 231 mundi,
1175 206 1260 233 usque
1275 198 1308 225 ad
1330 197 1460 226 circulum
1483 198 1613 225 arcticum
1633 199 1681 234 qui

897 250 938 273 est
955 246 980 272 in
995 250 1080 278 terra,
1097 246 1184 273 stadia
1203 245 1309 272 25200:
1331 253 1427 272 rursus
1446 245 1481 273 ab
1497 245 1599 272 aretico
1631 246 1679 280 qui

896 295 938 319 est
951 291 977 318 in
995 296 1076 323 terra,
1093 296 1119 318 et
1136 291 1188 319 sub
1208 291 1270 318 cmli
1291 291 1405 322 arctico,
1429 299 1516 326 usque
1535 292 1569 319 ad
1594 292 1682 327 tropi-

897 345 958 364 cum
980 341 1130 371 terrenum,
1158 337 1204 371 qui
1230 337 1340 372 ponitur
1364 337 1415 364 sub
1442 337 1546 364 caelesti
1575 338 1681 375 tropico

896 383 999 416 aestivo,
1028 383 1115 411 stadia
1139 383 1240 415 2I000;
1265 391 1363 411 rursus
1390 383 1424 410 ab
1457 384 1551 410 aestivo
1575 384 1680 419 tropico

896 437 983 464 usque
998 429 1031 456 ad
1045 433 1204 457 terrestrem
1225 429 1452 463 aquincctialem,
1481 430 1526 464 qui
1547 430 1615 457 situs
1638 434 1681 458 est

896 475 948 502 sub
978 475 1158 509 aequinoctiali
1185 475 1333 508 mundano,
1355 478 1419 503 sunt
1455 476 1542 503 stadia
1574 475 1680 510 I6800;

895 527 990 547 rursus
1005 521 1039 548 ab
1053 520 1235 555 aequinoctiali
1256 529 1341 556 usque
1356 521 1396 551 ad,
1411 522 1524 548 alterum
1547 522 1680 556 tropicum

897 565 982 593 stadia
999 570 1063 593 sunt
1082 566 1177 594 I6800.
1194 567 1318 594 Deindea
1331 567 1436 602 tropico
1451 576 1538 602 usque
1551 568 1585 595 ad
1598 569 1682 596 arcti«

896 616 958 636 cum
993 614 1058 637 sunt
1095 612 1184 638 stadia
1215 611 1321 644 21000;
1348 615 1487 646 postremo
1510 613 1545 639 ab
1579 613 1681 641 arctico

896 662 982 690 usque
993 655 1025 682 ad
1036 656 1148 683 alterum
1162 657 1252 692 polum
1261 657 1357 688 25200.
1370 661 1398 684 ut
1409 658 1537 685 distantia
1549 658 1620 686 inter
1633 667 1682 693 po-

896 700 937 727 los
954 701 1099 735 colligatur
1112 709 1172 729 esse
1188 702 1221 729 12
1242 703 1405 738 myriadum,
1423 709 1450 730 et
1465 695 1594 738 praeterea
1611 704 1681 732 6000

897 745 1056 779 stadiorum,
1068 747 1143 781 quod
1164 751 1205 775 est
1218 747 1359 775 dimidium
1380 748 1606 776 circumferentia
1625 753 1682 777 ter-

896 797 1023 824 rae;nam
1047 791 1175 818 distantia
1205 799 1265 827 qua:
1283 797 1325 819 est
1350 800 1365 818 a
1388 793 1449 827 polo
1467 800 1553 827 usque
1573 793 1606 820 ad
1631 800 1681 828 po-

897 836 964 867 lum,
981 841 1023 864 est
1040 837 1239 865 semicirculus.
1258 837 1360 865 Divisio
1373 841 1463 865 autem
1484 839 1579 865 horum
1598 846 1680 866 sexa»

899 882 1062 917 gesimorum
1091 883 1172 910 etiam
1199 884 1226 910 in
1252 883 1436 910 armillaribus
1453 884 1567 918 sphaeris
1585 884 1679 912 eadem

897 932 948 955 est.
972 927 1105 955 Parantur
1125 929 1196 956 enim
1218 929 1371 956 armillares
1389 929 1501 964 sphaerae
1517 930 1597 957 sic.A
1617 930 1680 964 polo

897 974 1014 1000 arcticus
1030 973 1113 1000 distat
1125 973 1248 1009 partibus
1261 973 1304 1005 56,
1318 981 1377 1008 qua
1390 978 1454 1000 sunt
1463 975 1630 1009 sexagesima
1644 975 1679 1008 6;

897 1018 985 1046 sexies
997 1019 1069 1045 enim
1088 1027 1135 1046 sex
1147 1023 1211 1046 sunt
1229 1018 1273 1045 56.
1296 1019 1422 1046 Arclicus
1447 1020 1481 1046 ab
1509 1021 1602 1047 aestivo
1625 1025 1681 1048 tru-

897 1064 958 1099 pico
971 1064 1053 1091 distat
1065 1064 1194 1098 gradibus
1206 1065 1252 1096 30,
1267 1064 1314 1099 qui
1337 1064 1440 1092 faciunt
1455 1066 1622 1100 sexagesima
1644 1066 1678 1099 5;

896 1109 1006 1136 aestivus
1019 1109 1140 1144 tropicus
1156 1109 1238 1136 distat
1252 1110 1286 1137 ab
1299 1110 1482 1145 atquinoctiali
1493 1111 1623 1146 gradibus
1631 1112 1678 1144 24,

896 1156 943 1190 qui
962 1159 1027 1182 sunt
1039 1156 1207 1190 sexagesima
1223 1155 1250 1182 4.
1265 1154 1478 1190 Equinoctialis
1493 1156 1578 1183 distat
1592 1157 1626 1184 ab
1635 1157 1680 1184 hi—

897 1201 981 1229 berno
997 1201 1101 1236 tropico
1112 1201 1221 1228 totidem
1235 1201 1364 1236 gradibus
1384 1201 1429 1228 24.
1457 1201 1564 1229 Rursus
1588 1202 1680 1229 hiber-

897 1254 948 1273 nus
956 1247 1075 1281 tropicus
1087 1246 1120 1272 ab
1130 1246 1278 1273 antarctico
1288 1246 1371 1273 distat
1382 1246 1511 1281 gradibus
1523 1246 1572 1278 50;
1584 1250 1678 1273 antar—

895 1294 983 1320 cticus
1003 1292 1037 1319 ab
1060 1292 1171 1319 australi
1197 1292 1258 1326 polo
1289 1291 1372 1319 distat
1401 1291 1532 1327 gradibus
1564 1292 1617 1324 56;
1648 1296 1678 1318 ut

897 1346 993 1366 rursus
1014 1345 1029 1364 a
1055 1337 1117 1372 polo
1132 1345 1218 1372 usque
1236 1336 1270 1363 ad
1291 1337 1381 1372 polum
1399 1337 1561 1371 colligantur
1577 1337 1678 1372 gradus

898 1384 960 1416 180,
977 1383 1144 1418 sexagesima
1160 1390 1223 1410 vero
1234 1383 1277 1410 50.
1286 1383 1326 1409 Ad
1340 1383 1391 1409 hoc
1405 1382 1476 1409 enim
1490 1389 1572 1408 unum
1586 1382 1677 1413 clima,

897 1434 923 1457 et
941 1429 1052 1464 sphaera:
1063 1429 1225 1461 armillares,
1238 1432 1265 1456 et
1283 1428 1377 1456 solidae
1393 1432 1533 1462 parantur.
1549 1435 1610 1454 cum
1626 1427 1678 1455 soli

897 1475 991 1502 arctici
1006 1475 1033 1501 in
1054 1474 1215 1509 quibusdam
1237 1474 1453 1501 habitationibus
1471 1474 1619 1501 secundum
1635 1474 1678 1500 di-

898 1520 1012 1548 stantias
1035 1523 1184 1546 mutentur.
1205 1519 1240 1546 At
1261 1526 1335 1546 zona'
1356 1523 1498 1546 terrestres
1521 1518 1553 1546 ad
1574 1518 1677 1545 dictum

898 1573 980 1594 unum
1006 1565 1087 1592 clima
1113 1565 1251 1599 accipiunt
1267 1564 1427 1592 divisionem
1448 1571 1556 1595 eorum,
1580 1564 1626 1598 qui
1649 1564 1677 1590 in

897 1616 969 1639 terra
985 1611 1115 1639 habitant.
1131 1610 1215 1645 Igitur
1225 1610 1272 1645 qui
1293 1609 1386 1637 eodem
1402 1609 1432 1636 in
1454 1609 1581 1644 parallelo
1600 1609 1677 1636 liabi~

897 1661 966 1689 tant,
979 1657 1020 1684 his
1034 1656 1131 1684 eaedem
1148 1659 1212 1683 sunt
1223 1655 1387 1690 apparentia:
1404 1654 1553 1682 secundum
1572 1654 1678 1682 habita-

896 1703 1000 1736 tiones;
1012 1705 1038 1729 et
1052 1701 1251 1736 magnitudines
1265 1700 1371 1727 dierum
1385 1699 1503 1734 aequales
1515 1708 1522 1733 ;
1534 1703 1562 1726 et
1574 1699 1679 1733 magni-

895 1746 1004 1774 tudines
1018 1740 1275 1781 eclipsium’similes
1289 1753 1296 1777 ;
1311 1748 1338 1771 et
1350 1744 1548 1778 descriptiones
1563 1744 1676 1771 horolo-

896 1793 1017 1828 gicorum
1044 1788 1292 1819 instrumentorum
1319 1789 1436 1822 eadem;
1461 1793 1488 1816 et
1520 1790 1677 1817 summatim

896 1837 987 1864 omnia
1000 1843 1060 1871 quae
1073 1837 1234 1871 contingunt
1249 1836 1322 1862 circa
1337 1833 1520 1861 habitationes
1540 1834 1566 1860 in
1581 1835 1676 1861 eodem

896 1882 1026 1917 parallelo
1037 1882 1149 1917 positas.
1159 1881 1334 1909 sunteadem.
1349 1880 1416 1907 Nam
1429 1880 1570 1907 inclinatio
1581 1880 1676 1908 mundi

895 1931 986 1954 manet
1000 1926 1103 1954 eadem.
1126 1926 1239 1960 Propter
1254 1925 1459 1952 inclinationem
1487 1924 1559 1951 enim
1583 1925 1677 1952 mundi

896 1971 1007 1999 diversae
1036 1975 1100 1998 sunt
1136 1971 1308 2005 apparentia.
1343 1969 1427 2005 Atqui
1459 1969 1536 1996 initia
1571 1969 1676 1996 dierum

896 2021 922 2045 et
944 2017 1010 2044 ﬁnes
1032 2024 1086 2043 non
1103 2017 1183 2045 simul
1207 2016 1274 2043 Iiunt
1297 2016 1433 2047 omnibus,
1452 2015 1499 2042 sed
1515 2014 1575 2041 aliis
1590 2015 1675 2048 prius,

895 2063 957 2091 aliis
978 2063 1114 2098 posterius
1131 2065 1246 2096 :eslque
1271 2062 1342 2097 apud
1367 2069 1462 2088 omnes
1483 2061 1570 2096 prima
1597 2060 1674 2090 hora.

895 2117 956 2136 cum
977 2116 1008 2136 ea
1032 2108 1102 2143 apud
1127 2108 1195 2136 alios
1221 2108 1256 2135 sit
1275 2108 1391 2134 medium
1417 2106 1482 2138 diei.
1516 2105 1588 2140 apud
1609 2105 1677 2133 alios

895 2161 1019 2182 occasus.
1042 2153 1100 2180 Jam
1121 2160 1186 2180 vero
1197 2152 1285 2188 quoad
1305 2159 1426 2183 sensum,
1449 2151 1504 2178 fere
1529 2151 1563 2177 ad
1588 2150 1677 2178 stadia

895 2200 948 2227 400
971 2201 1006 2227 ab
1030 2203 1091 2226 ortu
1119 2207 1214 2227 versus
1243 2205 1369 2225 occasum
1395 2197 1465 2224 idem
1490 2200 1580 2223 manet
1599 2196 1676 2223 hori-

896 2254 957 2274 zon.
990 2246 1081 2280 Itaque
1112 2245 1198 2280 quoad
1238 2251 1347 2272 sensum
1372 2243 1452 2270 simul
1489 2242 1556 2277 ipsis
1587 2242 1677 2270 evenit

897 2297 982 2324 ortus,
996 2295 1023 2318 et
1033 2298 1157 2318 occasus.
1172 2290 1205 2316 At
1218 2290 1263 2317 ubi
1280 2289 1408 2317 distantia
1426 2288 1508 2315 fuerit
1524 2287 1611 2322 major
1623 2288 1675 2314 600

897 2337 1000 2368 stadiis,
1032 2336 1068 2362 ibi
1091 2335 1308 2370 antegressiones
1332 2339 1440 2361 ortuum
1470 2337 1496 2360 et
1527 2340 1675 2360 occasuum

897 2382 972 2409 ﬁunt.
986 2382 1020 2409 Iis
1040 2388 1104 2408 vero
1122 2381 1169 2415 qui
1194 2381 1221 2407 in
1248 2379 1342 2408 eodem
1370 2378 1519 2406 meridiano
1540 2379 1674 2410 habitant.

897 2436 984 2462 usque
1002 2427 1035 2454 ad
1054 2427 1141 2455 stadia
1164 2426 1217 2454 400
1239 2425 1405 2453 insensibilis
1428 2424 1456 2451 [it
1472 2425 1610 2452 climatum
1628 2431 1675 2451 va-

898 2474 981 2501 rietas
997 2473 1087 2501 simul.
1103 2472 1294 2500 Verumtamen
1310 2472 1344 2499 ob
1356 2479 1414 2499 eam
1428 2471 1594 2502 distantiam,
1617 2478 1676 2504 quae

899 2519 984 2554 magis
999 2518 1168 2545 transcendit
1183 2525 1278 2544 versus
1300 2517 1508 2551 septentrionem
1528 2517 1574 2541 aut
1594 2515 1676 2540 meri<

899 2564 980 2596 diem,
999 2564 1050 2591 alia
1065 2564 1093 2590 Iit
1110 2563 1258 2590 inclinatio.
1284 2562 1375 2597 Itaque
1396 2569 1491 2589 omnes
1512 2559 1677 2595 apparentia:

894 2738 1001 2768 cunque
1018 2731 1086 2768 luna
1097 2729 1270 2768 prospicitur.
1292 2728 1401 2768 salares
1419 2732 1506 2753 autem
1524 2727 1605 2768 etiam
1623 2726 1675 2768 sub

893 2762 988 2793 eodem
1001 2762 1132 2800 parallelo
1147 2762 1505 2802 irimquales_videnlur;aut
1519 2762 1598 2802 elia‘m
1611 2762 1674 2802 ali‘bi

893 2795 1008 2862 "tingue.
1021 2801 1156 2828 videntur.
1170 2795 1259 2832 Quare
1280 2798 1351 2825 aliud
1378 2797 1465 2832 agenti
1489 2797 1540 2823 hoc
1560 2795 1674 2825 Gemino

893 2837 951 2862 exci
974 2836 1003 2862 it.

893 2843 1003 2863 ειριαιι.
