1902 3143
216 137 267 165 859

215 241 368 277 gnitudines
388 238 541 273 eclipsium,
566 239 594 262 et
613 233 815 268 horologiorum
835 229 999 264 descriptio-

217 275 266 315 nes
280 287 392 314 diversa:
417 288 528 320 propter
554 281 737 309 habitationes
760 279 828 305 ﬁunt
842 278 876 304 iis
902 276 949 310 qui
972 275 1000 302 in

216 333 310 360 eodem
321 331 470 358 meridiano
484 329 618 356 habitant.
633 326 700 354 Nam
715 324 856 353 inclinatio
869 327 999 354 mutatur,

216 386 276 405 cum
293 377 334 404 vel
352 376 384 403 ad
399 376 520 406 boream,
537 375 579 402 vel
599 373 632 400 ad
652 372 792 400 meridiem
812 369 841 397 ﬁt
858 369 1000 396 transitus.

215 423 295 457 Atqui
313 421 470 448 mcdietates
484 420 591 447 dierum
614 422 640 445 et
653 417 812 444 medietates
826 415 945 442 noctium
961 412 999 440 si-

216 468 270 494 mul
285 467 414 494 eveniunt
437 465 566 493 omnibus
591 464 624 491 iis
648 462 739 498 quiin
762 460 857 488 eodem
878 459 1001 486 habitant

216 514 374 541 meridiano.

216 559 387 596 μεσημϐρίαν
405 559 454 594 τῆς
476 557 649 593 μεταϐάσεως
670 555 824 590 γενομένης.
850 553 890 579 Τὰ
909 552 1033 586 μέντοιγε

215 607 281 633 πᾶσι
295 606 398 641 γίνεται
417 607 474 637 τοῖς
487 606 532 632 ἐπὶ
546 604 591 631 τοῦ
608 603 689 631 αὑτοῦ
706 600 892 638 μεσημϐρινοῦ
907 597 1034 626 κατοικοῦ

249 653 300 688 31
317 653 384 680 Cum
397 657 486 680 autem
504 653 537 679 de
554 651 668 678 australi
684 657 753 677 zona
770 649 898 679 dicimus,
920 652 947 675 et
969 647 1002 673 de

217 699 252 726 iis
267 699 313 733 qui
329 699 356 725 in
373 706 404 726 ea
422 698 554 729 habitant,
573 697 606 724 ad
627 697 683 724 hac
708 697 742 723 de
764 694 938 729 antipodibus
955 692 1001 727 qui

218 747 245 770 tn
255 745 349 771 eadem
367 747 449 774 sunt;
466 743 590 770 convenit
603 749 635 769 ea
651 750 712 777 qua:
720 742 851 768 dicuntur
865 740 905 768 sic
922 739 1003 766 intel-

218 790 310 824 ligere,
328 793 358 816 ut
376 797 427 817 nos
445 789 479 816 de
493 789 604 816 australi
621 789 730 822 quidem
746 795 814 815 zona
836 787 939 814 nullam
960 785 1002 812 hi-

218 834 328 860 storiam
341 834 536 868 acceperimus,
552 841 640 868 neque
655 841 688 860 an
705 833 753 860 ulli
772 834 799 859 in
813 840 845 859 ea
860 831 999 863 habitent;
1019 849 1039 876 Β

219 879 265 905 sed
285 878 357 913 quod
379 879 485 906 ratione
512 880 596 906 totius
616 878 739 913 sphaerae,
757 882 783 905 et
801 877 892 912 ﬁgurae
912 881 999 907 terrae,

219 927 245 950 et
262 931 424 958 progressus
447 924 523 955 solis.
540 925 585 959 qui
609 924 638 950 tit
659 924 730 950 inter
744 923 874 957 tropicos,
892 922 928 949 sit
953 922 1001 947 ali-

219 977 272 1002 qua
290 969 372 995 etiam
395 969 479 995 altera
501 976 580 999 zona,
597 975 644 995 seu
667 968 745 1003 plaga
769 974 864 995 versus
878 970 1000 993 austrum

221 1013 285 1043 sita,
302 1019 361 1047 quae
377 1013 475 1039 habeat
491 1012 561 1039 idem
579 1015 821 1046 temperamentum
839 1017 899 1037 cum
920 1010 1001 1036 borea

219 1066 299 1090 zona,
320 1059 347 1085 in
361 1066 413 1093 qua
433 1066 482 1085 nos
500 1058 670 1091 habitamus;
688 1057 813 1085 similiter
832 1056 914 1083 etiam
935 1055 1001 1082 dici-

221 1111 281 1130 mus
295 1103 328 1130 de
341 1103 523 1137 antipodibus.
535 1109 589 1128 non
603 1101 681 1136 quasi
695 1101 805 1128 omnino
817 1099 942 1126 habitent
955 1098 1002 1124 ali-

220 1150 267 1185 qui
292 1151 319 1177 in
343 1150 436 1178 eadem
449 1150 584 1177 diametro
603 1148 744 1176 nobiscum
763 1156 769 1174 :
795 1146 843 1174 sed
866 1145 938 1180 quod
965 1145 1002 1173 sit

222 1195 320 1230 aliquis
340 1195 417 1222 locus
437 1195 593 1222 habitabilis
615 1195 642 1221 in
667 1197 738 1220 terra
755 1191 904 1219 secundum
929 1197 1002 1217 eam-

221 1242 281 1269 dem
293 1241 455 1269 diametrum
467 1241 619 1268 nobiscum.

257 1329 314 1357 Sub
339 1329 467 1356 torridam
493 1332 583 1355 autem
610 1335 705 1354 zonam
725 1325 847 1354 nonnulli
870 1329 1002 1356 veterum,

222 1376 292 1403 inter
312 1383 380 1410 quos
400 1380 442 1403 est
467 1379 494 1402 et
515 1374 662 1402 Cleanthes
684 1373 794 1400 Stoicus
813 1370 1002 1407 philosophus,

223 1421 399 1456 prodiderunt
422 1421 513 1448 fusum
534 1428 595 1448 esse
611 1420 681 1447 inter
706 1419 824 1453 tropicos
840 1417 976 1444 Oceanum
995 1424 1002 1441 :

223 1467 322 1502 quibus
342 1471 526 1501 congruenter
549 1470 576 1493 et
598 1466 695 1492 Crates
713 1464 907 1500 grammaticus
928 1469 1004 1490 erro-

223 1521 281 1540 rem
300 1513 406 1547 Ulyssis
426 1513 583 1546 disponens,
614 1516 641 1538 et
664 1515 746 1536 totam
769 1509 902 1544 sphaeram
926 1512 1038 1547 ωτι-κο

223 1559 382 1586 describens
399 1557 482 1584 certis
505 1556 627 1590 circulis,
640 1554 866 1591 quemadmodum
879 1554 1004 1589 prazdixi-

225 1614 296 1636 mus.
316 1605 392 1640 fingit
410 1604 481 1631 inter
497 1603 617 1637 tropicos
638 1603 777 1629 Oceanum
797 1608 859 1628 esse
874 1600 1002 1634 positum,

224 1652 319 1679 dicens
341 1655 522 1685 congruenter
543 1648 742 1676 mathematicis
764 1647 849 1673 totius
873 1653 902 1673 se
927 1649 1005 1673 terrae

224 1697 429 1732 dispositionem
447 1695 600 1722 instituere.

259 1783 292 1810 At
322 1783 383 1810 talis
404 1781 549 1817 dispositio
571 1781 659 1808 aliena
675 1783 717 1807 est
733 1782 760 1806 et
785 1786 799 1805 a
817 1778 1006 1805 mathematica

224 1833 250 1855 rt
267 1837 281 1855 a
293 1829 406 1863 physica
421 1827 555 1858 doctrina,
568 1830 593 1853 et
610 1825 681 1860 apud
696 1825 798 1851 nullum
813 1827 934 1850 veterum
948 1829 1007 1849 ma-

225 1875 432 1901 thematicorum
450 1873 521 1900 inter
537 1871 667 1906 tropicos,
683 1874 713 1897 ut
726 1870 822 1897 Crates
837 1869 927 1900 docet,
949 1868 1007 1895 col-

226 1921 323 1947 locata.
347 1919 414 1946 Nam
437 1919 538 1946 nostris
562 1917 729 1952 temporibus
753 1916 809 1950 jam
825 1919 852 1943 et
867 1918 1006 1950 perspecta

224 1972 252 1994 et
275 1967 384 1995 iuventa
404 1969 468 1993 sunt
491 1965 605 2000 plurima
627 1963 687 1990 loca
710 1962 877 1994 habitabilis,
905 1965 932 1988 et
953 1968 1006 1987 non

226 2012 294 2038 mari
311 2011 411 2044 ubique
426 2009 623 2044 comprehensa
639 2017 646 2035 :
667 2013 693 2035 et
707 2015 769 2035 cum
786 2007 860 2034 illius
880 2007 1007 2033 interme-

225 2057 264 2084 dii
277 2057 423 2088 intervalli,
442 2055 514 2091 quod
531 2059 574 2082 est
586 2055 620 2081 ab
640 2054 734 2081 aastivo
752 2053 856 2088 tropico
873 2059 960 2086 usque
973 2051 1008 2078 ad

225 2102 453 2138 thuinoctialem,
474 2101 591 2136 spatium
612 2100 648 2127 sit
667 2099 815 2127 stadiorum
839 2098 935 2129 16800,
953 2097 1008 2125 fere

228 2149 261 2176 ad
279 2148 369 2175 20800
382 2147 483 2179 stadia,
504 2150 639 2181 quatenus
661 2145 839 2180 investigandi
853 2145 929 2179 copia
945 2144 1006 2175 fuit,

711 126 882 155 APPENDIX
901 125 947 152 AD
967 122 1101 152 EUSEBII
1123 117 1330 149 CHBONICON.

216 201 281 224 sunt
292 195 414 223 diversae.
428 191 533 220 Etenim
547 187 747 224 magnitudines
761 186 878 216 dierum.
901 188 927 212 et
940 191 998 210 ma-

1059 181 1101 209 :tlw
1127 179 1264 216 κλιμάτων
1294 175 1455 212 παραλλαγὴ
1490 174 1565 210 ἃμα·

1785 112 1841 140 850

1597 172 1627 199 τὸ
1649 172 1672 188 δ’
1713 174 1841 207 μέντοιγε

1050 228 1140 255 πλεῖον
1160 226 1294 260 διάστημα
1313 222 1463 258 ὑπερϐῆναι
1481 221 1504 236 ⁵ο
1521 219 1588 255 πρὸς
1610 219 1710 254 ἄρκτον
1727 218 1745 253 ἢ
1771 218 1841 253 πρὸς

1052 272 1234 309 μεσημϐρίαν,
1251 270 1314 296 ἄλλο
1332 269 1436 302 γίνεται
1461 266 1594 301 ἐγκλιμαο
1614 264 1685 291 ὥστε
1701 263 1793 290 πάντα
1808 263 1842 289 τὰ

1051 308 1199 353 ίραινόμενα
1209 315 1324 353 διάφορα
1337 312 1468 348 γίνεσθαι.
1486 312 1540 338 Καὶ
1554 310 1608 345 γὰρ
1621 309 1655 336 τὰ
1671 308 1777 344 μεγὲοη
1787 309 1843 335 τῶν

1051 361 1172 397 ἡμερῶν,
1187 359 1233 386 καὶ
1250 358 1284 384 τὰ
1302 356 1403 393 μεγέθη
1426 355 1480 382 τῶν
1497 355 1652 389 ἐκλείψεων,
1674 353 1723 380 καὶ
1745 354 1775 379 αἱ
1790 353 1842 378 τών

1051 407 1203 443 ὡρολογίων
1225 403 1398 439 καταγραφαὶ
1420 401 1542 436 διάφοροι
1563 399 1637 435 παρὰ
1654 399 1703 430 τὰς
1720 399 1843 433 οἰκήσεις

1053 453 1170 486 γίνονται
1183 452 1238 481 τοῖς
1252 450 1297 476 ἐπὶ
1312 448 1358 475 τοῦ
1379 447 1460 474 αὑτοῦ
1476 444 1660 482 μεσημϐρινοῦ
1672 444 1841 471 κατοικοῦσι.

1055 500 1092 525 Τὸ
1101 499 1154 534 γὰρ
1173 497 1287 532 ἐγκλιμα
1312 494 1485 530 μεταπίπτει,
1501 493 1518 528 ἢ
1536 492 1603 527 πρὸς
1620 491 1721 527 ἄρκτον
1740 490 1757 525 ἦ
1776 490 1843 525 πρὸς

1063 547 1132 581 μέσα
1153 546 1207 572 τῶν
1237 543 1346 580 ἡμερῶν
1367 542 1413 568 καὶ
1439 541 1473 567 τὰ
1490 540 1560 576 μέσα
1577 539 1630 566 τῶν
1648 537 1754 564 νυκτῶν
1785 537 1842 573 ἅμα

1039 603 1089 622 σιν.

1089 642 1172 668 Ὅταν
1193 640 1222 666 δὲ
1244 639 1308 675 περὶ
1330 639 1381 674 τῆς
1408 637 1493 664 νοτίου
1522 636 1610 671 ζώνης
1634 635 1771 670 λέγωμεν,
1795 635 1842 662 καὶ

1053 687 1107 714 τῶν
1132 688 1160 713 ὲν
1182 686 1249 721 αὐτῇ
1277 683 1486 714 κατοικούντων,
1506 682 1574 717 πρὸς
1596 681 1625 708 δὲ
1651 681 1760 712 τούτοις
1777 682 1842 714 me!

1052 734 1107 760 τῶν
1135 733 1163 758 ὲν
1195 732 1263 766 αὐτῇ
1297 729 1445 757 ἀντιπόδων
1474 728 1528 754 τῶν
1554 727 1726 762 λεγομένων·
1756 726 1842 758 οὕτως

1052 779 1162 806 ἀκούειν
1194 778 1342 813 προςήκει,
1370 776 1408 807 ὡς
1446 773 1581 810 μηδεμίαν
1612 773 1691 809 ἡμῶν
1720 773 1842 809 ἱστορίαν

1053 824 1258 860 παρειληφότων
1275 824 1337 858 περὶ
1356 823 1405 857 τῆς
1429 821 1517 847 νοτίου
1533 820 1631 855 ζώνης,
1648 820 1715 856 μηδὲ
1729 820 1758 846 εῐ
1771 828 1842 850 τινες

1051 870 1080 896 ὲν
1106 869 1174 904 αὐτῇ
1202 867 1393 895 κατοικοῦσιν⁸
1424 866 1481 892 ἀλλ’
1503 866 1544 892 ὃτι
1576 865 1668 891 ἕνεκεν
1698 865 1749 900 τῆς
1779 864 1842 900 ὅλης

1053 912 1252 949 σφαιροποιίας,
1271 913 1317 938 καὶ
1344 911 1390 938 τοῦ
1415 911 1553 946 σχήματος
1572 910 1621 945 τῆς
1641 909 1704 943 γῆς,
1728 909 1841 944 καὶτῆς

1051 958 1168 993 παρόδου
1188 956 1234 983 τοῦ
1252 956 1328 992 ἡλίου
1351 957 1401 990 τῆς
1417 955 1517 990 μεταξὺ
1531 955 1585 981 τῶν
1609 955 1749 990 τροπικῶν
1769 963 1841 989 γινο-

1053 1005 1145 1039 μένης,
1163 1003 1219 1029 ἐστι
1233 1011 1274 1034 τις
1286 1003 1333 1029 καὶ
1353 1002 1434 1037 ἑτέρα
1455 1001 1526 1036 ζώνη
1543 1001 1610 1036 πρὸς
1623 1000 1699 1027 νότον
1713 1001 1840 1036 κειμένη,

1050 1050 1099 1085 τὴν
1116 1049 1200 1084 αὐτὴν
1219 1048 1366 1084 εὐκρασίαν
1388 1047 1485 1082 ἔχουσα
1504 1049 1537 1082 τῇ
1560 1046 1657 1082 βορείῳ
1679 1046 1764 1083 ζώνῃ,
1779 1045 1841 1083 ὲνῇ

1052 1094 1229 1130 κατοικοῦμεν
1245 1094 1323 1129 ἡμεῖς
1334 1101 1340 1108 ·
1357 1093 1455 1128 ὁμοίως
1476 1092 1504 1118 δὲ
1518 1092 1565 1119 καὶ
1580 1092 1644 1128 περὶ
1660 1092 1715 1118 τῶν
1730 1093 1841 1118 ἀντιπό-

1051 1140 1103 1167 δων
1123 1139 1248 1174 λέγομεν,
1274 1139 1322 1174 οὐχ
1348 1138 1386 1170 ὡς
1410 1137 1480 1164 κατὰ
1504 1138 1557 1164 πᾶν
1586 1137 1733 1164 οἰκούντων
1759 1138 1840 1163 τινῶν

1052 1186 1122 1213 κατὰ
1145 1185 1194 1220 τὴν
1216 1184 1299 1220 αὐτὴν
1328 1184 1471 1219 διάμετρον
1495 1185 1570 1219 ἡμῖν,
1595 1183 1651 1210 ἀλλ’
1669 1183 1747 1216 ὄντος
1769 1184 1840 1214 τινὸς

1052 1232 1133 1258 τόπου
1165 1231 1307 1266 οἰκησίμου
1345 1231 1390 1257 ἐπὶ
1423 1231 1472 1265 τῆς
1503 1231 1554 1265 γῆς
1585 1230 1656 1257 κατὰ
1693 1229 1839 1265 διάμετρον

1054 1279 1128 1313 ἡμῖν.

1095 1323 1162 1350 Ὑπὸ
1177 1323 1205 1350 δὲ
1220 1323 1268 1357 τὴν
1289 1321 1506 1356 διακεκαυμένην
1525 1320 1613 1355 ζώνην
1635 1320 1708 1352 τινὲς
1724 1320 1778 1347 τῶν
1792 1321 1840 1355 ἀρ-

1054 1368 1138 1403 χαίων
1151 1368 1334 1402 ἀπεφήναντο,
1348 1363 1385 1392 ὧν
1401 1367 1460 1392 ἐστι
1478 1365 1526 1392 καὶ
1540 1364 1681 1400 Κλεάνθης
1693 1366 1707 1392 ὁ
1722 1366 1838 1396 Στωϊκὸς

1055 1413 1206 1447 φιλόσοφος,
1231 1411 1413 1447 ὑποκεχύσθαι
1439 1411 1539 1446 μεταξὺ
1561 1411 1614 1438 τῶν
1636 1411 1774 1446 τροπικῶν
1796 1411 1839 1437 τὸν

1061 1458 1200 1484 Ὠκεανόν-
1217 1455 1256 1489 οἷς
1279 1456 1431 1488 ἀκολούθως
1455 1457 1502 1482 καὶ
1517 1455 1629 1491 Κράτης
1649 1458 1663 1482 ὁ
1681 1464 1839 1491 γραμματι-

1056 1504 1112 1537 κὸς,
1127 1504 1175 1539 τὴν
1195 1503 1298 1538 πλάνην
1316 1502 1362 1529 τοῦ
1382 1502 1530 1533 Ὀδυσσέως
1543 1502 1704 1533 διατάσσων,
1721 1502 1769 1528 καὶ
1791 1503 1839 1537 τὴν

1055 1550 1118 1586 ὅλην
1133 1551 1248 1586 σφαῖραν
1264 1549 1313 1584 τῆς
1328 1548 1380 1583 γῆς
1400 1548 1584 1584 καταγράφων
1597 1549 1653 1580 τοῖς
1669 1548 1839 1583 ὁριζομένοις

1055 1595 1179 1627 κύκλοις,
1209 1593 1300 1626 καθὼς
1326 1594 1540 1630 προειρήκαμεν,
1560 1595 1631 1620 ποιεῖ
1660 1594 1762 1629 μεταξὺ
1788 1595 1840 1621 τῶν

1055 1640 1192 1676 τροπικῶν
1221 1640 1266 1666 τὸν
1303 1639 1425 1666 Ὠκεανὸν
1449 1639 1590 1674 κείμενον,
1615 1639 1703 1674 λέγων
1729 1641 1841 1667 ἀκολού-

1056 1686 1109 1718 θως
1147 1688 1203 1718 τοῖς
1241 1686 1441 1721 μαθηματικοῖς
1475 1686 1524 1721 τὴν
1548 1685 1613 1721 ὅλης
1641 1686 1693 1720 γῆς
1719 1686 1839 1719 διάταξιν

1056 1732 1199 1759 ποιεῖσθαι.
1402 1730 1404 1732 ’

1097 1778 1129 1804 Ἦ
1143 1778 1171 1804 δὲ
1189 1778 1300 1813 τοιαύτη
1317 1777 1436 1809 διάταξις
1452 1777 1579 1812 ἀλλοτρία
1593 1777 1651 1803 ἐστι
1665 1777 1772 1804 καὶτοῦ
1791 1787 1837 1812 μα-

1058 1823 1209 1859 θηματικοῦ
1233 1823 1278 1849 καὶ
1301 1821 1348 1848 τοῦ
1371 1821 1486 1856 φυσικοῦ
1501 1820 1592 1855 λόγου,
1609 1821 1656 1848 καὶ
1675 1823 1739 1857 παρ¹
1754 1822 1841 1848 coam

1056 1869 1110 1896 τῶν
1132 1869 1252 1904 ἀρχαίων
1282 1867 1478 1903 μαθηματικῶν
1507 1869 1780 1903 κατακεχωρισμένη,
1804 1869 1841 1899 ὡς

1057 1916 1234 1950 ἀποφαίνεται
1262 1915 1383 1950 Κράτης,
1410 1913 1510 1949 μεταξὺ
1536 1914 1591 1940 τῶν
1616 1914 1767 1949 τροπικῶν.
1798 1915 1841 1940 Ἐν

1056 1961 1110 1997 γὰρ
1126 1962 1182 1993 τοῖς
1198 1960 1258 1987 καθ’
1276 1961 1349 1995 ἡμᾶς
1365 1960 1471 1996 χρόνοις
1495 1960 1544 1995 ἤδη
1569 1960 1616 1986 καὶ
1639 1959 1842 1992 κατώπτευται,

1057 2008 1103 2034 καὶ
1117 2007 1230 2042 εὕρηται
1253 2006 1286 2032 τὰ
1315 2006 1426 2032 πλεῖστα
1447 2006 1587 2041 οίκήσιμα,
1605 2006 1651 2032 καὶ
1673 2006 1704 2032 οὗ
1728 2006 1842 2040 πελάγει

1057 2052 1187 2079 πάντοθεν
1204 2052 1382 2087 περιεχόμενα
1395 2060 1401 2065 ·
1418 2052 1465 2078 καὶ
1478 2051 1524 2078 τοῦ
1542 2050 1643 2086 μεταξὺ
1659 2051 1844 2087 διαστήματος

1058 2100 1224 2134 ὑπάρχοντος
1239 2098 1292 2124 ἀπὸ
1305 2097 1410 2132 θερινοῦ
1425 2097 1554 2132 τροπικοῦ
1573 2097 1654 2132 μέχρι
1677 2098 1725 2124 τοῦ
1752 2100 1844 2134 ἰσημε-

1060 2145 1131 2180 ρινοῦ
1146 2147 1212 2180 ,ιςω’
1224 2144 1257 2175 ¹¹,
1274 2144 1320 2169 καὶ
1335 2143 1372 2174 ὡς
1384 2143 1475 2178 σχεδὸν
1488 2143 1533 2169 ἐπὶ
1551 2143 1671 2174 σταδίους
1687 2147 1742 2179 ,κω’
1757 2145 1790 2176 ⁸³,
1807 2146 1844 2175 ὡς

227 2195 325 2222 harum
348 2201 440 2221 rerum
452 2193 567 2220 historia
582 2193 736 2227 conscripta
751 2195 804 2223 est,
827 2198 889 2217 cum
904 2197 934 2217 ea
960 2198 1003 2225 per

1059 2190 1218 2225 εὑπὸρηται,
1230 2189 1276 2215 καὶ
1291 2190 1307 2223 ἡ
1323 2188 1386 2224 περὶ
1399 2188 1499 2215 τούτων
1516 2189 1619 2223 ἱστορία
1635 2190 1844 2225 ἀναγέγραπται

228 2248 305 2276 reges
326 2239 526 2267 Alexandrinos
542 2239 577 2265 sit
597 2238 748 2272 explorata.
771 2236 848 2264 Unde
868 2236 929 2264 falsi
945 2241 1008 2264 sunt

228 2287 273 2321 qui
287 2286 432 2321 opinantur
453 2284 590 2312 Oceanum
610 2283 698 2310 fusum
720 2290 782 2309 esse
794 2283 864 2309 inter
876 2282 1006 2316 tropicos.

229 2331 277 2359 Est
291 2336 381 2358 autem
397 2334 424 2358 et
437 2338 470 2358 ex
491 2330 533 2357 Itis
549 2329 735 2360 manifestum,
753 2327 825 2362 quod
841 2331 868 2354 et
882 2327 927 2354 illa
949 2327 1008 2361 opi-

229 2377 285 2410 nio,
300 2376 372 2412 quod
394 2375 579 2403 inhabitabilis
593 2375 628 2402 sit
644 2373 718 2409 regio
739 2374 809 2400 inter
827 2374 946 2408 tropicos
960 2381 1007 2406 po-

230 2423 281 2450 sita
297 2425 405 2457 propter
420 2425 504 2449 asstus
525 2428 678 2451 excessum,
704 2423 730 2446 et
745 2420 860 2446 maxime
876 2427 908 2446 ea
934 2419 1008 2454 regio

230 2477 289 2504 qua:
309 2473 351 2496 est
375 2469 402 2495 in
428 2467 517 2495 medio
539 2467 649 2493 torrida:
672 2472 764 2496 zonae.
782 2465 817 2492 sit
835 2465 911 2491 falsa.
940 2463 1007 2491 Nam

230 2515 387 2550 A‘Jthiopcs,
408 2515 454 2550 qui
468 2515 495 2540 in
510 2511 730 2540 extremitatibus
747 2510 857 2538 torrida:
871 2518 946 2538 zona:
961 2511 1009 2537 ha-

231 2562 328 2593 bitant,
349 2561 376 2588 in
391 2558 626 2590 conversionibus,
644 2565 692 2585 seu
716 2557 842 2585 solstitiis
856 2557 957 2584 habent
981 2557 1009 2583 in

231 2608 331 2635 vertice
342 2603 659 2638 solequxistimandum
667 2607 709 2630 est
719 2603 792 2630 enim
805 2601 874 2629 duas
886 2609 947 2628 esse
961 2609 1010 2627 na—

229 2657 291 2679 tura
315 2651 480 2685 Ethiopias,
510 2655 572 2675 cum
598 2653 625 2675 et
644 2648 718 2676 circa
731 2648 855 2675 aestivum
876 2647 1010 2681 tropicum

231 2698 373 2727 circulum.
386 2696 432 2731 qui
448 2695 518 2729 apud
530 2702 579 2722 nos
596 2698 648 2725 est,
668 2694 791 2720 habitent
808 2692 967 2727 IEthiopes;
983 2696 1010 2718 et

232 2745 302 2771 circa
331 2749 392 2770 eum
420 2741 553 2776 tropicum
586 2741 633 2776 qui
663 2741 742 2768 nobis
770 2739 880 2775 quidem
904 2742 946 2766 est
968 2738 1009 2765 hi-

233 2836 257 2852 μ
284 2803 307 2818 δ’
323 2800 406 2852 f.‘
458 2801 541 2852 'fwno.
554 2800 724 2836 ὑπερϐαῖνον,
763 2800 790 2835 ,⁸¹
811 2808 855 2834 γρ.
879 2798 990 2834 μυρίων.

273 2846 316 2871 ῃ).
333 2836 554 2870 ὑπεροικούντων.

1059 2235 1103 2262 διὰ
1130 2236 1184 2261 τῶν
1211 2235 1240 2261 ὲν
1280 2233 1466 2270 Ἀλεξανδρείᾳ
1498 2234 1627 2269 βασιλέων
1661 2236 1843 2272 ἐξητασμένη.

1059 2280 1141 2307 Ὅθεν
1166 2279 1367 2314 ψευδοδοξοῦσιν
1398 2279 1422 2305 οἱ
1451 2279 1606 2314 νομίζοντες
1639 2280 1686 2306 τὶν
1719 2282 1844 2308 Ὠκεανὸν

1060 2325 1242 2361 ὑποκεχύσθαι
1263 2325 1363 2360 μεταξὺ
1385 2325 1439 2351 τῶν
1462 2325 1609 2360 τροπικῶν.
1631 2326 1679 2352 Ἐκ
1699 2326 1728 2353 δὲ
1743 2329 1845 2355 τούτων

1061 2373 1185 2408 φανερὸν,
1202 2373 1244 2398 ὅτι
1261 2371 1307 2398 καὶ
1324 2371 1354 2397 τὸ
1368 2370 1555 2405 δοξαζόμενον.
1569 2371 1610 2397 δτι
1625 2371 1754 2407 ἀοίκητός
1772 2375 1844 2401 ἐστιν

1060 2422 1077 2456 ἡ
1095 2419 1192 2454 μεταξὺ
1215 2419 1268 2445 τῶν
1285 2418 1422 2454 τροπικῶν
1439 2417 1552 2453 κειμένη
1568 2417 1644 2453 χώρα
1666 2419 1710 2446 διὰ
1728 2420 1777 2455 τὴν
1799 2421 1844 2447 τοῦ

1061 2466 1199 2502 καύματος
1224 2464 1395 2500 ὑπερϐολὴν,
1421 2464 1468 2491 καὶ
1494 2464 1610 2499 μάλιστα
1632 2465 1648 2499 ὴ
1669 2466 1734 2500 περὶ
1761 2466 1844 2501 μέσην

1061 2513 1109 2547 τὴν
1123 2510 1339 2546 διακεκαυμένην
1354 2509 1451 2545 ζώνην,
1466 2509 1561 2544 ψεῦδός
1577 2511 1661 2536 ἐστιν.
1677 2511 1707 2536 Οί
1727 2512 1777 2546 μὲν
1793 2513 1844 2547 γὰρ

1061 2559 1095 2584 τὰ
1115 2557 1221 2592 πέρατα
1242 2556 1292 2591 τῆς
1312 2555 1529 2590 διακεκαυμένης
1544 2554 1632 2590 ζώνης
1645 2555 1784 2588 οἰκοῦντες
1799 2559 1844 2582 Δὶ-

1062 2603 1153 2633 θίοπές
1172 2603 1224 2628 εἰσι
1246 2600 1316 2627 κατὰ
1341 2601 1462 2636 κορυφὴν
1482 2600 1590 2634 ἔχοντες
1610 2601 1640 2626 ὲν
1656 2602 1716 2632 ταῖς
1731 2604 1843 2636 τροπαῖς

1062 2650 1106 2675 τὸν
1122 2648 1208 2683 ἥλιον,
1224 2647 1274 2673 Δύο
1293 2647 1348 2682 γὰρ
1369 2646 1510 2677 Αἰθιοπίας
1523 2647 1555 2680 τῇ
1575 2645 1655 2679 φύσει
1677 2646 1843 2681 ὑποληπτέον

1063 2695 1204 2729 ὑπάρχειν,
1230 2693 1293 2729 περί
1318 2701 1348 2718 τε
1370 2692 1415 2718 τὺν
1438 2691 1542 2726 θερινὸν
1560 2691 1690 2726 τροπικὸν
1713 2692 1761 2718 τὸν
1783 2694 1843 2727 παρ’

1063 2740 1128 2774 ἡμῖν
1148 2739 1246 2765 κύκλον
1268 2737 1476 2773 περιοικούντων
1499 2738 1520 2753 "
1540 2737 1687 2769 Αἰθιόπων.
1710 2740 1758 2766 καὶ
1785 2740 1845 2774 περὶ

1049 2799 1071 2814 ¹¹
1086 2807 1132 2833 γρ.
1150 2798 1182 2834 ,β.
1198 2799 1234 2825 αι.
1252 2798 1315 2834 ,βωκ
1338 2796 1385 2824 llis
1403 2804 1456 2824 non
1471 2796 1618 2824 concordat
1636 2797 1728 2825 ret-sio
1741 2796 1845 2827 Latina.
