1913 3138
84 149 142 177 8ιῦ

598 148 714 177 GEMINI
734 148 918 176 ELEMENTA
932 146 1179 175 ASTRONOMl/E.

1653 148 1704 177 856

84 207 196 242 ἡμέραν
219 207 266 234 καὶ
280 207 350 243 μῆνα
365 206 412 238 τὰς
433 206 578 241 γενομένας
590 206 743 242 ὁλοσχερεῐς
762 205 872 241 μεταϐο-

928 213 971 232 eas
993 205 1168 236 mutationes,
1191 211 1251 240 quae
1275 203 1391 232 maxime
1407 203 1480 232 circa
1492 204 1585 232 eadem
1600 205 1704 233 sodiaci

85 253 139 284 λάς
152 252 200 281 τοῦ
216 252 305 289 ἀέρος,
319 253 490 288 πνευμάτων,
507 252 629 288 δμϐρων,
657 252 788 288 χαλάζης,
806 260 874 287 παρ-

86 299 215 326 ετίθεσαν
241 300 301 331 ταῖς
324 300 371 326 τοῦ
394 299 470 334 ἡλίου
494 299 604 333 ὲποχαίς
618 299 688 325 κατά
713 298 807 330 ζὼδιον
828 299 874 324 καὶ

86 344 163 370 κατά
175 344 282 379 μοῖραν.
304 343 389 370 Τοῦτο
407 344 453 370 ἐπὶ
472 343 580 370 πλείονα
594 343 640 379 ἐτη
661 344 874 379 παρατηρήσαν-

85 398 145 420 τες,
161 389 210 421 τὰς
226 389 342 424 μάλιστα
364 389 428 425 περὶ
443 390 505 421 τοὺς
526 389 623 421 αὐτοὺς
643 389 741 420 τόπους
762 389 808 415 τοῦ
823 389 875 421 ζω-

86 434 183 462 διακοῦ
206 435 349 470 γινομένας
370 435 520 470 μεταϐολὰς
535 435 563 461 ὲν
582 435 637 466 τοῖς
657 434 875 470 παραπήγμασιν

87 481 296 516 ἀνεγράψαντο,
322 481 372 507 οὐκ
395 481 448 507 ἀπό
470 489 540 512 τινος
563 480 663 516 τέχνης
682 479 741 506 οὐδὲ
764 480 874 516 μεθόδου

86 526 245 562 ὡρισμένης
272 526 398 558 λαϐόντες
422 526 471 561 τὴν
493 525 664 561 ἀναγραφὴν,
689 525 746 552 ἀλλ’
769 526 801 552 ὲκ
825 525 875 560 τῆς

87 571 189 606 πείρας
202 571 232 597 τὺ
245 572 397 607 σύμφωνον,
414 571 452 603 ὡς
465 571 588 606 ἔγγιστα,
604 571 741 602 λαϐόντες.
767 571 874 607 Ἐπειδὴ

87 615 113 631 ⁸³
126 616 178 642 οὐκ
189 615 313 642 ἐδύναντο
328 616 384 642 οὔθ’
401 616 518 652 ἡμέραν,
532 615 593 642 οὔτε
609 616 691 651 μῆνα,
714 615 774 642 οὕτε
787 617 875 642 ἐνιαυ-

86 661 135 688 τὸν
149 661 300 696 ὡρισμένον
315 661 479 697 ἀναγράψαι,
500 663 528 688 ὲν
543 658 565 694 ᾧ
583 669 608 687 τι
622 659 725 687 τούτων
746 661 875 687 ἐπιτελεῖ-

86 715 145 739 ται,
171 707 216 734 διὰ
233 707 262 733 τὺ
281 707 331 738 τὰς
347 707 433 742 ἀρχὰς
449 707 503 734 τῶν
521 707 652 733 ἐνιαυτῶν
676 707 712 742 μὴ
728 707 802 743 παρὰ
823 708 875 734 πᾶ-

89 760 133 777 σιν
153 749 284 783 εἷναιτάς
300 752 393 784 αὑτὰς,
409 752 474 787 μηδὲ
499 753 560 783 τοὺς
582 752 668 786 μῆνας
692 752 754 783 τοὺς
777 753 875 784 αὐτοὺς

88 793 161 822 εἶναι
174 796 249 831 παρά
269 796 334 822 πᾶσι
355 798 414 828 ταῖς
430 796 597 831 ὀνομασίαις,
616 796 682 832 μηδὲ
703 796 751 828 τὰς
772 797 876 833 ἡμέρας

87 841 192 876 ὁμοίως
212 841 323 876 ἄγεσθαι
335 850 341 857 ·
360 842 513 877 ἱσταμένοις
529 843 583 869 τισὶ
607 842 728 878 σημείοις
742 843 875 878 ἠθέλησαν

87 886 219 921 ἀψορίσαι
234 886 283 917 τὰς
300 886 448 921 μεταϐολὰς
466 887 513 913 τοῦ
530 887 619 922 ἀέρος.
636 887 715 914 Ὅθεν
739 890 798 920 ταῖς
820 888 874 915 τῶν

88 931 200 967 ἄστρων
214 932 352 964 ὲπιτολαῖς
372 933 442 959 κατά
464 933 526 965 τοὺς
547 934 657 969 καιροὺς
673 934 875 970 ἀφωρισμέναις

89 978 120 1003 αἱ
152 977 298 1012 μεταϐολαὶ
321 978 368 1004 τοῦ
395 978 476 1014 ἀέρος
509 979 642 1013 γίνονται,
669 980 718 1014 οὐχ
749 980 786 1011 ὼς
821 979 874 1007 τῶν

88 1022 200 1058 ἄστρων
220 1022 334 1058 δύναμιν
359 1024 474 1058 ἐχόντων
494 1025 562 1060 πρὸς
581 1024 629 1060 τὴν
655 1025 802 1060 μεταϐολὴν
822 1025 875 1052 τῶν

90 1068 255 1103 πνευμάτων
269 1068 316 1094 καὶ
336 1068 391 1096 τῶν
406 1069 526 1105 ὄμϐρων,
545 1069 601 1095 ἀλλ’
615 1069 653 1101 ὡς
671 1070 783 1105 σημείου
797 1071 876 1106 χάριν

88 1114 321 1149 παρειλημμένων
333 1115 401 1151 πρὸς
410 1115 441 1141 τδ
451 1115 647 1150 προγινώσκειν
660 1116 732 1151 ἡμᾶς
742 1116 791 1148 τὰς
812 1125 845 1142 πε
850 1117 876 1152 pl

89 1161 136 1187 τὸν
149 1160 219 1195 ἀέρα
234 1162 417 1196 περιστάσεις.
433 1162 486 1188 Καὶ
501 1161 596 1197 ὥσπερ
615 1163 629 1188 ὁ
646 1162 747 1197 πυρσὸς
759 1163 807 1189 οὐκ
826 1163 876 1189 αύ-

89 1205 138 1236 τός
170 1206 228 1232 ἐστι.
252 1206 395 1241 παραίτιος
421 1207 469 1241 τῆς
496 1206 648 1241 πολεμικῆς
680 1207 875 1242 περιστάσεως,

90 1251 162 1278 ἀλλὰ
187 1251 297 1286 σημεῖόν
324 1253 382 1278 ἐστι
407 1252 552 1287 πολεμικοῦ
582 1251 696 1287 καιροῦ·
719 1252 765 1279 τὸν
795 1253 876 1279 αὑτὸν

90 1297 194 1332 τρόπον
208 1297 254 1323 καὶ
269 1298 297 1322 αἱ
317 1297 369 1324 τῶν
388 1297 494 1333 ἄστρων
510 1297 630 1324 ὲπιτολαὶ
649 1298 698 1324 οὐκ
715 1298 794 1324 αὑταὶ
806 1307 876 1334 παρ-

89 1343 175 1369 αίτιοι
192 1343 245 1369 εἱσι
267 1343 321 1370 τῶν
338 1344 401 1379 περὶ
422 1343 467 1370 τὸν
482 1344 551 1379 ἀέρα
569 1343 733 1379 μεταϐολῶν,
749 1344 816 1371 ἀλλὰ
831 1353 878 1380 ση-

91 1390 158 1424 μεῖα
175 1389 311 1415 ἐκκεινται
333 1389 386 1416 τῶν
411 1389 537 1416 τοιούτων
554 1391 748 1426 περιστάσεων.
771 1392 802 1418 Οί
825 1391 878 1426 γὰρ

89 1435 140 1461 ἀπ’
165 1435 253 1471 ἀρχῆς
281 1436 523 1471 παρατηρήσαντες
553 1436 600 1463 καὶ
630 1436 823 1472 συνταξάμενοι
845 1437 878 1464 τὰ

91 1482 314 1516 παραπήγματα,
331 1481 505 1514 ἐξετάσαντες
519 1482 582 1513 τοὺς
596 1481 695 1514 τόπους
714 1482 761 1509 τοῦ
783 1482 878 1514 ζωδια-

89 1526 143 1553 κοῦ
160 1526 270 1558 κύκλου,
287 1527 314 1553 ἐν
330 1523 370 1558 οἷς
386 1526 424 1558 ὡς
446 1525 546 1552 ἐπίπαν
563 1527 592 1553 αἱ
613 1527 759 1562 μεταϐολαὶ
772 1527 818 1553 τοῦ
832 1527 878 1554 άέδ

90 1581 141 1608 ρος
162 1572 290 1606 γίνονται,
307 1572 491 1607 ὲπεσκέψαντο
507 1573 576 1599 κατά
595 1573 657 1605 τοὺς
681 1573 791 1609 χρόνους
814 1573 877 1599 τού-

88 1625 156 1648 τους
178 1616 238 1643 τίνα
253 1616 306 1643 τῶν
332 1617 437 1653 ἀστρων
459 1617 607 1649 ἀνατέλλει,
627 1618 643 1653 ἢ
671 1618 876 1653 συγκαταδύνει,

90 1663 141 1688 καὶ
157 1663 219 1693 ταῖς
230 1662 331 1689 τούτων
345 1663 480 1694 ὲπιτολαϊς
494 1664 540 1689 καὶ
555 1662 647 1690 δύσεσι
663 1664 785 1699 σημείοις
800 1664 879 1700 ἐχρή-

924 251 983 278 loca
997 250 1169 286 contingunt,
1184 250 1211 277 in
1231 249 1332 278 tabulis
1347 250 1581 285 conscripserunt.
1605 258 1660 278 non
1672 259 1704 279 ex

923 301 981 324 arte
995 297 1096 332 aliqua,
1115 304 1202 332 neque
1221 304 1252 325 ex
1268 300 1341 324 certa
1357 296 1484 324 methodo
1499 301 1640 326 sumentes
1658 299 1705 326 de-

924 343 1110 377 scriptionem,
1126 343 1174 370 sed
1190 342 1225 370 ab
1239 342 1416 378 experientia,
1437 342 1463 370 id
1478 343 1550 378 quod
1566 342 1623 370 fere
1638 350 1706 370 con-

924 389 1006 423 gruit,
1032 393 1181 416 sumentes.
1213 388 1281 415 Cum
1298 395 1363 415 vero
1380 390 1435 415 nbn
1452 391 1564 423 possent
1583 389 1706 423 singulos

924 434 992 467 dies,
1006 442 1094 469 neque
1104 441 1222 466 menses,
1237 441 1324 468 neque
1338 441 1424 462 annos
1441 437 1530 461 certos
1544 433 1704 467 inscribere,

924 481 952 508 in
965 481 1065 516 quibus
1075 480 1173 507 borum
1187 479 1289 514 aliquid
1303 478 1509 514 perﬁciebatur:
1523 486 1556 507 eo
1568 479 1640 515 quod
1657 480 1706 507 ini-

925 527 962 553 tia
982 533 1114 554 annorum
1134 524 1205 560 apud
1222 533 1318 553 omnes
1342 533 1396 552 non
1426 525 1480 553 sint
1496 525 1601 558 eadem,
1619 533 1706 561 neque

924 579 1033 600 menses
1044 572 1099 599 sint
1113 571 1184 606 apud
1195 579 1290 598 omnes
1304 571 1400 599 iisdem
1414 571 1649 606 appellationibus,
1662 580 1706 598 ne-

924 626 977 654 que
995 619 1054 646 dies
1073 618 1198 646 similiter
1223 621 1365 653 agantur;
1391 618 1510 646 immotis
1544 610 1705 654 quibusdam

925 665 1010 699 signis
1041 665 1185 692 voluerunt
1217 664 1399 692 determinare
1425 664 1589 691 mutationes
1624 665 1704 692 aeris.

925 709 1002 737 Unde
1016 715 1152 737 astrorum
1169 710 1287 742 ortibus,
1305 717 1366 737 cum
1383 710 1411 737 bi
1426 710 1454 737 in
1468 710 1637 745 temporibus
1652 711 1706 738 sint

924 755 1106 788 determinati,
1125 755 1289 782 mutationes
1303 755 1374 783 aeris
1387 755 1469 789 ﬁunt;
1482 762 1536 782 non
1551 755 1623 791 quod
1632 759 1705 782 astra

926 801 978 828 vim
993 801 1109 828 habeant
1124 801 1157 828 ad
1172 801 1348 829 mutationem
1362 805 1503 829 ventorum
1520 804 1547 828 et
1567 801 1705 830 imbrium.

927 845 974 873 sed
988 846 1061 881 quod
1076 846 1145 881 signi
1160 846 1246 881 gratia
1260 851 1397 881 assumpta
1409 847 1463 874 sint
1478 847 1511 874 ad
1523 847 1584 878 hoc,
1599 850 1628 873 ut
1642 853 1708 880 prae-

926 898 1122 926 cognoscamus
1143 891 1214 918 aeris
1231 890 1397 918 aﬁ'ectiones.
1430 891 1463 918 Et
1478 895 1507 918 ut
1529 892 1644 925 lampas,
1658 898 1706 918 Seu

924 935 980 967 fax.
998 943 1052 962 non
1069 936 1128 970 ipsa
1143 939 1185 963 est
1205 943 1287 963 causa
1312 935 1402 963 bellici
1417 939 1515 969 motus,
1532 935 1580 963 sed
1598 936 1706 971 signum

924 982 967 1006 est
980 978 1068 1006 bellici
1083 978 1135 1013 33
1150 978 1277 1013 temporis
1296 987 1302 1005 :
1320 978 1357 1005 ita
1370 981 1397 1005 et
1410 982 1544 1006 astrorum
1561 982 1638 1016 ortus
1653 986 1707 1006 non

926 1024 977 1059 ipsi
995 1027 1059 1051 sunt
1084 1031 1167 1051 causa
1192 1024 1371 1051 mutationum
1391 1024 1471 1057 aeris,
1499 1025 1545 1052 sed
1570 1026 1708 1060 proposita

925 1073 990 1097 sunt
1006 1070 1081 1105 signa
1096 1069 1190 1097 talium
1209 1070 1392 1097 aﬁ'ectionum.
1418 1070 1484 1097 Nam
1498 1070 1544 1105 qui
1566 1078 1581 1097 a
1608 1070 1710 1105 princi-

925 1114 969 1148 pio
993 1114 1207 1141 observaverunt
1232 1117 1259 1140 et
1280 1117 1491 1148 composuerunt
1506 1115 1611 1142 tabulas
1637 1115 1707 1145 illas.

926 1160 1074 1195 exploratis
1092 1160 1161 1187 locis
1179 1160 1283 1186 zodiaci
1301 1160 1407 1192 circuli,
1426 1160 1453 1187 in
1468 1161 1567 1194 quibus
1580 1165 1610 1187 ut
1625 1161 1709 1195 pluti-

928 1213 999 1232 mum
1018 1205 1182 1232 mutationes
1201 1205 1273 1232 aeris
1289 1205 1369 1238 ﬁunt,
1389 1206 1633 1233 consideravcrunt
1648 1213 1708 1241 quae

927 1255 1000 1278 astra
1019 1245 1186 1286 temporib‘us
1201 1251 1254 1278 illis
1264 1253 1398 1284 oriantur,
1411 1255 1458 1278 aut
1477 1252 1558 1279 stmul
1572 1252 1708 1284 occidant,

928 1300 1008 1332 atque
1031 1297 1139 1331 borum,
1150 1297 1256 1325 ortibus
1271 1301 1297 1324 et
1320 1297 1465 1324 occasibus
1481 1305 1530 1332 pro
1546 1297 1631 1332 signis
1645 1302 1710 1325 sunt

927 1343 971 1370 usi
993 1342 1026 1370 ad
1041 1343 1278 1378 prmcognitionem
1300 1343 1500 1378 praedictorum.
1531 1343 1614 1371 Ortus
1636 1344 1708 1371 enim

927 1396 1007 1416 veros
1028 1392 1055 1416 et
1079 1396 1194 1416 occasus
1217 1389 1349 1424 contingit
1375 1397 1437 1417 esse
1461 1389 1612 1418 invisibiles
1633 1399 1640 1416 :
1662 1397 1710 1417 eos

928 1442 1002 1467 vero,
1028 1435 1074 1470 qui
1090 1436 1266 1470 apparebant,
1296 1439 1373 1463 ortus
1392 1439 1419 1463 et
1442 1442 1567 1468 occasus,
1586 1439 1711 1470 poterant

929 1480 1030 1511 videre,
1046 1484 1073 1507 et
1085 1474 1161 1508 'circa
1178 1484 1298 1515 tempora
1321 1480 1391 1508 dicta
1408 1481 1573 1512 discernere,
1590 1487 1623 1508 eo
1638 1481 1710 1515 quod

930 1524 1053 1553 Pleiades
1064 1526 1220 1554 occidentes
1232 1526 1347 1553 habeant
1363 1527 1444 1553 talem
1460 1527 1525 1559 vim,
1542 1530 1572 1553 ut
1591 1525 1712 1553 humidi-

930 1576 1010 1599 tatem
1030 1572 1174 1607 quamdam
1196 1572 1269 1600 circa
1288 1579 1377 1600 aerem
1395 1576 1540 1608 generem;
1558 1576 1604 1599 aut
1614 1580 1711 1600 rursus

929 1618 1048 1646 orientcs
1062 1619 1165 1646 aestatis
1184 1619 1292 1646 initium
1305 1619 1466 1654 signiﬁcent.
1486 1619 1563 1647 Unde
1574 1623 1601 1646 et
1616 1618 1711 1647 llesio-

930 1664 982 1691 dus
994 1664 1092 1699 inquit:

91 1717 177 1736 σαντο
200 1710 240 1740 εἰς
259 1710 309 1745 τὴν
333 1710 486 1745 πρόγνωσιν
505 1710 559 1737 τῶν
578 1711 792 1747 προειρημένων,
819 1711 874 1744 Τὰς
894 1711 942 1747 μὲν
958 1711 1012 1747 γὰρ
1038 1711 1169 1742 ἀνατολὰς
1185 1711 1234 1742 τὰς
1255 1711 1384 1747 ἀληθινὰς
1403 1713 1448 1738 καὶ
1475 1711 1565 1742 δύσεις
1591 1711 1711 1748 ἀθεωρή-

90 1765 158 1788 τους
178 1755 246 1783 εἶναι
261 1757 415 1792 συμϐέϐηκε
425 1767 433 1774 ·
448 1758 496 1790 τὰς
512 1758 539 1785 δὲ
561 1759 724 1794 φαινομένας
745 1759 875 1794 ἠδύναντο
890 1759 966 1795 όρᾷν,
980 1759 1027 1786 καὶ
1042 1759 1105 1794 περὶ
1132 1759 1194 1790 τοὺς
1212 1758 1340 1794 ῥηθέντας
1369 1759 1480 1795 καιρώς
1509 1759 1711 1794 διαλαμϐάνειν,

90 1805 136 1831 ὅτι
150 1805 178 1831 αι
194 1804 321 1837 Πλειάδες
336 1805 460 1832 δύνουσαι
477 1805 567 1840 ἔχουσί
584 1814 646 1833 τινα
672 1806 798 1842 τοιαύτην
824 1806 947 1842 δύναμιν,
966 1806 1035 1832 ὥστε
1053 1805 1185 1842 ὑγρασίαν
1213 1805 1274 1832 τινά
1289 1806 1352 1842 περὶ
1372 1806 1416 1832 τὸν
1445 1806 1514 1842 ἀέρα
1543 1807 1692 1843 ἀπογεννᾷν
1703 1815 1709 1821 '

89 1852 110 1888 ἦ
129 1851 210 1878 πάλιν
223 1852 406 1879 ὲπιτὲλλουσαι
420 1852 514 1888 θέρους
536 1853 622 1889 ἀρχὴν
639 1853 869 1890 διασημαίνουσιν.
884 1853 964 1880 ’Ὀθεν
980 1854 1025 1880 καὶ
1048 1853 1167 1885 Ἡσίοδός
1180 1861 1262 1888 φησι·

91 1909 254 1946 Πλητὰὂῳν
277 1910 474 1946 Ἀτλαγενέων
498 1910 764 1946 ἐπιτελλομενάων,

94 1945 233 1979 ἈρχεσΟ⁵
248 1945 372 1980 ἀμήτουλ
383 1947 499 1980 ἀρότοιο
511 1946 555 1978 δὲ,
567 1945 789 1981 δυσονομενέων.

91 2001 132 2028 Οὐ
161 2001 203 2028 διὰ
227 2001 275 2036 τὴν
304 2001 350 2028 τοῦ
374 2001 472 2037 ἄστρου
503 2002 632 2038 δύναμιν·
659 2001 796 2034 παντελῶς
825 2002 879 2038 γάρ

93 2048 171 2073 ἐστιν
197 2046 385 2081 ἀπόπληκτον·
404 2047 459 2074 εἴτε
472 2047 526 2083 γάρ
546 2047 646 2083 πύρινά
660 2048 717 2074 ἐστι
731 2047 765 2074 τὰ
781 2048 877 2084 ἄστρα,

92 2092 153 2118 εἴτε
173 2092 289 2127 αἰθέρια,
303 2092 340 2124 ὠς
363 2093 475 2128 ἀρέσκει
488 2094 553 2126 τισὶ,
575 2094 662 2121 πάντα
675 2094 724 2129 τῆς
738 2094 821 2129 αὐτῆς
835 2094 881 2120 οὑ-

94 2137 160 2169 σίας
176 2137 223 2164 καὶ
239 2138 379 2174 δυνάμεως
395 2139 585 2176 κεκοινώνηκε,
606 2140 652 2166 καὶ
670 2139 796 2175 οὐδεμίαν
813 2148 880 2175 συμ-

935 1911 1087 1938 Pleiadibus
1101 1910 1217 1937 Atlantis
1233 1910 1340 1945 ﬁliabus
1356 1909 1500 1945 orientibus

933 1947 1021 1980 Incipe
1031 1954 1155 1973 messem:
1173 1946 1318 1972 arationem
1333 1953 1392 1971 vero
1408 1944 1584 1971 occidentibus

931 2003 990 2030 Non
1015 2005 1123 2037 propter
1140 2001 1207 2028 astri
1225 2001 1278 2027 vim
1296 2000 1426 2028 :om‘nino
1450 1999 1522 2027 enim
1544 1999 1571 2027 id
1592 2003 1634 2027 est
1655 2004 1714 2028 stu-

933 2048 1024 2083 pidum
1042 2055 1047 2072 :
1068 2048 1125 2074 sive
1147 2046 1218 2073 enim
1244 2046 1322 2081 ignea
1335 2049 1399 2073 sunt
1415 2049 1499 2078 astra,
1512 2046 1569 2073 sive
1583 2046 1711 2080 attherea,

933 2097 963 2120 ut
980 2093 1067 2128 placet
1093 2092 1230 2127 aliquibus
1242 2113 1250 2125 ,
1266 2093 1357 2120 omnia
1376 2092 1497 2120 eamdem
1518 2092 1665 2120 essentiam
1685 2097 1713 2120 et

932 2139 986 2165 vim
1004 2139 1099 2166 sortita
1121 2142 1196 2171 sunt,
1210 2141 1237 2166 et
1257 2138 1359 2165 nullam
1373 2138 1475 2165 habent
1495 2142 1616 2165 mutuam
1639 2145 1714 2166 com-

93 2183 213 2210 πάθειαν
229 2184 284 2218 ἔχει
302 2184 369 2220 πρὸς
386 2185 419 2212 τὰ
432 2185 477 2212 ἐπὶ
493 2185 542 2220 τῆς
556 2185 607 2220 γῆς
623 2185 760 2221 γινόμενα.
781 2186 812 2211 Ἠ
828 2185 877 2220 γὰρ

934 2184 1089 2219 passionem
1113 2191 1177 2219 erga
1203 2190 1234 2210 ea
1262 2191 1322 2218 qua}
1345 2183 1373 2210 in
1396 2188 1466 2210 terra
1486 2183 1562 2210 ﬁunt.
1580 2182 1714 2211 Universa

95 2228 230 2264 σύμπασα
241 2229 277 2264 γῆ
292 2230 403 2266 κέντρου
419 2230 497 2265 λόγον
513 2230 568 2266 ἔχει
585 2231 652 2267 πρὸς
667 2231 715 2266 τὴν
732 2231 786 2257 τῶν
797 2231 882 2257 ἀπλα-

93 2275 151 2301 νῶν
169 2276 296 2310 σφαῖραν,
313 2276 360 2302 καὶ
381 2276 493 2309 οὐδεμία
511 2276 645 2311 ἀποφορὰ,
663 2277 722 2303 οὐδὲ
746 2277 882 2312 ἀπόρῤοια

93 2321 238 2347 διικνεῖται
267 2322 320 2348 ἀπὸ
342 2322 395 2348 τῶν
418 2322 542 2350 ἀπλανῶν
558 2323 677 2358 ἀστέρων
694 2321 740 2348 ἐπὶ
752 2321 799 2358 τὴν
818 2322 880 2356 γῆν.

94 2364 162 2396 Πῶς
178 2365 345 2401 ὑποληπτέον
358 2366 469 2398 τούτους
484 2367 592 2403 ὄμϐρων
606 2367 652 2393 καὶ
664 2367 825 2402 πνευμάτων
836 2367 884 2394 καὶ

93 2411 219 2446 χαλάζης
235 2413 393 2448 παραιτίους
409 2413 539 2448 γίνεσθαι,
554 2413 601 2447 ἀφ’
617 2408 655 2439 ὧν
676 2412 787 2448 οὐδεμία
804 2411 883 2438 δύνα-

97 2466 145 2491 μις
164 2457 255 2484 πίπτει
273 2459 340 2493 πρὸς
354 2459 441 2494 ήμᾶς;
464 2458 530 2484 Ἀπὸ
547 2458 595 2493 μὲν
609 2457 663 2494 γὰρ
678 2458 753 2494 ἡλίου
772 2457 818 2484 καὶ
837 2466 883 2483 σε-

92 2502 181 2537 λήνης
197 2502 334 2530 διικνεῖται
345 2505 362 2539 ἡ
373 2504 486 2539 δύναμις
499 2504 545 2530 ἐπὶ
560 2503 607 2539 τὴν
619 2504 670 2538 γῆν
688 2503 756 2530 κατὰ
767 2503 815 2535 τὰς
832 2512 884 2538 με-

92 2547 226 2580 ταϐάσεις
240 2549 328 2576 αὐτῶν
348 2550 393 2576 καὶ
415 2549 544 2585 μειζόνων
569 2550 616 2576 καὶ
639 2549 802 2576 ὲλαττόνων-
820 2549 883 2575 ὅθεν

92 2593 208 2627 εὔλογον
232 2594 300 2630 πρὸς
319 2595 431 2627 τούτους
456 2595 626 2631 συμπάθειαν
646 2593 714 2621 εἶναι
738 2595 807 2622 κατὰ
832 2594 884 2630 τὴν

93 2639 213 2665 ἑκάστου
233 2639 346 2676 δύναμιν
369 2641 474 2668 αὐτῶν·
496 2642 524 2668 αἱ
546 2642 573 2668 δὲ
589 2641 643 2668 τῶν
658 2641 784 2668 ἀπλανῶν
802 2642 885 2668 ἀστέ-

95 2693 153 2720 ρων
174 2685 297 2712 ὲπιτολαὶ
323 2687 369 2713 καὶ
394 2687 483 2719 δύσεις
510 2687 622 2723 σημείου
644 2687 718 2719 τάξιν
743 2687 883 2722 ἐπέχουσι,

95 2728 223 2764 καθάπερ
247 2730 421 2766 προείπομεν.
449 2732 530 2761 Ὅθεν
554 2732 613 2759 οὐδὲ
641 2732 810 2767 προληπτέον
835 2732 885 2763 τὰς

95 2775 182 2807 αὑτὰς
191 2776 375 2810 ἐπισημασίας
383 2777 559 2805 ἐπιτελεῖσθαι
566 2778 597 2805 ἐκ
605 2777 659 2804 τῶν
666 2776 755 2804 αὐτῶν
764 2777 870 2812 ἄστρων
876 2785 883 2793 ·

130 2841 154 2857 ⁵⁸
169 2842 191 2876 Ῑ.
207 2843 268 2869 ἐπεὶ
282 2842 321 2869 δέ.

931 2230 1003 2257 enim
1020 2234 1093 2257 terra
1110 2229 1196 2257 centri
1212 2230 1343 2257 rationem
1364 2230 1444 2257 habet
1469 2229 1503 2257 ad
1533 2229 1713 2257 inerrantium

932 2276 1082 2311 sphaeram;
1117 2283 1167 2302 nec
1187 2275 1241 2302 ulla
1265 2275 1306 2303 vis
1332 2282 1462 2303 cmanans
1483 2278 1530 2302 aut
1553 2275 1714 2310 proﬁuvium

933 2322 1054 2357 pervenit
1075 2321 1110 2348 ab
1132 2321 1316 2349 inerrantibus
1341 2321 1426 2348 stellis
1449 2320 1481 2347 ad
1508 2325 1618 2348 terram.
1638 2320 1714 2353 Quo-

933 2369 1013 2395 modo
1035 2367 1187 2403 putandum
1202 2371 1245 2395 est
1268 2367 1318 2394 has
1339 2366 1466 2393 imbrium
1480 2370 1507 2393 et
1533 2369 1676 2393 ventorum
1689 2369 1716 2392 et

933 2413 1096 2450 grandinum
1120 2420 1218 2441 causas
1245 2420 1317 2445 esse,
1332 2420 1348 2440 a
1364 2413 1464 2448 quibus
1483 2412 1555 2439 nulla
1576 2413 1615 2440 vis
1640 2411 1715 2438 cadit

934 2460 968 2487 ad
992 2458 1059 2487 nos?
1080 2458 1148 2486 Nam
1165 2466 1179 2486 a
1196 2459 1253 2486 sole
1273 2458 1383 2494 quidem
1408 2463 1434 2486 et
1449 2459 1513 2485 luna
1535 2458 1658 2493 pervenit
1673 2457 1715 2484 vis

934 2504 967 2531 ad
985 2508 1084 2531 terram
1100 2503 1248 2531 secundum
1267 2504 1401 2531 transitus
1415 2511 1509 2530 eorum
1538 2506 1565 2530 et
1581 2502 1714 2536 majorum

934 2553 961 2577 et
979 2549 1125 2576 minorum.
1147 2548 1224 2576 Unde
1250 2552 1460 2576 consentaneum
1480 2551 1523 2575 est
1549 2551 1628 2574 terra:
1652 2553 1714 2573 cum

935 2596 977 2624 his
990 2603 1051 2623 esse
1068 2599 1190 2622 mutuam
1212 2595 1420 2622 consensionem
1437 2593 1586 2621 secundum
1600 2592 1654 2619 vim
1667 2599 1717 2618 cu-

933 2642 1033 2678 jusque
1059 2649 1164 2670 eorum.
1180 2641 1365 2669 lnerrantium
1388 2649 1453 2668 vero
1476 2639 1615 2667 stellarum
1639 2641 1717 2665 ortus

935 2693 962 2715 ct
975 2696 1091 2716 occasus
1108 2688 1178 2724 signi
1198 2688 1332 2715 rationem
1348 2687 1482 2717 obtinent,
1499 2686 1571 2713 sicut
1587 2683 1716 2719 praedixi-

936 2740 1008 2760 mus.
1033 2732 1110 2760 Unde
1136 2741 1170 2760 nc
1198 2732 1372 2760 statuendum
1399 2730 1508 2766 quidem
1535 2733 1577 2756 est
1607 2728 1717 2756 easdem

937 2777 1147 2812 significationes
1162 2777 1255 2805 oerﬁci
1271 2785 1304 2805 ex
1320 2776 1416 2804 iisdem
1430 2775 1530 2808 astris;
1560 2774 1608 2802 sed
1621 2780 1719 2802 secunv
