1902 3143
192 143 245 171 81⁷1

679 139 726 166 ΑΒ
742 139 877 167 EUSEBH
894 137 1093 167 CHRONICON
1113 138 1295 166 APPENDIX.

1752 140 1800 169 διδ

191 203 255 229 dum
281 200 437 229 eorumdem
463 200 601 227 climatum
626 199 782 231 varietates,
798 199 921 227 diversos
945 204 964 227 el

1022 199 1089 226 ἀλλὰ
1109 199 1179 226 κατά
1208 199 1258 231 τὰς
1283 199 1336 226 τῶν
1363 199 1452 226 αὐτῶν
1469 198 1608 234 κλιμάτων
1628 198 1800 234 παραλλαγὰς

191 254 270 276 ortus
285 252 311 275 et
326 255 440 275 occasus
455 251 591 274 astrorum
606 246 674 278 ﬁeri,
696 249 723 273 et
738 246 848 280 quidem
861 246 889 272 in
904 253 969 280 quo-

191 294 257 322 libet
281 294 421 321 horizonte
451 292 560 327 propria
585 291 662 326 signa
687 291 788 319 habere
814 291 972 319 mutationis

190 340 272 367 aeris.
288 338 359 366 Idem
373 338 445 365 enim
466 344 630 372 parapegma
644 344 697 364 non
715 340 803 372 potest
820 344 972 372 congruere

191 385 219 412 in
245 385 310 412 urbe
328 383 426 414 Roma,
446 386 474 410 et
497 383 525 410 in
552 382 650 415 Ponto,
663 385 691 410 et
711 382 738 409 in
764 381 872 414 Rhodo,
890 386 917 409 et
944 383 971 409 in

191 432 257 458 urbe
271 429 461 462 Alexandriae;
477 428 525 456 sed
545 436 657 456 necesse
674 432 716 456 est
738 432 767 455 ut
787 428 902 455 diversae
917 427 973 456 sint

191 475 393 504 observationes
416 475 444 502 in
462 475 578 502 diversis
593 474 800 506 horizontibus,
816 477 844 501 et
863 474 889 500 in
905 482 972 509 qua-

189 522 254 549 libet
268 521 336 548 urbe
349 520 402 548 alia
425 523 568 549 sumantur
585 523 659 548 astra
687 519 902 555 signiﬁcationes
914 518 970 547 etii-

189 568 298 595 cientia.

226 610 302 638 Unde
315 610 488 638 manifestum
504 609 625 645 estquod
642 617 696 637 non
709 609 870 637 naturaliter
882 613 971 637 astro-

188 663 250 682 rum
266 659 344 683 ortus
366 660 392 682 et
407 663 522 683 occasus
541 655 698 682 aﬁ‘ectiones
724 655 796 682 aeris
821 659 969 690 generem;

189 701 236 729 sed
250 701 322 736 quod
338 701 365 728 in
380 701 501 736 quolibet
515 701 657 728 horizonte
670 701 784 728 diversa;
799 700 865 728 ﬁant
878 700 971 728 obSer-

188 747 312 774 vationes
328 751 355 773 et
384 754 477 774 aerum
493 747 665 774 mutationes.
684 746 866 779 Quamobrem
882 754 970 781 neque

187 800 283 819 omnes
295 791 507 827 signiﬁcationes
523 791 550 817 in
563 791 669 818 tabulas
683 791 774 818 relatae
786 798 893 825 semper
903 797 969 817 con-

187 841 304 872 gruunt;
323 837 370 864 sed
387 837 523 864 interdum
543 837 732 864 uuiversaliter
748 843 803 863 non
819 835 888 863 ﬁunt
901 844 909 862 τ
921 836 968 863 sed

186 883 233 918 qui
251 883 385 911 maximas
398 886 576 918 tempestates
591 881 827 917 comprehendunt
841 885 919 909 ortus
942 885 969 909 et
984 873 1005 900 Β

189 937 325 962 occasus,
355 929 382 956 hi
415 929 534 956 eﬁiciunt
565 929 725 956 serenitates
747 937 753 954 :
774 927 910 955 interdum
940 927 968 954 in

190 975 256 1002 urbe
269 975 402 1015 serenitas
418 973 561 1009 contingit,
575 974 603 1000 in
618 973 692 1008 agris
707 973 803 1000 imber.
817 972 893 1007 Smpe
907 976 968 1008 post

187 1020 246 1048 dies
272 1024 329 1047 tres
351 1024 397 1046 aut
412 1024 528 1054 quatuor
558 1019 657 1054 aliquis
673 1019 835 1053 signiﬁcavit
850 1025 897 1053 per
922 1025 968 1044 or-

187 1069 245 1092 tum
271 1070 317 1092 aut
330 1072 457 1092 occasum
483 1065 549 1092 astri
569 1068 745 1091 mutationem
771 1064 842 1090 aeris
860 1071 867 1089 :
884 1064 970 1089 inter-

186 1112 251 1138 dum
278 1111 424 1138 antevertit
455 1110 681 1145 signiﬁcationem
713 1109 810 1136 diebus
836 1112 964 1143 quatuor.

187 1157 265 1186 Unde
279 1157 326 1193 qui
343 1157 472 1184 aberrant.
494 1157 521 1183 in
543 1155 764 1190 praedictionibus
790 1154 967 1189 signiﬁcatio-

188 1209 253 1229 num
269 1221 277 1232 ,
305 1201 406 1228 habent
431 1203 651 1233 excusationem,
683 1200 756 1235 quod
782 1199 968 1235 anticiparunt

185 1247 423 1282 signiﬁcationem,
438 1254 469 1273 eo
482 1246 554 1281 quod
568 1246 703 1281 posterius
715 1249 756 1274 est
771 1245 855 1272 facta.

219 1292 258 1320 Ex
272 1293 372 1328 quibus
394 1292 521 1320 omnibus
546 1291 722 1320 manifestum
749 1295 791 1320 est
813 1293 885 1327 quod
907 1301 967 1328 quae

185 1339 218 1366 ad
234 1339 448 1375 signiﬁcationes
468 1343 601 1375 spectant,
629 1346 660 1367 ea
676 1339 704 1366 in
720 1338 822 1366 tabulis
838 1339 899 1366 rudi
914 1339 966 1366 Mi-

184 1393 265 1413 nerva
278 1385 332 1413 sint
344 1385 486 1420 inscripta,
508 1392 570 1412 cum
588 1392 643 1411 non
659 1388 718 1411 arte
738 1385 871 1423 quadam,
879 1392 967 1419 neque

185 1431 348 1459 necessitate
374 1431 430 1458 sint
441 1430 540 1458 tradita
551 1449 558 1461 ,
574 1429 621 1457 sed
638 1437 669 1457 ex
687 1430 818 1457 continua
835 1431 966 1458 observa-

184 1477 259 1504 tione
280 1476 423 1510 inscripta.
442 1474 507 1502 Eam
520 1475 555 1502 ob
569 1482 679 1503 causam
695 1483 767 1510 saepe
783 1476 840 1503 hac
856 1477 963 1504 fallunt.

184 1521 261 1550 Unde
275 1523 406 1557 astrologi
417 1529 472 1549 non
487 1522 718 1554 suntaccusandi,
739 1522 762 1550 si
778 1523 965 1551 aberraverint

184 1569 211 1595 in
228 1568 483 1604 signiﬁcationibus.
501 1568 528 1595 Si
543 1576 607 1595 vero
621 1568 735 1603 eclipsin
748 1569 899 1604 praedicens
914 1570 964 1597 ali-

183 1615 255 1648 quis,
273 1619 319 1641 aut
338 1618 427 1641 ortum
447 1614 525 1645 astri,
541 1614 720 1646 aberravertt,
738 1616 836 1642 merito
857 1620 884 1642 et
905 1619 963 1643 stu-

182 1660 303 1691 dium,et
318 1659 364 1694 qui
388 1659 453 1686 illud
466 1663 575 1691 tractat,
593 1664 767 1687 accusantur.
780 1660 877 1687 Omnia
890 1661 963 1688 enim

182 1713 242 1741 qua;
255 1709 312 1733 arte
329 1705 474 1733 traduntur
482 1706 581 1733 debent
603 1705 771 1734 infallibilem
783 1706 882 1735 habere
894 1715 963 1743 prae-

181 1752 337 1783 dictionem,
349 1759 396 1779 seu
411 1751 681 1779 enuntiationem.At
694 1759 726 1779 ea
749 1759 809 1786 qua:
825 1752 860 1779 ad
877 1753 963 1788 signi-

182 1796 322 1825 ﬁcationes
337 1801 471 1832 spectant,
486 1805 573 1832 neque
584 1806 645 1824 cum
661 1805 693 1825 ea
709 1799 890 1833 assequimur,
901 1807 963 1835 per-

181 1843 281 1870 fectam
297 1843 402 1871 laudem
416 1863 423 1875 ,
439 1852 527 1878 neque
546 1851 607 1871 cum
623 1844 658 1872 ab
678 1844 712 1872 iis
730 1845 899 1878 aberramus,
916 1853 962 1874 ac-

181 1889 351 1917 cusationem
387 1895 535 1917 uterentur.
561 1890 720 1925 Astrologize
739 1890 811 1918 enim
837 1891 893 1918 haec
920 1897 962 1920 est

181 1935 302 1969 quaedam
313 1942 378 1969 pars
389 1943 486 1970 expers
499 1935 583 1967 artis,
598 1939 626 1962 et
641 1935 752 1971 indigna
768 1943 829 1970 quae
842 1936 962 1971 profera-

180 1984 226 2007 tur
242 1980 272 2008 .in
301 1980 429 2008 medium.
448 1981 518 2008 Idem
542 1981 708 2017 opinandum
733 1986 776 2009 est
793 1982 851 2010 ﬁeri
880 1983 961 2010 etiam

179 2028 252 2054 circa
264 2027 347 2055 Canis
361 2033 462 2055 ortum.
480 2027 579 2055 Omnes
594 2028 666 2056 enim
684 2032 789 2063 putant,
805 2029 876 2056 hanc
895 2029 961 2057 stel-

179 2073 232 2099 lam
248 2074 384 2108 propriam
399 2074 452 2100 vim
469 2073 579 2105 habere,
592 2077 619 2100 et
633 2081 743 2101 causam
756 2081 818 2101 esse
833 2074 961 2101 intensio-

179 2118 223 2145 nis
238 2122 372 2150 testuum,
390 2125 451 2144 cum
476 2118 556 2145 simul
584 2118 673 2145 oritur
690 2126 752 2146 cum
773 2118 839 2146 sole.
857 2118 892 2145 At
909 2118 960 2145 hoc

179 2171 234 2190 non
247 2163 285 2190 ita
297 2171 326 2190 se
348 2162 445 2190 habet:
462 2162 510 2190 sed
525 2163 654 2198 quoniam
667 2163 744 2198 juxta
761 2163 958 2191 calidissimum

179 2213 286 2242 tempus
305 2207 369 2234 anni
387 2207 442 2234 haec
457 2207 535 2235 stella
554 2212 645 2235 ortum
671 2207 798 2240 faciebat,
815 2207 897 2242 hujus
911 2215 959 2242 ap-

179 2253 313 2289 paritione
325 2254 396 2281 aeris
411 2254 437 2280 in
452 2258 547 2281 aestum
562 2254 740 2281 mutationem
759 2257 900 2281 notarunt.
913 2252 961 2281 Est

179 2305 269 2328 autem
283 2301 322 2327 sol
334 2308 415 2327 causa
429 2299 591 2327 intensionis
608 2304 733 2327 aestuum.
750 2299 872 2326 Primum
887 2299 959 2326 enim

179 2354 241 2373 cum
260 2353 292 2373 ex
317 2346 404 2373 hieme
427 2346 513 2372 simus
530 2344 675 2380 frigefacti,
691 2345 840 2372 secundum
862 2352 960 2380 appro-

180 2391 383 2428 pinquationem
403 2399 463 2427 qua:
479 2391 506 2418 ﬁt
525 2392 557 2418 ad
575 2398 625 2418 nos
636 2411 643 2423 ,
657 2391 752 2427 incipit
767 2399 817 2419 nos
832 2391 873 2419 sol
888 2391 961 2418 cale-

179 2441 267 2467 facere
284 2439 423 2466 :nondum
453 2443 541 2465 tamen
567 2437 738 2466 manifestam
755 2438 837 2465 eﬁicit
859 2437 959 2466 calefa-

178 2486 307 2516 ctionem,
325 2493 386 2511 cum
404 2484 491 2511 adhuc
507 2483 667 2518 frigefactio,
682 2492 743 2519 quae
756 2488 798 2512 est
808 2484 843 2511 ab
860 2483 958 2515 hieme,

177 2535 352 2567 permaneat;
376 2539 437 2558 cum
452 2538 515 2558 vero
541 2530 571 2557 ﬁt
597 2531 787 2561 commoratio,
809 2535 836 2558 ct
852 2538 960 2565 semper

178 2578 264 2612 magis
272 2576 326 2612 34
332 2577 472 2612 magisque
486 2577 685 2612 appropinquat
698 2577 749 2609 sol,
758 2576 892 2611 contingit
902 2575 958 2603 ﬁeri

177 2631 289 2651 sensum
302 2622 505 2655 calehetionis;
522 2622 621 2650 deinde
632 2622 765 2657 contingit
779 2622 820 2649 bis
834 2622 867 2648 ad
885 2629 959 2648 eam-

176 2668 238 2695 dem
253 2667 447 2695 habitationem
461 2668 592 2695 continuo
603 2667 688 2695 solem
700 2667 839 2694 accedere.
852 2666 958 2694 Etenim

176 2715 203 2741 in
216 2722 361 2749 progressu
379 2713 412 2740 ad
429 2714 552 2741 aestivum
571 2713 705 2748 tropicum
724 2712 869 2743 circulum.
887 2718 914 2740 et
931 2713 958 2740 in

177 2767 299 2792 recessu,
315 2768 363 2796 per
379 2760 488 2788 easdem
503 2759 684 2787 habitationes
699 2759 796 2786 transit
812 2759 861 2786 sol.
876 2758 957 2787 Unde

176 2805 266 2831 evenit
289 2809 399 2840 propter
420 2812 530 2832 causam
554 2805 624 2832 hanc
650 2804 818 2832 intensiones
841 2810 957 2833 mstuum

177 2850 244 2876 ﬁeri.
262 2849 392 2877 Praeterea
413 2857 541 2878 accessus
562 2850 594 2878 ad
616 2851 738 2878 aestivum
762 2851 896 2887 tropicum
929 2856 955 2879 et

1022 245 1165 280 διαφόρους
1193 245 1240 272 καὶ
1266 244 1315 276 τὰς
1340 244 1466 276 ἐπιτολὰς
1491 245 1538 271 καὶ¹
1559 244 1609 276 τὰς
1637 244 1727 276 δύσεις
1751 244 1800 271 τῶν

1022 291 1128 326 ἄστρων
1142 290 1273 325 γίνεσθαι.
1290 290 1345 316 Καὶ
1358 290 1389 326 δὴ
1404 289 1464 316 καθ’
1483 290 1597 316 ἕκαστον
1613 290 1738 326 ὁρίζοντα
1753 290 1801 316 ἴδια

1023 337 1122 371 σημεῖα
1144 335 1216 371 ἔχειν
1230 336 1279 371 τῆς
1292 335 1356 371 περὶ
1373 335 1418 362 τὸν
1431 335 1500 370 ἀέρα
1521 330 1682 370 μεταϐολῆς.
1702 336 1738 361 Τὸ
1752 335 1800 370 γάρ

1022 382 1087 408 αὐτὸ
1103 381 1273 417 παράπηγμα
1282 381 1311 407 οὐ
1322 380 1431 408 δύναται
1456 382 1609 417 συμφωνεῖν
1620 382 1648 407 ἐν
1660 382 1693 416 τῇ
1711 381 1799 416 Ῥώμῃ

1022 429 1068 454 καὶ
1077 429 1105 454 ἐν
1113 427 1152 463 τῷ
1168 427 1270 463 Πόντῳ,
1285 427 1332 453 καὶ
1347 428 1375 454 ἐν
1393 427 1484 462 Ῥόδῳ,
1497 427 1542 453 καὶ
1556 427 1584 454 ἐν
1601 426 1794 462 Ἀλεξανδρείᾳ.-

1021 473 1089 501 and:
1111 473 1217 507 ἀνάγκη
1240 472 1384 508 διαφόρους
1404 472 1453 504 τὰς
1467 473 1670 508 παρατηρήσεις
1689 470 1759 499 εἶναι
1773 474 1799 499 ἐν

1020 518 1156 554 διαφόροις
1179 518 1308 553 ὁρίζουσι,
1329 519 1376 545 καί¹
1395 518 1455 545 καθ’
1474 518 1593 553 ἑκάστην
1620 518 1697 544 πόλιν
1722 518 1797 553 ἑτερο

1020 564 1203 600 λαμϐάνεσθαι
1218 564 1305 600 ἄστρα
1321 564 1504 599 ἐπισημασίας
1517 563 1702 590 ἐπιτελοῦντα.

1062 609 1106 642 Ἐξ
1121 607 1151 636 οὗ
1167 609 1292 645 φανερὸν,
1308 610 1349 636 ὅτι
1366 610 1396 636 οὐ
1423 609 1544 644 φυσικῶς
1564 610 1592 636 αἱ
1612 609 1666 635 τῶν
1693 609 1797 645 ἄστρων

1020 654 1140 682 ἐπιτολαὶ
1159 655 1205 682 καὶ
1222 654 1311 687 δύσεις
1322 655 1357 682 τὰ
1369 655 1432 690 περὶ
1451 655 1495 681 τὸν
1511 655 1581 690 ἀέρα
1601 655 1675 690 πάθη
1685 655 1790 689 ἀπογεν-

1021 702 1110 729 νῶσιν·
1127 700 1194 727 ἀλλά
1206 701 1266 727 καθ’
1277 701 1390 727 ἕκαστον
1406 700 1528 736 ὁρίζοντα
1542 700 1663 736 διάφοροι
1680 709 1795 736 1:19am-

1022 747 1114 782 ρήσεις
1127 746 1262 780 γεγόνασι,
1274 746 1321 773 καὶ
1343 746 1397 772 τῶν
1414 746 1502 781 ἀέρων
1525 745 1682 781 μεταϐολαί.
1703 746 1795 781 Διόπερ

1019 792 1079 818 οὐδὲ
1097 792 1180 818 πᾶσαι
1195 791 1383 826 ἐπισημασίαι,
1393 791 1422 817 ἐν
1437 792 1492 822 τοῖς
1505 791 1724 826 παραπήγμασιν
1739 791 1788 825 ἀγό

1021 847 1109 874 μεναι,
1123 837 1166 864 ἀεὶ
1187 837 1387 871 συμφωνοῦσινο
1410 836 1466 863 ἀλλ’
1481 837 1540 863 ἐστι
1555 837 1605 872 μὲν
1627 837 1671 863 ὅτε
1687 836 1799 863 καθόλου

1019 884 1049 910 οὺ
1067 883 1194 917 γίνονται,
1211 881 1278 908 ἀλλά
1296 882 1360 913 τοὺς
1382 882 1526 917 μεγίστους
1548 882 1724 917 περιέχουσαι
1744 891 1799 917 χει-

1021 929 1112 964 μῶνας
1128 928 1249 954 ὲπιτολαὶ
1262 928 1308 954 καὶ
1319 927 1418 960 δύσεις,
1432 927 1520 960 εὐδίας
1537 927 1714 955 ἀποτελοῦσιν
1723 937 1730 943 ·
1744 929 1800 955 ἐστι

1018 975 1040 1002 δ’
1053 976 1096 1002 ὅτε
1115 974 1185 1001 κατὰ
1201 974 1249 1010 μὲν
1269 974 1317 1010 τὴν
1333 974 1409 1001 πόλιν
1422 974 1498 1000 εὐδία
1513 974 1630 1008 ἐγένετο,
1645 975 1692 1001 ἐπὶ
1709 973 1800 1010 χώρας

1017 1022 1046 1048 δὲ
1070 1021 1186 1058 ὄμϐρος·
1214 1020 1342 1052 πολλάκις
1361 1021 1389 1047 δέ
1414 1029 1456 1052 τις
1480 1020 1539 1055 μεθ’
1554 1020 1660 1056 ἡμέρας
1682 1022 1757 1055 τρεῖς
1780 1021 1799 1056 ἢ

1019 1067 1154 1104 τέσσαρας
1183 1067 1339 1103 ἐπεσήμηνε
1364 1068 1397 1102 τῇ
1418 1067 1527 1102 ἐπιτολῇ
1549 1067 1566 1102 ἢ
1587 1068 1620 1101 τῇ
1646 1066 1721 1093 δύσει
1752 1066 1798 1093 τοῦ

1019 1112 1119 1148 ἄστρου
1130 1120 1137 1127 ”
1152 1112 1209 1140 ἔστι
1226 1112 1254 1139 δὲ
1271 1113 1315 1139 ὅτε
1337 1112 1469 1148 προέλαϐε
1483 1112 1531 1147 τὴν
1550 1112 1734 1146 ἐπισημασίαν
1748 1111 1800 1147 πρὸ

1017 1158 1126 1193 ἡμερῶν
1150 1158 1297 1194 τεσσάρων.
1315 1158 1395 1185 Ὅθεν
1412 1158 1458 1185 καὶ
1473 1158 1498 1184 οἱ
1514 1158 1748 1193 ἀποτυγχάνοντες
1767 1158 1797 1184 ἐν

1017 1205 1075 1235 ταῖς
1086 1204 1252 1239 προρρήσεσι
1261 1204 1314 1230 τῶν
1325 1204 1514 1240 ἐπισημασιῶν
1525 1203 1630 1238 ἔχουσιν
1641 1204 1798 1238 ἀπολογίαν,

1017 1249 1058 1275 ὃτι
1070 1249 1217 1284 προέλαϐον
1235 1249 1284 1285 τὴν
1299 1249 1493 1284 ὲπισημασίαν,
1505 1249 1545 1275 ὅτι
1561 1248 1661 1284 ὑστέρα
1681 1249 1798 1282 ἐγένετο.

1057 1295 1101 1327 Ἐξ
1115 1292 1152 1322 ὧν
1167 1296 1274 1322 πάντων
1294 1296 1418 1331 φανερὸν,
1436 1296 1476 1322 ὅτι
1494 1295 1529 1322 τὰ
1547 1295 1618 1322 κατά
1632 1295 1683 1326 τὰς
1703 1296 1799 1329 ἐπιση-

1018 1341 1117 1376 μασίας
1127 1342 1156 1368 ἐν
1166 1342 1222 1373 τοῖς
1239 1342 1456 1377 παραπήγμασιν
1467 1341 1690 1377 όλοσχερέστερον
1704 1342 1801 1376 ἀναγέ-

1015 1392 1147 1420 γραπται,
1161 1386 1190 1411 οὺ
1216 1385 1297 1421 τέχνῃ
1319 1386 1372 1412 τινὶ
1386 1385 1445 1412 οὐδὲ
1465 1386 1573 1422 ἀνάγκῃ
1591 1385 1799 1421 μεθοδευόμενα,

1015 1431 1072 1457 ἀλλ’
1087 1432 1119 1457 ἐκ
1129 1431 1177 1467 τῆς
1187 1431 1313 1466 συνεχοῦς
1328 1432 1543 1467 παρατηρήσεως
1557 1431 1800 1468 ἀναγεγραμμένα.

1015 1477 1061 1503 Διὺ
1084 1477 1212 1508 πολλάκις
1229 1477 1408 1512 διαψεύδεται.
1427 1477 1506 1504 Ὅθεν
1523 1477 1583 1503 οὐδὲ
1599 1477 1801 1513 κατηγορητέον

1016 1521 1137 1548 ἐπὶτῶν
1147 1521 1327 1557 ἀστρολόγων,
1336 1522 1384 1549 ἐὰν
1397 1522 1618 1557 ἀποτυγχάνωσιν
1630 1524 1659 1550 ὲν
1668 1525 1728 1554 ταῖς
1740 1524 1803 1549 ἐπι-

1018 1567 1173 1602 σημασίαις.
1196 1567 1258 1594 Ἐὰν
1284 1568 1306 1594 δ’
1327 1567 1447 1602 ἔκλειψιν
1463 1567 1599 1603 προειπών
1620 1568 1692 1604 τιςῆ
1708 1569 1803 1595 ἐπιτο-

1015 1614 1064 1649 λὴν
1088 1613 1187 1649 ἄστρου
1210 1613 1356 1650 διαμάρτῃ,
1382 1614 1498 1649 εὐλόγως
1518 1614 1610 1641 καὶτὸ
1629 1615 1802 1650 ἐπιτήδευμα

1016 1659 1062 1686 καὶ
1091 1660 1104 1686 ὁ
1132 1659 1383 1696 μεταχειριζόμενος
1412 1661 1577 1696 κατηγορίας
1607 1661 1800 1697 ἀξιωθήσεται.

1016 1705 1106 1732 Πάντα
1133 1705 1186 1741 γὰρ
1206 1705 1286 1742 τέχνῃ
1305 1706 1499 1748 μεθοδερόμενα
1513 1706 1714 1743 ἀδιαμάρτητον
1727 1707 1802 1742 ἔχειν

1015 1751 1115 1785 ὀφείλει
1132 1751 1180 1787 τὴν
1193 1752 1338 1786 ἀπόφασιν.
1353 1752 1393 1778 Τὰ
1416 1753 1444 1779 δὲ
1467 1752 1531 1787 περὶ
1550 1752 1599 1784 τὰς
1614 1753 1802 1788 ἐπισημασίας

1015 1795 1069 1822 οὔτ’
1083 1797 1316 1832 ἐπιτυγχανόμενα
1330 1797 1460 1833 ὁλοσχερῆ
1475 1798 1520 1824 τὸν
1535 1798 1644 1825 ἔπαινον
1659 1798 1726 1833 ἔχει,
1741 1799 1801 1825 οὔτ’

1014 1841 1255 1876 ὰποτυγχανόμενα
1271 1842 1446 1877 κατηγορίαν.
1463 1842 1592 1877 Ἀτεχνον
1603 1843 1656 1878 γάρ
1668 1852 1695 1869 τι
1713 1844 1802 1879 μέρος

1014 1886 1072 1912 ἐστὶ
1086 1885 1163 1912 τοῦτο
1177 1886 1226 1921 τῆς
1242 1886 1428 1921 ἀστρολογίας,
1439 1888 1485 1914 καὶ
1495 1888 1545 1914 οὐκ
1560 1887 1634 1920 ἄξιον
1646 1890 1801 1925 προφορᾶς.

1014 1934 1051 1960 Τὸ
1064 1934 1092 1960 δὲ
1105 1933 1169 1960 αὐτὸ
1188 1933 1355 1968 ὑποληπτέον
1367 1934 1413 1960 καὶ
1426 1934 1489 1969 περὶ
1504 1934 1553 1969 τὴν
1568 1935 1655 1966 Κυνὸς
1671 1936 1804 1972 ἐπιτολὴν

1014 1979 1144 2013 γίνεσθαι.
1157 1979 1259 2010 Πάντες
1271 1979 1325 2015 γὰρ
1341 1979 1576 2015 ὑπολαμϐάνουσιν
1596 1980 1663 2008 ἰδίαν
1681 1981 1803 2017 δύναμιν

1013 2024 1084 2059 ἔχειν
1108 2024 1152 2051 τὸν
1173 2025 1284 2060 ἀστέρα,
1304 2025 1350 2052 καὶ
1364 2026 1506 2061 παραίτιον
1527 2026 1647 2061 γίνεσθαι
1669 2027 1720 2062 τῆς
1741 2028 1803 2055 τῶν

1013 2071 1158 2106 καυμάτων
1184 2071 1332 2102 ἐπιτάσεως
1351 2072 1408 2107 ἆμα
1424 2071 1645 2099 συνεπιτέλλοντα
1657 2072 1696 2108 τῷ
1715 2074 1802 2109 ἡλίῳ.

1013 2116 1098 2142 Τοῦτο
1118 2116 1140 2142 δ’
1162 2117 1212 2143 οὐκ
1226 2116 1298 2143 ἔστιν
1311 2116 1397 2149 οὕτως
1416 2117 1492 2153 ἕχονο
1507 2117 1574 2144 ἀλλὰ
1590 2118 1650 2145 ἐπεὶ
1666 2119 1738 2145 κατά
1751 2120 1805 2146 τὸν

1012 2161 1233 2197 πυροειδέστατον
1256 2162 1350 2197 καιρὸν
1371 2161 1417 2188 τοῦ
1444 2162 1565 2189 ἐνιαυτοῦ
1579 2160 1654 2194 οὗτος
1672 2164 1686 2189 ὁ
1708 2165 1804 2200 ἀστὴρ

1012 2205 1148 2237 ἐπέτελλε,
1161 2207 1192 2241 τῇ
1203 2205 1297 2232 τούτου
1312 2206 1391 2240 φάσει
1406 2206 1608 2241 ἐσημειώσαντο
1620 2207 1670 2243 τὴν
1685 2207 1755 2244 πρὸς
1770 2209 1805 2235 τὸ

1011 2253 1105 2289 καῦμα
1120 2253 1268 2289 μεταϐολὴν
1292 2253 1338 2280 τοῦ
1362 2253 1450 2290 ἀέρος.
1467 2254 1544 2280 Ἔστι
1558 2254 1586 2281 δὲ
1600 2255 1614 2280 ὁ
1631 2255 1707 2289 ἥλιος
1725 2265 1803 2292 παρ-

1011 2299 1095 2331 αίτιος
1112 2301 1161 2335 τῆς
1182 2300 1331 2332 ἐπιτάσεως
1356 2300 1410 2327 τῶν
1430 2300 1587 2336 καυμάτων.
1606 2301 1720 2336 Πρῶτον
1745 2303 1804 2338 μὲν

1011 2345 1074 2381 γὰρ,
1088 2347 1120 2372 ἐκ
1132 2345 1178 2372 τοῦ
1190 2346 1322 2381 χειμῶνος
1335 2346 1547 2381 κατεψυγμένων
1562 2346 1651 2382 ἡμῶν,
1666 2348 1739 2375 κατά
1749 2349 1804 2375 τὸν

1011 2391 1190 2427 συνεγγισμὸν
1214 2391 1258 2419 τὸν
1279 2391 1346 2427 πρὸς
1368 2392 1442 2427 ἡμᾶς
1466 2392 1578 2428 ἄρχεται
1594 2394 1668 2428 ἡμᾶς
1682 2393 1804 2430 θερμαί-

1010 2446 1080 2465 νειν·
1100 2437 1176 2465 οὔπω
1197 2437 1225 2464 δὲ
1245 2437 1354 2473 ἔκδηλον
1370 2439 1442 2464 ποιεῖ
1453 2437 1502 2473 τὴν
1516 2438 1679 2474 θερμασίαν,
1692 2440 1732 2466 ἐτι
1745 2441 1804 2476 τῆς

1009 2484 1183 2519 καταψύξεως
1202 2483 1256 2510 ἀπὸ
1273 2484 1320 2510 τοῦ
1336 2483 1467 2519 χειμῶνος
1488 2484 1682 2519 διαμενούσηςι
1700 2486 1804 2521 ἐπιμο-

1009 2529 1057 2565 νῆς
1070 2530 1099 2556 δὲ
1114 2529 1268 2565 γινομένης,
1285 2529 1332 2556 καὶ
1350 2529 1449 2564 μᾶλλον
1465 2529 1508 2555 ἀεὶ
1521 2530 1566 2556 καὶ
1581 2530 1683 2565 μᾶλλον
1701 2540 1805 2566 συνεγ-

1009 2575 1128 2609 γίζοντος
1149 2575 1195 2602 τοῦ
1211 2575 1296 2611 ἡλίου,
1318 2575 1478 2611 ἐπαίσθησιν
1499 2575 1641 2610 συμϐαίνει
1662 2577 1713 2612 τῆς
1731 2577 1802 2613 Θερ-

1010 2622 1109 2656 μασίας
1124 2621 1255 2655 γίνεσθαι·
1266 2620 1359 2647 ἔπειτα
1377 2620 1519 2656 συμϐαίνει
1534 2621 1574 2652 ἃς
1585 2621 1631 2648 ἐπὶ
1647 2621 1698 2657 τὴν
1711 2623 1803 2658 αὐτὴν

1009 2666 1113 2702 οἴκησιν
1130 2666 1200 2693 κατὰ
1221 2666 1251 2693 τὸ
1273 2666 1381 2702 συνεχὲς
1406 2666 1560 2692 ἐπιϐάλλειν
1578 2666 1623 2693 τὸν
1639 2666 1727 2702 ἥλιον.
1740 2668 1802 2695 Καὶ

1008 2713 1062 2748 γὰρ
1071 2714 1098 2739 ἐν
1103 2714 1136 2748 τῇ
1147 2713 1254 2748 παρόδῳ
1262 2714 1294 2748 τῇ
1304 2712 1371 2748 πρὸς
1379 2712 1423 2738 τὸν
1434 2712 1537 2748 θερινὸν
1547 2713 1677 2747 τροπικὸν
1685 2713 1802 2745 κύκλον,

1008 2757 1054 2784 καὶ
1064 2758 1092 2784 ὲν
1100 2759 1133 2793 τῇ
1145 2757 1317 2793 ἀποχωρήσει
1335 2757 1383 2789 τὰς
1396 2756 1479 2788 αὑτὰς
1491 2757 1611 2791 οἰκήσεις
1624 2757 1776 2792 παροδεύει
1788 2758 1805 2784 6

1007 2803 1091 2839 ἥλιος.
1109 2804 1188 2830 Ὀθεν
1213 2804 1354 2840 συμϐαίνει
1377 2804 1420 2830 διὰ
1449 2803 1498 2838 τὴν
1523 2803 1612 2830 αἰτίαν
1625 2803 1731 2839 ταύτην
1746 2803 1806 2834 τὰς

1009 2851 1147 2883 ἐπιτάσεις
1167 2850 1221 2878 τῶν
1248 2850 1394 2886 καυμάτων
1410 2849 1542 2885 γίνεσθαι.
1561 2849 1622 2877 Ἔτι
1635 2849 1665 2877 δὲ
1682 2850 1730 2877 καὶ
1747 2850 1804 2881 τὰς
