1902 3143
117 167 171 195 849

631 169 748 197 GEMINI
767 170 950 198 ELEMENTA
969 171 1213 200 ASTRONOMIIE.

1686 176 1738 204 850

118 221 264 259 προσόδους
286 222 336 260 τὰς
355 223 422 259 πρὸς
443 223 489 250 τὸν
513 223 617 260 θερινὸν
644 227 771 261 τροπικὸν
793 227 839 253 καὶ
858 226 889 253 τὰ

961 235 1090 255 recessus
1115 235 1226 256 omnino
1246 234 1273 255 et
1299 230 1405 264 parvos‘
1430 232 1458 256 ct
1479 229 1651 258 insensibiles
1678 240 1739 260 esse

117 268 307 304 ἀποχωρήσεις
323 269 424 305 μικράς
439 277 469 296 τε
482 270 620 302 παντελῶς
632 272 678 298 καὶ
690 271 902 308 ἀνεπαισθήτους

117 312 185 341 εἶναι
200 313 356 350 συμϐέὸηκε
367 323 373 329 ·
395 315 486 350 σχεδὸν
500 316 555 352 γὰρ
572 317 614 350 ἐφ’
630 317 734 353 ἡμέρας
757 322 782 353 μ’
797 319 842 345 ἐπὶ
856 319 902 346 τοῦ

117 357 222 393 θερινοῦ
231 358 361 393 τροπικοῦ
370 359 470 386 κύκλου
481 359 530 396 τὴν
544 361 676 397 ἐπιμονὴν
688 364 814 390 ποιεῖται.
824 364 903 391 Ὅθεν

116 404 162 430 καὶ
187 404 221 431 τὰ
245 404 346 440 μεγέθη
370 405 423 432 τῶν
445 406 555 442 ἡμερῶν
579 408 642 443 περὶ
667 409 716 440 τὰς
736 409 838 444 τροπὰς
857 411 903 437 ἀν-

117 449 280 484 επαίσθητον
291 449 346 485 ἔχει
357 450 406 486 τὴν
423 452 601 487 παραύξησιν.
611 453 685 479 Ἐπεὶ
695 454 722 480 δὲ
734 454 796 490 περὶ
808 454 902 481 τοῦτον

115 496 160 522 τὸν
175 496 268 531 καιρὸν
281 497 422 524 ἐπέτελλεν
430 499 452 514 ⁸³
467 499 481 524 ὁ
497 499 588 531 Κύων,
603 502 635 535 τῇ
652 501 746 527 τούτου
764 501 844 535 φάσει
856 501 902 528 τὸν

115 541 210 576 καιρὸν
227 541 429 577 ἐσημειώσαντο
447 544 496 579 τῆς
513 544 566 571 τῶν
579 546 726 580 καυμάτων
740 546 900 580 ὲπιτάσεως,

114 587 161 621 οὐχ
175 587 214 619 ὡς
228 588 309 615 αὑτοῦ
323 588 370 615 τοῦ
383 589 483 625 ἄστρου
507 591 650 626 παραιτίου
674 592 827 627 γινομένου,
843 593 900 620 ἀλλ’

113 631 150 664 ὡς
165 632 212 658 τοῦ
229 633 304 668 ἡλίου
319 634 367 670 τὴν
383 635 471 662 αἰτίαν
485 635 600 670 ἔχοντος.

149 676 181 702 Εἰ
205 677 255 712 μὲν
278 675 324 704 οὖν
353 678 391 710 ὡς
410 680 521 714 σημεῖόν
536 689 577 712 τις
591 682 722 717 λαμϐάνει
741 685 786 712 τοῦ
803 686 898 722 καιροῦ

117 730 165 756 την
192 722 239 748 τοῦ
259 723 346 755 Κυνὸς
363 725 497 762 ἐπιτολὴν,
511 727 598 762 ὀρθῶς
619 728 759 764 λαμϐάνει,
775 731 899 766 καθάπερ

112 767 240 804 Ὅμηρός
255 777 336 803 φησιν
348 770 394 796 ἐπὶ
409 771 454 797 τοῦ
468 772 555 804 Κυνὸς
570 773 670 806 οὕτως’
847 774 857 777 ’“

251 825 352 852 Κακὸν
364 826 397 853 δέ
412 836 443 854 τε
456 827 538 863 σῆμα
550 829 696 858 τέτυκται.

109 880 145 905 Οὐ
162 877 216 914 γὰρ
228 880 265 912 ὡς
277 880 343 908 ἰδίαν
356 881 468 918 δύναμιν
480 883 587 919 ἔχοντος
601 885 681 912 αὑτοῦ
698 887 764 922 πρὸς
778 888 826 923 τὴν
837 889 896 915 ὲπί-

108 935 186 954 ταπτ
206 926 260 954 τῶν
284 927 445 964 καυμάτων,
459 929 516 958 ἀλλ’
529 931 569 964 ὠς
588 932 700 968 σημείου
711 933 792 972 χάριν
801 943 896 970 παρει-

108 973 138 1008 λη
143 982 161 1008 μ
164 973 256 1008 μένου.

143 1019 222 1046 Ὅσοι
251 1020 376 1055 μέντοιγε
403 1022 458 1049 τῶν
478 1023 596 1058 ποιητῶν
613 1025 659 1051 καὶ
677 1025 827 1061 φιλοσόφων
847 1027 895 1063 τὴν

106 1062 222 1098 δύναμιν
249 1066 298 1100 τῆς
317 1067 467 1100 ὲπιτάσεως
491 1068 546 1095 τῶν
575 1070 722 1105 καυμάτων
755 1073 793 1108 τῷ
826 1062 895 1101 Κυνὶ

108 1110 305 1144 προσάπτουσι,
324 1112 390 1138 πολὺ
413 1113 463 1148 τῆς
483 1113 612 1149 ἀληθείας
634 1118 681 1142 καὶ
706 1116 753 1144 τοῦ
779 1112 894 1152 φυσικοῦ

108 1153 188 1188 λόγου
202 1157 402 1192 πεπλανημένοι
419 1157 497 1186 είσίν.
521 1159 549 1186 Ὀ
568 1161 623 1197 γὰρ
643 1153 729 1198 ἁστὴρ
747 1161 823 1195 οὗτος
845 1165 895 1199 τῆς

105 1200 192 1235 αὐτῆς
217 1202 309 1234 οὐσίας
335 1203 516 1240 κεκοινώνηκε
547 1207 614 1233 πᾶσι
628 1209 684 1240 τοῖς
699 1209 818 1245 ἄστροις.
833 1210 894 1237 Εἴτε

106 1244 162 1292 γάρ
187 1246 287 1292 πύρινά
311 1249 393 1282 ἐστιν,
416 1250 471 1276 εἴτε
493 1250 541 1277 καὶ
560 1252 666 1288 αἰθέρια
681 1254 714 1280 τὰ
729 1244 827 1290 ἄστρα,
845 1256 894 1292 τὴν

105 1290 191 1326 αὐτὴν
212 1291 268 1326 ἔχει
290 1292 403 1328 δύναμιν
420 1295 518 1328 πάντα,
532 1298 578 1323 καὶ
596 1298 696 1333 ὀφείλει
714 1290 893 1336 κατακρατεί-

106 1336 164 1363 σθαι
186 1337 237 1363 ὑπὸ
253 1338 299 1365 τοῦ
317 1339 433 1375 πλήθους
450 1342 504 1368 τῶν
518 1343 624 1379 ἄστρων
642 1345 658 1379 ἡ
675 1345 729 1371 ἀπὸ
741 1345 787 1372 τοῦ
805 1346 893 1378 Κυνὸς

108 1382 245 1419 ἀποφορὰ.
266 1385 321 1411 Καὶ
342 1385 396 1422 γὰρ
411 1387 450 1422 τῷ
466 1388 575 1423 μεγέθει
594 1390 714 1424 μείζονες
732 1392 812 1418 αὺτοῦ
825 1393 893 1420 εἰσιν

105 1428 204 1463 ἕτεροι,
224 1429 271 1456 καὶ
285 1430 324 1465 τῷ
343 1431 440 1467 πλήθει
454 1432 570 1470 ἄπειροι.
587 1435 618 1461 El
638 1433 684 1463 οὖν
709 1437 738 1469 ἐξ
767 1438 892 1466 ἁπάντων

105 1473 191 1500 αὐτῶν
204 1475 221 1509 ἡ
233 1474 346 1510 δύναμις
358 1476 388 1503 οὐ
401 1477 538 1505 διικνεῖται
554 1480 634 1516 μέχρι
650 1481 699 1517 τῆς
711 1483 770 1518 γῆς,
781 1484 840 1511 οὐδὲ
853 1486 892 1517 εἰς

103 1518 151 1554 τὴν
158 1519 205 1546 τοῦ
217 1520 292 1556 ἡλίου
304 1521 416 1558 δύναμιν
426 1524 500 1550 οὐδὲν
512 1526 703 1561 συμϐάλλεται,
715 1528 772 1561 πῶς
782 1529 892 1557 πιθανὸν

965 273 1105 308 contingit.
1135 273 1201 301 Fere
1216 274 1287 300 enim
1304 274 1337 301 ad
1352 274 1410 301 dies
1424 274 1460 301 40
1475 275 1501 301 in
1524 276 1617 303 mstivo
1633 276 1739 310 tropico

961 320 1066 347 circulo
1079 327 1184 348 moram
1201 320 1274 348 facit.
1285 320 1361 348 Unde
1375 325 1402 347 ct
1414 322 1614 356 magnitudines
1633 322 1738 349 dierum

956 367 1029 394 circa
1038 367 1155 394 solstitia
1171 367 1329 394 insensibile
1342 367 1441 394 habent
1455 367 1660 395 incrementum.
1669 367 1737 394 Cum

962 419 1026 439 vero
1049 412 1122 440 circa
1149 414 1200 440 hoc
1228 416 1335 447 tempus
1356 417 1445 439 ortum
1464 413 1564 440 faceret
1577 413 1669 444 Canis,
1689 413 1739 438 hu—

962 457 1008 492 jus
1022 458 1193 492 apparitione
1220 458 1441 492 signiﬁcaverunt
1458 461 1564 493 tempus
1577 457 1738 485 intensionis

959 507 1097 537 mtuum;
1121 511 1174 530 non
1187 504 1258 538 quod
1280 504 1366 538 ipsum
1392 509 1494 531 astrum
1512 505 1547 530 sit
1572 511 1669 535 causa,
1690 503 1736 530 sed

956 552 1028 586 quod
1044 551 1085 579 sol
1102 551 1172 578 hanc
1187 559 1297 579 causam
1312 551 1418 578 habeat.

998 683 1026 711 Si
1042 684 1124 719 igitur
1139 685 1238 720 aliquis
1257 692 1306 719 pro
1320 685 1398 720 signo
1411 686 1539 720 temporis
1555 685 1670 720 accipiat
1679 685 1733 711 Ca-

952 730 994 757 nis
1010 735 1113 762 orlum,
1127 735 1202 758 recte
1216 731 1332 765 accipit;
1351 732 1421 759 sicut
1434 731 1567 759 Homerus
1592 731 1680 766 inquit
1700 731 1734 758 de

949 775 1023 803 Cane
1038 776 1094 803 sic:

1021 835 1124 863 Malum
1139 841 1225 864 autem
1239 837 1342 872 signum
1356 837 1456 871 factum
1473 841 1521 864 est.

950 891 1008 918 Non
1028 893 1100 919 enim
1112 892 1285 928 cogitandum
1300 899 1351 925 est,
1367 894 1445 928 quasi
1462 893 1598 929 propriam
1611 894 1664 920 vim
1684 894 1732 921 ba-

951 937 1013 964 beat
1032 938 1114 965 Canis
1126 939 1158 966 ad
1175 939 1354 966 intensionem
1369 944 1496 972 aestuum,
1514 940 1560 968 sed
1574 940 1646 974 quod
1660 940 1731 975 signi

947 984 1035 1018 gratia
1052 988 1210 1019 assumptus
1227 985 1262 1012 sit
1273 985 1364 1012 Canis.

945 1038 949 1049 ν
990 1029 1183 1058 Verumtamen
1203 1031 1249 1065 qui
1277 1039 1310 1058 ex
1331 1031 1416 1066 poetis
1439 1036 1465 1058 et
1485 1031 1652 1066 philosophis
1675 1032 1728 1059 vim

948 1077 1113 1105 iutensionis
1134 1081 1250 1105 aestuum
1266 1076 1332 1104 Cani
1358 1078 1510 1109 ascribunt,
1530 1077 1556 1104 hi
1580 1078 1693 1104 multum
1713 1086 1728 1104 a

945 1122 1060 1148 veritate
1086 1126 1114 1149 et
1145 1123 1265 1150 naturali
1288 1123 1413 1150 doctrina
1440 1123 1644 1150 aberraverunt.
1667 1122 1729 1150 Hac

945 1168 1017 1195 enim
1030 1167 1108 1195 stella
1124 1168 1246 1196 eamdem
1260 1173 1384 1195 naturam
1405 1169 1501 1196 sortita
1513 1173 1554 1196 est
1565 1177 1626 1196 cum
1642 1169 1729 1196 omni-

946 1212 997 1240 bus
1027 1213 1118 1240 astris.
1149 1212 1212 1241 Sive
1225 1214 1298 1240 enim
1325 1216 1404 1248 ignea
1432 1218 1508 1246 sunt,
1531 1214 1588 1241 sive
1611 1214 1728 1242 a~thcrea

945 1262 1030 1290 astra,
1046 1257 1168 1284 eamdem
1184 1259 1275 1285 omnia
1288 1257 1387 1285 habent
1406 1259 1470 1290 vim,
1486 1263 1513 1286 et
1531 1259 1610 1286 debet
1621 1259 1693 1285 vinci
1712 1267 1727 1285 ιι

944 1301 1119 1329 multitudine
1134 1307 1270 1330 astrorum
1291 1302 1416 1330 dcﬂuxus
1434 1311 1448 1330 a
1470 1303 1556 1331 Cane.
1579 1303 1645 1330 Nam
1669 1311 1727 1330 ma-

943 1348 1087 1383 gnitudine
1101 1348 1183 1375 etiam
1202 1349 1307 1376 stellam
1324 1349 1406 1376 Canis
1420 1350 1618 1384 superantalian
1630 1350 1724 1382 stellte,

943 1398 971 1422 et
988 1394 1161 1421 multitudine
1184 1399 1247 1422 sunt
1263 1395 1384 1422 inﬁnitae.
1401 1394 1429 1422 Si
1445 1396 1527 1430 igitur
1550 1403 1582 1423 ex
1598 1396 1725 1423 omnibus

944 1440 1011 1475 ipsis
1026 1440 1066 1468 vis
1080 1448 1133 1468 non
1150 1442 1273 1475 pervenit
1289 1449 1375 1475 usque
1395 1441 1429 1468 ad
1452 1446 1561 1473 terram,
1583 1449 1671 1476 neque
1691 1443 1724 1469 ad

943 1485 1010 1512 solis
1022 1485 1076 1512 vim
1091 1485 1239 1521 quidquam
1257 1486 1374 1519 confert,
1390 1487 1527 1522 quomodo
1539 1487 1669 1515 credibile
1683 1492 1726 1515 cst

943 1530 1079 1567 deﬂusum
1097 1531 1132 1558 ab
1145 1539 1201 1558 uno
1215 1536 1290 1559 astro
1305 1536 1407 1559 tantam
1420 1537 1534 1560 aestuum
1545 1534 1723 1562 intensionem

104 1566 150 1601 τὴν
165 1567 221 1594 ἀπὸ
235 1567 281 1594 τοῦ
297 1569 355 1601 ἑνὸς
369 1571 468 1609 ἄστρου
485 1574 623 1610 ἀποφορὰν
642 1576 807 1614 τηλικαύτην
828 1579 889 1606 ἐπί-

945 1575 1052 1604 l'acere?
1083 1576 1186 1610 Quodsi
1220 1585 1274 1605 non
1303 1578 1434 1613 adjuvant
1460 1579 1607 1614 quidquam
1628 1587 1725 1608 omnes

101 1620 179 1660 τασιν
194 1613 251 1640 τῶν
273 1617 420 1651 καυμάτων
435 1621 538 1653 ποιεῖν;
552 1621 584 1647 Et
598 1621 626 1647 δὲ
638 1622 675 1658 μὴ
695 1613 852 1660 συνεργοῦσί
863 1634 888 1652 τι

104 1658 201 1691 πάντες
223 1660 249 1686 ot
276 1661 404 1695 ἀπλανεῖς
425 1664 547 1700 ἀστέρες,
575 1666 624 1702 τῆς
647 1669 732 1705 αὐτῆς
748 1658 887 1707 δυνάμεως

102 1706 347 1741 κεκοινωνηκότες,
365 1709 415 1735 οὐκ
442 1710 577 1745 ἐνδέχεται
604 1713 654 1748 τὴν
680 1714 733 1741 ἀπὸ
755 1716 803 1742 τοῦ
829 1717 887 1748 ἐνὸς

100 1749 198 1786 ἄστρου
218 1751 368 1788 θερμασίαν
391 1755 522 1792 αἰσθητὴν
544 1757 674 1794 διαφορὰν
686 1760 844 1795 ἀποφαίνειν
858 1763 887 1789 ὲν

101 1797 158 1828 ταῖς
173 1798 364 1831 συνανατολαίς
378 1800 424 1827 τοῦ
440 1801 526 1836 ἡλίου.

137 1843 216 1870 Ἔστι
245 1844 268 1870 δ’
295 1845 375 1878 αὐτὸς
391 1848 405 1873 ό
418 1847 492 1883 ἥλιος
506 1850 647 1885 παραίτιος
661 1852 715 1879 τῶν
728 1854 885 1888 καυμάτων,

100 1887 169 1914 κατὰ
187 1889 220 1916 τὸ
237 1891 346 1926 συνεχὲς
368 1892 413 1918 τὸν
430 1893 510 1921 αὐτὸν
526 1895 606 1923 τόπον
623 1897 671 1932 τῆς
685 1887 815 1934 οἰκήσεως
828 1901 887 1927 ἐπι-

100 1935 289 1979 ψρευόμενος.
305 1938 342 1964 Ού
359 1938 500 1975 δυνάμενοι
515 1940 543 1967 δὲ
559 1942 651 1978 κοινὴν
667 1944 771 1979 ἡμέραν
786 1945 886 1972 ἅπασιν

97 1978 238 2015 ἀφορίσαι,
255 1982 285 2009 ἐν
325 1984 443 2018 γίνονται
464 1987 491 2013 αἱ
504 1987 643 2020 ἐπιτάσεις
657 1989 711 2016 τῶν
727 1991 884 2026 καυμάτων,

99 2025 158 2052 ἐπεὶ
169 2027 241 2054 κατὰ
248 2028 340 2056 τοῦτον
353 2030 398 2058 τὸν
412 2031 506 2067 καιρὸν
520 2033 660 2061 ἐπέτελλεν
671 2031 749 2067 οὗτος
759 2036 773 2061 ὁ
784 2025 883 2072 γαστὴρ,

102 2071 129 2105 τῇ
142 2072 239 2100 τούτου
259 2074 338 2108 φάσει
356 2076 402 2102 τὸν
419 2078 515 2113 καιρὸν
529 2076 741 2115 ἐσημειώσαντο.

132 2117 193 2144 Ὀτι
204 2118 233 2145 δὲ
243 2119 292 2145 οὐκ
305 2119 377 2147 ἔστιν
391 2122 405 2148 ὀ
421 2122 507 2158 ἀστὴρ
521 2124 662 2159 παραίτιος
674 2126 724 2160 τῆς
735 2127 885 2159 ὲπιτάσεως

98 2161 149 2208 τῷν
161 2164 321 2199 καυμάτων,
332 2166 364 2192 ὲκ
377 2166 430 2193 τῶν
443 2167 568 2202 λέγεσθαι
590 2170 741 2204 μελλόντων
757 2173 884 2208 φανερόν.

98 2207 208 2243 Πρῶτον
235 2211 283 2245 μὲν
303 2211 358 2247 γάρ
376 2212 505 2245 πολλάκις
522 2216 746 2243 συνανατέλλουσι
762 2217 800 2253 τῷ
817 2207 884 2254 ἡλίῳ

98 2253 142 2280 καὶ
157 2255 280 2288 πλείονες
296 2257 342 2284 καὶ
359 2258 479 2293 μείζονες
495 2260 624 2296 ἀστέρες,
640 2263 686 2289 καὶ
699 2253 881 2299 ούδεμίανναῑέ
898 2256 920 2284 D

98 2300 196 2337 σθητὴν
216 2303 320 2330 ποιοῦσι
337 2304 524 2340 παραλλαγὴν,
539 2306 596 2333 ἀλλ’
625 2307 698 2335 ἔστιν
714 2309 758 2336 ὅτε
776 2310 808 2336 ἐκ
828 2311 884 2337 τῶν

96 2346 224 2374 ἐναντίων
239 2349 268 2374 ἐν
283 2350 342 2381 ταῖς
358 2350 494 2383 ὲπιτολαῖς
508 2352 596 2379 αὐτῶν
610 2354 656 2381 καὶ
670 2353 761 2381 δύσεσι
780 2356 882 2391 χειμῶ-

96 2399 139 2423 νες
159 2393 290 2427 γίνονται,
308 2397 354 2423 καὶ
368 2397 462 2432 ἄνεμοι
475 2397 573 2434 ψυχροὶ
593 2399 727 2433 πνέουσιν,
742 2401 780 2433 ὼς
801 2402 882 2437 μηδὲν

95 2437 181 2465 αὐτῶν
197 2440 423 2483 συμΰαλλομένων
436 2444 504 2479 πρὸς
514 2444 563 2480 τὴν
575 2445 699 2472 ἐπίτασιν
710 2447 765 2472 τῶν
780 2448 883 2483 καυμά-

95 2488 164 2506 των·
181 2482 312 2516 πολλάκις
328 2485 356 2512 δὲ
372 2486 419 2512 καὶ
437 2486 466 2513 ἐν
492 2487 531 2523 τῷ
549 2488 624 2523 αὐτῷ
648 2487 735 2525 ζωδίῳ
758 2490 796 2526 τῷ
814 2482 881 2527 ἡλίῳ

94 2526 212 2559 γίνονται
231 2529 344 2564 ἀστέρες
359 2532 413 2559 τῶν
428 2532 448 2558 ε’
463 2533 606 2570 πλανητῶν
622 2536 646 2562 οἱ
664 2536 795 2570 μέγιστοι,
814 2526 881 2564 (bas-

94 2570 155 2604 θων,
176 2573 332 2610 Φωσφόρος,
351 2577 477 2612 Πυρόεις,
495 2578 541 2613 ἀφ’
555 2575 592 2605 ὧν
615 2581 661 2607 καὶ
684 2581 810 2616 δυνάμεις
833 2582 880 2609 ἐπὶ

93 2617 140 2652 τὴν
154 2619 207 2653 γῆν
222 2620 361 2653 πίπτουσι,
378 2623 425 2649 καὶ
437 2623 514 2650 οὐδὲν
529 2625 604 2660 παρὰ
622 2625 671 2661 τὴν
687 2627 775 2652 αὐτῶν
790 2627 879 2655 αἰτίαν

92 2662 289 2701 διαφορώτερον
306 2667 370 2702 περὶ
382 2669 427 2694 τὸν
442 2669 509 2704 ἀέρα
525 2670 692 2704 γίνεται.Ἑξ
708 2669 737 2699 οὗ
753 2673 877 2708 φανερὸν,

92 2708 131 2735 ὃτι
148 2711 225 2737 οὐδὲν
240 2713 435 2747 συμϐάλλονται
449 2715 516 2750 πρὸς
533 2716 582 2752 τὴν
599 2717 723 2744 ἐπίτασιν
742 2718 795 2744 τῶν
811 2727 878 2746 καυ-

93 2756 185 2790 μάτων
202 2757 258 2784 οὕθ*
269 2759 293 2785 οἱ
308 2759 434 2792 ἀπλανεῖς
449 2761 505 2788 οὔθ’
527 2764 550 2789 οῐ
565 2763 696 2799 πλανῆται
713 2764 839 2800 ἀστέρες·
854 2766 878 2791 εί

94 2800 146 2837 γὰρ
166 2802 280 2838 δύναμιν
306 2813 364 2831 τινα
386 2807 566 2842 προσεφέρετο
589 2809 602 2834 ὁ
621 2808 717 2840 Κύων,
735 2809 786 2836 ἔδει
808 2810 878 2837 κατὰ

124 2870 146 2886 ⁵⁹
161 2879 205 2905 π).
223 2872 364 2900 ἐπιτέλλει.

943 1624 1095 1650 inerrantes
1119 1623 1214 1655 stellzc,
1239 1630 1302 1650 cum
1327 1624 1449 1652 eamdem
1465 1625 1519 1652 vim
1540 1625 1595 1652 sint
1609 1626 1722 1658 sortitae,

943 1678 998 1697 non
1015 1670 1146 1705 possibile
1159 1674 1201 1698 est
1227 1669 1431 1699 calefactionem
1445 1671 1479 1698 ab
1498 1679 1550 1699 una
1570 1672 1646 1699 stella
1661 1679 1723 1706 pro-

942 1716 1109 1751 gredientem
1127 1716 1235 1744 ellicere
1250 1717 1407 1745 sensibilem
1429 1717 1585 1745 varietatem
1602 1718 1628 1745 in
1647 1725 1724 1745 coor-

943 1762 1016 1789 libus
1028 1770 1089 1789 cum
1110 1762 1178 1790 sole.

975 1852 1024 1880 Est
1041 1857 1130 1880 autem
1146 1852 1205 1888 ipse
1226 1852 1267 1880 sol
1283 1859 1367 1880 causa
1383 1855 1510 1884 aestuum,
1536 1851 1667 1879 continuo
1687 1853 1720 1880 ad

938 1899 1063 1928 eumdem
1086 1900 1174 1928 locum
1191 1900 1365 1927 habitationis
1381 1900 1522 1927 accedens.
1536 1899 1605 1927 Cum
1631 1904 1720 1928 autem

940 1954 994 1974 non
1009 1950 1120 1981 possent
1137 1947 1263 1974 omnibus
1279 1946 1435 1974 horninibus
1458 1953 1630 1974 communem
1648 1946 1720 1974 diem

939 1992 1131 2026 determinare,
1150 1992 1177 2019 in
1192 2000 1247 2028 qua
1263 1992 1304 2020 ha:
1327 1992 1496 2020 intensiones
1509 1998 1622 2020 aestuum
1640 1992 1718 2024 fiunt,

939 2046 1056 2074 cumque
1070 2039 1143 2066 circa
1160 2039 1212 2066 hoc
1234 2043 1340 2074 tempus
1355 2038 1413 2066 hac
1433 2039 1510 2066 stella
1525 2039 1657 2070 oriretur,
1670 2038 1720 2066 bu-

936 2085 983 2120 jus
1003 2085 1172 2120 apparitione
1188 2085 1240 2112 hoc
1259 2089 1365 2120 tcmpus
1383 2085 1612 2120 significaverunt.

975 2131 1052 2165 Quod
1071 2136 1161 2159 autem
1176 2131 1234 2159 haec
1248 2131 1325 2159 stella
1342 2139 1395 2158 non
1410 2131 1446 2158 sit
1460 2137 1543 2158 causa
1556 2130 1719 2158 intensionis

938 2182 1065 2209 aestuum,
1091 2185 1124 2205 ex
1153 2177 1186 2205 iis
1209 2185 1270 2212 qua:
1301 2176 1428 2204 dicentur
1453 2177 1505 2204 erit
1532 2175 1717 2204 manifestum.

938 2223 1059 2251 Primum
1074 2223 1146 2251 enim
1163 2230 1234 2258 saepe
1247 2222 1407 2250 cooriuntur
1422 2229 1484 2250 cum
1501 2222 1559 2249 sole
1585 2225 1612 2249 et
1626 2222 1718 2256 plures

936 2273 964 2297 et
991 2269 1109 2304 majores
1125 2269 1224 2301 stellae,
1240 2273 1267 2296 et
1291 2268 1391 2295 nullam
1418 2267 1574 2295 sensibilem
1598 2267 1718 2294 elliciunt

935 2318 1107 2348 varietatem,
1134 2315 1181 2343 sed
1211 2314 1345 2343 interdum
1365 2314 1519 2342 econtrarin
1536 2314 1562 2341 in
1574 2313 1679 2341 ortibus
1690 2318 1718 2342 et

934 2362 1081 2389 occasibus
1092 2369 1185 2389 earum
1200 2363 1375 2396 tempestates
1399 2359 1476 2393 ﬁunt.
1494 2363 1521 2388 et
1534 2360 1606 2388 venti
1625 2359 1716 2395 frigidi

935 2408 1051 2443 spirant,
1071 2412 1198 2443 tanquam
1216 2407 1243 2434 bi
1261 2412 1338 2434 ortus
1353 2410 1380 2434 et
1400 2413 1514 2434 occasus
1534 2406 1602 2433 nihil
1623 2405 1717 2433 confe-

934 2457 997 2481 rant
1010 2453 1043 2480 ad
1059 2454 1240 2481 intensionem
1253 2457 1381 2480 :estuum.
1399 2451 1476 2487 Szpe
1490 2451 1571 2479 etiam
1584 2452 1610 2479 in
1620 2451 1715 2479 eodem

934 2500 1013 2534 signo
1025 2507 1086 2527 cum
1103 2500 1160 2527 sole
1172 2503 1236 2526 sunt
1250 2499 1393 2533 equinque
1403 2498 1519 2534 planetis
1533 2498 1618 2525 stellae
1629 2497 1716 2524 maxi-

936 2553 996 2577 mae,
1010 2545 1126 2580 Jupiter.
1142 2545 1250 2572 Lucifer
1271 2549 1298 2572 et
1312 2544 1401 2577 Mars;
1420 2552 1434 2571 a
1451 2544 1552 2580 quibus
1565 2547 1592 2570 et
1603 2543 1675 2570 vires
1687 2543 1715 2570 in

934 2596 1034 2619 terram
1049 2593 1168 2621 cadunt.
1184 2594 1211 2618 et
1234 2595 1324 2618 tamen
1351 2593 1462 2626 propter
1483 2590 1579 2616 horum
1604 2595 1713 2615 causam

931 2636 999 2663 nihil
1015 2637 1089 2663 circa
1101 2643 1190 2663 aerem
1204 2635 1291 2671 magis
1303 2635 1331 2662 fit
1346 2635 1492 2662 diversum.
1506 2633 1546 2660 Ex
1557 2640 1611 2668 quo
1627 2633 1714 2660 mani-

935 2680 1035 2708 festum
1055 2684 1098 2708 est
1118 2680 1190 2715 quod
1211 2680 1278 2707 nihil
1302 2679 1446 2707 conferant
1472 2679 1506 2705 ad
1531 2678 1713 2706 intensionem

933 2731 1048 2753 aestuum
1064 2734 1153 2761 neque
1167 2725 1320 2753 inerrantes
1336 2732 1423 2759 neque
1435 2727 1558 2751 curantes
1577 2724 1670 2751 stellw.
1684 2723 1712 2750 Si

930 2772 1001 2799 enim
1030 2771 1084 2798 vim
1111 2771 1255 2806 quamdam
1275 2771 1383 2798 afferret
1408 2769 1499 2800 Canis.
1523 2767 1664 2804 oportebat
1684 2769 1712 2795 in

936 2825 999 2845 vero
1023 2822 1084 2844 ortu
1109 2817 1290 2844 intensionem
1319 2820 1434 2844 aestuum
1461 2815 1528 2843 ﬁeri.
1546 2814 1622 2842 Tunc
1639 2814 1712 2842 enim
