1913 3138
198 155 248 183 851

679 147 725 176 AD
743 146 876 175 EUSEBII
896 142 1093 172 CllRONlCON
1115 141 1315 170 APPPENDIX.
1762 137 1807 163 δῖε

195 215 279 242 simul
292 221 346 242 una
364 213 452 241 oritur
467 218 527 239 cum
543 210 609 238 sole.
621 208 679 237 Non
696 208 724 236 lit
739 212 829 235 autem
847 207 910 239 hoc,
929 205 976 233 sed

1029 204 1076 239 τὴν
1092 202 1221 238 ἀνατολὴν
1235 201 1288 228 τῶν
1303 200 1448 236 καυμάτων
1461 198 1581 234 γίνεσθαι
1597 197 1737 225 ἐπίτασιν·
1754 196 1806 223 τότε

195 261 225 288 in
249 259 389 295 apparenti
405 262 466 286 ortu
485 256 598 284 maximi
615 255 684 282 ﬁunt
708 258 802 282 aestus.
818 252 899 280 Circa
923 251 975 278 hoc

196 307 267 334 enim
288 311 392 339 tempus
405 304 444 331 sol
469 306 579 337 propter
597 301 686 328 dictas
713 307 817 327 causas
835 298 916 326 ellicit
936 297 975 324 in-

195 352 346 380 tcnsionem
362 354 487 377 aestuum.
505 349 531 375 In
559 346 653 374 Rhodo
666 346 738 374 enim
761 349 822 380 post
836 344 870 372 30
885 343 943 371 dies
959 349 974 369 a

194 397 311 425 solstitio
330 397 417 423 oritur
439 395 496 422 haec
522 393 621 426 stella;
640 393 668 420 in
683 391 744 418 aliis
775 391 842 418 locis
864 393 925 424 post
939 389 974 416 40

193 443 250 469 dies
262 441 349 468 aestivi
364 439 490 471 solstitii;
506 438 568 466 aliis
584 441 645 472 post
655 436 704 463 50:
724 436 761 462 ita
777 439 808 461 ut
821 433 882 468 ejus
896 436 974 460 ortus

193 495 246 514 non
263 486 379 521 amplius
397 485 479 512 iaciat
492 485 673 511 intensronem
691 485 808 509 aestuum
824 487 830 505 :
844 479 916 514 quod
930 485 975 506 ne~

191 531 258 559 mini
273 539 328 558 non
340 530 515 557 manifestum
528 533 580 561 est,
595 526 669 563 quod
685 534 746 554 cum
764 532 847 552 unum
860 525 896 552 sit
908 523 974 550 illud

140 580 146 586 '
192 583 309 612 tempus,
326 576 398 612 quod
415 575 598 602 intensionem
624 577 738 600 mstuum
757 570 973 604 comprehendit,

191 623 265 658 quod
281 626 324 650 est
347 627 409 657 post
423 621 484 648 dies
502 621 536 648 50
552 619 662 647 solstitii
682 617 784 650 mstivi;
799 617 827 644 in
839 615 890 642 hoc
914 615 974 649 ipso

193 676 314 704 tempore
330 668 401 702 apud
419 667 488 694 alios
503 666 586 693 Canis
608 665 712 696 oritur,
729 667 756 690 et
775 667 881 696 tempus
905 660 975 688 indi-

192 717 247 746 cat,
265 712 337 748 apud
352 713 420 739 alios
441 719 505 739 vero
522 710 596 738 aliud
614 709 752 745 quoddam
764 715 798 735 ex
812 707 894 735 astris
908 714 975 732 con-

193 758 392 788 stellationum;
405 763 459 783 non
473 756 544 783 enim
557 755 638 782 simul
650 753 778 781 omnibus
799 752 880 780 astris
897 755 974 779 ortus

192 808 219 830 et
230 811 344 830 Occasus
359 802 492 837 contingit
505 801 572 828 fieri.

221 925 297 958 Quod
306 932 371 953 vero
379 932 393 951 a
403 924 525 959 plurimis
533 923 644 956 dicitur,
651 922 722 958 quod
731 921 803 949 circa
809 926 915 956 tempus
922 921 974 948 hoc

192 972 245 1008 35
257 971 339 1000 Canis
352 971 457 998 oriatur
469 978 531 998 cum
550 970 617 1001 sole,
629 969 740 997 omnino
754 973 795 996 est
808 968 973 1003 imperitum.

193 1017 223 1046 In
236 1018 288 1045 hoc
301 1017 373 1045 cnim
396 1021 517 1052 tempore
541 1016 686 1051 plurimum
702 1023 717 1042 a
738 1015 794 1043 sole
815 1014 898 1042 distat
918 1013 975 1041 hazc

194 1064 282 1092 stella.
298 1063 343 1090 Sol
370 1063 442 1090 enim
467 1063 579 1090 omnino
596 1062 622 1089 in
634 1061 729 1090 aestivo
751 1060 857 1095 tropico
872 1059 975 1086 circulo

194 1111 247 1138 iter
270 1109 357 1137 facit:
372 1109 456 1136 Canis
470 1115 538 1135 vero
562 1108 589 1134 in
608 1107 722 1134 hiberno
743 1105 847 1141 tropico
870 1105 975 1132 circulo

193 1157 263 1184 situs
276 1159 336 1188 est;
350 1155 388 1182 ita
400 1159 429 1181 ut
441 1154 468 1181 hi
484 1153 629 1180 maximam
651 1160 666 1179 a
680 1160 709 1180 se
731 1151 849 1179 invicem
872 1150 976 1178 distan-

193 1203 258 1229 tiam
273 1201 402 1228 habeant.
415 1198 559 1232 Quomodo
573 1198 656 1232 igitur
673 1201 766 1232 posset
787 1195 870 1223 Canis
891 1202 975 1222 causa

191 1255 254 1275 esse
273 1246 439 1274 intcasionis
462 1243 600 1272 mstunm?
613 1243 714 1270 laceret
738 1245 828 1270 autem
844 1242 976 1269 intcatsio-

194 1301 266 1323 nem.
283 1293 305 1320 si
321 1299 401 1326 quam
427 1291 482 1318 vim
504 1290 617 1317 haberet
637 1289 695 1316 lucc
720 1288 810 1320 stella,
827 1292 884 1315 tum
912 1295 974 1315 cum

192 1342 265 1366 esset
279 1339 427 1372 conjuncta
443 1329 494 1363 soli
509 1334 659 1362 secundum
675 1333 804 1361 hibernas
824 1333 977 1360 conversio-

193 1391 253 1416 nes,
275 1391 391 1417 cumque
415 1382 531 1408 ferretur
548 1380 576 1407 in
592 1379 686 1407 eodem
701 1379 805 1406 circulo
823 1378 880 1405 haec
897 1378 975 1405 stella

193 1437 255 1457 cum
266 1429 340 1460 sole;
356 1433 422 1455 tunc
436 1427 507 1454 enim
526 1425 667 1460 oportebat
688 1425 806 1459 aliquam
829 1424 902 1455 fieri.
914 1431 978 1450 con-

193 1481 236 1502 tra
251 1474 278 1501 id
298 1473 370 1508 quod
395 1475 516 1507 apparet,
530 1470 684 1498 scnsibilcm
702 1469 773 1496 aeris
788 1468 976 1495 mutationem.

195 1521 254 1548 Non
270 1521 299 1548 lit
318 1523 408 1546 autem
426 1519 488 1549 hoc,
503 1517 548 1544 sed
567 1524 583 1543 ο
597 1515 734 1543 contrario
758 1515 849 1549 potius
873 1514 971 1542 hiems.

195 1566 273 1594 Unde
287 1565 388 1593 tabulis
407 1571 457 1600 pro
472 1563 550 1598 signo
563 1561 708 1589 ascribitur
721 1565 800 1588 ortus
810 1550 904 1588 Canis.
920 1560 974 1588 lta-

195 1620 250 1648 que
263 1611 438 1639 manifestum
460 1614 502 1637 est
516 1617 549 1636 ex
561 1607 702 1640 omnibus,
723 1615 811 1643 neque
831 1608 900 1635 hanc
914 1608 976 1636 stel.

196 1661 260 1691 lam,
287 1665 375 1692 neque
396 1657 475 1684 aliaat
496 1656 578 1683 ullam
605 1660 709 1682 tantam
737 1655 838 1682 habere
862 1654 927 1686 vim,
947 1658 976 1681 ut

195 1705 269 1731 circa
293 1711 382 1731 acrem
403 1703 566 1730 mutationes
586 1701 702 1730 clliciat'.
725 1700 773 1728 sed
799 1700 974 1736 principalem

195 1757 257 1778 esse
270 1756 381 1776 causam
398 1748 482 1775 solem
500 1757 506 1774 :
522 1748 618 1774 harum
637 1754 701 1774 vero
716 1750 793 1774 ortus
816 1751 843 1774 et
861 1753 976 1774 occasus

196 1796 223 1823 in
252 1795 435 1830 cognitionem
457 1794 638 1821 mutationum
667 1793 739 1820 aeris
763 1793 872 1828 apponi.
889 1793 975 1825 Quam

195 1842 231 1869 ob
241 1849 351 1869 causam
367 1848 454 1876 neque
469 1848 577 1875 semper
602 1844 764 1875 congruunt.
788 1838 863 1866 Unde
882 1840 976 1866 melio-

196 1889 273 1916 ribus
284 1888 383 1923 aliquis
398 1891 521 1914 uteretur
535 1887 568 1913 iis
577 1886 663 1921 signis
679 1894 739 1921 qua:
755 1894 770 1912 a
784 1890 882 1913 natura
895 1887 976 1914 nobis

196 1935 307 1965 dantur.
319 1933 420 1969 quibus
436 1936 464 1960 et
476 1932 575 1960 Aratus
596 1936 638 1959 est
655 1939 733 1959 usus.
753 1930 820 1958 Nam
843 1939 890 1959 eas
907 1931 978 1958 aeris

196 1980 438 2014 mutationemque:
451 1977 519 2005 ﬁunt
527 1986 558 2005 ex
573 1977 677 2005 ortibus
694 1981 721 2005 et
735 1977 876 2004 occasibus
889 1981 978 2005 astro-

196 2034 266 2058 rum.
281 2025 386 2061 putavit
401 2033 462 2052 esse
485 2024 566 2052 falsas
582 2033 588 2050 :
603 2031 648 2051 cas
660 2031 724 2052 vero
739 2032 800 2059 quae
823 2024 892 2050 tlnnt
903 2027 978 2050 natu-

197 2073 298 2103 raliter,
311 2076 338 2099 et
350 2071 466 2107 quadam
479 2078 511 2099 ex
529 2078 622 2101 causa.
643 2070 757 2098 seorsim
779 2070 871 2106 posuit
883 2070 909 2097 in
924 2070 977 2104 Ap-

198 2117 384 2152 parentiarnm
399 2120 525 2145 tractatu.
538 2115 564 2142 in
574 2120 694 2143 extrema
713 2115 774 2142 libri
789 2115 874 2142 totius
889 2119 975 2150 parte.

198 2162 288 2190 Sumit
302 2162 373 2189 enim
386 2161 570 2196 przescientias
579 2169 594 2188 a
604 2161 670 2188 solis
687 2165 748 2188 ortu
760 2164 787 2188 et
797 2168 908 2193 occasu,
922 2165 949 2188 et
961 2168 976 2187 a

198 2209 269 2236 lunae
278 2207 383 2235 ortibus
394 2212 421 2234 et
434 2207 586 2239 occasibus,
597 2207 635 2234 ab
644 2207 783 2238 area,sive
796 2213 907 2237 corona,
918 2213 978 2241 qua:

197 2253 229 2280 ﬁt
248 2253 322 2280 circa
344 2253 445 2283 lunam,
478 2259 493 2280 a
511 2251 596 2279 stellis
620 2250 781 2279 cadentibus
799 2254 826 2279 et
845 2258 860 2277 a
882 2251 971 2280 brutis

198 2298 375 2325 animalibus.
388 2297 454 2324 Nam
469 2304 530 2332 qua;
537 2297 714 2332 praescientiae
726 2303 787 2324 cum
803 2295 920 2331 quadam
931 2304 980 2323 tta-

198 2344 280 2371 tunli
295 2350 381 2371 causa
391 2351 424 2370 ex
435 2343 479 2370 his
491 2342 567 2375 nunt,
590 2342 748 2370 necessaria
759 2342 860 2370 habent
874 2341 978 2371 eﬂ‘ecta.

200 2387 277 2416 Unde
288 2393 315 2416 et
325 2389 443 2416 Boethus
458 2388 647 2423 philosOphus,
661 2389 688 2415 in
703 2391 801 2423 quarto
812 2388 882 2415 libro
894 2395 982 2424 expo-

199 2434 308 2462 sitionis
320 2435 406 2467 Arati,
421 2433 547 2470 physicas
567 2441 666 2462 causas
681 2441 743 2460 cum
758 2437 911 2467 ventorum,
923 2440 980 2462 tum

235 2493 292 2529 (49)
312 2494 347 2521 Τὸ
368 2492 402 2529 δὲ
417 2491 708 2529 λεγόμεγοικ-Μίιιιιῃ
727 2492 862 2527 insignem
878 2494 982 2529 mathe-

199 2527 329 2556 maticum
349 2528 418 2555 adeo
437 2528 578 2562 pueriliter
598 2527 793 2554 hallucinatum
820 2535 889 2555 esse.
914 2527 980 2556 Nam

199 2563 355 2597 cujusmodi
381 2567 434 2593 est,
459 2563 583 2593 obsecro.
613 2563 687 2589 illius
711 2563 799 2589 ratio?
823 2562 980 2590 Caniculam

200 2606 261 2626 cum
280 2599 338 2626 sole
354 2598 528 2632 conjunctam
546 2597 612 2624 nihil
633 2597 666 2624 ad
683 2597 919 2632 a-stivosrcalores
934 2605 983 2624 au-

200 2633 303 2665 gendos
319 2633 454 2662 conferre.
468 2641 522 2667 quo
531 2637 651 2668 tempore
663 2636 787 2668 exortum
798 2631 887 2668 facere
902 2633 982 2667 vulgo

199 2669 310 2699 dicitur,
328 2677 360 2695 ex
374 2676 406 2695 eo
425 2667 605 2701 demonstrat,
624 2667 695 2701 quod
713 2671 770 2693 tum
788 2667 821 2693 ab
833 2674 863 2692 ea
880 2668 920 2694 sol
936 2669 984 2693 ah-

200 2707 242 2729 cst
254 2703 372 2737 longius.
389 2702 445 2729 lloc
459 2711 523 2730 vcro
536 2702 598 2729 inde
613 2702 763 2732 concludit,
777 2701 849 2737 quod
865 2706 930 2729 tunc
941 2703 982 2729 sol

200 2735 324 2764 :cstirum
341 2739 474 2772 tropicutn
489 2741 562 2764 lenct
576 2747 582 2764 :
601 2737 731 2764 Canicula
747 2743 812 2772 vero
827 2735 853 2761 in
870 2736 984 2772 hiberno

202 2772 308 2805 tropico
328 2771 442 2799 sila’est
461 2781 467 2798 :
486 2779 570 2805 quare
591 2773 613 2800 si
635 2779 716 2806 quam
732 2771 786 2798 vim
805 2771 982 2799 inccndcndis

201 2806 313 2840 :ustibns
332 2807 442 2833 haberet
460 2807 532 2833 illius
547 2815 609 2834 cum
626 2808 683 2833 solo
702 2805 870 2839 coniunctio.
886 2813 916 2832 ea
931 2814 980 2840 po-

202 2839 338 2866 tissimum
352 2846 493 2874 appareret
511 2843 620 2875 quando
638 2841 677 2868 sol
695 2841 721 2867 in
740 2841 853 2867 hiberno
875 2839 979 2875 tropico

202 2878 338 2906 rersatur,
360 2875 409 2902 hoc
428 2880 468 2903 est
491 2876 517 2902 in
532 2877 626 2903 eodem
643 2884 704 2903 cum
725 2875 853 2903 Canicula
867 2876 977 2904 circulo.

1028 249 1083 284 γὰρ
1098 248 1155 284 ἅμα
1170 246 1355 274 συηνατὲλλει
1370 245 1408 281 τῷ
1421 244 1542 280 ἡλίῳ.οὺ
1557 244 1660 278 γίνεται
1676 243 1705 269 δὲ
1718 242 1806 268 τοῦτο·

1025 293 1092 322 ἀλλὰ
1109 293 1179 320 κατὰ
1198 293 1247 328 τὴν
1267 289 1477 326 ὲπιφαινομένην
1497 288 1622 324 ἐπιτολὴν
1639 287 1675 314 τὰ
1697 288 1808 323 μέγιστα

1025 341 1152 376 καύματα
1179 339 1292 373 γίνεται.
1320 336 1388 372 Περὶ
1411 335 1465 370 γὰρ
1489 335 1533 361 τὸν
1562 333 1656 368 καιρὸν
1678 332 1773 359 τοῦτον
1796 333 1808 358 ό

1024 387 1098 423 ἥλιος
1109 387 1154 413 διὰ
1167 386 1217 418 τὰς
1231 382 1430 421 προειρημένας
1442 381 1530 412 αἰτίας
1541 379 1684 416 παραίτιός
1694 380 1752 405 ἐστι
1766 379 1809 413 τῆς

1025 432 1175 464 ὲπιτάσεως
1188 431 1243 458 τῶν
1258 429 1417 465 καυμάτων.
1443 427 1486 454 Ἐν
1506 427 1588 461 Ῥόδῳ
1602 425 1651 461 μὲν
1669 425 1726 461 γὰρ
1746 424 1810 459 μετὰ

1025 479 1046 505 λ’
1063 479 1168 514 ἡμέρας
1185 479 1234 513 τῆς
1257 476 1361 512 τροπῆς
1377 473 1511 500 ἐπιτέλλει
1533 473 1548 498 ὁ
1569 471 1666 507 ἀστὴρ,
1682 472 1712 497 ἐν
1725 470 1810 501 ἄλλοις

1024 525 1052 551 δὲ
1068 513 1158 555 τόποις
1172 523 1241 559 μετὰ
1252 526 1277 558 μ’
1292 521 1398 556 ἡμέρας
1412 520 1460 555 τῆς
1476 518 1584 555 θερινῆς
1597 517 1714 552 τροπῆς,
1730 513 1770 547 οἷς
1782 516 1807 542 δὲ

1027 570 1096 606 μετὰ
1119 573 1139 596 ν’
1150 578 1156 584 “
1181 569 1251 595 ὥστε
1277 567 1373 603 μηκέτι
1390 566 1438 600 τὴν
1455 565 1576 591 ἐπίτασιν
1593 563 1648 589 τῶν
1664 561 1810 597 καυμάτων

1024 615 1073 650 τὴν
1095 613 1220 649 ἐπιτολὴν
1241 613 1323 638 αὑτοῦ
1339 610 1471 638 ποιεῖσθαι
1495 608 1600 643 ἑκάστῳ
1615 608 1746 642 φανερὸν,
1773 607 1810 632 ὅτι

1025 663 1038 688 ὁ
1057 661 1106 696 μὲν
1120 660 1168 696 τὴν
1185 659 1309 686 ἐπίτασιν
1326 658 1379 684 τῶν
1393 656 1540 691 καυμάτων
1563 654 1698 690 περιέχων
1719 653 1811 688 καιρὸς

1025 704 1064 739 εἷς
1079 707 1152 732 ἐστιν
1167 707 1181 732 ὁ
1201 705 1271 740 μετὰ
1293 703 1343 735 τὰς
1360 702 1468 737 θερινὰς
1487 700 1591 737 τροπὰς
1606 699 1713 735 ἡμέρας
1727 698 1765 724 λ”
1784 699 1812 724 ἐν

1024 752 1051 778 δὲ
1065 751 1103 786 τῷ
1119 751 1207 787 χρόνῳ
1229 749 1314 784 τούτῳ
1337 748 1401 784 παρ’
1420 745 1460 779 οἷς
1475 747 1523 782 μὲν
1537 748 1551 773 ὁ
1566 746 1645 773 Κύων
1667 745 1809 776 ἐπιτέλλει,

1028 797 1076 823 καὶ
1089 797 1134 823 τὸν
1149 795 1244 831 καιρὸν
1263 793 1369 829 μηνύει,
1379 793 1443 828 παρ’
1456 789 1496 823 οἷς
1507 792 1535 818 δὲ
1550 791 1612 818 ἄλλο
1633 799 1660 816 τι
1683 789 1738 816 τῶν
1750 798 1812 816 κειτ-

1026 841 1230 878 ηστερισμένων
1247 839 1402 876 ἄστρωνόὖ
1416 838 1470 874 γὰρ
1485 838 1542 873 ἅμα
1553 837 1618 863 πᾶσι
1632 837 1689 867 τοῖς
1703 835 1811 870 ἄστροις

989 872 1009 900 Β
1025 872 1073 919 τὰς
1086 872 1211 918 ἐπιτολὰς
1226 886 1273 912 καὶ
1288 872 1338 915 τὰς
1351 883 1440 915 δύσεις
1456 872 1599 918 συμϐαίνει
1613 880 1748 915 γίνεσθαι.

1061 933 1098 959 Τὸ
1119 932 1148 959 δὲ
1163 931 1307 966 λεγόμενον
1324 929 1379 965 (49)
1395 928 1447 955 ὑπὸ
1465 927 1520 954 τῶν
1534 926 1678 958 πλείστων,
1692 925 1733 952 ὅτι
1751 925 1814 959 περὶ

1024 980 1069 1005 τὸν
1085 977 1179 1013 καιρὸν
1192 976 1286 1004 τοῦτον
1309 974 1448 1002 ἀνατέλλει
1464 974 1511 1000 σὺν
1525 972 1564 1008 τῷ
1579 972 1657 1007 ἡλίῳ,
1674 970 1814 1000 παντελῶς

1024 1025 1098 1050 ἐστιν
1123 1022 1266 1049 ἰδιωτικόν.
1289 1022 1332 1048 Ἐν
1346 1020 1401 1056 γὰρ
1419 1019 1504 1054 τούτῳ
1525 1017 1565 1053 τῷ
1585 1017 1673 1052 χρόνῳ
1692 1016 1815 1042 πλεῖστον

1026 1069 1079 1095 ἀπὸ
1096 1068 1144 1095 τοῦ
1161 1068 1234 1104 ἡλίου
1249 1067 1387 1102 διέστηκεν
1411 1066 1425 1092 ὸ
1445 1065 1543 1100 ἀστήρ.
1560 1064 1590 1090 Ὁ
1610 1064 1660 1098 μὲν
1673 1063 1727 1098 γὰρ
1741 1062 1815 1097 ἥλιος

1026 1115 1134 1146 πάντως
1158 1114 1203 1140 ἐπὶ
1222 1113 1268 1140 τοῦ
1291 1111 1397 1148 θερινοῦ
1415 1109 1545 1145 τροπικοῦ
1565 1109 1664 1136 κύκλου
1681 1109 1731 1143 τὴν
1745 1109 1815 1143 τιάρ-

1025 1161 1084 1187 οδον
1100 1162 1214 1187 ποιεῖται
1224 1168 1230 1174 ·
1246 1161 1260 1186 ό
1275 1159 1302 1186 δὲ
1322 1159 1368 1185 ἐπὶ
1392 1157 1438 1184 τοῦ
1459 1156 1612 1192 χειμερινοῦ
1623 1155 1753 1192 τροπικοῦ
1768 1155 1816 1182 κύ-

1026 1207 1090 1234 κλου
1113 1208 1217 1233 κείται’
1239 1205 1308 1232 ὥστε
1326 1204 1448 1230 πλεῖστον
1472 1203 1518 1230 ἀπ’
1535 1202 1657 1237 ἀλλήλων
1678 1201 1815 1236 διάστημα

1027 1253 1138 1288 ἀπέχειν
1156 1251 1263 1282 αύτούς.
1278 1250 1338 1281 Πῶς
1352 1250 1385 1276 ἂν
1400 1247 1446 1276 οὖν
1461 1248 1566 1276 δύναιτο
1584 1248 1729 1283 παραίτιος
1743 1248 1815 1281 γίνε-

1028 1298 1089 1324 σθαι
1101 1298 1149 1333 τῆς
1159 1297 1309 1328 ἐπιτάσεως
1320 1296 1373 1322 τῶν
1384 1295 1546 1330 καυμάτωνς
1558 1294 1682 1320 ἐπίτασιν
1689 1293 1717 1320 δὲ
1730 1293 1815 1319 ἐποίει

1027 1344 1070 1375 ἂν,
1086 1343 1111 1370 εἴ
1123 1351 1183 1369 τινα
1198 1342 1311 1377 δύναμιν
1329 1340 1401 1376 εἶχεν
1416 1342 1429 1367 ὁ
1441 1340 1538 1375 ἀστὴρ.
1553 1339 1610 1374 ἅμα
1624 1339 1768 1374 γινόμενος
1777 1339 1816 1374 τῷ

1027 1390 1095 1426 ἡλίῳ
1125 1389 1194 1416 κατὰ
1216 1388 1374 1424 χειμερινὰς
1396 1386 1499 1423 τροπὰς
1509 1408 1516 1418 ,
1530 1387 1593 1413 ὅταν
1607 1387 1653 1413 ἐπὶ
1669 1386 1716 1412 τοῦ
1733 1385 1815 1413 αὐτοῦ

1029 1436 1127 1462 κύκλου
1144 1435 1257 1470 φέρηται
1274 1436 1288 1461 ὁ
1310 1434 1396 1468 ἀστὴρ
1411 1432 1448 1468 τῷ
1463 1433 1538 1467 ἡλίῳ.
1553 1432 1619 1458 Τότε
1632 1431 1688 1467 γὰρ
1703 1431 1757 1457 ἔδει
1771 1439 1817 1465 γε-

1029 1482 1121 1509 νέσθαι
1137 1481 1198 1508 τινὰ
1213 1481 1280 1516 πρὸς
1297 1480 1327 1506 τὸ
1348 1479 1507 1514 φαινόμενον
1523 1477 1653 1513 αἰσθητὴν
1682 1478 1746 1512 περὶ
1770 1477 1816 1502 τὸν

1030 1527 1098 1562 ἀέρα
1112 1526 1295 1561 παραλλαγήν.
1311 1525 1347 1552 Οὐ
1363 1525 1465 1558 γίνεται
1479 1523 1508 1550 δὲ
1524 1522 1611 1553 τοῦτο,
1633 1521 1691 1548 ἀλλ’
1709 1522 1741 1547 ὲκ
1762 1521 1817 1547 τῶν

1029 1573 1155 1600 ἐναντίων
1174 1571 1286 1608 χειμών.
1304 1571 1384 1597 Ὅθεν
1398 1572 1454 1601 τοῖς
1465 1568 1668 1605 παραπήγμασι
1684 1567 1817 1602 παράκει-

1028 1627 1072 1645 ται
1089 1619 1213 1653 σημεῖον·
1228 1616 1298 1643 ὥστε
1315 1614 1382 1642 εἶναι
1400 1615 1514 1650 φανερὸν
1528 1615 1560 1641 ὲκ
1572 1614 1692 1645 πάντων,
1705 1613 1746 1638 ὅτι
1760 1611 1816 1638 οὗῡ¹

1028 1660 1104 1694 οὗτος
1117 1664 1131 1689 ὁ
1145 1662 1242 1697 ἀστὴρ,
1254 1660 1309 1688 οὔτ’
1324 1660 1402 1692 ἄλλος
1419 1660 1506 1691 οὐδεὶς
1519 1658 1684 1694 τηλικαύτην
1698 1658 1758 1684 τινὰ
1772 1656 1817 1682 δύ-

1029 1716 1108 1742 ναμιν
1124 1707 1189 1742 ἔχει,
1200 1706 1268 1732 ὥστε
1283 1705 1431 1741 μεταϐολὰς
1442 1705 1506 1740 περὶ
1518 1703 1562 1730 τὸν
1572 1703 1641 1738 ἀέρα
1651 1701 1819 1729 κατασκευὰ-

1030 1754 1098 1786 ζειν·
1125 1753 1181 1780 ἀλλ’
1204 1751 1303 1779 ἔστιτὸ
1321 1750 1481 1787 ἡγεμονικὸν
1493 1749 1577 1776 αἴτιον
1592 1749 1656 1784 περὶ
1668 1748 1715 1774 τὴν
1731 1748 1815 1782 ἥλιον·

1029 1800 1057 1826 αἱ
1075 1799 1103 1826 δὲ
1117 1798 1217 1825 τούτων
1233 1797 1354 1824 ὲπιτολαὶ
1372 1798 1418 1823 καὶ
1432 1796 1522 1827 δύσεις
1536 1795 1582 1821 ἐπὶ
1606 1795 1655 1829 τὴν
1671 1794 1817 1828 ἐπίγνωσιν

1029 1844 1083 1871 τῶν
1096 1845 1160 1880 περὶ
1180 1845 1226 1871 τὸν
1243 1844 1311 1880 ἀέρα
1331 1842 1486 1879 μεταϐολῶν
1504 1842 1695 1877 παράκεινται.
1723 1840 1762 1866 Δι’
1784 1839 1816 1874 ἣν

1030 1890 1119 1917 αἰτίαν
1137 1890 1196 1917 οὐδὲ
1210 1890 1253 1916 διὰ
1265 1889 1364 1920 παντὸς
1382 1887 1664 1924 συμφωνοῦσινίὉθεν
1686 1886 1818 1921 βελτίοσιν

1030 1937 1062 1964 ἄν
1082 1946 1122 1969 τις
1144 1936 1265 1972 σημείοις
1279 1936 1408 1971 χρήσαιτο
1425 1936 1479 1966 rei;
1494 1934 1547 1961 ὑπὸ
1560 1935 1609 1968 τῆς
1624 1933 1731 1968 φύσεως
1753 1934 1817 1967 ἡμῖν

1030 1982 1174 2017 διδομένοις
1184 1991 1190 1997 ·
1204 1979 1243 2014 οἷς
1251 1982 1298 2009 καὶ
1310 1982 1424 2017 Ἄρατος
1438 1981 1578 2016 κέχρηται.
1588 1979 1644 2010 Τὰς
1657 1979 1707 2014 μὲν
1724 1978 1777 2013 γὰρ
1787 1979 1817 2004 ὲκ

1030 2029 1084 2056 τῶν
1098 2028 1226 2056 ἐπιτθλῶν
1239 2029 1285 2055 καὶ
1296 2028 1396 2054 δύσεων
1403 2028 1456 2054 τῶν
1462 2028 1567 2063 ἄστρων
1577 2026 1723 2061 γινομένας
1734 2033 1817 2060 μετα-

1031 2074 1110 2105 ϐολὰς
1119 2073 1165 2100 τοῦ
1176 2073 1254 2108 ἀέρος
1267 2072 1343 2108 ᾠήθη
1356 2069 1630 2106 εἷναιδιεψευσμένας·
1642 2070 1691 2101 τὰς
1701 2069 1730 2096 δὲ
1740 2077 1817 2104 φυσιν

1031 2119 1086 2150 κῶς
1103 2118 1247 2153 γινομένας
1258 2118 1303 2145 κα)¹
1319 2117 1387 2153 μετά
1403 2126 1473 2148 τινος
1498 2117 1586 2148 αἰτίας
1594 2114 1780 2150 κατεχώρισεν
1790 2115 1818 2140 ἐν

1029 2165 1062 2200 τῇ
1084 2165 1138 2191 τῶν
1159 2163 1325 2199 Φαινομένων
1348 2162 1521 2198 πραγματείᾳ
1542 2162 1664 2189 Eni-nim
1678 2161 1729 2196 τῆς
1755 2161 1818 2195 ὅλης

1031 2210 1191 2242 συντάξεως.
1209 2209 1348 2244 Λαμόόινει
1362 2209 1416 2244 γὰρ
1437 2208 1485 2240 τὰς
1505 2207 1673 2243 προγνώσεις
1692 2207 1748 2233 ἀπὸ
1769 2207 1818 2242 τῆς

1030 2257 1077 2283 τοῦ
1093 2257 1169 2292 ἡλίου
1188 2256 1320 2291 ἀνατολῆς
1331 2255 1378 2283 καὶ
1387 2255 1555 2286 δύσεως,γ.αὶ
1568 2255 1622 2281 ἀπὸ
1638 2255 1688 2289 τῆς
1704 2254 1818 2289 σελήνης

1030 2302 1166 2329 ἀνατολῶν
1184 2303 1231 2329 καὶ
1246 2303 1356 2334 δύσεων,
1371 2302 1418 2329 καὶ
1434 2301 1486 2328 ἀπὺ
1502 2301 1552 2336 τῆς
1570 2301 1626 2328 an.)
1641 2300 1691 2334 τῆς
1706 2299 1816 2334 γινομέ-

1032 2356 1080 2383 νης
1093 2347 1158 2382 σιτερὶ⁹
1167 2347 1215 2383 τὴν
1230 2348 1355 2384 σελήνην,
1368 2348 1415 2374 καὶ
1429 2347 1482 2374 ἀπὺ
1493 2347 1546 2373 τῶν
1554 2344 1728 2373 διαῖσσόντων
1741 2345 1818 2371 ἁστὲ⁶

1034 2401 1098 2428 ρων,
1119 2393 1165 2419 καὶ
1184 2393 1236 2420 ἀπὸ
1251 2393 1304 2419 τῶν
1319 2392 1423 2427 ἀλόγων
1437 2391 1528 2424 ζώωνο
1545 2392 1573 2418 at
1585 2390 1639 2426 γὰρ
1651 2390 1705 2417 ἀπὸ
1716 2390 1818 2416 τούτων

1033 2437 1210 2474 προγνώσεις,
1235 2439 1303 2473 μετά
1327 2446 1400 2469 τινος
1426 2437 1544 2472 φυσικῆς
1559 2436 1648 2468 αἰτίας
1666 2435 1819 2470 γινόμεναι,

1033 2495 1105 2523 Nihil
1121 2497 1171 2524 hac
1189 2496 1423 2530 argumentatione
1438 2495 1545 2522 falsius.
1567 2494 1633 2527 Quae
1647 2497 1705 2530 tum
1723 2500 1818 2527 proce-

1034 2531 1119 2563 deret,
1138 2532 1160 2559 si
1177 2528 1265 2558 hiems
1275 2537 1355 2558 aestas
1371 2535 1443 2558 esset
1453 2549 1460 2561 ,
1475 2534 1521 2556 aut
1537 2530 1563 2556 in
1577 2530 1635 2563 ipso
1650 2528 1817 2562 Capricorno

1033 2567 1085 2593 sita
1105 2571 1177 2593 esset
1187 2567 1326 2593 Canicula.
1344 2565 1406 2592 llaec
1426 2565 1496 2592 cnim
1522 2563 1628 2591 Gemini
1652 2568 1776 2597 tempore
1791 2564 1816 2589 in

1035 2601 1117 2634 gradu
1129 2601 1303 2628 Geminorum
1319 2601 1427 2627 circiter
1437 2608 1470 2626 xv
1482 2598 1677 2625 collocabatur.
1694 2597 1817 2634 Distabat

1034 2633 1073 2674 ab
1093 2636 1274 2674 aequinoctian
1294 2636 1423 2669 gradibus
1446 2634 1505 2674 fere
1526 2642 1586 2674 χχι,
1603 2641 1618 2673 a
1641 2633 1747 2673 tropico
1761 2637 1787 2672 et
1802 2641 1816 2659 a

1035 2671 1091 2697 sole
1104 2669 1185 2705 prope
1200 2679 1244 2698 XL.
1255 2670 1322 2698 Cum
1341 2673 1432 2696 autem
1443 2670 1483 2696 sol
1499 2669 1525 2695 in
1538 2669 1696 2705 Capricorni
1712 2669 1817 2702 tropico

1039 2703 1136 2736 stabat.
1154 2703 1326 2732 intervallum
1348 2705 1418 2731 inter
1439 2704 1512 2730 hunc
1534 2707 1561 2730 et
1577 2703 1736 2733 Caniculam
1758 2710 1816 2728 am-

1039 2741 1110 2774 plius
1124 2745 1182 2768 erat
1197 2740 1379 2768 semicirculo.
1392 2739 1463 2771 Quid
1475 2739 1557 2773 igitur
1571 2738 1708 2774 cogitabat
1724 2737 1815 2764 Gerul-

1038 2773 1100 2805 nus.
1134 2783 1195 2801 cum
1225 2774 1447 2810 propinquiorem
1485 2773 1535 2810 soli
1569 2773 1728 2810 Caniculam
1756 2780 1816 2798 esse

1038 2783 1100 2805 nus.
1134 2783 1195 2801 cum
1225 2783 1447 2836 propmqutorem
1485 2783 1535 2800 son
1569 2783 1728 2800 bulllt‘lllulll
1756 2783 1815 2798 esse

1038 2811 1180 2841 striln-rt-t,
1199 2818 1271 2844 quan
1294 2817 1310 2836 ο
1325 2809 1468 2836 hibernunt
1486 2808 1530 2835 ille
1546 2809 1678 2843 tropictun
1701 2811 1815 2841 occupat

1037 2853 1117 2879 quam
1140 2843 1252 2871 cnnrin
1283 2845 1376 2872 arstivo
1399 2843 1539 2871 moratur?
