1913 3138
113 139 172 168 855

637 146 754 177 GEMINI
775 151 962 181 ELEMENTA
983 154 1229 184 ASTRONOMl/E.
1689 161 1737 186 85:

112 201 368 254 Ξατηναγκασμένα
381 203 471 238 ἔχουσι
489 204 522 231 τὰ
536 205 751 243 ἀποτελέσματα.
768 211 848 238 Ὅθεν
863 213 904 239 καὶ

962 213 1089 241 imbrium
1109 215 1246 249 exposuit,
1261 223 1294 242 ex
1314 216 1451 251 praedictis
1477 217 1620 252 generibus
1642 224 1740 254 praeco-

112 243 221 293 Βόηθος
237 248 250 273 ὁ
268 247 409 282 φιλόσοφος
422 251 450 277 ἐν
464 251 502 286 τῷ
518 252 638 288 τετάρτῳ
650 254 743 291 βιϐλίῳ
754 257 802 292 τῆς
825 258 904 293 Ἀρά-

113 299 164 317 του
191 291 356 328 ἐξηγήσεως,
378 295 495 329 φυσικὰς
515 296 565 329 τὰς
584 299 671 332 αἰτίας
686 291 837 329 ἀποδέδωκε
851 291 904 330 τῶν

113 344 146 362 τε
160 338 324 374 πνευμάτων
351 341 398 367 καὶ
428 341 546 377 ὄμϐρων,
563 344 595 370 ὲκ
621 345 674 372 τῶν
699 348 903 383 προειρημένων

957 259 1097 293 gnitiones
1116 261 1275 288 ostendens.
1294 261 1342 289 [lis
1359 263 1444 296 signis
1460 267 1486 290 ct
1504 262 1665 290 Aristoteles
1678 262 1739 296 plli—

957 304 1087 340 losophus
1104 315 1172 334 usus
1189 312 1240 340 est,
1258 312 1285 335 et
1300 307 1478 340 Eudoxus,et
1492 309 1583 344 plures
1598 308 1642 335 alii
1655 311 1740 335 astro-

956 351 1020 386 logi.

209 386 258 418 τὰς
277 388 445 436 προγνώσεις
459 390 683 427 ἀποφαινόμενος.
693 394 804 426 Τούτοις
812 395 841 422 δὲ
853 397 909 428 τοῖς
928 399 1051 433 σημείοις
1068 401 1113 426 καὶ
1134 401 1320 437 Ἀριστοτέλης
1333 402 1462 438 κέχρηται
1487 403 1501 428 ὁ
1515 401 1667 436 φιλόσοᾷοῶ
1693 400 1738 426 καὶ

114 430 243 465 Εὔδοξος,
257 431 306 461 καῖ
317 436 404 472 ἕτεροι
422 438 543 471 πλείονες
557 440 610 467 τῶν
623 441 805 477 ἀστρολόγων.

382 495 580 524 ΚΕΦΑΛΑΙΟΝ
603 499 652 526 ΙΕ’.

347 552 416 586 Περὶ
432 553 589 589 ἐξελιγμοῦ
609 556 676 591 (50).

162 607 318 644 Ἐξελιγμός
334 610 391 637 ἐστι
406 612 501 647 χρόνος
519 613 658 649 ἐλάχιστος
676 617 810 652 περιέχων
828 618 904 651 ὅλους

118 654 211 690 μῆνας
225 675 231 686 ,
246 656 292 683 καὶ
305 656 368 688 ὅλας
382 658 502 695 ἡμέρας,
518 661 566 687 καὶ
588 661 651 693 ὅλας
669 663 904 696 ἀποκαταστάσεις

115 698 170 734 τῆς
192 700 315 736 σελήνης.
339 702 414 729 Ἐπεὶ
435 705 489 739 γὰρ
505 705 519 730 ὁ
536 707 659 741 μηνιαῖος
678 708 771 743 χρόνος
784 717 904 745 παρετη-

119 745 190 782 ρήϐη
201 746 329 782 ὑπάρχων
344 749 454 784 ἡμερῶν
464 750 564 778 εἴκοσιν
574 752 649 779 ἐννέα
658 754 733 788 171/6’,
743 754 779 786 ὡς
792 755 904 789 ἔγγιστα

119 791 170 817 καὶ
184 793 346 827 τριακοστοῦ
360 795 463 830 τρίτου,
481 796 496 831 ἡ
514 796 542 822 δὲ
558 798 778 832 ἀποκατάστασις
792 801 841 836 τῆς
858 810 903 828 σε·

116 836 202 872 λήνης
223 834 334 874 ἡμερῶν
350 839 390 872 κζ’
406 841 453 867 καὶ
468 841 698 870 ὀκτωκαιδεκάτου
719 844 756 876 ὡς
771 834 882 880 ἔγγιστα
895 854 901 862 “

117 883 241 936 theatro
264 884 358 920 χρόνος
379 887 393 912 ό
416 886 570 922 ἐλάχιστος,
591 889 665 921 ὅστις
695 890 815 926 περιέχει
840 892 904 924 ὅλας
919 908 941 937 Β

116 927 237 963 ἡμέρας,
251 930 297 956 καὶ
312 931 388 963 ὅλους
404 932 499 967 μῆνας,
513 934 559 959 καὶ
574 934 636 966 ὅλας
650 935 885 969 ἀποκαταστάσεις
895 947 902 953 ·

118 971 178 999 ἐστι
193 974 221 1000 δὲ
236 975 347 1011 τοιαύτη
370 976 488 1012 εὕρεσις
513 979 545 1005 'H
561 979 657 1015 σελήνη
677 981 827 1017 ἀνωμάλως
843 983 904 1017 φαί-

116 1026 194 1045 νεται
206 1019 419 1057 διαπορευομένη
430 1022 476 1049 τὸν
494 1023 625 1056 ζωδιακὸν
643 1025 751 1059 κύκλον,
769 1028 816 1054 καὶ
831 1036 905 1064 περι-

117 1064 232 1110 φέρειάν
252 1074 314 1093 τινα
330 1068 468 1102 ἐνεχθεῖσα
479 1089 486 1101 ,
500 1070 528 1096 ἐν
544 1071 577 1106 τῇ
599 1071 716 1108 ἐχομένη
736 1073 827 1110 ἡμέρᾳ
846 1075 905 1109 μεί-

117 1109 184 1141 ζονα
207 1110 307 1147 ταύτης
332 1114 458 1145 κινεῖται,
481 1115 528 1141 καὶ
551 1116 593 1141 ἀεὶ
621 1116 731 1151 μείζονα
757 1120 816 1150 ταῖς
841 1119 904 1155 ἑξῆς

117 1156 247 1201 ἡμέραις,
262 1157 314 1190 ἕως
329 1159 362 1186 ἂν
380 1160 510 1196 μεγίστην
532 1162 707 1198 περιφέρειαν
721 1164 834 1201 κινηθῇ·
855 1163 903 1192 εἴτ’

116 1200 196 1234 αὖθις
210 1204 249 1235 είς
264 1203 312 1239 τὴν
336 1205 465 1232 ἐλάττονα
487 1207 536 1242 τῆς
557 1209 775 1245 προηγουμένης,
795 1210 847 1242 ἕως
871 1211 904 1237 ἂν

116 1248 165 1274 ἐπὶ
183 1248 233 1284 τὴν
255 1249 284 1281 ἐξ
306 1250 392 1286 ἀρχῆς
412 1251 554 1288 ἐλαχίστην
575 1255 749 1290 περιφέρειαν
767 1255 905 1282 ἀποκατα-

117 1293 215 1329 σταθῇ.
234 1294 262 1321 ’0
276 1295 303 1321 δὲ
324 1296 418 1331 χρόνος
435 1298 449 1323 ό
470 1298 522 1324 ἀπὸ
538 1298 587 1334 τῆς
606 1299 750 1336 ἐλαχίστης
771 1301 904 1336 κινήσεως

116 1339 164 1366 ἐπὶ
175 1340 224 1375 τὴν
241 1341 383 1377 ἐλαχίστην
405 1342 511 1379 κίνησιν
534 1344 753 1376 ἀποκατάστασις
770 1346 901 1374 καλεῖται.

117 1386 260 1422 Παρατετή
266 1395 344 1422 ρηται
360 1388 388 1414 δὲ
399 1390 413 1415 ὁ
425 1388 565 1425 ἐξελιγμὸς
580 1391 712 1427 περιέχων
728 1392 805 1424 ὅλους
817 1393 904 1429 μῆνας

117 1432 184 1467 χξθ’,
206 1433 312 1470 ἡμέρας
332 1433 360 1460 δὲ
383 1434 499 1470 ββψνξὲ.
529 1436 572 1462 Ἐν
596 1436 625 1463 δὲ
648 1436 686 1472 τῷ
709 1438 797 1474 χρόνῳ
816 1439 904 1475 τούτῳ

116 1480 235 1505 ποιεῖται
248 1479 297 1514 τῆς
311 1480 381 1507 κατὰ
394 1481 480 1516 μῆκος
492 1482 674 1519 ἀνωμαλίαςὴ
689 1483 786 1520 σελήνη
798 1486 903 1512 ἀποκα-

115 1525 263 1557 ταστάσεις
280 1525 343 1560 ψιξ,
357 1527 471 1560 κύκλους
486 1528 514 1555 δὲ
526 1528 675 1562 ζωδιακοὺς
690 1530 902 1569 διαπορευομένη

1253 505 1367 533 CAPUT
1383 506 1438 533 XV.

1245 562 1285 588 De
1299 562 1452 590 evolutiune.

989 619 1113 648 Evolutlo
1127 623 1169 647 est
1180 623 1286 655 tempus
1302 620 1454 653 minimum,
1465 622 1608 650 continens
1618 623 1737 658 integros

953 670 1101 700 menses,et
1109 667 1229 702 integros
1236 666 1333 698 dies,et
1340 667 1458 702 integras
1466 669 1649 696 restitutiones
1657 670 1735 698 Ιιιιιαι.

956 711 1023 738 Cum
1040 711 1112 739 enim
1130 715 1300 739 menstruum
1319 714 1426 746 tempus
1443 712 1614 739 observatum
1628 714 1663 740 sit
1676 723 1736 742 eSSe

954 756 1059 784 dierum
1066 757 1100 784 ‘29
1112 757 1172 792 1/2,
1182 757 1259 792 1/33,
1267 757 1336 784 fere:
1346 758 1481 784 restitutio
1487 766 1548 784 vero
1559 759 1736 787 lunaedierum

954 803 986 829 ‘27
1001 803 1070 837 1/18
1082 803 1146 831 fere.
1159 803 1302 836 quensitum
1314 807 1355 831 est
1371 809 1475 838 tempus
1493 804 1649 837 minimum,
1664 806 1735 840 quod

954 848 1074 875 continet
1084 848 1203 883 integros
1211 849 1280 880 dies,
1290 853 1316 876 et
1325 850 1443 885 integros
1457 858 1573 882 menses,
1583 855 1609 877 et
1617 851 1736 886 integras

955 894 1143 921 restitutioncs
1157 904 1163 921 :
1176 894 1296 921 inventio
1307 899 1396 921 autem
1407 899 1448 922 est
1458 896 1519 922 talis
1530 906 1535 922 :
1547 895 1619 923 Luna
1631 897 1735 932 irregu-

954 939 1047 967 lariter
1059 947 1205 974 peragrare
1221 940 1361 967 zodiacum
1375 941 1517 972 circulum,
1527 946 1553 968 et
1566 942 1621 969 ﬁeri
1634 951 1680 978 per
1695 951 1737 970 ar-

953 994 1014 1014 cum
1030 986 1174 1021 quemdam
1190 987 1365 1022 conspicitur.
1386 986 1436 1014 Die
1449 988 1571 1022 Sequenti
1591 989 1641 1016 hoc
1671 997 1735 1017 arcu

953 1032 1082 1067 majorem
1092 1033 1200 1059 eonlicit
1207 1053 1214 1065 ,
1225 1036 1250 1059 et
1258 1040 1364 1068 semper
1372 1033 1501 1068 majorem
1508 1033 1601 1061 diebus
1607 1035 1736 1063 continuo

954 1079 1129 1113 sequentibus
1139 1099 1146 1111 ,
1162 1079 1247 1106 donec
1254 1086 1300 1114 per
1308 1079 1454 1106 maximum
1463 1087 1557 1107 arcum
1566 1084 1637 1108 mota
1645 1080 1734 1108 fuerit.

953 1124 1056 1151 Deinde
1069 1133 1165 1152 rursus
1191 1125 1217 1151 in
1242 1132 1333 1152 arcum
1350 1125 1481 1152 minorem
1495 1125 1656 1161 praecedenti
1673 1126 1716 1154 die
1727 1146 1735 1158 .

953 1170 1039 1198 donec
1051 1170 1078 1197 in
1087 1170 1239 1202 minimum,
1250 1171 1295 1206 qui
1304 1170 1396 1198 fuitab
1404 1171 1491 1204 initio,
1508 1180 1600 1199 arcum
1613 1173 1737 1200 restituta

954 1216 1046 1244 fuerit.
1059 1216 1176 1252 Tempus
1188 1223 1262 1248 vero,
1275 1217 1397 1251 quodest
1410 1225 1425 1244 a
1437 1217 1550 1244 minimo
1559 1222 1632 1245 motu
1645 1218 1677 1245 ad
1689 1219 1738 1246 mi-

954 1262 1056 1290 nimum
1069 1267 1182 1294 motum,
1200 1263 1334 1290 restitutio
1343 1267 1464 1290 voratur.
1482 1262 1631 1292 Observata
1646 1267 1735 1290 autem

954 1311 995 1336 est
1012 1308 1130 1336 evolutio
1154 1309 1296 1336 continens
1317 1309 1437 1343 integros
1454 1317 1561 1337 menses
1585 1309 1654 1341 669,
1678 1310 1738 1337 dies

955 1358 1018 1378 vero
1034 1350 1130 1378 19756.
1145 1351 1174 1378 In
1189 1352 1240 1379 hoc
1259 1357 1348 1379 autem
1369 1356 1490 1388 tempore
1508 1354 1571 1380 luna
1595 1355 1736 1381 anomaliae

954 1395 1103 1423 secundum
1124 1395 1319 1431 longitudinem
1331 1395 1395 1423 facit
1409 1397 1594 1424 restitutioncs
1607 1397 1667 1428 717,
1683 1397 1737 1424 cir-

954 1442 1031 1468 culos
1043 1441 1169 1468 zodiacos
1187 1447 1335 1476 peragrans
1346 1441 1372 1468 in
1386 1441 1441 1476 jam
1455 1441 1528 1468 dicto
1537 1445 1657 1476 tempore
1667 1441 1717 1468 725
1726 1461 1735 1474 ,

954 1492 981 1516 et
1006 1488 1118 1522 insuper
1134 1495 1276 1515 assumens
1299 1487 1398 1522 gradus
1424 1487 1468 1514 52.
1490 1487 1623 1515 Habentes
1645 1492 1733 1515 autent

955 1534 1004 1562 has
1018 1535 1189 1569 apparentias
1204 1541 1236 1560 ex
1251 1534 1387 1560 veteribus
1407 1534 1574 1568 temporibus
1589 1534 1716 1568 quaesitas
1727 1554 1735 1567 ,

116 1570 146 1596 ἐν
160 1569 200 1605 τῷ
216 1572 405 1607 προειρημένῳ
419 1573 507 1608 χρόνῳ
519 1574 592 1609 decf,
615 1575 660 1601 καὶ
680 1576 903 1613 προσεπιλαμϐά-

956 1581 1063 1616 quando
1078 1579 1243 1607 constiluere
1255 1584 1361 1614 oportet
1369 1587 1427 1606 eam
1444 1579 1568 1606 diurnam
1585 1579 1655 1606 luna:
1669 1587 1736 1606 ano-

116 1624 202 1642 νουσα
224 1616 320 1652 μοίρας
335 1618 384 1653 λβ¹.
402 1619 528 1654 Ἔχοντες
549 1620 577 1647 δὲ
595 1621 679 1648 ταῦτα
700 1623 734 1648 τὰ
755 1623 904 1658 φαινόμενα

115 1664 150 1688 ὲκ
167 1662 288 1690 παλαιῶν
301 1663 401 1700 χρόνων
413 1664 576 1700 ὲζητημένα,
590 1666 649 1693 δέον
662 1667 845 1702 συστήσασθαι
855 1668 903 1704 τὴν

116 1708 190 1735 κατὰ
208 1708 294 1744 μῆκος
313 1710 469 1746 ἀνωμαλίαν
485 1713 634 1748 ἡμερήσιον
648 1713 697 1748 τῆς
715 1713 844 1749 σελήνης,
862 1715 904 1747 τίς

116 1757 192 1782 ἐστιν
205 1755 333 1792 ἐλαχίστη
350 1757 456 1793 κίνησις
469 1758 561 1794 αὐτῆς,
575 1758 621 1784 καὶ
632 1758 672 1791 τίς
686 1760 701 1795 ἡ
719 1760 843 1796 μεγίστη,
858 1761 904 1788 καὶ

116 1801 161 1832 ⁸τίς
178 1802 194 1836 ἡ
210 1801 278 1838 μέση
289 1822 296 1834 ,
316 1803 363 1829 καὶ
381 1803 423 1835 τίς
436 1805 452 1839 ἡ
467 1804 528 1830 καθ’
545 1806 648 1840 ἡμέραν
669 1806 838 1841 παραύξησις
859 1807 904 1833 καὶ

119 1848 233 1883 μείωσις
256 1849 356 1884 αὐτῆς·
374 1850 602 1886 ὲπιλαμὸάνοντες
623 1852 655 1878 ἐκ
674 1852 720 1878 τοῦ
743 1853 903 1888 φαινομένου

117 1894 166 1921 καὶ
180 1894 276 1927 τοῦτο,
292 1895 333 1922 ὅτι
350 1895 397 1922 ἐὰν
416 1896 464 1931 μὲν
480 1897 526 1923 καὶ
547 1897 595 1929 τὰς
614 1897 757 1933 ἐλαχίστας
775 1899 905 1934 κινῆται,

117 1941 228 1968 πλείονα
245 1942 294 1977 μὲν
307 1941 361 1968 τῶν
375 1942 409 1969 ια’
425 1943 526 1978 μοιρῶν
537 1944 659 1976 κινεῖται,
675 1944 801 1971 ἐλάττονα
814 1945 841 1970 δὲ
851 1945 904 1972 τῶν

119 1986 154 2022 ιβ’
164 1995 171 2002 ·
186 1987 250 2014 ὅταν
266 1987 294 2013 δὲ
309 1988 356 2020 τὰς
373 1988 502 2023 μεγίστας
520 1991 643 2025 κινῆται,
658 1990 767 2017 πλείονα
787 1991 835 2026 μὲν
850 1992 904 2018 τῶν

118 2035 151 2059 ιε’
168 2032 269 2068 μοιρῶν
282 2035 407 2064 κινεῖται,
424 2034 551 2061 ἐλάττονα
563 2035 591 2061 δὲ
604 2035 659 2062 τῶν
672 2039 709 2068 ις’
718 2045 724 2051 ·
739 2037 800 2063 ἐπεὶ
815 2037 904 2063 τοίνυν

117 2079 342 2114 παρατετήρηται
357 2080 373 2115 ἡ
390 2079 486 2116 σελήνη
507 2080 536 2106 ὲν
556 2081 674 2116 ἡμέραις
687 2081 793 2116 γηθψνς
808 2081 904 2108 διαπο-

119 2124 254 2160 ρευομένη
276 2123 423 2157 ζωδιακοὺς
445 2126 560 2158 κύκλους
582 2126 645 2161 ψκγ¹
658 2146 665 2159 ,
681 2127 726 2154 καὶ
748 2126 788 2153 ἔτι
807 2127 904 2163 μοίρας

116 2169 169 2205 λβ’,
191 2169 305 2202 ἕκαστος
319 2170 347 2196 δὲ
362 2170 417 2197 τῶν
432 2171 539 2198 κύκλων
556 2171 611 2206 ἔχει
630 2172 727 2208 μοίρας
739 2172 776 2205 τξ¹
786 2181 792 2188 ·
809 2173 904 2199 ἀνελύ-

118 2225 187 2243 σατο
200 2217 254 2243 τῶν
269 2216 376 2243 κύκλων
392 2217 491 2252 πλῆθος
510 2219 550 2250 εἰς
570 2218 675 2256 μοίρας,
688 2219 735 2246 καὶ
752 2219 904 2256 προσέθηκε

957 1623 1075 1654 Inaliam,
1090 1629 1149 1657 quae
1164 1625 1205 1649 est
1223 1621 1370 1649 secundum
1393 1621 1586 1656 longitudinem
1602 1642 1608 1654 ,
1625 1623 1686 1657 quis
1701 1623 1735 1649 sit

956 1668 1085 1696 minimus
1098 1671 1188 1695 motus
1203 1667 1272 1702 ejus,
1282 1671 1308 1694 et
1320 1668 1381 1702 quis
1391 1667 1535 1700 maximus,
1544 1667 1605 1702 quis
1619 1667 1735 1699 medius,

956 1718 983 1741 et
1008 1713 1079 1748 quod
1101 1713 1288 1748 quotidianum
1310 1713 1511 1747 incrementum:
1536 1718 1562 1740 et
1581 1712 1738 1740 decremen-

957 1763 1013 1786 tum
1028 1759 1088 1793 ejus
1102 1768 1108 1785 :
1125 1758 1273 1793 accipimus
1290 1757 1401 1792 insuper
1414 1765 1447 1785 ex
1463 1758 1620 1792 apparentia
1636 1762 1663 1785 et
1675 1758 1736 1789 hoc.

956 1813 1018 1833 cum
1036 1806 1100 1832 luna
1115 1809 1204 1832 motus
1220 1804 1348 1830 minimos
1374 1803 1452 1836 facit,
1477 1804 1538 1838 plus
1560 1812 1619 1831 eam
1635 1805 1738 1831 moveri

956 1851 1082 1878 undecim
1107 1850 1250 1886 gradibus,
1278 1850 1368 1877 minus
1396 1850 1561 1877 duodecim:
1585 1858 1646 1877 cum
1674 1858 1739 1877 vero

956 1896 1091 1923 maximos
1115 1895 1224 1922 conﬁcit
1250 1900 1350 1927 motus,
1365 1895 1482 1930 amplius
1499 1903 1557 1922 eam
1583 1895 1683 1922 moveri
1707 1895 1739 1922 15

957 1941 1098 1977 gradibus,
1115 1941 1207 1969 minus
1221 1949 1285 1969 vero
1299 1941 1331 1968 16
1346 1941 1491 1976 gradibus;
1512 1948 1572 1967 cum
1591 1940 1673 1975 igitur
1690 1940 1739 1967 ob-

957 1990 1095 2014 servatum
1111 1987 1157 2019 sit,
1172 1987 1264 2014 lunam
1283 1987 1310 2014 in
1327 1987 1423 2014 diebus
1438 1986 1521 2013 19756
1535 1993 1679 2021 peragrare
1693 1995 1739 2012 zo-

957 2033 1050 2060 diacos
1060 2032 1179 2060 circulos
1195 2032 1259 2063 725,
1278 2037 1303 2059 et
1318 2036 1448 2067 praeterea
1467 2031 1555 2058 adhuc
1574 2031 1673 2067 gradus
1683 2031 1736 2058 52:

958 2078 1146 2113 unusquisque
1160 2082 1250 2106 autem
1266 2078 1430 2105 circulorum
1451 2077 1548 2105 habeat
1561 2078 1661 2112 gradus
1676 2078 1737 2110 560,

956 2124 1076 2152 refundit
1098 2125 1162 2151 luna
1178 2124 1342 2151 circulorum
1364 2123 1562 2151 multitudinem
1578 2123 1606 2150 in
1623 2124 1737 2158 gradus,

956 2173 984 2198 et
995 2170 1069 2197 addit
1084 2170 1184 2205 gradus
1205 2169 1248 2197 52.
1268 2168 1310 2197 Fit
1326 2170 1408 2205 igitur
1433 2174 1505 2197 totus
1528 2177 1658 2196 numerus
1679 2177 1740 2204 gra-

957 2215 1040 2242 duum
1059 2214 1173 2242 260512.
1190 2214 1219 2241 ln
1236 2214 1332 2242 diebus
1346 2214 1428 2249 igitur
1445 2213 1562 2241 maxime
1578 2213 1663 2241 19756
1680 2221 1741 2249 per-

116 2263 168 2294 τὰς
183 2262 233 2297 λβ¹.
253 2263 360 2290 Γίνεται
377 2265 391 2290 ὁ
406 2265 460 2296 πᾶς
476 2264 590 2301 ἀριθμὸς
612 2265 713 2301 μοιρῶν
729 2265 835 2302 ,σλξτιβκ
860 2267 904 2293 Ἐν

958 2262 1043 2288 currit
1069 2261 1133 2287 luna
1156 2260 1313 2295 praedictum
1331 2267 1471 2287 numerum
1487 2260 1618 2295 graduum
1633 2269 1640 2287 :
1659 2268 1740 2295 quam

116 2309 173 2344 ἆρα
188 2309 305 2344 ἡμέραις
321 2309 437 2345 μάλιστα
451 2310 554 2346 laedam,”
564 2311 752 2348 διαπορεύεται
771 2313 788 2347 ἡ
808 2312 905 2349 σελήνη

116 2355 149 2381 τὸ
162 2355 359 2390 προειρημένον
371 2355 472 2391 πλῆθος
486 2355 539 2382 τῶν
552 2356 652 2391 μοιρῶν
663 2365 670 2372 ⁸
684 2357 735 2393 ὃδὴ
748 2357 858 2392 πλῆθος,
867 2358 907 2389 εἰς

116 2399 149 2425 τὸ
168 2400 221 2426 τῶν
242 2400 353 2436 ἡμερῶν
368 2400 469 2435 πλῆθος
491 2400 667 2435 μερίσαντες,
685 2402 836 2437 εὑρήσομεν
856 2401 906 2437 τὴν

119 2446 206 2482 μέσην
227 2446 378 2482 ἡμερήσιον
400 2446 506 2481 κίνησιν
529 2446 578 2482 τῆς
599 2447 723 2483 σελήνης.
747 2447 829 2473 Ὅταν
850 2448 904 2483 γὰρ

119 2492 189 2528 μήτε
207 2491 257 2527 τὴν
277 2492 400 2519 ἐπίτασιν
418 2492 468 2527 τῆς
487 2493 628 2528 κινήσεως,
653 2494 721 2529 μήτε
744 2493 792 2529 τὴν
814 2493 904 2520 ἄνεσιν

118 2538 364 2573 ὑπολογισάμενοι,
381 2537 411 2570 ἐξ
432 2538 533 2573 ὁμαλοῦ
550 2539 704 2574 μερίσωμεν
720 2539 750 2565 τὸ
771 2539 824 2565 τῶν
845 2548 904 2574 μοι-

119 2582 175 2618 ρῶν
188 2583 299 2618 πλῆθος,
319 2583 379 2610 τότε
395 2584 410 2619 ή
424 2584 565 2620 εὑρεθεῖσα
575 2583 680 2619 κίνησις
693 2585 761 2620 μέση
773 2585 903 2618 καλεῖται.

116 2628 282 2664 Εὖρίσκεται
305 2629 334 2656 δὲ
355 2629 424 2665 αὕτη
441 2630 571 2665 γινομένη
594 2630 695 2666 μοιρῶν
727 2634 760 2664 ιγ’
793 2630 907 2666 πρώτων

118 2673 284 2710 ἑξηκοστῶν,
298 2674 346 2701 καὶ
357 2675 490 2710 δευτέρων
497 2675 544 2702 λε’,
555 2675 683 2702 Καλείτιι
696 2675 723 2702 δὲ
735 2675 765 2701 τὺ
779 2676 827 2711 τῆς
843 2677 907 2711 μιᾶς

120 2719 218 2756 μοίρας
227 2720 372 2756 ἑξηκοστὸν
382 2720 487 2756 πρῶτον
496 2721 652 2756 ἑξηκοστὸν,
661 2721 691 2748 τὸ
704 2721 732 2748 δὲ
745 2720 791 2747 τοῦ
801 2721 907 2757 πρώτου

118 2765 266 2800 ἑξηκοστοῦ
281 2765 425 2801 ἑξηκοστὸν
437 2766 561 2803 δεύτερον
575 2766 729 2802 ἑξηκοστόν·
739 2766 871 2802 ὁμοίωςδὲ
879 2766 909 2793 τὺ

957 2307 1158 2334 multitudinem
1183 2307 1210 2333 in
1239 2306 1343 2333 dierum
1368 2306 1566 2333 multitudinem
1592 2307 1741 2335 dividentes

958 2353 1127 2380 inveniemus
1146 2352 1264 2379 medium
1287 2352 1414 2379 diurnum
1440 2356 1542 2379 motum
1567 2352 1648 2380 lunae.
1672 2353 1740 2380 Cum

956 2398 1029 2426 enim
1043 2405 1129 2432 neque
1142 2397 1318 2424 intentionem
1336 2402 1436 2429 motus,
1451 2405 1538 2432 neque
1551 2398 1741 2426 remissionem

957 2448 1125 2478 reputantes,
1141 2452 1174 2471 ex
1186 2444 1284 2479 arquali
1308 2443 1481 2471 diviserimus
1501 2443 1634 2479 graduum
1650 2444 1741 2470 mulli-

959 2490 1090 2521 tudinem,
1109 2494 1173 2516 tunc
1189 2489 1316 2517 inventus
1331 2495 1420 2518 motus
1434 2490 1488 2526 36
1501 2495 1613 2518 vocatur
1624 2490 1739 2517 medius.

958 2536 1098 2563 Invenitur
1127 2539 1217 2563 autem
1245 2536 1290 2564 hic
1315 2537 1420 2564 medius
1444 2541 1532 2565 motus
1559 2536 1690 2572 graduum
1709 2537 1742 2564 15

959 2583 1107 2617 primorum
1143 2582 1373 2617 sexagesimorum
1398 2582 1439 2610 10'
1457 2603 1464 2615 ,
1500 2587 1526 2610 et
1559 2582 1741 2610 secundorum

960 2627 1019 2655 55".
1049 2626 1169 2655 Vocatur
1189 2633 1278 2655 autem
1306 2628 1388 2656 unius
1408 2628 1508 2663 gradus
1530 2627 1740 2662 sexagesimum.

961 2674 1076 2709 primum
1090 2674 1304 2710 sexagesimum;
1330 2680 1356 2703 et
1379 2675 1461 2702 unius
1474 2673 1554 2709 primi
1579 2673 1739 2708 sexagesimi

961 2721 1159 2756 sexagesimum
1182 2726 1295 2750 vocatur
1310 2722 1459 2750 secundum
1476 2720 1691 2756 sexagesimum;
1704 2720 1742 2747 si-

961 2767 1062 2796 militer
1076 2767 1157 2796 etiam
1174 2776 1257 2796 unum
1273 2767 1422 2797 secundum
1444 2766 1641 2802 sexagesimum
1652 2786 1660 2800 ,
1679 2773 1744 2794 cum

150 2843 207 2880 (50)
222 2843 292 2878 Περὶ
316 2843 483 2880 ἐξελιγμοῦ.
514 2843 581 2872 Vide
609 2843 782 2872 Ptolemanun
806 2844 852 2872 lib.
867 2851 902 2877 ιν,

956 2852 987 2879 ῳ.
1003 2843 1030 2871 2.
