1902 3143
180 117 234 146 858

681 119 729 148 AD
747 120 882 150 EUSEBII
901 121 1095 150 CHRONICON
1113 120 1293 150 APPENDIX.

1748 123 1803 152 856

180 176 296 204 divisum
312 177 396 206 estin
412 183 503 214 partes
528 178 581 210 60,
611 182 725 206 vocatur
754 187 806 207 una
832 181 959 216 particula

1018 181 1143 217 δεύτερον
1162 181 1315 217 ἑξηκοστὸν,
1330 180 1462 217 διαιρεθὲν
1480 182 1520 214 είς
1541 182 1615 218 μέρη.
1630 182 1662 215 ξ’,
1678 182 1804 209 καλεῖται

181 225 290 250 tertium
316 225 523 260 sexagesimum.
545 223 644 251 Eadem
672 228 714 253 est
737 226 808 253 ratio
829 227 911 254 etiam
937 228 964 254 in

181 269 294 304 reliquis
309 270 495 304 sexagesimis.

215 313 283 341 Cum
301 322 476 342 numerorum
491 315 534 342 hic
552 315 588 342 sit
599 316 678 348 ordo,
694 323 708 343 a
720 316 855 345 Clialdmis
870 318 964 346 inven-

181 364 225 388 tus
240 364 282 387 est
295 360 402 388 medius
416 365 506 389 motus
525 362 595 389 lunae
618 362 751 397 graduum
780 364 823 397 15,
837 365 887 396 10¹,
903 364 963 398 55’¹,

180 414 296 441 cumque
313 406 342 434 in
357 406 453 434 diebus
475 407 560 435 19756
581 408 644 436 luna
668 409 749 436 faciat
776 411 963 438 restitutionis

181 452 242 484 717,
259 452 281 479 si
298 453 467 482 voluerimus
481 462 646 490 cognoscere
666 463 747 482 unam
763 456 962 484 restitutionem

180 497 207 524 in
222 500 287 532 quot
302 497 399 526 diebus
420 498 501 525 faciat
520 499 595 530 luna,
611 499 762 527 dividemus
774 501 877 528 dierum
890 501 961 528 mul-

179 543 323 572 titudinem
344 544 372 571 in
386 545 589 580 restitutionum
619 546 834 579 multitudinem;
852 551 878 573 et
895 546 962 574 ﬁunt

178 589 237 617 dies
252 590 434 618 restitutionis
447 591 492 623 27,
510 595 538 619 et
552 592 633 620 unius
655 592 708 619 dici
722 592 891 627 sexagesima
906 593 962 627 pri-

178 641 221 660 ma
239 634 283 666 33.
301 638 328 662 et
343 636 462 663 secunda
476 637 520 664 20.
541 636 569 663 In
585 641 625 664 tot
650 637 732 672 igitur
746 637 842 664 diebus
867 637 931 664 luna
947 645 962 664 ιι

179 679 293 707 minimo
309 686 383 708 motu
402 681 434 709 ad
458 683 599 709 minimum
616 687 717 709 motum
733 684 925 718 proﬁciscitur.

1016 227 1047 254 τδ
1062 226 1091 253 ἓν
1106 227 1187 262 μέρος
1201 227 1291 262 τρίτον
1306 226 1459 262 ἑξηκοστόν.
1480 227 1510 254 '0
1524 227 1552 253 δὲ
1571 228 1651 259 αὐτὸς
1664 227 1743 261 λόγος
1754 228 1805 254 καὶ

1016 273 1061 299 ἐπὶ
1078 272 1132 299 τῶν
1143 272 1243 298 λοιπῶν
1257 272 1419 307 ἐξηκοστῶν.

1050 318 1184 354 Τοιαύτης
1200 318 1227 344 δὲ
1249 320 1298 353 τῆς
1314 318 1461 350 διατάξεως
1479 319 1653 355 ὑπαρχούσης
1668 319 1724 346 τῶν
1740 320 1804 356 ἀρι-

1015 364 1101 400 θμῶν,
1120 364 1172 391 ὑπὸ
1194 364 1248 391 τῶν
1268 365 1416 396 Χαλδαίων,
1429 365 1542 401 εὓρηται
1563 366 1579 401 ἡ
1602 365 1671 401 μέση
1694 366 1804 401 κίνησις

1014 412 1063 447 τῆς
1081 411 1196 447 σελήνης
1214 411 1314 448 μοιρῶν
1329 415 1373 445 ιγ’,
1390 415 1415 443 ι’,
1434 411 1470 438 λε’
1482 420 1488 425 ’
1505 412 1550 438 καὶ
1569 412 1629 438 ἐπεὶ
1639 413 1668 438 έν
1683 411 1804 447 ἡμέραις

1013 457 1118 494 ,ηθψνξ
1134 458 1370 489 ἀποκαταστάσεις
1388 459 1503 484 ποιεῖται
1520 459 1536 493 ή
1558 458 1655 494 σελήνη
1671 458 1738 493 ᾡς,
1753 458 1804 484 ἐὰν

1014 503 1172 538 βουλώμεθα
1194 503 1341 537 ἐπιγνῶναι
1363 503 1413 538 τὴν
1438 503 1504 538 μίαν
1527 503 1748 530 ἀποκατάστασιν
1771 504 1804 528 ἐν

1013 548 1110 580 πόσαις
1124 548 1240 584 ἡμέραις
1251 549 1366 575 ποιεῖται
1380 549 1396 583 ή
1414 548 1522 584 σελήνη,
1540 548 1687 584 μεριοῦμεν
1703 548 1733 574 τὺ
1746 547 1804 573 τῶν

1014 593 1123 628 ήμερῶν
1139 593 1238 629 πλῆθος
1255 594 1293 625 εἰς
1305 594 1335 620 τὸ
1351 593 1404 620 τῶν
1419 594 1663 620 ἀποκαταστάσεσιν
1682 593 1801 627 πλῆθος·

1015 640 1133 674 γίνονται
1164 640 1191 666 δὲ
1218 640 1319 676 ἡμέραι
1345 641 1394 675 τῆς
1424 640 1672 671 ἀποκαταστάσεως
1698 639 1803 665 εἴκοσιν

1016 685 1104 717 ἑπτὰ,
1121 687 1166 712 καὶ
1191 687 1254 722 μιᾶς
1281 687 1387 722 ἡμέρας
1409 686 1542 722 ἑξηκοστᾶ
1564 685 1659 723 πρῶτα
1681 685 1733 719 λγ’,
1752 685 1804 711 καὶ

177 725 290 762 δεύτερα
302 729 338 753 κ’,
360 727 403 753 Ἑν
416 727 468 763 ἄρα
480 727 597 762 ἡμέραις
612 727 783 764 τοσαύταιςή
803 729 901 764 σελήνη
913 729 967 756 ἀπὸ
998 730 1050 765 τῆς
1071 729 1214 766 ἐλαχίστης
1232 732 1364 767 κινήσεως
1388 732 1435 758 ἐπὶ
1446 732 1495 767 τὴν
1517 731 1660 766 ἐλαχίστην
1679 730 1802 766 παραγίσ

178 780 263 798 νεται.

214 820 247 847 Et
261 828 322 848 cum
337 821 362 848 in
374 821 448 849 omni
464 822 636 850 restitutione
647 823 664 850 4
675 823 728 851 sint
741 826 863 858 tempora
873 831 959 858 :equa-

1047 822 1104 849 Καὶ
1128 822 1188 848 ἐπεὶ
1210 822 1238 848 ἐν
1258 822 1332 858 πάσῃ
1355 822 1572 848 ἀποκαταστάσει
1595 821 1616 848 δ’
1634 823 1689 848 εἰσι
1708 823 1801 858 χρόνοι

179 866 225 898 Ιίιι,
243 872 405 902 acceperunt
419 873 544 903 quartam
569 873 674 904 partem
690 869 794 896 dierum
809 870 853 901 ‘27,
868 869 920 901 ὅδ’,
936 874 962 897 et

178 913 238 944 20",
251 918 278 940 et
294 913 360 940 ﬁunt
385 914 444 941 dies
461 915 488 946 6,
511 915 563 947 53'.
577 919 606 942 et
619 914 679 942 20".
700 914 729 942 In
744 918 782 942 tot
807 915 891 950 igitur
905 915 962 942 die-

179 959 231 986 bus
246 959 311 986 luna
326 967 342 986 a
359 960 473 987 niinimo
491 965 565 987 motu
581 961 614 988 ad
627 961 744 988 medium
760 961 943 996 proﬁciscitur
953 981 961 993 .

179 1010 206 1032 et
222 1012 237 1032 a
248 1005 338 1033 medio
355 1006 387 1033 ad
400 1007 546 1033 maximum
560 1016 567 1040 ;
581 1010 608 1034 et
623 1015 718 1035 rursus
735 1007 861 1034 similiter
874 1015 890 1034 a
902 1014 961 1033 ma-

181 1050 254 1077 ximo
268 1049 302 1077 ad
320 1050 437 1078 medium
452 1072 459 1084 ,
484 1056 511 1078 et
525 1059 541 1079 ιι
564 1053 652 1080 medio
667 1052 701 1079 ad
725 1052 878 1080 minimum.
894 1052 961 1079 Nam

180 1095 239 1123 haec
252 1101 370 1131 quatuor
387 1101 508 1132 tempora
524 1098 594 1125 inter
609 1106 638 1125 se
653 1102 717 1125 sunt
730 1099 854 1134 aequalia.

214 1228 328 1262 Etcum,
341 1230 362 1257 si
378 1229 477 1258 fuerint
488 1233 543 1258 tres
563 1230 667 1258 numeri
684 1239 715 1258 ex
730 1238 807 1266 :equo
828 1238 857 1258 se
881 1238 961 1266 supe-

180 1280 290 1309 rantes,
315 1277 430 1304 extremi
447 1277 528 1304 simul
550 1277 650 1312 sumpti
671 1277 726 1305 sint
739 1277 821 1312 duplo
843 1277 961 1311 majores

179 1323 277 1356 medio,
292 1323 319 1350 in
335 1327 408 1351 motu
426 1327 516 1351 autem
544 1324 614 1351 lunae
640 1329 695 1351 tres
719 1323 775 1351 sint
798 1323 903 1350 numeri
928 1330 961 1350 ex

178 1376 256 1404 (equo
269 1376 302 1397 se
314 1369 430 1397 invicem
455 1362 634 1404 superantes,
659 1377 755 1404 nempe
770 1372 861 1397 motus
880 1369 960 1396 mini-

179 1423 248 1442 mus,
264 1419 291 1442 et
306 1415 423 1447 medius.
437 1419 463 1444 et
477 1415 612 1443 maximus
626 1425 632 1442 :
650 1415 673 1443 si
689 1415 770 1450 igitur
785 1418 887 1442 motum
902 1422 961 1441 ma-

180 1461 281 1488 ximum
303 1465 330 1488 et
345 1461 486 1488 minimum
514 1468 725 1496 componamus,
748 1464 827 1488 erunt
843 1460 868 1487 hi
888 1469 963 1488 com-

1014 868 1083 901 τσοι,
1109 868 1204 894 ἔλαϐον
1232 868 1358 903 τέταρτον
1379 867 1460 904 μέρος
1482 868 1535 894 τῶν
1558 867 1597 900 κζ’
1616 868 1739 903 ἡμερῶν,
1759 869 1800 903 λγ¹

1012 914 1116 941 λεπτῶν
1131 913 1256 950 πρώτων,
1276 914 1322 940 καὶ
1340 917 1363 940 κ’
1374 913 1506 949 δευτέρων
1521 913 1635 946 λεπτῶν,
1650 914 1698 940 καὶ
1710 914 1802 948 γίνον-

1011 969 1055 987 ται
1074 959 1175 995 ἡμέραι
1189 962 1226 991 ς’,
1241 962 1291 993 vf,
1307 960 1352 985 καὶ
1373 962 1406 985 κ’.
1429 959 1473 985 Ἑν
1490 959 1543 994 ἄρα
1556 959 1700 990 τοσαύταις
1720 961 1737 995 ἡ
1753 968 1801 986 σε-

1012 1005 1079 1041 λήνη
1096 1005 1211 1041 ἡμέραις
1229 1005 1282 1031 ἀπὸ
1302 1005 1350 1039 τῆς
1368 1004 1510 1040 ἐλαχίστης
1527 1005 1660 1040 κινήσεως
1679 1005 1727 1031 ἐπὶ
1749 1004 1801 1040 τὴν

1013 1051 1098 1087 μέσην
1115 1051 1303 1086 παραγίνεται,
1316 1050 1362 1077 καὶ
1374 1050 1427 1076 ἀπὸ
1438 1051 1486 1085 τῆς
1501 1051 1586 1087 μέσης
1602 1051 1648 1078 ἐπὶ
1659 1051 1709 1086 τὴν
1721 1060 1770 1087 μεγ
1776 1052 1801 1077 ί-

1013 1105 1087 1131 στην,
1109 1095 1156 1122 καὶ
1170 1095 1249 1122 πάλιν
1267 1096 1366 1131 ὁμοίως
1388 1095 1440 1122 ἀπὸ
1459 1096 1508 1131 τῆς
1530 1096 1659 1131 μεγίστης
1678 1097 1726 1122 ἐπὶ
1747 1096 1800 1131 τὴν

1013 1142 1109 1177 μέσην,
1121 1142 1167 1169 καὶ
1184 1142 1238 1169 ἀπὸ
1252 1142 1300 1177 τῆς
1314 1142 1399 1177 μέσης
1411 1142 1456 1168 ἐπὶ
1467 1142 1516 1177 τὴν
1526 1142 1679 1177 ἐλαχίστην.
1694 1143 1728 1169 Οἱ
1743 1142 1800 1178 γὰρ

1011 1188 1031 1215 δ’
1046 1186 1118 1215 οὗτοι
1128 1188 1217 1224 χρόνοι
1230 1188 1298 1214 εἰσιν
1313 1187 1437 1223 ἀλλήλοις
1455 1187 1514 1214 ἴσοι.

1046 1235 1101 1262 Καὶ
1117 1235 1178 1260 ἐπεὶ
1191 1234 1223 1261 ἂν
1238 1231 1288 1260 ὦσι
1302 1235 1374 1269 τρεῖς
1387 1233 1498 1270 ἀριθμοὶ
1512 1233 1561 1269 ἴσῳ
1575 1233 1697 1268 ἀλλήλων
1710 1233 1799 1268 ὑπερ-

1012 1280 1128 1315 έχοντες,
1145 1279 1262 1314 γίνονται
1286 1279 1311 1304 οἱ
1333 1279 1411 1313 ἄκροι
1434 1278 1480 1304 τοῦ
1501 1278 1584 1314 μέσου
1605 1277 1775 1308 διπλασίονες
1789 1285 1796 1292 ·

1011 1325 1039 1352 ἐν
1054 1325 1081 1352 δὲ
1097 1326 1129 1360 τῇ
1148 1326 1252 1360 κινήσει
1267 1324 1317 1359 τῆς
1337 1323 1449 1358 σελήνης
1464 1325 1538 1359 τρεῖς
1551 1324 1618 1349 εἰσιν
1633 1322 1744 1358 ἀριθμοὶ
1757 1321 1799 1357 τῷ

1012 1372 1062 1407 ἷσῳ
1074 1371 1194 1406 ἀλλήλων
1209 1370 1396 1406 ὑπερέχοντες,
1412 1369 1429 1404 ἦ
1442 1378 1471 1396 τε
1481 1369 1607 1404 ἐλαχίστη
1621 1369 1737 1404 κίνησις,
1749 1368 1799 1394 καὶ

1011 1419 1028 1453 ἡ
1043 1418 1123 1453 μέση,
1147 1416 1193 1443 καὶ
1210 1417 1226 1450 ἡ
1238 1415 1353 1451 μεγίστη
1365 1424 1371 1430 ·
1390 1415 1437 1441 ἐὰν
1453 1415 1507 1450 ἄρα
1528 1415 1578 1450 τὴν
1596 1415 1725 1449 μεγίστην
1747 1413 1800 1440 καὶ

1011 1461 1060 1497 τὴν
1081 1461 1224 1497 ἐλαχίστην
1248 1460 1403 1496 συνθῶμεν,
1427 1460 1531 1487 ἔσονται
1553 1459 1721 1490 διπλασίονες
1745 1459 1798 1494 τῆς

180 1506 261 1541 positi
285 1507 369 1542 duplo
396 1507 514 1542 majores
530 1506 629 1534 medio.
650 1506 714 1533 Erat
742 1509 832 1534 autem
859 1506 959 1534 medius

1018 1507 1102 1542 μέσης
1117 1507 1256 1542 κινήσεως.
1270 1504 1322 1533 Ἦν
1336 1506 1392 1542 δὲή
1415 1506 1484 1542 μέση
1503 1506 1608 1542 κίνησις
1628 1506 1728 1541 μοιρῶν
1748 1508 1802 1539 ιγ’,⁸

179 1556 270 1579 motus
283 1552 416 1587 graduum
442 1552 485 1584 i5,
505 1551 555 1583 10',
568 1551 626 1578 55".
643 1550 890 1586 Multiplicaverunt
905 1551 961 1578 haec

179 1598 221 1626 bis
232 1618 239 1630 ,
253 1601 281 1624 et
294 1597 458 1632 proveniunt
484 1605 517 1625 ex
544 1597 772 1633 multiplicatione
785 1597 889 1633 gradus
908 1597 960 1631 ‘26,

177 1643 231 1676 ρι’,
249 1643 308 1671 10¹¹.
336 1643 467 1671 Maximus
482 1643 563 1679 igitur
577 1648 668 1672 motus
683 1643 806 1676 lunaz,,et
832 1643 960 1670 minimus

179 1689 291 1723 praecise
305 1689 449 1724 compositi
464 1692 527 1716 sunt
540 1689 598 1717 dies
611 1689 657 1721 26,
668 1688 720 1721 ΞΓ,
733 1689 789 1716 1οη.
807 1688 888 1724 Atqui
900 1697 961 1724 gra-

179 1737 230 1764 ilus
243 1744 274 1764 ex
291 1735 481 1764 observatione
494 1735 596 1770 sumpti
611 1743 665 1762 non
683 1739 779 1762 exacte
808 1735 918 1761 maximi
933 1740 960 1762 et

179 1781 283 1808 minimi
301 1784 391 1809 motus
408 1784 472 1808 sunt
486 1780 586 1816 gradus
599 1779 642 1808 26.
670 1779 784 1815 Reliqua
799 1779 883 1815 igitur
896 1784 961 1807 sunt

177 1835 210 1854 ea
224 1827 402 1861 sexagesima,
425 1834 485 1861 qua:
509 1825 661 1860 eﬁ'ugerunt
675 1826 890 1861 observationem
913 1834 961 1860 per

178 1873 349 1908 apparentias
361 1876 387 1899 et
401 1879 502 1907 organa
519 1871 630 1904 factam,
651 1871 776 1899 videlicet
802 1872 883 1899 unius
898 1880 960 1907 gra-

178 1919 229 1946 dus
245 1919 330 1953 prima
348 1919 514 1954 sexagesima
529 1918 571 1945 2l'
585 1938 593 1950 ,
620 1922 646 1945 et
671 1917 789 1945 secunda
811 1917 867 1944 10".
898 1917 960 1945 Haec

179 1966 259 2001 igitur
280 1969 388 2000 oportet
426 1965 540 2000 insuper
564 1964 714 1992 attribuere
742 1968 769 1992 et
791 1963 904 1991 minimo
933 1967 960 1991 et

178 2011 296 2038 maximo
313 2010 397 2038 motui
410 2020 419 2038 ι
431 2014 460 2037 ut
475 2010 528 2037 duo
538 2010 564 2037 bi
581 2014 670 2037 motus
686 2009 829 2044 compositi
844 2009 960 2036 eﬁiciant

177 2057 278 2090 gradus
293 2056 337 2086 26,
353 2055 405 2087 21',
423 2055 480 2083 10”.
492 2055 598 2082 Addere
606 2060 697 2082 autem
713 2058 820 2089 oportet
839 2054 878 2082 sic
891 2054 961 2081 hanc

177 2101 360 2129 necessariam
376 2101 563 2136 appendicem,
581 2105 610 2127 ut
622 2107 710 2135 neque
721 2099 851 2127 minimus
870 2103 959 2126 motus

177 2152 273 2183 agatur
288 2147 375 2181 major
391 2147 520 2181 gradibus
536 2146 586 2179 ιε,
615 2154 704 2181 neque
720 2146 854 2172 maximus
875 2145 960 2179 major

177 2192 307 2228 gradibus
322 2191 365 2219 46.
379 2189 424 2218 Sic
439 2196 527 2219 autem
541 2190 740 2218 attribnemus:
766 2190 833 2217 Cum
851 2190 913 2216 luna
931 2190 957 2216 in

176 2238 272 2265 diebus
283 2237 309 2269 ϐ,
324 2237 375 2268 55'.
389 2237 438 2264 20"
453 2236 641 2272 proﬁciscatur
663 2244 677 2262 a
699 2235 811 2263 minimo
839 2240 910 2262 motu
925 2235 958 2262 ad

176 2283 307 2314 medium.
316 2286 345 2310 et
357 2291 372 2310 a
391 2282 479 2310 medio
490 2283 523 2309 ad
533 2282 691 2314 maximum,
706 2286 733 2309 et
745 2289 851 2316 semper
862 2280 958 2316 aequali

177 2331 347 2357 incremento
362 2335 390 2356 et
404 2329 577 2356 decremento
594 2331 685 2354 utatur
701 2337 707 2354 ε
727 2327 904 2354 inveniendus
917 2330 959 2354 est

177 2382 306 2404 numerus
317 2375 375 2410 qui,
387 2374 573 2409 multiplicans
586 2377 710 2408 quartam
725 2377 829 2408 partem
844 2374 957 2400 restitu-

177 2422 224 2450 tivi
240 2421 381 2456 temporis,
396 2419 494 2448 efﬁciat
510 2427 652 2447 numerum
668 2419 725 2454 qui,
746 2419 854 2446 additus
869 2418 958 2446 medio

176 2469 272 2501 motui,
281 2468 389 2504 colligat
399 2467 542 2503 quemdam
553 2474 693 2494 numerum
706 2467 837 2501 majorem
849 2466 956 2501 quidem

175 2517 209 2543 15
232 2515 372 2550 gradibus,
390 2514 522 2541 minorem
539 2520 602 2540 vero
629 2513 677 2546 16;
701 2512 824 2540 sublatus
839 2516 929 2539 autem
942 2520 957 2538 a

174 2563 263 2590 medio
274 2566 358 2593 motu,
366 2560 503 2595 relinquat
515 2567 658 2587 numerum
669 2559 812 2594 quemdam
828 2558 957 2593 majorem

174 2609 281 2644 quidem
300 2608 327 2634 Η
348 2607 488 2643 gradibus,
503 2607 635 2633 minorem
652 2612 714 2632 vero
729 2604 771 2630 12.
789 2604 823 2630 At
840 2611 900 2638 qua:
910 2602 958 2629 ad,-

173 2655 276 2681 dnntur
289 2654 389 2689 gradus
406 2653 447 2681 15.
465 2656 490 2680 et
505 2652 634 2688 gradibus
653 2651 695 2681 Η,
713 2657 744 2677 ea
759 2653 839 2676 erunt
850 2656 958 2683 quoque

175 2701 259 2734 prima
272 2702 440 2735 sexagesima
450 2698 503 2730 ειν,
513 2703 539 2725 et
555 2696 674 2725 secunda
694 2696 747 2723 10“.
758 2694 896 2722 Invenitur
909 2702 958 2720 an—

174 2751 227 2773 tem
241 2746 291 2773 hoc
303 2746 390 2777 facere
405 2752 536 2773 numerus
555 2744 585 2771 18
607 2743 836 2777 sexagesimorum
855 2740 957 2776 prium-

226 2823 247 2838 ⁸³
265 2824 284 2850 Γ.
301 2825 399 2856 acip-zz.
441 2823 460 2837 “
476 2831 521 2855 π).
545 2821 662 2855 ποιήσειν

1011 1553 1116 1579 λεπτῶν
1131 1556 1156 1583 ι’,
1171 1553 1217 1579 λε’.
1238 1551 1503 1578 Ἑπολλαπλασίασαν
1518 1551 1603 1578 ταῦτα
1623 1551 1677 1584 δίς⁵
1691 1551 1737 1577 καὶ
1751 1550 1797 1584 γίη

1010 1607 1100 1626 νονται
1124 1599 1214 1635 μοῖραι
1237 1601 1350 1630 κς’,κι’,
1374 1601 1398 1624 ι’.
1423 1597 1454 1624 Ἡ
1479 1597 1532 1633 ἄρα
1552 1596 1666 1632 μεγίστη
1689 1596 1800 1631 κίνησις

1011 1645 1060 1680 τῆς
1071 1644 1183 1680 σελήνης
1195 1643 1242 1670 καὶ
1253 1644 1269 1678 ἡ
1282 1643 1421 1679 ἐλαχίστη,
1431 1643 1473 1669 ἐπ’
1489 1642 1600 1678 ἀκριϐὲς
1615 1641 1800 1673 συντεθεῖσαι,

1010 1690 1129 1724 γίνονται
1152 1689 1252 1725 ἡμέραι
1268 1689 1290 1704 "°
1312 1692 1368 1722 κζ’,
1389 1691 1441 1721 καί,
1463 1691 1488 1715 ι’.
1519 1687 1598 1714 nam
1621 1688 1649 1714 αἱ
1673 1687 1744 1714 κατὰ
1764 1687 1798 1714 τὸ

1009 1736 1150 1771 ὁλοσχερὲς
1163 1737 1195 1762 ὲκ
1210 1736 1348 1771 τηρήσεως
1361 1733 1533 1770 εἰλημμέναι,
1544 1733 1562 1768 ἦ
1577 1741 1606 1759 τε
1622 1732 1735 1768 μεγίστη
1748 1733 1799 1759 καὶ

1010 1782 1147 1817 ἐλαχίστη,
1169 1783 1260 1817 μοῖραι
1276 1784 1331 1813 κς¹.
1353 1781 1441 1807 Λοιπὰ
1457 1780 1510 1815 ἄρα
1521 1780 1579 1806 ἐστὶ
1595 1779 1629 1806 τὰ
1642 1779 1799 1813 ἐκφυγόντα

1009 1829 1057 1864 τὴν
1069 1828 1113 1855 διὰ
1127 1828 1180 1855 τῶν
1197 1827 1365 1863 φαινομένων
1377 1827 1423 1853 καὶ
1437 1826 1485 1861 τὴν
1497 1825 1551 1851 τῶν
1567 1825 1689 1861 ὀργάνων
1705 1833 1798 1860 παρα-

1009 1876 1133 1910 τήρησιν,
1151 1875 1215 1909 μιᾶς
1229 1874 1324 1909 μοίρας
1340 1873 1433 1909 πρῶτα
1449 1871 1581 1907 ἑξηκοστὰ
1598 1875 1650 1904 κα’,
1668 1871 1716 1898 καὶ
1733 1871 1796 1898 δεύ-

1009 1929 1074 1955 τερα
1088 1923 1113 1947 ι’.
1131 1919 1223 1945 Ταῦτα
1235 1918 1289 1954 ἄρα
1309 1918 1348 1944 δεῖ
1363 1918 1590 1953 προσεπιμερίσαι
1610 1918 1642 1952 τῇ
1662 1925 1692 1943 τε
1706 1917 1797 1952 ἐλαχί-

1010 1975 1059 2002 στῃ
1073 1966 1119 1992 καὶ
1133 1967 1166 2001 τῇ
1192 1964 1316 2001 μεγίστῃ,
1333 1965 1405 1996 ὅπως
1426 1964 1454 1990 αἱ
1475 1963 1521 1990 δύο
1535 1963 1701 1990 συντεθεῖσαι
1718 1965 1798 1998 κινή-

1011 2019 1067 2042 σεις
1091 2009 1241 2038 ἀποτελῶσι
1263 2009 1359 2044 μοίρας
1382 2012 1437 2040 κς’,
1461 2011 1514 2040 κα’,
1537 2011 1562 2034 ι’.
1587 2007 1746 2042 Προσθεῖναι
1765 2007 1798 2034 δὲ

1008 2057 1057 2092 τὴν
1075 2056 1202 2084 ὲπουσίαν
1220 2055 1316 2087 οὕτως,
1332 2054 1401 2081 ὥστε
1419 2055 1486 2090 μήτε
1501 2054 1550 2090 τὴν
1568 2053 1712 2089 ἐλαχίστην
1734 2054 1798 2088 μεί-

1010 2102 1073 2135 ζονα
1091 2103 1205 2138 ἄγεσθαι
1227 2102 1280 2129 τῶν
1304 2101 1337 2136 ιβ’
1361 2100 1471 2136 μοιρῶν,
1499 2101 1567 2136 μήτε
1590 2099 1638 2134 τὴν
1662 2100 1798 2135 μεγίστην

1012 2147 1120 2183 μείζονα
1139 2145 1240 2182 μοιρῶν
1262 2149 1308 2178 ις’.
1331 2144 1540 2180 Ἐπιμεριοῦμεν
1556 2144 1584 2170 δὲ
1597 2144 1696 2176 οὕτως·
1719 2145 1799 2170 Ἐπεὶ

975 2181 1026 2228 δή
1046 2181 1144 2227 σελήνη
1167 2192 1196 2218 ὲν
1222 2191 1339 2226 ἡμέραις
1357 2194 1382 2222 ς’
1402 2198 1431 2216 τε
1456 2190 1503 2216 καὶ¹
1523 2193 1561 2223 νγ¹
1583 2189 1719 2225 πρώτοις,
1747 2190 1798 2216 καὶ

1009 2237 1143 2273 δευτέροις
1154 2240 1176 2262 κ’
1187 2235 1364 2271 παραγίνεται
1375 2234 1428 2261 ἀπὸ
1442 2234 1491 2268 τῆς
1502 2233 1644 2268 ἐλαχίστης
1661 2233 1798 2268 κινήσεως

1009 2284 1054 2310 ἐπὶ
1069 2283 1118 2319 τὴν
1135 2282 1231 2318 pémv,
1246 2281 1291 2308 καὶ
1306 2280 1358 2307 ἀπὸ
1367 2280 1416 2315 τῆς
1431 2279 1514 2314 μέσης
1527 2279 1572 2305 ἐπὶ
1587 2278 1635 2314 τὴν
1651 2278 1797 2313 μεγίστην,

1009 2330 1055 2356 καὶ
1071 2328 1114 2356 διὰ
1126 2328 1224 2359 παντὸς
1239 2329 1272 2362 τῇ
1290 2327 1334 2362 ἴση
1350 2323 1517 2360 παραυξήσει
1536 2325 1582 2350 καὶ
1601 2323 1713 2359 μειώσει
1727 2324 1797 2360 χρῆ-

1007 2385 1062 2403 ται·
1075 2376 1115 2402 δεῖ
1126 2375 1214 2410 εὑρεῖν
1227 2373 1352 2409 ἀριθμὸν,
1369 2372 1397 2404 ὃς
1411 2370 1649 2402 πολλαπλασιάσας
1662 2369 1694 2396 τὺ
1703 2371 1798 2406 τέταρ-

1007 2431 1053 2449 τον
1074 2422 1155 2457 μέρος
1170 2420 1215 2447 τοῦ
1238 2417 1490 2446 ἀποκαταστατικοῦ
1513 2416 1619 2452 χρόνου,
1636 2415 1796 2442 ἀποτελέσει

1007 2468 1069 2496 τινὰ
1091 2467 1216 2503 ἀριθμὸν,
1236 2466 1275 2498 ὃς,
1291 2465 1445 2501 προστιθεὶς
1462 2464 1510 2500 μὲν
1525 2464 1559 2498 τῇ
1583 2462 1653 2498 μέσῃ
1676 2463 1794 2497 κινήσει,

1009 2514 1116 2547 συνάξει
1129 2514 1150 2529 ⁶¹
1168 2513 1227 2539 τινὰ
1243 2512 1356 2548 ἀριθμὸν
1372 2510 1480 2546 μείζονα
1499 2509 1547 2545 μὲν
1565 2508 1618 2535 τῶν
1635 2511 1664 2534 ιε’
1681 2509 1794 2543 μοιρῶν,

1008 2561 1135 2587 ἐλάττονα
1154 2560 1182 2586 δὲ
1199 2559 1250 2585 τῶν
1271 2561 1326 2590 Lg"
1345 2556 1500 2592 ἀφαιρεθεὶς
1522 2555 1550 2581 δὲ
1564 2554 1617 2581 ἀπὸ
1638 2554 1689 2589 τῆς
1709 2555 1796 2589 μέσης

1008 2608 1149 2642 κινήσεως,
1168 2604 1308 2639 ἀπολείψει
1321 2604 1386 2630 τινὰ·
1403 2602 1528 2638 ἀριθμὸν,
1545 2600 1654 2636 μείζονα
1672 2601 1723 2636 μὲν
1740 2600 1794 2626 τῶν

1009 2657 1042 2680 ια’
1061 2652 1173 2689 μοιρῶν,
1189 2651 1315 2678 ἐλάττονα
1325 2651 1353 2676 δὲ
1365 2650 1417 2676 τῶν
1436 2649 1478 2684 ιβ’.
1496 2647 1534 2674 Τὰ
1549 2648 1576 2674 δὲ
1592 2647 1795 2682 προστιθέμενα

1008 2702 1067 2731 ταῖς
1081 2703 1111 2726 ιε’
1125 2699 1233 2734 μοίραις
1245 2698 1291 2723 καὶ
1308 2698 1367 2728 ταῖς
1380 2699 1424 2727 ια’,
1439 2695 1514 2721 ἔσται
1528 2695 1573 2720 ἐπὶ
1580 2693 1609 2719 τὺ
1620 2693 1687 2720 αὐτὸ
1697 2693 1793 2728 πρῶτα

1008 2743 1140 2779 ἑξηκοστᾶ
1157 2746 1209 2774 κε’,
1232 2742 1277 2768 καὶ
1298 2741 1409 2776 δεύτερα
1431 2743 1455 2766 ι’.
1481 2739 1643 2774 Εὕρίσκεται
1664 2738 1692 2765 δὲ
1715 2738 1794 2764 τοῦτο
