1913 3138
76 139 132 167 851

591 143 709 172 GEMINI
728 145 916 174 ELEMENTA
934 146 1178 176 ASTRONOMIE.

1653 150 1704 179 858

77 201 169 228 ποιῶν
182 202 197 227 ὸ
209 200 263 228 τῶν
279 205 313 237 ιη’
327 201 480 237 έξηκοστῶν
495 203 609 239 πρώτων
621 213 627 219 ·
650 205 696 232 ἐὰν
711 204 766 241 γὰρ
783 204 858 233 ταῦτι

927 215 997 240 rum;
1014 208 1037 235 si
1051 208 1123 235 enim
1138 208 1194 235 hac
1209 208 1386 244 multiplicata
1401 208 1502 237 fuerint
1525 209 1553 236 in
1579 213 1703 244 quartam

77 246 323 282 πολλαπλασιασθῇ
339 247 385 274 ἐπὶ
400 247 431 275 τὸ
449 248 579 284 τέταρτον
603 250 684 285 μέρος
699 250 748 285 τῆς
768 251 869 277 ἀποκα-

78 292 258 325 ταστάσεως,
275 293 321 320 ἐπὶ
339 293 389 325 τὰς
410 294 516 330 ἡμέρας
538 298 575 327 ς’,
599 298 630 329 ιγ’
651 295 746 331 πρῶτα
764 296 867 328 λεπτὰ,

79 339 130 364 καὶ
153 342 177 364 κ’
193 339 306 374 δεύτερα
317 360 325 371 ,
341 339 531 367 ἀποτελοῦνται
548 342 640 376 μοῖραι
664 341 685 376 β’
707 342 754 368 καὶ
774 341 869 377 πρῶτα

78 383 218 420 ἑξηκοστὰ
236 384 266 411 δ’.
281 384 372 419 Ταῦτα
397 385 554 421 προσέθηκα
569 388 601 422 τῇ
617 387 685 422 μέσῃ
703 388 808 423 κινήσει
825 390 867 421 ιγ’,

78 433 107 462 ι’,
125 429 175 462 λε’,
189 430 236 456 καὶ
255 429 486 466 γίνονταιυιοίραι
503 435 543 464 ιε’,
567 432 606 464 ιδ’,
624 432 661 458 λε’
672 441 678 447 ·
697 433 743 458 καὶ
762 433 869 467 ἀφεῖλον

77 475 135 501 ἀπὸ
162 475 213 510 τῆς
242 475 327 510 μέσης
354 479 488 510 κινήσεως
515 476 564 508 τὰς
592 477 614 512 β’
637 477 743 513 μοίρας,
766 478 812 504 καὶ
835 478 869 504 τὰ

76 521 178 556 πρῶτα
198 521 332 557 ὲξηκοστὰ
345 521 375 554 δ’⁷
393 523 440 549 καὶ
458 523 492 549 τὰ
514 523 639 550 λείποντα
656 524 688 555 θ’,
709 524 805 559 μοίρας
824 527 867 557 ια’,

77 565 117 599 ς’,
133 566 181 593 λε’.
198 567 316 602 Εὕρηται
335 567 389 603 ἄρα
403 568 419 603 ἡ
438 568 485 602 μὲν
502 568 630 604 ἐλαχίστη
646 570 751 604 κίνησις
763 569 811 605 τῆς
825 578 868 596 σε-

74 612 165 648 λήνης
178 622 249 649 μοιρ.
268 616 311 644 ια’,
326 613 440 649 πρώτων
453 613 605 649 έξηκοστῶν
624 618 672 647 ις’,
692 614 824 650 δευτέρων
840 615 868 641 δὲ

924 257 1028 288 partem
1044 253 1243 286 restitutionis,
1264 261 1360 288 nempe
1377 253 1404 280 iu
1422 253 1481 281 dies
1493 253 1519 286 6,
1534 252 1585 286 15',
1600 257 1626 280 et
1643 253 1702 284 ‘20",

924 299 1112 333 producuntur
1124 299 1225 334 gradus
1239 299 1256 326 2
1270 305 1295 327 et
1310 299 1343 327 ι’.
1364 298 1426 327 Haec
1439 299 1527 326 addidi
1546 299 1634 326 medio
1646 306 1704 325 mo-

923 345 980 376 tui,
1004 353 1100 380 nempe
1113 345 1240 380 gradibus
1256 345 1307 379 i3,
1333 346 1382 378 10',
1398 345 1455 377 55”,
1470 349 1496 372 et
1520 345 1586 372 ﬁunt
1604 345 1703 379 gradus

923 389 966 419 15,
985 388 1036 420 Μ’,
1052 389 1109 416 55".
1125 388 1251 416 Sublraxi
1268 397 1282 416 a
1303 390 1391 417 medio
1409 393 1482 416 motu
1499 390 1549 416 hos
1565 389 1664 424 gradus
1686 389 1704 415 2

921 437 948 460 et
963 435 997 466 κί’,
1013 438 1039 461 et
1058 435 1154 469 reliqui
1183 439 1246 476 sunt
1262 435 1363 470 gradus
1379 436 1422 464 11,
1444 436 1478 467 6',
1497 435 1554 462 '55".
1574 434 1702 462 Iuventus

921 483 963 505 est
982 479 1062 513 igitur
1087 479 1216 506 minimus
1241 483 1330 507 motus
1360 480 1429 507 luna:
1454 480 1585 514 graduum
1602 479 1651 510 11,
1667 479 1700 510 6’.

922 524 1064 556 H",55"';
1084 525 1188 553 medius
1216 531 1304 553 motus
1332 526 1464 561 graduum
1490 526 1533 556 15.
1559 525 1610 558 10⁸,
1637 525 1700 558 55”;

922 570 1056 597 maximus
1072 574 1161 598 motus
1184 572 1316 606 graduum
1348 571 1390 604 i5,
1407 572 1458 604 11’,
1490 572 1556 605 '55";
1575 571 1701 598 diurnum

922 620 1010 642 autem
1026 616 1222 644 incrementum
1240 618 1388 653 primorum
1406 619 1635 654 sexagesimorum
1652 617 1698 646 18’.

77 657 125 690 ια’,
142 659 242 706 τρίτων
258 659 293 685 λε’
308 668 318 706 ’ἓ
332 661 348 695 ἡ
364 661 392 686 δὲ
412 660 480 696 μέση
497 661 602 706 κίνησις
616 669 690 697 μοιρ.
708 664 752 695 ιγ’,
770 664 795 694 ι’,
812 661 847 687 λε’
865 669 872 676 “
890 661 907 696 ἡ
926 662 1042 698 μεγίστη
1058 663 1162 699 κίνησις
1181 672 1252 699 μοιρ.
1275 667 1314 697 ιε’,
1346 668 1390 697 ια’,
1418 664 1470 691 λε’·
1486 665 1502 700 ἡ
1518 664 1545 691 δὲ
1565 663 1701 706 ἡμερησία

75 703 252 739 παραύξησις
266 704 379 740 πρώτων
391 705 544 740 ἑξηκοστῶν
559 705 604 741 ιη’.

333 763 528 790 ΚΕΦΛΛΛΙΟΝ
549 764 607 797 ις’.

74 819 186 853 ἷζρόνοι
199 818 258 845 τῶν
270 818 378 849 ζωὸίων
391 819 426 846 ἐν
439 816 484 852 οἷς
493 819 623 846 ἕκαστον
632 819 732 846 αὐτῶν
747 821 763 847 ό
777 819 863 853 ἥλιος

1208 762 1322 791 CAPUT
1341 763 1409 791 XVI.

921 817 1050 859 Tempora
1067 819 1201 854 signoruni
1226 820 1252 859 in
1274 820 1369 859 quibus
1387 830 1586 859 unumquoaque
1609 833 1699 853 eorum

112 853 320 896 διᾳπορεύρται
333 863 341 870 ο
363 854 416 896 καὶ,
435 856 465 881 αὶ
485 855 548 896 ξεᾳθ
563 854 693 882 ἕκαστον
705 854 812 896 ,ζώδιογ
824 864 858 896 τι·

950 853 990 880 sol
1003 858 1127 896 peragrat
1140 861 1148 880 :
1166 859 1191 881 et
1211 853 1416 896 signiﬁcationes
1435 853 1598 894 sin'guloium
1611 861 1700 896 signo-

112 889 238 923 νόμεναι
251 889 448 923 ἐπισημασίαι
464 891 493 916 al
505 889 762 924 ύπογεποαμμέναι
776 890 864 917 εὶσίν.

221 944 380 981 Ἀρξώμεθα
393 946 421 972 δὲ
431 947 485 972 ἀπὸ
497 946 606 982 Θερινῆς
617 947 731 982 τροπῆς.

113 1002 253 1038 Καρκίνον
266 1002 454 1038 διαπορεύεται
468 1003 482 1029 ὁ
493 1002 567 1038 ἥλιος
580 1004 609 1030 ὲν
624 1002 739 1038 ἡμέραις
753 1002 803 1029 λα’.

117 1048 164 1073 Ἐν
186 1047 215 1074 δὲ
237 1049 270 1083 τῇ
288 1051 311 1074 α’
329 1048 422 1084 ἡμέρᾳ.
443 1048 580 1083 Καλίππῳ
600 1048 736 1084 Καρκίνος
753 1048 865 1083 ἄρχεται

74 1092 245 1125 ἀνατέλλειν,
264 1093 362 1129 τροπαὶ
379 1092 493 1129 θεριναὶ,
507 1093 554 1120 καὶ
570 1093 755 1128 ἐπισημαίνει.

120 1138 166 1164 Ἑν
179 1137 208 1164 δὲ
223 1139 256 1173 τῇ
274 1137 297 1164 ϐ’
311 1138 402 1173 ἡμέρᾳ
417 1137 523 1173 Εὐδόξῳ
538 1138 612 1169 νότος
622 1139 692 1165 πνεῖ.

120 1184 166 1210 Ἐν
178 1183 207 1209 δὲ
219 1185 252 1218 τῇ
267 1186 301 1209 ια’
313 1183 404 1219 ἡμέρᾳ
414 1182 519 1218 Εὐδόξῳ
535 1183 630 1218 Ὠρίων
642 1182 710 1217 ἑῷος
721 1182 863 1210 ἐπιτέλλει.

118 1228 164 1256 Ἔν
182 1228 211 1255 δὲ
226 1230 259 1264 τῇ
275 1232 309 1263 ιγ’
328 1228 419 1264 ἡμέρᾳ
440 1228 592 1263 Εὐκτήμονι
611 1227 706 1263 Ὠρίων
726 1227 786 1259 ὅλος
806 1228 865 1254 ὲπι-

75 1275 166 1302 τέλλει
171 1295 178 1302 .

94 1275 209 1347 ¹δὲ
223 1321 256 1357 τῇ
273 1323 311 1352 ις’
327 1319 444 1356 Δοσιθέῳ
461 1319 594 1354 Στέφανος
609 1318 675 1354 ἑῷος
691 1318 805 1355 ἄρχεται
818 1317 863 1345 δύ-

74 1374 144 1393 νειν.

117 1414 163 1440 Ἐν
175 1413 203 1440 δὲ
218 1414 251 1450 τῇ
264 1415 306 1448 κγ’
319 1411 436 1448 Δοσιθέῳ
455 1412 483 1438 ὲν
497 1411 627 1447 Αἰγύπτῳ
642 1411 722 1438 Κύων
741 1411 862 1447 ἐκφανὴς

73 1459 192 1494 γίνεται.

115 1506 161 1532 Ἔν
176 1505 204 1531 δὲ
215 1505 248 1540 τῇ
264 1506 301 1531 κε’
316 1502 422 1530 Μέτωνι
434 1502 515 1529 Κύων
529 1502 661 1529 ἐπιτέλλει
678 1502 754 1537 ἑῷος.

951 896 1010 914 rum
1030 893 1090 914 sunt
1103 889 1242 923 ejusmodi.

998 944 1163 979 Incipiamus
1177 950 1265 973 autem
1282 947 1316 974 ab
1329 948 1422 975 aestiva
1435 951 1618 978 conversione.

949 1001 1084 1029 Cancrum
1101 1007 1226 1038 peragrat
1238 1004 1278 1030 sol
1293 1004 1320 1031 in
1336 1004 1431 1033 diebus
1445 1007 1488 1033 51.

949 1047 1040 1075 Primo
1056 1049 1100 1076 die
1113 1049 1226 1084 Calippo
1240 1049 1343 1077 Cancer
1356 1051 1536 1086 incipitoriri,
1546 1054 1698 1082 conversio-

913 1100 962 1120 nes
977 1095 1087 1126 a'stivaa,
1104 1099 1130 1121 et
1148 1094 1291 1129 signiﬁcat.

948 1139 997 1168 Die
1012 1140 1029 1167 9
1044 1139 1156 1168 Eudoxo
1166 1140 1213 1167 ﬂat
1225 1145 1328 1169 auster.

947 1185 996 1213 Die
1010 1185 1040 1212 11
1060 1185 1172 1213 Eudoxo
1186 1186 1270 1214 Orion
1283 1195 1362 1215 mane
1377 1188 1474 1216 oritur.

947 1229 1000 1267 37
1019 1231 1067 1259 Die
1085 1232 1119 1258 15
1136 1231 1294 1260 Euctemoni
1314 1232 1397 1261 Orion
1413 1237 1486 1261 totus
1503 1235 1600 1263 oritur.

947 1320 995 1349 Die
1014 1320 1045 1348 16
1060 1319 1190 1348 Dositheo
1203 1321 1310 1348 Corona
1331 1329 1410 1348 mane
1428 1321 1523 1357 incipit
1538 1321 1674 1351 occidere.

947 1407 996 1436 Die
1012 1408 1048 1435 25
1063 1407 1193 1436 Dositheo
1207 1407 1235 1435 in
1255 1407 1373 1444 Egypto
1390 1407 1472 1436 Canis
1489 1413 1606 1444 apparet.

947 1495 995 1524 Die
1011 1495 1046 1523 25
1061 1495 1161 1524 Μειοηί
1179 1496 1262 1524 Canis
1278 1497 1366 1524 oritur
1382 1504 1461 1525 mane

115 1523 161 1578 Ἐὐ
176 1523 213 1577 νδὲ
235 1523 281 1585 iiii"
297 1549 338 1581 κζ’
360 1549 514 1584 Εὐκτήμονι
538 1549 618 1576 Κύων
638 1523 786 1575 ἐπιτέλλεν
806 1548 858 1575 Εὐ-

945 1523 993 1570 Die
1011 1542 1046 1569 27
1063 1541 1221 1569 Euctemoni
1239 1523 1322 1570 Canis
1340 1523 1579 1570 oiriturrEudoxo
1607 1542 1692 1571 Canis

69 1597 141 1633 δόξῳ
155 1596 237 1623 Κύων
259 1594 325 1630 ἑῷος
347 1594 490 1627 ἐπιτέλλει,
510 1594 557 1621 καὶ
574 1594 624 1625 τὰς
643 1595 778 1629 ἑπομένας
792 1593 859 1629 ἡμέ-

71 1652 123 1679 ρας
146 1646 166 1669 ε’
188 1643 211 1659 ⁸³
227 1642 333 1677 ἐτησίαι
353 1640 494 1667 πνέουσιν·
512 1641 540 1667 αι
560 1640 588 1666 δὲ
609 1639 689 1666 πέντε
706 1640 734 1666 αἱ
751 1639 858 1674 πρῶται

70 1689 223 1724 πρόδρομοι
240 1687 393 1714 καλοῦνται.
410 1685 547 1722 Καλίππῳ
557 1686 693 1721 Καρκίνος
708 1684 780 1712 δύνει
795 1685 858 1712 ἀνα-

67 1734 172 1761 τέλλων
185 1732 389 1769 πνευματώδης.

112 1779 158 1806 Ἐν
168 1778 197 1805 δὲ
211 1779 243 1814 τῇ
256 1781 298 1814 κη’
307 1777 459 1813 Εὐκτήμονι
473 1777 562 1809 Ἀετὸς
574 1776 641 1812 ἑῷος
653 1776 725 1804 δύνει
736 1783 743 1792 ·
756 1775 856 1812 χειμὼν

69 1825 143 1852 κατὰ
158 1824 294 1851 Θάλασσαν
313 1822 472 1857 ἐπιγίνεται.

111 1871 157 1897 Ἐν
171 1870 200 1896 δὲ
217 1871 250 1905 τῇ
272 1869 293 1895 λ’
313 1868 449 1903 Καλίππῳ
468 1867 542 1895 Λέων
555 1868 666 1903 ἄρχεται
687 1867 854 1895 ἀνατέλλειν·

66 1914 145 1946 νότος
158 1915 220 1941 πνεῖ
231 1922 237 1929 ·
256 1914 303 1940 καὶ
315 1913 395 1940 Κύων
410 1913 560 1940 ἀνατέλλων
576 1913 691 1949 φανερὸς
706 1913 818 1948 γίνεται.

109 1960 155 1987 Ἐν
166 1959 195 1986 δὲ
210 1961 243 1995 τῇ
256 1959 296 1985 λα’
310 1958 417 1994 Εὐδόξῳ
429 1959 504 1990 νότος
519 1960 590 1985 πνεῖ.

108 2005 140 2032 Ὀ
154 2004 230 2040 ἥλιος
244 2004 290 2032 τὸν
303 2005 404 2032 Λέοντα
424 2004 612 2040 διαπορεύεται
627 2005 655 2030 ὲν
672 2004 788 2039 ἡμέραις
802 2004 852 2031 λα’.

108 2051 154 2077 Ἐν
168 2051 216 2086 μὲν
237 2049 283 2077 οὖν
305 2052 337 2086 τῇ
362 2050 388 2077 α’
409 2050 500 2086 ἡμέρᾳ
525 2050 678 2085 Εὐκτήμονι
706 2049 786 2076 Κύων
805 2050 854 2085 μὲν

64 2095 200 2130 ικφανὴς,
215 2096 308 2129 πνῖγος
319 2096 347 2122 δὲ
361 2095 520 2129 ἐπιγίνεται,
534 2094 718 2129 ἐπισημαίνει.

106 2143 155 2169 Ἐν
166 2142 194 2169 δὲ
256 2145 275 2168 ε’
289 2141 395 2177 Εὐδόξῳ
412 2141 501 2172 Ἀετὸς
518 2141 583 2176 ἑῷος
596 2140 677 2167 δύνει.

106 2188 152 2214 Ἐν
164 2187 192 2213 δὲ
204 2188 236 2222 τῇ
256 2191 270 2213 ι’
288 2187 380 2222 ἡμέρᾳ
392 2186 498 2221 Εὐδόξῳ
509 2186 643 2221 Στέφανος
653 2186 735 2213 δύνει.

106 2233 153 2259 Ἐν
173 2232 202 2258 δὲ
222 2233 255 2267 τῇ
282 2231 314 2266 ιβ’
340 2231 476 2267 Καλίππῳ
498 2231 574 2258 Λέων
597 2230 678 2266 μέσος
702 2229 853 2257 ἀνατέλλων

63 2279 151 2314 πνίγη
165 2278 282 2313 μάλιστα
298 2279 379 2304 ποιεῖ.

106 2325 152 2350 Ἐν
170 2324 198 2350 δὲ
213 2325 247 2360 τῇ
263 2324 292 2350 ιδ’
307 2324 461 2359 Εὐκτήμονι
475 2324 556 2359 πνίγη
570 2324 686 2359 μάλιστα
701 2323 816 2357 γίνεται.

105 2370 151 2396 Ἐν
166 2369 195 2396 δὲ
205 2371 238 2405 τῇ
255 2369 291 2403 ις’
304 2370 396 2406 ἡμέρᾳ
409 2369 514 2406 Εὐδόξῳ
527 2370 709 2405 ἐπισημαίνει,

105 2415 151 2442 Ἐν
166 2416 195 2441 δὲ
213 2417 246 2451 τῇ
264 2416 296 2448 ιζ’
313 2416 467 2451 Εὐκτήμονι
482 2415 558 2451 Λύρα
571 2415 671 2445 δύεται,
687 2415 734 2442 καὶ
747 2415 786 2442 ἔτι
799 2414 850 2446 ὕει,

62 2461 112 2487 καὶ
126 2460 233 2493 ἐτησίαι
245 2460 387 2492 παύονται,
399 2462 446 2488 καὶ
458 2462 552 2493 Ἵππος
567 2462 709 2489 ἐπιτέλλει,

106 2506 152 2532 Ἐν
164 2506 193 2532 δὲ
214 2507 247 2542 τῇ
265 2510 301 2542 ιη’
313 2507 419 2542 Εὐδόξῳ
437 2507 534 2542 Δελφὶς
549 2507 614 2542 ἑῷος
633 2507 715 2535 δύνει.
735 2507 850 2543 Δοσιθέῳ

63 2556 87 2581 1]
91 2555 264 2591 ροτρυγητὴρ
276 2555 424 2590 ἀκρόνυχος
438 2555 580 2582 ἐπιτέλλει.

106 2601 150 2627 Ἐν
166 2601 194 2627 δὲ
215 2602 248 2636 τῇ
266 2600 306 2635 κβ¹
323 2601 428 2636 Εὐδόξῳ
447 2600 521 2636 Λύρα
541 2600 606 2635 ὲῷος
629 2600 710 2632 δύνει,
731 2601 776 2627 καὶ
791 2602 849 2627 ἐπι-

63 2647 202 2682 σημαίνει.

105 2692 149 2718 Ἐν
164 2692 192 2718 δὲ
255 2692 295 2719 κθ¹
308 2693 413 2728 Εὐδόξῳ
429 2691 610 2727 ἐπισημαίνει.
625 2692 760 2729 Καλίππῳ
774 2694 848 2729 Παρ-

63 2736 139 2770 Oho;
155 2737 300 2771 ἐπιτέλλει,
313 2737 496 2773 ἐπισημαίνει.

41 2821 46 2825 ’
98 2826 119 2842 ⁹’
131 2835 173 2861 χο.
187 2825 410 2859 καταλειφθέντα.
451 2826 472 2841 ⁸⁸
490 2835 534 2860 71v.
551 2828 597 2852 νε’,

908 1596 989 1616 mane
1004 1588 1102 1620 oritur,
1118 1591 1146 1616 et
1161 1596 1209 1623 per
1225 1588 1284 1616 dies
1303 1593 1448 1624 sequentes
1465 1589 1585 1624 quinque
1599 1589 1691 1617 etesia:

908 1635 1013 1670 spirant
1032 1644 1039 1662 :
1059 1641 1075 1662 e
1092 1634 1192 1670 quibus
1208 1633 1305 1662 diebus
1324 1634 1403 1670 primi
1423 1634 1542 1670 quinque
1558 1639 1691 1662 vocantur

907 1688 1101 1716 praecursores.
1123 1679 1235 1715 Calippo
1261 1679 1365 1708 Cancer
1388 1681 1505 1713 occidit,
1534 1681 1626 1709 oriens
1640 1681 1689 1708 na-

907 1729 1014 1753 ιυοειις.

940 1770 990 1798 Die
1008 1770 1043 1798 28
1063 1769 1222 1798 Euctemoni
1241 1769 1340 1804 Aquila
1357 1777 1437 1797 mane
1452 1770 1570 1804 occidit;
1587 1775 1687 1806 tempe-

905 1820 962 1844 stas
978 1824 1026 1851 per
1043 1823 1117 1843 mare
1133 1820 1194 1851 post
1208 1816 1351 1843 excitatur.

941 1861 989 1889 Die
1004 1861 1038 1889 50
1054 1861 1166 1896 Calippo
1180 1860 1236 1888 Leo
1252 1861 1347 1896 incipit
1362 1861 1428 1888 oriri
1442 1870 1449 1895 ;
1471 1865 1563 1890 auster
1583 1862 1685 1897 spirat;

905 1911 932 1935 et
949 1907 1032 1935 (lanis
1050 1907 1141 1935 oriens
1160 1907 1188 1934 [it
1204 1907 1379 1942 conspicuus.

940 1953 988 1981 Die
1004 1953 1035 1980 3|
1054 1953 1165 1980 Eudoxo
1182 1956 1275 1980 auster
1291 1953 1385 1987 spirat.

943 1998 1060 2026 Leonem
1081 1998 1122 2026 sol
1139 2002 1265 2033 peragrat
1281 1998 1375 2026 diebus
1391 1998 1434 2025 5|.

939 2046 1032 2073 Primo
1051 2046 1133 2081 igitur
1153 2045 1197 2073 die
1222 2045 1381 2073 Euctemoni
1408 2045 1490 2072 Canis
1510 2044 1619 2079 quidem
1642 2049 1685 2073 est

903 2091 1091 2126 conspicuus:
1107 2093 1168 2125 post
1183 2094 1272 2117 autem
1290 2090 1319 2116 ﬁt
1335 2094 1435 2122 aestus,
1453 2089 1595 2125 signiﬁcat.

940 2137 988 2164 Die
1007 2137 1023 2164 5
1041 2136 1153 2163 Eudoxo
1172 2136 1270 2170 Aquila
1287 2143 1367 2163 mane
1386 2135 1494 2163 occidit.

864 2188 887 2215 Ῑ)
939 2181 988 2210 Die
1005 2182 1038 2209 10
1058 2181 1168 2208 Eudoxo
1183 2181 1290 2209 Corona
1306 2181 1416 2209 occidit.

939 2226 987 2255 Die
1002 2227 1036 2254 12
1049 2226 1162 2262 Calippo
1176 2226 1231 2253 Leo
1244 2226 1350 2254 medius
1365 2227 1456 2254 oriens
1468 2229 1550 2254 aestus
1565 2226 1682 2254 maxime

902 2273 976 2301 facit.

936 2318 984 2349 Die
1001 2318 1034 2345 H-
1051 2317 1209 2346 Euctemoni
1226 2322 1309 2345 aestus
1327 2317 1444 2344 maxime
1461 2316 1541 2345 ﬁunt.

936 2364 984 2392 Die
998 2364 1032 2391 16
1044 2364 1157 2391 Eudoxo
1172 2363 1316 2398 signiﬁcat.

936 2410 983 2438 Die
999 2411 1033 2437 17
1045 2410 1205 2437 Euctemoni
1221 2409 1290 2445 Lyra
1302 2409 1414 2441 occidit.
1430 2415 1456 2437 et
1470 2409 1581 2445 insuper
1596 2411 1680 2445 pluit,

900 2460 927 2484 et
943 2457 1035 2484 etesiae
1048 2459 1176 2483 cessant:
1195 2455 1287 2490 Equus
1303 2456 1398 2483 oritur.

936 2502 985 2530 Die
1000 2503 1033 2530 18
1048 2501 1160 2529 Eudoxo
1177 2501 1326 2537 Delphinus
1339 2509 1419 2530 mane
1431 2501 1540 2530 occidit.
1554 2501 1680 2530 Dositheo

900 2547 1086 2574 Vindemiator
1097 2547 1203 2581 vesperi
1212 2547 1309 2574 oritur.

936 2593 984 2621 Die
999 2593 1035 2620 22
1050 2593 1165 2620 Eudoxo
1181 2592 1251 2628 Lyra
1270 2601 1349 2621 mane
1363 2593 1478 2626 occidit,
1494 2597 1521 2621 et
1535 2591 1677 2628 signiﬁcat.

934 2684 982 2711 Die
1006 2682 1041 2710 29
1062 2681 1175 2710 Eudoxo
1199 2681 1425 2717 signiﬁcationem
1451 2681 1540 2708 habet.
1566 2678 1678 2714 Calippo

899 2730 982 2765 \‘irgo
996 2729 1095 2763 oritur,
1112 2728 1255 2765 signiﬁcat.
