1913 3138
231 170 284 199 859

269 227 407 263 Virginem
424 224 558 261 percurrit
575 224 616 252 sol
631 223 728 251 diebus
744 224 788 251 50.

268 317 316 345 Die
333 317 350 344 5
364 316 475 343 Eudoxo
492 319 589 343 ventus
605 316 691 350 spirat
708 323 841 351 magnus,
860 320 886 343 et
903 315 1014 350 insuper

231 366 318 390 tonat.
336 362 450 397 Calippo
463 362 572 390 humeri
587 361 708 397 Virginis
724 362 863 393 oriuntur,
880 366 907 389 et
923 361 1015 389 etesia:

231 408 348 443 spirant.
693 430 703 440 ,

266 452 314 479 Die
327 453 360 479 10
374 452 534 479 Euclemoni
543 451 732 479 Vindemiator
745 455 856 486 apparet
868 460 875 485 ;
890 452 978 478 oritur
989 454 1016 478 et

230 499 374 529 Arcturus.
384 503 410 526 et
423 498 525 533 Sagitta
540 499 640 526 occidit
653 506 741 526 mane.
755 497 913 533 Tempestas
928 497 957 524 ﬁt
968 505 1016 532 per

231 552 315 571 mare.
345 543 457 571 Eudoxo
474 544 565 580 pluvia
578 563 585 577 ,
606 544 748 576 tonitrua;
775 548 873 572 ventus
899 552 1016 579 magnus

230 590 326 626 spirat.

266 637 315 664 Die
333 637 365 664 l7
380 637 492 671 Calippo
506 635 590 672 Virgo
605 636 694 664 media
709 636 802 664 oriens
817 636 968 672 signiﬁcat,
989 641 1016 664 et

230 681 366 710 Arcturus
383 683 475 710 oriens
491 687 534 710 est
547 683 722 717 conspicuus.

268 761 316 789 Die
330 763 361 789 19
376 761 490 789 Eudoxo
505 762 640 790 Arcturus
658 767 738 790 mane
753 761 852 795 oritur,
864 765 891 789 et
908 770 956 797 per
970 770 1016 790 se-

219 811 348 842 .queutes
362 807 421 834 dies
435 808 450 834 ’1
466 807 572 842 spirant
585 807 676 840 venti,
692 807 827 836 serenitas
841 813 884 835 est
897 807 1016 842 plerum-

231 860 295 888 que.
313 852 446 881 Cessante
464 853 514 881 hoc
532 858 670 888 tempore,
688 857 784 881 ventus
802 853 837 880 ab
854 860 952 880 aurora
969 861 1017 880 ex-

232 898 315 926 sistit.

268 943 316 972 Die
328 944 362 971 20
375 945 508 972 Arcturus
522 944 682 972 Euctemoni
695 945 872 980 conspicuus.
886 944 1016 972 Autumni

232 990 340 1017 initium
352 1010 359 1022 ,
378 995 405 1017 et
419 990 507 1025 Capra
523 990 624 1023 oritur,
641 991 721 1018 stella
736 998 835 1027 magna
850 991 880 1018 in
897 990 1015 1025 Auriga,

232 1039 260 1063 et
276 1035 374 1064 deinde
390 1037 534 1072 signiﬁcat.
551 1036 712 1072 Tempestas
730 1045 778 1073 per
793 1044 879 1065 mare.

270 1125 318 1153 Die
331 1126 367 1152 24
380 1125 494 1160 Calippo
508 1126 585 1161 spica
601 1126 724 1162 Virginis
739 1129 837 1155 oritur.

271 1216 378 1244 Libram
394 1225 434 1244 so.
450 1221 577 1252 peragrat
593 1217 691 1245 diebus
707 1217 750 1245 30.

269 1262 316 1290 Die
331 1263 343 1290 1
363 1262 523 1290 Euctemoni
540 1263 734 1297 aequinoctium
749 1267 908 1291 autumna.e
918 1283 927 1296 ,
940 1267 967 1291 et
981 1263 1020 1291 si-

233 1308 354 1343 gniﬁcat.
372 1308 484 1343 Calippo
509 1307 586 1335 Aries
602 1308 699 1343 incipit
723 1308 859 1337 occidere.
884 1309 1020 1344 Equino-

234 1355 318 1382 ctium
337 1354 504 1381 autumnale.

270 1400 318 1428 Die
331 1401 348 1428 '5
362 1399 520 1427 Euctemoni
536 1399 613 1427 [laedi
626 1400 774 1435 vespertini
787 1399 924 1428 oriuntur.
939 1400 1020 1429 Tem-

235 1451 326 1482 pestas
342 1447 460 1474 exsistit.

271 1492 319 1519 Die
332 1492 349 1519 4
366 1492 477 1519 Eudoxo
492 1492 580 1527 Capra
596 1492 702 1526 vesperi
717 1492 815 1519 oritur.

272 1537 320 1566 Die
335 1538 351 1565 5
365 1537 526 1565 Euctemoni
551 1537 716 1572 vespertinae
740 1541 871 1572 apparent
896 1536 1019 1565 Pleiades

238 1584 272 1611 ab
287 1587 360 1612 ortu.
377 1584 491 1619 Calippo
508 1583 592 1619 Virgo
609 1587 699 1611 cessat
715 1583 793 1612 oriri.

274 1671 323 1699 Die
337 1671 352 1697 7
367 1671 526 1699 Euclemoni
542 1670 650 1699 Corona
667 1671 765 1699 oritur.
782 1670 943 1707 Tempestas
968 1676 1019 1700 est.

273 1764 321 1792 Die
335 1765 352 1792 8
366 1764 477 1792 Eudoxo
490 1765 614 1794 Pleiades
628 1767 763 1795 oriuntur.

274 1811 322 1839 Die
338 1812 371 1838 10
386 1811 500 1839 Eudoxo
516 1833 523 1840 .
540 1833 547 1840 .
565 1832 572 1840 .
588 1820 669 1840 mane
683 1813 782 1841 oritur.

273 1858 321 1886 Die
336 1859 370 1886 12
384 1858 497 1886 Eudoxo
510 1859 641 1894 Scorpius
654 1861 760 1896 vesperi
779 1860 873 1896 incipit
885 1861 1021 1893 occidere,

239 1910 267 1933 et
282 1909 430 1941 tempestas
444 1907 556 1942 insuper
574 1907 672 1940 oritur,
686 1911 712 1934 et
725 1911 822 1935 ventus
837 1907 883 1934 llat
897 1915 1022 1943 magnus.

276 1995 323 2024 Die
339 1996 372 2023 17
389 1996 502 2024 Eudoxo
527 2000 601 2025 totus
625 1996 757 2033 Scorpius
779 1999 910 2033 vesperi;
935 1998 1024 2034 Capra

239 2042 348 2077 penitus
365 2042 475 2070 occidit.
490 2043 604 2079 Calippo
619 2042 714 2072 Chela:
731 2044 866 2080 incipiunt
883 2046 970 2078 oriri,
986 2045 1024 2074 si-

240 2087 381 2122 gniﬁcant.

276 2132 323 2160 Die
340 2133 372 2159 l9
388 2132 501 2160 Eudoxo
516 2133 606 2161 boreae
621 2138 648 2162 et
664 2135 750 2162 austri
765 2135 883 2170 spirant.

277 2178 324 2206 Die
339 2179 374 2205 ‘22
390 2179 501 2206 Eudoxo
518 2179 624 2215 Hyades
639 2181 745 2216 vesperi
761 2182 899 2210 oriuntur.

277 2267 325 2296 Die
339 2268 372 2295 28
387 2267 499 2304 Calippo
514 2269 596 2296 Tauri
611 2270 698 2297 cauda
711 2270 826 2303 occidit',
843 2270 987 2306 signiﬁcat.

277 2357 326 2384 Die
338 2357 373 2384 29
387 2357 499 2385 Eudoxo
516 2358 614 2386 boreas
629 2362 656 2386 et
672 2364 765 2387 auster
777 2360 892 2395 spirant.

278 2403 325 2432 Die
338 2405 372 2432 30
387 2404 546 2432 Euctemoui
564 2413 659 2441 magna
672 2414 723 2441 per
738 2414 814 2434 mare
830 2409 988 2441 tempestas.

279 2492 423 2528 Scorpium
437 2493 478 2521 sol
492 2497 613 2529 permeat
628 2493 725 2522 diebus
739 2494 784 2522 30.

278 2581 325 2610 Die
338 2582 356 2610 '5
370 2581 497 2610 Dositheo
511 2586 662 2618 tempestas
676 2586 729 2610 est.

278 2628 325 2656 Die
337 2629 354 2655 4
367 2628 522 2657 Democrito
532 2629 656 2657 Pleiades
668 2628 796 2656 occidunt
809 2635 916 2656 summo
925 2634 1004 2655 mane
1017 2648 1024 2660 ,

243 2675 315 2702 venti
339 2675 446 2702 hiberni
475 2675 636 2710 plerumque
664 2678 692 2702 et
719 2674 837 2710 frigora.
864 2679 891 2701 et
916 2673 1023 2708 pruina.

726 163 771 191 ΔΙ)
791 161 926 191 EUSEBII
945 159 1142 189 CliRONlCON
1161 155 1344 186 APPENDIX.

1028 226 1049 252 A
1098 218 1152 254 Τὴν
1176 217 1203 243 δὲ
1228 215 1364 252 Παρθένον
1385 211 1572 248 διαπορεύεται
1595 211 1609 236 ὁ
1628 209 1709 244 ἣλιος
1734 208 1766 234 ἒν
1789 208 1857 242 ἡμέ-

1809 147 1859 174 860

1084 274 1126 295 αις
1141 266 1172 290 λ’.

1066 273 1155 337 ραῖΕκῖ
1165 284 1223 345 ⁸μὲν
1248 307 1294 336 οὖν
1314 309 1347 343 τῇ
1370 310 1390 333 ε’
1415 305 1506 341 ἡμέρᾳ⁴
1521 304 1626 339 Εὐδόξῳ
1642 302 1749 337 ἄνεμος
1771 300 1857 335 μέγας

1064 356 1136 386 πνεῖ,
1151 355 1197 380 καὶ
1213 353 1367 388 ὲπιΰροντᾷ.
1384 350 1518 385 Καλίππῳ
1532 349 1560 376 δὲ
1574 349 1598 375 οἱ
1617 345 1690 382 ὦμοι
1709 346 1762 381 τῆς
1785 345 1857 380 Παρ-

1065 399 1140 426 θένου
1157 398 1334 428 ἐπιτέλλουσι,
1349 396 1396 423 καὶ
1409 395 1514 430 ἐτησίαι
1532 393 1658 421 πνέουσιν
1674 392 1709 419 ⁵⁵,

1106 445 1149 472 Ἐν
1168 444 1195 471 δὲ
1213 445 1247 479 τῇ
1265 446 1279 470 ι’
1300 441 1392 478 ἡμέρᾳ
1406 440 1559 475 Εὐκτήμονι
1573 435 1779 476 Προτρυγητὴρ
1795 436 1856 470 φαε-

1065 498 1158 517 νεται·
1184 489 1317 517 ἐπιτέλλει
1342 489 1371 515 δὲ
1395 488 1442 514 καὶ
1469 485 1648 522 Ἀρκτοῦρος·
1671 484 1722 510 καὶ
1754 483 1856 514 Ὀῐστὺς

1064 536 1156 563 δύεται
1172 535 1282 571 ὄρθρου.
1304 532 1414 569 Χειμὼν
1428 532 1498 559 κατὰ
1516 531 1662 558 Θάλασσαν.
1688 529 1802 564 Εὐδόξῳ
1815 529 1857 555 ὐε-

1065 581 1120 614 τὺς,
1136 581 1255 617 βρονταὶ⁷
1275 581 1298 596 ⁸⁵
1314 580 1413 615 ἄνεμος
1431 578 1516 614 μέγας
1533 578 1604 604 πνεῖ.

1106 627 1150 654 Ἐν
1169 627 1197 653 δὲ
1222 628 1255 662 τῇ
1281 625 1315 658 ιζ’
1331 625 1466 660 Καλίππῳ
1486 622 1623 659 Παρθένος
1648 621 1721 656 μέση
1752 620 1855 646 ἐπιτέλ-

1064 673 1148 700 λουσα
1168 672 1354 708 ἐπισημαίνει,
1375 671 1423 698 καὶ
1443 668 1606 705 ’Λρκτοῦρος
1628 667 1790 695 ἀνατέλλων
1813 675 1858 701 φα-

1066 719 1155 755 νερός.

1107 764 1153 791 Ἐν
1169 764 1198 790 δὲ
1211 765 1244 800 τῇ
1264 763 1296 790 ιϐ’
1312 762 1417 798 Εὐδόξῳ
1437 761 1598 798 Ἀρκτοῦρος
1619 759 1688 795 ἑῷος
1711 758 1855 787 ἐπιτέλλει,

1066 810 1114 837 καῖ⁵
1130 809 1180 842 τὰς
1196 809 1333 845 ἑπομένας
1347 808 1451 844 ἡμέρας
1470 808 1491 839 ζ’
1514 807 1608 842 ἄνεμοι
1627 805 1772 836 πνέουσιν,
1786 803 1858 830 εὐδξα

1066 855 1104 887 ὡς
1123 854 1157 881 τὰ
1187 854 1281 881 πολλά.
1312 854 1448 889 Λήγοντος
1470 852 1498 879 δὲ
1524 851 1570 878 τοῦ
1594 850 1704 885 χρόνου,
1731 849 1782 876 ἀπ’
1797 849 1859 883 ἠοῦς

1035 891 1054 919 Β
1068 899 1176 935 πνεῦμα
1195 899 1310 933 γίνεται.

1106 944 1150 970 Ἐν
1164 943 1192 970 δὲ
1206 945 1238 979 τῇ
1249 947 1272 970 κ’
1285 942 1448 979 Ἀρκτοῦρος
1465 942 1619 976 Εὐκτήμονι
1638 940 1777 974 ἐκφανής.
1793 939 1860 965 Μετ-

1068 989 1175 1025 οπώρου
1204 989 1286 1025 ἀρχὴ,
1303 989 1351 1016 καὶ
1371 989 1420 1022 Αἲξ
1439 987 1583 1020 ἐπιτέλλει,
1606 985 1695 1021 ἀστὴρ
1711 984 1803 1020 μέγας
1819 985 1859 1010 ἐπὶ

1066 1034 1113 1061 τοῦ
1140 1035 1273 1070 Ἦνιόχου,
1298 1035 1414 1062 κᾶπειτα
1437 1033 1622 1069 ἐπισημαίνει.
1649 1031 1766 1066 Χειμὼν
1794 1030 1860 1057 κατᾶ

1067 1081 1215 1109 θάλασσαν.

1108 1128 1152 1154 Ἐν
1166 1127 1194 1153 δὲ
1214 1128 1247 1163 τῇ
1271 1127 1309 1153 κδ’
1329 1126 1422 1162 ἡμέρᾳ
1437 1124 1574 1159 Καλιππῳ
1598 1123 1704 1158 στάχυς
1725 1122 1859 1149 Exi-.513:

1067 1173 1116 1209 τῆς
1132 1172 1282 1208 Παρθένου.

1103 1218 1155 1245 Τὸν
1171 1218 1199 1245 δὲ
1220 1217 1301 1252 ζυγὺν
1321 1216 1510 1253 διαπορεύεται
1527 1217 1542 1242 ό
1558 1215 1636 1251 ἥλιος
1651 1215 1681 1241 ἐν
1694 1215 1818 1250 ἡμέραις
1829 1214 1857 1239 λ’.

1110 1265 1153 1291 Ἐν
1166 1264 1193 1291 δὲ
1207 1266 1240 1300 τῇ
1255 1263 1347 1300 πρώτῃ
1369 1262 1459 1299 ἡμέρᾳ
1472 1263 1625 1298 Εὐκτήμονι
1640 1260 1779 1296 ἱσημερὶα
1799 1268 1858 1294 μετ-

1066 1309 1198 1347 οπωρινή,
1218 1310 1263 1336 καὶ
1282 1308 1465 1344 ἐπισημαίνει,
1482 1307 1618 1343 Καλίππῳ
1632 1307 1646 1333 ὁ
1668 1305 1758 1341 spe;
1779 1305 1857 1340 ἄρχεο

1069 1366 1112 1384 ται
1128 1357 1225 1383 δύνειν.
1249 1355 1389 1391 Ἰσημερία
1407 1354 1589 1390 μετοπωρινή.

1111 1403 1155 1430 Ἐν
1168 1403 1196 1429 δὲ
1209 1403 1242 1438 τῇ
1256 1405 1278 1436 γ’
1292 1401 1445 1436 Εὐκτήμονι
1459 1400 1567 1436 Ἐριφοι
1584 1398 1777 1425 ἐπιτέλλουσιν
1787 1397 1850 1425 ἐστ-ἑ

1072 1458 1133 1486 ριοι.
1148 1449 1301 1483 Χειμαίνει.

1111 1496 1155 1521 Ἐν
1168 1495 1196 1521 δὲ
1209 1496 1242 1529 τῇ
1256 1494 1276 1522 δ’
1292 1492 1398 1528 Εὐδόξῳ
1414 1492 1463 1525 Αἲξ
1479 1492 1628 1527 ἀκρόνυχος
1644 1491 1795 1517 ἐπιτέλλει.

1112 1541 1156 1567 Ἐν
1172 1540 1201 1567 δὲ
1214 1542 1246 1575 τῇ
1261 1543 1281 1566 ε’
1295 1539 1449 1574 Εὐκτήμονι
1464 1537 1592 1569 Πλειάδες
1609 1535 1740 1572 ἑσπέριαι
1758 1535 1859 1570 φαίνον-

1070 1595 1114 1614 ται
1129 1588 1161 1613 ἐκ
1181 1586 1227 1613 τοῦ
1242 1586 1310 1622 πρὸς
1330 1586 1376 1612 Eoo.
1393 1585 1530 1619 Καλίππῳ
1551 1582 1690 1614 Παοθὲνος
1705 1582 1785 1617 λήγει
1802 1581 1860 1607 ἀνα-

1070 1631 1212 1658 τέλλουσα.

1112 1678 1157 1706 Ἐν
1174 1678 1202 1704 δὲ
1225 1679 1257 1713 τῇ
1278 1677 1298 1709 ζ’
1315 1677 1405 1712 ἡμέρᾳ
1426 1676 1580 1711 Εὐκτήμονι
1594 1674 1734 1709 Στέφανος
1751 1672 1858 1700 ἀνατέλ-

1071 1724 1123 1751 λει.
1135 1723 1286 1759 Χειμαὶνει.
1613 1724 1617 1727 ⁴

1113 1770 1157 1796 Ἐν
1169 1769 1198 1795 δὲ
1211 1770 1244 1804 τῇ
1261 1769 1285 1804 η’
1302 1767 1407 1802 Εὐδόξῳ
1421 1766 1549 1798 Πλειάδες
1559 1765 1758 1792 ἐπιτέλλουσιν.

1115 1815 1158 1842 Ἐν
1177 1815 1204 1842 δὲ
1224 1816 1257 1850 τῇ
1272 1818 1287 1841 ι’
1302 1813 1440 1849 Εὐδόξῳ...
1456 1813 1521 1848 ἑῷος
1538 1811 1683 1839 ἐπιτέλλει.

1072 1863 1075 1865 λ
1113 1861 1157 1888 Ἐν
1171 1861 1199 1887 δὲ
1216 1862 1248 1897 τῇ
1270 1862 1302 1895 ιβ’
1322 1860 1413 1896 ἡμέρᾳ
1436 1858 1542 1893 Εὐδόξῳ
1559 1857 1694 1893 Σκορπίος
1714 1855 1860 1892 ἀκρόνυπ

1072 1908 1185 1943 ἄρχεται
1200 1906 1298 1938 δύνειν,
1316 1906 1363 1932 καὶ
1377 1905 1478 1941 χειμὼν
1499 1904 1669 1939 ἐπιγίνεται,
1695 1903 1743 1929 καὶ
1765 1902 1861 1936 ἄνεμος

1075 1953 1162 1988 μέγας
1175 1953 1246 1978 πνεῖ.

1115 1999 1158 2025 Ἐν
1184 1998 1212 2024 δὲ
1235 1999 1268 2033 τῇ
1287 1997 1319 2029 ιζ’
1335 1996 1442 2032 Εὐδόξῳ
1456 1995 1590 2032 Σκορπίος
1611 1995 1672 2027 ὅλος
1691 1995 1858 2030 ἀκρόνυχος·

1073 2044 1122 2078 Αἲξ
1142 2043 1209 2075 ὅλως
1226 2043 1308 2070 δύνει.
1326 2043 1464 2078 Καλιππῳ
1485 2041 1574 2076 Χηλαὶ
1597 2041 1728 2076 ἄρχονται
1751 2040 1861 2067 ἀνατέλ-

1073 2090 1130 2116 λειν
1142 2098 1148 2104 ·
1167 2089 1249 2124 ὲπιση
1255 2088 1404 2124 μαίνουσιν.

1119 2133 1164 2159 Ἐν
1179 2132 1206 2159 δὲ
1221 2133 1254 2167 τῇ
1270 2132 1303 2158 ιϐ’
1317 2131 1424 2166 Εὐδόξῳ
1441 2130 1532 2166 βορέαι
1545 2129 1591 2156 καὶ
1607 2129 1678 2156 νότοι
1692 2127 1827 2155 πνέουσιν.

1113 2179 1156 2205 Ἐν
1180 2178 1209 2205 δὲ
1233 2179 1265 2213 τῇ
1283 2177 1325 2213 κβ¹
1345 2177 1451 2212 Εὐδόξῳ
1471 2177 1566 2208 Ὑάδες
1588 2175 1734 2212 ἀκρόνυχοι
1758 2175 1861 2201 ἐπιτέλ-

1042 2234 1064 2262 D
1079 2225 1181 2252 λουσιν.

1116 2271 1160 2297 Ἐν
1172 2270 1200 2296 δὲ
1214 2271 1247 2306 τῇ
1267 2273 1309 2305 κη’
1324 2268 1460 2304 Καλῑππῳ
1474 2267 1522 2295 τοῦ
1536 2267 1644 2303 Ταύρου
1665 2267 1765 2302 κέρκος
1782 2266 1859 2296 δύνει,

1077 2317 1157 2352 ὲπιση
1163 2315 1262 2351 μαίνει.

1115 2362 1158 2388 Ἐν
1170 2362 1197 2389 δὲ
1213 2363 1245 2397 τῇ
1263 2360 1302 2388 κη’
1318 2361 1424 2396 Εὐδόξῳ
1444 2360 1540 2396 βορέας
1566 2360 1614 2386 καὶ
1634 2359 1711 2390 νότος
1728 2359 1858 2385 πνέουσιν.

1115 2408 1160 2434 Ἐν
1171 2407 1199 2434 δὲ
1212 2408 1246 2443 τῇ
1263 2407 1284 2433 λ’
1296 2407 1449 2442 Εὐκτήμονι
1459 2405 1562 2442 χειμὼν
1578 2404 1652 2432 κατὰ
1662 2404 1799 2431 Θάλασσαν
1813 2413 1856 2430 πο-

1076 2453 1134 2485 λύς.

1113 2499 1165 2525 Τὸν
1187 2499 1216 2525 δὲ
1239 2498 1371 2534 Σκορπιον
1389 2498 1404 2524 ό
1427 2497 1502 2532 ἥλιος
1528 2495 1722 2532 διαπορεύεται
1746 2495 1775 2521 ὲν
1799 2494 1858 2530 ἡμέ-

1081 2551 1140 2579 ραις
1151 2541 1183 2570 λ’.

1120 2591 1164 2617 Ἐν
1181 2590 1230 2626 μὲν
1245 2587 1290 2616 οὖν
1301 2591 1334 2626 τῇ
1349 2589 1428 2625 τρίτῃ
1441 2588 1558 2624 Δοσιθέῳ
1575 2587 1724 2624 χειμαίνει.

1116 2636 1160 2662 Ἐν
1174 2635 1202 2662 δὲ
1215 2637 1248 2671 τῇ
1265 2635 1285 2662 δ’
1305 2636 1394 2671 ἡμέρᾳ
1410 2635 1573 2671 Δημοκρίτῳ
1593 2633 1725 2665 Πλειάδες
1746 2632 1858 2660 δύνουσιν

1079 2681 1137 2716 ἅμα
1153 2682 1211 2716 ἠοῖ·
1227 2681 1322 2716 ἄνεμοι
1339 2680 1471 2715 χειμέριοι
1485 2680 1522 2712 ὡς
1542 2679 1577 2706 τὰ
1592 2678 1690 2709 πολλὰ,
1713 2679 1761 2705 καὶ
1782 2678 1856 2712 ψύχη.

246 2719 319 2747 Solet
335 2721 401 2748 oriri
418 2720 507 2748 ﬂatus.
525 2720 600 2748 Folia
617 2721 737 2755 abjicere
752 2719 871 2747 maxime
892 2719 1014 2753 iudpiun

1092 2726 1127 2761 ιδη
1145 2726 1191 2752 καὶ
1202 2727 1300 2761 πάχνη.
1311 2726 1450 2752 Ἐπιπνεῖν
1462 2724 1541 2759 φιλεῖ.
1556 2724 1737 2759 Φυλλορροεῖν
1757 2724 1858 2758 ἄρχεται

246 2765 370 2794 arbores.
387 2766 500 2801 Calippo
517 2766 621 2801 Scorpii
641 2766 716 2794 frons
732 2766 821 2792 oritur
838 2773 900 2792 cum
917 2764 993 2792 ﬂatu.

279 2873 300 2888 “
320 2881 362 2907 ατ).
376 2873 511 2907 λήγονται.

1077 2772 1111 2799 τὰ
1122 2772 1217 2807 δένδρα
1235 2773 1361 2807 μάλιστα.
1376 2771 1512 2805 Καλίππῳ
1527 2770 1573 2797 τοῦ
1599 2770 1736 2806 Σκορπίου
1758 2769 1787 2796 τὸ
1803 2768 1857 2795 αέτ-

1079 2826 1150 2844 ωπον
1170 2818 1313 2850 ἐπιτέλλει,
1334 2817 1524 2852 πνευματιῖζδες
1538 2817 1569 2843 ⁸⁸.

552 2874 571 2889 ’5
593 2883 634 2908 π.
656 2873 762 2911 βροντᾷ.
803 2873 823 2889 ‘5‘
839 2872 1075 2908 1-pmvaaub6n.
