1902 3143
72 161 111 189 861

570 159 690 189 GEMINI
715 159 901 190 ELEHENTA
921 162 1168 192 ASTRONOML‘E.

1624 155 1678 186 86‘!

106 215 144 242 Ἐν
158 214 186 241 δὲ
203 215 236 250 τῇ
257 213 277 241 ε’
290 214 444 251 Εὐκτήμονι
464 217 626 253 Ἀρκτοῦρος
648 218 774 254 ἑσπέριος
788 217 844 245 5:36-

932 220 977 249 Die
992 221 1009 249 5
1022 220 1182 249 Euclemoni
1200 220 1334 248 Arcturus
1359 219 1466 255 vesperi
1483 217 1600 249 occidit,
1619 225 1677 244 ma-

71 270 118 293 ται,
132 260 176 288 καὶ
194 260 288 296 ἄνεμοι
307 261 419 296 μεγάλοι
430 262 564 290 πνέουσιν.

107 307 146 333 Ἐν
159 306 186 332 δὲ
197 307 230 342 τῇ
241 309 265 341 η’
277 306 383 341 Εὐδόξῳ
400 307 560 344 Ἀρκτοῦρος
575 309 723 345 ἀκρόνυχος
740 309 844 344 πρωῖας

72 352 143 382 δύνει,
158 352 203 378 καὶ
223 352 410 387 ἐπισημαίνει,
424 354 471 380 καὶ
485 354 583 389 ἄνεμος
596 356 666 382 πνεῖ.

106 395 144 423 Ἐν
157 396 184 422 δὲ
198 397 230 431 τῇ
248 395 271 422 Θ¹
285 396 422 433 Καλίππῳ
449 397 496 424 τοῦ
511 398 617 434 Ταύρου
644 398 716 425 δύνει
741 398 844 434 κεφαλὴ

74 442 132 478 ἑῴα·
149 442 220 468 ὑετοί
235 442 268 469 ⁸⁷.

108 488 146 514 Ἐν
157 487 186 513 δὲ
201 489 233 523 τῇ
250 491 266 514 ι’
285 488 439 523 Εὐκτήμονι
453 488 530 524 Λύρα
551 489 617 524 ἑῷος
637 489 783 521 ἐπιτέλλει,
799 489 847 515 καὶ

74 533 268 569 ἐπιχειμάζεται
284 534 365 570 ὑετῷ.

109 581 149 607 Ἐν
163 581 191 607 δέ
212 581 245 617 τῇ
268 580 300 616 ιβ’
321 580 427 617 Εὐδόξῳ
447 581 542 616 Ὠρίων
564 582 714 617 ἀκρόνυχος
734 581 847 617 ἄρχεται

74 626 184 652 ὲπιτέλλε
189 635 224 653 ιν.

110 672 149 699 Ἐν
160 672 189 698 δὲ
202 673 233 708 τῇ
249 672 283 707 ιγ’
296 672 457 708 Δημοκρίτῳ
467 672 543 708 Λύρα
559 673 696 700 ἐπιϐάλλει
710 673 767 708 ἅμα
780 672 847 708 ἡλίῳ

75 717 200 752 ἀνίσχοντι
211 725 218 733 ⁸
236 717 282 744 καὶ
297 719 312 744 ό
332 718 384 754 ἀὴρ
404 718 558 755 χειμερινὸς
576 718 680 752 γίνεται
695 718 732 750 ὼς
753 719 799 745 ἐπὶ
813 717 848 744 τὰ

76 763 158 791 πολλά.

112 810 151 836 Ἐν
167 809 196 836 δὲ
211 810 244 845 τῇ
258 809 287 836 ιδ’
307 809 412 845 Εὐδόξῳ
431 810 518 837 ὑετία.

111 856 151 882 Ἐν
161 855 189 882 δὲ
203 857 236 891 τῇ
253 859 281 881 ιε’
294 856 447 891 Εὐκτήμονι
461 855 589 887 Πλειάδες
601 854 719 887 δύνουσι,
734 854 780 881 καὶ
793 855 850 881 ἑπι-

896 268 997 303 gnique
1012 267 1118 302 spirant
1132 266 1216 294 venti.

932 313 980 341 Die
1006 313 1023 341 8
1050 313 1163 340 Eudoxo
1188 312 1323 340 Arcturus
1345 312 1372 339 in
1392 311 1565 338 extremitate
1588 310 1678 337 noctis

897 367 977 387 mane
991 359 1091 386 occidit
1104 378 1111 390 ,
1126 362 1153 386 et
1167 357 1319 393 signiﬁcat;
1336 362 1433 384 ventus
1446 357 1542 391 spirat.

937 405 984 433 Die
998 405 1015 432 9
1029 405 1143 440 Calippo
1156 404 1239 432 Tauri
1254 408 1336 439 caput
1348 402 1449 430 occidit
1462 409 1539 429 mane
1551 411 1558 435 ς
1573 401 1677 436 pluviae.

934 495 982 523 Die
996 495 1029 522 10
1044 494 1204 523 Euctemoni
1218 494 1287 530 Lyra
1303 502 1382 522 mane
1394 495 1491 526 oritur,
1507 497 1588 528 atque
1603 494 1679 520 insu-

900 548 947 576 per
963 541 1049 568 hiems
1063 545 1105 568 est
1122 549 1183 568 cum
1199 541 1298 576 pluvia.

934 586 983 615 Die
1000 587 1033 614 12
1047 586 1161 615 Eudoxo
1177 586 1261 614 Orion
1278 586 1382 621 vesperi
1396 585 1491 621 incipit
1504 585 1581 613 oriri.

936 683 984 710 Die
1001 683 1033 710 15
1049 682 1207 710 Democrito
1232 681 1300 718 Lyra
1325 680 1447 709 ascendit
1468 688 1521 707 una
1542 687 1603 706 cum
1625 679 1681 706 sole

900 729 955 764 38
964 730 1085 762 oriente,
1106 733 1133 756 et
1149 737 1195 757 aer
1213 729 1242 756 ﬁt
1257 732 1457 763 tempestuosus
1476 727 1645 762 plerumque.

936 821 984 849 Die
999 822 1033 849 M
1047 821 1160 849 Eudoxo
1175 825 1217 849 est
1233 821 1332 856 pluvia.

939 866 986 894 Die
1000 867 1034 894 15
1056 866 1216 894 Euctemoui
1232 866 1355 894 Pleiades
1370 867 1500 894 occidunt
1512 887 1519 900 ,
1534 871 1561 895 et
1577 867 1682 903 signiﬁ-

77 902 205 937 σημαίνει,
231 902 278 928 καὶ
299 901 395 937 Ὠρίων
411 902 523 937 ἄρχεται
545 901 592 928 καὶ
608 900 732 937 μεσοῦντι
747 901 794 927 καὶ
810 900 853 936 λή-

932 915 978 939 uit.
1000 911 1084 938 Orion
1101 911 1197 946 incipit
1214 918 1275 938 cum
1294 911 1384 938 medio
1399 898 1517 943 mensey
1531 914 1587 938 tum
1603 898 1682 937 llesi-

76 957 141 983 τοντι
159 947 357 984 ἐπιχειμάζειν.

112 994 152 1020 Ἐν
164 994 194 1021 δὲ
210 995 244 1029 τῇ
260 997 297 1026 ις’
310 992 446 1028 Καλιππῳ
462 993 476 1019 6
492 993 520 1020 ἐν
534 993 574 1028 τῷ
589 992 715 1028 Σκορπίῳ
730 992 854 1028 λαμπρὸς

75 1039 154 1075 ἀστὴρ
165 1039 316 1071 ἀνατέλλει,
333 1038 521 1073 ἐπισημαίνει·
543 1039 590 1066 καὶ
608 1038 737 1069 Πίλειάδες
748 1038 854 1065 δύνουσι

76 1093 135 1118 (pave
140 1084 193 1119 ραί.

113 1131 153 1158 Ἐν
167 1131 197 1158 δὲ
214 1133 248 1167 τῇ
267 1134 299 1166 ιη’
317 1131 423 1166 Εὐδόξῳ
437 1131 569 1166 Σκορπίος
580 1130 693 1167 ἄρχεται
707 1131 855 1158 ἐπιτέλλειν

77 1177 145 1212 ἑῷος.

113 1224 153 1250 Ἐν
166 1224 194 1251 δὲ
205 1225 241 1259 τῇ
257 1224 288 1250 ιϐ’
312 1223 418 1258 Εὐδόξῳ
439 1223 567 1254 Πλειάδες
586 1223 650 1258 ἑῷαι
666 1222 772 1250 δύνουσι
784 1231 791 1239 ·
810 1223 856 1250 καὶ

82 1268 169 1303 Ὠρίων
184 1269 297 1304 ἄρχεται
311 1269 408 1300 δύνειν,
423 1269 470 1294 καὶ
486 1269 624 1304 χειμάζει.

114 1314 154 1341 Ἐν
169 1315 197 1341 δὲ
211 1316 245 1350 τῇ
262 1317 305 1340 κα¹
316 1314 422 1350 Εὐδόξῳ
435 1314 511 1350 Λύρα
526 1314 593 1349 ἑῷος
606 1314 751 1342 ἐπιτέλλει.

113 1360 153 1386 Ἐν
167 1360 195 1387 δὲ
211 1362 244 1396 τῇ
258 1359 298 1393 κζ’
319 1361 471 1396 Εὐκτήμονι
488 1360 580 1392 Ὑάδες
594 1359 716 1387 δύνονται
729 1369 736 1376 ’
754 1359 801 1387 καὶ
815 1360 856 1386 ἑτι

77 1405 123 1432 ὕει.

114 1451 154 1477 Ἐν
165 1452 192 1478 δὲ
209 1453 242 1487 τῇ
257 1451 299 1487 κη’
314 1451 450 1487 Καλίππῳ
461 1451 507 1478 τοῦ
521 1451 627 1487 Ταύρου
639 1451 673 1478 τὰ
687 1451 789 1488 κέρατα
802 1451 860 1478 δύε-

77 1503 115 1522 ται
124 1504 130 1511 ·
145 1497 237 1523 ὐετίατ

113 1541 154 1568 Ἐν
172 1542 201 1569 δὲ
217 1543 251 1577 τῇ
267 1540 308 1568 κθ¹
320 1541 427 1577 Εὐδόξῳ
448 1541 543 1573 Ὑάδες
554 1541 672 1572 δύνουσι,
686 1540 733 1567 καὶ
750 1540 857 1576 χειμαί-

76 1596 112 1614 νει
124 1588 238 1623 σφόδρα.

109 1635 158 1661 Τὸν
183 1635 212 1661 δὲ
242 1634 358 1669 Τοξότην
383 1634 397 1660 ό
420 1633 495 1668 ἥλιος
522 1632 710 1667 διαπορεύεται
734 1633 762 1659 ὲν
793 1632 860 1668 ἡμέ-

78 1688 133 1713 ραις
150 1679 203 1707 κδ’.

114 1726 157 1752 Ἐν
175 1726 226 1762 μὲν
242 1723 288 1752 οὖν
306 1726 339 1761 τῇ
359 1724 457 1760 ἐὸδόμῃ
482 1725 638 1759 Εὐκτήμονι
660 1723 741 1750 Κύων
757 1722 859 1755 δύεται,

75 1772 118 1798 καὶ
139 1771 322 1807 ἐπιχειμὰζει.
347 1770 482 1806 Καλίππῳ
498 1772 512 1797 ό
528 1771 644 1805 Τοξότης
665 1769 778 1806 ἄρχεται
800 1770 862 1796 ἁνα-

76 1817 173 1845 -ιέλλειν
185 1827 193 1834 ·
208 1818 257 1845 καὶ
274 1817 368 1852 Ὠρίων
383 1817 472 1844 δύνειν
484 1816 617 1852 φανερῶς.
637 1815 790 1851 Χειμαίνει.

113 1863 156 1890 Ὲν
173 1863 203 1890 δὲ
220 1864 254 1898 τῇ
269 1866 293 1898 η’
309 1862 414 1898 Εὐδόξῳ
433 1861 528 1898 Ὠρίων
541 1861 607 1896 ἑῷος
620 1861 702 1888 δύνει.

114 1907 158 1934 Ἐν
172 1908 203 1934 δὲ
219 1909 252 1943 τῇ
271 1910 286 1933 ι’
301 1908 454 1942 Εὐκτήμονι
479 1905 527 1933 τοῦ
542 1906 675 1942 Σκορπίου
698 1906 729 1932 τὸ
751 1905 862 1940 κέντρον

75 1953 220 1980 ἐπιτέλλει.

113 1998 157 2024 Ἐν
177 1999 207 2025 δὲ
224 2000 259 2034 τῇ
285 1998 316 2033 ιβ’
330 1998 436 2033 Εὐδόξῳ
453 1997 533 2024 Κύων
555 1997 621 2031 ἑῷος
644 1997 729 2029 δύνει,
755 1997 862 2032 χειμαί-

75 2053 123 2071 νει.

113 2091 156 2118 Ἐν
174 2091 205 2117 δὲ
218 2091 253 2126 τῇ
270 2090 300 2116 ιδ’
317 2089 423 2125 Εὐδόξῳ
439 2089 526 2120 ὑετός.

111 2137 155 2164 Ἐν
177 2137 208 2163 δὲ
230 2138 264 2172 τῇ
286 2139 315 2162 ιε’
338 2136 490 2172 Εὐκτήμονι
508 2134 597 2166 Ἀετὸς
620 2133 764 2165 ἐπιτέλλει,
780 2133 864 2167 ,νότος

76 2183 144 2208 πνεῖ.

903 961 984 984 neute
995 976 1002 988 ,
1019 959 1208 990 tempestatem
1223 956 1352 983 excitare.

938 1000 986 1028 Die
1004 1000 1037 1027 16
1051 1000 1165 1035 Calippo
1181 999 1322 1035 splendida
1335 1000 1361 1027 in
1374 999 1487 1034 Scorpio
1498 999 1575 1026 stella
1587 999 1685 1032 oritur,

904 1047 1041 1082 signiﬁcat
1056 1055 1064 1079 ;
1080 1050 1107 1074 et
1119 1046 1247 1074 Pleiades
1262 1046 1391 1073 occidunt
1406 1049 1578 1081 apparenter.

940 1134 988 1162 Die
1004 1135 1038 1162 18
1054 1134 1168 1161 Eudoxo
1184 1133 1317 1169 Scorpius
1332 1132 1428 1167 incipit
1444 1131 1509 1159 oriri
1527 1138 1617 1158 mane.

941 1225 989 1253 Die
1002 1226 1035 1253 19
1048 1224 1163 1252 Eudoxo
1176 1224 1300 1252 Pleiades
1312 1231 1390 1250 mane
1404 1222 1531 1251 occidunt
1545 1231 1552 1256 ;
1566 1227 1592 1250 et
1605 1220 1689 1250 Orion

906 1271 1000 1306 incipit
1016 1271 1155 1302 occidere.
1171 1273 1198 1298 et
1213 1273 1400 1305 tempestatem
1416 1268 1525 1296 excitat.

941 1317 989 1346 Die
1001 1317 1031 1344 21
1049 1317 1161 1344 Eudoxo
1178 1317 1246 1352 Lyra
1264 1323 1344 1343 mane
1357 1315 1454 1342 oritur.

942 1363 990 1390 Die
1004 1363 1039 1389 27
1056 1362 1216 1390 Euctemoni
1241 1361 1349 1397 Hyades
1375 1360 1522 1392 occidunt,
1545 1363 1628 1394 atque
1648 1359 1691 1385 in-

908 1415 990 1442 super
1005 1407 1084 1442 pluit.

944 1453 993 1480 Die
1015 1453 1051 1480 28
1076 1452 1189 1488 Calippo
1216 1451 1299 1479 Tauri
1327 1459 1429 1479 cornua
1453 1450 1602 1482 occidunt;
1619 1453 1645 1476 et
1663 1447 1693 1474 ﬁt

908 1499 1008 1535 pluvia.

946 1545 993 1573 Die
1007 1545 1042 1573 29
1059 1544 1172 1572 Eudoxo
1189 1543 1297 1580 Hyades
1313 1543 1441 1570 occidunt
1455 1552 1462 1576 ;
1480 1546 1506 1569 et
1531 1548 1628 1576 magna
1651 1543 1694 1567 est

910 1596 1068 1626 tempestas.

947 1637 1122 1674 Sagittarium
1139 1636 1180 1664 sol
1197 1635 1333 1671 percurrit
1348 1634 1445 1662 diebus
1460 1633 1505 1661 29.

947 1725 995 1753 Die
1018 1725 1033 1752 7
1058 1725 1215 1752 Euctemoni
1238 1724 1319 1751 Canis
1341 1723 1459 1756 occidit,
1476 1727 1557 1757 atque
1581 1721 1695 1756 insuper

913 1772 941 1798 ﬁt
957 1775 1118 1806 tempestas.
1141 1770 1254 1805 (Jalippo
1272 1768 1438 1805 Sagittarius
1456 1768 1551 1802 incipit
1567 1767 1651 1801 oriri,
1668 1771 1695 1794 et

912 1817 997 1845 Orion
1012 1817 1138 1845 occidere
1153 1820 1326 1852 apparenter.
1344 1815 1437 1842 Oritur
1451 1818 1612 1849 tempestas.

947 1862 995 1890 Die
1010 1864 1025 1890 8
1039 1862 1151 1889 Eudoxo
1166 1862 1249 1889 Orion
1263 1869 1343 1889 mane.
1358 1859 1468 1887 occidit.

948 1908 997 1936 Die
1011 1908 1045 1935 10
1059 1907 1217 1935 Euctemoni
1233 1907 1338 1942 Scorpii
1355 1906 1467 1932 aculeus
1480 1904 1575 1932 oritur.

913 2000 920 2032 ζ
949 1996 997 2023 Die
1009 1997 1043 2023 12
1054 1995 1167 2023 Eudoxo
1177 1995 1261 2023 Canis
1271 2002 1352 2022 mane
1364 1993 1481 2026 occidit,
1496 1993 1524 2020 ﬁt
1538 1995 1688 2024 tempestas

949 2085 998 2113 Die
1013 2085 1046 2112 14
1063 2085 1175 2112 Eudoxo
1187 2088 1230 2112 est
1244 2083 1346 2116 pluvia.

950 2131 1000 2158 Die
1015 2131 1048 2159 15
1064 2130 1222 2158 Euclemoni
1239 2129 1337 2164 Aquila
1351 2128 1450 2161 oritur,
1467 2128 1513 2155 ﬁat
1527 2131 1629 2155 auster.

113 2228 157 2255 ’Ev
183 2228 213 2255 δὲ
236 2229 270 2264 τῇ
294 2231 332 2260 ις’
354 2227 517 2262 Δημοκρίτῳ
542 2226 632 2257 Ἀετὸς
653 2225 785 2252 ἐπιτέλλει
808 2225 853 2260 ap:

953 2228 1002 2256 Die
1016 2228 1049 2256 16
1065 2228 1219 2256 Democrito
1232 2226 1330 2262 Aquila
1346 2227 1435 2254 oritur
1450 2225 1530 2253 simul
1545 2232 1607 2252 cum
1623 2224 1680 2251 sole
1691 2245 1699 2256 ,

74 2273 149 2308 ήλίῳ,
168 2274 218 2300 καὶ
242 2272 432 2308 ὲπισημαίνειν
458 2271 530 2306 φιλεῖ
551 2270 672 2306 βροντὴν,
697 2271 743 2297 καὶ
763 2271 865 2305 ἀστρα-

74 2320 136 2355 πήν,
162 2320 214 2347 καὶ
236 2319 313 2346 ὕδατι
334 2319 351 2354 ἢ
376 2318 481 2353 ἀνέμῳ.
501 2317 517 2353 ἢ
540 2317 681 2352 ἀμφότερα
703 2316 740 2348 ὡς
761 2316 807 2342 ἐπὶ
830 2315 864 2342 τὰ

75 2366 169 2394 πολλά.
195 2365 306 2400 Εὐδόξῳ
329 2365 410 2391 Κύων
432 2363 580 2398 ἀκρόνυχος
602 2363 624 2378 ⁸⁸
647 2361 792 2392 ἐπιτέλλει,
818 2361 864 2387 καὶ

74 2411 113 2439 ὅτι
127 2411 271 2447 Καλίππῳ
290 2411 315 2437 οἱ
337 2410 445 2445 Δίδυμοι
466 2409 571 2445 μετίασι
588 2408 720 2444 δυόμενοι,
740 2407 814 2434 νοτία
829 2408 862 2434 ⁸⁸.

113 2457 158 2484 Ἐν
168 2457 199 2484 δὲ
213 2457 249 2491 τῇ
264 2455 297 2484 ιθ¹
311 2457 473 2491 Εὐκτήμονι,
489 2455 594 2490 Εὐδόξῳ
607 2453 688 2480 δύνει.

114 2503 158 2537 Ἐν
170 2503 202 2529 δὲ
214 2503 250 2538 τῇ
263 2504 305 2529 κα¹
322 2501 428 2537 Εὐδόξῳ
439 2501 572 2537 Σκορπίος
584 2500 650 2536 ἑῷος
662 2498 806 2530 ἐπιτέλλει,
819 2498 866 2525 καὶ

74 2548 223 2583 χειμαίνιι.

113 2596 158 2623 Ἐν
171 2596 200 2622 δὲ
214 2596 250 2631 τῇ
265 2598 307 2629 κγ’
322 2594 428 2630 Εὐδόξῳ
441 2594 490 2626 Αἲξ
506 2593 561 2629 ὲῴα
573 2593 656 2619 δύνει.

113 2643 158 2668 Ἐν
171 2642 202 2669 δὲ
215 2643 252 2677 τῇ
269 2645 313 2673 κς¹
325 2640 432 2676 Εὐδόξῳ
450 2640 539 2672 Ἀετὸς
553 2639 619 2675 ἑῷος
634 2639 778 2666 ἐπιτέλλει.

108 2689 160 2716 Τὸν
175 2689 206 2716 δὲ
228 2689 384 2722 Αιγόκερων
406 2689 420 2714 ὁ
441 2687 516 2722 ἣλιος
536 2685 727 2721 διαπορεύεται
749 2686 779 2712 ἐν
802 2685 869 2721 ἡμέ-

74 2743 133 2768 ραις
149 2735 206 2762 κθ’.

112 2781 159 2807 Ἐν
175 2779 230 2815 μὲν
247 2777 293 2806 οὖν
305 2781 338 2814 τῇ
357 2783 380 2805 α’
393 2779 484 2814 ἡμέρᾳ
498 2776 652 2812 Εὐκτήμονι
669 2776 767 2811 τροπαὶ
783 2785 870 2812 χειμε-

108 2857 128 2873 ⁹⁷
147 2867 194 2892 rp.
213 2857 345 2884 ὐετοσίαι.
385 2858 406 2873 ιθ
426 2866 469 2892 π).
487 2857 612 2893 ἁκρόνυξ.
652 2856 672 2873 ³⁸
690 2865 732 2890 π.
751 2863 835 2882 vorax.

917 2279 944 2304 et
963 2276 1075 2310 insuper
1091 2275 1244 2310 signiﬁcare
1267 2274 1333 2302 solet
1356 2274 1460 2300 tonitru
1475 2276 1503 2300 et
1522 2272 1623 2306 fulgur.
1638 2278 1700 2297 cum

917 2329 987 2356 aqua
1009 2324 1056 2347 aut
1075 2324 1173 2352 vento,
1190 2324 1236 2347 aut
1258 2323 1373 2354 utraque
1396 2318 1563 2353 plerumque.
1588 2315 1701 2353 Eudoxo

916 2366 999 2395 Canis
1013 2366 1119 2401 vesperi
1133 2366 1231 2397 oritur,
1245 2373 1277 2393 eo
1287 2364 1359 2400 quod
1371 2364 1484 2400 Calippo
1494 2362 1599 2391 Gemini
1612 2366 1701 2389 trans-

917 2416 983 2441 eunt
999 2412 1165 2444 occidentes,
1189 2411 1219 2438 ﬁt
1233 2410 1336 2446 pluvia.

953 2458 999 2486 Die
1013 2459 1045 2486 19
1063 2457 1223 2485 Euctemoni
1241 2459 1267 2484 et
1283 2455 1396 2483 Eudoxo
1411 2454 1522 2482 occidit.

952 2504 1000 2532 Die
1021 2504 1053 2531 Ἣ
1082 2503 1198 2531 Eudoxo
1222 2502 1354 2538 Scorpius
1382 2508 1461 2528 mane
1483 2500 1581 2531 oritur,
1606 2501 1703 2532 estque

917 2554 1075 2585 tempestas.

954 2596 1002 2624 Die
1016 2595 1052 2623 9.5
1066 2595 1180 2622 Eudoxo
1194 2594 1282 2630 Capra
1298 2601 1378 2621 mane
1391 2591 1500 2620 occidit.

956 2642 1003 2670 Die
1016 2642 1051 2669 26
1066 2641 1178 2668 Eudoxo
1192 2641 1290 2676 Aquila
1305 2647 1384 2667 mane
1399 2638 1495 2666 oritur.

957 2687 1155 2724 Capricornum
1172 2686 1217 2714 sol-
1228 2690 1354 2721 pcragrat
1368 2684 1465 2712 diebus
1480 2682 1524 2710 29.

959 2776 1007 2805 Die
1027 2777 1036 2804 1
1055 2775 1215 2804 Euctcmoui
1236 2773 1385 2803 solstitium
1401 2772 1544 2816 hibernum
1559 2766 1703 2804 Signiﬁcat.
