1913 3138
233 159 286 186 863

737 159 782 186 AD
811 158 946 186 EUSEBII
965 158 1158 186 CHRONICON
1178 158 1356 187 APPE‘NDIX.

1805 159 1858 186 θοι

235 216 349 252 Calippo
377 216 543 252 Sagittarius
571 217 673 245 desinit
703 217 795 250 oriri;
827 219 1011 248 conversiones

1096 218 1147 245 ιναὶ
1169 218 1388 253 ἑπισημαίνουσι.
1408 217 1543 252 Καλίππῳ
1562 217 1682 253 Τοξότης
1701 216 1780 252 λήγει
1798 218 1848 244 ἀνι

235 263 398 298 contingunt
414 263 533 290 hibernae
543 283 550 294 ,
571 263 599 289 tit
613 267 770 298 tempestas.

273 307 319 335 Die
336 308 354 334 2
370 308 527 335 Euctemoni
545 308 692 343 Delphinus
707 309 806 342 oritur,
824 310 930 336 exsistit
951 315 1019 337 tem-

235 357 338 387 pestas.

271 397 319 426 Die
333 398 350 425 4
373 397 487 426 Eudoxo
509 398 577 426 ﬂunt
596 399 717 426 hiberna:
740 400 950 433 conversiones,
971 409 1020 428 ex-

236 444 308 470 sistit
326 448 485 478 tempestas.

271 487 319 515 Die
334 488 349 514 Ἰ
364 487 524 516 Euctemoni
540 488 638 523 Aquila
660 489 768 523 vesperi
790 489 910 522 occidit,
936 489 1020 525 [itque

235 536 394 568 tempestas.

271 578 319 606 Die
334 579 349 607 9
365 579 478 607 Eudoxo
494 579 603 607 Corona
616 581 724 615 vesperi
740 581 840 609 oritur.

271 624 320 652 Die
334 625 368 652 19.
384 625 539 652 Democrito
555 631 649 653 auster
665 626 753 660 spirat
771 646 778 654 .
796 646 804 653 .
822 647 829 654 .
850 627 947 654 oritur.

272 669 319 697 Die
335 671 367 698 M
383 671 544 699 Euctemoni
560 672 648 699 media
669 672 768 700 hiems.
793 673 896 701 Auster
918 673 1020 701 multus

235 715 284 756 ﬂat
295 717 425 744 hibernus
439 725 487 752 per
503 726 586 745 mare.

273 760 321 788 Die
344 761 377 789 l5
396 762 509 793 Calipoo
531 762 718 798 Capricornus
743 763 838 797 incipit
861 762 947 795 oriri,
974 762 1021 790 ﬂat

236 808 340 832 auster.

271 850 318 878 Die
335 851 368 878 16
381 850 540 879 Euctemoni
556 857 650 880 auster
667 853 799 880 hibernus
816 861 864 888 per
879 860 963 880 mare.

271 939 319 967 Die
334 939 365 966 l8
379 940 486 975 vesperi
510 945 572 976 post
584 941 670 969 solem
694 941 797 968 occidit
827 940 967 972 Perseus,
992 945 1020 968 et.

235 985 323 1019 spirat
342 989 444 1012 auster.

272 1030 320 1058 Die
334 1031 369 1057 27
387 1030 545 1059 Euclemoni
563 1031 711 1067 Delphinus
725 1031 896 1067 vespertinus
910 1030 1018 1058 occidit.

235 1075 348 1112 Calippo
362 1076 467 1104 Cancer
481 1077 581 1105 desinit
595 1078 736 1111 occidere;
753 1081 796 1106 est
809 1080 967 1112 tempestas.

271 1122 422 1157 Aquarium
436 1127 558 1157 permeat
571 1123 613 1151 sol
628 1123 725 1151 diebus
738 1124 782 1152 50.

270 1211 318 1239 Die
332 1211 349 1238 Ξ
364 1211 419 1239 Leo
433 1211 528 1247 incipit
542 1212 684 1246 occidere,
701 1212 730 1240 ﬂt
745 1213 847 1248 pluvia.
865 1212 1019 1242 Democrito

234 1257 322 1284 hiems
335 1257 452 1285 exsistit.

268 1303 316 1331 Die
329 1303 346 1331 4
361 1303 473 1331 Eudoxo
490 1303 639 1339 Delphinus
654 1304 762 1340 vesperi
777 1304 886 1333 occidit.

268 1389 318 1417 Die
343 1390 373 1417 11
399 1389 511 1417 Eudoxo
533 1389 603 1426 Lyra
632 1391 737 1426 vesperi
762 1391 873 1419 occidit.
907 1392 1019 1420 Exsistit

234 1435 335 1471 pluvia.

269 1481 316 1508 Die
330 1481 363 1508 M
377 1481 490 1509 Eudoxo
506 1482 640 1510 serenitas
650 1502 658 1514 ,
673 1483 809 1511 interdum
822 1484 902 1511 etiam
916 1484 961 1510 ﬂat
974 1491 1018 1512 ze-

233 1527 345 1563 pbyrus.

268 1573 316 1600 Die
333 1573 366 1600 16
384 1572 538 1601 Democrito
555 1574 690 1610 zephyrus
707 1574 802 1610 incipit
817 1574 900 1608 ﬂare,
916 1579 943 1602 et
957 1583 1014 1602 ma-
1029 1574 1052 1604 C

233 1625 277 1646 uel
293 1626 342 1654 per
357 1619 417 1646 dies
431 1619 466 1646 45
481 1627 495 1647 a
510 1620 748 1648 conversionibus.

269 1664 318 1692 Die
330 1665 360 1691 l7
372 1665 531 1692 Euctemoni
544 1670 650 1700 tempus
661 1670 702 1693 est
719 1669 748 1693 ut
774 1666 858 1700 spiret
871 1665 1013 1701 zephyros.

231 1710 345 1746 Calippo
359 1711 496 1746 Aquarius
510 1711 616 1739 medius
628 1713 720 1740 oriens
734 1715 793 1745 est;
807 1711 852 1738 ﬂat
870 1712 1012 1747 zephyrus.

267 1755 315 1783 Die
327 1755 362 1783 25
374 1756 533 1784 Euctemoni
547 1758 653 1792 vesperi
666 1757 784 1790 occidit,
797 1761 824 1784 et
835 1757 945 1793 insuper
958 1765 1014 1784 ma-

231 1809 284 1837 gna
299 1807 341 1829 €81.
358 1806 514 1837 tempestas.

264 1845 358 1874 Pisces
375 1847 416 1874 sol
433 1848 567 1882 percurrit
584 1847 680 1876 diebus
698 1848 740 1876 50.

264 1892 312 1921 Die
328 1893 346 1920 2
363 1899 469 1929 tempus
484 1899 526 1922 est
550 1894 722 1922 hirundinem
740 1902 870 1930 apparere
882 1915 889 1926 .
909 1898 937 1922 et
957 1895 1013 1930 spi-

229 1943 290 1966 rant
305 1940 442 1972 ornithize,
463 1948 511 1968 seu
528 1941 603 1968 venti
621 1941 727 1969 aviarii.
745 1942 858 1976 Calippo
875 1941 927 1969 Leo
942 1941 1013 1968 desi-

228 1985 268 2013 nit
281 1985 421 2018 occidere,
438 1990 465 2013 et
485 1986 603 2014 hirundo
618 1990 748 2022 apparet,
763 1987 907 2023 signiﬁcat.

264 2031 312 2058 Die
334 2031 351 2058 4
378 2031 533 2060 Democrito
552 2033 620 2059 varii
642 2036 707 2060 sunt
727 2033 785 2060 dies
811 2033 858 2068 qui
880 2036 1012 2065 vocantur

226 2078 285 2105 dies
298 2078 472 2113 halcyonum.
487 2078 599 2106 Eudoxo
611 2079 744 2108 Arcturus
758 2080 862 2114 vesperi
873 2079 971 2112 oritur,
985 2084 1012 2107 et

225 2124 334 2150 exsistit
349 2124 454 2158 pluvia,
473 2124 591 2152 hirundo
613 2129 741 2159 apparet,
759 2129 787 2152 et
804 2132 851 2160 per
867 2128 1010 2159 sequentes

227 2168 286 2195 dies
298 2169 332 2196 50
342 2169 430 2196 boreae
441 2170 563 2204 spirant,
581 2174 607 2196 et
619 2171 735 2203 maxime
752 2171 791 2197 illi
810 2169 856 2205 qui
882 2170 1011 2197 dicuntur

225 2215 403 2250 proornithiae
413 2237 420 2247 ,
438 2224 486 2243 seu
502 2216 576 2243 venti
591 2216 762 2243 anteaviarii.

262 2260 309 2287 Die
324 2260 357 2286 t2
369 2261 527 2288 Euctemuni
539 2261 671 2296 Arcturus
683 2262 788 2296 vesperi
799 2262 895 2295 oritur,
906 2265 933 2288 et
942 2260 1008 2288 Vin-

225 2305 357 2333 dentiator
371 2306 400 2333 tit
416 2314 561 2341 apparens.
578 2306 692 2342 Insuper
708 2306 754 2334 ﬂat
771 2306 886 2341 frigidus
899 2306 1007 2334 boreas.

258 2391 313 2427 39
326 2391 373 2419 Die
390 2392 423 2420 14
435 2393 587 2420 Democrito
599 2392 689 2428 frigidi
704 2392 770 2420 ﬂant
784 2393 858 2420 venti
872 2393 917 2427 qui
933 2392 1009 2419 orni-

225 2436 290 2464 thiae
303 2443 448 2471 vocantur,
461 2446 508 2473 per
520 2437 579 2465 dies
598 2439 715 2466 maxime
730 2446 836 2466 novem.
849 2437 1007 2464 Euctemoni

222 2482 316 2518 Equus
333 2491 413 2512 mane
427 2484 528 2512 occidit
542 2494 549 2512 :
567 2485 678 2520 insuper
692 2485 807 2521 frigidus
821 2484 867 2512 ﬂat
882 2484 988 2512 boreas.

258 2529 306 2556 Die
320 2529 353 2556 17
367 2529 477 2556 Eudoxo
488 2529 597 2556 exsistit
609 2533 767 2565 tempestas,
779 2533 806 2556 et
817 2529 915 2556 milvus
927 2536 1007 2563 appa-

220 2579 273 2603 ret.
285 2573 397 2610 Calippo
407 2574 527 2603 Piscium
538 2575 665 2603 australis
676 2575 774 2608 oritur,
786 2575 886 2602 desinit
897 2575 1003 2602 boreas.

256 2665 304 2693 Die
321 2665 354 2693 21
377 2665 489 2694 Eudoxo
506 2666 613 2694 Corona
626 2666 733 2702 vesperi
750 2665 848 2697 oritur,
871 2665 1004 2700 incipiunt

219 2711 347 2738 ornithiae
361 2712 475 2746 spirare.

255 2755 304 2784 Die
321 2757 356 2783 22
376 2757 533 2785 Euctemoni
552 2758 651 2785 milvus
671 2762 791 2792 apparet,
804 2756 929 2784 ornithia
945 2758 1001 2792 spi-

220 2805 281 2827 rant
297 2809 382 2836 usque
398 2802 430 2828 ad
444 2803 646 2837 asquinoctium.

265 2858 287 2873 "
305 2858 473 2894 πμὰκρὸνυξ
493 2859 602 2895 ubique.
648 2860 668 2874 “
686 2859 706 2893 f.
723 2859 817 2890 νότιος,
836 2858 871 2886 al.
889 2859 997 2892 ἂλοτιος.

1071 263 1180 290 τέλλων.
1194 264 1298 299 Τροπαὶ
1309 263 1470 298 χειμεριναὶ,
1482 263 1624 299 χειμαίνει.

1112 310 1157 336 'Ev
1168 310 1197 336 δὲ
1217 311 1249 344 τῇ
1266 309 1288 344 β’
1303 310 1456 344 Εὐκτήμονι
1475 309 1569 343 Δελφὶς
1590 308 1740 341 ἐπιτέλλει,
1754 309 1859 343 χειμαί-

1071 365 1118 383 νει.

1112 401 1156 426 Ἑν
1180 399 1210 426 δὲ
1222 401 1255 435 τῇ
1279 399 1299 425 δ’
1313 399 1418 435 Εὐδόξῳ
1440 401 1538 436 τροπαὶ
1560 399 1727 435 χειμεριναὶ,
1753 399 1858 433 Inpri-

1069 454 1119 472 νει.

1113 493 1156 518 Ἐν
1179 492 1206 518 δὲ
1224 494 1257 528 τῇ
1280 493 1301 525 ζ’
1318 492 1471 528 Εὐκτήμονι
1494 491 1585 523 Ἀετὸς
1606 490 1736 525 ἑσπέριος
1756 490 1856 522 δῦετιιι,

1070 538 1117 564 καὶ
1131 538 1274 573 χειμαίνει.

1111 582 1155 608 Ἐν
1171 582 1202 608 δὲ
1215 583 1246 617 τῇ
1264 582 1285 608 θ’
1299 581 1404 616 Εὐδόξῳ
1420 582 1553 615 Στέφανος
1568 581 1718 617 ἀκρόνυχος
1739 581 1820 607 δύνει.

1111 627 1154 654 Ἐν
1164 628 1192 654 δὲ
1201 630 1233 663 τῇ
1244 627 1276 662 ιβ’
1285 628 1444 663 Δημοκρίτῳ
1456 627 1529 659 νότος
1537 629 1607 659 πνεῖ,
1661 627 1702 658 ὡς
1711 627 1855 653 ἐπιτέλλει.

1111 674 1154 700 Ἐν
1168 673 1196 699 δὲ
1211 675 1242 708 τῇ
1260 673 1290 700 ιδ’
1308 673 1461 708 Εὐκτήμονι
1479 673 1559 708 μέσος
1577 673 1693 708 χειμών.
1708 673 1794 704 Νότος
1807 681 1856 699 το-

1068 719 1116 750 λὺς
1130 719 1238 746 ἐπιπνεῖ
1250 719 1402 754 χειμερινὸς
1413 719 1482 745 καιτὰ
1497 718 1642 745 Θάλασσαν.

1110 765 1154 791 'Ev
1168 765 1195 792 δὲ
1209 766 1241 801 τῇ
1261 769 1291 791 ιε’
1306 764 1441 799 Καλίππῳ
1452 764 1605 799 Δίγόκερως
1616 763 1733 799 ἄρχεται
1750 763 1857 790 ἀνατέὶι

1069 811 1135 843 λειν,
1156 811 1241 842 νότος.

1112 858 1156 884 Ἐν
1170 857 1198 884 δὲ
1216 858 1247 892 τῇ
1267 860 1303 889 ις’
1319 856 1470 891 Εὐκτήμονι
1484 856 1558 887 νότος
1574 855 1715 891 χειμέριος
1731 855 1802 881 κατὰ
1815 855 1857 881 Θά-

1036 908 1057 935 Β
1071 905 1182 930 λασσαν.

1114 949 1157 974 Ἐν
1184 947 1212 974 δὲ
1230 949 1264 983 τῇ
1282 949 1316 982 ιη’
1341 946 1488 982 ἀκρόνυχος
1501 945 1620 972 ἐπιδόνει
1635 946 1650 971 ὁ
1663 945 1797 980 Περσεὺς,
1814 945 1857 970 κέλ

1070 995 1145 1025 νότος
1160 994 1231 1019 πνεῖ.

1112 1039 1156 1065 Ἐν
1172 1038 1201 1065 δὲ
1223 1039 1255 1073 τῇ
1280 1037 1321 1070 κζ’
1341 1037 1493 1072 Εὐκτήμονι
1510 1036 1605 1070 Δελφὶς
1625 1036 1754 1071 ἑσπέριος
1775 1035 1857 1062 δύνει.

1069 1084 1203 1119 Καλίππῳ
1217 1083 1353 1119 Καρκίνος
1365 1082 1442 1117 λήγει
1455 1082 1538 1108 δύνων
1548 1090 1554 1097 ·
1569 1082 1705 1117 χειμαίνει

1104 1129 1156 1155 Τὸν
1175 1129 1203 1155 δὲ
1222 1128 1361 1164 ’Υδροχόον
1385 1127 1572 1163 διαπορεύεται
1596 1128 1610 1153 ὁ
1632 1128 1711 1162 ἥλιος
1732 1128 1762 1153 ὲν
1789 1127 1856 1161 ήμέο

1070 1183 1130 1210 ραις
1146 1174 1178 1201 λ’.

1111 1221 1154 1247 Ἐν
1171 1220 1219 1256 μὲν
1235 1217 1281 1247 οὖν
1300 1221 1332 1255 τῇ
1351 1220 1373 1254 β’
1384 1219 1519 1255 Καλίππῳ
1532 1219 1608 1247 Λέων
1622 1219 1737 1255 ἄρχεται
1754 1218 1855 1245 δύνειν·

1069 1267 1155 1294 ὑετία.
1172 1266 1334 1302 Δημοκρίτῳ
1351 1265 1468 1302 [ἄλοχος]
1485 1265 1596 1302 χειμών.

1110 1313 1154 1340 Ἐν
1168 1312 1197 1339 δὲ
1217 1313 1252 1347 τῇ
1274 1312 1296 1338 δ’
1315 1312 1406 1348 ήμέρᾳ
1428 1311 1534 1347 Εὐδόξῳ
1555 1311 1653 1346 Δελφὶν
1663 1311 1816 1347 ἀκρόνυχος
1833 1310 1857 1325 τί

1067 1358 1127 1385 δύνε
1132 1368 1150 1386 ι.

1111 1405 1155 1431 Ἐν
1167 1404 1195 1430 δὲ
1206 1405 1239 1439 τῇ
1253 1406 1286 1430 ια’
1295 1403 1401 1438 Εὐδόξῳ
1415 1402 1492 1439 Λύρα
1503 1403 1649 1438 ἀκρόνυχος
1659 1402 1743 1429 δύνει.
1751 1402 1854 1433 ’Υετός.

1111 1483 1155 1510 Ἐν
1175 1484 1202 1510 δὲ
1219 1485 1251 1520 τῇ
1273 1484 1302 1511 ιδ’
1318 1483 1424 1520 Εὐδόξῳ
1448 1483 1536 1510 εὐδία·
1560 1483 1644 1510 ἐνίοτε
1668 1483 1716 1509 καὶ
1734 1483 1853 1514 Cacum;

1068 1539 1138 1558 πνει.

1109 1576 1152 1602 Ἐν
1173 1575 1201 1602 δὲ
1214 1577 1246 1612 τῇ
1265 1579 1302 1609 ις’
1316 1576 1477 1612 Δημοκρίτῳ
1496 1575 1611 1611 ζέφυρος
1633 1575 1710 1601 πνεῖν
1728 1574 1853 1609 ἄρχεται,

1066 1622 1112 1648 καὶ
1132 1622 1285 1657 παραμένει
1298 1623 1405 1657 ἡμέρας
1420 1625 1443 1656 γ’
1456 1621 1502 1648 καὶ
1520 1621 1546 1656 μ’
1562 1621 1614 1648 ἀπὸ
1632 1620 1752 1656 τροπῶν.

1109 1668 1151 1694 Ἐν
1170 1667 1198 1693 δὲ
1221 1670 1254 1703 τῇ
1270 1668 1300 1700 ιζ’
1313 1669 1465 1704 Εὐκτήμονι
1486 1667 1600 1703 ζέφυρος
1622 1668 1693 1694 πνεῖ.
1715 1666 1852 1700 Καλίππᾳ

1071 1712 1210 1749 Ὑδροχόος
1228 1715 1307 1749 μέσος
1323 1714 1488 1741 ἀνατέλλων·
1507 1713 1621 1749 ζέφυρος
1636 1714 1706 1740 πνεῖ.

1107 1760 1150 1786 Ἑν
1163 1760 1191 1787 δὲ
1202 1762 1234 1796 τῇ
1252 1761 1290 1787 κε’
1307 1761 1460 1797 Εὐκτήμονι
1473 1760 1597 1796 ἑσπέριος
1611 1759 1684 1786 δύνει
1695 1768 1701 1773 ·
1722 1759 1771 1787 καὶ
1788 1759 1851 1794 σφό-

1063 1805 1114 1842 δρα
1127 1806 1310 1841 ἑπιχειμάζει.
1466 1815 1469 1818 ·

1099 1851 1168 1883 Τοὺς
1179 1851 1207 1878 δὲ
1220 1852 1324 1887 Ἰχθύας
1334 1853 1348 1879 ό
1359 1853 1433 1888 ἥλιος
1444 1851 1632 1888 διαπορεύεται
1643 1852 1673 1877 ἐν
1684 1851 1808 1886 ἡμέραις
1820 1851 1850 1878 λ’.

1104 1897 1148 1924 Ἐν
1163 1897 1213 1932 μὲν
1225 1896 1271 1924 οὖν
1284 1900 1317 1934 τῇ
1335 1899 1358 1934 β’
1369 1899 1490 1934 χελιδόνα
1503 1898 1562 1934 ὣρα
1575 1896 1728 1932 φαίνεσθαι,
1743 1897 1795 1923 καὶ
1809 1897 1841 1931 ὁρ

1063 1943 1145 1970 νιθίαι
1161 1944 1281 1973 πνέουσι.
1301 1945 1437 1980 Καλίππῳ
1453 1945 1482 1972 δὲ
1498 1945 1572 1971 Λέων
1586 1943 1672 1970 δύνων
1693 1942 1785 1978 λήγει,
1807 1944 1850 1970 καῖ

1063 1988 1172 2024 χελιδὼν
1187 1989 1319 2023 φαίνεται,
1339 1990 1521 2026 ἐπισημαίνει.

1104 2036 1147 2062 Ἐν
1167 2035 1196 2062 δὲ
1211 2037 1245 2071 τῇ
1269 2035 1289 2062 δ’
1307 2035 1468 2071 Δημοκρίτῳ
1491 2035 1611 2062 ποικίλαι
1631 2035 1737 2072 ἡμέραι
1760 2034 1847 2069 γίνον-

1062 2089 1106 2108 ται
1128 2081 1282 2113 ἀλκυονίδες
1305 2082 1480 2117 καλούμεναι.
1503 2081 1608 2115 Εὐδόξῳ
1633 2081 1661 2108 δὲ
1685 2080 1849 2117 ’Δρκτοῦρο;

1062 2126 1210 2166 ἀκρόνυχος
1226 2127 1369 2158 ἐπιτέλλει,
1382 2127 1429 2153 καὶ
1447 2126 1522 2157 ὑετὸς
1542 2127 1656 2160 γίνεται,
1675 2127 1722 2153 καὶ
1735 2126 1848 2161 χελιδὼν

1061 2172 1200 2207 φαίνεται·
1221 2173 1267 2199 καὶ
1288 2173 1338 2204 τὰς
1357 2173 1492 2208 ἑπομένας
1509 2172 1614 2208 ἡμέρας
1636 2171 1656 2197 λ’
1673 2171 1766 2207 βορέαι
1791 2171 1848 2198 πνέ-

1061 2226 1131 2249 ουσι,
1148 2218 1195 2244 καὶ
1217 2218 1332 2253 μάλιστα
1345 2217 1547 2254 οἱπροορνιθίαι
1558 2217 1731 2252 καλούμενοι.

1102 2263 1146 2288 Ἐν
1157 2262 1185 2288 δὲ
1200 2264 1233 2298 τῇ
1249 2263 1282 2298 ιβ’
1296 2263 1450 2298 Εὐκτήμονι
1467 2262 1631 2298 Ἀρκτοῦρος
1645 2262 1773 2297 ἑσπέριος
1792 2262 1847 2288 ἑπι-

1059 2307 1157 2339 τέλλει,
1173 2308 1220 2334 καὶ
1239 2307 1433 2344 Προτρυγητὴρ
1455 2308 1583 2342 ἐκφανής.
1606 2307 1733 2334 Ἐπιπνεῖ
1751 2307 1846 2342 βορέας

1058 2352 1172 2388 ψυχρός.

1099 2398 1142 2423 Ἐν
1156 2397 1184 2424 δὲ
1196 2399 1228 2433 τῇ
1246 2398 1276 2424 ιδ’
1290 2398 1452 2434 Δημοκρίτῳ
1469 2397 1561 2433 ἄνεμοι
1576 2397 1686 2423 πνέουσι
1700 2396 1812 2432 ψυχροὶ,
1823 2397 1845 2422 οἱ

1058 2443 1175 2478 ὀρνιθίαι
1191 2444 1362 2479 καλούμενοι,
1384 2444 1489 2479 ἡμέρας
1505 2443 1620 2478 μάλιστα
1635 2443 1668 2469 θ’.
1688 2442 1845 2477 Εὐκτήμονι

1055 2489 1083 2516 δὲ
1093 2489 1191 2521 Ἵππος
1207 2490 1272 2525 ἑῷος
1286 2490 1357 2516 δύνει
1370 2499 1376 2505 ·
1394 2490 1502 2516 ὲπιπνεῖ
1517 2489 1611 2524 βορέας
1622 2488 1737 2524 ψυχρός.

1096 2533 1140 2559 Ἐν
1155 2534 1183 2560 δὲ
1195 2535 1228 2569 τῇ
1243 2534 1273 2566 ιζ’
1287 2534 1391 2569 Εὐδόξῳ
1408 2534 1553 2569 χειμαίνει,
1567 2534 1615 2560 καὶ
1638 2533 1740 2563 ἰκτῖνος
1751 2532 1842 2567 φαίνε-

1054 2588 1110 2606 ται.
1131 2580 1268 2615 Καλίππῳ
1279 2579 1333 2606 τῶν
1352 2580 1460 2615 Ἰχθύων
1482 2580 1497 2606 ὀ
1509 2579 1582 2610 νότος
1593 2578 1616 2594 ⁷¹
1630 2577 1767 2604 ἐπιτέλλει
1777 2585 1784 2591 ·
1799 2577 1841 2612 λή-

1055 2633 1097 2658 γει
1109 2624 1212 2660 βορέας.

1097 2670 1141 2695 Ἐν
1153 2669 1181 2696 δὲ
1195 2671 1228 2705 τῇ
1245 2669 1286 2696 »ια’
1298 2670 1402 2705 Εὐδόξῳ
1420 2670 1553 2705 Στέφανος
1573 2669 1722 2705 ἀκρόνυχος
1736 2667 1840 2694 ἐπιτέλ-

1055 2713 1095 2740 λει
1105 2722 1112 2729 ⁸
1124 2714 1251 2750 ἄρχονται
1268 2715 1384 2750 ὀρνιθιαι
1398 2715 1532 2747 πνέοντες.

1095 2760 1139 2786 Ἐν
1156 2760 1184 2786 δὲ
1200 2762 1232 2796 τῇ
1251 2761 1292 2795 κβ¹
1310 2761 1461 2796 Εὐκτήμονι
1496 2762 1592 2794 ἰκτῖνος
1616 2759 1752 2794 φαίνεται,
1770 2758 1838 2795 ὀρνι-

1055 2804 1108 2831 Θίαι
1122 2805 1229 2832 πνέουσι
1249 2806 1343 2842 μέχρις
1358 2807 1506 2842 ἰσημερίας.
