1913 3138
88 151 146 179 865

601 153 717 182 GEMINI
737 155 921 184 ELEMENTA
942 157 1186 186 ASTRONOerE.

1660 162 1712 191 866

133 209 180 236 Ἐν
196 209 226 235 δὲ
240 209 273 244 τῇ
289 208 329 236 κδ’
346 208 500 245 Εὐκτήμονι
514 210 561 237 τοῦ
578 211 711 247 Σκορπίου
734 214 757 239 οἱ
774 214 871 249 πρῶτοι

963 215 1012 243 Die
1026 216 1061 244 29
1073 216 1231 245 Euctemoni
1246 217 1351 253 Scorpii
1363 218 1458 254 prima:
1474 219 1558 247 stellae
1572 219 1712 254 occidunt,

88 253 208 290 ἀστέρεέ
224 254 355 287 δύνουσιν,
373 255 481 282 ἐπιπνεῖ
496 256 592 293 βορέας
605 258 717 294 ψυχρός.

133 300 180 326 Ἐν
191 299 220 327 δὲ
235 302 268 336 τῇ
283 300 305 326 λ’
318 301 454 337 Καλίππῳ
468 302 523 328 τῶν
542 303 649 338 Ἰχθύων
664 306 678 331 ὸ
699 305 802 341 βόρειος
818 307 878 332 ἐπι-

87 345 193 372 τέλλων
212 346 300 381 λήγει,
322 346 420 378 ἰκτῖνος
436 347 568 382 φαίνεται,
584 348 680 385 βορέας
693 352 762 378 πνεῖ.

128 391 184 418 Τὸν
200 391 229 418 δὲ
242 392 326 427 Κριὸν
340 393 527 429 διαπορεύεται
542 396 556 421 ὀ
569 395 644 431 ἥλιος
653 397 682 424 ἑν
697 398 813 434 ἡμέραις
826 399 874 427 λα’.

133 435 180 462 Ἐν
191 436 241 470 μὲν
247 437 280 471 τῇ
294 436 389 474 πρώτῃ
399 439 535 475 Καλιππῳ
546 440 691 477 σύνδεσμος
703 443 757 470 τῶν
769 444 878 479 Ἰχθύων

87 480 243 508 ἀνατέλλει.
267 482 406 518 Ἰσημερία
422 484 526 520 ἑαρινὴ,
543 486 590 512 καὶ
604 485 691 521 ψεκὰς
704 487 788 525 λεπτή
799 497 806 504 ’
821 498 877 524 χει-

89 526 186 561 μαίνει
202 527 313 562 σφόδρα,
329 529 512 564 ἐπισημαίνει.

133 573 180 599 Ἑν
196 573 225 599 δὲ
239 575 272 609 τῇ
288 574 312 608 γ’
327 575 463 612 Καλίππῳ
477 578 561 613 Κριὸς
582 579 694 615 ἄρχεται
711 582 874 611 ἐπιτέλλειν·

86 617 180 650 ὑετὸς,
197 619 214 654 ἢ
226 621 342 654 νιφετός.

132 664 179 691 Ἑν
192 665 220 691 δὲ
234 667 267 702 τῇ
284 670 310 698 ς’
325 667 430 703 Εὐδόξῳ
446 669 583 706 ῑσημερία,
599 673 675 705 ὑετὸς
692 674 803 709 γίνεται.

132 711 180 737 Ἐν
203 711 230 737 δέ
254 713 288 747 τῇ
302 716 317 739 ι’
336 713 490 749 Εὐκτήμονι
512 716 639 751 Πλειάδες
665 720 785 756 ἑσπέριοι
808 721 875 758 κρύ-

87 763 205 782 πτονται
209 776 216 783 .

133 800 180 826 Ἐν
196 800 224 827 δέ
236 803 268 838 τῇ
284 805 317 837 ιγ’
333 802 440 840 Εὐδόξῳ
454 805 579 840 Πλειάδες
593 808 736 845 ἀκρόνυχοι
751 811 874 840 δύνουσι·

86 845 140 871 καὶ
161 846 256 881 Ὠρίων
270 848 381 884 ἄρχεται
396 851 484 878 δύνειν
497 853 550 880 ἀπὸ
565 854 714 891 ἀκρονύχου
724 865 730 872 ·
746 858 822 890 ὑετὸς
835 858 875 892 γί-

87 898 180 939 νεται.
199 892 357 939 Δημοκρίτῳ
379 895 507 929 Πλειάδες
529 899 694 934 κρύπτονται
723 902 780 938 ἀμα
809 891 875 939 ήλγίῳ
891 891 912 921 Β

87 935 241 970 ἀνίσχοντι,
255 938 301 965 καὶ
316 939 427 974 ἀφανεῖς
439 942 558 976 γίνονται
573 944 674 977 νύκτας
689 950 727 982 μ’.

133 982 179 1009 Ἐν
192 983 220 1010 δὲ
235 986 267 1020 τῇ
288 989 331 1013 κα¹
349 987 454 1023 Εὐδόξῳ
472 990 566 1022 Ὑάδες
583 992 726 1028 ἀκρόνυχοι
742 994 873 1025 δύνουσιν.

133 1028 179 1075 Ἐν
189 1029 218 1055 δὲ
230 1032 263 1066 τῇ
288 1035 330 1066 κγ’
343 1033 495 1070 Εὐκτήμονι
515 1037 607 1070 Ὑάδες
630 1039 804 1075 κρύπτονται.
829 1044 875 1070 καὶ

88 1072 197 1107 χάλαζα
212 1075 369 1122 ἐπιγίνεται,
381 1079 428 1105 καὶ
439 1079 553 1117 ζέφυρος
564 1085 633 1110 πνεῖ.
645 1072 781 1122 Καλίππῳ
791 1088 875 1122 Ζυγὸς

87 1119 207 1154 ἄρχεται
221 1120 318 1154 δύνειν,
341 1123 460 1161 πολλαχῆ
476 1126 503 1152 δὲ
518 1128 564 1154 καὶ
577 1128 691 1163 χάλαζα.

134 1166 179 1211 Ἐν
191 1167 220 1193 δὲ
234 1169 266 1203 τῇ
285 1168 325 1201 κζ’
343 1169 450 1206 Εὐδόξῳ
474 1172 550 1209 Λύρα
566 1175 713 1211 ἀκρόνυχος
731 1178 872 1207 ἐπιτέλλει.

128 1209 180 1237 Τὸν
192 1212 221 1238 δὲ
233 1213 337 1248 Ταῦρον
348 1215 537 1252 διαπορεύεται
551 1219 565 1245 ὁ
573 1209 647 1255 ἥλιος
695 1223 811 1258 ἡμέραις
825 1225 873 1261 λβ’.

133 1256 181 1282 Ἐν
196 1258 246 1292 μὲν
262 1257 308 1285 οὖν
321 1262 355 1296 τῇ
376 1264 400 1287 α’
415 1263 505 1299 ἡμέρᾳ
517 1264 623 1301 Εὐδόξῳ
646 1256 739 1302 Ὠρίῳν
752 1256 875 1306 ἀκρόνυ-

88 1311 138 1348 χος
150 1302 222 1330 δύνει
234 1313 241 1319 ·
257 1305 344 1334 ὑετία.
356 1307 491 1345 Καλίππῳ
502 1311 517 1337 ό
530 1311 614 1346 Κριὸς
625 1313 701 1348 λήγει
717 1302 872 1345 ἑπιτέλλωψ

88 1347 170 1374 ὺετία
180 1357 187 1364 ·
205 1349 323 1386 πολλαχῆ
335 1351 363 1378 δὲ
374 1353 420 1379 καὶ
438 1353 551 1388 χάλαζα.

133 1394 178 1420 Ἐν
192 1394 220 1420 δὲ
235 1397 267 1431 τῇ
284 1396 306 1430 β’
319 1397 474 1434 Εὐκτήμονι
489 1400 570 1428 Κύων
590 1403 747 1439 κρύπτεται,
766 1408 813 1435 καὶ
827 1409 875 1444 χά-

86 1438 161 1490 λαςα
173 1439 288 1474 γίνεται.
304 1442 342 1478 Τῇ
355 1443 377 1469 δ’
391 1445 457 1480 αὐτῇ
481 1445 557 1482 Λύρα
574 1448 595 1464 ⁷³
612 1449 744 1478 ἐπιτέλλει
758 1438 873 1490 Εὐδόξῳ.

88 1483 175 1511 Κύων
185 1486 334 1522 ἀκρόνυχος
352 1488 435 1522 δύνει,
456 1491 503 1518 καὶ
517 1492 593 1524 ὑετὸς
608 1494 721 1528 γίνεται.
738 1483 874 1535 Καλιππῳ

86 1531 137 1557 τοῦ
148 1532 254 1568 Ταύρου
267 1535 283 1569 ἡ
294 1535 392 1570 κέρκος
409 1537 540 1565 ἐπιτέλλει
550 1547 558 1554 ⁸
571 1540 655 1568 νοτία.

131 1579 177 1606 Ἐν
189 1579 217 1606 δὲ
231 1581 264 1615 τῇ
282 1580 304 1612 ζ’
319 1582 424 1618 Εὐδόξῳ
441 1584 517 1617 ὑετὸς
532 1586 645 1619 γίνεται.

132 1625 177 1652 Ἐν
193 1625 221 1651 δὲ
235 1628 267 1662 τῇ
279 1630 303 1662 η’
319 1628 472 1664 Εὐκτήμονι
485 1630 534 1664 Αἲξ
547 1631 602 1667 ἑῴα
614 1632 767 1660 ἀνατέλλει·
785 1635 870 1662 εὐδίαν

86 1670 131 1696 ὓει
145 1671 215 1706 νότῳ
228 1671 314 1699 ὕδατι.

129 1717 175 1742 Ἐν
188 1717 215 1743 δὲ
230 1719 262 1753 τῇ
281 1718 302 1744 ϐ’
317 1719 422 1755 Εὐδόξῳ
434 1720 483 1753 Αἲξ
494 1721 549 1757 ἑῴα
563 1723 706 1752 ἐπιτέλλει.

132 1760 176 1787 Ἐν
197 1761 225 1788 δὲ
238 1764 271 1798 τῇ
284 1767 316 1790 ια’
338 1765 444 1801 Εὐδόξῳ
459 1767 591 1802 Σκορπίος
611 1769 677 1804 ἑῷος
692 1771 778 1798 δύνειν
789 1772 870 1808 ἄρχε-

85 1815 146 1838 ται,
163 1808 210 1834 καὶ
222 1808 296 1840 ὑετὸς
308 1810 420 1844 γίνεται.

131 1853 175 1878 Ἐν
190 1853 217 1880 δὲ
230 1856 262 1890 τῇ
283 1858 317 1889 ιγ’
331 1857 483 1893 Εὐκτήμονι
498 1860 597 1892 Πλειὰς
616 1862 764 1891 ἐπιτέλλει·
776 1865 870 1901 θέρους

85 1899 172 1935 ἁρχὴ.
184 1901 230 1927 καὶ
254 1902 437 1938 ἐπισημαίνει.
451 1906 587 1942 Καλίππῳ
600 1908 616 1943 ή
632 1909 679 1936 τοῦ
698 1899 814 1947 Ταύρουν
825 1921 871 1938 κε-

87 1945 163 1981 φαλὴ
181 1947 331 1975 ἐπιτέλλει·
349 1951 531 1986 ἐπισημαίνει.

131 1992 176 2018 Ἐν
190 1993 217 2019 δὲ
237 1996 269 2030 τῇ
289 1996 337 2031 μιᾷ
354 1997 400 2023 καὶ
418 1998 504 2025 εἰκάδι
523 2000 629 2038 Εὐδόξῳ
651 2003 784 2040 Σκορπίος
803 2006 869 2041 ἑῷος

85 2038 150 2069 ὅλος
163 2038 244 2066 δύνει.

130 2085 174 2110 Ἐν
187 2085 214 2111 δὲ
222 2086 253 2121 τῆ
263 2086 303 2121 xf.’
315 2087 420 2124 Εὐδόξῳ
428 2090 555 2123 Πλειάδες
567 2093 743 2128 ἐπιτέλλουσι,
751 2097 798 2123 καὶ
810 2097 870 2124 ἐπι-

85 2130 276 2166 σημαίνουσιν.

129 2178 174 2204 Ἐν
187 2178 214 2204 δέ
230 2181 262 2214 τῇ
278 2183 317 2206 κε’
331 2181 483 2217 Εὐκτήμονι
505 2184 594 2217 Ἀετὸς
607 2187 729 2223 ἑσπέριος
742 2188 823 2218 δύνει.

128 2224 174 2250 Ἐν
189 2224 217 2250 δὲ
231 2227 263 2260 τῇ
279 2225 300 2251 λ’
312 2227 464 2263 Εὐκτήμονι
483 2230 605 2266 ἑσπέριος
622 2233 763 2261 ἐπιτέλλει.

127 2268 172 2294 Ἐν
183 2268 210 2294 δὲ
223 2271 254 2304 τῇ
265 2270 304 2296 λα’
314 2271 467 2307 Εὐκτήμονι
483 2273 571 2306 Ἀετὸς
589 2276 714 2312 ἑσπέριος
724 2278 863 2307 ἐπιτέλλει.

127 2315 171 2341 Ἐν
184 2315 211 2341 δὲ
225 2317 256 2351 τῇ
281 2316 319 2351 λβ¹
334 2318 488 2354 Εὐκτήμονι
510 2321 669 2357 Ἀρκτοῦρος
692 2323 758 2358 ἑῷος
776 2325 864 2352 δύνει·

83 2362 267 2404 ἶἐπισημαίνει.
291 2364 425 2400 Καλίππῳ
450 2366 464 2392 ὁ
488 2366 593 2402 Ταῦρος
605 2368 681 2404 λήγει
701 2370 863 2400 ἀνατέλλων.

929 261 975 288 llat
991 261 1104 296 frigidus
1121 263 1229 291 boreas.

963 307 1011 336 Die
1036 309 1070 336 50
1095 308 1207 345 Calippo
1231 309 1349 337 Piscium
1376 310 1493 338 borealis
1521 310 1622 338 desinit
1642 311 1713 338 occi-

928 353 1010 386 dere;
1026 358 1136 389 apparet
1151 355 1259 387 milvus,
1273 355 1319 382 ﬂat
1336 356 1444 385 boreas.

961 398 1080 426 Arietem
1097 400 1246 435 pertransit
1261 401 1302 428 sol
1319 401 1416 429 diebus
1432 402 1476 429 Et.

962 444 1009 471 Die
1025 445 1037 471 1
1051 444 1163 480 Calippo
1178 446 1317 473 vinculum
1333 446 1451 474 Piscium
1464 448 1561 476 oritur.
1574 447 1617 476 Fit
1628 449 1712 485 tequi-

927 490 1048 517 noctium
1068 497 1194 522 vernum,
1216 496 1243 518 et
1270 491 1363 526 pluvia
1385 493 1520 520 minutula
1537 503 1544 528 ;
1565 502 1662 530 magna
1680 488 1711 522 ﬁt

927 537 1084 568 tempestas,
1101 535 1245 570 signiﬁcat.

962 577 1010 605 Die
1023 577 1039 605 5
1054 578 1166 614 Calippo
1180 578 1260 607 Aries
1278 579 1374 615 incipit
1390 581 1457 608 oriri
1473 591 1480 616 ;
1495 583 1604 611 exsistit
1619 584 1710 619 pluvia

925 628 973 650 aut
988 623 1045 652 nix.

960 669 1008 697 Die
1023 670 1039 697 6
1052 670 1165 699 Eudoxo
1181 676 1223 699 est
1237 673 1440 708 aequinoctium,
1461 674 1488 702 ﬁt
1504 676 1604 710 pluvia.

961 709 1009 743 Die
1029 716 1063 743 10
1079 716 1238 746 Euctemoni
1254 718 1378 747 Pleiades
1402 709 1512 756 vesperi
1527 723 1708 751 occultantur.

962 804 1011 832 Die
1034 805 1069 833 15
1094 805 1208 835 Eudoxo
1233 807 1359 837 Pleiades
1385 811 1491 846 vesperi
1519 811 1664 845 occidunt,
1683 818 1710 840 et

925 851 1009 880 Orion
1026 852 1122 888 incipit
1144 855 1270 883 occidere
1292 857 1449 892 vespertino
1476 865 1587 886 occasu.
1615 858 1709 894 Pluvia

925 897 1043 925 exsistit.
1058 897 1214 927 Democrito
1227 899 1350 929 Pleiades
1365 902 1537 930 occultantur
1554 903 1635 930 simul
1646 911 1709 931 cum

926 942 983 970 sole
999 944 1173 978 ascendente,
1185 948 1212 973 et
1225 953 1280 973 non
1296 953 1426 982 apparent
1440 955 1488 982 per
1500 953 1594 977 noctes
1608 949 1653 977 ιο.

961 987 1009 1016 Die
1021 989 1053 1016 21
1071 989 1185 1018 Eudoxo
1197 990 1305 1025 Hyades
1320 994 1426 1028 vesperi
1442 994 1578 1022 occidunt.

960 1033 1009 1062 Die
1027 1035 1062 1062 25
1080 1035 1238 1065 Euctemoni
1254 1037 1363 1073 Hyades
1375 1041 1555 1074 occultantur,
1567 1047 1593 1070 et
1605 1044 1710 1079 grando

925 1085 988 1115 post
1001 1081 1118 1113 exsistit,
1132 1086 1159 1109 et
1171 1082 1216 1109 ﬂat
1229 1084 1376 1119 zephyros.
1390 1084 1503 1120 Calippo
1520 1085 1600 1115 Libra
1616 1089 1710 1124 incipit

924 1127 1059 1159 occidere,
1073 1128 1173 1162 passim
1190 1129 1297 1157 exsistit
1311 1134 1344 1170 et.
1352 1131 1465 1166 grando.

960 1173 1008 1200 Die
1019 1173 1054 1200 27
1067 1173 1178 1202 Eudoxo
1192 1174 1262 1210 Lyra
1278 1178 1383 1211 vesperi
1400 1178 1497 1206 oritur.

959 1218 1078 1246 Taurum
1096 1221 1136 1247 sol
1148 1227 1275 1256 peragrat
1288 1222 1384 1250 diebus
1396 1223 1441 1251 52.

958 1264 1006 1292 Die
1021 1265 1033 1291 1
1057 1265 1169 1293 Eudoxo
1184 1266 1267 1294 Orion
1282 1269 1388 1303 vesperi
1404 1270 1504 1297 occidit
1518 1293 1525 1304 ,
1543 1271 1571 1298 ﬁt
1589 1272 1679 1307 pluvia
1697 1283 1704 1300 :

923 1311 1035 1346 Calippo
1054 1312 1132 1340 Aries
1153 1312 1254 1340 desinit
1275 1314 1342 1342 oriri
1359 1323 1366 1347 ;
1386 1314 1414 1341 lit
1437 1317 1536 1350 pluvia,
1557 1321 1583 1345 et
1604 1320 1706 1353 passim

924 1359 1037 1394 grando.
1679 1387 1682 1389 .

960 1405 1008 1434 Die
1029 1406 1046 1433 2
1070 1405 1231 1434 Euctemoni
1257 1408 1341 1436 Canis
1364 1410 1527 1444 occultatur,
1550 1416 1576 1439 et
1602 1411 1708 1447 grando

924 1451 1033 1479 exsistit
1053 1461 1060 1479 :
1085 1452 1178 1480 eodem
1199 1452 1244 1481 die
1268 1453 1338 1489 Lyra
1362 1454 1451 1481 oritur
1475 1455 1596 1483 Eudoxo.
1622 1456 1706 1485 Canis

925 1498 1031 1532 vesperi
1048 1498 1158 1530 occidit,
1175 1502 1204 1526 et
1220 1499 1250 1526 ﬁt
1263 1500 1365 1534 pluvia.
1383 1499 1497 1536 Calippo
1513 1501 1595 1530 Tauri
1618 1504 1705 1531 cauda

923 1543 1020 1574 oritur,
1037 1544 1144 1571 exsistit
1159 1545 1318 1574 humiditas.

885 1570 908 1599 C
959 1588 1006 1616 Die
1014 1570 1036 1616 '7
1055 1570 1173 1617 Euhan;
1183 1570 1405 1627 agilitas...

957 1633 1006 1662 Die
1020 1635 1037 1662 8
1053 1635 1212 1664 Euctemoni
1226 1637 1314 1673 Capra
1332 1646 1412 1666 mane
1427 1643 1534 1673 oritur;
1551 1640 1701 1674 serenitas;

922 1680 990 1716 pluit
1009 1685 1112 1709 austro.

958 1726 1005 1754 Die
1020 1726 1037 1754 9
1049 1726 1161 1755 Eudoxo
1175 1727 1262 1763 Capra
1277 1736 1356 1756 mane
1370 1729 1468 1757 oritur.

957 1771 1005 1799 Die
1024 1772 1054 1798 11
1072 1772 1203 1808 Scorpius
1224 1774 1386 1801 matutinum
1405 1781 1532 1803 occasum
1552 1775 1640 1804 facere
1661 1777 1702 1804 in-

921 1817 997 1853 cipit,
1014 1821 1041 1845 et
1053 1818 1144 1852 pluvia
1159 1819 1277 1846 exsistit.

957 1864 1004 1891 Die
1032 1864 1064 1891 15
1090 1864 1251 1892 Euctemoni
1278 1865 1368 1894 Pleias
1396 1867 1505 1900 oritur;
1531 1868 1634 1895 astatis
1659 1874 1702 1896 est

920 1909 1038 1942 initium,
1054 1915 1082 1938 et
1100 1911 1243 1947 significat.
1264 1911 1377 1948 Calippo
1404 1913 1486 1940 Tauri
1505 1918 1586 1949 caput
1603 1914 1700 1946 oritur.

920 1955 1065 1990 signiﬁcat.

956 2003 1003 2031 Die
1015 2003 1045 2030 21
1063 2003 1176 2032 Eudoxo
1190 2004 1320 2039 Scorpius
1333 2008 1407 2032 totus
1427 2013 1505 2034 mane
1518 2006 1629 2033 occidit.

953 2092 1000 2121 Die
1016 2093 1051 2122 22
1067 2093 1178 2121 Eudoxo
1194 2094 1318 2122 Pleiades
1335 2095 1471 2129 oriuntur,
1487 2100 1514 2124 et
1532 2096 1696 2132 signiﬁcant.

952 2184 1000 2212 Die
1022 2185 1057 2213 25
1075 2185 1230 2213 Euctemoni
1246 2186 1342 2221 Aquila
1358 2187 1462 2221 vesperi
1475 2186 1584 2215 occidit.

952 2230 999 2258 Die
1013 2231 1048 2258 50
1063 2231 1218 2259 Euctemoni
1236 2233 1340 2268 vesperi
1354 2234 1451 2261 oritur.

952 2276 999 2304 Die
1012 2277 1042 2304 51
1059 2277 1217 2305 Euctemoni
1231 2278 1328 2313 Aquila
1346 2279 1451 2314 vesperi
1467 2278 1566 2307 oritur.

951 2322 997 2350 Die
1013 2323 1047 2350 5‘2
1067 2323 1226 2351 Euctemoni
1243 2325 1377 2353 Arcturus
1392 2333 1472 2353 mane
1485 2326 1595 2358 occidit,
1612 2325 1697 2361 signi-

917 2368 987 2396 ﬁcat.
1001 2369 1113 2405 Calippo
1132 2369 1239 2397 Taurus
1252 2371 1351 2398 desinit
1363 2371 1440 2398 oriri.
1452 2371 1610 2399 Euctemoni
1624 2371 1696 2407 Hya-

82 2400 240 2440 Εὐκτήμονι
263 2407 354 2440 Ὑάδες
368 2409 492 2445 ἑσπέριαι
510 2400 703 2446 ἐπιτέλλουσιν,
719 2415 866 2452 ἐπισημαί-

942 2422 962 2441 :s
979 2416 1084 2450 vesperi
1100 2417 1235 2450 oriuntur,
1251 2417 1414 2453 signiﬁcant.

83 2459 170 2478 V700“!-

120 2495 189 2527 Τοὺς
196 2496 223 2522 δὲ
232 2497 361 2532 Διδύμους
367 2498 459 2534 όῆλιος
464 2499 649 2537 διαπορεύεται
656 2505 684 2529 ἑν
692 2504 779 2540 ήμερα
784 2515 806 2537 ις
814 2506 861 2541 λβ¹.

124 2541 168 2568 Ἐν
184 2542 232 2577 μὲν
253 2541 300 2570 οὖν
312 2545 344 2579 τῇ
367 2545 389 2579 β’
402 2545 537 2581 Καλίππῳ
561 2549 585 2574 οἱ
608 2549 717 2585 Δίδυμοι
737 2551 863 2587 ἄρχονται

82 2587 232 2615 ἐπιτέλλειν
241 2597 247 2604 ·
265 2590 349 2616 νοτία.

123 2634 168 2660 Ἐν
181 2635 209 2662 δὲ
223 2637 255 2670 τῇ
271 2639 292 2661 ε’
307 2636 413 2672 Εὐδόξῳ
437 2638 530 2671 Ὑάδες
543 2639 608 2675 ἑῷαι
625 2641 816 2671 ἐπιτέλλουσιν.

123 2680 168 2706 Ἐν
180 2680 208 2707 δέ
225 2682 257 2716 τῇ
274 2681 295 2713 ζ’
310 2683 415 2719 Εὐδόξῳ
438 2684 527 2717 Ἀετὸς
550 2687 697 2723 ἀκρόνυχος
718 2689 860 2718 ἐπιτέλλει.

123 2726 167 2752 Ἐν
180 2726 208 2753 δὲ
222 2728 255 2762 τῇ
274 2731 288 2754 ι’
298 2729 459 2765 Δημοκρίτῳ
473 2730 543 2767 ὕδωρ
559 2732 672 2766 γίνεται.

119 2771 164 2797 Ἐν
183 2770 213 2797 δὲ
228 2773 261 2806 τῇ
280 2772 314 2806 ιγ’
326 2773 431 2809 Εὐδόξῳ
451 2775 611 2812 Ἀρκτοῦρος
625 2778 691 2811 ἑῷος
709 2779 779 2806 δύνει

129 2857 154 2875 τι
173 2867 217 2892 γρ.
232 2859 279 2885 καὶ
294 2860 358 2886 αὐτὸ
375 2861 461 2897 Λύρα.

949 2505 1078 2534 Geminos
1093 2508 1133 2535 sol
1154 2513 1274 2543 permeat
1289 2508 1385 2536 diebus
1402 2508 1446 2536 '52.

949 2553 997 2581 Die
1019 2554 1037 2580 2
1055 2554 1168 2590 Calippo
1194 2555 1300 2584 Gemini
1325 2557 1459 2592 incipiunt
1483 2557 1571 2590 oriri;
1587 2556 1693 2585 exsistit

915 2600 1072 2628 humiditas.

947 2647 995 2674 Die
1009 2647 1026 2674 5
1041 2647 1153 2675 Eudoxo
1167 2647 1274 2683 Hyades
1290 2656 1369 2676 mane
1384 2650 1518 2676 oriuntur.

946 2693 995 2720 Die
1014 2693 1030 2719 7
1045 2693 1157 2721 Eudoxo
1170 2694 1267 2729 Aquila
1280 2695 1385 2729 vesperi
1404 2694 1502 2722 oritur.

946 2738 994 2766 Die
1009 2739 1041 2766 10
1056 2739 1209 2767 Democrito
1225 2747 1295 2775 aqua
1311 2741 1428 2768 exsistit.

947 2784 995 2812 Die
1009 2785 1041 2812 15
1052 2784 1163 2814 Eudoxo
1179 2786 1312 2815 Arcturus
1328 2793 1407 2814 mane
1421 2786 1531 2815 occidit.
