1913 3138
122 142 199 171 ’831

573 143 759 172 ΡτοιΕΜΑει
777 145 821 172 DE
841 145 1070 173 APPARENTHS
1090 143 1346 172 lNEﬂRANTlL'M..

1721 141 1774 170 88?.

186 203 237 235 κζ’.
251 204 321 239 Ὦρα
334 206 368 237 ιγ’
381 203 394 230 ὁ
403 203 526 239 λαμπρὸς
536 203 582 229 τοῦ
591 203 684 230 Ἀετοῦ
698 203 856 239 κρύπτεται·
867 204 938 239 Προ-

1025 204 1069 231 27.
1089 203 1159 230 "ora
1179 212 1228 231 xui
1245 203 1335 230 lucida
1348 201 1453 236 Aquilae
1470 202 1633 229 occultatur.
1652 201 1776 237 Procyon

145 248 224 275 κύων
243 249 368 284 ἑσπέριος
380 249 528 275 ἀνατέλλει.

185 297 239 330 κη’.
262 294 290 321 ’0
301 295 329 320 ἐν
342 294 379 330 τῷ
395 295 518 330 ἑπομένῳ
526 293 593 330 ὤμῳ
599 294 645 321 τοῦ
653 295 773 331 ’Πνιόχου
782 295 848 330 ἑῷος
855 295 936 322 δύνει.

151 340 184 366 '0
210 339 334 375 λαμπρὸς
357 340 403 366 τοῦ
429 340 516 367 νοτίου
545 341 645 375 Ἰχθύος
669 341 830 376 κρύπτεται.
855 341 938 374 Λίγυ-

145 385 239 416 πτίοις
253 385 397 420 χειμαίνει.
416 385 523 412 Μέτωνι
537 386 720 420 ἐπισημαίνει.
740 386 871 422 Ὄμερος.

182 430 236 456 κθ¹.
265 430 396 465 Προκύων
412 431 538 466 ἑσπέριος
555 424 704 459 ἀνατέλλει.
719 433 878 466 Αἰγυπτίοις
892 432 941 459 καὶ

145 476 258 502 Μέτωνι
273 477 457 512 ἐπισημαίνει.
480 478 620 514 ’Λκρασὶαη

183 522 216 548 λ’.
236 523 306 558 ’Ὡρᾳ
324 523 354 549 ιδ’
369 524 383 549 ό
404 523 529 560 λαμπρὸς
545 525 592 551 τοῦ
613 525 704 551 Ἀετοῦ
717 524 842 560 ἑσπέριος
853 525 936 552 δύνει.

145 568 310 601 Αἰγυπτίοις
320 567 375 603 λίψ,
393 569 440 595 καί¹
455 569 576 605 ἀκρασία
589 569 676 605 ἀέρος.

341 635 411 670 Μὴν
431 636 617 671 Ἰανουάριος,
635 637 653 672 ἣ
672 637 750 664 Τυϐί.

186 708 221 732 α’.
237 705 308 740 "Op;
328 704 357 731 ιδ’
384 705 465 732 Κύων
495 705 619 740 ἑσπέριος
634 705 781 732 ἀνατέλλει.
809 704 944 740 Προκύωιι

147 746 279 788 ὲσῖτέριος
294 752 442 779 ἀνατέλλει.
457 753 619 788 Δημοκρίτῳ
640 752 742 788 χειμὼν
753 752 937 787 ἐπισημαίνει.

190 846 222 881 β’.
240 845 269 870 'O
294 844 341 870 ἐπὶ
370 843 419 878 τῆς
445 842 566 877 κεφαλῆς
587 841 634 868 τοῦ
657 842 807 877 ἡγουμένου
824 842 938 878 Διδύμου

150 892 222 927 ἑῷος
233 891 316 916 δύνει.
338 888 454 924 Δοσιθέῳ
463 887 606 922 χειμαίνει.

187 941 224 972 γ’.
244 938 273 963 ’0
298 935 422 971 λαμπρός
453 935 499 961 τοῦ
539 935 630 961 ’Λετού
643 934 787 961 ἐπιτέλλει.
812 935 942 970 Προκύων

147 985 280 1019 ἑσπέριος
295 982 443 1010 ἀνατέλλει.
456 982 585 1016 Φιλήμονι
598 981 781 1017 ἐπισημαίνει.

187 1030 219 1057 δ’.
234 1030 303 1066 Ὥρα
317 1032 350 1063 ιγ’
364 1029 377 1054 ὁ
389 1028 513 1064 λαμπρὸς
520 1027 566 1054 τοῦ
580 1027 704 1063 Ὄρνιθος
717 1027 783 1062 ἑῷος
792 1027 940 1054 ἀνατέλλει.

156 1075 187 1102 '0
200 1075 245 1101 ἐπὶ
258 1074 307 1110 τῆς
321 1073 443 1108 κεφαλῆς
464 1073 511 1099 τοῦ
533 1073 666 1108 ἑπομένου
681 1072 741 1098 Διδύ
746 1081 796 1107 μου
818 1071 884 1107 ἑῷος
897 1071 941 1098 δύ-

150 1130 205 1148 νει.
226 1120 255 1148 ’0
270 1120 394 1156 λαμπρὸς
403 1119 449 1146 τοῦ
469 1119 561 1146 Ἀετοῦ
580 1119 706 1155 ἑσπέριος
726 1119 808 1145 δύνει.
833 1118 861 1145 '0
873 1119 942 1154 λαμ-

149 1166 223 1202 πρὸς
239 1164 285 1192 τοῦ
301 1165 388 1192 νοτίου
409 1164 509 1200 ’ἰχθύος
525 1164 684 1199 κρύπτεται.
712 1164 869 1198 Αἰγυπτίοις
884 1172 940 1199 χει-

151 1211 236 1247 μάζει
252 1210 321 1237 κατὰ
336 1211 482 1237 θάλασσαν.
505 1209 658 1245 Εὐκτήμονι
677 1209 857 1244 ἑπιχειμάζει.

190 1305 222 1329 ε’.
239 1302 309 1337 Ὥρα
325 1301 354 1327 ιδ’
369 1301 435 1328 ὀέπὶ
445 1301 493 1335 τῆς
510 1299 685 1335 κεφαλῆςτοῦ
698 1299 848 1334 ἡγουμένου
863 1299 941 1326 Διδύ-

151 1357 208 1384 μου
219 1348 285 1382 ἑῷος
294 1347 375 1374 δύνει.

189 1396 228 1425 ς’.
245 1393 315 1428 Ὦρα
329 1396 361 1427 ιγ’
376 1393 389 1419 ό
404 1393 474 1419 κατὰ
490 1393 519 1420 τὸ
530 1393 592 1426 γόνυ
605 1393 651 1419 τοῦ
667 1392 780 1425 Τοξότου
796 1392 938 1419 ἐπιτέλλει.

150 1438 236 1465 Κύων
252 1438 377 1475 ἑσπέριος
392 1439 475 1465 δύνει.

189 1485 223 1517 ζ’.
240 1485 308 1520 Ὥρα
321 1488 351 1511 ιε’
367 1485 381 1511 ὁ
397 1484 522 1520 λαμπρὸς
536 1484 582 1511 τοῦ
597 1485 687 1511 ’Δετοῦ
710 1485 836 1521 ἑσπέριος
857 1485 938 1512 δύνει.

155 1531 350 1566 Ἐπισημαίνει
367 1531 404 1562 ὠς
424 1531 550 1567 Δοσιθέῳ.

185 1581 224 1614 η’.
242 1579 311 1614 ’Ὠρᾳ
329 1578 357 1604 ιδ’
371 1579 385 1604 ὁ
398 1578 443 1604 ἐπὶ
453 1578 502 1613 τῆς
523 1577 644 1612 κεφαλῆς
660 1578 706 1604 τοῦ
729 1578 879 1613 ἡγουμένου
898 1579 942 1604 Δι-

145 1624 238 1659 δύμου
256 1623 323 1658 ἑῷος
347 1623 429 1655 δύνει,
446 1624 492 1650 καὶ
508 1625 522 1650 ό
536 1623 662 1658 λαμπρὸς
676 1624 724 1650 τοῦ
735 1624 822 1650 νοτίου
843 1623 943 1658 Ἰχθύος

150 1670 315 1706 κρύπτεται.
331 1670 489 1704 Αἰγυπτίοις
502 1670 591 1705 πυκνὴ
603 1670 778 1702 κατάστασις.

188 1714 222 1742 θ’.
239 1715 309 1750 Ὥρα
325 1715 354 1741 ιδ’
379 1716 392 1741 ὁ
407 1715 531 1750 λαμπρὸς
543 1715 593 1750 τῆς
608 1716 699 1751 Δύρας
717 1716 844 1752 ἑσπέριος
859 1716 941 1742 δύνει·

148 1762 166 1787 ό
182 1761 307 1797 λαμπρὸς
318 1761 365 1788 τοῦ
385 1761 476 1787 Ἀετοῦ
491 1761 613 1797 ἑσπέριος
624 1762 704 1788 δύνει.
721 1761 877 1795 Αἰγυπτίοις
885 1762 944 1788 ἑπι-

153 1806 293 1841 σ-ημαίνει.
322 1807 484 1842 Δημοκρίτῳ
509 1807 584 1839 νότος
607 1807 643 1839 ὡς
669 1807 703 1834 τὰ
722 1808 814 1835 πολλά.

188 1855 216 1880 ι’.
231 1851 313 1878 Κύων
323 1852 447 1887 ἑσπέριος
460 1851 599 1878 ἀνατέλλει
611 1851 669 1887 ὥρᾳ
683 1854 708 1878 ι’.

190 1902 234 1926 ια’.
256 1899 327 1934 ’Ὠρςι
342 1901 372 1925 ιε’
390 1900 404 1925 ό
417 1899 463 1924 ἐπὶ
473 1899 520 1933 τῆς
536 1898 655 1934 κεφαλῆς
675 1897 721 1924 τοῦ
734 1898 884 1934 ἡγουμένου
900 1899 943 1925 Δι-

147 1944 238 1980 δύμου
252 1944 318 1979 ἑῷος
332 1944 414 1971 δύνει.

190 1990 234 2025 ιβ’.
253 1990 323 2026 Ὧρᾳ
341 1990 371 2017 ιδ’
383 1990 398 2016 ό
411 1989 482 2017 κατὰ
497 1990 527 2016 τὸ
539 1991 604 2025 γόνυ
612 1989 659 2016 τοῦ
667 1989 780 2022 Τοξὸτου
797 1989 940 2016 ἐπιτέλλει.

155 2035 310 2072 Ἱππάρχῳ,
327 2035 432 2070 Εὐδόξῳ
444 2036 589 2071 χειμαίνει.

189 2085 234 2117 ιγ’,
251 2082 322 2118 Ὥρα
340 2081 370 2108 ιδ’
380 2082 395 2108 ὁ
408 2082 532 2117 λαμπρὸς
541 2082 587 2108 τοῦ
604 2082 691 2109 νοτίου
705 2082 804 2116 ’ἰχθύος
823 2081 942 2117 κρύπτε-

147 2138 207 2156 ται.
225 2129 296 2164 ’Ὡρᾳ
310 2131 339 2154 ιε’
352 2129 367 2155 ὁ
388 2127 501 2163 ἔσχατος
522 2127 568 2154 τού
588 2127 713 2163 Ποταμοῖ)
729 2128 854 2162 ἑσπέριος
877 2128 943 2154 ἁνα-

148 2174 284 2202 τέλλεται.
307 2173 464 2208 Αἰγυπτίοις
477 2173 552 2205 νότος
569 2173 585 2209 ἦ
601 2173 732 2209 ζέφυρος·
746 2174 880 2209 χειμαίνει
895 2174 942 2200 καὶ

149 2221 225 2249 κατὰ
237 2221 288 2255 γῆν
301 2221 348 2247 καὶ
362 2220 433 2246 κατὰ
449 2220 596 2247 θάλασσαν.

188 2266 230 2294 ιδ’.
247 2267 317 2302 Ὤρᾳ
332 2269 361 2292 ιε’
376 2268 390 2293 ὁ
404 2267 451 2294 ἐπὶ
465 2266 514 2301 τῆς
521 2266 641 2302 κεφαλῆς
657 2266 704 2294 τοῦ
720 2267 851 2302 ἑπομένου
867 2265 942 2292 Διδύ-

153 2323 206 2349 μου
234 2313 317 2340 δύνει.
347 2313 376 2340 Ὀ
391 2312 515 2349 λαμπρὸς
537 2312 585 2339 τοῦ
613 2313 756 2349 ’Υδροχόου
777 2313 843 2349 ἑῷος
859 2313 941 2340 δύνει.

150 2360 233 2388 Κύων
250 2360 376 2396 ἑσπέριος
397 2359 545 2387 ἀνατέλλει.
569 2359 724 2394 Αἰγυπτίοις
749 2360 823 2392 νότος
843 2360 943 2396 σφόδρα

150 2408 202 2434 καὶ
210 2407 298 2439 ὑετὸς.

188 2458 231 2482 ιε’.
246 2454 332 2486 Νότος
352 2454 446 2486 πολὺς,
470 2454 517 2481 καὶ
528 2453 701 2490 ἐπισημαίνει
721 2453 790 2480 κατὰ
807 2453 942 2481 θάλασσαν

153 2501 254 2537 βροντὴ
268 2502 315 2528 καὶ
327 2501 426 2536 ψακὰς.

191 2551 242 2580 ις’.
258 2548 330 2583 Ὣρᾳ
348 2551 378 2574 ιε’
390 2548 405 2574 ὁ
421 2547 545 2584 λαμπρὸς
552 2547 599 2574 τοῦ
618 2546 758 2582 ’Υδροχόου
767 2546 833 2582 ἑῷος
855 2547 940 2574 δύνει·

152 2595 202 2622 καὶ
215 2595 230 2620 ὁ
246 2595 293 2620 ἑπὶ
306 2594 357 2629 τῆς
375 2593 497 2629 κεφαλῆς
515 2593 563 2620 τοῦ
577 2593 728 2628 ἡγουμένου
742 2593 803 2619 Διδύ
809 2601 859 2628 μου
876 2592 942 2628 ἑῷος

150 2641 238 2668 δύνει.
252 2640 358 2675 Εὐδόξῳ
366 2640 441 2672 νότος
457 2640 640 2676 ἐπισημαίνει·
658 2640 767 2675 ἀνέμων
777 2639 883 2673 ἀταξία.

192 2731 237 2763 ιζ’.
249 2732 320 2768 Ὥρα
334 2735 367 2767 ιγ’
375 2731 452 2768 [ιδ¹]ό
465 2732 589 2768 λαμπρὸς
604 2731 650 2757 τοῦ
666 2731 751 2758 νοτίου
765 2731 867 2766 Ἰχθύος
877 2733 945 2768 κρύ-

154 2785 263 2804 πτεται.

191 2826 238 2859 ιη’.
251 2824 322 2859 ’Ώρᾳ
341 2823 372 2850 ιδ’
385 2825 399 2850 ὀ
415 2824 538 2860 λαμπρὸς
551 2823 601 2859 τῆς
614 2822 704 2859 Δύρας
715 2823 840 2859 ἑσπέριος
858 2824 939 2851 δύνει.

161 2870 192 2898 ὀ
205 2870 235 2897 ἑν
249 2869 288 2905 τῷ
301 2869 393 2905 γόνατι
412 2870 459 2898 τοῦ
473 2869 585 2902 Τοξὸτου
602 2869 726 2906 ἑσπέριος
745 2869 827 2897 δύνει.

988 253 1160 285 vespertinus
1176 250 1272 277 oritur.

1023 296 1068 324 28.
1086 298 1151 330 Qua:
1165 300 1207 323 est
1222 296 1249 323 in
1266 296 1426 324 succedente
1439 295 1547 331 Aurigae
1560 295 1674 322 humero
1686 297 1776 321 metu»

990 343 1046 370 tina
1061 342 1116 379 46
1129 342 1238 370 occidit.
1256 342 1402 378 Splendida
1420 342 1508 370 Piscis
1523 342 1650 368 australis
1660 341 1778 369 occulta~

990 393 1045 416 tur.
1059 389 1193 424 Egyptiis
1205 388 1317 416 hiemat.
1334 387 1434 416 Metoni
1451 387 1595 423 signiﬁcat.
1612 386 1710 415 Imber.

1024 435 1069 463 29.
1090 435 1213 470 Procyon
1226 434 1400 470 vespertinus
1412 434 1513 461 oritur.
1532 432 1666 468 [Egyptiis
1682 438 1708 460 et
1722 433 1777 461 Me-

990 481 1045 507 toni
1060 481 1206 516 signiﬁcat.
1220 479 1407 515 Intemperies.

1026 527 1069 554 30.
1086 526 1157 553 Hora
1176 534 1220 553 xtv
1238 526 1379 560 splendida
1405 525 1510 560 Aquilae
1531 524 1686 559 vespertina
1703 525 1779 552 occi-

990 572 1041 600 dit.
1055 572 1192 608 Egyptiis
1204 571 1318 604 africus,
1329 575 1356 598 ei.
1373 571 1444 598 aeris
1461 571 1647 605 intemperies.

1230 636 1390 669 Ianuarius,
1406 637 1445 664 vel
1463 636 1538 672 Tybi.

1027 705 1053 732 L
1070 704 1142 731 Hora
1160 712 1206 731 νιν
1231 703 1315 731 Canis
1333 703 1506 738 vespertinus
1534 703 1633 729 oritur.
1654 701 1778 736 Procyon

990 751 1163 786 vespertinus
1194 750 1291 778 oritur.
1326 749 1485 777 Democrito
1514 752 1663 784 tempestas
1692 748 1779 782 signi-

992 796 1064 825 ﬁent.

1025 842 1052 869 2.
1072 841 1137 875 Quae
1167 845 1210 868 est
1227 841 1254 868 in
1285 841 1373 875 capite
1399 839 1576 876 praecedentis
1603 838 1780 866 Geminorum

958 880 978 907 Β
994 888 1127 914 matutino
1139 887 1249 914 occidit.
1267 886 1395 914 Dositheo
1411 886 1521 913 hiemat.

1027 933 1054 960 5.
1073 933 1176 960 Lucida
1203 933 1306 968 Aquila:
1335 933 1434 960 oritur.
1458 931 1581 967 Procyon
1609 930 1783 965 vespertinus

993 980 1090 1007 oritur.
1107 979 1258 1007 Philemoni
1273 979 1420 1014 significat.

1029 1027 1055 1054 ι.
1072 1025 1144 1053 Hora
1158 1033 1208 1053 xm
1222 1025 1313 1053 lucida
1334 1024 1420 1060 Cygni
1443 1023 1580 1051 matutino
1594 1023 1692 1051 oritur.
1715 1023 1781 1055 Quae

992 1076 1034 1100 est
1045 1072 1072 1099 in
1089 1072 1178 1107 capite
1192 1071 1368 1099 succedentis
1388 1070 1565 1098 Geminorum
1583 1069 1716 1096 matutino
1731 1076 1777 1096 0c-

992 1118 1068 1145 cidit.
1094 1117 1196 1145 Lucida
1217 1117 1321 1152 Aquilae
1340 1123 1453 1151 vespere
1479 1115 1589 1143 occidit.
1609 1115 1711 1142 Lucida
1733 1122 1781 1141 au-

993 1164 1085 1192 stralis
1100 1164 1188 1192 Piscis
1199 1164 1364 1191 occultatur.
1387 1162 1524 1198 Egyptiis
1542 1166 1690 1196 tempestas
1710 1161 1742 1188 ﬁt
1754 1162 1780 1187 in

993 1211 1072 1238 mari.
1101 1209 1261 1237 Euctemoni
1285 1213 1431 1244 tempestas
1451 1210 1503 1237 sub
1522 1213 1627 1242 tempus
1648 1211 1780 1235 statutum

991 1256 1089 1283 uritur.

1028 1302 1053 1329 5.
1070 1302 1143 1329 Hora
1159 1311 1204 1330 xw
1216 1310 1276 1338 qua:
1290 1303 1317 1330 in
1334 1302 1422 1337 capite
1434 1305 1475 1329 est
1493 1300 1670 1336 prmcedentis
1692 1300 1781 1327 Gemi—

993 1356 1090 1375 norum
1107 1349 1239 1376 matutina
1255 1349 1351 1376 oritur.

1027 1394 1054 1422 6.
1078 1394 1150 1422 llora
1165 1403 1214 1422 xui
1231 1402 1291 1430 qua:
1315 1394 1348 1421 ad
1363 1402 1433 1429 genu
1457 1392 1598 1428 Sagittarii
1619 1395 1662 1420 est
1682 1392 1778 1419 oritur.

993 1440 1075 1468 Canis
1092 1441 1267 1475 vespertinus
1281 1439 1392 1467 occidit.

1026 1487 1052 1513 ’1.
1069 1486 1142 1514 Hora
1157 1495 1192 1514 xv
1206 1486 1296 1514 lucida
1314 1486 1419 1521 Aquila:
1436 1492 1549 1521 vespere
1559 1484 1676 1512 occidit.
1690 1483 1782 1519 Signi-

995 1533 1147 1561 ﬁcationem
1170 1534 1251 1561 habet
1267 1533 1406 1560 Dositheo.

1030 1578 1059 1606 8.
1075 1579 1149 1606 Hora
1165 1587 1210 1606 xtv
1220 1587 1281 1614 quae
1293 1579 1320 1606 in
1336 1578 1425 1614 capite
1436 1582 1480 1606 est
1491 1577 1679 1605 antecedentis
1692 1576 1782 1604 Gemi-

994 1633 1093 1652 norum
1107 1633 1187 1653 mane
1205 1625 1317 1657 occidit,
1337 1625 1429 1652 lucida
1457 1624 1527 1652 notii
1550 1623 1638 1651 Piscis
1661 1623 1777 1650 occulta-

994 1675 1048 1699 tur.
1066 1671 1203 1707 Egyptiis
1219 1671 1350 1699 densatur
1363 1678 1418 1698 aer.

1029 1717 1055 1744 9.
1068 1717 1140 1744 Hora
1155 1726 1200 1744 xtv
1215 1717 1303 1744 lucida
1323 1716 1401 1752 Lyra:
1417 1723 1531 1751 vespere
1552 1715 1662 1743 occidit.
1679 1714 1781 1742 Lucida

995 1765 1099 1799 Aquilae
1113 1772 1226 1799 vespere
1241 1763 1352 1791 occidit.
1365 1762 1502 1798 [Egyptiis
1521 1761 1668 1798 signiﬁcat.
1683 1760 1781 1789 Demo-

994 1811 1063 1839 crito
1076 1816 1168 1838 auster
1183 1816 1212 1837 ut
1227 1810 1386 1845 plurimum.

1031 1857 1072 1884 t0.
1091 1857 1174 1884 Canis
1189 1864 1301 1892 vespere
1315 1857 1403 1883 oritur
1424 1856 1490 1882 hora
1509 1863 1535 1882 χ.

1029 1904 1072 1930 Η.
1089 1903 1162 1931 Hora
1180 1911 1215 1930 xv
1231 1910 1292 1938 quae
1307 1906 1349 1930 est
1373 1902 1399 1928 in
1420 1901 1508 1936 capite
1527 1899 1714 1927 an'ecedentis
1728 1898 1780 1926 Ge—

993 1949 1060 1976 mini
1076 1957 1157 1976 mane
1166 1949 1276 1976 occidit.

1034 1995 1078 2023 12,
1090 1995 1162 2023 liora
1178 2003 1224 2022 xw
1237 2003 1298 2030 qua:
1318 1998 1360 2022 est
1383 1995 1409 2021 in
1423 2001 1494 2029 genu
1517 1991 1656 2028 Sagittarii
1680 1991 1778 2018 oritur.

994 2041 1149 2076 Hipparcho
1164 2045 1191 2067 et
1202 2040 1316 2067 Eudoxo
1330 2040 1440 2066 hiemat.

1030 2088 1073 2115 15.
1090 2086 1161 2114 Hora
1177 2095 1221 2113 xtv
1237 2085 1378 2121 splendida
1392 2084 1480 2112 Piscis
1495 2083 1623 2111 australis
1639 2081 1781 2110 abscondi-

994 2139 1048 2162 tur.
1069 2133 1140 2161 Hora
1152 2142 1185 2162 xv
1198 2139 1335 2169 postrema
1351 2133 1437 2160 Fluvii
1457 2139 1570 2167 vespere
1588 2131 1685 2158 oritur.
1698 2129 1781 2164 Egy-

994 2181 1058 2216 ptiis
1072 2184 1164 2208 auster
1175 2181 1218 2207 vel
1234 2180 1369 2215 zephyrus
1384 2187 1391 2212 ;
1419 2183 1566 2214 tempestas
1590 2177 1690 2205 accidit
1709 2181 1780 2203 terra

957 2230 982 2257 D
994 2227 1126 2262 marique.

1032 2273 1075 2300 14.
1094 2272 1167 2299 Hora
1184 2281 1218 2300 xv
1233 2279 1293 2307 quae
1309 2275 1352 2299 est
1367 2271 1395 2298 in
1419 2270 1510 2306 capite
1529 2269 1702 2298 succedentis
1727 2267 1781 2295 Ge-

993 2318 1131 2344 minorum
1158 2317 1270 2344 occidit.
1294 2316 1397 2343 Lucida
1421 2316 1535 2351 Aquarii
1560 2322 1640 2342 mane
1670 2313 1779 2341 occidit.

992 2364 1076 2392 Canis
1092 2363 1266 2398 vespertinus
1287 2363 1386 2390 oritur.
1409 2361 1546 2398 Egyptiis
1562 2361 1710 2389 vehemens
1733 2366 1782 2385 au-

993 2414 1050 2436 ster
1065 2416 1127 2436 cum
1141 2409 1242 2444 pluvia.

1027 2456 1071 2484 15.
1087 2456 1186 2483 Auster
1204 2457 1310 2491 ingens,
1336 2459 1364 2483 et
1379 2454 1515 2490 signiﬁcat
1535 2455 1564 2482 in
1578 2455 1646 2482 mari
1665 2452 1779 2484 tonitru,

992 2505 1019 2529 et
1033 2502 1139 2529 stillans
1154 2502 1254 2536 pluvia.

1030 2547 1073 2574 l6.
1091 2547 1164 2575 Hora
1182 2556 1217 2574 xv
1237 2547 1326 2574 lucida
1343 2546 1456 2582 Aquarii
1470 2553 1550 2573 mane
1571 2544 1679 2572 occidit.
1714 2543 1780 2575 Quae

992 2594 1020 2621 in
1031 2593 1121 2628 capite
1141 2593 1320 2628 praecedentis
1342 2596 1385 2620 est
1409 2591 1584 2619 Geminorum
1611 2595 1689 2616 mane
1709 2596 1780 2615 occi-

992 2640 1041 2668 dit.
1073 2639 1184 2666 Eudoxo
1215 2642 1308 2666 auster
1337 2637 1490 2674 signiﬁcat;
1517 2639 1659 2663 ventorum
1683 2633 1780 2661 incon-

993 2687 1103 2716 stantia.

1028 2734 1075 2761 Π.
1089 2732 1161 2760 Hora
1176 2739 1221 2760 xtv
1238 2731 1327 2759 lucida
1339 2731 1407 2759 notii
1421 2729 1508 2757 Pisas
1522 2728 1710 2756 absconditur.

1031 2821 1073 2848 18.
1085 2820 1156 2848 Hora
1169 2828 1214 2847 xtv
1237 2819 1328 2846 lucida
1345 2819 1422 2854 Lyra:
1446 2824 1559 2852 vespere
1577 2816 1687 2844 occidit.
1714 2814 1779 2848 Quae

996 2869 1023 2896 in
1038 2875 1109 2903 genu
1126 2865 1264 2902 Sagittarii
1282 2869 1323 2892 est
1338 2871 1450 2900 vespere
1461 2862 1572 2891 occidit.
