1913 3136
40 130 106 160 897

295 190 362 225 Μὴν
377 190 509 224 Ἰούλιος,
518 192 626 227 Ἐπιφί.

87 251 130 275 α’,
152 248 226 284 Ἥρᾳ
249 247 278 274 ιδ’
296 249 310 275 6
327 249 409 284 μέσος
421 249 470 284 τῆς
487 249 574 284 ζώνης
586 250 632 276 τοῦ
655 251 778 286 Ὠρίωνος
792 252 853 277 ἐπι-

46 293 163 320 τέλλει.
181 293 339 328 Αἰγυπτίοις
355 294 470 330 ζέφυρος
482 295 528 322 καὶ
539 296 642 331 καῦμα.

87 338 126 374 β’.
148 339 220 375 ’Ὤρᾳ
240 339 305 366 te’S"
327 341 341 366 6
361 340 486 376 λαμπρὸς
508 341 555 367 τοῦ
578 342 705 377 Περσέως
725 342 853 378 ἑσπέριος

46 384 216 412 ἀνατέλλει.

88 433 126 464 γ’.
146 431 307 465 Αἰγυπτίοις
321 431 436 467 ζέφυρος
450 433 523 458 πνεῖ.

86 477 124 504 δ’.
148 476 270 511 Δοσιθέῳ
289 477 474 512 ἐπισημαίνει.
494 478 656 514 Δημοκρίτῳ
667 479 782 515 ζέφυρος
805 481 850 507 καὶ

46 522 127 557 ὕδωρ
145 522 225 557 ἑῷον.
241 520 307 548 Εἶτα
325 522 418 558 βορέαι
433 522 480 550 ἐπὶ
491 522 597 558 ἡμέρας
610 523 690 550 ἑπτά.

83 571 118 594 ε’.
138 568 211 603 Ὦρᾳ
225 566 291 594 t6'S"
302 568 316 594 6
334 567 421 599 κοινὸς
431 568 558 604 Ποταμοῖ)
571 569 618 596 καὶ
633 569 712 601 ποδὸς
724 569 849 605 Ὠρίωνος

44 613 201 640 ἐπιτέλλει.
219 613 274 640 Καὶ
286 614 300 640 6
314 613 359 640 ἐπὶ
376 613 421 640 τοῦ
437 614 588 649 ἡγουμένου
599 615 675 650 ὤμου
690 615 737 641 τοῦ
757 615 849 651 Ὠρίω-

44 668 93 690 νος
109 659 261 685 ἐπιτέλλει.
279 659 386 694 Εὐδόξῳ
398 660 583 695 ἐπισημαίνει.

84 708 125 738 ς’.
146 705 219 741 ’Ὧρᾳ
237 704 307 739 ιγ’Ξη
329 705 343 731 6
358 705 405 731 ἐπὶ
423 706 471 741 τῆς
486 706 607 741 κεφαλῆς
630 706 677 733 τοῦ
695 707 845 742 ἡγουμένου

44 751 172 786 Διδύμου
185 757 192 766 ³
211 751 258 778 καὶ
273 751 287 777 6
305 751 386 786 μέσος
401 751 450 786 τῆς
470 751 559 787 ζώνης
576 752 623 779 τοῦ
643 753 768 788 Ὠρίωνος
784 755 844 780 ἐπι-

44 797 158 822 τέλλει·
175 797 221 823 καὶ
239 796 353 831 ἔσχατος
377 797 503 832 Ποταμοῦ
522 797 667 825 ἐπιτέλλει.
686 799 844 833 Αἰγυπτίοις

44 842 198 878 ἀνεμώδης
209 843 256 869 καὶ
276 842 357 877 ἀέρος
368 843 499 878 ἀκρασία.

483 130 672 161 PTOLEMEI
689 133 733 160 DE
752 132 984 162 APPARENTIIS
1003 133 1256 163 INEBRANTIUM.

1180 193 1280 225 Julius,
1299 190 1404 227 Epiphi.
1694 192 1698 196 ”

942 250 967 277 l.
977 249 1049 277 liora
1064 258 1109 277 xiv
1126 250 1214 278 media
1229 258 1304 278 zonze
1319 250 1428 279 Orionis
1441 251 1539 278 oritur.
1553 250 1689 288 Egyptiis

905 295 1030 323 favonius
1047 300 1074 323 et
1089 300 1183 323 aestus.

935 340 962 367 Ξ.
982 339 1053 367 liora
1069 349 1103 367 xv
1119 340 1169 375 1/2
1181 340 1256 367 clara
1264 340 1357 369 Persei
1366 341 1446 369 stella
1462 349 1574 377 vespere
1588 342 1686 370 oritur.

936 428 963 456 5.
981 427 1118 464 Egyptiis
1131 428 1257 456 favonius
1272 429 1358 464 spirat

936 474 964 501 ι.
990 473 1120 502 Dositheo
1146 474 1294 510 signiticet.
1317 474 1471 503 Democrito
1493 475 1632 510 favonius,
1660 481 1686 503 et

900 519 992 554 pluvia
1010 520 1155 547 matutina.
1171 519 1241 547 Tum
1257 520 1400 554 aquilones
1414 521 1448 548 ad
1466 521 1525 549 dies
1539 529 1588 549 vn.

935 564 961 592 5.
972 563 1043 592 llora
1058 572 1103 592 xiv
1114 565 1163 600 ιβ
1171 567 1324 593 communis
1338 565 1425 594 Fluvii
1438 574 1470 593 ac
1486 566 1562 601 pedis
1577 565 1684 595 Orionis

899 610 1004 644 oritur;
1018 618 1078 645 qua:
1091 610 1119 637 in
1133 611 1310 639 antecedente
1321 612 1435 639 humero
1449 616 1492 639 est
1505 611 1615 640 Orionis
1628 613 1684 640 ori:

897 658 953 682 tur.
970 654 1084 682 Eudoxo
1100 655 1329 690 significationem
1345 656 1438 684 habet.

932 700 960 728 6.
981 700 1053 728 Hora
1071 708 1120 727 xm
1137 701 1188 735 1/2
1199 709 1259 736 qua:
1271 702 1299 729 in
1320 702 1410 737 capite
1435 706 1476 730 est
1503 701 1683 737 praecedentis

892 745 1072 774 Geminorum
1089 755 1096 773 :
1111 753 1160 773 nec
1186 754 1240 773 non
1259 747 1347 775 media
1369 747 1470 782 cinguli
1496 746 1608 775 Orionis
1627 749 1683 774 ori-

896 796 957 825 tur;
981 791 1076 818 ullima
1089 791 1179 820 Fluvii
1200 792 1299 820 oritur.
1315 791 1452 828 Algyptiis
1471 792 1546 821 venti
1563 795 1591 820 et
1611 793 1684 821 aeris

894 837 1080 871 intemperies.

83 869 119 918 έ.
140 869 212 923 Ὦρα
228 887 258 913 ιδ’
273 888 288 914 6
303 869 428 923 λαμπρδς
445 869 497 914 τοῦν
509 887 613 924 βορείου
632 889 767 924 Στεφάνου
776 890 843 925 ἑῷος

929 882 956 910 7.
972 882 1045 910 Hora
1059 890 1105 910 xxv
1120 882 1194 910 clara
1215 883 1304 911 boreae
1317 882 1432 911 Coronae
1452 883 1588 912 matutino
1610 885 1682 912 occi-

42 931 120 958 δύνει
134 940 140 946 ·
158 931 205 958 καὶ
218 932 233 958 6
245 931 291 959 ἐπὶ
304 932 355 968 τῆς
368 933 490 968 κεφαλῆς
501 933 548 960 τοῦ
560 934 710 969 ἡγουμένου
725 935 786 962 Διδύ
791 944 841 970 μου

43 977 186 1005 ἐπιτέλλει
196 987 205 995 υ
219 978 266 1005 καὶ
279 979 293 1005 6
312 979 401 1011 κοινὸς
420 978 466 1005 τοῦ
482 980 580 1006 Ὶππου
595 981 642 1006 καὶ
665 981 842 1015 Ἀνδοομέδας

40 1024 178 1060 ἑσπέριος
195 1024 345 1052 ἀνατέλλει.

79 1074 130 1106 η’..
148 1070 181 1098 θ’.
199 1071 269 1106 Ὢρᾳ
290 1071 319 1098 ιδ’
333 1071 348 1098 6
363 1071 409 1098 ἐπὶ
422 1073 471 1107 τῆς
492 1072 611 1107 κεφαλῆς
626 1072 672 1099 τοῦ
690 1072 840 1108 ἡγουμένου

41 1117 166 1153 Διὸὁμου
191 1117 336 1144 ἐπιτέλλει.
359 1118 536 1152 Αἰγυπτίοις,
559 1119 680 1154 Καίσαρι
699 1119 774 1151 νότος
793 1120 841 1147 καὶ

41 1161 156 1198 καῦμα.

80 1212 108 1236 ι’.
128 1209 202 1245 "Op;
229 1209 295 1237 LB'S"
311 1211 326 1237 6
341 1210 371 1236 ὲν
385 1210 424 1245 τῷ
439 1210 564 1246 ἑπομένῳ
577 1210 646 1246 ὤμῳ
658 1210 706 1238 τοῦ
713 1210 839 1246 Ὠρίωνος

40 1253 183 1281 ἐπιτέλλει
197 1263 204 1270 ·
220 1255 267 1282 καὶ
279 1256 293 1282 6
310 1256 356 1282 ἐπὶ
370 1255 420 1291 τῆς
441 1256 553 1293 καρδίας
571 1257 619 1283 τοῦ
641 1257 755 1289 Λέοντος
772 1257 839 1293 κρύ-

40 1306 156 1326 πτεται.
170 1300 330 1334 Αἰγυπτίοις
346 1301 484 1338 ἀργέστης
498 1303 545 1329 καὶ
563 1302 649 1329 ὑετία.

78 1349 126 1372 ια’.
156 1346 225 1382 Ὥρα
249 1346 315 1374 t6’S”
336 1348 350 1374 6
368 1348 449 1383 μέσος
468 1348 517 1383 τῆς
536 1347 624 1384 ζώνης
647 1348 693 1375 τοῦ
714 1349 838 1385 Ὠρίωνος

36 1390 190 1418 ἐπιτέλλει.
204 1392 274 1428 Ὦρα
289 1395 318 1419 ιε’
328 1393 342 1418 6
357 1393 386 1419 ὲν
398 1393 436 1428 τῷ
448 1393 592 1429 ἡγουμένῳ
605 1392 673 1430 ὤμῳ
684 1394 731 1422 τοῦ
748 1395 838 1431 Ὠρίω-

39 1445 88 1469 νος
109 1437 254 1465 ἐπιτέλλει.
280 1438 439 1473 Αἰγυπτίοις
459 1439 591 1475 ζέφυρος,
606 1440 761 1476 ἀργέστης,
789 1441 837 1468 καὶ

41 1482 166 1518 βρονταί.
185 1482 361 1519 Μητροδώρῳ
377 1483 424 1510 καὶ
439 1483 577 1519 Καλίππῳ
590 1484 676 1516 νότος.

893 928 951 961 dit;
974 936 1035 964 quae
1056 928 1084 956 in
1108 929 1199 964 capite
1226 930 1413 957 antecedentis
1435 934 1477 958 est
1502 930 1679 958 Geminorum

892 973 999 1007 oritur;
1029 974 1182 1002 communis
1212 973 1281 1010 Equi
1308 977 1335 1001 et
1361 973 1541 1002 Andromedae
1567 983 1680 1010 vespere

891 1019 991 1047 oritur.

925 1065 952 1099 8,
969 1064 996 1093 9.
1013 1064 1086 1093 Hora
1099 1073 1145 1092 xtv
1158 1072 1218 1100 qua:
1233 1069 1275 1093 est
1290 1065 1317 1092 in
1331 1065 1421 1101 capite
1438 1066 1616 1106 praecedentis
1626 1066 1678 1094 Ge-

891 1110 1028 1138 minorum
1048 1112 1146 1139 oritur.
1162 1111 1298 1147 Egyptiis
1319 1119 1352 1138 ac
1373 1112 1475 1139 Caesari
1499 1117 1593 1140 auster
1615 1122 1677 1141 cuiu

888 1160 957 1184 ωειυ
962 1176 969 1183 .

925 1201 1051 1230 lO.llora
1067 1210 1112 1229 xiv
1122 1202 1172 1239 1/2
1181 1210 1241 1238 quae
1257 1203 1283 1230 in
1301 1203 1487 1238 subsequente
1497 1203 1607 1232 Orionis
1625 1204 1677 1232 hu-

889 1255 964 1275 mero
980 1252 1022 1275 est
1038 1249 1134 1276 oritur.
1157 1248 1212 1276 Cor
1232 1248 1332 1277 Leonis
1354 1250 1520 1277 occultatur.
1538 1250 1675 1286 Egyptiis

888 1299 990 1320 caurus
1001 1296 1027 1320 et
1039 1293 1140 1328 pluvia.

924 1339 968 1367 Η,
985 1338 1058 1368 Hora
1075 1347 1120 1367 xiv
1131 1339 1181 1376 1/2
1189 1339 1277 1367 media
1290 1348 1365 1368 zona:
1373 1340 1482 1370 Orionis
1491 1341 1589 1370 oritur.
1600 1341 1673 1369 liora

887 1393 921 1412 xv
939 1393 999 1420 qua:
1013 1386 1040 1412 in
1053 1386 1221 1420 praecedente
1236 1386 1350 1414 humero
1378 1386 1487 1414 Orionis
1507 1391 1550 1415 est
1574 1388 1670 1415 oritur.

887 1431 1022 1467 Egyptiis
1038 1432 1163 1460 favonius
1183 1436 1209 1459 et
1225 1440 1326 1460 caurus
1341 1440 1403 1460 cum
1419 1433 1557 1462 tonitruis.
1576 1433 1674 1461 Metro-

886 1477 953 1504 doro
970 1481 997 1504 et
1013 1476 1127 1512 Calippo
1142 1481 1246 1505 auster.

80 1528 128 1563 ιβ’.
145 1529 215 1564 Ὠρᾳ
232 1531 271 1561 ις’
286 1529 300 1555 6
322 1529 369 1556 ἐπὶ
383 1529 432 1565 τῆς
447 1530 559 1565 καρδίας
568 1530 614 1556 τοῦ
633 1530 747 1562 Λέοντος
767 1530 833 1567 κρὺ-
847 1551 850 1563 4

922 1522 966 1550 l2.
995 1522 1067 1550 liora
1089 1531 1133 1550 ιιι
1150 1531 1198 1550 cor
1220 1523 1320 1551 Leonis
1346 1524 1510 1553 occultatur.
1535 1524 1672 1561 Egyptiist

39 1582 152 1603 πτεται.
171 1575 328 1610 Αἰγυπτίοις
354 1577 539 1612 ἐπισημαίνει.
561 1576 701 1613 Ἱππάρχῳ
719 1578 833 1613 πρόδρο-
853 1568 870 1570 —
886 1568 1032 1605 εῑιηῖηοθι-
1048 1568 1203 1604 ῙῙῘΡΡἮὊῙῘΟ
1220 1570 1385 1605 Ρτοάτοηιυδ
1401 1570 1495 1599 canis.

39 1630 94 1654 uo;
114 1621 212 1654 Κυνός.

77 1671 123 1701 ιγ’.
143 1667 213 1703 Ὦρα
229 1667 260 1694 ιε’
274 1669 288 1695 6
304 1668 350 1694 ἐπὶ
371 1668 421 1704 τῆς
431 1668 552 1704 κεφαλῆς
572 1678 618 1695 του
635 1669 769 1705 ἑπομένου
789 1671 834 1696 Δι-

43 1712 128 1748 δύμου
145 1713 290 1741 ἐπιτέλλει.
306 1714 415 1741 Μέτωνι
429 1714 526 1741 νοτίαι.

77 1758 119 1785 ιδ’.
139 1758 209 1794 Ὠρᾳ
229 1758 258 1785 ιδ’
272 1759 287 1785 6
302 1759 348 1785 ἐπὶ
361 1759 409 1786 τοῦ
423 1760 556 1795 ἑπομένου
567 1759 642 1795 ὤμου
653 1760 699 1787 τοῦ
708 1760 832 1796 Ὠρίωνος

43 1803 188 1831 ἐπιτέλλει.
204 1805 364 1840 Αἰγυπτίοις
385 1806 532 1842 ἀργέστης.
552 1806 706 1842 Εὐκτήμονι
720 1807 768 1833 καὶ
787 1808 832 1834 Φι-

41 1848 136 1883 λίππῳ
149 1849 235 1876 νοτία.

75 1897 118 1921 ιε’.
138 1894 208 1930 Ὦρα
222 1896 273 1922 ιε’ό
287 1895 332 1922 ἐπὶ
347 1895 396 1931 τῆς
411 1896 523 1931 καρδίας
533 1895 579 1922 τοῦ
592 1895 703 1928 Λέοντος
715 1896 832 1932 κρύπτε-

39 1948 96 1967 ται.
110 1940 270 1974 Αἰγυπτίοις
282 1942 442 1978 δυσκρασία.

76 1989 126 2018 ις’.
144 1986 214 2023 Ὦρα
232 1987 285 2013 ιδ¹ὀ
296 1987 383 2019 κοινὸς
398 1987 445 2014 τοῦ
464 1988 562 2014 Ἵππου
585 1987 632 2014 καὶ
654 1988 830 2024 Ἀνδρομέδας

40 2033 167 2068 ἑσπέριος
193 2033 350 2060 ἀνατέλλει’
380 2034 426 2060 καὶ
449 2035 463 2060 6
485 2034 567 2069 μέσος
590 2035 639 2070 τῆς
672 2034 760 2070 ζώνης
782 2035 830 2062 τοῦ

44 2078 174 2113 Ὠρίωνος
188 2079 336 2106 ἐπιτέλλει.

76 2124 120 2156 ιζ’.
139 2124 246 2160 Ὦρᾳιε¹
257 2126 270 2152 6
285 2125 330 2152 ἐπὶ
343 2125 392 2161 τῆς
404 2125 516 2162 καρδίας
527 2125 575 2152 τοῦ
586 2126 699 2158 Λέοντος
712 2126 830 2162 κρύπτε-

39 2178 86 2198 ται
100 2177 108 2185 ·
125 2171 140 2196 6
154 2170 280 2206 λαμπρὸς
302 2171 349 2198 τοῦ
373 2171 478 2207 βορείου
493 2172 628 2206 Στεφάνου
645 2172 711 2207 ἑῷος
733 2172 805 2199 δύνει
820 2179 827 2188 ι

920 1656 964 1684 15.
983 1656 1055 1684 llora
1079 1665 1113 1684 xv
1128 1665 1188 1692 qua:
1201 1657 1227 1684 in
1246 1657 1338 1692 capite
1364 1658 1556 1694 subsequentis
1577 1657 1670 1686 Gemi-

884 1711 993 1737 norum,
1007 1703 1104 1740 oritu_r.
1117 1703 1215 1731 hletoni
1234 1704 1341 1739 pluviae.

919 1749 963 1777 14.
982 1749 1054 1777 llora
1073 1758 1118 1778 xiv
1132 1758 1193 1785 quae
1207 1750 1233 1777 in
1248 1751 1412 1779 succedente
1427 1749 1536 1778 Orionis
1552 1751 1668 1779 humero

881 1800 925 1824 est
936 1796 1034 1825 oritur.
1051 1795 1187 1832 Egyptiis
1199 1805 1309 1826 caurus.
1325 1796 1485 1825 Euctemoni
1502 1801 1529 1825 et
1543 1796 1667 1833 Philippo

882 1843 984 1879 pluvia.

918 1888 962 1916 15.
978 1887 1051 1916 Hora
1069 1896 1105 1917 xv
1125 1895 1174 1916 cor
1193 1888 1294 1918 Leonis
1316 1889 1506 1917 absconditur.
1529 1887 1665 1925 Egyptiis

881 1934 1066 1970 intemperies.

916 1979 961 2006 16.
976 1978 1049 2006 Hora
1064 1987 1108 2007 xlv
1125 1980 1278 2007 communis
1294 1979 1363 2015 Equi
1380 1984 1408 2008 et
1419 1979 1601 2008 Andromeda
1618 1988 1665 2008 vc-

881 2032 960 2060 spere
975 2025 1080 2058 oritur;
1095 2025 1184 2052 media
1195 2032 1269 2052 zonae.
1283 2024 1394 2053 Orionis
1414 2026 1503 2053 oritur

916 2111 958 2138 17.
977 2110 1048 2139 Hora
1059 2119 1093 2139 xv
1100 2119 1148 2139 cor
1157 2111 1258 2140 Leonis
1268 2111 1463 2146 absconditur;
1475 2110 1566 2140 lucida
1574 2111 1664 2140 boreae

879 2156 993 2184 Coronae
1015 2164 1096 2184 mane
1118 2157 1238 2191 occidit;
1264 2157 1419 2184 communis
1437 2156 1524 2184 Fluvii
1543 2160 1571 2184 et
1587 2157 1664 2192 pedis

38 2216 113 2242 καὶό
130 2200 218 2248 κοινδς
234 2200 362 2252 Illo-mpm}
373 2200 428 2244 lacti).
442 2217 521 2249 ποδὸς
540 2200 824 2253 ’ίὶρίωνοςιὲπιτέλλεμ
842 2213 850 2240 Ι

907 2201 989 2228 rionis
1010 2201 1107 2229 oritur.
1124 2201 1262 2238 Egyptiis
1277 2201 1428 2237 prodromi.
1445 2201 1599 2230 Metrodoro
1618 2210 1669 2246 λετ

37 2260 198 2295 Αἰγυπτίοις
210 2261 366 2297 πρόδρομοι,
382 2261 556 2298 Μητροδώρῳ
571 2262 696 2298 ζέφυρος.

76 2309 121 2342 ιη’.
139 2306 209 2342 Ὤριι⁵
222 2307 251 2333 ιδ’
266 2307 396 2343 Προκύων
414 2307 557 2335 ἐπιτέλλει.
566 2309 705 2344 Ἱππάρχῳ
717 2308 824 2344 ἀνέμων

37 2352 172 2388 ἀκρασία.

75 2397 120 2424 ιο’.
136 2398 294 2433 Αἰγυπτίοις
306 2399 409 2435 καῦμα.
418 2400 537 2435 Καίσαρι
545 2400 644 2435 ἄνεμος
656 2399 739 2432 πολὺς
751 2401 821 2426 πνεῖ.

26 2476 29 2480 ι
42 2443 184 2479 Ἱππάρχῳ
200 2444 290 2481 βορέαι
308 2446 446 2481 ἄρχονται.
667 2469 671 2472 .

26 2487 33 2516 l
73 2492 107 2516 κ’.
127 2490 196 2526 Ὦρᾳ
216 2490 283 2524 ιγ⁴51¹
299 2492 313 2517 6
327 2492 373 2518 ἐπὶ
386 2492 436 2527 τῆς
447 2491 560 2527 καρδίας
574 2491 620 2518 τοῦ
632 2491 744 2523 Λέοντος
759 2491 823 2526 κρύ-

37 2542 148 2562 πτεται.

73 2583 126 2608 κα’,
144 2580 214 2617 Ὥρα
232 2581 302 2616 ιγ’8”
323 2582 404 2610 Κύων
417 2602 424 2615 ,
447 2583 492 2610 καὶ
514 2582 643 2618 Προκυων
666 2582 799 2610 επιτέλλει
814 2592 821 2598 ·

38 2625 86 2651 καὶ
103 2625 118 2651 6
133 2624 244 2660 ἔσχατος
262 2627 388 2662 Ποταμοῦ
406 2627 549 2654 ἐπιτέλλει.
575 2626 733 2662 Αἰγυπτίοις
758 2626 822 2653 ἄνε-

39 2679 90 2706 μος
101 2672 149 2698 καὶ
158 2670 245 2699 ὺετία.

73 2718 125 2754 ιβ’.
144 2720 214 2755 Ὣρᾳ
238 2721 293 2747 ιε’ὁ
316 2720 440 2757 λαμπρὸς
464 2719 511 2747 τοῦ
538 2719 664 2755 Περσέως
694 2719 822 2754 ἑσπέριος

38 2763 177 2791 ἀνατέλλει
192 2773 199 2779 ·
215 2766 230 2791 6
244 2765 326 2800 μέσος
340 2766 389 2801 τῆς
401 2766 488 2801 ζώνης
506 2764 553 2792 τοῦ
573 2764 698 2799 Ὠρίωνος
714 2764 820 2790 ἐπιτέλλη

37 2809 88 2838 λει.
105 2811 262 2845 Αἰγυπτίοις
279 2811 326 2838 καὶ
338 2812 453 2847 Δοσιθέῳ
467 2812 540 2844 νότος
554 2811 602 2838 καὶ
616 2809 719 2845 καῦμα.

74 2856 124 2892 κγ.
146 2858 214 2894 Ὦρα
239 2858 267 2885 ιδ’
288 2859 417 2894 Προκύων
440 2859 571 2896 ἐπιτέλλει
584 2867 591 2874 ·
615 2857 703 2892 κοινὸς
722 2858 819 2884 Ἵππου

878 2247 994 2282 phyrus.

914 2293 957 2320 18.
981 2292 1053 2320 Hora
1068 2301 1112 2320 xlv
1125 2291 1249 2328 Procyon
1270 2293 1369 2321 oritur.
1392 2292 1548 2328 Hipparcho
1567 2297 1664 2321 vento-

878 2345 937 2365 rum
953 2337 1137 2372 intemperies.

913 2383 956 2410 l9.
976 2383 1112 2419 [Egyptiis
1133 2389 1226 2412 :estus.
1248 2384 1349 2412 Caesari
1363 2389 1461 2414 ventus
1474 2385 1662 2414 vehementior

877 2428 932 2456 flat.
948 2428 1105 2464 Hipparcho
1117 2430 1260 2465 aquilones
1273 2430 1415 2465 incipiunt.

910 2475 956 2502 20.
972 2474 1045 2502 llora
1060 2483 1108 2502 xm
1125 2475 1176 2511 4/2
1190 2483 1237 2503 cor
1250 2475 1349 2503 Leonis
1362 2476 1548 2505 absconditur.

911 2573 956 2601 2|.
982 2573 1054 2601 Hora
1068 2581 1116 2601 xm
1133 2574 1185 2609 1/2
1196 2574 1277 2603 Canis
1291 2578 1319 2603 et
1345 2574 1494 2604 Antecanis
1514 2575 1658 2609 oriuntur;

876 2619 970 2646 ultima
985 2618 1072 2646 Fluvii
1089 2620 1186 2648 oritur.
1202 2620 1336 2656 :Egyptiis
1350 2625 1448 2649 ventus
1461 2625 1488 2649 et
1503 2621 1602 2656 pluvia.

910 2718 955 2745 22.
978 2717 1050 2746 llora
1063 2726 1097 2746 xv
1110 2718 1201 2746 lucida
1217 2718 1308 2746 Persei
1323 2727 1437 2754 vespere
1457 2719 1555 2746 oritur.
1569 2707 1664 2746 Media.

875 2772 951 2792 monre
964 2763 1074 2792 Orionis
1096 2764 1194 2792 oritur.
1212 2764 1348 2819 Egyptiis
1372 2770 1399 2792 et
1413 2764 1543 2792 Dositheo
1565 2769 1659 2792 auster

875 2818 936 2838 Clll'll
950 2814 1028 2840 εεειυ.

909 2856 954 2883 25.
976 2855 1048 2884 Hora
1064 2852 1115 2897 xiv
1134 2856 1257 2892 Procyon
1279 2856 1387 2894 oritur;
1412 2856 1566 2884 communis
1585 2855 1655 2892 Ege!
