1913 3136
76 128 130 157 905
637 129 821 158 PTOLEMA‘II
841 130 885 157 DE
903 129 1141 158 APPARENTIIS.
1643 134 1694 163 90.

835 229 1679 242 _—_——_—__

543 298 612 373 C.
663 311 734 372 L.
800 311 1225 373 PTOLEM/EI

427 438 705 470 INERRANTlUM
736 439 976 470 STELLARUM
1006 439 1362 478 SIGNIFICATIONES,

493 536 552 566 Per
566 532 730 564 Nicolaum
745 532 920 565 Leonicum
935 542 952 564 e
968 533 1076 564 Graeco
1091 532 1260 564 translatis.

323 715 376 754 55
391 717 593 748 nummus.

74 785 113 814 Κ.
184 785 232 814 Sol
249 786 349 814 elevari
366 786 485 826 incipit,
497 786 665 822 iongiusculi
690 786 758 814 ﬁunt
780 786 838 814 dies
851 806 859 819 ν

220 832 318 868 Aquila
333 836 360 860 et
375 832 464 860 Coron
496 832 641 865 occidunt,
656 835 862 868 tempestatem-

220 886 273 914 que
286 878 414 906 elIiciunt.

75 924 113 952 iv.
184 923 231 951 Sol
247 924 335 959 magis
346 923 487 956 ascendit,
499 922 598 951 Cancri
612 923 730 951 medium
741 923 860 957 occidit,

218 970 344 1004 ventique
359 973 473 1004 ponunt.

75 1015 116 1042 iii.
182 1014 327 1050 Reliquum
341 1014 438 1042 Cancri
454 1015 569 1048 occidit,
586 1018 613 1043 et
628 1014 721 1042 varius
738 1013 813 1042 aeris
831 1013 859 1041 ﬁt

220 1060 310 1088 ﬂatus.

75 1114 120 1134 ra.
186 1105 279 1135 Hiems
296 1106 436 1134 dimidiata
448 1126 456 1138 ,
473 1105 622 1140 Aquilones
638 1104 780 1137 continui,
797 1104 861 1132 Del—

218 1153 318 1188 phinus
335 1159 396 1179 cum
414 1151 489 1179 Cane
502 1151 590 1178 oritur
604 1151 752 1178 tnatutino.

75 1197 156 1226 NON.
182 1197 305 1226 Fidicula
320 1198 455 1230 exoritur,
469 1197 564 1232 Aquila
578 1197 694 1228 occidit,
709 1195 859 1230 Delphinus

219 1248 291 1271 totus
304 1243 417 1279 emergit
426 1263 434 1274 ,
445 1246 641 1277 ventorumque
655 1241 684 1268 ﬁl
696 1248 857 1269 concursus.

75 1290 134 1317 viii.
189 1289 286 1325 Aquila
299 1289 405 1324 vesperi
419 1288 535 1321 occidit,
551 1287 597 1314 ﬁat
611 1287 721 1315 Auster.

875 721 898 750 Α
912 717 949 745 vi.

911 901 948 928 iv.

910 945 951 973 iii.

908 1090 953 1111 PR.

909 1243 944 1268 Κ.

75 1334 125 1362 vii.
178 1333 386 1369 Septentriones
412 1336 439 1361 et
453 1333 552 1368 Aquilo
566 1331 741 1360 vehementer
761 1330 858 1358 flantes
908 1332 945 1358 iv.

217 1382 397 1407 concurrunt.

73 1423 113 1451 vi.
184 1423 279 1452 Martis
293 1424 459 1452 domicilium
470 1443 478 1456 ,
494 1424 594 1451 Auster
615 1428 642 1450 et
662 1421 799 1449 Favonius
821 1420 859 1448 si-

874 1393 894 1420 B

216 1470 273 1504 mul
287 1469 370 1502 ﬂant,
387 1469 570 1505 Capricornus
585 1475 723 1503 emergere
743 1467 857 1502 incipit,
908 1476 950 1496 νη.

216 1515 307 1550 pluvia
317 1516 400 1543 simul
415 1520 442 1544 et
457 1516 543 1551 caligo
558 1514 725 1550 vespertino.

73 1561 126 1588 v.‘
187 1560 287 1589 Auster
299 1561 348 1588 ﬂat
363 1570 425 1589 cum
439 1562 541 1597 pluvia.

73 1607 111 1636 iv.
181 1606 293 1635 Pluvius
308 1607 354 1634 ﬂat
368 1608 467 1635 Auster
481 1607 636 1635 violentior.

73 1653 115 1680 iii.
185 1652 341 1688 Septentrio
362 1653 448 1681 multo
470 1653 557 1681 imbre
579 1657 607 1681 et
627 1660 726 1688 aspera
751 1655 855 1687 tempe~

215 1702 285 1726 state
299 1699 354 1726 ﬂat.

71 1752 117 1772 In.
181 1744 282 1773 Auster
298 1746 392 1781 spirat.

72 1788 118 1817 ID.
175 1788 287 1818 Astrum
303 1791 466 1823 obscurum,
481 1790 569 1826 prima
586 1789 646 1816 Mali
662 1797 725 1825 pars
739 1789 854 1823 occidit,

215 1840 297 1864 noctu
311 1837 392 1864 etiam
408 1837 486 1871 pluit.

72 1880 129 1908 xix.
179 1881 290 1909 Astrum
311 1883 458 1910 obscurum
473 1903 480 1916 ,
508 1883 581 1909 varia
601 1881 745 1917 Aquilonis
759 1885 786 1909 et
805 1881 856 1908 Se-

213 1928 376 1963 ptentrionis
401 1929 602 1962 inconstantia;
632 1928 687 1955 Leo
717 1927 851 1955 occultari

213 1974 307 2009 incipit
319 1983 325 2007 ;
342 1975 439 2009 pluviae
455 1974 532 2001 ﬁunt.

71 2018 148 2046 xviii.
177 2019 330 2054 Septentrio
343 2024 370 2047 et
386 2019 484 2054 Aquilo
500 2019 675 2047 vehementes
687 2018 767 2046 ﬂant.

71 2064 138 2091 xvii.
177 2063 225 2091 Sol
240 2064 267 2090 in
283 2064 420 2100 Aquario,
437 2064 587 2093 Vulturnus
602 2072 663 2091 cum
679 2065 781 2099 pluvia.

71 2111 126 2138 xvi.
174 2111 297 2139 Fidicula
309 2112 433 2139 occidere
446 2111 540 2146 incipit
554 2112 697 2142 matutino,
707 2113 853 2138 ventorum

215 2166 364 2186 concursus
379 2157 455 2185 ﬁunt.

70 2213 116 2232 xv.
178 2204 234 2232 Leo
244 2208 271 2232 et
283 2204 431 2240 Delphinus
441 2203 573 2230 matutino
585 2203 730 2231 occidunt:
743 2202 852 2238 Aquilo,

214 2248 369 2285 Septentrio
387 2253 414 2277 et
433 2249 532 2277 Auster
545 2253 728 2282 concurrunt,
743 2249 856 2284 pluvi:e-
906 2245 964 2273 xiii.

211 2302 264 2329 que
280 2294 356 2322 ﬁunt.

71 2339 126 2367 xiv.
179 2339 329 2367 Conversio
350 2342 377 2367 et
394 2339 490 2368 hiemis
506 2339 636 2367 medium.

71 2385 128 2412 xiii.
180 2384 278 2420 Aquilo
293 2385 339 2412 ﬂat
355 2390 381 2412 et
395 2386 503 2417 Auster.
521 2385 641 2413 medium
658 2384 759 2413 Cancri
774 2385 853 2413 occi-

212 2430 266 2463 dit,
282 2430 418 2466 Aquarius
433 2439 571 2467 emergere
586 2431 693 2466 incipit.

1021 716 1151 745 Austrum
1172 716 1275 745 clarum
1293 718 1319 746 in
1332 724 1440 754 pectore
1457 719 1555 751 Leonis
1570 724 1694 754 occidere

1054 764 1163 799 incipit,
1177 763 1298 792 Fidicula
1310 768 1414 801 vesperi
1427 768 1544 801 occidit,
1558 770 1604 797 ﬂat
1614 771 1694 806 Aqui-

1051 810 1094 843 lo,
1110 814 1137 836 et
1153 810 1287 837 interdum
1304 812 1382 846 pluit.

1022 854 1171 883 Ventorum
1188 863 1338 885 concursus
1355 866 1416 885 cum
1432 860 1551 888 nivibus.

1021 898 1170 936 Delphinus
1188 901 1312 930 occidere
1329 903 1436 940 incipit.

1019 944 1141 973 Fidicula
1162 947 1236 972 circa
1257 948 1372 982 primam
1393 949 1477 977 facem
1495 956 1572 987 parte
1589 953 1629 980 sui
1646 961 1692 981 oc-

1049 990 1140 1018 cidere
1161 990 1273 1027 incipit,
1287 994 1432 1023 vehemens
1446 996 1493 1023 ﬂat
1514 999 1610 1033 Aquilo
1630 1007 1693 1026 cum

1049 1036 1145 1064 imbre.

1016 1084 1121 1112 Imbres
1133 1091 1195 1113 cum
1211 1085 1321 1113 nivibus
1337 1088 1458 1122 permisti
1472 1088 1592 1116 cadunt-

1250 1140 1346 1169 XXXI.

1184 1187 1415 1216 FEBBUARIUS.

1018 1241 1171 1270 Obscurum
1191 1248 1297 1271 astrum
1319 1250 1448 1280 apparet.
1467 1247 1566 1275 Auster
1582 1252 1608 1275 et
1624 1248 1691 1276 Vul-

1048 1292 1147 1316 turnus
1161 1288 1238 1316 ﬂant.
1257 1289 1379 1317 Fidicula
1394 1292 1518 1320 occidere
1534 1293 1638 1328 incipit.

1018 1331 1072 1360 Aer
1085 1341 1197 1361 crassus
1211 1339 1269 1365 est,
1284 1334 1422 1364 Favonius
1435 1336 1500 1364 ﬂare
1515 1337 1619 1373 incipit.

1020 1377 1137 1406 Medium
1159 1379 1258 1407 Leonis
1282 1388 1344 1408 cum
1369 1381 1491 1410 Fidicula
1509 1385 1624 1418 occidit,
1642 1386 1691 1414 δῶ

1048 1426 1217 1460 ptentriones
1233 1431 1260 1454 et
1274 1427 1373 1463 Aquilo
1388 1428 1465 1456 ﬂant.

1013 1469 1163 1505 Delphinus
1176 1472 1276 1500 occidit
1285 1493 1293 1506 ,
1308 1473 1408 1501 Auster
1421 1476 1526 1510 vesperi
1544 1477 1689 1506 violentior

1046 1518 1091 1550 ﬁt,
1107 1521 1134 1545 et
1148 1518 1226 1553 pluit.

907 1560 986 1589 NON.
1013 1561 1086 1590 Zona
1105 1562 1215 1592 Orionis
1230 1567 1358 1601 emergit,
1372 1566 1499 1595 turbidus
1515 1572 1557 1596 est
1573 1576 1621 1597 aer
1635 1568 1688 1597 Fa-

906 1652 965 1681 viii.

906 1697 953 1724 vii.

906 1743 942 1771 vi.

906 1797 933 1816 ν.

906 1836 941 1864 iv.

905 1982 947 2000 PR.

905 2017 949 2045 ID.

867 2062 887 2090 C
905 2064 959 2090 xvi.

897 2163 951 2189 xv.

906 2201 960 2227 xiv.

905 2337 953 2365 xii.

905 2428 942 2455 xi.

71 2475 118 2503 xii.
175 2476 312 2511 Aquarius
335 2480 407 2504 totus
429 2477 560 2512 emergit,
574 2476 683 2504 Africus
704 2476 809 2512 spirat,
825 2480 853 2504 et
904 2482 931 2501 x.

212 2522 291 2557 pluit.

69 2567 107 2596 xi.
180 2567 303 2595 Fidicula
311 2575 373 2596 cum
380 2568 485 2596 Cancro
492 2568 605 2602 occidit,
616 2572 643 2596 et
654 2569 758 2604 vesperi
767 2568 848 2602 pluit.

68 2621 95 2642 x.
177 2613 276 2648 Aquilo
291 2613 337 2641 ﬁat
353 2622 415 2642 cum
431 2615 534 2651 pluvia.

69 2660 105 2686 ix.
177 2658 284 2687 Hiemat
304 2660 382 2694 dies,
404 2661 587 2689 vehementius
611 2659 676 2686 ﬁant
696 2659 798 2695 Aquilo
822 2663 850 2688 et

211 2704 372 2733 Vulturnus.

67 2750 124 2779 viii.
177 2751 337 2787 Tempestas
350 2751 493 2785 turbidior,
509 2752 590 2781 iidem
603 2752 668 2779 ﬂant
681 2753 765 2779 venti.

903 2611 940 2639 ix.

865 2733 889 2761 D

70 2795 114 2823 vii.
179 2796 288 2823 Hiemat
301 2796 375 2828 dies.
390 2797 471 2825 iidem
486 2797 551 2824 ﬂant
563 2797 652 2830 venti,
663 2797 784 2825 Fidicula
800 2805 850 2826 oc—
903 2795 951 2822 vii.

211 2841 302 2868 cidere
318 2841 422 2877 incipit.

219 2887 363 2917 ,Pnnot.
383 2887 442 2918 Gn.
460 2888 546 2919 XIX.

903 2843 939 2870 vi.

905 2749 961 2777 viii.

1046 1608 1119 1635 vonii
1134 1608 1210 1637 ﬂatu.

1013 1652 1135 1681 Fidicula
1150 1655 1263 1688 occidit,
1279 1661 1306 1684 et
1320 1656 1455 1686 Favonius
1470 1659 1504 1686 ab
1519 1668 1618 1689 occasu
1633 1661 1688 1690 ﬁat.

1013 1698 1091 1726 Veris
1107 1699 1214 1728 initium
1226 1720 1233 1734 ,
1253 1701 1389 1731 Favonius
1405 1705 1501 1739 spirat.

1017 1743 1153 1773 Favonius
1168 1749 1194 1773 et
1208 1746 1306 1781 Aquilo
1322 1749 1434 1783 spirant.

1015 1788 1170 1818 Obscurum
1184 1796 1288 1819 astrum
1300 1813 1307 1824 ,
1323 1795 1438 1829 emergit
1451 1795 1598 1830 Aquarius.

1015 1837 1168 1874 Septentrio
1181 1848 1242 1868 cum
1256 1841 1376 1869 Favonio
1388 1841 1444 1873 ﬂat,
1458 1841 1592 1870 interdum
1606 1844 1687 1872 etiam

1046 1884 1125 1918 pluit.

1013 1928 1182 1959 Subsolanus
1196 1931 1280 1967 spirat
1291 1952 1298 1964 ,
1313 1937 1340 1960 et
1354 1933 1487 1961 Arcturus
1501 1933 1598 1962 oritur.

1009 1974 1158 2003 Ventorum
1175 1985 1326 2006 concursus
1341 1982 1368 2006 et
1385 1987 1485 2014 pugna.

1005 2018 1165 2054 Sagittarius
1176 2022 1280 2056 vesperi
1293 2022 1406 2054 occidit,
1423 2026 1569 2058 tempestas
1581 2031 1687 2059 aspera.

1006 2065 1101 2092 Crater
1122 2067 1228 2102 vesperi
1250 2068 1337 2095 oritur
1349 2072 1386 2101 et,
1403 2070 1575 2097 commutatis
1589 2072 1687 2104 ventis,

1045 2116 1154 2146 superat
1169 2112 1277 2140 Auster.

1014 2155 1059 2183 Sol
1077 2157 1103 2184 in
1120 2158 1258 2192 piscibus.
1274 2159 1375 2187 hiemat
1393 2167 1449 2188 aer.

1011 2201 1165 2237 Septentrio
1179 2203 1226 2230 ﬂat
1240 2212 1303 2231 cum
1318 2205 1428 2232 Austro.
1445 2204 1491 2233 Sol
1505 2214 1603 2235 novus.

1006 2245 1089 2282 Virgo
1100 2248 1200 2276 occidit
1212 2249 1289 2284 juxta
1303 2249 1440 2278 Geminos.
1454 2251 1553 2280 Auster
1566 2251 1611 2280 ﬂat
1624 2261 1686 2282 cum

1045 2293 1165 2321 Favonio
1178 2299 1205 2321 et
1219 2295 1363 2329 Aquilone.

1009 2337 1062 2373 55
1076 2339 1162 2368 Malus
1184 2341 1290 2375 vesperi
1305 2341 1415 2370 occidit.
1431 2341 1568 2372 Favonius
1588 2345 1685 2380 spirat.

1045 2388 1072 2411 et
1086 2382 1169 2420 Virgo
1183 2386 1308 2414 occidere
1327 2387 1433 2422 incipit.

1000 2429 1154 2465 Septentrio
1168 2437 1194 2459 et
1205 2432 1304 2461 Auster
1314 2433 1380 2461 ﬂant
1397 2443 1404 2461 ε
1423 2434 1510 2463 Malus
1521 2437 1684 2464 occultatur.

1003 2476 1103 2511 Aquilo
1119 2478 1260 2512 pluviosus
1278 2480 1373 2515 spirat.
1392 2479 1447 2508 Leo
1469 2482 1580 2510 occidit.
1598 2483 1686 2517 Aqui-

1044 2522 1120 2550 lones
1136 2522 1290 2551 Chelidonii
1303 2525 1429 2560 appellati
1440 2526 1584 2561 incipiunt.
1600 2531 1627 2554 et
1637 2535 1686 2561 per

1044 2568 1220 2600 quatriduum
1236 2569 1310 2596 ﬂant.
1325 2570 1493 2599 Hirundines
1506 2578 1647 2607 apparent.

1009 2613 1142 2641 Arcturus
1156 2614 1228 2642 circa
1241 2615 1355 2650 primam
1367 2617 1485 2651 vigiliam
1506 2616 1630 2644 occidere
1642 2625 1686 2644 tn-

1042 2659 1117 2694 cipit,
1146 2659 1283 2689 Favonius
1312 2662 1407 2697 spirat,
1454 2670 1562 2697 noxque
1590 2663 1683 2690 nuhila

1039 2706 1144 2734 exsistit
1152 2719 1161 2727 ο

1006 2749 1146 2786 Halcyonii
1161 2752 1284 2787 appellati
1299 2752 1367 2781 dies.

1006 2796 1094 2824 Corus
1112 2801 1138 2825 et
1152 2797 1250 2833 Aquilo
1265 2798 1345 2826 simul
1360 2798 1436 2825 ﬂant.

1005 2842 1142 2877 Aquarius
1155 2844 1220 2872 oriri
1235 2844 1340 2880 incipit,
1356 2849 1383 2871 et
1396 2845 1474 2880 pluit.

1508 2890 1547 2921 29
