1913 3136
215 140 268 169 907

217 208 244 227 v.
317 199 450 227 Arcturus
468 199 581 235 emergit
601 203 627 226 et
641 199 719 234 pluit.
1015 206 1040 234 Α

219 246 255 274 iv.
315 247 448 274 Arcturus
458 247 546 273 oritur
557 247 703 273 matutino.

219 293 258 320 iii.
321 292 406 320 Malus
427 293 532 327 vesperi
550 292 660 320 occidit.
1052 280 1084 307 K-

219 347 262 366 ιιι,
319 337 454 366 Favonius
466 339 518 366 late
530 338 625 373 spirat.
642 337 748 366 Veritus
763 343 804 367 est
820 338 888 366 dies.

551 394 670 422 XXVI“.
1053 428 1079 448 Π

527 451 691 480 MARTIUS.
1053 441 1094 492 gi."

217 508 251 537 Κ.
322 509 424 539 Auster
439 513 466 538 et
483 510 595 537 Africus
610 510 692 537 simul
708 510 825 545 spirant.
1054 518 1096 537 sit.

218 555 254 582 vi.
323 554 512 582 Vindemiator
523 564 654 591 apparere
666 557 771 591 incipit.
786 556 885 591 Aquilo
899 557 1004 592 gelidus
1053 555 1134 583 NON.

358 600 413 628 ﬂat.
431 601 564 629 Arcturus
585 602 685 630 occidit
701 603 847 630 matutino.
1053 603 1110 630 viii.

218 655 246 674 ν.
323 646 378 674 Aer
393 647 545 680 nimbosus,
575 652 601 676 et
631 649 710 684 pluit.
734 649 867 678 Arcturus
891 650 1004 686 emergit

359 693 463 721 elevato
477 693 548 725 Sole,
563 698 588 721 et
601 693 648 721 ﬂat
660 694 769 730 Aquilo.
1054 693 1102 720 vii.

219 739 255 766 iv.
322 738 456 766 Arcturus
475 739 601 767 similiter
615 741 737 775 emergit.
1054 740 1091 767 vi.

221 784 260 811 iii.
322 783 454 812 Arcturus
469 785 587 812 interdiu
603 785 729 820 emergit.

221 837 263 856 pa.
318 828 416 864 Aquilo
427 829 482 860 ﬂat.
499 830 655 858 nubilosum
672 831 786 858 emtum.
1055 840 1082 858 v.

220 874 299 902 NON.
320 876 414 911 Equus
425 876 524 903 occidit
540 877 684 909 matutino,
700 880 726 904 et
738 876 783 904 ﬂat
794 877 904 912 Aquilo.
919 878 1005 906 Coro~
1019 876 1040 903 B
1056 878 1092 905 iv.

359 929 395 948 na
411 921 544 948 matutino
563 922 728 954 occultatur,
743 930 875 957 aquarum
885 924 920 952 de
936 925 1006 952 caelo
1057 923 1096 951 iii.

361 967 475 1001 pluvies.
1057 977 1098 996 PR.

221 1011 278 1039 viii.
327 1011 438 1039 Marium
461 1019 523 1039 aves
547 1020 678 1048 apparere
698 1013 845 1049 incipiunt.
866 1015 964 1050 Aquilo
981 1021 1008 1044 et
1057 1014 1100 1043 ID.

363 1058 568 1093 Septentriones
583 1059 657 1086 ﬂant.
676 1058 844 1094 Princtpium
860 1059 939 1089 Vet‘is
953 1067 1006 1090 est.
1057 1061 1132 1090 xviii.

364 1103 410 1130 Sol
426 1103 546 1132 Piscium
558 1104 700 1132 dimidium
717 1105 833 1133 obtinet.
851 1105 943 1142 Equus
959 1115 1006 1136 oc-
1057 1108 1121 1136 xvii.

364 1150 439 1178 cidit.

224 1195 270 1222 vii.
328 1194 424 1223 Milvus
444 1203 575 1231 apparere
597 1195 703 1231 incipit,
717 1195 762 1224 ﬂat
775 1196 886 1231 Auster,
905 1197 1007 1227 Piscis-
1057 1199 1112 1226 xvi.

362 1249 414 1277 que
429 1242 457 1269 in
476 1247 583 1278 tergore
606 1243 741 1270 matutino
753 1244 886 1270 occultari
901 1244 1006 1279 incipit.
1058 1254 1102 1273 xv.

223 1288 260 1316 vl.
332 1287 425 1324 Equus
451 1289 551 1316 occidit
568 1289 712 1317 matutino.
738 1289 835 1317 Milvus
861 1297 876 1316 a
899 1290 1007 1318 sublimi
1057 1292 1112 1319 xiv.

363 1335 491 1363 deorsum
509 1335 605 1371 vergit.
622 1335 809 1363 Vindemiator
827 1336 936 1364 occidit.
955 1336 1008 1363 Ar-
1058 1337 1116 1364 xiii.

364 1385 459 1409 cturus
467 1385 555 1409 autem
567 1382 690 1417 emergit,
700 1385 726 1409 et
734 1382 837 1416 gelidus
846 1381 891 1409 ﬂat
899 1382 1006 1417 Aquilo.
1058 1382 1105 1409 xii.

223 1436 250 1454 v.
329 1427 432 1456 Hiemis
454 1428 603 1461 abscessio,
628 1432 655 1456 et
678 1428 820 1463 Aquilonis
844 1429 877 1456 ad
894 1427 1008 1463 Septen-
1059 1426 1096 1454 xi.

364 1473 468 1501 triones
481 1473 667 1501 commutatio.
1059 1481 1086 1501 x.

225 1519 261 1546 iv.
334 1517 440 1546 Desinit
455 1518 541 1546 Piscis
554 1526 569 1544 a
586 1522 693 1554 tergore
708 1518 820 1546 elevari.
845 1517 1000 1553 Septentrio
1024 1542 1044 1554 η
1060 1519 1098 1548 ix.

365 1564 408 1592 vel
425 1564 524 1591 Auster
538 1563 593 1590 ﬂat.
628 1542 643 1554 υ
785 1564 791 1570 ”
881 1542 895 1553 r
1022 1542 1046 1574 c
1059 1565 1116 1592 viii.

226 1611 267 1638 iii.
329 1609 403 1645 Argo
419 1610 497 1637 navis
509 1610 621 1645 emergit
637 1609 752 1644 vesperi.
765 1609 902 1638 Favonius
916 1614 941 1636 et
954 1610 1009 1637 Αυ-
1058 1611 1105 1637 vii.

367 1660 423 1683 ster
435 1655 510 1687 ﬂant,
525 1659 552 1682 et
566 1655 593 1682 in
611 1655 709 1683 Leonis
722 1656 808 1683 cauda
822 1656 923 1684 hiemat
939 1657 1007 1683 dies.
1059 1656 1094 1683 vi.

225 1709 269 1729 ps.
325 1700 423 1736 Aqttilo
438 1709 485 1736 per
499 1705 586 1728 totutn
599 1701 646 1728 ﬂat
658 1701 740 1728 diem.
1059 1710 1087 1729 v.

227 1747 269 1775 ID.
326 1747 418 1782 Equus
433 1747 543 1781 occidit,
559 1751 586 1775 et
600 1747 697 1782 Aquilo
713 1747 758 1773 ﬂat
770 1746 885 1782 gelidus.
1061 1748 1096 1775 iv.

227 1794 291 1821 xvii.
323 1793 370 1822 Sol
385 1794 413 1821 in
432 1793 534 1821 Ariete.
553 1793 690 1821 Favonius
710 1793 763 1821 late
778 1794 875 1828 spirat.
897 1792 1009 1820 Ciconia
1060 1793 1100 1820 iii.

366 1844 487 1875 apparet,
505 1843 531 1867 et
546 1847 620 1867 mare
636 1840 807 1867 transmittit.
1061 1847 1103 1867 rit.

227 1888 281 1915 xvi.
330 1885 518 1914 lncoustantes
535 1886 620 1913 venti.
641 1887 741 1921 Aquilo
756 1887 852 1920 spirat.

226 1942 271 1961 xv.
326 1933 425 1960 Auster
438 1931 494 1959 ﬂat.
509 1931 606 1960 Milvus
619 1931 739 1960 diluculo
750 1936 868 1967 apparet.

227 1980 281 2006 xiv.
327 1978 425 2013 Aqttilo
440 1985 553 2005 serenus
567 1977 669 2013 spirat.

226 2025 284 2052 xiii.
323 2023 416 2060 Equus
432 2024 532 2051 occidit
551 2023 694 2051 matutino.
710 2023 810 2058 Aquilo
825 2023 867 2051 vel
893 2023 1008 2059 Septen-

367 2071 420 2098 trio
435 2069 490 2097 ﬂat.

226 2116 273 2143 xii.
320 2115 398 2143 Aries
413 2117 440 2142 in
455 2115 525 2142 latus
537 2116 660 2150 emergit.
677 2114 749 2142 Plttit
763 2118 810 2141 aut
830 2115 928 2150 ningit.
1062 2113 1093 2140 Κ.

226 2163 264 2191 xi.
321 2162 425 2190 Cancer
439 2167 546 2197 tergore
558 2163 656 2190 oritur.
674 2162 773 2189 Auster
787 2162 843 2188 ﬂat.
1063 2160 1100 2187 vi.

227 2218 255 2236 x.
320 2209 536 2245 Equinoctium,
552 2210 631 2245 pluit,
644 2209 780 2236 interdum
796 2213 882 2236 tonat.
1027 2215 1049 2242 ι)
1063 2214 1088 2232 ν.

228 2255 265 2281 ix.
321 2254 523 2289 Septentriones
543 2259 570 2282 et
585 2255 682 2290 Aquilo
693 2254 767 2280 ﬂant.
789 2253 884 2288 Equus
914 2253 1013 2281 occidit
1065 2250 1100 2276 ὶνο

368 2302 510 2329 matutino.
1064 2293 1069 2299 ’

228 2347 284 2375 viii.
329 2346 424 2374 Pisces
441 2352 547 2382 tergore
566 2350 720 2382 emergunt,
746 2346 791 2373 nix
822 2346 909 2374 imbre
932 2345 1013 2373 mista
1065 2341 1106 2369 iii.

370 2391 452 2419 cadit.
469 2392 546 2419 Aries
561 2392 693 2418 matutino
711 2392 825 2426 emergit
841 2399 902 2419 cuin
931 2391 1010 2423 mari,
1064 2395 1107 2414 PR-

374 2437 490 2465 lut-batto
505 2437 587 2464 aeris.
1064 2430 1143 2459 NON.

228 2486 275 2512 vii.
321 2483 526 2519 Equinoctium
555 2490 678 2514 vernum,
710 2483 790 2517 pluit,
814 2483 953 2510 interdum
984 2486 1011 2508 et

369 2534 456 2558 tonat.
1064 2524 1120 2551 viii.

229 2580 266 2608 vi.
337 2579 398 2605 Nox
415 2582 442 2605 et
455 2577 514 2604 dies
527 2575 644 2611 aequales
659 2575 804 2602 exsistttnt.
1064 2571 1110 2598 vii.

230 2634 256 2654 v.
329 2623 460 2659 Scorpius
481 2623 582 2650 occidit
595 2632 601 2648 ε
614 2621 759 2648 vehemens
775 2621 821 2647 ﬂat
833 2624 940 2653 ventus,
956 2620 1014 2654 plu-
1065 2618 1100 2645 vi.

370 2669 484 2704 viasque
497 2675 557 2695 cum
576 2666 724 2694 tonitribus
736 2667 906 2693 commiscet.

230 2715 267 2742 iv.
340 2713 470 2748 Scorpius
484 2711 592 2739 occidit.
617 2710 771 2746 Septentrio
789 2709 836 2736 ﬂat
857 2709 977 2745 pluvius.
1065 2719 1091 2737 v.

231 2759 271 2787 iii.
336 2759 436 2787 Auster
445 2757 492 2785 ﬂat
508 2761 535 2785 et
550 2756 628 2792 pluit.
1067 2758 1102 2784 iv.

230 2811 274 2833 ut.
329 2803 477 2832 Ventorum
492 2803 633 2839 procella;
649 2807 675 2830 et
692 2810 762 2838 stepe
777 2802 854 2839 pluit.
892 2802 895 2806 '
1066 2803 1105 2829 iii.

583 2848 674 2876 XXXI.
1067 2855 1109 2874 PR.

724 139 771 167 AD
790 138 923 169 EUSEBII
939 139 1139 170 CBRONICON
1155 140 1344 170 APPENDIX.

1796 140 1859 169 οω

1371 210 1515 239 APRILIS.

1159 281 1289 316 Scorpius
1301 280 1420 308 occidit:
1441 279 1486 306 Sol
1502 279 1554 307 diei
1572 282 1682 315 partem
1699 285 1785 305 unam
1800 278 1855 305 ad-

1197 327 1245 354 dit.
1259 327 1400 362 Aquilonis
1416 325 1478 352 ﬂatu
1490 325 1651 352 nebulosum
1669 329 1714 352 est
1730 325 1853 351 caelum:

1193 372 1319 406 Vergilize
1334 371 1400 398 oriri
1421 374 1448 398 et
1469 369 1679 405 prwsigitiﬂcari
1699 369 1852 403 incipiunt.

1158 417 1313 446 Nebulosus
1329 424 1376 444 aer
1391 424 1439 451 per
1456 423 1550 442 omnes
1564 419 1665 443 terras.

1155 463 1280 498 Vergiliae
1295 462 1423 489 occidunt
1446 462 1611 496 vespertino.

1153 509 1212 536 Flat
1231 508 1352 536 Africus.

1158 555 1295 582 Favonius
1308 555 1406 589 spirat.

1158 602 1266 630 Suculas
1277 605 1420 638 emergunt
1437 611 1443 629 :
1461 601 1612 637 pluviaeque
1628 600 1663 627 ab
1678 599 1783 627 Austro
1799 599 1852 627 de-

1195 647 1350 675 volvuntur.

1156 694 1255 721 Auster
1274 693 1330 725 ﬂat,
1346 697 1372 720 et
1382 693 1563 728 Vergiliarum
1579 691 1721 726 reliquum
1737 692 1850 719 occidit.

1161 739 1298 766 Favonius
1319 738 1384 766 ﬂare
1410 739 1504 774 incipit
1535 737 1672 764 matutino
1697 736 1851 772 :V'ergilia

1195 785 1332 812 occidunt.

1154 830 1294 858 Australes
1309 830 1443 865 procellae.

1161 877 1258 912 Aquilo
1274 877 1418 904 vehemens
1435 876 1489 908 ﬂat.
1507 874 1606 911 vesper
1619 879 1664 904 est
1687 874 1847 911 pluviosas.

1161 921 1263 957 Frigidi
1278 922 1343 948 ﬂant
1359 922 1441 954 venti,
1458 926 1484 949 et
1499 921 1578 956 pluit.

1160 968 1268 996 Suculas
1279 968 1464 995 occultantur.

1156 1015 1255 1050 Aquilo
1269 1014 1327 1047 ﬂat,
1343 1022 1458 1050 parvum
1474 1022 1595 1049 przesepe
1609 1015 1748 1041 exoritur.

1157 1061 1311 1089 Obscurum
1327 1064 1442 1093 astrum,
1459 1065 1485 1088 et
1500 1061 1584 1092 venti,
1604 1065 1630 1088 et
1646 1061 1765 1089 imbres.

1161 1107 1268 1135 Suculas
1281 1107 1410 1135 occidunt
1425 1116 1432 1135 :
1446 1106 1652 1142 frigidispirant
1667 1108 1746 1135 venti
1760 1117 1768 1135 :
1785 1107 1852 1136 Per-

1196 1161 1259 1181 seus
1270 1153 1367 1180 oritur.

1165 1198 1272 1226 Suculzc
1286 1199 1415 1226 occidunt
1433 1207 1441 1225 :
1457 1198 1541 1232 spirat
1555 1197 1708 1227 Favonius.

1164 1245 1211 1272 Sol
1228 1246 1253 1272 in
1269 1245 1360 1272 Tauro
1377 1265 1386 1278 ,
1404 1245 1511 1272 SUCUILB
1522 1246 1712 1274 occultantur.

1161 1291 1270 1318 Africus
1281 1291 1337 1319 ﬂat.

1156 1336 1263 1363 Suculm
1277 1337 1385 1371 penitus
1397 1334 1654 1364 occidunt.Africus
1666 1329 1716 1364 ﬂa’t
1728 1336 1850 1372 vesperi.

1163 1382 1299 1410 Favonius
1316 1384 1410 1417 spirat.

1163 1426 1245 1454 Tauri
1263 1432 1344 1462 caput
1359 1427 1459 1454 occidit
1474 1432 1501 1456 et
1513 1427 1590 1462 pluit.

1163 1473 1288 1508 Vergiliae
1303 1473 1465 1500 exoriuntur
1483 1483 1490 1501 ε
1508 1472 1645 1500 Favonius
1660 1473 1762 1508 spirat.

1166 1518 1289 1546 Fidicula
1305 1520 1377 1546 circa
1392 1519 1505 1554 primam
1518 1519 1604 1546 facem
1619 1524 1746 1554 apparet.

1164 1564 1284 1592 Fidicula
1300 1565 1430 1597 cernitur,
1447 1568 1474 1592 et
1491 1565 1569 1599 pluit.

1166 1610 1291 1645 Praesepe
1305 1611 1418 1646 emergit
1434 1620 1441 1638 :
1456 1610 1555 1638 desinit
1571 1609 1634 1638 Ver.

1166 1656 1273 1683 Suculae
1286 1657 1393 1691 penitus
1404 1656 1542 1689 occidunt,
1555 1660 1582 1684 et
1596 1655 1678 1684 Veris
1692 1656 1851 1685 conversis.

1165 1701 1218 1737 56
1238 1702 1335 1729 Auster
1349 1703 1405 1728 ﬂat.

1164 1747 1293 1774 Austrina
1307 1748 1376 1779 dies,
1393 1751 1419 1774 et
1434 1747 1534 1782 pluvia.

1167 1793 1245 1821 llcedi
1260 1794 1386 1821 oriuntttr
1402 1803 1409 1820 :
1424 1793 1524 1820 Auster
1537 1792 1583 1819 ﬂat
1599 1793 1752 1821 matutino.

1162 1840 1245 1867 Canis
1269 1840 1422 1867 occultatur
1441 1839 1548 1874 vesperi
1568 1847 1575 1865 :
1602 1846 1649 1866 aer
1668 1839 1853 1867 conturbatur

1203 1885 1237 1913 ab
1253 1885 1363 1919 Austro,
1381 1889 1408 1913 et
1429 1885 1527 1920 Aquilo
1544 1892 1573 1911 se
1589 1884 1672 1912 simul
1689 1885 1852 1920 permiscet.

1413 1951 1495 1979 XXX.

1397 2031 1511 2059 MAIUS.

1167 2111 1249 2139 Canis
1263 2111 1426 2141 occultatur,
1441 2116 1518 2136 rores
1531 2107 1714 2135 descendunt.

1169 2158 1274 2185 Suculte
1288 2164 1348 2183 cum
1365 2155 1426 2182 Sole
1441 2155 1576 2182 oriuntur.

1169 2203 1322 2231 Centaurus
1344 2206 1456 2237 apparet
1476 2205 1548 2227 totus
1568 2209 1574 2227 :
1594 2199 1736 2227 Favonius
1756 2200 1853 2235 spirat.

1171 2249 1301 2282 Scorpius
1322 2255 1431 2274 sursuttt
1452 2246 1562 2280 emergit
1585 2245 1710 2279 :Aquilo
1731 2244 1779 2271 ﬂat
1802 2254 1808 2271 :
1828 2249 1854 2272 ιι

1204 2302 1279 2321 rores
1293 2293 1403 2320 eadttnt.

1170 2339 1290 2366 Fidicula
1305 2339 1392 2366 oritur
1407 2337 1548 2364 matutino.

1171 2385 1316 2412 Dimidium
1335 2383 1492 2419 Scorpionis
1509 2381 1617 2409 occidit.

1173 2430 1296 2464 Vergiliae
1316 2429 1443 2456 oriuntur
1456 2427 1599 2459 matutino,
1614 2430 1642 2453 et
1660 2426 1749 2461 spirat
1767 2425 1839 2455 Fave

1204 2477 1277 2503 nius.

1167 2521 1333 2556 Principium
1347 2521 1449 2548 uastatis
1466 2529 1472 2547 :
1488 2519 1625 2547 Favonius
1640 2519 1783 2554 praevalet.

1171 2569 1269 2596 Eodem
1287 2568 1334 2594 ﬂat
1349 2568 1428 2594 modo
1443 2566 1587 2593 Favonius.

1172 2615 1292 2642 Fidicula
1310 2614 1406 2641 oritttr.
1424 2613 1530 2640 Sticula:
1544 2610 1682 2638 occidunt.
1703 2609 1790 2637 Tauri
1807 2617 1844 2637 cr.-

1205 2667 1252 2696 pttt
1265 2663 1386 2695 apparet.

1169 2708 1292 2743 Vergilite
1308 2709 1447 2741 apparent.

1171 2754 1295 2789 Vergilias
1310 2754 1444 2780 oriuntur.
1463 2751 1562 2778 Auster
1580 2749 1635 2777 ﬂat.

1173 2800 1280 2828 Suculm
1294 2799 1432 2826 occidunt.
1451 2796 1570 2836 Atistritii
1586 2799 1649 2822 sunt
1662 2795 1756 2823 ﬂatus.

1176 2845 1304 2880 Scorpius
1315 2842 1424 2876 occidit,
1440 2846 1466 2870 et
1475 2841 1597 2868 Fidicula
1607 2840 1696 2868 oritur
1707 2839 1850 2868 matutino.
