1913 3136
56 157 116 184 909

57 213 107 242 ll).
173 215 278 243 Cancer
289 216 410 243 exoritur
428 224 434 242 ε
450 221 475 244 et
489 216 535 245 ﬂat
547 217 656 246 Auster.

57 261 131 288 xvii.
171 261 279 289 Initium
294 263 406 290 astatis.

58 307 118 334 Ivi.

207 354 316 382 occidit.

55 405 107 425 xv.
172 398 217 426 Sol
232 399 259 426 in
273 398 403 428 Geminis.

56 444 117 471 xiv.
173 444 271 472 Auster
284 444 330 472 ﬂat
346 446 460 481 vesperi.

55 488 118 516 xiii.
167 488 274 516 Suculze
285 490 418 524 oriuntur,
431 495 457 519 et
472 491 518 519 ﬂat
535 492 646 528 Aquilo.

54 534 109 561 xii.
171 535 303 563 Arcturus
315 537 424 569 occidit,
438 544 538 572 aerque
552 539 744 566 conturbatur.

54 579 96 607 xi.
173 580 336 616 Sagittarius
349 583 458 616 occidit,
475 588 502 611 et
515 584 560 611 ﬂat
571 585 679 612 Auster.

55 633 84 651 x.
166 625 270 653 Gemini
286 628 456 662 exoriuntur,
472 634 499 657 et
514 629 620 665 Aquila.

55 671 94 698 ix.
166 671 273 699 Suculaa
288 673 354 700 oriri
371 673 512 709 incipiunt,
529 679 556 703 et
573 676 650 711 pluit.

53 716 115 744 viii.
163 717 272 752 Capella
287 719 374 746 oritur
389 721 532 753 matutino,
554 728 579 748 et
594 721 641 748 ﬂat
653 722 764 758 Aquilo.

53 761 103 787 vii.
169 761 274 791 Taurus
284 763 392 791 occidit.
404 765 502 792 Auster
509 766 641 800 etAquilo
654 766 728 794 ﬂant.

54 807 93 834 vi.
165 807 263 836 Auster
277 809 371 844 spirat.

54 861 82 880 v.
166 853 287 880 Fidicula
303 855 391 881 oritur
405 856 539 883 matutino
555 865 563 884 :
577 863 604 884 et
615 857 714 886 Auster
728 858 785 887 ﬂat.

54 898 93 924 iv.
162 898 262 926 Auster
279 899 423 927 vehemens
440 900 496 928 ﬂat.

55 945 94 972 iii.
162 944 287 981 Vergiliae
299 946 469 980 exoriuntur,
489 947 592 976 imbres
613 956 674 976 cum
695 951 840 980 tonitribus

199 992 276 1020 ﬁunt.

54 1044 99 1065 η.
162 1037 321 1072 Tempestas
352 1047 464 1075 aspera,
486 1041 588 1070 hiemat
612 1051 658 1071 aer
683 1053 690 1071 :

200 1085 306 1119 vesperi
319 1086 439 1113 tonitrua
454 1093 669 1116 commoventur.

391 1142 488 1170 XXXI.

379 1197 511 1226 JUNIUS.

52 1250 86 1280 Κ.
162 1251 269 1280 SucuIze
284 1257 346 1281 totae
363 1260 504 1291 emergunt
521 1265 527 1283 :
545 1256 644 1285 Auster
661 1258 717 1285 ﬂat.

53 1297 89 1324 iv.
160 1298 258 1333 Aquilo
280 1301 402 1328 exoritur
425 1311 431 1329 :
459 1303 530 1330 aeris
559 1308 718 1339 tempestas,
739 1310 767 1332 et
791 1305 837 1332 llat

195 1343 341 1374 Favonius.
414 1345 420 1350 ”

51 1390 92 1418 lii.
161 1390 303 1421 Australes
317 1394 442 1429 procella:
455 1402 517 1422 cum
533 1395 670 1424 tonitruis.

52 1445 97 1465 rx.
159 1438 259 1467 Auster
275 1439 335 1473 ﬂat,
353 1445 378 1468 et
393 1442 470 1476 pluit.

51 1482 134 1512 NON.
162 1484 260 1520 Aquilo
276 1487 400 1514 exoritur
416 1496 424 1520 ;
443 1487 492 1514 ﬂat
509 1492 611 1521 auster,
629 1492 655 1516 et
670 1489 748 1522 pluit.

721 1043 838 1079 ingentia

52 1530 111 1556 viii.
158 1531 256 1567 Aquilo
271 1532 326 1566 ﬂat,
341 1537 367 1560 et
383 1533 462 1568 pluit.

52 1576 101 1604 vii.
156 1577 288 1606 Arcturus
303 1580 402 1607 occidit
414 1581 547 1608 matutino
563 1590 569 1608 :
584 1579 721 1609 Favonius
736 1581 833 1616 spirat.

51 1623 88 1649 vi.
162 1623 312 1659 Delphinus
328 1633 464 1662 emergere
488 1627 581 1662 incipit
601 1637 607 1655 :
629 1628 762 1656 Arcturus
788 1635 836 1655 oc-

194 1670 271 1698 cidit.

51 1722 79 1741 v.
161 1714 259 1750 Aquilo
277 1715 333 1749 ﬂat,
350 1720 377 1744 et
393 1718 498 1746 modice
512 1719 592 1754 pluit.

51 1760 89 1787 iv.
153 1760 297 1790 Pluviosus
322 1771 368 1791 aer
388 1771 449 1791 cum
473 1765 609 1800 tonitruis,
639 1769 666 1793 et
699 1765 835 1794 Australis

194 1808 262 1836 dies.

52 1854 93 1882 iii.
158 1854 354 1884 Turbulentum
369 1857 468 1884 cmlum
482 1865 544 1884 cum
560 1858 700 1886 tonitruis.

51 1909 95 1929 rs.
161 1900 296 1929 Favonius
309 1903 352 1930 vel
367 1902 453 1930 Corus
465 1902 521 1934 ﬂat,
533 1906 561 1930 et
575 1907 660 1930 tonat.

51 1947 96 1974 ID.
160 1947 309 1984 Delphinus
327 1949 440 1984 emergit
455 1958 462 1976 :
478 1949 577 1976 Auster
592 1949 648 1976 ﬂat.

51 1993 129 2022 xviii.
155 1993 265 2023 Orionis
298 1995 403 2023 humeri
444 1995 610 2031 elevantur,
637 1999 664 2024 et
699 1996 835 2032 principia

191 2042 305 2070 aestatis.

50 2086 116 2114 xvii.
157 2086 310 2114 Obscurum
320 2090 434 2114 astrum.
450 2086 587 2115 Favonius
601 2090 627 2114 et
640 2087 740 2115 Auster
754 2087 832 2115 ﬂant.

50 2133 107 2160 xvi.
157 2133 235 2161 Aeris
253 2137 398 2168 tempestas
413 2138 440 2161 et
456 2134 594 2169 Aquilonii
611 2133 700 2162 ﬂatus.

50 2186 95 2206 xv.
156 2177 293 2206 Favonius
305 2187 365 2207 cum
383 2180 483 2207 Austro
499 2180 594 2214 spirat.
609 2179 717 2209 Orionis
727 2179 832 2208 humeri

190 2229 332 2260 apparent.

51 2272 104 2298 xiv.
160 2270 206 2298 Sol
223 2271 251 2298 in
266 2271 381 2299 Cancro.
395 2271 480 2300 Orion
494 2272 615 2300 exoritur
627 2273 769 2299 matutino.

50 2317 108 2345 xiii.
155 2317 254 2344 Auster
272 2321 298 2345 et
308 2317 444 2346 Favonius
459 2317 536 2359 ﬂant,
549 2319 617 2353 pluit
630 2322 657 2346 et
672 2322 759 2346 tonat.

50 2364 98 2391 xii.
152 2363 342 2399 Serpentarius
359 2365 459 2392 occidit
473 2365 620 2392 matutino.

50 2411 87 2436 xi.
155 2410 255 2438 Auster
266 2418 327 2438 cum
340 2411 474 2446 Aquilone
487 2411 583 2446 spirat.

50 2464 78 2484 ι,
153 2456 270 2485 Exortus
285 2456 405 2485 Orionis.

50 2502 86 2529 ix.
153 2501 269 2529 Obscuri
284 2502 351 2530 astri
369 2507 490 2535 exortus,
504 2506 537 2533 et
555 2503 676 2531 calorum
699 2503 827 2531 intentio.

49 2549 95 2575 viii
156 2547 278 2576 {Estivus
297 2548 390 2582 cardo,
410 2553 437 2576 et
461 2553 649 2578 momentanea
672 2551 743 2578 aeris
767 2557 832 2585 perv

190 2595 319 2622 turbatio.

50 2639 95 2666 vii.
150 2639 259 2668 Africus
277 2644 303 2668 et
318 2640 453 2669 Favonius
467 2642 547 2672 simul
561 2643 678 2678 spirant.

49 2685 85 2712 vi.
155 2685 316 2714 Brevissima
329 2695 392 2715 nox.
407 2687 489 2715 Orion
501 2690 632 2716 exoritur.

49 2739 75 2757 v.
158 2730 231 2758 Pluit
244 2733 359 2767 vesperi.
375 2732 458 2761 Canis
471 2741 600 2769 apparere
612 2735 715 2770 incipit.

50 2775 86 2803 iv.
154 2775 303 2805 Ventorum
317 2777 471 2807 conﬂictus.

51 2822 88 2850 iii.
157 2822 240 2851 Canis
260 2824 381 2852 exoritur
396 2826 538 2855 matutino.
561 2826 634 2855 Zona
647 2826 756 2855 Orionis
776 2834 824 2862 ap-

190 2874 267 2904 paret

171 306 303 343 Procyon,
325 316 406 343 quam
427 309 536 344 quidam
556 311 709 338 caniculam
734 315 844 344 vocant,

600 158 848 197 PTOLEMELDE
866 160 1106 192 APPARENTIIS.

859 223 880 251 Α
896 228 938 248 pa.

894 483 932 511 vi.

894 537 920 556 ν.

893 575 931 602 iv.

894 722 936 741 PR.

1628 161 1682 190 910

996 223 1128 250 Arcturus
1151 223 1252 251 occidit
1274 223 1418 255 matutino,
1437 227 1464 249 et
1486 221 1557 249 aeris
1581 220 1680 248 intem-

1036 270 1132 304 peries.

1243 326 1327 353 XXX.

1219 381 1349 410 IULIUS.

1002 438 1054 473 57
1070 438 1122 466 Aer
1142 439 1176 466 ab
1191 439 1325 475 Aquilone
1339 439 1526 466 conturbatur.

1002 485 1154 512 Obscurum
1168 490 1271 512 astrum
1282 495 1287 512 :
1299 485 1397 512 Auster
1411 484 1466 516 ﬂat,
1477 484 1520 512 vel
1527 483 1676 519 Favonius.

1001 529 1131 558 Austrina
1149 531 1219 562 dies,
1236 537 1263 558 et
1278 530 1450 558 conturbatio
1464 530 1544 557 aeris.

1003 575 1086 603 Orion
1109 578 1250 611 exoritur,
1271 577 1383 605 Ciconia
1403 577 1519 608 occidit,
1544 581 1570 603 et
1590 577 1676 604 Favo-

1033 623 1095 650 nius
1110 625 1196 659 spirat
1221 614 1228 619 ﬁ

1001 668 1117 696 Medium
1130 671 1228 698 Cancri
1242 675 1374 698 exoritur.
1516 707 1519 710 ⁴

993 715 1091 743 Etesiae
1108 716 1185 747 ﬂant.
1203 721 1229 744 et
1243 725 1304 744 cum
1318 717 1418 743 Austro
1435 716 1594 751 Aquilones.

892 758 972 787 NON.
995 759 1102 788 Corona
1122 762 1222 789 occidit
1237 762 1371 789 matutino
1389 770 1395 787 :
1412 761 1457 787 ﬂat
1474 764 1582 788 Auster.

892 805 949 831 viii.

823 889 832 897 ’
857 894 878 922 Β
892 894 937 921 vii.

891 939 928 966 vi.

890 993 917 1018 vr

891 1040 927 1060 IV.

888 1123 926 1150 iii.

890 1176 931 1195 PR.

888 1213 932 1241 ID.

1001 806 1123 840 Cepheus
1144 808 1276 839 exoritur,
1291 811 1318 834 ct
1333 807 1461 834 Austrina
1479 806 1550 832 aeris
1567 808 1674 840 pertur-

1031 852 1114 880 batio.

997 896 1080 924 Orion
1097 902 1171 926 totus
1185 899 1306 934 emergit.
1322 899 1420 927 Auster
1434 899 1488 926 ﬂat.

997 941 1147 970 Etesiarum
1163 946 1300 979 prodromi
1316 945 1395 973 ﬂatus
1407 947 1520 980 spirant.

997 988 1098 1016 Imbres
1113 997 1175 1017 cum
1191 991 1348 1024 tonitribus,
1363 991 1409 1018 ﬂat
1425 992 1532 1028 Aquilo.

984 1033 1067 1062 Orion
1085 1040 1158 1064 totus
1171 1038 1259 1064 oritur
1274 1039 1418 1070 matutino,
1431 1044 1456 1066 ct
1471 1040 1610 1074 prodromi
1627 1040 1670 1067 in-

1029 1082 1169 1110 valescunt
1181 1083 1273 1111 ﬂatus.

995 1125 1104 1154 Africus
1116 1127 1165 1154 ﬂat
1183 1129 1365 1157 turbulentus.

993 1171 1091 1206 Aquilo
1105 1173 1161 1200 ﬂat.

995 1217 1123 1245 Canicula
1141 1221 1271 1248 exoritur,
1290 1221 1387 1249 Etesize
1402 1222 1583 1250 invalescunt.

888 1261 962 1288 xviii.
996 1262 1078 1290 Orion
1097 1266 1228 1300 exoritur,
1242 1270 1269 1294 et
1285 1268 1419 1296 violentus
1433 1269 1478 1295 ﬂat
1491 1269 1599 1304 Aquilo.

887 1308 941 1335 xvi.

887 1407 930 1427 XV.

887 1538 941 1565 xiv.

887 1629 946 1658 xiii.

887 1675 934 1702 xii.

885 1767 923 1794 xi.

885 1905 922 1933 ix.

884 1998 939 2024 viii.

883 2089 929 2117 vii.

883 2185 919 2213 vi.

844 2236 910 2266 Dv.

882 2279 919 2306 iv.

881 2371 920 2399 iii.

881 2470 923 2490 PR.

880 2737 916 2764 iv.

880 2783 920 2810 iii.

879 2837 921 2856 Ριι.

991 1309 1106 1338 Aislatis
1121 1311 1275 1344 dimidium,
1290 1318 1316 1340 et
1327 1314 1384 1341 dies
1397 1314 1539 1348 Aquilonis
1555 1314 1618 1341 ﬂatu
1635 1315 1672 1342 al-

1027 1357 1141 1391 gentior.

994 1397 1130 1428 Favonius
1146 1407 1172 1429 ct
1187 1402 1322 1430 interdum
1340 1403 1438 1432 Auster
1456 1405 1571 1440 spirant.
1587 1407 1670 1435 Canis

1025 1449 1111 1474 oritur
1127 1450 1270 1481 matutino.
1297 1454 1324 1477 et
1346 1452 1437 1478 etesiae
1462 1453 1579 1487 amplius
1594 1454 1670 1481 inva-

1024 1494 1139 1521 lescunt.

995 1538 1079 1567 Orion
1095 1541 1226 1568 exoritur.
1242 1541 1329 1570 Corus
1345 1542 1400 1576 ﬂat,
1418 1547 1545 1580 totusque
1559 1551 1670 1581 apparet

1027 1586 1122 1615 Orion.

994 1630 1039 1658 Sol
1052 1632 1078 1658 in
1093 1631 1192 1661 Leone.
1201 1633 1289 1662 Corus
1300 1635 1395 1669 spirat,
1407 1635 1524 1665 etCanis
1536 1639 1668 1667 exoritur.

993 1675 1090 1706 Etesiw
1105 1685 1166 1705 cum
1188 1678 1249 1706 aliis
1263 1679 1351 1706 ventis
1367 1687 1414 1715 per
1431 1687 1514 1708 unum
1529 1686 1556 1710 et
1573 1683 1668 1718 viginti

1025 1723 1090 1750 ﬂant
1102 1725 1169 1752 dies.

987 1768 1128 1798 Prodromi
1144 1772 1224 1802 ﬂatus
1240 1775 1292 1802 late
1307 1776 1423 1810 spirant.

985 1813 1089 1842 Cancer
1105 1822 1179 1845 totus
1195 1827 1257 1846 cum
1268 1812 1362 1849 Leone
1377 1823 1510 1855 exoritur,
1527 1827 1554 1851 et
1569 1823 1666 1859 Aquila

1025 1862 1136 1890 occidit.

990 1907 1044 1935 Leo
1062 1917 1123 1936 cum
1139 1910 1201 1939 Sole
1217 1914 1338 1941 exoritur
1355 1919 1382 1942 et
1397 1915 1478 1944 Cane.
1497 1916 1600 1944 Cancer
1616 1916 1660 1943 de-

1025 1955 1141 1984 scendit.

992 2000 1097 2029 Gemini
1122 2003 1245 2031 occidere
1270 2005 1414 2041 incipiunt.
1437 2008 1519 2036 Canis
1540 2013 1663 2047 emergit,

1024 2050 1050 2074 et
1064 2047 1186 2075 Austrini
1204 2054 1267 2077 sunt
1281 2051 1371 2079 ﬂatus.

984 2092 1076 2128 Caiigo
1090 2101 1215 2123 arenosa.
1229 2097 1326 2131 Aquila
1341 2099 1451 2132 occidit,
1465 2099 1518 2128 Leo
1530 2103 1662 2134 exoritur,

1022 2139 1068 2166 ﬂat
1083 2140 1193 2169 Auster.

987 2187 1155 2216 Canicularis
1171 2193 1264 2218 aestus.

990 2230 1168 2261 Vehementes
1179 2236 1293 2264 calores.
1305 2235 1402 2265 Etesize
1414 2239 1535 2268 valenter
1548 2241 1663 2276 spirant.

988 2279 1090 2308 Lucida
1119 2282 1196 2309 stella
1225 2283 1250 2310 in
1272 2282 1370 2312 Leonis
1399 2290 1508 2320 pectore
1530 2289 1661 2319 exoritur.

1019 2327 1119 2362 Aquilo
1135 2328 1239 2363 gelidus
1254 2334 1366 2365 propter
1380 2335 1486 2360 atstum.

983 2373 1160 2402 Autumnales
1170 2374 1275 2403 fructus
1285 2384 1416 2412 apparere
1427 2379 1568 2414 incipiunt.
1578 2381 1663 2418 Aqui-

1020 2417 1045 2444 la
1058 2419 1158 2446 occidit
1174 2421 1317 2454 matutino,
1332 2430 1432 2458 aerque
1447 2424 1573 2454 turbidtts
1587 2425 1626 2454 iit.

985 2463 1087 2492 Auster
1101 2472 1163 2493 cum
1180 2466 1274 2494 Africo
1290 2467 1371 2496 simul
1386 2469 1500 2504 spirant.

1223 2533 1319 2562 XXXI.

1171 2589 1366 2620 AUGUSTUS.

986 2647 1085 2682 Aquila
1103 2647 1203 2675 occidit
1217 2649 1362 2681 matutino,
1380 2649 1426 2676 ﬂat
1445 2649 1565 2685 Africus,
1581 2658 1661 2679 aren-

1020 2697 1061 2720 ICS
1078 2698 1142 2720 sunt
1151 2698 1244 2722 (θείας.

989 2738 1087 2773 Aquila
1101 2739 1213 2770 occidit.
1229 2747 1275 2768 aer
1288 2740 1444 2769 Austrinus.

984 2785 1114 2812 Austrina
1129 2785 1198 2814 dies.

982 2829 1082 2858 Leonis
1094 2831 1213 2859 medium
1228 2833 1359 2860 exoritur.
1369 2833 1457 2860 Arbor
1473 2833 1499 2860 in
1512 2833 1564 2861 hoc
1577 2834 1661 2862 biduo

1020 2882 1140 2912 apparet.
1153 2879 1251 2907 Auster
1265 2880 1406 2908 nimbosus
1418 2880 1590 2910 vehementer
1603 2880 1660 2910 ﬂat.
