1913 3136
229 154 281 184 OH

370 262 513 289 vehemens
527 260 573 287 ﬂat
597 260 708 294 Auster,
721 265 748 288 et
763 260 850 289 Grues
871 265 1014 297 apparent.

336 306 460 337 Fidicula
474 305 656 333 contrahitur.
672 305 803 334 Austrina
817 306 875 334 dies
887 310 1015 334 aestuosa.

330 351 439 380 Orionis
452 351 571 380 medium
581 352 748 385 occultatur,
759 357 786 380 et
796 352 854 380 dies
871 354 904 380 ab
917 353 1016 380 Austro

366 397 544 433 caliginosus,
560 401 586 425 et
599 402 747 426 aestuosus.

228 443 265 471 vi.
332 442 391 471 Leo
408 443 541 475 exoritur,
555 449 638 471 aestus
655 443 845 474 intolerabilis,
867 443 1016 471 nebulosus

368 497 416 516 aer
428 498 435 516 :
451 488 561 516 Orionis
575 490 698 516 exoritur
710 489 840 516 medium.

229 542 253 561 v.
332 533 486 562 Obscurum
510 540 624 562 astrum.
650 534 806 570 Septentrio
830 535 898 562 lenis
919 535 1015 570 spirat,

367 584 451 608 aestus
470 580 628 608 mediocris.

227 626 263 652 iv.
336 624 455 654 Lunaris
468 626 591 655 defectus
602 627 629 653 in
648 626 718 654 hanc
734 627 805 655 diem
818 627 959 655 incurrere
971 635 1016 655 so-

368 672 415 699 let.
437 672 538 700 Auster
557 675 585 700 et
603 672 703 707 Aquilo
723 672 840 708 spirant,
865 676 892 701 et
909 673 1016 700 calores

367 722 432 745 sunt
444 717 582 753 ingentes.

227 763 268 790 iii.
340 761 464 791 Fidicula
491 763 591 791 occidit
621 764 768 792 matutino.
792 763 946 791 Autumnus
970 763 1014 791 in-

366 809 458 837 choat.
473 809 623 837 Ventorum
634 817 786 837 concursus
802 809 842 836 iit.

227 863 269 882 pit.
335 854 485 884 Ventorum
500 855 645 883 conﬂictus
659 860 686 883 et
702 863 804 891 pugna.

227 901 270 929 ll).
339 901 490 937 Delphinus
505 909 567 928 cum
584 901 689 936 Lepore
709 901 819 939 occidit.

226 947 282 974 xix.
336 946 461 974 Estuosi
479 951 505 974 et
520 947 677 982 squalentes
692 946 808 974 calores.

226 992 304 1021 xviii.
336 992 490 1020 Obscurum
506 997 626 1024 astrum,
645 995 673 1019 et
685 990 826 1020 Favonius
840 999 902 1019 cum
918 995 1014 1020 austro

368 1039 466 1074 Spirat.

229 307 287 335 viii.

229 353 276 380 vii.

227 1085 295 1113 xvii.
339 1084 488 1120 Delphinus
499 1084 600 1113 occidit
611 1084 756 1112 matutino.

227 1132 285 1160 xvi.
337 1131 468 1159 Autumni
482 1132 601 1158 initium.

229 1185 274 1204 xv.
338 1176 460 1205 Fidicula
477 1177 587 1210 occidit,
601 1181 629 1205 et
644 1176 690 1204 [lat
706 1177 816 1213 Aquilo.

227 1223 283 1250 xiv.
334 1222 482 1258 Delphinus
500 1223 664 1255 occultatur,
685 1223 832 1250 mediocris
848 1226 941 1250 aestus.

226 1269 286 1295 xiii.
336 1267 460 1295 Fidicula
484 1268 585 1295 occidit
607 1269 749 1295 matutino.
777 1267 824 1295 Sol
847 1267 876 1295 in
892 1266 1012 1303 Virgine.

365 1315 465 1342 Auster
480 1314 537 1346 ﬂat,
554 1314 638 1349 pluit,
656 1317 684 1341 et
700 1318 787 1341 tonat.

226 1359 274 1387 xii.
334 1359 381 1387 Sol
395 1360 424 1387 in
438 1364 494 1388 tota
508 1359 628 1395 Virgine.

226 1405 266 1432 xi.
337 1404 421 1440 Virgo
433 1406 565 1433 exoritur.

226 1457 254 1477 x.
338 1449 493 1485 Septentrio
508 1450 578 1478 lenis
595 1451 692 1486 spirat,
709 1455 765 1478 tota
783 1451 906 1478 exoritur
919 1449 1011 1486 Virgo,

368 1496 440 1523 aeris
457 1502 499 1523 est
515 1496 660 1524 serenitas.

229 1540 266 1568 ix.
335 1538 417 1576 Virgo
432 1541 563 1568 exoritur.
579 1541 678 1577 Aquilo
692 1542 749 1570 ﬂat.

228 1585 286 1613 viii.
340 1585 439 1613 Etesize
449 1590 563 1621 ponunt.
576 1587 675 1623 Aquilo
687 1587 811 1623 frigidior
823 1587 889 1616 ﬂare
903 1589 1009 1624 incipit.

228 1632 274 1658 vii.
335 1631 484 1667 Delphinus
504 1633 636 1667 exoritur,
650 1638 676 1662 et
687 1634 788 1662 Auster
803 1635 859 1662 ﬂat.

227 1677 264 1704 vi.
336 1677 525 1706 Vindemiator
537 1680 662 1715 emergit.
673 1680 774 1707 Auster
784 1684 811 1707 et
827 1679 962 1709 Favonius
975 1681 1012 1708 sl-

370 1725 425 1751 mul
439 1724 515 1752 ﬂant.

229 1777 255 1795 v.
343 1767 426 1805 Virgo
439 1777 573 1806 apparere
588 1771 692 1808 incipit.

228 1814 263 1841 iv.
336 1813 474 1843 Favonius
489 1816 557 1844 lenis
572 1818 670 1852 spirat.

227 1859 267 1886 iii.
336 1859 420 1896 Virgo
436 1862 569 1895 exoritur,
580 1862 718 1892 Favonius
729 1864 845 1892 molliter
861 1863 923 1892 ﬂat.

227 1912 271 1932 rx.
338 1905 511 1935 Andromeda
527 1909 660 1937 exoritur.

571 1964 667 1993 XXXI.

513 2031 728 2061 SEPTEMBER.

226 2089 258 2118 Κ.
334 2089 508 2118 Andromeda
528 2090 660 2121 exoritur.
681 2090 782 2118 imbres
799 2097 862 2117 cum
879 2088 1008 2117 tonitruis

366 2136 444 2169 ﬁunt,
463 2136 509 2164 ﬂat
527 2136 680 2165 Vulturnus
708 2146 714 2163 :
737 2137 922 2165 inconstantes
946 2140 1010 2164 sunt

364 2182 448 2209 venti.

225 2225 263 2254 vi.
333 2227 467 2255 Australis
482 2227 569 2255 Piscis
583 2235 638 2256 non
649 2227 766 2263 amplius
778 2227 940 2256 occultatur.

224 2279 254 2300 ν.
334 2272 423 2300 Tonat
439 2277 466 2300 et
481 2274 560 2308 pluit.

225 2318 264 2345 iv.
334 2318 469 2347 Arcturus
489 2326 552 2346 cum
573 2318 774 2347 Vindemiatore
790 2319 933 2347 exoritur:
952 2319 1010 2346 Ma-

366 2364 409 2391 lus
423 2365 586 2392 occultatur.

225 2408 266 2437 iii.
317 2409 457 2442 ,Mercurii
467 2410 645 2438 domicilium.
658 2409 793 2438 Favonius
805 2411 892 2446 spirat
910 2421 916 2439 :
933 2414 960 2439 et
976 2418 1007 2438 ex

366 2459 509 2482 venturum
524 2455 705 2482 inconstantia
721 2455 822 2483 imbres
835 2455 944 2482 cadunt.

226 2507 269 2526 ru.
329 2498 422 2535 Equus
439 2499 572 2528 exoritur.

226 2544 306 2573 NON.
323 2545 378 2581 58
397 2544 508 2580 Capella
531 2545 643 2581 emergit
665 2554 671 2571 :
688 2545 796 2574 Africus
817 2545 863 2573 ﬂat
881 2546 1008 2581 vesperi,

365 2595 392 2618 et
408 2590 485 2626 pluit.
498 2620 504 2626 _
772 2619 781 2626 J

225 2636 283 2664 viii.
337 2620 472 2664 Arcturus
492 2620 603 2671 apparet
618 2644 625 2662 :
643 2636 689 2664 ﬂat
702 2620 811 2673 Aquilo,
828 2642 856 2665 et
872 2637 1009 2665 interdum

367 2687 451 2710 tonat.

225 2727 273 2756 vii.
336 2728 456 2764 Virginis
473 2728 593 2756 medium
613 2728 743 2757 exoritur.
765 2727 901 2758 Favonius
923 2729 1010 2765 spirat

367 2781 430 2800 cum
443 2772 546 2801 Africo.

227 2818 263 2845 vi.
302 2834 304 2836 -
332 2818 404 2846 idem
415 2820 485 2848 aeris
496 2823 594 2848 status.

228 2871 255 2890 ν.
331 2864 404 2892 Idem
414 2867 487 2894 seris
499 2869 596 2894 status.
847 2883 869 2891 κ.
877 2882 886 2886 —

725 156 771 183 AD
789 155 926 184 ‘EUSEBH
943 154 1138 183 CllliONlCON
1158 154 1336 184 APPENDIX.
1382 174 1385 175 ν

229 214 309 243 NON.
333 215 441 242 Corona
469 213 579 242 occidit.
608 213 709 242 Leonis
734 215 854 243 medium
884 215 1015 246 exoritur,
1032 215 1105 246 Aiv.

1025 2237 1046 2265 Ι)
1060 2225 1097 2252 iv.

1812 157 1870 186 9η

1171 215 1304 243 Arcturus
1317 216 1450 244 exoritur.

1069 260 1108 287 iii.
1170 261 1287 288 Arcturo
1300 261 1440 288 exoriente
1452 259 1553 287 imbres
1563 259 1676 288 cadunt.

1068 314 1110 333 PR.
1175 306 1300 342 Vergilize
1314 314 1376 334 cum
1389 306 1465 341 Equo
1477 306 1650 333 exoriuntur.

1068 351 1111 378 ID.
1175 351 1341 380 Hirundines
1352 360 1407 380 non
1417 351 1545 380 videntur
1563 360 1571 379 :
1593 351 1710 387 Capella
1724 352 1864 387 exoritur,

1207 403 1234 426 et
1246 400 1324 434 pluit.

1067 444 1122 470 xvi.
1173 443 1449 476 Duodecatemorion,
1467 444 1494 472 id
1509 448 1561 478 est,
1577 452 1614 472 xu
1628 444 1722 480 portio
1735 446 1864 472 autumni

1208 490 1261 517 inci
1266 491 1314 525 pit.

1067 544 1111 564 xv.
1170 535 1307 564 Favonius
1319 536 1372 564 late
1385 536 1469 572 spirat
1479 544 1541 564 cum
1556 535 1659 564 Africo.

1068 584 1122 610 xiv.
1170 582 1259 610 Piscis
1276 583 1409 615 exoritur,
1421 587 1448 610 et
1462 582 1616 618 Seplentrio
1629 583 1720 618 ponit.

1067 629 1125 657 xiii.
1173 628 1220 656 Sol
1241 629 1269 656 in
1284 628 1365 656 Libra
1381 638 1387 656 ε
1403 629 1498 656 Crater
1512 633 1623 664 apparet
1647 639 1652 655 :
1671 629 1784 657 Arcturi
1805 636 1862 658 tnev

1206 673 1281 701 dium
1296 674 1418 701 cernitur
1433 674 1579 701 matutino.

1067 719 1115 747 xii.
1170 719 1287 746 Arcturo
1302 720 1444 747 exoriente
1456 720 1556 747 imbres
1568 719 1673 754 copiosi
1690 720 1803 748 cadunt.

1065 766 1103 793 xi.
1170 765 1374 801 Equinoctinm
1386 766 1553 796 autumnale,
1565 770 1591 793 et
1607 766 1702 794 Pisces
1717 767 1857 794 occidunt.

1065 820 1094 839 x.
1174 812 1245 848 Argo
1261 812 1403 839 descendit
1419 821 1426 839 :
1446 812 1561 847 pluviosi
1576 812 1649 838 aeris
1668 813 1856 840 conturbatio.

1065 859 1103 885 ix.
1173 856 1267 884 Pisces
1290 857 1421 884 occidunt
1446 866 1454 884 :
1478 857 1615 884 Austrina:
1647 856 1718 884 ﬂunt
1741 858 1857 892 pluvias:

1201 904 1272 931 aeris
1292 907 1491 938 ventorumque
1513 903 1741 931 conturbationes
1753 908 1781 931 et
1795 911 1857 930 nna~

1203 948 1242 976 ris
1257 951 1445 983 tempestates.

1169 993 1287 1021 Lunaris
1298 993 1422 1021 defectus
1440 993 1467 1020 in
1481 992 1550 1020 hanc
1563 992 1681 1021 incurrit
1690 993 1776 1021 diem.
1788 993 1860 1021 Cen-

1202 1043 1299 1067 taurus
1313 1039 1445 1067 exoritur.

1063 1085 1110 1113 vii.
1165 1084 1318 1113 Nebulosus
1332 1092 1379 1112 aer
1388 1089 1415 1112 et
1428 1084 1601 1112 turbulentus
1615 1084 1737 1112 exsistit.

1063 1131 1101 1158 vi.
1172 1129 1247 1158 Haedi
1267 1130 1453 1158 exoriuntur:
1470 1134 1497 1157 et
1511 1130 1612 1157 Auster
1631 1129 1782 1157 vehemens
1800 1129 1857 1156 ﬂat.

1063 1185 1090 1205 v.
1172 1176 1255 1212 Virgo
1270 1176 1378 1204 desistit
1399 1183 1546 1211 emergere.
1565 1175 1691 1211 Vergilia
1719 1176 1858 1202 matutino

1203 1227 1230 1250 et
1245 1222 1353 1257 vesperi
1369 1226 1519 1257 apparent:
1538 1220 1610 1248 [laedi
1626 1228 1689 1248 cum
1711 1219 1777 1248 Sole
1792 1228 1858 1248 exo-

1202 1267 1312 1294 riuntur
1329 1276 1336 1294 :
1353 1270 1495 1295 ventorum
1516 1270 1542 1293 et
1560 1266 1644 1293 maris
1661 1265 1791 1301 procella
1809 1273 1858 1293 va-

1203 1312 1264 1339 lid‘a:
1278 1311 1357 1339 ﬁunt.
1493 1334 1503 1342 .

1064 1359 1099 1386 iv.
1173 1358 1274 1386 Auster
1285 1358 1431 1386 vehemens
1445 1357 1492 1385 ﬂat
1509 1368 1514 1384 :
1535 1361 1711 1393 tempestates
1724 1357 1855 1385 horride.

1064 1405 1103 1432 iii.
1171 1403 1294 1439 Vergilia
1321 1404 1455 1431 matutino
1480 1407 1650 1437 cernuntur,
1684 1407 1712 1430 et
1743 1402 1857 1438 pluvius

1202 1449 1249 1476 ﬂat
1263 1449 1372 1478 Auster.

1063 1503 1107 1524 pri.
1169 1495 1278 1530 Capella
1300 1495 1414 1531 emergit
1436 1503 1521 1531 usque
1535 1496 1569 1523 ad
1581 1495 1772 1531 vespertinum
1789 1493 1855 1523 Ver-

1203 1542 1329 1577 giliarum
1346 1550 1485 1570 occasum.

1407 1598 1491 1626 XXX.

1366 1665 1536 1694 OCTOBER.

1062 1722 1094 1749 Κ.
1171 1721 1292 1758 Vergilia:
1309 1723 1336 1750 in
1352 1724 1457 1751 oriente
1472 1730 1602 1758 apparere
1617 1722 1754 1758 incipiunt
1773 1731 1780 1748 :
1795 1722 1854 1748 Au-

1208 1774 1264 1798 ster
1279 1769 1326 1796 ﬂat
1343 1769 1485 1797 matutino.

1063 1813 1100 1841 iv.
1165 1813 1246 1841 Iidem
1256 1813 1378 1841 Austrini
1388 1814 1466 1842 ﬂatus
1476 1823 1482 1841 :
1494 1817 1521 1841 et
1530 1812 1713 1850 Vergiliarum
1727 1817 1852 1841 exortus.

1062 1858 1102 1886 iii.
1166 1859 1338 1892 Heniochus,
1371 1859 1398 1886 id
1421 1863 1464 1887 est
1492 1860 1593 1895 Auriga
1620 1859 1737 1892 occidit,
1761 1863 1789 1886 et
1817 1859 1854 1885 ab

1200 1905 1333 1939 Aquilone
1348 1909 1434 1932 tonat.

1063 993 1121 1021 viii.

1061 1957 1104 1976 ra.
1171 1948 1248 1977 Haedi
1260 1951 1432 1984 exoriuntur,
1447 1954 1474 1978 et
1487 1950 1565 1985 pluit.

1060 1995 1140 2023 NON.
1161 1995 1269 2024 Corona
1280 1998 1404 2032 emergit,
1421 2001 1447 2025 et
1461 1997 1604 2025 conversio
1615 1991 1659 2024 est
1673 1997 1792 2025 aestatis.

1059 2042 1117 2069 viii.
1164 2042 1265 2070 Arietis
1285 2042 1404 2070 medium
1422 2043 1521 2071 occidit
1536 2051 1598 2070 cum
1614 2042 1778 2079 Scorpione.

1059 2086 1106 2114 vii.
1165 2087 1278 2121 Eadem,
1294 2096 1355 2123 quae
1369 2089 1456 2124 prior,
1476 2089 1653 2124 signiﬁcatio.

1060 2131 1095 2159 vi.
1163 2133 1268 2160 Corona
1277 2140 1339 2160 cum
1351 2132 1443 2161 Haedis
1453 2134 1575 2161 exoritur
1586 2143 1592 2161 :
1603 2142 1650 2162 aer
1657 2134 1851 2162 conturbatur.

1060 2187 1086 2206 v.
1166 2179 1241 2207 Haedi
1253 2187 1315 2207 cum
1327 2179 1454 2214 Vergiliis
1467 2183 1620 2215 emergunt,
1631 2185 1658 2208 et
1668 2181 1715 2208 ﬂat
1728 2181 1850 2208 Africus.

1169 2225 1250 2253 Libra
1265 2226 1331 2253 oriri
1349 2225 1454 2260 incipit,
1469 2223 1605 2253 Favonius
1619 2227 1715 2260 spirat.

1061 2271 1099 2299 iii.
1173 2271 1280 2299 Corona
1293 2272 1415 2299 exoritur
1429 2272 1562 2299 matutino
1572 2273 1660 2299 :venti
1676 2277 1850 2301 commutan—

1208 2323 1265 2350 tur,
1283 2325 1435 2353 asperaque
1450 2317 1478 2345 in
1493 2318 1561 2345 mari
1575 2318 1604 2345 ﬁt
1617 2318 1719 2346 hiems.

1059 2371 1102 2391 ru.
1170 2362 1293 2399 Vergiliae
1305 2363 1476 2394 exoriuntur,
1492 2367 1518 2389 et
1529 2362 1575 2389 ﬂat
1584 2364 1695 2390 Auster.

1061 2409 1102 2436 ID.
1167 2408 1275 2436 Corona
1296 2408 1410 2443 emergit
1431 2417 1438 2436 :
1463 2408 1534 2435 aeris
1554 2408 1747 2441 commutatio,
1767 2414 1795 2436 et
1812 2413 1849 2436 tu-

1200 2453 1304 2482 multus
1313 2453 1352 2481 ﬁt.

1059 2499 1115 2527 xix.
1165 2498 1264 2534 Aquilo
1278 2499 1428 2527 immensus
1443 2498 1498 2526 ﬂat.

1060 2545 1136 2572 xviii.
1167 2545 1297 2572 Autumni
1312 2545 1443 2577 medium,
1459 2549 1486 2573 et
1500 2545 1600 2572 Auster
1611 2544 1669 2572 ﬂat.

1060 2591 1125 2618 xvii.
1162 2590 1244 2618 Orion
1258 2590 1381 2626 emergit,
1394 2595 1421 2618 et
1433 2591 1589 2618 rorulentus
1604 2594 1646 2618 est
1664 2598 1723 2618 aer.

1060 2637 1115 2665 xvi.
1165 2637 1276 2669 Eadem,
1293 2644 1354 2672 quae
1366 2637 1451 2672 peior,
1468 2636 1642 2672 signiﬁcatio.

1060 2691 1104 2711 xv.
1167 2682 1266 2710 Tristis
1275 2687 1302 2710 et
1313 2683 1423 2710 nubilus
1441 2682 1509 2710 dies.

1059 2730 1114 2756 xiv.
1167 2727 1213 2756 Sol
1227 2729 1255 2756 in
1271 2727 1436 2764 Scorpione.
1451 2732 1478 2755 et
1491 2727 1628 2756 Favonius
1641 2728 1742 2764 spirat.

1061 2775 1118 2802 xiii.
1169 2773 1294 2810 Vergiliae
1309 2775 1437 2802 occidunt
1449 2784 1455 2802 ε
1469 2774 1593 2809 aerisque
1607 2780 1651 2802 est
1660 2774 1846 2804 conturbatio:

1061 2821 1108 2849 xii.
1165 2820 1280 2852 Eadem,
1294 2828 1355 2857 qua
1378 2821 1465 2856 prior,
1488 2820 1670 2856 signiﬁcatio,
1697 2821 1748 2850 sed
1766 2823 1844 2850 etiam

1200 2867 1276 2901 pluit.
