1913 3136
69 177 125 206 915

72 238 110 266 xi.

71 294 100 313 x.
171 284 310 320 ,Scorpius
323 284 423 312 occidit
441 293 449 311 ι
467 282 566 318 Aquilo
583 282 628 310 ﬂat
646 293 652 310 :
669 282 697 310 in
708 283 777 311 mari
787 287 858 312 tem-

211 333 305 365 pestas
319 329 440 358 horrida.

71 375 108 402 ix.
179 374 305 410 Vergiliae
322 374 462 404 occidunt.

68 421 127 449 viii.
176 420 331 449 Centaurus
346 421 449 449 occidit
465 422 609 450 matutino.

66 465 116 493 vii.
173 465 281 502 Scorpii
295 457 408 494 dimidia
423 466 510 494 cauda
524 466 645 500 occidit.

66 511 104 539 vi.
179 511 289 540 Suculas
307 511 435 540 occidunt
448 522 455 540 ε
472 512 577 548 gelidus
593 511 639 539 ﬂat
652 511 760 547 Aquilo,
775 514 802 540 et
813 519 857 539 as-

209 565 275 593 pera
292 557 319 585 in
339 557 409 585 mari
426 557 524 585 hiems.

65 611 93 630 v.
175 602 303 638 Vergiliae
315 606 342 630 et
357 601 441 630 Orion
458 603 566 639 penitus
580 603 716 631 occidunt.

179 649 313 677 Arcturus
338 649 492 677 occultatur
515 659 522 677 :
544 653 572 677 et
595 649 769 678 vehementes
790 649 855 677 ﬂant

64 649 103 676 iv.

212 694 297 722 venti.

63 739 106 767 iii.
172 739 321 776 Cassiopea
338 740 434 776 incipit
448 740 591 769 occultari.

62 794 112 814 ex.
175 785 258 814 Orion
276 790 303 814 et
314 786 411 821 Aquila
426 787 535 822 penitus
553 786 680 815 occidunt
695 787 812 821 vesperi,
827 789 854 815 et

209 831 333 860 Fidicula
349 833 481 860 exoritur.

406 889 502 917 XXXI.

357 946 555 975 NOVEMBER.

59 1004 95 1032 Κ.
170 1003 294 1040 Vergiliae
309 1004 560 1040 occiduntzpruina
576 1004 677 1032 decidit
691 1005 825 1033 matutino
842 1014 847 1032 :

204 1051 337 1078 Arcturus
353 1050 528 1078 occultatur:
550 1051 676 1086 aerisque
696 1051 730 1078 ad
749 1051 850 1086 frigora

205 1096 235 1123 ﬁt
246 1097 399 1125 conversio.

172 1141 252 1169 Venti
267 1142 372 1177 spirant
388 1141 494 1178 frigidi,
511 1146 542 1170 et‘
554 1143 632 1178 pluit.

169 1185 292 1214 Fidicula
318 1188 440 1215 exoritur
464 1191 600 1216 matutino
625 1191 652 1216 et
670 1188 768 1223 Aquilo
788 1187 844 1215 ﬂat.

57 1240 102 1260 ra.
172 1233 271 1260 Auster
288 1237 315 1261 et
344 1232 482 1261 Favonius
501 1233 575 1268 ﬂant,
599 1234 720 1269 ﬁuntque
735 1233 845 1261 imbres.

55 1277 141 1306 NON.
168 1278 289 1306 Fidicula
297 1278 360 1307 Sole
375 1280 513 1308 exoriente
530 1283 640 1316 apparet
654 1289 659 1307 :
678 1280 775 1315 Aquilo
790 1279 844 1308 ﬂat.

55 1325 118 1352 viii.
168 1324 302 1353 Arcturus
313 1325 580 1358 occidit.’matutino,
596 1329 623 1353 et
637 1327 784 1354 nebulosus
804 1329 846 1355 est

201 1378 258 1398 aer.

52 1416 104 1444 vii.
166 1416 292 1452 Vergilim
311 1422 338 1446 et
358 1417 442 1445 Orion
465 1418 638 1446 occultantur
652 1427 659 1445 :
674 1419 772 1454 Aquilo
787 1418 842 1448 ﬁat.

51 1463 93 1491 vi.
169 1462 306 1492 Turbidus
319 1469 346 1492 et
357 1465 489 1493 molestus
504 1469 546 1493 est
558 1473 613 1493 aer.
717 1462 720 1465 ’

51 1517 81 1537 v.
164 1509 274 1538 Clarum
286 1510 445 1547 Scorpionis
453 1515 601 1545 astrum,er.
611 1512 736 1541 hiemalis
749 1512 842 1541 cardo.

58 1142 98 1170 iv.

50 1561 91 1588 iv.
167 1559 270 1590 liemis
287 1562 404 1590 initium.

50 1607 94 1634 iii.
164 1606 288 1644 Vergiliae
302 1610 483 1638 occultantur.

49 1659 95 1679 ra.
165 1652 253 1681 Media
267 1653 425 1689 Scorpionis
441 1656 518 1683 stella
529 1656 652 1692 emergit.

49 1696 98 1724 Η).
162 1698 289 1735 Vergilia:
300 1703 328 1728 et
339 1699 423 1728 Orion
437 1701 565 1729 occidunt
578 1702 721 1729 matutino.

47 1743 131 1772 xviii.
161 1743 292 1780 Scorpius
305 1747 439 1776 matutino
456 1747 567 1776 occidit.

46 1788 118 1816 xvi.
162 1789 285 1818 Fidicula
310 1792 398 1820 oritur
416 1793 551 1821 matutino
572 1803 579 1822 :
598 1793 759 1827 Volturnus,
784 1793 838 1821 Au-

194 1839 260 1869 ster,
273 1840 300 1864 et
314 1836 414 1866 Boreas
431 1839 512 1866 simul
528 1838 605 1867 ﬂant.

46 1878 106 1905 xvi.
155 1879 267 1913 Eadem,
281 1889 341 1916 quae
356 1883 443 1917 prior,
460 1883 633 1918 signiﬁcatio.

46 1932 95 1951 xv.
159 1924 213 1960 59
222 1925 417 1962 Tempestuosa
426 1928 485 1957 dies
493 1938 500 1957 :
508 1930 661 1965 Austerque
669 1931 836 1965 supervenit.

46 1971 103 1998 xiv.
163 1972 209 2000 Sol
225 1973 253 2001 in
270 1973 435 2010 Sagittario:
447 1976 531 2004 Orion
544 1985 605 2004 cum
622 1978 730 2005 ﬁdicula
746 1979 837 2006 exori-

189 2023 245 2052 tur,
273 2021 400 2056 aerisque
411 2025 558 2058 tempestas
573 2024 691 2052 exsistit.

44 2062 104 2089 xiii.
156 2062 239 2092 Tauri
255 2073 340 2094 cornu
356 2075 418 2095 cum
431 2067 492 2096 Sole
503 2069 613 2103 occidit,
628 2073 654 2098 et
672 2070 717 2098 ﬂat
724 2071 831 2107 Aquilo.

42 2108 95 2135 xii.
153 2108 270 2138 Horrida
284 2116 436 2148 tempestas.

42 2153 82 2181 xi.
160 2154 268 2184 Suculaa
282 2165 344 2185 cum
358 2158 463 2194 Lepore
470 2160 599 2189 occidunt
617 2163 759 2191 matutino.

41 2206 71 2225 x.
151 2199 247 2229 Gelida
259 2203 332 2230 cadit
340 2204 440 2238 pluvia.

579 175 828 204 KALENDARIUM
850 173 964 201 verus
978 165 1162 201 nummum.

180 236 264 264 Tauri
287 237 372 265 cauda
389 236 499 268 occidit,
521 239 547 263 et
566 235 666 263 Auster
679 236 726 263 ﬂat
740 236 856 270 pluvius.
873 236 896 264 A
911 233 949 261 ix.

868 906 890 934 B

1643 169 1695 198 9H

1017 233 1101 260 Tauri
1114 238 1218 260 cornua
1230 230 1370 259 occidunt.

1024 278 1135 305 initium
1159 276 1277 304 hiemis:
1303 274 1405 311 frigora
1429 274 1573 309 incipiunt,
1600 273 1696 309 gelidi-

1051 332 1106 360 que
1121 323 1223 350 cadunt
1237 328 1323 349 rores.

909 371 956 398 vii.
1019 369 1066 398 Sol
1078 370 1105 396 in
1116 368 1204 404 prima
1216 366 1355 402 Sagittarii
1369 366 1504 401 portione.

907 418 945 444 vi.
1012 415 1125 448 Eadem,
1141 422 1205 450 qua)
1212 414 1298 450 prior,
1314 412 1488 448 signiﬁcatio.

908 471 936 491 v.
1008 461 1093 489 Canis
1106 459 1207 488 occidit
1218 469 1224 487 :
1236 458 1366 486 Austrina
1382 457 1452 490 dies,
1467 459 1495 485 et
1506 456 1585 492 pluit.
1597 470 1601 475 ~

1012 509 1096 537 Canis
1103 507 1236 536 occultari
1249 506 1357 541 incipit,
1377 508 1405 533 et
1418 504 1567 534 nebulosus
1581 507 1623 531 est
1634 511 1692 531 aer.

909 278 967 306 viii.

907 519 945 538 IV.

908 555 948 582 iii.
1015 553 1098 582 Canis
1124 552 1224 580 occidit
1249 551 1402 583 matutino,
1431 555 1458 578 et
1488 549 1582 577 Africo
1612 548 1693 576 ﬂante

1046 599 1126 636 pluit.

907 655 949 675 ea.
1005 646 1096 683 :0rion
1123 645 1235 674 occidit.
1262 645 1398 674 Favonius
1425 644 1529 679 spirat,
1545 648 1573 672 et
1593 643 1692 671 Austro

1045 690 1128 719 ﬂante
1137 691 1217 726 pluit.

1259 737 1342 764 XXX.

1005 809 1014 820 .
1199 783 1393 812 DECEMBER.

905 834 938 862 Κ.
963 841 968 847 ·
1011 833 1186 862 Perturbatio
1199 833 1290 860 aeris:
1306 831 1353 858 ﬂat
1371 829 1537 866 Septentrio,
1566 832 1594 856 et
1615 832 1692 856 totus

1046 879 1129 906 Orion
1143 878 1245 906 occidit
1257 878 1401 905 matutino.

906 926 940 952 it.
1007 925 1090 952 Canis
1104 925 1219 952 occidit:
1233 923 1339 958 vesperi
1358 922 1513 958 Septentrio
1525 922 1580 950 ﬂat.

901 971 940 998 iii.
1010 969 1204 1005 Tempestuosa
1217 977 1279 997 cum
1294 968 1414 996 nubibus
1431 969 1499 996 dies.

900 1024 943 1044 ru.
1009 1015 1173 1052 Sagittarius
1188 1015 1298 1048 occidit,
1317 1019 1343 1042 et
1357 1014 1456 1049 Aquilo
1470 1014 1525 1042 ﬂat.

900 1061 980 1090 NON.
1008 1062 1059 1089 Per
1072 1066 1155 1090 totam
1168 1061 1238 1089 diem
1253 1061 1333 1097 pluit,
1351 1065 1378 1088 et
1394 1060 1441 1088 ﬂat
1453 1060 1562 1096 Aquilo.

899 1109 956 1136 viii.
1005 1108 1123 1136 Medium
1138 1108 1245 1144 Scorpii
1261 1108 1385 1143 emergit.

899 1155 947 1183 vii.
1002 1155 1100 1190 Aquilo
1112 1155 1246 1189 exoritur,
1259 1159 1285 1183 et
1299 1155 1409 1182 Africus
1425 1154 1481 1182 ﬂat.

898 1203 936 1229 vi.
1009 1202 1141 1237 Scorpius
1155 1205 1228 1229 totus
1241 1201 1366 1238 emergit.

896 1256 924 1276 v.
1005 1248 1088 1276 Canis
1103 1248 1227 1276 exoritur
1240 1248 1388 1278 matutino.
1403 1251 1433 1275 et
1443 1247 1543 1275 Auster
1552 1246 1610 1274 ﬂat.

1004 1294 1157 1322 Vehemens
1168 1294 1267 1329 Aquilo
1275 1293 1332 1326 ﬂat,
1343 1294 1520 1329 caliginosum
1534 1297 1681 1329 tempesta<

1034 1341 1109 1369 tibus
1123 1341 1221 1369 coelum
1232 1341 1340 1369 exsistit

896 1389 935 1416 iii.
997 1387 1151 1417 Obscurum
1162 1391 1266 1415 astrum
1278 1395 1285 1413 :
1299 1386 1457 1422 Septentrio
1467 1389 1494 1414 et
1503 1385 1606 1414 Caecias
1619 1394 1681 1421 ρετ-ι

897 1295 934 1322 iv.

1034 1434 1110 1462 ﬂant.

894 1487 938 1507 ru.
998 1479 1098 1514 Aquilo
1111 1478 1159 1506 ﬂat
1175 1479 1267 1514 prior;
1285 1478 1375 1514 gravis
1398 1481 1424 1505 et
1449 1477 1556 1512 pluvius
1583 1477 1679 1504 subse-

1035 1526 1130 1561 quitur
1140 1525 1249 1553 Auster.

856 1580 879 1612 ρ
894 1571 937 1600 Ι).
997 1571 1083 1600 Totus
1105 1571 1235 1606 Scorpius
1256 1571 1398 1598 exoritur:
1413 1569 1513 1597 Auster
1531 1571 1557 1596 et
1581 1567 1683 1602 Aquilo-

965 1627 968 1630 ’
1032 1617 1110 1650 ﬂant,
1123 1622 1148 1645 et
1162 1617 1241 1653 pluit.

891 1665 948 1693 xix.
1003 1664 1112 1700 Capella
1128 1664 1239 1693 occidit.

870 1717 876 1724 ’
891 1710 967 1737 xviii.
1006 1710 1107 1738 Auster
1121 1713 1149 1737 et
1161 1709 1260 1744 Aquilo
1273 1708 1399 1744 perﬂant,
1412 1710 1438 1735 et
1451 1703 1673 1740 aerisaperturba

1028 1756 1068 1783 tio
1081 1755 1199 1783 exsistit.

890 1803 956 1831 xvii.
995 1803 1108 1837 Eadem,
1124 1810 1184 1837 qua:
1199 1802 1284 1838 prior,
1297 1800 1469 1837 signiﬁcatio.

890 1848 945 1875 xvi.
996 1847 1043 1875 Sol
1058 1847 1086 1875 in
1102 1847 1281 1883 Capricorno.

888 1901 934 1922 xv.
987 1893 1149 1928 [Obscurum
1168 1897 1288 1925 astrum,
1303 1895 1330 1919 et
1355 1894 1496 1919 ventorum
1521 1897 1673 1917 concursus

1027 1942 1054 1965 et
1066 1946 1168 1973 pugna.

887 1983 941 2011 xiv.
990 1982 1098 2018 Capella
1106 1983 1237 2011 exoritur.

886 2028 944 2056 xiii.
997 2028 1095 2063 Aquilo
1109 2035 1172 2055 cum
1183 2028 1352 2063 Capricorno
1363 2027 1495 2055 exoritur.

885 2073 933 2100 xii.
991 2072 1088 2108 incipit
1108 2071 1173 2100 ﬂare
1197 2072 1296 2107 Aquilo
1315 2082 1321 2099 :
1344 2072 1539 2101 superveniens
1572 2070 1670 2097 Λυδια-

1028 2121 1115 2146 totum
1135 2118 1240 2146 obtinet
1250 2118 1332 2145 diem.

883 2165 921 2193 xi.
987 2164 1085 2200 Aquila
1101 2164 1222 2192 exoritur
1235 2164 1352 2200 vesperi.

883 2220 910 2239 x.
984 2211 1093 2246 Capella
1108 2211 1242 2238 matutino
1257 2211 1379 2246 emergit.

732 2255 870 2291 Reliquum
884 2256 982 2290 deﬁcit.

298 2319 357 2335 γε,
376 2320 401 2335 ε..

127 2380 185 2417 ⁰⁰
222 2391 800 2461 KALENDARIUM
845 2397 1109 2463 VETUS
1156 2396 1551 2463 ROMANUM

533 2513 606 2541 CUM
627 2513 720 2543 ORTU
738 2514 946 2549 OCCASUQUE
966 2515 1177 2543 STELLARUM

197 2570 244 2601 Ex
266 2571 374 2603 Ovidii
389 2573 511 2609 Fastis;
528 2573 704 2606 Columella
725 2575 781 2607 lib.
804 2585 852 2613 xi,
869 2584 937 2616 cap.
958 2575 994 2613 2;
1012 2575 1118 2607 Plinio
1134 2575 1193 2606 .lib.
1216 2584 1307 2612 xvm,
1331 2585 1398 2615 cap.
1417 2575 1522 2607 26-30.

382 2633 483 2661 Littera
501 2634 533 2662 ο.
554 2634 675 2662 Ovidium
692 2637 850 2672 signiﬁcat}:

865 2637 896 2665 C.
915 2637 1108 2671 Columellam;
1129 2638 1162 2667 P.
1179 2631 1313 2667 Plinium.

749 2742 951 2773 JANUARIUS.

35 2783 56 2818 A
91 2781 154 2810 Kal.
168 2782 230 2811 Jan.
243 2783 274 2812 F.
1557 2792 1565 2818 i

36 2817 55 2854 [ι
193 2819 229 2847 iv.
246 2818 277 2847 F.

1553 2817 1573 2854 ii

34 2852 58 2899 E
302 2856 409 2899 Cancer
419 2857 530 2899 occidit.
547 2857 579 2886 0.
597 2858 694 2899 Attica}:
702 2864 730 2888 et
743 2860 865 2899 ﬁnitimis
876 2862 1033 2899 nagionibus
1046 2862 1144 2899 Aquila
1157 2863 1263 2899 vesperi
1280 2861 1392 2891 occidit.
1554 2852 1583 2899 iii

37 2887 58 2914 υ
161 2889 235 2917 Md.
251 2889 282 2917 c.
304 2891 405 2920 Caesari
423 2891 572 2928 Delphinus
588 2887 1032 2929 mammam...)
1555 2887 1585 2924 ἦ
