1913 3136
96 145 152 173 953

152 199 195 227 Bi‘
242 201 289 230 viii
303 201 342 230 id.
357 201 426 230 Nov.

97 253 115 272 r
149 245 196 281 C3
257 247 293 274 vii

151 291 200 318 Dh
268 292 294 319 vi
452 291 487 320 N.
528 291 623 320 Nervae
660 297 688 321 et
729 293 882 321 Constantii

152 336 174 363 E
185 345 200 364 a
276 346 294 364 v
451 337 520 364 Ludi
534 337 633 365 Votibi.
760 339 882 375 [cuxxtv.

95 381 199 409 ειη)
266 383 295 410 iv

153 426 175 454 G
184 435 199 454 c
265 427 294 455 iii

150 473 174 500 A
185 473 202 500 d
219 473 290 508 prid.
452 473 523 502 Ludi
537 473 639 502 Plcbei.
660 473 778 504 Senatus
794 473 882 510 legiti-

798 519 880 556 [mus.

93 571 113 591 η
153 563 196 592 Be
225 564 292 592 Idib.
453 564 522 592 Ludi
565 565 664 601 plebei.
701 566 776 594 Jovis
813 566 880 601 Epu.

151 609 193 636 Ct‘
228 609 434 639 xviiiKal.Dec.
447 610 516 638 Ludi
563 612 661 647 plebei.
750 612 880 649 [cuum

149 655 196 691 υς
241 657 295 684 xvii
454 656 524 684 Ludi
560 658 657 692 plebei.

91 708 102 727 ι
153 700 201 728 Eh
247 702 291 730 xvi
451 701 664 731 Plebcicuxxw.

150 747 197 775 Fa
258 756 293 776 xv
451 747 484 776 N.
504 748 782 784 Vespasianicuxxtv.

149 793 199 822 Gb
244 794 291 822 xiv

90 847 110 866 ι
149 839 196 867 Ac
237 840 287 867 xiii
447 839 493 868 Sol
504 840 533 869 in
547 840 705 876 Sagittario.

149 887 195 914 Bd
249 887 287 914 xii
595 900 598 904 -

147 932 192 960 Ce
256 933 283 960 xi

89 977 197 1006 AD!
269 987 288 1006 ι

150 1022 196 1058 Eg
260 1022 288 1050 ix

147 1068 196 1096 Fh
241 1070 287 1098 viii
446 1071 557 1101 Bruma.
573 1073 631 1102 dies
643 1074 832 1111 Aigyptiacus.

86 1116 106 1142 ἱ
145 1114 193 1142 Ga
254 1116 289 1143 vii
448 1118 516 1146 Ludi
532 1119 686 1148 Sarmatici.

145 1162 169 1188 A
178 1161 195 1189 b
261 1162 289 1191 vi
447 1164 515 1192 Ludi
534 1166 688 1194 Sarmatici.

146 1206 169 1232 Β
178 1214 193 1234 c
270 1216 287 1235 v
444 1209 514 1237 Ludi
533 1210 706 1247 Sarmaticiﬁ

146 1251 194 1280 Cd
259 1252 286 1281 iv
444 1255 513 1283 Ludi
534 1257 690 1286 Sarmatici.

88 1307 106 1326 c
143 1298 191 1326 De
257 1299 286 1327 iii
445 1301 513 1330 Ludi
533 1303 688 1331 Sarmatici.

145 1344 189 1372 Ei'
210 1345 285 1374 Prid.
447 1347 516 1376 Ludi
537 1349 690 1377 Sarmatici.

393 1405 588 1434 DECEMBER.

88 1457 107 1477 υ
146 1449 194 1486 F3
229 1451 289 1480 Kal.
449 1453 501 1488 72
519 1452 670 1482 Samum]
686 1462 795 1482 cuxxrv.

145 1495 194 1524 Gh
264 1498 290 1525 iv
305 1497 374 1526 Non.
392 1498 456 1526 Dec.
470 1499 579 1527 lnitium
593 1501 726 1528 muneris.

506 145 662 174 ACHILLIS
682 145 773 175 TATII
790 144 939 174 lSAGOGE
964 146 1009 174 AD
1026 145 1138 182 [ARATI
1156 145 1324 176 PHENOM.

898 207 922 235 Α

1666 146 1719 176 934

1287 206 1405 232 Senatus
1419 200 1578 240 legitimum

934 258 950 277 ε
987 251 1007 277 Β
1016 251 1032 278 b
1044 250 1118 278 Prid.
1279 250 1376 278 Munus
1383 257 1456 278 arca.
1464 250 1522 278 dies
1528 250 1715 286 Egyptiecus.

985 297 1029 324 Cc
1048 296 1119 323 Non.
1278 295 1377 323 Munus
1393 303 1468 322 arca.

933 350 948 368 r
985 341 1030 368 Dd
1075 342 1122 369 viii
1142 340 1257 370 ld.Dec.
1278 341 1377 370 Munus
1394 349 1468 369 arca.

985 388 1006 414 Ε
1015 395 1030 414 e
1089 387 1122 415 vii

989 204 1010 231 A
1019 212 1034 232 a
1097 205 1126 232 iii

984 431 1025 459 Ff
1090 432 1119 460 vi
1279 431 1387 461 Munus.
1401 431 1538 460 Kandida.

932 476 1032 512 σος
1107 485 1125 504 v

983 523 1030 550 Ah
1097 522 1125 550 iv

984 568 1005 596 Β
1013 576 1028 596 a
1094 568 1124 596 iii
1285 567 1466 604 Septimonia.

931 623 949 642 ιι
983 615 1030 642 Cb
1046 613 1120 642 Prid.
1278 614 1347 642 Ludi
1359 613 1528 641 Lancionici.

983 661 1028 688 Dc
1047 660 1113 688 Ibid.
1271 660 1350 688 Ludi.
1370 660 1493 687 Sumus
1513 666 1670 687 ιεσιτιιιῠε.
1729 655 1732 659 ’

982 707 1029 735 Ed
1075 708 1119 734 xix
1133 706 1194 736 Kal.
1204 706 1267 735 Jan.
1278 706 1357 735 Ludi.
1372 705 1431 736 dies
1448 705 1639 740 Egyptiacus.

932 763 941 782 ι
986 754 1030 782 Fe
1059 755 1123 781 xviii
1418 750 1713 779 N.DiviVericuxxtv.

983 800 1004 828 ϐ
1015 800 1026 827 l‘
1068 800 1123 827 xvii
1283 798 1362 827 Ludi.

985 845 1033 880 Ag
1077 845 1123 872 xvi
1281 843 1349 871 Ludi
1367 842 1535 870 Saturnalia.

931 899 948 917 ι
984 890 1030 917 Bh
1090 898 1125 917 xv
1281 889 1440 916 Lanciouici
1465 895 1579 916 cuxxtv.
1608 886 1654 914 Sol
1686 885 1714 913 in

983 936 1029 964 Ca
1078 936 1124 963 xiv
1283 935 1386 962 Munus
1397 942 1472 962 arca.
1524 933 1711 969 [Capricornm

983 982 1032 1010 οι)
1077 981 1125 1009 xiii
1285 980 1393 1008 Munus.
1414 979 1546 1007 Kandida.

932 1035 947 1054 Α
982 1027 1025 1056 Ec
1084 1027 1124 1054 xii
1283 1026 1382 1055 Munus
1400 1034 1473 1054 arca.

983 1073 1030 1100 Fd
1094 1073 1122 1100 xi

982 1120 1004 1148 G
1013 1129 1029 1149 e
1104 1129 1122 1148 x
1280 1121 1380 1148 Munus
1395 1127 1469 1147 arca.

929 1175 944 1194 ιι
980 1166 1024 1194 At
1092 1166 1120 1194 ix
1278 1167 1389 1194 Munus.
1407 1165 1567 1193 Consumat.

980 1212 1026 1248 Bg
1065 1212 1112 1241 viii
1269 1211 1302 1240 Ν.
1320 1211 1416 1240 lnvicti
1434 1219 1558 1246 cuum;

981 1259 1028 1287 Ch
1085 1259 1121 1286 vii

928 1305 1026 1332 cDa
1093 1305 1120 1333 vi

981 1352 1028 1379 Eb
1103 1359 1121 1378 v

980 1397 1024 1424 Fc
1094 1398 1121 1425 iv

928 1452 945 1473 D
981 1443 1030 1472 Gd
1095 1444 1124 1472 iii
1282 1444 1317 1472 N.
1334 1444 1391 1472 Divi
1411 1444 1465 1473 Titi
1481 1452 1594 1473 cuxxrv.

981 1490 1027 1518 Ae
1045 1490 1121 1518 Prid.
1280 1489 1430 1526 Magistrati
1444 1491 1546 1526 jurant.

646 1672 723 1714 ΕΚ
752 1672 865 1715 ΤΩΝ
892 1670 1170 1716 ΑΧΙΛΛΕΩΣ

499 1762 587 1790 ΠΡΟΣ
604 1762 792 1790 ΕῙΣΑΙὪΓΗΝ
809 1762 862 1790 ΕΙΣ
879 1762 923 1789 TA
938 1762 1075 1789 ᾹΡΑΤΟΥ
1091 1762 1301 1790 ΦΛῙΝΟΜΕΝΑ.

884 1835 920 1846 -ι

608 1887 690 1932 EX
724 1857 977 1933 ACHILLE
1014 1879 1196 1932 TATIO

562 1982 738 2014 ISAGOGE
753 1983 806 2014 AD
824 1983 947 2014 ARATl
963 1981 1235 2013 PHZENOMENA.

648 2064 804 2104 Dionysio
821 2065 949 2096 Petavio
964 2065 1147 2104 interprete.

337 2182 408 2216 Περὶ
427 2181 481 2208 τοῦ
502 2184 626 2217 παντός,

122 2230 158 2254 α’.
175 2236 184 2252 ι
195 2226 275 2253 Μισῶ
292 2231 340 2263 μὲν
360 2228 433 2260 ὅστις
448 2229 554 2264 τάφανῆ
575 2232 746 2264 περισκοπεῖ,
763 2241 771 2257 ι
789 2236 870 2267 φησιν

81 2272 99 2298 ὀ
132 2272 292 2307 Σοφοκλῆς.⁸
304 2274 359 2300 Καὶ
386 2275 400 2300 ὁ
423 2275 544 2310 κωμικὸς
567 2275 760 2312 Ἀριστοφάνης
772 2286 778 2292 ·
796 2287 805 2302 ί
823 2279 871 2309 ’³ος

81 2318 196 2354 τάφανῆ
214 2319 348 2354 μεριμνᾷο
375 2319 410 2346 τὰ
433 2319 460 2346 δὲ
481 2320 598 2358 χαμόθεν
624 2322 724 2354 ὲσοίει,
746 2332 754 2348 ι
778 2323 868 2359 φησίν.

88 2363 163 2389 Ἀλλ’
183 2364 207 2389 οἱ
227 2364 275 2399 μὲν
294 2364 399 2399 ἀφανῆ·
422 2365 502 2400 ἡμεῖς
523 2365 550 2392 δὲ
576 2367 734 2402 φαινόμενα,
752 2368 809 2395 ἀλλ’
821 2369 870 2395 οὐκ

81 2409 178 2444 ἀφανῆ
196 2409 338 2446 ζητοῦμεν.

121 2456 286 2490 Αἰγυπτίους
307 2457 384 2491 λόγος
408 2458 464 2493 ἔχει
488 2459 611 2495 πρώτους
631 2461 676 2488 τὸν
701 2463 814 2497 οὐρανὸν
833 2463 870 2494 ὡς
901 2470 913 2483 σ

80 2501 133 2529 καὶ
150 2502 199 2537 τὴν
216 2503 267 2538 γῆν
282 2505 497 2540 καταμετρῆσαι,
515 2506 562 2532 καὶ
581 2506 629 2541 τὴν
649 2508 795 2542 ἐμπειρίαν
814 2509 869 2539 τοῖς

79 2548 151 2582 ἑξῆς
164 2549 192 2574 ὲν
206 2549 316 2584 στήλαις
332 2551 496 2587 ἀναγράψαι.
514 2553 639 2579 Χαλδαῖοι
659 2553 687 2580 δὲ
703 2555 743 2585 εἰς
758 2555 869 2587 ἑαυτοὺς

81 2594 244 2630 μετάγουσι,
256 2595 333 2631 Βήλῳ
347 2597 395 2632 τὴν
411 2597 517 2632 εὕρεσιν
529 2599 682 2630 ἀναθέντες.
692 2600 723 2625 Οξ
736 2599 764 2625 δὲ
778 2601 869 2636 Ἐλλὴ-

79 2647 139 2666 νων
155 2640 231 2673 σοφοὶ
246 2640 290 2666 ὁτὲ
313 2641 360 2676 μὲν
375 2642 454 2674 θεοῖς,
471 2643 515 2669 ὁτὲ
529 2643 557 2669 δὲ
576 2644 689 2679 ἥρωσιν,
704 2645 749 2671 ὁτὲ
765 2645 793 2671 δὲ
813 2647 868 2677 τοῖς

81 2684 156 2720 μετὰ
168 2685 254 2712 ταῦτα
269 2689 359 2721 σοφοῖς
369 2688 551 2716 ἀνατιθέασιν.
566 2689 697 2724 Αἰσχύλος
713 2691 760 2726 μὲν
774 2691 827 2726 γὰρ
840 2692 868 2717 ἐν

80 2731 237 2766 Προμηθεῖ
246 2732 291 2759 τὸν
310 2734 374 2760 Θεὸν
387 2735 491 2769 εἰσάγει
508 2729 634 2769 λέγοντα·

82 2830 154 2870 ριξκ.
166 2827 277 2870 air-“rue
289 2831 390 2870 902075-
406 2833 475 2860 οὔτε
489 2833 630 2870 χείματος
643 2833 760 2870 τέκμαρ,

83 2864 154 2891 οὔτ’
166 2865 355 2899 ἀνθεμώδους
367 2866 448 2901 ἦρος,
464 2864 692 2903 otiae-zamiach

885 2189 908 2217 ο

892 2139 927 2147 ..-

1189 2179 1243 2214 73
1259 2178 1295 2206 De
1313 2179 1443 2207 universo.
1636 2208 1641 2212 _

963 2229 989 2256 1.
1018 2227 1093 2256 «Odi
1126 2227 1222 2259 illum,
1243 2236 1252 2253 ›
1284 2229 1322 2253 ait
1354 2227 1522 2262 Sophocles,
1552 2236 1561 2252 ε
1580 2227 1626 2262 qui
1661 2235 1706 2256 oc-

923 2275 998 2304 culta
1014 2274 1139 2300 rimatur.
1154 2283 1163 2299 ι
1182 2272 1376 2307 Aristophanes
1396 2272 1460 2300 item
1483 2280 1556 2304 eum,
1575 2281 1584 2298 ε
1598 2273 1644 2308 qui
1659 2280 1707 2301 oc-

923 2320 997 2348 culta
1011 2320 1128 2346 sollicite
1147 2319 1253 2354 quaerit,
1270 2318 1297 2346 et
1320 2318 1411 2345 intima
1433 2319 1563 2347 vescitur.
1581 2329 1590 2345 ›
1607 2319 1660 2347 Sed
1677 2324 1707 2348 ut

924 2367 969 2394 isti
989 2367 1107 2396 occulta,
1126 2365 1165 2392 sic
1188 2372 1239 2392 nos
1254 2365 1421 2400 apparentia,
1446 2372 1507 2400 quae
1521 2366 1628 2393 occulta
1651 2373 1706 2395 non

923 2416 996 2442 sunt.
1014 2411 1186 2446 inquirimus.

956 2455 1098 2490 Egyptios
1123 2455 1213 2482 ferunt
1238 2455 1340 2490 primos
1374 2456 1496 2483 omnium
1519 2460 1573 2484 tam
1604 2457 1705 2485 coelum

923 2509 1003 2537 quam
1019 2505 1118 2528 terram
1137 2509 1198 2528 csse
1213 2501 1362 2533 dimensos.
1377 2503 1491 2537 ejusque
1507 2503 1545 2530 rei
1562 2504 1704 2530 scientiam

923 2547 1057 2574 columnis
1070 2546 1184 2573 incisam
1200 2546 1234 2572 ad
1253 2551 1376 2581 posteros
1393 2555 1566 2582 propagasse.
1585 2548 1704 2576 Chaldaei

922 2597 1012 2620 tamen
1029 2593 1111 2628 hujus
1126 2593 1228 2619 inventi
1242 2592 1327 2620 decus
1339 2593 1371 2620 ad
1392 2602 1452 2621 sese
1468 2593 1648 2625 transferunt,
1660 2593 1703 2621 id-

922 2648 974 2675 que
987 2639 1050 2667 Belo
1069 2640 1204 2666 tribuunt.
1220 2639 1254 2666 At
1267 2639 1354 2667 Graeci
1373 2641 1510 2676 sapientes
1524 2640 1622 2675 partim
1637 2640 1702 2675 diis,

921 2685 1020 2720 partim
1038 2685 1178 2718 heroibus,
1193 2686 1293 2720 partim
1311 2686 1480 2721 sapientibus
1495 2687 1529 2714 iis
1544 2687 1590 2721 qui
1609 2691 1702 2722 postea

922 2731 1008 2759 secuti
1033 2735 1107 2764 sunt,
1133 2731 1270 2760 ascribere
1295 2735 1439 2758 conantur.
1469 2731 1535 2758 Nam
1555 2731 1702 2768 Escbylus

921 2776 948 2803 in
965 2777 1119 2803 Prometheo
1132 2777 1216 2805 Deum
1230 2777 1267 2803 ita
1282 2771 1436 2811 loquentem
1451 2775 1515 2804 facit
1530 2786 1536 2803 :

923 2833 1047 2861 Nondum
1063 2835 1132 2862 enim
1148 2840 1204 2861 erat
1218 2835 1292 2869 ipsis,
1308 2843 1387 2869 neque
1400 2834 1492 2863 hiemis
1507 2834 1650 2869 terminus;

923 2869 1012 2904 Neque
1023 2870 1112 2904 ﬂoridi
1126 2871 1201 2904 veris,
1219 2878 1298 2905 neque
1308 2869 1442 2905 frugifera
