1898 3145
148 93 200 122 959

640 90 686 117 AD
704 90 838 118 EUSEBll
855 89 1050 118 CHRONlCON
1073 90 1259 118 APPENDIX.

1719 91 1774 120 θω

148 160 249 188 corpus
277 151 403 186 quintum
433 151 620 186 incorruptum
650 158 681 177 ac
707 158 825 185 purum,
853 157 933 185 quem

1001 159 1038 176 ων
1059 150 1144 185 ἀρχὰς
1162 150 1217 176 τῶν
1238 150 1306 177 ὅλων
1326 149 1438 176 καλοῦσι
1465 149 1531 176 Θεὸν
1555 149 1603 176 καὶ
1625 149 1709 185 ὕληνο
1727 150 1777 176 καὶ

149 200 249 226 mthera
271 198 424 225 nominant.
447 197 574 224 Socrates
598 200 628 223 ct»
646 196 722 224 Plato
739 196 873 231 principia
891 203 934 223 re-

149 253 210 272 rum
226 248 325 272 vocant
337 244 418 271 Deum
433 251 466 270 ac
477 242 630 273 materiam,
647 242 747 277 quibus
759 242 870 269 tertium
884 241 935 268 ad-

147 292 278 327 iungunt,
295 290 368 326 quod
388 289 556 325 generationi
572 289 798 324 corruptionique
822 288 935 323 subjici-

149 342 262 366 tur:ex
284 337 326 364 his
344 337 477 364 elementa
498 338 616 371 quatuor
639 335 780 362 exsistere.
799 334 936 369 Empedo-

151 385 206 412 cles
228 384 285 411 haec
310 384 368 418 ipsa
387 386 505 418 quatuor
527 382 662 409 elementa
687 389 778 408 rerum
802 381 935 416 principia

150 430 301 458 constituit.
319 429 442 462 Quorum
459 429 547 464 ignem
563 427 670 459 Jovem,
689 428 731 454 vel
747 428 875 455 aetherem
887 436 936 463 ap.

151 476 242 512 pellat,
263 479 364 502 terram
385 473 532 505 Junonem,
551 482 640 501 aerem
654 474 817 506 Plutonem,
838 482 936 510 aquam

149 521 244 551 Nestin
266 520 386 548 :horum
412 520 504 553 vires,
527 520 693 547 discordiam
718 524 745 548 et
768 520 934 553 amicitiam;

149 568 316 596 discordiam
327 568 447 603 quidem,
457 568 665 596 dissolutionem
677 577 684 602 ;
697 569 845 596 amicitiam
856 575 935 600 vero,

150 622 329 643 concursum.
347 615 506 650 Apollonius
521 614 644 643 Rhodius
658 615 746 650 primo
768 615 936 651 Argonauti-

150 669 203 689 con
217 660 355 696 Orpheum
373 660 439 687 facit
454 660 506 688 ista
521 661 656 688 dicentem
670 670 676 687 :

151 718 268 746 Canebat
284 723 371 745 autem
382 719 422 745 uti
436 718 523 749 tellus,
538 727 569 745 ac
584 719 676 745 aetum
691 727 800 753 superne

150 754 273 781 Primum
287 754 395 781 inuicem
407 762 459 780 una
473 753 647 781 coalescentia
665 755 757 788 specie,

150 789 293 817 Discordia
308 797 340 816 ea:
352 789 498 823 perniciosa
517 789 649 824 disjuncta
666 791 720 817 sint
735 789 846 824 seorsint
861 796 935 823 qua:-

816 823 900 859 [libet.

186 881 251 909 Vult
267 882 340 910 enim
362 881 518 918 promiscue
534 880 672 916 quondam
698 880 768 908 inter
793 888 822 908 se
846 880 936 908 mistis

150 927 307 960 elementis,
319 934 351 954 ea
367 926 553 962 pestmodum,
569 925 768 953 interveniente
787 926 935 958 discordia,

151 981 167 1000 a
182 981 212 1001 se
233 977 328 1000 mutuo
341 980 402 1000 esse
415 972 572 1008 disiuncta:
590 972 657 1000 adeo
678 977 708 999 ut
727 972 860 1008 quidquid
880 977 938 1000 erat

151 1025 293 1048 terrenum
310 1020 339 1047 in
363 1020 449 1047 un'um
473 1026 534 1047 sese
557 1019 743 1054 conglobarit;
762 1019 888 1046 similiter
911 1022 938 1046 et

152 1065 226 1101 quod
246 1065 358 1100 igneum
381 1068 440 1092 erat
462 1064 490 1091 in
507 1064 579 1091 idem
601 1067 726 1090 coactum
744 1063 836 1096 fuerit,
863 1067 893 1090 ut
912 1067 939 1090 et

153 1119 231 1147 aqua;
247 1111 381 1147 quidquid
405 1114 475 1143 erat,
494 1110 528 1137 ad
546 1110 589 1138 sui
604 1110 710 1143 simile;
724 1113 751 1138 et
770 1109 805 1137 ad
823 1110 850 1137 id
864 1109 938 1145 quod

152 1158 205 1186 sibi
222 1162 367 1194 cognatum
383 1161 436 1190 est,
456 1164 566 1184 aereum
584 1164 665 1184 omne
679 1155 821 1184 conﬂuxit.
838 1155 938 1184 Thales

153 1202 275 1231 Milesius
297 1206 325 1230 et
349 1202 520 1238 Pherecydes
546 1202 633 1238 Syrus
655 1201 820 1237 principium
847 1209 938 1229 rerum

152 1249 274 1278 omnium
291 1256 390 1285 aquam
407 1256 469 1276 esse
481 1247 631 1276 defendunt
647 1257 653 1274 :
669 1247 743 1282 quod
756 1247 838 1275 etiam
853 1248 938 1274 chaos

154 1294 239 1322 fuisse
253 1294 424 1330 Pherecydes
437 1294 593 1326 existimat;
610 1294 701 1329 idque,
720 1297 749 1321 ut
765 1297 888 1329 apparet,
906 1301 938 1320 ex

153 1341 273 1369 Hesiodo
288 1341 416 1376 sumpsit,
433 1341 480 1376 qui
495 1341 537 1368 sic
552 1339 674 1375 loquitur
687 1350 694 1367 :

257 1398 343 1433 Igitur
355 1398 470 1433 primunt
483 1398 601 1425 omnium
617 1397 696 1424 chaos
710 1398 822 1424 exstitit.

187 1453 254 1481 Nam
270 1454 304 1481 ab
319 1461 352 1482 eo
365 1443 445 1489 quod
461 1459 502 1481 est
518 1453 635 1489 χεῖσθαι,
655 1453 743 1488 fundi,
757 1452 822 1488 χάος
835 1452 939 1480 dictum

986 196 1075 231 τρίτον
1087 196 1118 222 τὸ
1135 196 1314 231 ὑποκείμενον
1329 196 1435 230 γενέσει
1448 195 1494 222 καὶ
1512 195 1614 231 φθορᾷ·
1628 196 1661 222 ἐκ
1673 195 1702 222 δὲ
1715 195 1777 222 τοὺ-

986 251 1038 268 των
1052 242 1086 268 τὰ
1106 243 1225 277 τέσσαρα
1247 244 1365 277 στοιχεῖα
1385 241 1520 277 γενέσθαι.
1547 242 1734 277 Ἐμπεδοκλῆς
1747 241 1776 268 δὲ

985 289 1073 324 ἀρχάς
1087 297 1154 324 φησι
1168 289 1223 315 τῶν
1242 289 1310 315 ὅλων
1330 289 1364 315 τά
1386 288 1507 324 τέσσαρα
1529 289 1658 323 στοιχεῖα.
1674 289 1730 314 Καὶ
1747 289 1778 315 τὸ

988 335 1036 369 μὲν
1051 334 1106 370 πῦρ
1124 335 1203 361 καλεῖ
1218 335 1266 361 Δία
1283 335 1328 361 καὶ
1347 334 1455 370 αἰθέρα,
1482 334 1532 369 τὴν
1556 334 1585 360 δὲ
1606 333 1659 368 γῆν
1675 334 1776 370 Ἦραν,

986 382 1032 408 τὸν
1054 382 1082 408 δὲ
1103 382 1172 418 ἀέρα
1195 382 1336 413 Ἀϊδωνέα,
1356 382 1386 408 τὸ
1403 382 1431 408 δὲ
1449 382 1520 418 ὓδωρ
1539 382 1642 417 Νῆστιν
1655 389 1661 396 '
1683 380 1734 412 τὰς
1749 381 1778 407 δὲ

986 429 1088 455 τούτων
1107 429 1245 463 δυνάμεις,
1264 430 1352 459 νεῖκος
1368 428 1414 454 καὶ
1432 428 1522 462 φιλίαν
1534 436 1541 442 '
1555 429 1643 459 νεῖκος
1659 427 1710 462 μὲν
1727 426 1778 462 τὴν

987 471 1117 503 διάλυσιν,
1138 472 1229 506 φιλίαν
1254 472 1284 498 δὲ
1307 471 1355 507 τὴν
1378 472 1496 499 σύνοδον.
1515 471 1692 503 Ἀπολλώνιος
1714 471 1743 498 δὲ
1763 472 1779 498 ὁ

994 518 1093 550 Ῥόδιος
1113 519 1143 544 ὲν
1157 518 1196 553 τῷ
1220 518 1320 554 πρώτῳ
1342 518 1398 544 τῶν
1413 517 1647 553 Ἀργοναυτικῶν
1672 518 1779 552 εἰσάγει

988 565 1033 591 τὺν
1049 565 1147 600 Ὀρφέα
1161 565 1248 592 ταῦτα
1261 565 1374 599 λέγοντα
1389 574 1395 579 ·

990 716 1107 743 Ἤειδεν
1121 716 1147 742 δ’
1163 717 1203 749 ὡς
1218 716 1287 750 γαῖα
1299 716 1348 743 καί
1370 716 1498 749 adpare;
1512 715 1602 749 εὐρὺς
1619 715 1743 749 ὕπερθε,

991 751 1025 777 Τὸ
1043 751 1113 785 πρὶν
1125 751 1170 777 ἐπ’
1188 751 1349 784 ἀλλήλοισι
1364 751 1415 786 μιῇ
1429 751 1619 784 συναρηρότα
1633 750 1748 784 μορφῇ,

988 787 1109 819 Νείκεος
1122 786 1156 818 ἐξ
1167 787 1266 813 ὀλοοῖο
1279 786 1426 821 διέκριθεν
1440 787 1532 821 ἀμφὶς
1545 786 1669 813 ἕκαστα.

989 875 1074 902 Πάλαι
1090 876 1142 911 γάρ
1157 884 1221 902 ποτε
1245 875 1345 910 ἀναμὶξ
1369 876 1525 911 φερομένων
1546 875 1598 902 τῶν
1625 875 1778 910 στοιχείων,

989 920 1041 946 ὑπὸ
1056 920 1103 946 τοῦ
1121 921 1226 951 νείκους
1249 920 1361 956 ὓστερον
1380 922 1552 958 διακριθῆναι
1573 923 1660 951 αὑτά·
1677 925 1779 955 παντὸς

991 966 1039 1001 μὲν
1052 966 1099 992 τοῦ
1110 967 1226 1001 γεώδους
1238 968 1434 1004 συστρέφοντος
1448 970 1487 1000 εἰς
1497 969 1536 1002 ἒν,
1548 969 1609 996 ὅλου
1622 970 1650 996 δὲ
1663 970 1712 997 τοῦ
1727 980 1780 997 πυ-

990 1013 1092 1048 ρώδους
1120 1015 1335 1051 περιειληθέντος
1365 1017 1404 1048 είς
1426 1016 1456 1043 τὸ
1479 1017 1559 1049 αὐτὸ,
1577 1019 1690 1044 καὶτοῦ
1714 1019 1779 1045 ὕδα-

989 1057 1088 1090 τώδους
1104 1059 1261 1095 συρρέοντος
1274 1061 1313 1092 είς
1335 1061 1366 1087 τὸ
1380 1062 1486 1096 ὅμοιον,
1505 1062 1551 1088 καὶ
1562 1063 1609 1089 τοῦ
1626 1063 1708 1099 ἀέρος
1730 1073 1780 1090 πε-

989 1104 1143 1140 ριχυθέντος
1170 1106 1238 1142 πρὸς
1264 1106 1296 1133 τὸ
1325 1107 1469 1142 ὁμόφυλον.
1495 1108 1584 1144 Θαλῆς
1604 1109 1632 1135 δὲ
1654 1111 1668 1136 ὁ
1691 1110 1781 1146 Μιλή-

991 1160 1048 1182 σιος
1062 1152 1108 1178 καὶ
1117 1152 1270 1188 Φερεκύδης
1286 1153 1301 1179 ὁ
1315 1153 1400 1189 Σύρος
1412 1154 1498 1189 ἀρχὴν
1513 1154 1566 1180 τῶν
1581 1155 1649 1182 ὅλων
1660 1156 1692 1182 τὸ
1706 1155 1781 1192 ὓδωρ

990 1196 1154 1231 ὑφιστῶσιν’
1175 1197 1189 1223 ὃ
1213 1197 1244 1233 δὴ
1266 1198 1313 1224 καὶ
1337 1199 1402 1233 χάος
1426 1199 1504 1225 καλεῖ
1525 1200 1539 1226 ὸ
1561 1200 1726 1236 Φερεκύδης,
1742 1201 1782 1233 ὡς

992 1243 1076 1275 εἰκὸς,
1093 1242 1172 1270 τοῦτο
1190 1240 1369 1279 ἐκλεξάμενος
1398 1245 1472 1280 παρὰ
1500 1245 1547 1272 τοῦ
1568 1246 1690 1273 Ἠσιόδου
1708 1247 1782 1274 οὕτω

989 1288 1113 1323 λέγοντος
1123 1298 1129 1304 ·

1111 1396 1193 1424 Ἤτοι
1208 1396 1266 1431 μὲν
1276 1396 1425 1431 πρώτιστα
1437 1397 1511 1432 χάος
1526 1397 1636 1433 γένετο.

991 1452 1070 1488 Παρὰ
1093 1452 1146 1488 γὰρ
1167 1452 1198 1479 τὸ
1226 1453 1332 1488 χεῖσθαι
1356 1454 1543 1490 ὑπολαμϐάνει
1567 1456 1598 1482 τὺ
1624 1455 1696 1492 ὕδωρ
1715 1458 1783 1492 χάος

152 1503 240 1534 putat.
259 1500 294 1526 At
309 1499 448 1528 Heraclito
465 1500 553 1535 placet
567 1503 630 1526 ante
641 1500 733 1526 omnia
750 1499 839 1534 ignem
855 1499 936 1526 exsti-

1000 1498 1156 1534 ϋνομάσθαι.
1178 1499 1352 1535 Ἡράκλειτος
1375 1501 1403 1527 δὲ
1425 1501 1482 1538 πῦρ
1507 1501 1615 1538 πρῶτόν
1642 1511 1710 1539 φησι
1734 1513 1783 1538 γε·

153 1546 231 1574 tisse.
251 1545 321 1573 Sunt
343 1546 389 1580 qui
414 1550 514 1573 terram
528 1545 646 1580 priorem
670 1544 798 1573 omnibus
818 1544 939 1577 faciant;

153 1601 214 1628 qum
237 1597 397 1627 compressa
414 1595 571 1626 arctataque
583 1590 708 1619 accendit
727 1590 827 1625 ignem,
839 1598 938 1625 aquam

153 1639 255 1671 emisit,
271 1646 360 1667 aerem
375 1638 475 1674 ubique
491 1637 608 1666 dill'udit.

307 1741 346 1768 De
360 1741 545 1767 constitutione
557 1748 644 1766 rerum
655 1747 782 1766 omnium.

185 1798 214 1825 ἆ.
235 1797 395 1826 Audiendus
418 1797 531 1825 omnino
545 1796 716 1832 Chrysippus
738 1800 790 1828 est,
818 1803 881 1823 cum
898 1795 937 1822 ait

150 1852 185 1872 ex
206 1848 325 1879 quatuor
345 1842 487 1871 elementis
510 1843 638 1870 universa
659 1846 795 1870 constare.
820 1842 938 1870 Causam

151 1897 216 1918 vero
231 1890 420 1926 perpetuitatis
441 1897 502 1917 esse
518 1888 654 1924 quoddam
675 1888 817 1923 gravitatis
831 1888 938 1923 aequili-

151 1937 252 1966 brium.
268 1936 335 1964 Nam
354 1944 417 1964 cum
432 1936 524 1972 gravia
538 1936 593 1964 sint
609 1943 726 1970 corpora
739 1935 805 1967 duo,
822 1939 895 1962 terra
910 1938 937 1962 et

153 1989 236 2017 aqua,
247 1982 316 2009 levia
332 1981 457 2013 totidem,
478 1981 549 2016 ignis
564 1984 590 2008 et
605 1988 670 2013 aer;
686 1981 784 2008 horum
800 1984 937 2015 tempera-

157 2028 233 2055 tione
249 2027 333 2054 foveri
356 2034 387 2054 ac
411 2026 568 2054 conservari
589 2026 777 2054 univcrsitatis
798 2025 938 2058 ordinem;

155 2077 184 2100 ut
198 2073 271 2101 enim
286 2073 310 2101 si
324 2074 417 2109 gravis
437 2073 554 2101 mundus
575 2076 659 2106 esset,
674 2072 803 2100 deorsum
827 2072 938 2103 sideret,

153 2121 191 2148 ita
209 2120 232 2147 si
252 2120 362 2147 levitate
385 2119 516 2155 praeditus
538 2123 622 2151 esset,
651 2127 762 2147 sursum
784 2119 937 2146 tolleretur.

991 1545 1107 1579 γονέναι.
1126 1546 1186 1572 Εἰσὶ
1206 1546 1228 1572 δ’
1243 1546 1267 1573 οἳ
1281 1546 1329 1582 τὴν
1350 1547 1401 1583 γῆν
1415 1548 1522 1584 πρῶτον
1544 1549 1653 1583 λέγουσι
1671 1551 1784 1584 γεγονέ-

991 1600 1045 1623 ναι,
1060 1591 1220 1628 θλιϐομένην
1239 1601 1270 1619 τε
1290 1593 1337 1620 καὶ
1357 1595 1553 1631 σφιγγομένην,
1577 1595 1665 1628 οὕτως
1682 1596 1784 1631 ὲνάψαι

993 1637 1042 1671 μὲν
1057 1637 1088 1663 τὸ
1099 1636 1164 1673 πῦρ,
1183 1638 1342 1673 ἀναπέμψαι
1356 1639 1384 1665 δὲ
1401 1639 1431 1666 τὸ
1442 1639 1525 1676 ὕδωρ,
1544 1641 1681 1668 διαδοῦναι
1696 1641 1726 1668 δὲ
1735 1642 1785 1668 τὸν

991 1683 1068 1718 ἀέρα.

1097 1739 1168 1774 Περὶ
1181 1739 1235 1774 τῆς
1247 1741 1426 1775 συστάσεως
1438 1742 1498 1769 τῶν
1512 1742 1601 1770 ὅλων.

1025 1795 1056 1821 δ’.
1071 1795 1170 1826 Καλῶς
1183 1794 1216 1822 ἂν
1225 1795 1282 1831 ἔχοι
1292 1797 1433 1824 πείθεσθαι
1442 1798 1481 1833 τῷ
1493 1799 1648 1835 Χρυσίππῳ
1664 1801 1786 1836 φήσαντι

990 1842 1021 1867 ἐκ
1039 1841 1093 1867 τῶν
1110 1842 1251 1877 τεσσάρων
1266 1843 1404 1878 στοιχείων
1421 1844 1471 1880 τὴν
1493 1844 1623 1872 σύστασιν
1642 1846 1699 1873 τῶν
1713 1847 1787 1875 ὅλων

990 1889 1140 1924 γεγονέναι.
1153 1889 1243 1915 Αἴτιον
1256 1889 1284 1916 δὲ
1303 1890 1352 1925 τῆς
1368 1892 1453 1926 μονῆς
1470 1891 1573 1918 τούτων
1594 1891 1625 1918 τὸ
1645 1892 1782 1929 ἰσοϐαρὲς.

989 1934 1042 1960 Δύο
1056 1934 1110 1970 γὰρ
1132 1933 1320 1969 ὑποκειμένων
1340 1935 1455 1971 βαρέων,
1475 1936 1527 1971 γῆς
1545 1937 1592 1963 καὶ
1612 1936 1720 1970 ὕδατος,
1736 1938 1787 1966 δύο

988 1981 1018 2008 δὲ
1034 1982 1151 2016 κούφων,
1168 1983 1253 2018 πυρὸς
1267 1982 1314 2009 καὶ
1331 1982 1422 2018 ἀέρος,
1442 1982 1490 2018 τὴν
1507 1984 1609 2011 τούτων
1631 1984 1787 2020 σύγκρασιν

991 2028 1079 2055 αἰτίαν
1093 2027 1163 2056 εἶναι
1185 2029 1234 2064 τῆς
1246 2029 1292 2056 τοῦ
1310 2029 1410 2061 παντὸς
1426 2029 1546 2062 τάξεως·
1562 2029 1658 2066 ὥσπερ
1674 2031 1741 2067 γὰρ,
1759 2033 1786 2060 εἱ

990 2072 1024 2109 ἦν
1038 2075 1054 2101 ὁ
1065 2075 1167 2110 κόσμος
1185 2075 1280 2111 βαρὺς,
1298 2075 1374 2102 κάτω
1386 2075 1419 2102 ἂν
1435 2075 1566 2112 ὲφέρετο”
1584 2076 1682 2109 οὕτως,
1697 2078 1721 2104 εὶ
1736 2079 1788 2104 καὶ

992 2120 1101 2155 κοῦφος.
1119 2120 1186 2147 ἀνω.
1210 2121 1294 2148 Μένει
1316 2120 1344 2147 δὲ
1369 2121 1409 2157 τῷ
1435 2121 1492 2148 ἴσον
1514 2121 1585 2158 ἔχειν
1610 2123 1640 2150 τὸ
1661 2123 1731 2159 βαρὺ
1745 2124 1788 2159 τῷ

153 2166 244 2194 Manet
258 2167 341 2202 igitur
354 2165 423 2198 ideo,
443 2165 516 2201 quod
532 2166 643 2201 paribus
657 2166 814 2194 examinata
832 2165 936 2200 ponde-

1000 2165 1094 2200 ιούςρῳ.
1110 2166 1162 2193 Τὸν
1175 2166 1203 2192 δὲ
1221 2166 1318 2202 αἰθέρα
1330 2167 1377 2193 καὶ
1388 2167 1580 2203 οὐρανὸν,ιεῖτε
1591 2169 1606 2195 ὁ
1622 2169 1714 2201 αὐτὸς,
1729 2170 1787 2196 εἴτε

152 2212 231 2240 vinus
251 2212 287 2239 sit
309 2212 338 2239 in
354 2219 387 2239 eo
410 2212 530 2247 gravitas
545 2215 572 2239 et
592 2212 699 2240 levitas.
721 2211 807 2238 Porro
830 2211 930 2238 aethera

153 2259 319 2295 cmlumque,
344 2259 401 2286 sive
420 2257 494 2285 idem
507 2258 553 2291 sit,
566 2258 624 2286 sive
637 2257 743 2285 dillerat
755 2278 762 2290 ,
778 2261 855 2285 extra
869 2265 933 2286 esse

153 2305 271 2333 rotunda
291 2304 377 2340 ﬁgura
391 2313 399 2332 :
414 2304 485 2331 intra
501 2303 575 2331 hunc
589 2304 712 2339 proxime
736 2311 826 2330 aerem
853 2311 915 2331 esse
929 2313 936 2336 ;

153 2352 200 2388 qui
215 2353 243 2380 in
253 2351 348 2380 orbem
365 2351 537 2379 extrinsecus
550 2355 630 2378 terrae
640 2354 667 2377 ct
683 2350 741 2385 ipse
751 2350 938 2378 circumfusus

151 2403 204 2427 est.
219 2400 293 2426 intra
307 2406 389 2434 quem
403 2397 484 2425 tertia
501 2397 656 2425 continetur
669 2404 745 2431 aqua:
759 2397 866 2431 sphaera
881 2401 936 2424 tcr-

150 2452 210 2473 ram
229 2445 362 2477 ambiens,
388 2447 416 2471 et
435 2443 506 2470 inter
527 2443 598 2469 hanc
619 2446 701 2477 atque
716 2449 807 2469 aerem
824 2442 938 2477 interjc-

150 2496 205 2518 cla.
225 2490 340 2518 Mediam
357 2489 480 2518 omnium
498 2496 559 2516 esse
575 2492 686 2522 terram,
707 2496 767 2523 qua:
786 2488 884 2520 centri,
905 2491 935 2514 ut

151 2539 177 2564 in
193 2537 319 2572 sphtcris,
333 2536 416 2564 situm
429 2539 456 2563 et
467 2535 681 2570 magnitudinem
696 2535 811 2563 obtinet.
823 2535 862 2562 Ad
878 2535 936 2562 haec

151 2585 272 2619 reliquas
289 2588 346 2612 tres
366 2586 518 2619 quatuorve
532 2583 654 2618 spliatras
670 2583 870 2616 circum-volvi;
889 2590 937 2610 so-

150 2630 205 2656 lam
228 2629 394 2656 immobilem
411 2629 512 2656 haererc
526 2633 636 2657 terram.
656 2629 694 2655 Ac
720 2629 855 2663 sphaeram
877 2627 942 2662 qui—

152 2675 212 2702 dem
238 2676 308 2710 ignis
332 2675 523 2708 extrinsecus;
542 2674 657 2702 interius
680 2679 771 2701 autem
791 2674 863 2701 aeris
885 2674 939 2701 cic-

151 2721 259 2755 cumagi
274 2725 386 2748 sumunt
408 2721 579 2748 Archimedis
595 2721 734 2756 discipuli.
761 2720 794 2748 At
809 2719 837 2748 in
852 2720 942 2748 medio

152 2773 230 2800 aqua:
260 2771 393 2802 terrzeque
419 2767 514 2802 globos
538 2767 600 2794 ideo
625 2768 793 2800 consistere,
815 2769 895 2803 quod\
917 2769 939 2796 si

152 2812 215 2847 quis
232 2812 352 2840 ninnium
366 2813 527 2848 gravissima
549 2821 662 2849 corpora
675 2835 682 2847 ,
705 2818 770 2849 puta
789 2815 940 2850 plumbum,

994 2211 1131 2248 διάφορος,
1150 2212 1249 2245 ἔξωθεν
1277 2211 1357 2245 εἶναι,
1390 2214 1532 2250 σφαιρικὸν
1560 2215 1653 2250 σχῆμα
1677 2215 1786 2250 ἔχοντα.

995 2257 1071 2285 Μετὰ
1083 2258 1112 2285 δὲ
1126 2259 1219 2287 τοῦτον
1231 2259 1306 2291 ἐντὸς
1320 2260 1403 2286 αὑτοῦ
1416 2260 1462 2287 τὸν
1472 2260 1540 2297 ἀέρα
1552 2259 1632 2293 εἶναι,
1645 2263 1693 2290 καὶ
1703 2263 1788 2290 αὑτὸν

996 2304 1148 2341 σφαιρικῶς
1163 2305 1353 2341 περικείμενον
1374 2306 1472 2340 ἔξωθεν
1487 2309 1520 2344 τῇ
1541 2309 1593 2344 γῇ·
1608 2308 1740 2345 ἐνδοτέρω
1759 2311 1788 2337 δὲ

994 2351 1077 2378 αὑτοῦ
1093 2351 1187 2387 τρίτην
1202 2350 1272 2379 εἶναι
1287 2354 1404 2388 σφαῖραν
1419 2353 1468 2389 τὴν
1482 2353 1529 2382 τοῦ
1543 2354 1638 2386 ὕδατος
1655 2358 1721 2391 περὶ
1735 2358 1788 2384 αὺ-

994 2397 1043 2434 τὴν
1059 2398 1108 2434 τὴν
1122 2398 1174 2434 γῆν
1187 2399 1288 2434 μεταξὺ
1303 2399 1349 2426 τοῦ
1371 2399 1452 2435 ἀέρος
1474 2400 1521 2427 καὶ
1538 2401 1587 2436 τῆς
1605 2401 1669 2437 γῆς.
1691 2402 1736 2429 Ἐν
1758 2403 1788 2430 δὲ

993 2444 1033 2478 τῷ
1054 2445 1207 2482 μεσαιτάτῳ
1219 2445 1269 2481 τὴν
1286 2446 1339 2482 γῆν
1353 2444 1433 2479 εἶναι,
1448 2447 1561 2482 κέντρου
1578 2447 1656 2479 τάξιν
1670 2448 1718 2474 καὶ
1738 2449 1789 2483 μὲτ

994 2491 1074 2524 γεθος
1090 2491 1253 2527 ἐπέχουσαν,
1267 2492 1306 2524 ὡς
1321 2493 1350 2518 αἱ
1364 2494 1487 2528 σφαῖραι.
1504 2493 1560 2519 Καὶ
1574 2493 1624 2524 τὰς
1638 2493 1688 2529 μὲν
1704 2494 1790 2526 ἄλλας

994 2538 1068 2572 τρεῖς
1091 2538 1207 2573 σφαίρας
1234 2537 1251 2573 ἢ
1281 2537 1416 2573 τέσσαρας
1441 2538 1656 2573 περιδινεῖσθαι·
1687 2539 1736 2574 τὴν
1759 2540 1789 2567 δὲ

994 2585 1044 2620 τῆς
1057 2585 1108 2620 γῆς
1128 2584 1210 2620 μόνην
1237 2584 1356 2611 ἑστάναι.
1375 2584 1494 2617 Ἔξωθεν
1520 2584 1548 2611 δὲ
1567 2586 1616 2620 τὴν
1633 2585 1680 2611 τοῦ
1700 2587 1789 2621 mp);

996 2631 1125 2666 σφαῖραν,
1149 2631 1195 2657 καὶ
1211 2630 1340 2665 ἐνδοτέρω
1358 2630 1426 2665 μετὰ
1449 2630 1551 2666 ταύτην
1572 2631 1621 2666 τὴν
1641 2630 1689 2657 τοῦ
1705 2631 1788 2666 ἀέρος

994 2676 1141 2704 δεδώκασιν
1164 2677 1188 2703 οἱ
1209 2676 1394 2712 Ἀρχιμήδειοι
1419 2676 1622 2712 περιδινεῖσθαι.
1645 2677 1689 2703 Ἐν
1711 2677 1790 2713 μέσῳ

995 2723 1017 2750 δ’
1033 2721 1101 2750 εἶναι
1125 2723 1174 2759 τὴν
1195 2723 1241 2750 τοῦ
1269 2723 1363 2755 ὓδατος
1383 2723 1430 2750 καὶ
1455 2723 1503 2759 τὴν
1526 2723 1577 2758 τῆς
1603 2723 1654 2759 γῆς
1669 2723 1715 2750 διὰ
1734 2724 1791 2759 τὴν

995 2771 1122 2805 τοιαύτην
1140 2770 1238 2797 αἰτίαν.
1262 2771 1295 2797 Εἴ
1314 2780 1355 2802 τις
1377 2770 1441 2806 γὰρ,
1462 2770 1538 2805 φασὶ,
1561 2770 1637 2797 λάῦοι
1658 2770 1713 2796 τῶν
1730 2778 1788 2796 σω-

998 2817 1090 2853 μάτων
1107 2816 1139 2843 τὰ
1162 2816 1309 2853 βαρύτατα,
1325 2814 1379 2843 οἷον
1396 2816 1530 2852 μόλιϐδον,
1554 2816 1600 2843 καὶ
1617 2816 1699 2843 πάλιν
1716 2814 1791 2844 αὐτὸ
