1898 3145
144 88 194 117 9M

513 91 671 120 ACIIILLIS
690 93 780 121 ΤΛΤΙΙ
799 92 920 120 lS-ACOG

981 93 1009 120 .D
1030 89 1135 122 ARATI
1157 93 1390 122 ΡΗᾸΞΝΟΜΕΝΑ.

1709 94 1762 124 912

143 146 178 173 τὰ
191 146 354 181 κουφότατα,
369 144 423 174 οῗον
436 149 540 182 φελλὸν,
554 151 600 177 καὶ
614 150 659 177 ἴσα
673 151 795 186 ἀλλήλοις
810 153 923 188 στήσειε,

981 160 1029 179 nec
1053 160 1107 180 non
1131 153 1182 180 alia
1214 153 1362 184 levissima,
1387 153 1460 180 velut
1485 153 1577 187 suber,
1601 154 1632 180 ad
1656 155 1765 189 pondus

143 193 191 219 καὶ
206 193 356 228 ίσόσταθμα
372 195 503 230 ποιήσειε,
518 197 564 223 καὶ
582 197 720 232 συνδήσειε
733 207 739 213 “

145 238 292 273 μηδέτερον
302 239 354 266 ὑπὸ
365 240 413 266 τοῦ
424 241 515 276 ἑτέρου
529 242 654 269 ἕλκεσθαι
664 251 670 258 ·
684 241 750 276 οἷον,
764 244 839 275 εἴτις
854 243 927 278 βάλοι

141 284 229 310 ταῦτα
240 285 281 317 είς
294 284 442 318 θάλασσαν,
458 288 624 324 συμϐήσεται
647 290 715 325 μήτε
738 291 812 317 κάτω
834 292 872 322 εἰς
883 291 927 317 τὸν

143 330 224 366 βυθὸν
251 332 430 359 καθέλκεσθαι
451 334 496 360 τὸν
519 335 615 368 φελλὸν
642 336 694 362 ὑπὸ
715 336 763 362 τοῦ
792 337 927 372 μολίϐδου,

143 378 213 412 μήτε
226 377 272 404 τὸν
294 377 417 413 μόλιϐδον
439 380 490 406 ὑπὸ
512 380 565 407 τῶν
590 381 693 415 φελλῶν
713 383 872 410 ἀνέλκεσθαι
890 384 928 414 εἰς

140 423 192 459 τὴν
203 424 363 458 ἐπιφάνειαν
381 425 427 452 τοῦ
451 426 558 458 ὓδατος·
573 427 628 454 ἀλλ’
644 428 740 463 ἐπίσης
751 429 796 455 ὑπ’
808 428 927 464 αλλήλων

141 469 326 505 ἀνθελκόμενα
341 470 442 506 μεταξὺ
454 472 504 506 τῆς
526 473 684 507 ἐπιφανείας
708 474 754 500 τοῦ
776 474 870 506 ὓδατος
883 475 928 501 καὶ

140 516 189 542 τοῦ
203 515 283 551 βυθοῦ
297 514 366 544 εἶναι
382 517 428 543 τὸν
442 517 565 552 μόλιϐδον
582 519 629 546 καὶ
647 519 692 545 τὸν
707 520 811 554 ψελλόν.
826 520 928 546 Τεσσά-

143 570 198 596 ρων
213 559 259 588 οὖν
274 561 358 588 ὄντων
375 562 428 589 τῶν
440 563 588 598 στοιχείων,
602 565 757 600 συμϐέϐηκε
770 565 800 592 τὸ
814 565 869 601 πῦρ
881 565 928 592 καὶ

140 607 188 634 τδν
201 607 280 644 ἀέρα,
298 608 452 642 κουφότατα
466 609 539 642 ὅντα,
557 611 603 636 ἐπὶ
622 610 670 646 τήν
686 611 741 638 ἄνω
757 610 842 647 φορὰν
856 611 928 646 ἔχειν

141 653 192 689 τὴν
207 654 307 690 ὁρμὴν,
325 655 372 682 καὶ
393 655 595 691 περιδινεῖσθαι.
612 657 673 683 Ὅτι
693 656 720 683 δὲ
736 656 791 692 πῦρ
808 657 856 684 καὶ
875 658 928 693 ἀὴρ

140 700 294 734 κουφότατα
308 701 354 727 καὶ
369 701 507 737 ἀνωφερῆ,
517 701 593 737 δῆλον
603 702 653 737 μὲν
666 702 712 729 καὶ
725 703 757 728 ἐκ
769 702 819 737 τῆς
830 702 926 738 ὅψεως·

140 746 210 772 ἀλλὰ
229 746 282 781 μὴν
296 746 344 773 καὶ
363 747 396 773 ὲκ
414 747 469 774 τῶν
488 747 562 784 παρὰ
582 749 638 780 τοῖς
658 750 759 784 ἰατροῖς
775 750 886 782 σικυῶν,
900 751 928 776 ὲν

140 790 186 823 αἷς
205 792 312 828 ὁρῶμεν
334 793 590 829 ἀπολαμϐανόμενον
605 795 635 821 τὸ
662 795 717 831 πῦρ
733 796 790 830 ἅμα
811 796 849 831 τῷ
865 796 927 832 ἀέρι

139 838 188 864 τοῦ
216 838 287 865 κατὰ
311 838 392 874 βάθος
417 840 530 873 αἵματος
556 839 605 875 τὴν
631 841 774 878 ἀναγωγὴν
802 843 928 878 ποιουμέ-

140 894 198 917 νοις
212 885 258 912 ⁸³⁹.
275 885 356 911 Ἀλλὰ
373 886 419 912 καὶ
440 885 550 912 ἀπὸτοῦ
572 887 601 913 ἐν
624 889 680 919 τοῖς
701 887 807 923 λύχνοις
831 889 925 923 πυρὸς,

139 930 209 965 ὅπερ
223 930 280 957 ἄνω
295 930 442 966 φερόμενον
467 930 496 957 τὸ
513 932 541 958 ὲν
561 932 593 966 τῇ
613 932 747 969 κοιλότητι
766 933 812 959 τοῦ
830 934 926 969 λύχνου

139 975 229 1002 ἔλαιον
243 976 382 1011 ἀνιμᾶται.
400 976 480 1002 Ἀλλὰ
497 977 549 1012 μὴν
573 977 620 1003 καὶ
640 977 717 1004 δαλὸν
731 979 756 1005 εἰ
768 987 810 1011 τις
825 978 928 1013 ἐξάψας

140 1021 276 1056 στρέψειε,
297 1022 372 1049 κάτω
394 1022 523 1057 φέρεσθαι
537 1022 567 1049 τὸ
584 1023 638 1058 πῦρ
662 1025 712 1051 οὐκ
730 1024 763 1050 ἂν
781 1024 925 1060 δυνηθείη·

138 1067 268 1104 ἀνωφερῆ
284 1068 338 1104 γὰρ
355 1070 423 1104 ἴσχει
439 1070 488 1105 τὴν
498 1071 595 1106 ὁρμήν.
612 1070 695 1097 Πάλιν
709 1070 737 1097 δὲ
750 1070 829 1102 εἴτις
845 1070 928 1097 ἀσκὸν

139 1110 253 1146 πλήσειε
267 1112 420 1147 πνεύματος
431 1116 477 1140 καὶ
487 1113 660 1148 ἀποσφίγξει,
671 1114 743 1150 ῥίψει
755 1114 782 1141 δὲ
792 1116 831 1146 εἰς
845 1115 925 1151 ὕδωρ·

137 1157 216 1183 οὐδὲν
228 1154 309 1193 ἦττον
323 1159 482 1191 ἐπιπολάζει
502 1160 516 1186 ὁ
535 1160 627 1191 ἀσκός.
643 1161 703 1187 Ὅτι
717 1160 745 1187 δὲ
761 1161 777 1196 ἡ
790 1161 825 1196 γῆ
840 1161 887 1187 καὶ
899 1161 929 1187 τὸ

138 1203 214 1239 ὕδωρ
228 1204 313 1240 βαρέα
327 1206 374 1231 καὶ
388 1206 544 1241 κατωφερῆ,
558 1206 588 1232 οὺ
602 1206 642 1232 δεῖ
655 1206 746 1240 λόγου,
766 1207 816 1241 τῆς
831 1206 928 1241 πείρας

137 1249 318 1285 διδασκούσης
330 1271 337 1278 .
357 1250 412 1286 Τὴν
426 1251 454 1277 δὲ
470 1252 555 1284 τάξιν,
578 1252 610 1286 ἦν
630 1252 784 1287 δεδώκαμεν
799 1251 838 1287 τῷ
851 1261 929 1291 σφαι-

139 1294 259 1332 ρὼματι,
275 1297 299 1323 οῑ
319 1297 441 1332 Ὀρφικοὶ
457 1297 565 1332 λέγουσι
579 1297 772 1333 παραπλησίαν
788 1296 856 1325 εἶναι
873 1299 929 1329 τοῖς

137 1342 213 1374 ἀιοῖς.
231 1343 278 1370 Ὃν
293 1343 347 1378 γὰρ
362 1342 417 1378 ἔχει
431 1343 510 1377 λόγον
528 1344 558 1370 τὸ
571 1344 688 1379 λέπυρον
701 1345 730 1371 ὲν
749 1344 787 1380 τῷ
800 1344 857 1379 eq),
868 1344 929 1370 τοῦ-

136 1397 185 1415 τον
202 1389 273 1424 ἔχειν
289 1390 317 1416 ἐν
333 1389 371 1424 τῷ
383 1390 462 1416 παντὶ
475 1390 519 1415 τὸν
531 1390 644 1425 οὐρανόν
655 1399 660 1404 ·
674 1390 721 1417 καὶ
733 1390 770 1422 ὦς
783 1390 928 1426 ἐξήρτηται

760 198 928 233 συμϐήσεται

136 1436 187 1462 τοῦ
201 1436 316 1471 οὐρανοῦ
334 1436 503 1471 κυκλοτερῶς
518 1438 531 1463 ό
554 1437 644 1472 αἰθὴρ,
662 1437 732 1463 οὕτω
749 1436 795 1463 τοῦ
810 1436 928 1472 λεπύρου

136 1483 153 1509 ὁ
168 1483 250 1518 ὑμήν.
271 1482 349 1509 Κατὰ
365 1483 392 1509 δέ
409 1491 494 1515 τινας,
514 1483 606 1519 ἐπειδὴ
626 1483 640 1509 ό
657 1483 770 1518 οὐρανὸς
788 1483 835 1510 καὶ
847 1483 929 1518 αἰθὴρ

138 1524 181 1559 εἷς
201 1527 269 1558 ἐστι,
286 1527 354 1562 μετὰ
367 1527 396 1554 δὲ
412 1527 505 1554 τοῦτον
516 1529 529 1554 ὁ
541 1529 595 1564 ἀήρ
605 1537 612 1543 ο
630 1528 706 1555 ἔσται
724 1529 753 1554 ἐν
766 1529 821 1560 τοῖς
836 1528 898 1560 dmi;
916 1530 930 1554 ἁ

138 1574 212 1610 ὑμὴν
229 1574 275 1600 τοῦ
287 1574 366 1609 ἀέρος
381 1573 457 1606 τάξιν
475 1574 583 1610 ἐπέχων
597 1576 630 1611 -ή
646 1574 674 1601 δὲ
691 1574 773 1610 λευκὴ
788 1574 855 1610 σὰρξ
868 1575 885 1610 ή
901 1576 929 1601 ἐν

137 1619 179 1655 τῷ
192 1619 248 1655 ὼῷ,
268 1620 292 1646 εί
307 1619 356 1655 τὴν
377 1620 424 1646 τοῦ
448 1620 528 1656 ἀέρος
549 1620 625 1652 τάξιν
649 1621 752 1656 ἐπέχει,
767 1619 842 1646 ἔσται
862 1620 930 1655 ἠλέ-

138 1667 216 1698 κιθος
231 1665 278 1693 τοῦ
291 1665 344 1693 ὼοῦ
364 1666 413 1702 τὴν
428 1665 475 1692 τοῦ
491 1666 586 1698 ὕδατος
601 1666 677 1698 τάξιν
696 1667 831 1702 ἐπέχουσα
841 1676 847 1682 ·
860 1666 891 1692 τὸ
903 1666 928 1693 3‘s

138 1713 281 1739 ἐνδότατον
294 1712 341 1739 καὶ
359 1712 520 1747 μεσαίτατον
536 1712 584 1747 τῆς
596 1712 703 1739 λεκίθου
718 1711 767 1748 τὴν
780 1711 856 1744 τάξιν
869 1712 928 1747 ἕχον

136 1758 190 1793 τῆς
206 1760 265 1793 γῆς.
277 1759 308 1785 El
320 1758 348 1785 δὲ
363 1758 450 1794 ὑμένα
461 1759 507 1784 τὸν
522 1759 551 1785 ἐν
569 1758 607 1791 τῷ
622 1758 667 1793 ὼῷ
682 1758 742 1785 ἀντὶ
756 1758 802 1784 τοῦ
822 1759 929 1794 αἰθέρος

137 1805 277 1840 λᾱῢωμεν,
289 1805 320 1831 τὺ
332 1805 384 1832 τῶν
400 1804 512 1840 ὀρνίθων
527 1805 597 1839 γάλα
615 1805 672 1832 ἀντ’
685 1805 766 1839 ἀέρος
780 1804 866 1837 ἔσται,
883 1805 931 1831 καῖ’

136 1852 156 1888 ἡ
178 1851 276 1884 ἔξωθεν
292 1851 428 1887 περιφορὰ
447 1851 497 1886 τῆς
520 1851 627 1878 λεκίθου
645 1852 704 1878 ἀντὶ
727 1852 820 1883 ὓδατος
831 1860 837 1865 -
855 1851 886 1878 τὸ
901 1850 932 1877 δὲ·

138 1895 282 1924 ἐνδότατον
297 1896 344 1923 καὶ
363 1896 524 1932 μεσαίτατον
543 1896 603 1923 ἀντὶ
626 1897 677 1932 τῆς
690 1897 750 1932 γῆς.
767 1895 888 1923 Καθόλου
901 1896 932 1922 δὲ

138 1943 190 1970 ἐὰν
204 1941 284 1968 πέντε
299 1942 417 1977 σφαίρας
437 1941 559 1977 εἴπωμεν
577 1942 648 1969 κατὰ
669 1942 713 1968 τὸν
730 1941 928 1976 Ἀριστοτέλην,

137 1989 170 2015 τὺ
183 1988 322 2015 ἐνδὸτατον
335 1988 384 2023 τῆς
403 1987 510 2014 λεκίθου
532 1988 591 2014 ἀντὶ
606 1988 657 2022 τῆς
677 1988 729 2023 γῆς
748 1987 930 2023 παραληφθή-

139 2042 235 2060 σεται·
251 2032 297 2060 ἐὰν
313 2033 342 2059 δὲ
357 2033 490 2068 τέσσαρας
504 2033 577 2060 κατὰ
589 2033 652 2064 τοὺς
668 2032 777 2065 ἄλλους,
790 2032 837 2068 ὅλη
853 2034 870 2068 ἡ
884 2032 927 2059 λέ-

89 2097 92 2099 λ
139 2079 215 2111 κιθος
229 2079 290 2106 ἀντὶ
308 2079 357 2114 τῆς
371 2079 422 2114 γῆς
436 2078 522 2110 ἔσται,
536 2079 566 2105 οὺ
581 2079 652 2105 κατὰ
672 2081 702 2106 τὸ
720 2079 844 2114 μέγεθος,
861 2078 928 2105 ἀλλὰ

138 2126 212 2154 κατά
224 2126 274 2162 τὴν
289 2125 374 2158 τάξιν.

176 2217 240 2245 ’Ότι
253 2217 281 2244 δέ
295 2216 342 2244 καὶ
354 2216 467 2251 ἕστηκεν
482 2216 500 2251 ή
523 2216 570 2251 γῆ,
593 2215 794 2252 παραδείγματι
809 2216 927 2251 χρῶνται

136 2264 237 2299 τούτῳ.
251 2263 286 2290 Εἴ
295 2271 347 2294 τις,
367 2261 459 2296 φασιν,
484 2263 524 2292 εἰς
544 2260 650 2296 φύσκαν
666 2261 782 2297 κέγχρον
807 2261 892 2296 βάλοι,
910 2261 927 2296 ἢ

138 2310 240 2337 κόκκον
252 2309 351 2344 φακοῦ,
369 2308 417 2335 καὶ
434 2308 574 2342 φυσήσειε,
594 2308 641 2334 καὶ
660 2308 826 2343 ἐμπλήσειεν
843 2308 930 2343 αὐτὴν

138 2357 236 2392 ἀέρος’
253 2356 421 2391 συμϐήσεται
441 2355 655 2391 μετεωρισθέντα
669 2354 714 2380 τὸν
726 2354 824 2380 κόκκον
837 2354 865 2380 ἐν
881 2353 928 2389 μέ-

139 2412 180 2438 σῳ
200 2402 248 2437 τῆς
260 2402 381 2433 κύστεως
394 2402 498 2437 στῆναι.
515 2401 569 2428 Καὶ
580 2400 631 2436 τήν
647 2400 699 2435 γῆν
715 2400 743 2426 δὲ
759 2399 928 2434 πανταχόθεν

138 2448 193 2475 am
212 2448 258 2474 τοῦ
278 2447 359 2482 ἀέρος
379 2447 546 2482 ὠθουμένην,
569 2446 720 2482 ἰσορρόπως
743 2447 772 2473 ἐν
793 2445 832 2482 τῷ
854 2446 929 2482 μέσῳ

137 2491 209 2521 εἶναι
230 2493 278 2519 καὶ
299 2492 419 2519 ἑστάναι.
441 2492 476 2518 Ἢ
503 2491 585 2518 πάλιν
607 2490 701 2525 ὥσπερ
724 2489 752 2516 εῐ
771 2499 813 2522 τις
839 2489 928 2516 λαϐὼν

137 2538 222 2573 σῶμα
242 2537 331 2572 δήσειε
356 2535 522 2570 πανταχόθεν
545 2535 688 2570 σχοινίοις,
713 2535 759 2561 καὶ
784 2534 841 2569 δοίη
857 2534 928 2561 τισὶν

136 2584 293 2619 ἰσορρόπως
317 2582 407 2609 ἕλκειν
431 2582 474 2608 ἐπ’
500 2580 658 2616 ἀκριϐείας·
683 2580 851 2616 συμϐήσεται
874 2580 928 2616 γὰρ

135 2628 307 2664 πανταχόθεν
316 2628 414 2663 ἐπίσης
431 2627 639 2663 περιελκόμενον
657 2627 751 2662 στῆναι
775 2626 821 2653 καὶ
845 2627 928 2662 ἀτρε-

136 2677 240 2713 μῆσαι.
257 2674 410 2710 Ξενοφάνης
423 2674 454 2701 δὲ
466 2675 515 2700 οὐκ
534 2674 618 2700 οἴεται
641 2673 777 2709 μετέωρον
790 2671 860 2700 εἶναι
878 2674 926 2708 τὴν

134 2723 202 2758 γῆν,
218 2721 285 2748 ἀλλὰ
301 2720 376 2747 κάτω
392 2721 430 2752 εἰς
442 2720 554 2755 ἄπειρον
571 2719 700 2755 καθήκειν
713 2728 719 2734 ⁸
739 2719 804 2753 φησὶ
817 2718 871 2752 γάρ
885 2727 891 2734 -

192 2812 226 2828 ³⁸⁸
243 2812 264 2847 f.
287 2811 443 2844 ποιούμενα.

943 1496 964 1525 C

979 198 1082 232 :equale
1105 199 1206 233 capiat,
1233 204 1259 225 et
1286 199 1400 225 invicem
1422 198 1533 233 alliget;
1558 199 1622 226 illud
1649 199 1763 232 aecidct,

979 249 1104 270 neutrum
1130 248 1159 270 ut
1179 245 1214 271 ab
1237 244 1323 271 altero
1349 245 1419 271 trahi
1436 245 1543 280 possit:
1560 250 1590 272 ut
1613 246 1635 273 si
1657 246 1718 280 quis
1735 246 1763 272 in

980 298 1054 319 mare
1069 291 1121 318 ista
1136 291 1272 326 projiciat,
1291 299 1380 327 neque
1394 293 1478 320 suber
1493 293 1522 320 in
1536 293 1703 328 profundum
1717 292 1763 320 de-

980 337 1112 371 primatur
1136 345 1151 364 a
1166 338 1289 372 plumbo,
1312 346 1400 373 neque
1415 339 1556 373 plumbum
1577 339 1610 366 ad
1628 346 1765 367 summam

979 388 1077 416 aquam
1098 389 1113 408 a
1124 382 1224 410 subere
1237 384 1326 418 possit
1340 384 1428 410 attolli
1441 394 1449 411 ι
1461 383 1508 411 sed
1527 391 1560 411 ex
1578 392 1656 420 :equo
1672 384 1763 410 utrin-

979 435 1032 462 que
1044 431 1132 455 tracta
1142 428 1224 456 suber
1239 432 1266 456 et
1278 429 1419 463 plumbum
1436 437 1570 457 summam
1584 429 1653 456 inter
1663 437 1764 464 aquam

980 473 1149 509 fundumque
1164 481 1299 509 suspensa
1319 478 1474 502 teneantur.
1499 474 1681 507 Quamobrem
1701 483 1767 502 cum

980 519 1036 546 sint
1049 519 1181 547 elementa
1194 524 1323 554 quatuor,
1341 519 1440 547 accidit
1460 523 1489 546 ιιι
1502 520 1573 555 ignis
1588 525 1615 547 et
1630 527 1688 552 aer,
1703 526 1768 555 quae

980 570 1044 593 sunt
1060 565 1212 598 levissima,
1230 574 1340 594 sursum
1359 571 1456 601 suapte
1478 569 1576 601 sponte
1606 571 1765 601 naturaeque

980 611 1081 646 impetu
1096 612 1231 643 ferantur,
1246 616 1272 639 et
1291 613 1318 639 in
1334 613 1428 640 orbem
1441 612 1590 647 agitentur.
1606 611 1673 638 Nam
1691 612 1764 647 quod

980 658 1050 692 ignis
1062 663 1088 684 et
1105 665 1151 685 aer
1166 659 1307 686 levissima
1322 665 1440 694 corpora
1458 659 1523 691 sint,
1536 662 1564 685 et
1579 666 1689 686 sursum
1705 662 1765 685 ten—

979 703 1082 734 dentia,
1111 711 1172 730 cum
1199 705 1340 731 oculorum
1367 712 1450 731 sensu
1481 703 1681 736 discernimus.
1706 707 1769 730 tum

980 750 1147 778 medicorum
1160 751 1311 778 cucurbita:
1322 750 1511 778 demonstrant
1524 758 1531 783 ;
1544 749 1644 784 quibus
1659 749 1770 776 inclusa

979 796 1102 823 videmus
1126 796 1207 823 ambo
1233 804 1265 823 ex
1281 795 1335 831 76
1346 796 1401 822 alto
1428 795 1589 830 sanguinem
1610 794 1767 821 extrahere;

981 842 1053 869 idem
1077 847 1103 869 et
1125 842 1301 869 lucernarum
1326 842 1397 877 ignis
1421 842 1555 869 ostendit.
1579 841 1630 874 Qui
1655 848 1764 869 sursum

978 888 1083 915 enitens
1106 888 1196 915 oleum
1219 888 1251 914 ad
1270 895 1299 915 se
1320 888 1414 920 trahit,
1429 888 1501 923 quod
1519 888 1639 915 lucerna:
1659 886 1766 914 alveolo

978 933 1144 961 continetur.
1162 934 1233 966 Quin
1251 934 1333 961 etiam
1359 937 1461 961 torrem
1491 941 1638 961 accensum
1657 933 1679 961 si
1702 933 1765 968 quis

980 979 1108 1011 invertat,
1125 987 1265 1015 nunquam
1279 980 1407 1007 deorsum
1430 980 1543 1007 omnino
1560 979 1653 1006 tendet
1669 980 1740 1014 ignis
1757 1000 1763 1005 .

979 1024 1080 1059 quippe
1096 1032 1174 1058 quem
1192 1024 1219 1050 in
1236 1024 1320 1051 altum
1336 1024 1429 1051 nativa
1440 1024 1563 1059 quaedam
1579 1024 1620 1051 vis
1640 1024 1765 1059 impellit.

980 1069 1087 1097 Rursus
1108 1070 1129 1097 si
1148 1070 1210 1105 quis
1228 1074 1311 1097 vento
1333 1070 1482 1098 distentum
1508 1073 1595 1096 utrem
1615 1074 1642 1097 et
1664 1069 1766 1104 obliga-

981 1121 1038 1142 tum
1067 1116 1092 1142 in
1119 1123 1217 1150 aquam
1241 1115 1388 1150 projiciat,
1416 1116 1595 1142 nihilominus
1620 1116 1766 1143 innatabil.

980 1161 1057 1195 Quod
1075 1166 1165 1189 autem
1179 1165 1251 1188 terra
1268 1168 1295 1189 et
1309 1170 1380 1197 aqua
1397 1163 1489 1196 gravia
1504 1163 1570 1195 sint,
1589 1170 1621 1190 ac
1637 1162 1765 1190 deorsum

982 1208 1116 1239 ferantur,
1131 1207 1239 1235 ratione
1254 1208 1328 1234 nulla
1340 1209 1449 1242 probari
1467 1216 1580 1236 necesse
1593 1213 1645 1242 est,
1660 1216 1722 1236 cum
1739 1208 1770 1235 id‘

980 1252 1048 1280 satis
1063 1253 1231 1288 experientia
1243 1256 1369 1281 testetur.
1385 1253 1518 1281 Cmterum
1535 1254 1603 1281 ordo
1615 1255 1670 1286 ille,
1683 1259 1770 1289 quem

981 1299 1008 1326 in
1022 1298 1115 1326 mundi
1130 1299 1235 1334 sphaera
1254 1299 1461 1331 constituimus,
1476 1307 1588 1327 ovorum
1598 1300 1696 1327 similis
1712 1305 1765 1332 est,

981 1348 1010 1372 ut
1021 1344 1121 1380 Orphei
1138 1349 1290 1372 sectatores
1303 1345 1410 1372 docent.
1435 1345 1521 1378 Quam
1539 1346 1612 1373 enim
1631 1346 1765 1373 rationem

980 1391 1062 1418 habet
1082 1391 1109 1418 in
1134 1398 1185 1418 ovo
1205 1394 1348 1426 putamen.
1371 1391 1494 1418 eamdem
1512 1391 1539 1418 in
1564 1395 1621 1419 toto
1637 1391 1770 1420 universo

981 1437 1082 1464 malum
1098 1437 1219 1470 obtinet;
1244 1441 1326 1472 atque
1339 1441 1368 1464 ut
1386 1438 1411 1464 in
1425 1437 1517 1465 urbem
1533 1445 1548 1465 e
1563 1438 1634 1465 cmlo
1648 1446 1767 1473 suspen-

982 1490 1029 1510 sus
1045 1487 1087 1509 est
1100 1482 1196 1514 aether,
1220 1482 1259 1509 sic
1280 1490 1295 1509 e
1310 1482 1450 1516 putamine
1467 1481 1602 1516 pellicula.
1619 1481 1679 1514 Vel,
1693 1483 1767 1518 quod

981 1528 1043 1555 aliis
1056 1528 1156 1563 placet,
1177 1527 1305 1562 quoniam
1321 1527 1407 1555 agther
1422 1527 1492 1554 idem
1505 1532 1548 1555 est
1566 1535 1599 1555 ac
1617 1528 1716 1555 uelum
1729 1537 1736 1561 ;
1751 1536 1767 1554 ιι

980 1581 1034 1608 quo
1047 1573 1186 1608 proximus
1203 1577 1242 1600 est
1257 1580 1315 1604 aer,
1330 1573 1382 1600 erit
1397 1574 1423 1599 in
1436 1580 1487 1600 ovo
1504 1573 1660 1600 membrana
1680 1573 1768 1600 instar

980 1620 1072 1647 aeris:
1089 1625 1154 1646 caro
1171 1623 1261 1646 autem
1289 1618 1391 1651 albida,
1408 1626 1469 1653 qua:
1494 1619 1520 1645 in
1546 1619 1640 1646 eodem
1665 1622 1717 1650 est.
1743 1620 1771 1646 si

979 1665 1088 1701 quidem
1105 1666 1160 1693 aeri
1180 1665 1337 1700 respondet,
1354 1672 1430 1699 aqu-.e
1446 1665 1535 1692 locum
1548 1665 1656 1692 vitellus
1667 1665 1767 1692 habere

980 1715 1082 1746 potest;
1099 1714 1155 1738 tum
1174 1711 1246 1746 quod
1259 1710 1375 1738 interius
1391 1715 1433 1737 est
1448 1710 1475 1737 in
1488 1710 1578 1738 medio
1595 1711 1696 1741 vitello.
1712 1714 1768 1738 ter-

980 1765 1037 1784 ram
1062 1757 1205 1792 exprimet.
1240 1757 1288 1784 Sin
1314 1761 1355 1784 est
1387 1759 1419 1783 ut‘
1450 1756 1638 1784 membranam
1666 1757 1708 1783 ori
1732 1756 1771 1783 ad’

980 1803 1081 1831 aethera
1103 1802 1255 1831 transferre
1281 1802 1419 1834 malimus,
1448 1809 1496 1837 pro
1521 1808 1584 1828 aere
1601 1801 1771 1840 gallinarum

981 1850 1022 1876 lac
1038 1849 1216 1882 habebimus;
1232 1852 1259 1875 et
1275 1847 1359 1876 vitelli
1373 1851 1512 1875 extremus
1534 1847 1653 1874 ambitus
1668 1855 1766 1882 aquam

980 1894 1128 1922 exhibebit.
1147 1893 1224 1927 Quod
1253 1895 1368 1922 interius
1392 1898 1444 1925 est,
1471 1897 1497 1920 et
1513 1893 1540 1920 in
1561 1892 1669 1925 medio,
1686 1893 1773 1920 t'errre

981 1941 1066 1968 instar
1080 1940 1141 1967 erit.
1158 1940 1198 1966 Ad
1212 1947 1359 1970 summam.
1376 1940 1398 1967 si
1413 1947 1475 1966 cum
1488 1938 1632 1966 Aristotele
1644 1938 1771 1974 quinque

980 1985 1100 2021 spbaaras
1116 1993 1178 2013 esse
1200 1985 1363 2017 dixerimus,
1385 1985 1457 2020 quod
1475 1985 1600 2012 intimum
1620 1985 1702 2012 estin
1725 1985 1766 2011 vi-

980 2032 1055 2064 tello,
1077 2035 1158 2059 terra!
1180 2031 1242 2058 loco
1266 2036 1399 2058 sumetur.
1428 2030 1476 2057 Sin
1500 2034 1618 2065 quatuor
1639 2036 1766 2064 putemus

979 2084 1056 2109 esse.
1074 2076 1148 2111 quod
1171 2076 1216 2102 alii
1234 2080 1362 2109 censent;
1379 2083 1430 2111 pro
1457 2079 1530 2102 terra
1549 2074 1671 2102 vitellum
1695 2075 1771 2102 intc-'

979 2130 1075 2158 grum,
1100 2130 1155 2149 non
1181 2121 1396 2157 magnitudinis,
1422 2122 1469 2149 sed
1498 2122 1569 2148 situs
1591 2122 1697 2149 ratione
1717 2130 1766 2148 ca-

943 2170 966 2196 D
978 2169 1095 2204 piemus.

1015 2214 1074 2242 lam
1092 2214 1162 2249 quod
1181 2213 1329 2241 immobilis
1352 2218 1430 2242 terra
1448 2215 1590 2246 consistat,
1607 2214 1658 2241 hoc
1674 2222 1772 2242 ωιιειιικΔ

979 2261 1024 2294 pio
1041 2259 1184 2295 colligunt.
1200 2258 1307 2286 Etenim
1321 2259 1344 2286 si
1367 2259 1441 2294 quis,
1464 2258 1553 2290 aiunt,
1569 2259 1597 2286 in
1613 2258 1768 2286 folliculum

980 2305 1057 2337 milii.
1076 2313 1124 2333 seu
1149 2304 1287 2332 lenticula:
1308 2310 1424 2339 granum
1444 2303 1566 2338 iujiciat,
1591 2307 1618 2331 et
1644 2303 1770 2331 inﬂando

979 2351 1108 2385 deinceps
1124 2358 1188 2377 aere
1202 2350 1348 2384 compleat,
1364 2349 1464 2376 elatum
1482 2349 1510 2376 in
1521 2349 1637 2377 sublime
1650 2357 1769 2384 granum

979 2397 1007 2423 in
1035 2397 1131 2423 vesicae
1158 2395 1246 2424 medio
1272 2395 1403 2423 manebit.
1435 2395 1475 2421 Μ
1498 2394 1623 2433 eumdem
1653 2394 1767 2422 modum

980 2447 1052 2470 terra
1070 2442 1252 2476 undecunque
1277 2441 1312 2468 ab
1336 2448 1401 2468 aere
1416 2441 1507 2476 pulsa,
1531 2444 1559 2468 et
1576 2441 1607 2467 int
1626 2440 1717 2468 medio
1737 2439 1766 2466 li-

979 2489 1055 2516 brata
1071 2488 1257 2523 suspenditur.
1275 2488 1330 2515 Aut
1344 2487 1574 2522 quemadmodum
1591 2486 1614 2514 si
1627 2486 1688 2520 quis
1704 2492 1766 2512 cor-

979 2542 1031 2570 pus
1050 2533 1159 2569 aliquod
1177 2533 1298 2568 undiqne
1321 2533 1434 2560 funibus
1459 2533 1598 2567 aitigatnm
1623 2530 1767 2566 requaliter

980 2581 1015 2608 ab
1026 2579 1100 2607 omni
1117 2584 1194 2614 parte
1204 2579 1300 2614 jubeat
1312 2578 1423 2610 attrahi,
1440 2585 1502 2605 cum
1515 2576 1635 2610 undique
1650 2576 1771 2611 paribus

980 2626 1124 2654 momentis
1149 2625 1320 2660 impellatur.
1345 2624 1427 2652 stabit
1449 2627 1475 2651 et
1499 2623 1632 2658 quiescet.
1656 2621 1690 2648 At
1715 2621 1768 2649 Xe-

980 2674 1122 2709 nophanes
1135 2676 1216 2708 negat
1227 2672 1255 2699 in
1266 2679 1353 2699 vacuo
1366 2677 1528 2705 suspensam
1543 2668 1629 2696 teneri
1643 2671 1744 2695 terram
1754 2676 1769 2701 ;.

980 2720 1026 2748 sed
1037 2720 1064 2747 in
1079 2720 1244 2747 immensum
1259 2717 1331 2744 infra
1340 2718 1496 2751 pertinere;
1511 2715 1551 2742 sic
1561 2713 1633 2742 enim
1646 2713 1767 2743 cecmita
