1913 3136
131 115 184 144 983

643 105 687 134 AD
706 104 840 134 EUSEBII
855 104 1057 134 CHRONICON
1075 98 1257 132 APPENDIX.

1700 93 1755 121 9H-

133 175 221 202 Terra:
233 170 337 207 quidem
349 169 390 197 hic
399 169 529 207 terminus
539 170 692 207 supra_ante
700 165 776 200 pedes
789 166 914 206 cernitur,
931 189 933 194 λ

990 162 1126 207 ᾱζηςίμρν
1140 161 1207 188 τόδε
1220 158 1323 207 ageam;-
1339 157 1400 207 ἀνί.)
1411 155 1490 200 παρὰ
1511 154 1624 207 πβσῖὶν
1630 152 1755 207 Effudi;

137 201 167 236 iit
176 201 369 244 [lui/oberrans
379 210 387 231 .‘
396 205 516 239 inﬁmum
525 207 610 229 autem
622 202 775 228 immensum
784 201 915 235 pertingit.

173 295 369 330 Aristophanes
383 296 472 320 autem
489 291 516 318 in
534 289 655 317 Nubibus
671 296 832 324 suspensam
846 288 917 315 illam

148 341 202 367 acit
218 341 261 367 his
277 339 368 366 verbis
384 347 390 365 :

139 395 160 424 ο
177 393 281 422 domine
296 401 350 425 rex,
367 391 490 419 immense
506 398 561 422 aer,
578 390 622 425 qui
638 388 736 417 obtines
745 393 845 460 [terram
862 395 920 415 sus-

756 431 862 458 pensam
877 431 885 449 :

756 431 862 458 pensum
877 431 885 449 :

138 485 185 514 sed
202 489 317 513 stantem
333 483 512 510 nihilominus
526 487 552 509 et
564 482 715 509 immotam.
729 479 798 507 Hinc
810 480 922 513 Aratus,

243 593 250 599 .
274 592 280 599 .
306 591 312 598 .
336 571 422 604 habet,
438 570 536 605 inquit,
553 569 678 596 libratam
691 567 805 604 undique

244 607 278 634 In
295 606 380 634 medio
397 611 506 638 terram,

139 670 200 699 quae
213 667 341 690 neutram
359 667 451 698 vergat
467 662 494 689 in
507 666 622 698 partem.
634 660 736 688 Verum
748 660 925 696 Empedocles

139 714 214 737 certa
232 709 375 737 clementis
390 709 449 736 loca
470 716 524 735 non
541 707 683 742 attribuit;
699 707 748 735 sed
767 707 812 734 illa
829 706 925 734 cedere

140 755 256 782 invicem
268 754 385 787 asserit;
404 754 471 782 adeo
483 757 513 780 ut
528 758 583 780 tam
599 753 726 781 sublimis
742 758 826 786 terra,
844 759 926 787 quam

140 801 301 836 depressum
316 801 416 828 coelum
431 800 563 835 rapiatur.

384 857 449 891 Quw
462 857 496 884 sit
510 862 608 884 natura
623 857 692 886 caeli.

175 904 201 932 5.
219 903 326 932 Caelum
345 903 392 930 alii
412 904 521 939 igneum
546 897 708 931 efsolidum
728 910 790 931 esse
806 902 901 930 dicunt
917 909 924 927 :

143 951 213 979 intra
225 950 298 986 quod
314 950 437 986 proxima
453 951 488 977 sit
500 950 571 986 ignis
588 950 704 985 sphaera,
721 949 839 985 lampadi
850 949 927 976 simi-

143 997 178 1025 lis
195 1007 202 1024 :
218 997 271 1024 nisi
289 996 363 1031 quod
386 996 414 1023 in
438 996 562 1030 lampade
587 1003 698 1023 sursum
724 995 810 1023 tendit
835 995 926 1030 ignis:

143 1043 227 1071 aether
248 1050 314 1070 vero
337 1043 476 1070 deorsum.
499 1041 567 1069 Tum
587 1042 708 1069 divinum
730 1040 858 1076 quiddam
880 1049 928 1076 pu-

144 1098 206 1117 rum
230 1093 257 1117 et
274 1089 408 1116 illibatum
431 1092 473 1116 est
492 1088 590 1122 ather;
609 1087 680 1123 ignis
700 1095 765 1115 vero
788 1088 927 1122 corrumpi

145 1140 244 1172 potest.
261 1135 439 1171 Empedocles
462 1135 584 1170 crystalli
605 1134 695 1161 simile
711 1133 785 1166 facit,
808 1134 880 1161 velut
895 1142 927 1161 ex

145 1182 231 1218 glacie
244 1185 428 1217 compactum.
442 1181 645 1208 Anaximander
660 1180 772 1208 volucre
785 1179 855 1215 ignis
868 1187 930 1215 par-

145 1229 243 1263 ticeps.
267 1227 428 1255 Aristotcles
452 1234 552 1262 corpus
577 1234 609 1254 ex
629 1225 727 1262 frigido
749 1229 879 1254 constans
903 1229 930 1252 et

146 1274 246 1301 calido.
257 1272 312 1301 Nec
324 1273 451 1300 dubitant
461 1273 527 1308 quin
542 1272 687 1300 sitanimal
702 1272 813 1300 cmlum.
826 1272 930 1307 Quippe

147 1327 208 1347 cum
221 1323 246 1347 et
258 1327 306 1355 per
323 1327 384 1347 sese
400 1322 550 1351 moveatur,
569 1323 595 1346 et
612 1318 706 1346 eodem
730 1318 810 1346 modo
825 1325 931 1353 semper

148 1366 176 1393 in
193 1366 286 1393 orbem
301 1365 422 1398 cieatur,
438 1369 520 1400 atque
540 1365 574 1392 ab
599 1364 694 1392 iisdem
709 1364 819 1399 punctis
836 1363 870 1391 ad
886 1371 932 1391 ea-

147 1412 208 1440 dem
230 1410 420 1439 vicissitudine
437 1414 565 1446 perpetua
589 1416 748 1443 revocetur;
765 1411 817 1438 hoc
841 1410 931 1446 ipsum

148 1461 238 1484 mente
255 1456 359 1492 praediti
373 1464 434 1484 esse
442 1456 586 1483 conﬁrmat
600 1455 687 1483 Plato.
703 1456 772 1488 Quin
789 1455 871 1483 etiam
887 1463 933 1483 so-

149 1503 183 1530 lis
197 1511 309 1530 cursum
332 1510 364 1529 ac
388 1503 458 1530 lunae
476 1502 609 1530 circuitus
633 1503 781 1534 intuemur,
798 1507 824 1530 et
839 1510 933 1530 erran-

150 1550 218 1576 tium
245 1553 407 1577 czeterorum
428 1549 686 1577 circumvolutioncs
711 1553 738 1576 et
761 1556 933 1584 progressus.
949 1538 970 1566 ο

150 1594 199 1622 Est
217 1599 307 1622 autem
329 1594 475 1622 animantis
494 1594 546 1621 hoc
560 1595 711 1630 proprium,
732 1602 748 1621 a
770 1595 862 1630 seipso
878 1602 937 1622 mo-

151 1641 220 1669 veri.
238 1639 305 1668 Nam
316 1641 381 1668 etin
398 1645 479 1673 terra,
495 1644 521 1668 et
536 1641 562 1667 in
575 1648 647 1675 aere,
663 1645 691 1668 ct
710 1641 738 1668 in
755 1647 825 1676 aqua
836 1641 937 1676 degunt

153 1687 293 1714 animalia.
312 1686 389 1714 Unde
404 1691 618 1714 consentaneum
638 1691 680 1715 est
696 1687 779 1714 etiam
800 1687 870 1715 ccelo
896 1691 938 1714 at-

155 1739 209 1768 que
227 1732 328 1760 aethere
342 1732 487 1760 contineri.
503 1732 542 1759 Ac
564 1732 657 1760 nescio
680 1739 714 1758 an
732 1739 787 1760 non
803 1730 938 1760 Homerus

154 1777 213 1813 ipse
227 1777 260 1805 de
275 1777 332 1811 illo,
348 1777 388 1805 sic
405 1781 534 1813 tanquam
550 1777 689 1805 animante
706 1777 757 1805 ista
767 1777 884 1805 dixerit:

157 1875 190 1902 Et
204 1875 254 1908 sol,
268 1876 312 1910 qui
325 1875 353 1902 in
367 1876 458 1903 omnia
473 1875 611 1910 prospicit,
627 1879 652 1902 et
670 1874 745 1902 audit
760 1875 860 1902 omnia.

156 1932 252 1960 Μυείοί
272 1940 356 1967 porro
378 1933 565 1960 harmonicam
582 1932 643 1960 θαιιὶ
663 1940 726 1961 esse
749 1932 939 1961 circuitionem

155 1982 291 2006 asserunt.

191 2022 323 2051 Cancrum
338 2023 385 2050 alii
407 2024 498 2059 ipsum
517 2032 550 2051 ex
565 2031 626 2052 sese
644 2024 755 2059 quidam
770 2023 940 2056 existimant,

156 2068 203 2096 alii
232 2069 403 2098 exhalatione
416 2070 469 2105 ’1⁵1
479 2070 565 2105 pasci,
591 2078 652 2106 qua:
676 2071 751 2098 circa
778 2071 866 2106 ipsum
888 2075 941 2104 est,

140 2114 281 2145 ,nonnulli
296 2122 375 2150 aquas
389 2115 524 2150 splueram
539 2116 632 2152 pabuli
647 2123 709 2144 esse
724 2116 785 2143 loco
808 2116 940 2144 sentiunt.

158 2161 321 2189 Aristoteles
337 2162 467 2189 alimento
482 2168 564 2198 negat
579 2171 648 2199 opus
661 2163 780 2197 habere;
795 2170 858 2191 nam
869 2163 942 2198 quod

969 190 1097 232 kut‘b'el
1120 190 1330 231 προσπλάζον·
1357 193 1389 219 τὸ
1421 191 1497 218 κάτω
1523 190 1549 217 δ’
1571 191 1608 232 ές
1630 190 1758 229 (55:51pm-

1571 225 1611 261 [ιιι
1615 224 1705 251 νεῖται
1711 245 1718 252 .

1011 290 1203 326 Ἀριστοφάνης
1214 288 1236 315 δ’
1248 288 1277 314 ὲν
1288 285 1435 321 Νεφέλαις
1446 283 1580 319 μετέωρον
1588 282 1673 318 αὐτὴν
1684 279 1757 308 elise-

970 338 1043 373 λέγει
1051 338 1106 373 γάρ
1114 345 1120 352 ·

971 395 1008 424 Ὦ
1022 395 1143 424 δέσποτ’
1156 394 1232 426 ἅναξ
1247 391 1382 428 ἀμέτρητ’
1402 389 1477 424 Ἀὴρο
1488 389 1522 422 ὃς
1535 389 1615 428 ἔχεις
1628 387 1687 428 τὴν
1701 386 1762 421 Τῆν

1568 423 1740 460 [μετέωρον-

974 490 1095 517 ἑστῶσαν
1119 488 1210 523 μέντοι
1235 486 1281 512 καὶ
1302 484 1436 519 ἀκίνητον.
1463 482 1542 509 Ὀθεν
1570 481 1617 508 καὶ
1642 479 1762 515 Ἄρατός

975 544 1056 570 φησιν
1067 543 1073 549 ⁸

1083 599 1114 608 ...
1131 579 1192 612 ἔχει
1204 577 1234 604 δ’
1251 575 1419 612 ὰτᾴλιιντον
1437 573 1553 607 ἁπάντη

1081 611 1247 648 Μεσόήγὺς
1260 611 1356 647 γαῖαν

978 660 1102 698 μηδαμοῦ
1116 658 1359 694 ταλαντευομένην.
1384 656 1412 683 '0
1433 656 1461 683 δὲ
1480 653 1666 690 Ἐμπεδοκλῆς
1682 653 1713 679 οὒ
1725 652 1765 678 δί-

976 708 1041 735 δωσι
1063 708 1118 738 τοῖς
1140 704 1280 740 στοιχείοις
1298 703 1472 739 ’ὡρισμένους
1489 702 1596 732 τόπους,
1619 700 1677 727 ἀλλ’
1694 700 1767 727 ἀντι.

977 753 1151 789 παραχωρεῖν
1166 750 1290 786 ἀλλήλοις
1304 748 1397 784 φησιν’
1413 747 1483 774 ὥστε
1502 748 1548 774 καὶ
1565 747 1613 782 τὴν
1628 746 1681 780 γῆν
1702 753 1768 781 μετ-

977 799 1062 834 έωρον
1075 796 1213 833 φέρεσθαι,
1231 795 1278 822 καὶ
1294 795 1325 822 τὸ
1340 794 1394 829 πῦρ
1406 793 1605 828 ταπεινότερον.

1221 850 1268 884 Τίς
1288 850 1378 877 οὐσία
1389 848 1528 884 οὐρανοῦ.

1016 902 1046 926 ε’.
1058 897 1110 925 Τὸν
1123 897 1151 925 δὲ
1162 896 1275 932 οὐρανὸν
1290 896 1314 922 ol.
1333 895 1380 930 μὲν
1398 893 1507 930 πυρώδη
1521 890 1590 919 εἶναι
1609 893 1657 919 καὶ
1674 891 1768 928 στερέ-

982 953 1071 981 μνιον·
1086 943 1160 975 ἐντὸς
1172 943 1200 970 δὲ
1215 941 1296 969 αὑτοῦ
1319 940 1366 967 τοῦ
1383 939 1489 976 αἰθέρος
1503 939 1553 974 τὴν
1571 940 1689 973 σφαῖραν
1705 939 1766 973 ἐχο-

983 980 1066 1027 μένην
1082 989 1175 1024 ὥσπερ
1191 987 1285 1015 δαλόν·
1305 986 1441 1022 διαφέρειν
1461 985 1489 1011 δὲ
1516 983 1628 1018 ταύτην,
1682 983 1697 1010 ὁ
1717 983 1767 1019 μὲν

981 1036 1058 1067 δαλὸς
1070 1034 1208 1069 ἀνωφερὲς
1222 1032 1278 1068 ἔχει
1297 1031 1327 1058 τὺ
1340 1031 1404 1067 πῦρ,
1419 1031 1433 1057 ὁ
1450 1029 1478 1056 δὲ
1494 1029 1576 1065 αἰθὴρ
1590 1028 1766 1064 κατωφερὲς·

983 1082 1029 1109 καὶ
1044 1081 1084 1117 τῷ
1103 1081 1134 1107 τὸ
1161 1080 1209 1116 μὲν
1228 1079 1297 1106 οεῖον
1318 1076 1395 1109 εἶναι,
1423 1077 1470 1103 καὶ
1493 1075 1612 1111 καθαρὸν
1633 1075 1679 1102 καὶ
1697 1075 1765 1110 ἀμε-

983 1129 1119 1164 τάληπτον
1135 1127 1166 1153 τὸ
1191 1126 1237 1153 τοῦ
1258 1125 1375 1161 αἰθέρος,
1395 1123 1424 1150 τὸ
1442 1122 1470 1149 δὲ
1489 1122 1616 1158 φθαρτόν.
1638 1119 1771 1156 Ἐμπεδο-

983 1176 1050 1210 κλῆς
1075 1175 1103 1201 δὲ
1127 1172 1317 1210 κρυσταλλώόη
1343 1171 1436 1198 τοῦτον
1459 1167 1528 1196 εἷναί
1552 1176 1644 1204 φησιν,
1669 1168 1702 1193 ἐκ
1721 1164 1770 1193 τοῦ

984 1222 1156 1258 παγετώδους
1179 1220 1353 1255 συλλεγέντα·
1378 1215 1585 1252 Ἀναξίμανδρος
1612 1215 1641 1242 δὲ
1669 1214 1772 1249 πτηνὸν

984 1269 1069 1305 πυρὸς
1085 1267 1244 1303 μετέχοντα·
1267 1263 1453 1301 Ἀριστοτέλης
1470 1262 1498 1288 δὲ
1518 1260 1598 1296 σῶμα
1617 1261 1649 1286 ἐκ
1664 1258 1771 1294 ψυχροῦ

985 1304 1032 1343 καλ
1042 1313 1155 1350 θερμοῦ.
1168 1312 1239 1339 Ζῶον
1250 1311 1277 1337 δέ
1293 1318 1374 1345 φασιν
1387 1307 1456 1336 εἶναι
1472 1308 1517 1334 τὶν
1532 1307 1647 1342 κόσμον·
1663 1306 1702 1341 τῷ
1716 1304 1772 1341 γὰρ

986 1362 1159 1397 αὐτοκίνητον
1172 1358 1241 1386 εἶναι
1255 1358 1346 1387 αὑτὸν,
1359 1356 1406 1383 καὶ
1420 1355 1490 1382 κατὰ
1500 1354 1533 1381 τὰ
1554 1353 1623 1381 αὐτὰ
1635 1353 1683 1389 τὴν
1695 1360 1773 1387 περι-

987 1408 1071 1444 φορὰν
1084 1407 1126 1434 ἀεὶ
1142 1405 1284 1437 ποιεῖσθαι,
1300 1404 1346 1430 καὶ
1358 1402 1411 1430 ἀπὸ
1421 1402 1476 1428 τῶν
1491 1399 1579 1428 αὐτῶν
1592 1399 1712 1435 σημείων
1726 1397 1774 1424 ἐπὶ

986 1455 1020 1482 τὰ
1040 1454 1109 1481 αὑτὰ
1125 1451 1327 1488 περιδινεῖσθαι,
1348 1449 1410 1476 νοῦν
1433 1447 1539 1484 ἔχοντός
1561 1447 1636 1477 ἐστι,
1663 1445 1743 1480 φησιν
1759 1444 1774 1470 ὁ

987 1502 1110 1529 Πλάτων.
1132 1499 1210 1527 Ἀλλὰ
1225 1499 1272 1526 καὶ
1290 1498 1327 1530 ὡς
1341 1497 1409 1530 ζῶον
1426 1495 1560 1529 ζωογονεῖ·
1576 1493 1638 1524 τοὺς
1653 1492 1680 1519 δὲ
1695 1491 1775 1518 ἀστέ-

989 1558 1038 1586 ρας
1051 1548 1208 1583 γεννήματα
1222 1544 1304 1572 αὑτοῦ
1319 1541 1388 1571 εἷναί
1403 1550 1503 1577 φαμεν.
1517 1539 1572 1567 Καὶ
1585 1539 1660 1575 ἡλίου
1672 1538 1701 1564 δὲ
1715 1537 1776 1586 s96-

991 1583 1039 1632 μον
1052 1595 1168 1631 ὁρῶμεν,
1180 1592 1227 1620 καὶ
1248 1591 1362 1627 σελήνης
1382 1587 1542 1626 περιφορὰς,
1562 1585 1609 1613 καὶ
1622 1584 1675 1632 τῶν

990 1629 1132 1676 ίπλανῆτων
1146 1639 1285 1676 περιόδους
1305 1638 1352 1664 καὶ
1369 1637 1500 1672 κινήσεις.
1517 1633 1596 1660 Ἴδιον
1612 1632 1641 1659 δὲ
1658 1630 1729 1663 ζώου
1745 1629 1776 1676 το

991 1687 1034 1722 ὑφ’
1052 1675 1134 1713 αῦτοῦ
1154 1684 1297 1712 κινεῖσθαι.
1317 1683 1371 1710 Καὶ
1392 1681 1445 1716 γὰρ
1470 1681 1499 1707 ὲν
1521 1680 1556 1714 γῇ
1573 1678 1620 1705 καὶ
1641 1676 1714 1712 ἀέρι,
1730 1675 1777 1702 καὶ

991 1733 1068 1760 ὕδατι
1084 1732 1142 1765 ζῶά
1161 1732 1228 1757 ἐστι.
1252 1729 1297 1756 Διὸ
1321 1727 1465 1756 ἀκόλουθον
1485 1725 1531 1753 καὶ
1553 1726 1581 1751 ὲν
1598 1722 1714 1760 οὐρανῷ,
1729 1721 1778 1749 καὶ

991 1779 1079 1815 αῐθέρι
1101 1776 1180 1804 εἶναι.
1204 1777 1315 1812 Μήποτε
1339 1775 1431 1810 μέντοι
1449 1773 1497 1800 καὶ
1510 1771 1632 1808 ’Όμηρος
1651 1770 1689 1801 ὼς
1709 1767 1778 1803 πρὸς

992 1824 1059 1857 ζῶόν
1074 1830 1174 1859 φησιν’

999 1879 1112 1911 Ἠέλιός
1128 1879 1164 1911 0‘,
1178 1877 1211 1910 ὃς
1227 1876 1313 1903 πάντ’
1335 1874 1438 1911 ἐφορᾷ,
1461 1875 1509 1902 καὶ
1527 1873 1614 1900 πάντ’
1626 1871 1778 1899 ἐπακούει.

993 1938 1024 1964 οι
1037 1937 1066 1963 δὲ
1090 1936 1213 1971 μουσικοὶ
1236 1932 1389 1970 ἁρμονικὴν
1413 1931 1459 1958 τοῦ
1484 1929 1599 1966 οὐρανοῦ
1624 1927 1706 1955 αὐτοῦ
1729 1927 1780 1962 τὴν

994 1981 1144 2019 περιφορὰν
1158 1981 1282 2015 λέγουσιν
1292 1977 1372 2006 εἶναι.

1028 2018 1121 2064 Τροφῇ
1136 2027 1166 2054 δὲ
1176 2026 1287 2062 χρῆται,
1300 2023 1337 2056 ὡς
1351 2024 1400 2060 μέν
1413 2031 1495 2055 τινες,
1505 2021 1569 2057 παρ’
1585 2019 1691 2047 ἑαυτοῦ·
1706 2018 1780 2045 ἄλλοι

994 2076 1021 2102 δὲ
1038 2073 1217 2109 ἀναθυμιάσει
1227 2073 1260 2107 τῇ
1274 2072 1337 2107 περὶ
1348 2069 1428 2097 αὐτόν
1437 2068 1522 2100 ’τινὲς
1538 2067 1567 2094 δὲ
1579 2067 1612 2102 τῇ
1628 2065 1675 2092 τοῦ
1686 2064 1780 2096 ὓδατος

996 2121 1107 2155 σφαίρᾳ.
1116 2119 1144 2145 ‘A
1149 2127 1237 2154 ριστοτ
1241 2117 1303 2152 έλης
1310 2117 1338 2143 δὲ
1351 2117 1387 2152 μὴ
1394 2114 1496 2142 δεῖσθαι
1502 2113 1603 2149 τροφῆς
1609 2112 1690 2139 αὐτὴν
1695 2111 1779 2145 λέτιι’

995 2169 1025 2195 τὸ
1041 2167 1094 2203 γὰρ
1107 2166 1231 2202 δεόμενον
1242 2163 1360 2200 φθαρτόν
1370 2172 1376 2179 ’
1389 2164 1403 2190 ὁ
1414 2162 1442 2189 δὲ
1452 2161 1535 2193 ἀΐδιός
1547 2161 1605 2187 ἐστι
1616 2160 1676 2186 κατ’
1688 2158 1779 2186 αὐτόν.

157 2215 190 2236 eo
205 2207 319 2243 indiget,
334 2208 514 2243 corruptibile
527 2214 570 2236 est
585 2218 592 2236 :
608 2209 708 2236 caslum
726 2212 817 2236 autem
841 2209 933 2244 sempi-

1003 2211 1031 2237 Ὀ
1048 2209 1076 2237 δὲ
1098 2209 1209 2237 Πλάτων
1233 2209 1278 2235 τὸν
1303 2208 1351 2244 μὲν
1369 2206 1476 2243 ,νοητὸν
1503 2205 1604 2241 κόσμον
1632 2204 1717 2231 ἀΐδιον
1735 2205 1780 2230 καὶ

157 2257 266 2280 ternum
281 2253 316 2281 ab
337 2254 432 2282 eodem
454 2255 574 2290 ponitur.
591 2254 692 2282 Verum
709 2254 787 2281 Plato
812 2255 943 2282 mundum

157 2300 354 2334 intelligibilem
377 2306 510 2328 aeternum
534 2306 561 2330 et
587 2303 776 2338 incorruptum
804 2310 866 2330 esse
887 2306 946 2330 sta-

157 2347 220 2380 tuit,
239 2347 399 2374 sensibilem
413 2355 478 2376 vero
493 2355 574 2383 posse
595 2350 747 2385 corrumpi,
767 2349 897 2385 quoniam
920 2349 943 2376 si

157 2392 300 2420 sensibilis
319 2397 373 2425 est,
400 2393 489 2422 factus
519 2395 555 2423 sit
576 2399 683 2431 oportet
705 2395 946 2431 corruptionisque

157 2446 256 2474 capax.
280 2438 414 2467 Praeterea
433 2440 530 2468 scribit
549 2441 577 2468 in
598 2441 724 2473 Politiro,
743 2450 791 2470 seu
810 2441 946 2473 fabulose,

158 2492 206 2511 seu
217 2491 325 2517 revera,
340 2485 442 2521 duplici
456 2493 531 2514 motu
542 2487 618 2515 illum
632 2496 692 2516 esse
707 2489 849 2523 przeditum
861 2496 869 2523 ;
881 2495 949 2523 quo-

157 2538 218 2558 rum
237 2532 304 2560 alter
317 2536 414 2560 natura
430 2533 469 2560 illi
482 2538 542 2567 sua,
556 2535 626 2562 alter
641 2543 656 2562 a
670 2535 725 2564 Deo
740 2536 890 2571 impressus
903 2542 948 2561 ac‘

158 2577 234 2604 cidit.
252 2579 291 2606 Ac
306 2586 367 2606 cum
387 2584 511 2608 movetur
524 2589 539 2608 a
564 2581 628 2614 Deo,
647 2582 774 2610 ordinate
787 2582 885 2612 cietur.
903 2581 947 2608 in-

159 2622 228 2656 quit,
251 2628 278 2650 et
298 2629 472 2659 constanter;
488 2634 550 2654 cum
571 2634 586 2653 a
604 2627 695 2662 seipso
709 2635 785 2660 vero,
807 2627 945 2655 contrario

159 2672 235 2695 motu
248 2669 352 2705 rapitur
366 2675 394 2698 et
408 2672 606 2708 corrumpitur,
621 2673 709 2700 donec
724 2680 822 2700 rursus
834 2674 946 2700 accedat

160 2714 243 2747 Deus,
263 2720 290 2742 et
303 2717 403 2749 aurigae
417 2718 506 2746 instar
520 2719 666 2747 moderans
682 2719 829 2754 pristinum
841 2719 868 2746 in
884 2726 946 2746 cur-

996 2256 1134 2292 ἆφθαρτον
1152 2255 1236 2289 λέγει,
1258 2253 1304 2280 τὸν
1327 2253 1355 2280 δὲ
1379 2251 1507 2288 αἰσθητὸν
1524 2249 1651 2286 φθαρτόν.
1674 2250 1707 2276 Et
1728 2249 1781 2286 γὰρ

998 2302 1124 2337 αἰσθητός
1141 2303 1208 2333 ἐστι,
1232 2300 1278 2327 καὶ
1296 2299 1408 2334 γενητὸς
1434 2297 1553 2334 δηλονότι
1581 2297 1628 2324 καὶ
1652 2295 1780 2331 φθαρτός.

999 2349 1070 2380 Ἔτι,
1089 2347 1155 2383 φησὶ
1166 2347 1190 2363 ⁸⁸
1202 2346 1242 2382 τῷ
1257 2344 1412 2378 Πολιτικῷ,
1431 2345 1487 2371 εἴτε
1503 2343 1624 2380 μυθικῶς
1636 2342 1692 2369 εἴτε
1707 2350 1783 2377 φυσι-

998 2395 1064 2427 κῶς,
1084 2393 1188 2428 κίνησιν
1201 2392 1272 2427 ἔχειν
1282 2392 1373 2427 διττὴν
1384 2398 1391 2405 '
1410 2390 1459 2426 τὴν
1479 2390 1527 2426 μὲν
1541 2389 1586 2424 ὑφ’
1603 2387 1716 2422 ἑαυτοῦ,
1734 2387 1781 2422 τὴν

999 2441 1027 2468 δὲ
1042 2440 1094 2467 ὑπὸ
1109 2439 1156 2466 τοῦ
1173 2438 1252 2465 Θεοῦ.
1268 2437 1324 2464 Καὶ
1336 2438 1380 2464 ὅτε
1397 2437 1450 2477 μὲν
1456 2436 1509 2463 ὑπὸ
1521 2435 1568 2462 τοῦ
1579 2434 1646 2462 Θεοῦ
1655 2436 1780 2464 κινεῖται,

996 2487 1132 2518 εὐτακτεῖ,
1159 2485 1206 2512 καὶ
1232 2484 1302 2511 κατὰ
1330 2483 1365 2511 τὰ
1390 2483 1459 2510 αὐτὰ
1481 2483 1613 2519 φέρεταιο.
1627 2483 1671 2509 ὅτε
1692 2481 1720 2508 δὲ
1739 2480 1780 2515 Op‘

996 2533 1108 2565 ἑαυτοῦ,
1126 2532 1175 2567 τὴν
1195 2531 1319 2558 ἐναντίαν
1342 2529 1428 2566 φορὰν
1453 2530 1578 2560 κινεῖται,
1596 2528 1644 2555 καὶ
1662 2527 1780 2562 διαφθεί-

998 2588 1088 2615 ρεται.
1109 2578 1163 2604 ἐστ’
1184 2577 1216 2604 ἂν
1237 2577 1332 2611 ἐπιστῇ
1351 2576 1430 2602 πάλιν
1446 2576 1460 2601 ὁ
1479 2575 1555 2606 Θεδς,
1571 2574 1618 2601 καὶ
1638 2574 1780 2609 ἡνιοχήσας

998 2624 1210 2659 ἀποκαταστήσῃ
1226 2624 1265 2654 εἰς
1278 2622 1328 2658 τὴν
1341 2621 1456 2658 ἀρχαίαν
1472 2621 1587 2656 κίνησιν,
1603 2619 1780 2655 ἀνακύκλησιν

999 2670 1190 2706 ποιησάμενος.
1213 2668 1374 2703 Ὠνὸμασται
1396 2667 1424 2694 δὲ
1446 2667 1548 2703 κόσμος
1571 2665 1646 2700 παρὰ
1662 2665 1713 2701 τὴν
1734 2664 1780 2691 τῶν

1001 2716 1165 2752 συμπάντων
1180 2714 1368 2750 διακόσμησιν.

161 2762 278 2790 riculum
305 2765 434 2793 restituat
459 2775 490 2794 ac
516 2767 648 2796 revolvat.
681 2768 791 2803 Κόσμος
815 2766 885 2795 idem
912 2766 948 2793 ob
963 2763 1171 2801 dispositionem
1204 2761 1325 2789 omnium
1347 2761 1375 2787 in
1390 2768 1424 2787 eo
1438 2767 1529 2787 rerum
1546 2759 1656 2787 dicitur.

205 2816 229 2834 ⁸⁸
241 2817 262 2850 Ῑ.
277 2817 340 2845 add.
355 2819 395 2846 ὲν.
