1898 3145
135 219 190 249 945

505 216 664 246 ACHILLIS
680 217 773 246 TATil
791 215 909 244 ISAGOG

964 214 1003 242 AD
1022 214 1128 244 ARATI
1144 215 1379 244 ΡΠΕΝΟΜΕΝΑ.

1699 197 1794 246 θιοθ

136 293 141 297 ~
169 276 302 312 Διόδωρος
317 276 345 303 δὲ
358 275 461 312 tam};
472 275 516 303 τὸν
528 275 629 313 κόσμον
646 278 712 313 φησὶ¹
728 277 855 308 νοεῖσθαι,
873 276 909 311 ιφ

1001 274 1136 304 Diodorus
1151 284 1199 304 sex
1216 277 1304 306 modis
1323 276 1438 312 intelligi
1455 284 1537 312 posse
1552 277 1684 305 mundum
1709 285 1754 306 as-

134 323 249 351 ἑκςέστου
267 323 370 350 ἔννοιαν
386 322 473 355 διδοὺς
487 322 582 355 οὓτως.
596 324 706 360 Κόσμος
722 325 780 351 ἐστὶ
792 324 918 360 σύστημα

132 369 164 402 ἐξ
176 369 291 405 οὐρανοῦ
303 369 351 396 καὶ
366 369 429 405 γῆς,
447 370 493 397 καὶ
503 369 557 396 τῶν
575 370 676 405 μεταξὺ
691 370 807 405 φύσεων.
823 371 917 403 Πάλιν,

132 415 234 451 κόσμος
246 416 318 443 ἐστὶν
333 416 487 452 οἰκητήριον
505 416 582 444 θεῶν.
605 417 662 444 Νῦν
679 415 725 444 οὖν
739 417 769 444 τὸ
783 417 918 453 πλήρωμα

131 463 206 498 λέγει
219 462 298 495 ἐκτὸς
311 461 366 489 τῶν
379 463 408 489 ὲν
425 462 507 498 αὐτῷ.
528 463 635 499 Τρίτον,
653 463 667 490 ὁ
683 464 784 499 κόσμος
797 465 855 490 ἐστὶ
871 464 918 490 σύ-

132 517 224 545 στημα
240 508 273 535 ἐκ
295 507 364 535 θεῶν
386 508 432 535 καὶ
456 508 663 544 ἀνθρώπων.....
682 508 759 536 τοῦτο
785 509 864 544 μόνον
879 509 918 544 τῷ

131 554 183 589 βίῳ
195 563 202 570 ·
218 555 255 586 ὡς
267 554 295 582 εῐ
309 563 351 586 τις
371 554 444 589 λέγει
457 563 463 569 ·
479 554 558 586 Πόλις
575 555 648 581 ἐστὶν
668 554 697 587 ἑξ
718 555 856 591 ἀρχόντων
872 555 918 582 καὶ

129 600 301 637 ἀρχομένων.
317 600 452 637 Τέταρτον
466 602 568 636 κόσμος
591 603 663 629 ἐστὶν
685 602 782 638 αἰθήρο
803 601 880 635 οὗτος
890 603 917 630 δὲ

129 646 188 683 πῦρ
207 647 350 683 εἰλικρινὲς
373 647 411 674 ὢν
434 647 586 683 κατώτερός
607 649 628 664 ³⁷
648 649 706 675 ἐστι
729 647 778 675 τοῦ
802 649 916 684 φυσικοῦ

129 693 244 728 κόσμου.
272 694 415 728 Πέμπτον,
442 694 542 729 κόσμος
568 695 640 721 ἐστὶν
664 696 680 730 ὴ
709 695 762 722 τῶν
790 696 916 723 ἀπλανῶν

131 741 244 776 σφαῖρα.
269 740 369 767 Τούτου
392 742 439 768 καὶ
465 741 576 768 Πλάτων
596 743 624 769 ὲν
649 743 754 777 Τιμαίῳ
772 743 915 779 μέμνηται.

130 785 241 817 Ἕκτον,
274 786 377 821 κόσμος
404 787 477 814 ἐστὶν
502 787 516 814 ὸ
542 787 727 824 διακοσμήσας
754 788 788 816 τὰ
816 789 914 816 πάντα.

130 829 225 856 Ἔοικε
239 830 267 857 δὲ
281 829 328 857 νῦν
339 831 356 866 ἡ
371 830 487 866 Πρόνοια
508 830 645 866 λέγεσϐαι.
656 832 692 858 Τὸ
705 832 732 858 δὲ
745 833 799 859 πᾶν
815 832 916 868 κόσμον

127 875 289 912 Πυθαγόρας
300 875 427 903 ἐκάλεσεν
443 877 476 903 ὲκ
488 876 538 912 τῆς
549 877 754 913 διακοσμήσεως
766 885 773 892 ·
787 877 872 910 οὐδεὶς
888 878 915 905 δὲ

128 920 184 957 πρὸ
196 920 288 948 αὐτοῦ.
308 920 345 948 Τὸ
363 921 391 948 δὲ
408 922 462 949 πᾶν
477 922 524 949 τοῦ
540 922 600 949 ὅλου
619 922 694 958 παρὰ
714 925 769 955 τοῖς
787 923 916 954 Στωϊκοῖς

126 968 263 1004 διαφέρει.
287 969 367 996 Ὀλον
394 968 443 1004 μὲν
467 969 522 1006 γὰρ
546 970 712 1005 λέγουσιτὸν
733 971 844 1006 κόσμον,
862 971 915 997 πᾶν

127 1014 158 1041 δὲ
178 1013 248 1050 μετὰ
257 1014 304 1041 τοῦ
320 1014 408 1042 κενοῦ.
425 1016 447 1041 Τ
449 1016 563 1052 ηρητέον
574 1017 607 1049 ⁸⁸,
619 1017 659 1043 ὅτι
676 1016 793 1053 οὐδαμοῦ
805 1017 838 1044 δι’
854 1017 914 1044 ὅλου

127 1060 232 1096 κόσμος
248 1060 334 1093 οὕτως
351 1061 514 1097 ὠνόμασται.
533 1063 652 1099 Οὐρανὸς
663 1063 691 1090 δὲ
704 1064 914 1100 ήτυμολόγηται,

126 1106 188 1141 ἦτοι
203 1107 263 1134 ἐπεὶ
279 1107 341 1143 ὄρος
354 1107 466 1139 παλαιός
478 1108 551 1135 ἔστιν
560 1117 567 1124 ο
584 1108 601 1144 ἢ
613 1110 673 1136 ἐπεὶ
683 1110 853 1147 σφαιροειδὴς
865 1111 913 1144 ὢν,

125 1151 233 1179 ενδοθεν
248 1152 329 1179 αὐτοῦ
350 1155 423 1188 ἡμᾶς
445 1154 515 1190 ἀρεῖ,
531 1154 545 1181 ὃ
566 1155 623 1182 ἐστι
646 1156 796 1190 φυλάσσει·
817 1157 834 1193 ἣ
854 1158 915 1184 ἐπεὶ

124 1197 265 1230 ἁνώτατός
278 1199 345 1226 ἐστι.
361 1199 397 1226 Τὸ
413 1199 441 1226 δὲ
455 1200 519 1236 ὅρου
541 1200 572 1228 τὺ
600 1201 656 1229 ἄνω
680 1201 778 1238 δηλοῦν
801 1202 914 1238 Φρυγῶν

125 1243 204 1277 ἴδιον,
223 1244 262 1276 ὡς
272 1244 460 1281 Νεοπτόλεμος
475 1246 504 1273 ἐν
523 1248 583 1279 ταῖς
597 1249 736 1282 Φρυγίαις
753 1250 862 1283 φωναῖς
875 1258 883 1266 ν
896 1249 912 1286 ἢ

124 1290 182 1317 ἀπὺ
198 1290 243 1318 τοῦ
258 1291 371 1328 ὁρᾶσθαι
383 1301 389 1307 ·
408 1293 424 1328 ἢ
442 1293 496 1320 ἀπὸ
509 1293 556 1320 τοῦ
576 1294 696 1331 ὀρούειν·
713 1296 826 1322 κινεῖται
845 1296 912 1330 γάρ·

123 1335 142 1372 ἢ
159 1336 213 1364 dati
224 1337 271 1364 τοῦ
288 1335 365 1374 οὖρος
382 1337 460 1371 εἶναι,
479 1340 526 1366 καὶ
544 1339 656 1375 ἔσχατος
667 1340 738 1376 ὅρος.
756 1341 870 1376 Λέγεται
885 1341 913 1368 δὲ

123 1382 270 1418 πολλαχῶς
283 1383 397 1419 οὐρανὸς
418 1386 434 1420 ἡ
459 1384 513 1412 τῶν
533 1385 658 1412 ἀπλανῶν
683 1388 794 1422 σφαῖρα.
823 1387 914 1423 Ζήνων

122 1428 193 1463 γοῦν
209 1430 224 1456 ὁ
239 1429 356 1462 Κυτιεὺς
369 1430 455 1463 οὕτως
471 1432 551 1459 αὑτὸν
563 1432 694 1468 ὡρίσατο·
714 1433 828 1469 οὐρανός
841 1435 913 1461 ἐστιν

122 1474 236 1511 αἰθέρος
259 1475 289 1503 τὺ
316 1476 439 1512 ἔσχατον,
461 1477 490 1511 ἐξ
517 1475 556 1511 οὗ,
582 1479 628 1505 καὶ
652 1479 680 1506 ὲν
700 1476 721 1513 ᾦ
750 1481 805 1506 ὲστι
826 1480 913 1507 πάντα

122 1522 274 1557 ἐμφανῶς·
296 1523 418 1559 περιέχει
437 1524 492 1560 γὰρ
513 1525 600 1551 πάντα
623 1524 692 1561 πλὴν
717 1526 807 1552 αὑτοῦ.
831 1527 913 1553 Οὐδὲν

122 1567 182 1603 γὰρ
199 1568 280 1595 ἑαυτὸ
299 1568 438 1605 περιέχει·
460 1570 517 1596 ἀλλ’
538 1571 632 1607 ἑτέρου
653 1572 711 1598 ἐστὶ
731 1573 911 1608 περιεκτικόν.

930 955 952 984 Β

123 1614 180 1641 Τοῦ
191 1614 220 1641 δὲ
235 1614 321 1648 οὕτως
334 1615 486 1652 ὡρισμένου
508 1616 622 1653 οὖρανοῦ
637 1617 773 1655 μέμνηται
786 1620 832 1646 καὶ
845 1619 912 1646 Πλά-
924 1633 946 1664 c

122 1668 192 1693 των,
207 1661 255 1687 καὶ
271 1661 460 1698 Ἀριστοτέλης
483 1662 512 1689 ἐν
535 1662 653 1700 δευτέρῳ
677 1664 747 1699 Περὶ
771 1666 911 1700 οὐρανοῦ.

121 1705 243 1740 Λέγεται
259 1705 287 1732 δὲ
310 1706 423 1742 οὐρανὸς
444 1709 490 1735 καὶ
517 1709 533 1744 ἡ
557 1708 671 1737 ἑκάστου
697 1710 752 1737 τῶν
770 1710 912 1748 πλανήτων

123 1752 248 1787 σφαῖρα·
264 1751 325 1779 καθ’
342 1752 371 1778 δν
391 1752 470 1787 λόγον
485 1754 514 1779 ἐν
530 1754 636 1791 οὐρανῷ
656 1765 745 1791 φαμεν
761 1754 840 1785 εἶναι.
858 1752 921 1785 Κατ

122 1798 166 1826 ἔτι
182 1798 294 1834 οὐρανὸς
307 1800 361 1832 πᾶς
373 1800 387 1826 ὁ
399 1800 468 1835 μετὰ
480 1800 525 1828 τὸν
536 1801 604 1838 ἀέρα
616 1803 708 1835 τόπος,
724 1802 754 1835 ὃς
767 1804 914 1841 εἰλικρινής

121 1846 202 1872 ἐστιν
218 1845 310 1881 αἰθήρ.
324 1846 380 1873 Καὶ
400 1845 440 1873 ἔτι
461 1847 573 1882 οὐρανό,
598 1848 654 1875 ἐστι
670 1849 723 1876 πᾶν
742 1849 773 1875 τὺ
787 1850 913 1886 ὑπεράνω

123 1891 293 1927 βλεπόμενον
308 1893 342 1928 τῇ
362 1892 431 1928 ὕψει,
449 1893 516 1920 καθὸ
531 1894 628 1930 ὁρατόν
645 1895 713 1927 ἐστι,
730 1896 776 1922 καὶ
792 1895 865 1929 ὅπως
880 1896 912 1923 ἂν

121 1937 242 1970 ἕκαστος
254 1937 382 1974 ὀξύτητος
403 1939 459 1974 ἔχοι
476 1939 593 1975 βλέπειν.
611 1940 664 1967 Καὶ
678 1940 718 1967 ἔτι
738 1941 850 1976 οὐρανὸς
868 1941 911 1967 λέ-

121 1991 204 2018 γεται
218 1985 232 2011 ὁ
252 1984 363 2020 κόσμος,
392 1982 422 2013 οὗ
444 1986 490 2013 καὶ
517 1986 628 2014 Πλάτων
655 1986 789 2023 μέμνηται
805 1988 851 2014 ἐπὶ
867 1988 911 2014 τοῦ

120 2027 214 2064 ἡλίου,
232 2037 241 2054 ι
263 2027 293 2056 ’0
310 2030 359 2064 μὲν
374 2029 404 2066 δὴ
420 2030 507 2066 μέγας
521 2032 549 2058 ὲν
572 2031 677 2068 οὐρανῷ
694 2032 770 2065 Ζεὺς,
789 2041 798 2059 ι
817 2032 910 2059 εἰπών.

120 2074 287 2111 Ἐπίκουρος
302 2075 329 2103 δὲ
347 2075 459 2109 πολλοὺς
473 2077 590 2112 κόσμους
605 2077 770 2111 ὑποτίθεται,
786 2078 832 2106 καὶ
847 2080 861 2106 ὀ
873 2079 912 2106 δι-

119 2121 259 2154 δάσκαλος
274 2122 356 2149 αὑτοῦ
376 2124 564 2160 Μητρόδωρος.

332 2268 400 2302 Περὶ
416 2268 569 2303 σχήματος
583 2270 707 2303 κόσμου.

161 2325 199 2358 ς’.
212 2325 309 2361 Σχῆμα
322 2325 350 2353 δὲ
365 2327 467 2361 κόσμου
478 2327 502 2353 οἱ
521 2327 569 2362 μὲν
584 2327 723 2359 κωνοειδὲς
742 2325 828 2358 εἶπον,
842 2328 866 2354 οὶ
881 2327 910 2354 δὲ
926 2307 948 2335 D

122 2372 304 2408 σφαιροειδὲς,
320 2374 343 2399 ot
364 2372 391 2399 δὲ
412 2373 538 2405 ὠοειδές”
556 2372 590 2409 ἧς
613 2373 691 2408 δόξης
712 2373 818 2409 ἕχον-ται
839 2374 863 2400 ot
877 2373 911 2400 τὰ

128 2417 249 2454 Ὀρφικὰ
269 2418 403 2454 μυστήρια
432 2418 579 2450 τελοῦντες.
605 2419 756 2454 Σαφηνείας
779 2419 807 2446 δὲ
829 2419 910 2446 ἕνεκα

122 2464 244 2500 πιθανῆς
262 2464 422 2500 παρελήφθη
444 2464 490 2491 τοῦ
511 2465 565 2492 ὠοῦ
584 2465 600 2500 ὴ
622 2465 712 2492 εἰκών.
737 2466 864 2501 ’Ἄμεινον
882 2465 911 2492 δὲ

121 2509 246 2545 σφαίρας
268 2510 425 2545 ἐκδέχεσθαι
453 2511 545 2547 σχῆμα
570 2511 642 2547 ἔχειν
663 2512 709 2539 τὸν
730 2511 843 2548 οὐρανὸν
864 2513 910 2539 καὶ

119 2555 159 2583 τὰ
176 2556 206 2582 ὲν
219 2555 304 2591 αὐτῷ,
317 2556 387 2583 κατὰ
402 2557 447 2583 τὸν
470 2557 660 2592 Ἐμπεδοκλέα,
675 2558 704 2590 ὃς
713 2558 764 2594 ἔφη
778 2558 874 2590 οὕτως’

164 2656 301 2691 Σφαᾷιος,
320 2657 618 2693 κυκλοτερὴς-,μούνῃ
627 2661 759 2694 περιηγέι*
771 2661 891 2695 χαίρων.

161 2713 246 2748 Δῆλον
261 2713 289 2740 δὲ
303 2714 350 2741 καὶ
364 2716 397 2742 ὲκ
410 2715 457 2742 τοῦ
474 2712 544 2742 εἶναι
561 2716 590 2749 ἓξ
604 2716 686 2749 ζὼδια
699 2717 750 2744 ὑπὸ
761 2718 822 2753 γῆν,
840 2718 870 2750 ἓξ
883 2718 910 2745 δὲ

120 2760 198 2795 ὑπὲρ
213 2761 274 2796 γῆν.
295 2761 352 2787 Ἐπ’
367 2762 473 2794 οὐδενὸς
482 2762 510 2789 δὲ
521 2763 600 2791 ἄλλου
617 2764 754 2799 σχήματος
770 2765 785 2799 ὴ
801 2764 910 2800 τοιαύτη

120 2806 239 2839 εὐταξία
253 2807 300 2833 καὶ
321 2809 456 2844 περιφορὰ
481 2809 583 2843 γίνεται
603 2810 618 2846 ἢ
637 2811 682 2837 ἐπὶ
696 2809 741 2837 τοῦ
757 2811 908 2846 σφαιρικοῦ.

120 2853 164 2880 τὸ
179 2853 209 2879 δὲ
225 2853 392 2889 σφαιροειδὲς
409 2855 501 2891 σχῆμα
515 2855 614 2883 διδόασι
629 2857 668 2892 τῷ
685 2858 787 2894 κόσμῳ.
807 2858 911 2894 Σφατρα

173 2942 194 2958 ⁸⁷
207 2941 266 2971 Ima
282 2943 423 2981 ἀνώτερος.
479 2945 501 2962 κε
514 2945 593 2975 Deest
615 2947 651 2974 δέ.

969 322 1047 353 serit,
1061 325 1088 350 et
1118 323 1267 359 unicuique
1297 332 1377 352 suum
1409 331 1520 352 sensum
1547 324 1587 351 sic
1616 324 1752 353 attribuit.

969 366 1084 395 Mundus
1098 371 1141 396 est
1153 369 1299 397 collectum
1313 369 1444 404 quiddam
1464 377 1480 396 e
1496 369 1566 397 ccelo
1585 373 1668 405 atque
1679 375 1752 398 terra

967 416 994 439 et
1009 413 1115 440 naturis
1132 417 1248 448 utroque
1267 415 1485 449 comprehensis.
1503 414 1618 447 Rursus,
1633 417 1752 444 mundus

968 462 1010 486 est
1032 458 1146 487 deorum
1165 459 1342 487 domicilium.
1363 460 1415 488 Ubi
1434 461 1652 497 supplementum
1679 462 1752 490 illius

967 504 1044 533 aliert
1059 509 1136 534 extra
1153 506 1180 534 id
1188 506 1260 541 quod
1276 506 1302 533 in
1317 506 1363 534 illo
1377 506 1544 536 continetur.
1558 507 1751 541 Tertio,mun-

966 550 1019 578 dus
1036 554 1079 578 est
1101 555 1220 587 systema
1240 551 1353 579 deorum
1377 557 1405 579 et
1426 552 1610 580 hominum...
1633 554 1707 581 velut
1728 554 1751 582 si

967 597 1028 632 quis
1039 596 1112 624 dicat
1125 606 1133 624 :
1150 596 1255 625 Civitas
1264 605 1297 624 ex
1306 598 1512 632 magistratibus
1523 603 1550 626 et
1560 599 1666 627 civibus
1676 607 1751 628 com-

967 641 1087 676 ponitur.
1103 642 1218 675 Quarto,
1237 643 1356 671 mundus
1374 646 1416 670 est
1432 643 1532 678 mther;
1548 643 1593 671 hic
1611 651 1677 672 vero
1687 652 1749 672 cum

966 688 1002 715 sit
1016 695 1112 723 purus,
1135 696 1168 716 ac
1181 689 1306 717 sincerus
1319 689 1400 724 ignis,
1422 690 1542 717 naturali
1562 690 1664 718 mundo
1685 690 1751 719 infe-

964 734 1021 761 rior
1035 739 1086 762 est.
1097 734 1208 769 Quinto,
1221 736 1339 764 mundus
1353 741 1395 764 est
1408 736 1523 764 {irarum
1536 737 1652 773 sphaera.
1662 737 1750 774 Hujus

965 779 1156 814 descriptionis
1169 781 1291 809 meminit
1305 782 1332 809 in
1347 782 1446 810 Timazo
1458 782 1545 811 Plato.
1560 783 1654 818 Sexto,
1669 793 1750 812 mun-

965 824 1016 852 dus
1028 830 1069 853 est
1090 827 1135 861 qui
1157 827 1295 854 ordinavit
1318 829 1420 856 omnia.
1444 828 1548 862 Quibus
1566 829 1658 858 verbis
1678 830 1749 858 indi-

965 871 1021 899 cari
1037 871 1214 900 Providentia
1227 873 1344 902 videtur.
1359 873 1529 911 Pythagoras
1540 875 1641 912 κόσμον
1657 878 1749 913 appel-

965 916 1031 944 lavit
1052 918 1222 951 universum.
1245 925 1357 955 propter
1377 920 1540 956 dispositum
1559 921 1650 957 :quod
1669 929 1750 950 nemo

966 967 1029 992 ante
1045 963 1135 999 ipsum
1154 964 1271 992 dixerat.
1287 964 1381 992 Diﬁ‘ert
1397 969 1487 994 autem
1507 967 1659 994 secundum
1675 966 1748 995 Stoi-

965 1018 1013 1039 cos
1030 1011 1188 1040 universum
1203 1019 1218 1039 a
1231 1015 1297 1040 toto.
1318 1011 1385 1040 Nam
1398 1016 1485 1041 totum
1498 1019 1598 1042 vocant
1612 1015 1651 1042 illi
1669 1023 1749 1043 mun-

965 1059 1046 1092 dum,
1061 1060 1219 1088 universum
1233 1067 1297 1088 vero
1310 1068 1372 1088 cum
1386 1068 1509 1089 vacuo...
1521 1061 1593 1097 quod
1608 1069 1748 1097 nunquam

964 1105 1004 1132 sic
1020 1105 1138 1133 mundus
1153 1105 1304 1141 appellatus
1318 1109 1369 1134 est.
1385 1104 1445 1133 Jam
1460 1104 1573 1142 οὐρανὸς
1584 1105 1619 1133 ab
1631 1114 1665 1134 co
1682 1106 1750 1135 dici-

965 1156 1020 1184 tur,
1036 1151 1108 1186 quod
1121 1150 1157 1178 sit
1172 1151 1245 1179 velut
1267 1151 1340 1186 ὅρος,
1354 1151 1381 1178 id
1396 1155 1438 1179 est
1453 1152 1587 1180 terminus
1598 1153 1747 1188 antiquus;

965 1197 1005 1224 rei
1021 1197 1095 1232 quia,
1111 1204 1173 1224 cum
1188 1196 1224 1224 sit
1237 1197 1400 1232 sphaericus,
1416 1197 1489 1225 intra
1502 1206 1532 1226 se
1542 1206 1592 1227 nos
1600 1200 1670 1235 ἀρεῖ,
1695 1199 1748 1228 hoc

964 1247 1005 1271 est
1010 1242 1141 1276 custodit,
1150 1243 1206 1272 sive
1221 1243 1283 1278 quia
1293 1243 1438 1277 άνώτατος,
1448 1243 1475 1272 id
1487 1247 1529 1273 est
1541 1252 1684 1280 supremus
1694 1250 1746 1274 est.

963 1289 1030 1318 Nam
1047 1290 1108 1325 ὅρου
1123 1290 1193 1325 apud
1204 1289 1325 1325 Phrygas
1335 1298 1395 1318 esse
1406 1291 1472 1323 ἄνω,
1487 1299 1577 1325 supra,
1590 1291 1669 1319 docet
1678 1291 1748 1321 Neo-

963 1333 1097 1373 ptolemus
1112 1338 1140 1366 in
1155 1337 1287 1374 Phrygum
1303 1338 1444 1366 vocabulis.
1463 1338 1556 1367 Potest
1575 1342 1602 1366 et
1624 1339 1658 1366 ab
1681 1340 1746 1376 ὁρᾶ-

965 1384 1037 1417 σθαι,
1058 1384 1128 1420 quod
1149 1389 1192 1413 est
1206 1385 1303 1417 videri,
1325 1385 1368 1412 vel
1383 1385 1418 1412 ab
1431 1385 1536 1421 ὸρούειν
1549 1385 1656 1418 deduci,
1679 1393 1748 1421 quo-

963 1431 1036 1458 niam
1052 1431 1149 1458 cietur.
1168 1430 1214 1459 νει
1226 1431 1290 1467 quia
1304 1427 1383 1466 οὖρος
1405 1436 1456 1463 est,
1474 1435 1667 1467 extremusque
1691 1436 1748 1459 ter-

963 1476 1063 1504 minus.
1081 1476 1156 1511 Saepe
1171 1476 1234 1504 item
1249 1484 1299 1512 pro
1314 1477 1428 1504 lixarum
1443 1477 1547 1512 sphaera
1561 1478 1688 1512 usurpari
1702 1484 1747 1505 so-

964 1523 1010 1550 let.
1029 1522 1102 1551 Sane
1116 1523 1191 1551 Zeno
1206 1523 1343 1560 Cytiensis
1356 1523 1396 1552 sic
1411 1523 1487 1551 illum
1502 1523 1648 1560 descripsit
1663 1523 1745 1551 :Cm-

963 1570 1019 1597 ium
1035 1573 1077 1597 est
1089 1570 1199 1598 mtheris
1218 1574 1380 1602 extremum,
1399 1578 1431 1598 ex
1444 1577 1499 1605 quo
1514 1575 1542 1598 et
1555 1570 1582 1599 in
1604 1578 1659 1606 quo
1682 1574 1747 1598 sunt

963 1615 1054 1644 omnia
1068 1616 1213 1644 manifeste
1231 1626 1237 1644 :
1254 1616 1354 1652 quippe
1364 1616 1455 1644 omnia
1473 1621 1572 1651 praeter
1587 1624 1616 1644 se
1625 1616 1746 1651 comple-

963 1662 1055 1689 ctitur.
1076 1661 1143 1689 Nam
1161 1661 1229 1689 nihil
1253 1662 1372 1696 scipsum
1395 1662 1539 1690 continet:
1558 1661 1606 1689 sed
1629 1662 1746 1689 alterum

962 1705 1057 1734 ambit.
1073 1706 1140 1734 Coeli
1162 1706 1215 1734 hoc
1224 1706 1304 1734 modo
1319 1706 1450 1741 descripti
1467 1706 1745 1739 memineruntPlato,

963 1756 988 1780 et
1000 1752 1162 1781 Aristoteles
1177 1753 1248 1781 libro
1262 1752 1383 1781 secundo
1398 1752 1437 1780 De
1460 1753 1535 1781 coria.
1557 1753 1628 1786 Quin
1643 1757 1671 1781 et
1692 1753 1748 1789 pla-

963 1803 1087 1827 netarum
1099 1799 1211 1835 sphaera:
1226 1799 1340 1835 singula:
1353 1799 1416 1827 coeli
1431 1799 1610 1835 appellatione
1630 1807 1743 1827 censen-

962 1851 1008 1873 tur
1020 1855 1027 1873 :
1039 1849 1069 1873 ut
1084 1853 1146 1874 cum
1160 1853 1208 1874 eos
1223 1846 1250 1874 in
1265 1847 1334 1874 coelo
1344 1854 1405 1875 esse
1422 1846 1549 1874 dicimus.
1565 1846 1629 1874 item
1646 1846 1744 1874 coelum

963 1891 989 1919 id
1005 1899 1085 1920 omne
1098 1893 1216 1928 spatium
1239 1896 1364 1927 vocatur,
1387 1892 1459 1928 quod
1473 1900 1557 1928 supra
1574 1901 1663 1927 aerem
1682 1898 1744 1926 est;

962 1939 1008 1975 qui
1023 1942 1066 1967 est
1079 1937 1290 1974 iimpidissimus
1313 1939 1407 1966 aether.
1426 1938 1492 1966 item
1514 1939 1614 1967 emtum
1632 1943 1746 1967 vocatur

962 1985 1093 2021 quidquid
1123 1993 1232 2014 sursum
1258 1985 1391 2017 cernitur,
1413 1990 1548 2021 quatenus
1579 1986 1745 2021 aspectabile

962 2036 1014 2064 est,
1031 2037 1057 2060 et
1069 2035 1098 2059 ut
1111 2031 1228 2067 quisque
1243 2031 1300 2058 acri
1317 2035 1359 2060 est
1375 2032 1518 2059 oculorum
1537 2031 1596 2060 acie
1616 2032 1745 2067 praeditus

962 2079 996 2106 ad
1024 2077 1183 2106 videndum.
1215 2076 1255 2104 Ad
1279 2077 1337 2105 haec
1357 2077 1456 2106 celum
1484 2078 1604 2106 mundus
1631 2079 1743 2112 dicitur,

961 2125 1033 2160 quod
1050 2129 1165 2159 usurpat
1181 2125 1207 2152 in
1222 2125 1280 2152 sole
1295 2125 1372 2152 Plato
1385 2125 1426 2153 sic
1437 2125 1561 2154 scribens
1577 2136 1584 2153 :
1603 2135 1612 2152 ι
1631 2125 1744 2162 Magnus

961 2171 1043 2205 igitur
1052 2170 1078 2198 in
1086 2170 1155 2198 coelo
1163 2170 1207 2198 ille
1218 2169 1334 2205 Jupiter.
1341 2181 1350 2196 ι
1358 2170 1492 2206 Epicurus
1503 2178 1565 2199 cum
1577 2175 1746 2207 praeceptore

961 2224 1011 2244 suo
1028 2216 1182 2244 Metrodoro
1194 2216 1287 2252 plures
1302 2224 1363 2245 esse
1380 2217 1497 2245 mundos
1510 2217 1657 2245 arbitratus
1670 2222 1720 2246 est.

1223 2273 1261 2302 De
1279 2275 1364 2309 ﬁgura
1384 2275 1484 2303 mundi.

995 2330 1022 2358 6.
1033 2330 1243 2367 Mnndiliguram
1258 2331 1449 2365 aliiconicam;
1466 2332 1511 2360 alii
1520 2332 1659 2368 sphaerica:
1669 2333 1746 2361 simi-

962 2378 1031 2410 lem;
1046 2378 1151 2405 ovalem
1174 2378 1220 2405 alii
1244 2386 1305 2406 esse
1328 2378 1553 2414 sentiuntzquod
1575 2383 1744 2415 postremum

961 2427 1071 2451 tuentur
1083 2424 1113 2457 ii,
1131 2424 1176 2459 qui
1193 2423 1318 2461 Orphicis
1337 2426 1424 2453 sacris
1442 2425 1562 2453 initiant.
1578 2425 1617 2453 Ac
1635 2425 1746 2453 videtur

961 2470 1005 2497 nvi
1021 2470 1073 2498 ista
1086 2471 1235 2499 similitudo
1246 2471 1388 2500 facilitatis
1400 2479 1483 2500 causa
1499 2477 1525 2501 et
1539 2472 1745 2508 perspicuitatis

961 2522 1109 2552 assumpta.
1126 2516 1241 2545 Praestat
1261 2521 1353 2546 tamen
1376 2518 1535 2553 sphaericam
1555 2519 1668 2554 ﬁguram
1696 2526 1744 2546 ac-

960 2562 1132 2590 commodare
1146 2563 1215 2590 C0310
1238 2567 1265 2591 et
1286 2564 1320 2592 iis
1338 2572 1398 2599 qua:
1420 2564 1448 2591 in
1463 2572 1495 2592 eo
1506 2569 1579 2597 sunt,
1599 2567 1629 2591 ut
1646 2563 1745 2599 Empe-

960 2609 1051 2638 docles
1066 2609 1172 2645 putavit
1187 2609 1230 2638 his
1251 2611 1341 2638 verbis
1354 2620 1361 2638 :

1030 2664 1157 2700 Sphmrua
1176 2665 1316 2699 rotundus,
1331 2665 1389 2693 sola
1407 2665 1533 2693 circulari
1547 2666 1674 2702 gaudens.

995 2721 1073 2755 Quod
1091 2730 1123 2750 ex
1139 2730 1172 2750 eo
1198 2722 1293 2758 liquet,
1321 2723 1450 2758 quoniam
1474 2730 1522 2751 sex
1545 2730 1626 2758 supra
1644 2727 1744 2750 terram

960 2767 1047 2804 signa,
1061 2768 1174 2797 totidem
1190 2768 1262 2797 infra
1280 2773 1409 2805 perpetua
1426 2773 1500 2798 sunt.
1510 2769 1745 2805 Cujusmodinuili

961 2815 1048 2847 alteri,
1059 2822 1139 2850 quam
1153 2815 1292 2850 sphmrica:
1304 2815 1406 2851 ﬁgurae,
1419 2815 1563 2852 dispositio
1577 2823 1609 2843 ac
1621 2815 1746 2843 circuitis

961 2862 1098 2898 congruit.
1106 2862 1191 2890 Porro
1201 2862 1313 2897 sphaerae
1323 2862 1439 2891 similem
1455 2862 1559 2891 mundo
1571 2863 1690 2904 speciem
1701 2869 1747 2891 al-
