1913 3136
143 179 199 207 οιυ

518 178 678 208 acmLLis
698 179 790 208 TATll
811 160 952 210 [SAGOGE

1005 183 1024 209 D
1046 183 1150 210 ABATI
1170 181 1404 211 ΡΗΛΕΝΟΜΕΝΔ.

1723 185 1775 213 950

144 238 316 273 τακοτμὶοις.
332 238 511 273 Μετακόσμια
529 238 555 264 δέ
575 239 631 265 ὲστι
654 239 688 265 τὰ
709 239 810 275 μεταξὺ
823 239 878 266 τῶν
891 241 935 266 κό-
949 266 952 270 Α

1005 240 1105 269 iundiis
1122 245 1174 273 cst,
1190 240 1356 267 inhibeatur.
1375 240 1558 268 lntermundia
1578 244 1675 268 vocant
1688 243 1775 278 spatia

146 293 226 320 σμων
240 285 420 320 διαστήματα.

435 340 503 374 Περὶ
520 340 654 375 ἀστέρος.

189 391 214 415 ι’.
227 388 330 423 Ἀστήρ
342 387 399 414 ἐστι
414 387 483 414 κατὰ
494 386 623 423 Διόδωρον
638 387 716 422 σῶμα
724 386 793 413 θεῖον
801 386 935 422 οὐράνιον,

149 435 200 470 τῆς
212 434 295 470 αὐτῆς
308 433 477 469 μετειληφὼς
491 433 584 465 οὐσίας
594 433 632 468 τῷ
641 434 669 459 ὲν
684 429 705 467 ᾧ
715 434 772 460 ἐστι
787 433 871 468 τόπῳ,
884 433 937 458 σῶ-

151 489 191 516 μα
206 481 342 516 λαμπρὸν,
355 480 402 507 καὶ
416 480 543 506 οὐδέποτε
560 480 655 506 στάσιν
672 479 743 514 ἔχον,
761 479 819 505 ἀλλ’
835 479 878 505 ἀεὶ
893 487 940 513 φε-

151 525 266 561 ρόμενον
283 523 428 555 κυκλικῶς.
450 523 586 555 Ὡσαύτως
602 523 630 550 δὲ
647 523 764 558 ὡρίσατο
788 525 834 551 καὶ
851 525 941 550 Ποσει-

151 569 246 601 δώνιος
257 569 309 604 πρὸ
323 568 403 595 αὑτοῦ
418 569 432 594 ὁ
443 568 568 600 Στωϊκός.
585 567 622 594 Τὸ
635 568 663 595 δὲ
682 577 691 594 ι
705 568 832 595 οὐδέποτε
848 568 941 595 στάσιν

152 614 216 650 ἔχον
233 624 242 640 ι
261 615 308 642 ent
331 615 380 650 μὲν
394 614 448 641 τῶν
461 614 602 650 πλανήτων
618 615 704 646 οὕτως
712 615 837 650 εἰρῆσθαι
849 614 939 641 δοκεῖ·

153 662 226 698 πλὴν
246 661 313 688 κάπὶ
330 661 384 688 τῶν
406 661 532 688 ἀπλανῶν
554 661 582 687 δὲ
606 661 673 697 πρὸς
695 662 758 693 τοὺς
786 661 823 694 ὡς
848 661 942 696 ἔτυχεν

154 707 334 743 αἰτιωμένους
347 707 378 735 οὐ
397 707 487 739 καλῶς
505 707 577 742 ἔχειν
596 707 644 742 τῆς
660 707 744 742 αὐτῆς
763 707 867 738 ἑννοίας
882 706 942 742 ἕχε-

153 763 211 782 ται.
228 754 359 781 Οὐδέποτε
372 754 426 789 γὰρ
446 753 539 780 στάσιν
552 753 653 789 ἔχουσι,
668 753 706 788 τῷ
720 754 772 780 ὑπὸ
783 753 828 779 τοῦ
841 753 942 789 κόσμου

155 800 356 837 περιάγεσθαι,
381 800 432 828 κᾶν
457 801 501 827 ἐπ’
523 801 604 827 αὑτὸν
627 801 650 816 ’⁸
675 801 785 836 μένωσι.
807 800 867 826 Τῶν
889 800 943 836 γὰρ

156 848 282 883 ἀστέρων
301 848 325 873 οἱ
350 847 399 882 μὲν
418 847 609 882 ὲμπεπηγότες
631 846 670 882 τῷ
690 846 797 882 οὐρανῷ
817 846 944 877 ἀπλανεῖς

156 894 293 928 λέγονται.
314 894 338 920 οἱ
364 893 393 920 δὲ
417 892 465 928 τὴν
488 893 611 920 ἐναντίαν
633 893 777 928 φερόμενοι
801 893 945 928 πλάνητες.

156 940 242 967 Αὐτοὶ
260 939 288 965 δὲ
306 939 377 969 έπτὰ
390 938 476 971 ὄντες,
491 938 639 975 κατωτέρω
652 938 699 965 τοῦ
713 938 826 974 οὐρανοῦ
841 938 889 964 καὶ
899 937 945 964 τοῦ

157 986 268 1021 αἰθέρος
288 984 501 1020 περιδινούμενοι
515 984 560 1011 τὸν
586 984 704 1011 ἐναντίον
723 986 756 1020 τῇ
776 984 822 1011 τοῦ
845 984 946 1018 κόσμου

158 1032 265 1066 στροφῇ
281 1030 379 1066 δρόμον
392 1029 549 1065 τρέχουσιν·
565 1029 660 1065 ὥσπερ
669 1030 704 1062 εἰ,
720 1029 786 1061 νεὼς
798 1030 836 1061 είς
851 1028 947 1064 βορέαν

157 1077 260 1112 ἄνεμον
276 1075 439 1112 φερομένης,
458 1075 589 1112 emam;
613 1076 652 1108 είς
668 1075 742 1102 νότον
757 1076 820 1111 παρ’
831 1076 900 1111 αὐτῇ
915 1077 948 1111 τῇ

158 1122 206 1158 νηῒ
224 1122 325 1158 τρέχει.
348 1122 408 1149 Είσὶ
425 1121 454 1148 δὲ
471 1121 560 1148 αὐτῶν
587 1122 615 1148 αἱ
637 1121 757 1157 κινήσεις
777 1121 873 1154 διτταὶ,
888 1121 906 1156 ἥ
919 1129 948 1147 τε

159 1169 281 1205 κοσμικὴ
303 1169 349 1195 καὶ
367 1169 384 1204 ἡ
409 1167 473 1197 ἰδία.
496 1168 542 1195 Διὸ
569 1169 614 1194 καὶ
636 1169 703 1204 πρὸς
730 1167 870 1203 σύγκρισιν
895 1168 949 1194 τῶν

159 1215 289 1243 ἀπλανῶν
311 1215 382 1242 οὓτω
404 1214 537 1251 πλάνητες
555 1214 722 1250 ὲκλήθησαν”
748 1215 806 1250 ἢτοι
830 1215 883 1241 ἀπὸ
902 1215 949 1242 τοῦ

161 1262 269 1297 πλανᾷν
280 1262 358 1296 ἡμῶν
374 1260 422 1293 τὰς
439 1261 514 1296 ὄψεις
527 1269 533 1275 ⁸
551 1261 598 1287 καὶ
619 1260 672 1297 γὰρ
687 1260 795 1295 πλάγιοι
812 1261 950 1297 φέρονται,

161 1309 212 1334 καὶ
227 1306 432 1339 ἀναποδίζουσιν
445 1307 529 1334 ἐνίοτε
538 1315 545 1322 ·
559 1306 615 1334 ἔσθ’
626 1308 670 1334 ὅτε
685 1307 713 1333 δὲ
725 1307 772 1334 καὶ
787 1307 952 1342 προσωτέρω

162 1352 315 1388 χωροῦσιν
332 1352 348 1388 ἢ
368 1353 421 1381 ἀπὸ
439 1352 486 1379 τοῦ
504 1353 602 1385 αὐτοὺς
619 1353 780 1385 πλανᾶσθαι,
796 1353 891 1389 καὶμὴ
903 1354 952 1389 τὴν

160 1399 251 1435 αὐτὴν
275 1399 386 1435 πορείαν
406 1399 542 1427 ποιεῖσθαι
558 1401 615 1432 τοῖς
631 1399 788 1426 ἀπλανέσιν.
806 1400 885 1427 ’Ὀθεν
906 1401 953 1427 καὶ

164 1445 285 1481 ’Δρατος
301 1445 350 1481 τὴν
367 1446 490 1480 πορείαν,
502 1445 535 1472 δι’
549 1442 583 1481 ἦς
600 1445 709 1481 φέρεται
723 1447 737 1472 ὁ
753 1446 836 1481 ἥλιος,
851 1446 954 1482 πλάνην

163 1491 244 1519 εἶπεν
262 1491 345 1519 αὑτοῦ
358 1491 405 1518 καὶ
418 1491 524 1528 ἄλησιν.

241 1634 320 1663 Κατὰ
332 1634 387 1670 μὲν
397 1633 495 1669 βορέω
509 1634 556 1662 καὶ
571 1633 700 1668 ἀλήσιΟς
714 1635 838 1668 ἠελίοιο.

164 1682 201 1708 οι
216 1681 244 1707 δὲ
257 1680 436 1716 Πυθαγόρειοι
459 1680 489 1706 οὺ
506 1679 585 1715 μόνον
604 1680 666 1711 τοὺς
689 1679 826 1715 πλάνητας
840 1680 956 1716 ἀστέρας

168 1727 309 1763 βούλονται
327 1727 394 1754 ίδίαν
417 1727 523 1762 κίνησιν
546 1726 627 1761 ἔχειν,
649 1726 717 1753 ἀλλὰ
729 1727 776 1753 καὶ
795 1727 857 1757 τοὺς
872 1726 957 1753 ἁπλα-

168 1776 241 1805 νεῖς-
255 1773 327 1800 οὕτω
351 1773 441 1809 μέντοι
459 1771 604 1803 κινεῖσθαι,
625 1772 671 1798 καὶ
692 1772 755 1807 περὶ
767 1772 812 1798 τὸν
831 1771 895 1799 ἴδιον
910 1781 957 1799 κυ-

170 1819 293 1847 κλεῖσθαι
322 1819 440 1846 κύκλον·
456 1818 550 1854 ὥσπερ
576 1818 623 1845 τοῦ
648 1818 749 1849 παντὸς
769 1818 806 1853 μὴ
831 1818 958 1853 μεταϐαί-

167 1876 262 1899 νοντος
281 1866 410 1902 ἑτέρωθι,
429 1864 498 1892 ἀλλὰ
519 1865 583 1900 περὶ
605 1865 651 1892 τὸν
671 1865 751 1891 αὑτὸν
768 1864 848 1892 τόπον
872 1865 956 1892 είλου-

166 1913 265 1950 μένου.

402 1959 452 1993 Τίς
472 1959 562 1986 οὐσία
587 1957 732 1993 ἀστέρων.

208 2010 253 2034 ια’.
273 2006 362 2042 Θαλῆς
392 2006 442 2042 μὲν
457 2005 490 2040 δὴ
505 2006 602 2041 γηῗνην
626 2005 748 2040 ἔμπυρον
764 2002 823 2031 εἷπε
840 2005 889 2040 τὴν
906 2004 959 2032 τῶν

171 2055 297 2089 ἀστέρων
320 2052 434 2080 οὐσίαν·
458 2051 641 2088 Ἐμπεδοκλῆς
664 2051 692 2077 δὲ
716 2051 844 2087 πυρίνους
861 2052 959 2084 αὐτοὺς

172 2099 245 2128 εἷπε.
261 2100 338 2131 Τινὲς
353 2099 381 2126 δὲ
397 2098 508 2134 γεώδεις
524 2099 608 2125 εἰπεῖν
622 2098 719 2130 αὐτοὺς
738 2098 904 2134 ἐτόλμησαν·
923 2095 960 2125 ὧν

174 2149 233 2174 ἐστι
247 2147 295 2174 καὶ
310 2145 503 2181 Ἀναξαγόρας.
519 2144 596 2171 Μετὰ
610 2144 663 2179 γὰρ
674 2145 723 2180 τὴν
745 2144 866 2180 πρώτην,
883 2146 959 2180 φησὶ,

173 2194 309 2229 διάκρισιν
325 2192 378 2218 τῶν
393 2191 530 2226 στοιχείων
541 2191 572 2217 τὸ
586 2191 640 2226 πῦρ
657 2189 838 2226 χωριζόμενον
856 2190 960 2226 ὲπὶςιὴν

175 2239 244 2269 ῐδὶαν
262 2238 342 2272 φύσιν
358 2237 523 2268 ἀνασπᾶσαι,
539 2237 586 2263 καὶ
598 2235 716 2271 διάπυροι
732 2236 842 2270 ποιῆσαι
854 2236 960 2271 καὶτῆς

173 2286 227 2321 γῆς
255 2284 339 2320 μόριὰ
363 2292 432 2310 τινα.
452 2282 532 2310 Ὅθεν
561 2282 665 2309 καὶτὸν
686 2282 761 2317 ἣλιον
783 2282 875 2316 ἔλεγεν
891 2280 960 2309 εἶναι

175 2330 286 2367 μύδρον,
302 2330 340 2362 ὼς
356 2329 419 2364 ἑξῆς
435 2328 559 2364 ἐροῦμεν.
576 2329 685 2364 ’Έτεροι
704 2327 733 2354 δὲ
750 2327 874 2364 κίσσηριν
894 2327 963 2354 πλα-

177 2377 238 2414 γίαν
253 2374 347 2406 οὖσαν,
362 2375 415 2401 ὑπὸ
428 2374 477 2410 τῆς
488 2374 653 2410 θερμότητος
665 2373 711 2400 τοῦ
725 2373 831 2408 αἰθέρος
844 2374 961 2400 ἀναπτο-

175 2424 262 2460 μένην
271 2431 278 2438 ·
294 2422 342 2449 καὶ
356 2421 408 2448 ὑπὸ
418 2421 473 2447 τῶν
484 2419 639 2455 τρυμαλιῶν
647 2420 709 2451 τοὺς
719 2419 835 2455 ἀστέρας
846 2419 960 2454 φαίνειν.

177 2470 289 2499 Πλάτων
303 2469 332 2496 δὲ
348 2469 380 2495 ἐκ
402 2468 456 2494 τῶν
475 2466 616 2502 τεσσάρων
631 2466 778 2501 στοιχείων,
799 2466 924 2493 πλείστου
935 2467 962 2493 δὲ

176 2515 274 2551 πυρός.
301 2514 454 2549 Ξενοφάνης
481 2513 510 2539 δὲ
527 2512 600 2547 λέγει
614 2513 677 2544 τοὺς
691 2512 810 2548 ἀστέρας
828 2513 860 2539 ὲκ
874 2513 962 2548 νεφῶν

177 2562 336 2589 συνεστάναι
366 2560 508 2596 ἐμπύρων,
536 2560 584 2586 καὶ
597 2559 767 2591 σϐέννυσθαι,
783 2560 829 2585 καὶ
850 2559 964 2586 ἀνάπτε-

175 2608 240 2634 σθαι
254 2606 353 2633 ὡσανεὶ
363 2605 512 2642 ἄνθρακας,
530 2604 584 2631 Καὶ
604 2604 648 2630 ὅτε
672 2603 721 2638 μὲν
738 2603 878 2635 ἆτπονται,
895 2613 962 2639 φαν-

176 2653 274 2681 τασίαν
287 2654 359 2688 ἡμᾶς
372 2652 443 2687 ἔχειν
464 2650 612 2685 ἀνατολῆςε
627 2650 671 2676 ὅτε
692 2648 720 2675 δὲ
733 2649 901 2681 σϐέννυνται,
917 2649 962 2676 δύ-

177 2708 257 2730 σεως.
284 2699 315 2725 Οῐ
344 2698 458 2724 Στωϊκοι
482 2697 510 2723 δὲ
532 2698 564 2722 ὲκ
590 2694 674 2730 πυρὸς
699 2693 821 2728 λέγουσιν
847 2695 960 2726 αὐτούς·

177 2745 263 2781 πυρὸς
277 2744 304 2770 δὲ
320 2743 366 2770 τοῦ
384 2743 468 2775 θείου,
482 2743 530 2769 καὶ
554 2741 651 2771 ἀϊδίου,
663 2740 710 2766 καὶ
727 2739 757 2766 οὐ
773 2739 962 2775 παραπλησίου

176 2791 216 2826 τῷ
233 2791 297 2826 παρ’
316 2792 398 2826 ἡμῖν·
427 2789 504 2816 τοῦτο
532 2788 584 2824 γὰρ
605 2785 762 2822 φθαρτικὸν,
782 2786 827 2812 καὶ
845 2786 873 2812 οὐ
889 2795 963 2820 παμ-

177 2838 256 2873 ψαές.

216 2917 238 2934 υ
255 2916 274 2944 Ῑ.
294 2916 334 2943 ἐπ’
353 2916 444 2944 αὐτοῦ.

989 287 1060 314 inter
1076 287 1191 315 mundos
1203 286 1356 321 interiecta.

1316 342 1351 369 De
1366 342 1454 370 stella.

1028 388 1071 415 lO.
1089 388 1224 415 Diodorus
1233 388 1339 416 stellam
1352 388 1447 416 deﬁnit
1460 395 1560 423 corpus
1574 388 1707 422 divinum,
1722 396 1779 416 caa-

992 435 1068 467 Ieste,
1084 434 1262 470 ejusdemque
1279 442 1341 462 cum
1359 441 1402 467 eo,
1415 434 1442 462 in
1459 442 1513 470 quo
1532 438 1574 462 est
1590 435 1660 467 loco,
1675 440 1779 462 natura:

994 480 1147 516 particeps,
1167 479 1339 515 splendidum
1366 487 1483 515 corpus,
1505 487 1594 514 neque
1624 479 1780 507 consistens

973 554 974 558 η
993 534 1124 561 unquam,
1147 527 1194 554 sed
1215 527 1242 554 in
1263 527 1358 554 orbem
1383 534 1412 554 se
1434 530 1565 561 perpetuo
1584 533 1707 554 versans.
1733 524 1780 553 Sic

993 573 1075 599 etiam
1095 571 1260 601 Posidonius
1281 572 1391 601 Stoicus
1411 576 1475 600 ante
1496 572 1645 600 Diodorum
1664 572 1778 600 deiiniit.

994 618 1071 650 Quod
1093 622 1181 645 autem
1202 618 1229 645 in
1250 617 1408 646 deﬁnitione
1437 617 1556 653 positum
1583 622 1635 648 est.
1659 626 1669 643 ‹
1688 624 1779 652 neque

994 663 1149 691 consistens
1162 671 1295 698 unquam,
1319 673 1328 689 ι
1341 663 1448 690 videtur
1464 663 1498 689 ad
1516 662 1591 690 solos
1602 665 1726 690 errantes
1737 669 1782 690 re-

995 709 1070 738 ferri.
1087 708 1188 737 Verum
1212 710 1246 738 de
1273 710 1333 738 ﬁxis
1350 717 1460 745 quoque
1478 709 1564 737 stellis
1583 708 1680 737 eodem
1698 716 1782 737 sensu

995 755 1077 783 debet
1095 755 1195 791 accipi,
1216 760 1312 783 contra
1335 763 1417 791 quam
1441 755 1481 783 illi
1508 755 1626 783 fortasse
1647 754 1782 790 iudicant,

996 804 1042 839 qui
1057 803 1161 832 dictum
1190 803 1255 830 illud
1281 807 1384 830 temere
1407 802 1619 838 reprehendunt.
1641 801 1782 837 Siquidem

998 851 1152 878 inerrantes
1165 849 1250 878 stellae
1261 856 1402 884 nunquam
1417 849 1530 877 omnino
1541 849 1704 884 quiescunt;
1720 855 1781 875 cum

998 896 1108 924 assidua
1122 895 1215 923 mundi
1229 895 1377 930 agitatione
1390 894 1546 929 rapiantur,
1559 894 1612 922 etsi
1630 894 1656 920 in
1676 901 1709 921 eo
1723 901 1785 928 per—

998 946 1136 970 maneant.
1164 940 1270 968 Etenim
1295 940 1435 968 stellarum
1461 940 1520 967 alia:
1546 940 1575 967 in
1598 939 1667 967 ctelo
1691 938 1785 967 deﬁxae

998 989 1151 1016 inerrantes
1171 991 1321 1020 vocantur,
1334 987 1393 1015 alia:
1415 994 1432 1014 e
1446 987 1585 1014 contrario
1603 990 1743 1014 moventes
1756 993 1786 1014 se

999 1035 1114 1070 planetae
1129 1035 1317 1062 nominantur.
1337 1033 1369 1061 Hi
1385 1038 1448 1061 sunt
1463 1040 1578 1060 numero
1599 1036 1714 1068 septem,
1738 1031 1786 1067 qui

999 1081 1070 1108 infra
1094 1081 1206 1113 caelum,
1223 1084 1305 1115 atque
1317 1079 1418 1107 aethera
1437 1079 1596 1107 circumacti
1618 1077 1786 1106 contrarium

999 1126 1094 1154 mundi
1108 1126 1349 1154 circumvolutioni
1372 1125 1424 1153 iter
1438 1125 1569 1153 insistunt
1583 1131 1590 1150 :
1610 1123 1787 1159 quemadmo-

1000 1172 1063 1199 dum
1072 1172 1095 1199 si
1103 1172 1166 1199 navi
1177 1172 1210 1199 ad
1225 1171 1378 1206 aquilonem
1387 1171 1480 1202 citata,
1488 1173 1581 1198 vector
1589 1172 1713 1196 austrum
1721 1175 1784 1196 ver-

1001 1226 1048 1246 sus
1062 1218 1090 1245 in
1106 1217 1202 1245 eadem
1219 1224 1279 1245 sese
1299 1221 1416 1244 moveat.
1433 1214 1539 1242 Habent
1558 1218 1649 1241 autem
1672 1214 1788 1248 planetae

1002 1269 1092 1292 motus
1108 1263 1240 1299 duplices.
1259 1262 1426 1290 mundanum
1439 1266 1467 1290 et
1480 1262 1630 1297 proprium.
1646 1260 1708 1287 ideo
1723 1267 1787 1288 cum

1002 1312 1063 1338 lixis
1075 1313 1239 1345 comparatae
1255 1309 1339 1336 stellae
1353 1309 1413 1336 istm
1427 1308 1556 1343 planetae,
1574 1307 1625 1334 hoc
1639 1310 1681 1334 est
1694 1313 1788 1334 erran-

1003 1361 1044 1384 tes
1059 1355 1198 1391 appellata:
1213 1359 1293 1387 sunt;
1308 1353 1349 1381 vel
1364 1353 1436 1388 quod
1451 1360 1571 1380 errorem
1580 1352 1669 1380 oculis
1685 1351 1787 1378 nostris

1002 1401 1145 1436 objiciunt.
1163 1400 1230 1427 Nam
1244 1404 1271 1428 et
1282 1399 1398 1435 obliqua:
1412 1398 1538 1426 feruntur
1548 1418 1556 1431 ,
1570 1403 1596 1426 et
1613 1401 1686 1424 retro
1703 1403 1791 1432 θεων

1004 1451 1048 1474 tur
1060 1447 1208 1475 interdum.
1223 1447 1298 1474 Alias
1318 1445 1530 1481 progrediuntur
1549 1445 1673 1472 ulterius.
1690 1443 1739 1471 Vel
1754 1450 1791 1471 eo

1003 1500 1036 1519 eo
1047 1492 1120 1528 quod
1138 1496 1231 1520 errent
1253 1492 1329 1527 ipsas,
1352 1498 1403 1519 nec
1420 1491 1547 1519 eumdem
1568 1497 1628 1518 cum
1651 1489 1714 1517 lixis
1726 1497 1790 1517 cur-

1005 1545 1066 1566 sum
1081 1541 1201 1565 teneant.
1213 1536 1282 1564 Ilinc
1291 1536 1391 1564 Aratus
1407 1536 1459 1564 iter
1469 1536 1547 1569 solis,
1563 1544 1610 1571 per
1621 1535 1693 1571 quod
1706 1541 1789 1567 meat,

967 1593 988 1621 ε
1004 1590 1124 1611 errorem
1144 1585 1170 1610 et
1185 1582 1356 1618 vagationem
1370 1582 1494 1609 nominat
1510 1591 1517 1608 :

1102 1639 1154 1666 Per
1170 1639 1275 1665 boream
1290 1642 1316 1664 et
1329 1637 1392 1664 satis
1406 1638 1596 1673 evagationem.

1008 1685 1041 1711 At
1065 1684 1227 1720 Pythagorei
1249 1691 1304 1710 non
1333 1682 1422 1710 solum
1452 1683 1569 1718 planetis
1595 1687 1698 1710 motum
1725 1691 1790 1718 pro-

1008 1730 1097 1765 prium
1115 1729 1266 1761 ascribunt,
1283 1728 1332 1756 sed
1352 1729 1434 1756 etiam
1450 1729 1646 1757 inerrantibus.
1663 1729 1736 1762 Quas
1755 1730 1793 1757 ita

1007 1776 1075 1803 cieri
1095 1775 1204 1808 volunt,
1217 1779 1244 1802 et
1257 1782 1360 1802 cu'cum
1376 1774 1470 1802 orbem
1488 1782 1566 1802 suum
1582 1775 1690 1811 agitari,
1712 1778 1742 1802 ut
1759 1783 1794 1803 ne

1008 1823 1063 1858 79
1078 1823 1131 1850 alio
1145 1822 1263 1850 mundus
1281 1822 1401 1856 recedat,
1409 1822 1457 1851 sed
1470 1822 1573 1851 circum
1590 1822 1659 1851 idem
1675 1822 1792 1858 spatium

1009 1869 1120 1898 assidue
1133 1873 1284 1897 moveatur.

1198 1958 1264 1991 Qua:
1279 1959 1313 1985 sit
1330 1962 1426 1985 natura
1445 1958 1590 1985 stellarum.

1045 2005 1089 2032 ll.
1107 2004 1227 2033 Thaletis
1244 2005 1337 2040 opinio
1359 2008 1401 2032 est
1425 2009 1550 2031 naturam
1573 2003 1713 2039 stellarum
1733 2010 1795 2031 esse

1009 2055 1165 2079 terrestrem
1188 2055 1214 2078 et
1235 2051 1361 2085 igneam;
1386 2049 1562 2085 Empedocles
1577 2048 1686 2077 easdem
1702 2048 1795 2084 igneas

1010 2105 1070 2126 esse
1084 2097 1160 2124 dicit.
1175 2096 1288 2129 Quidam
1307 2099 1430 2123 terrenas
1452 2092 1513 2123 iiia's
1540 2095 1598 2122 ausi
1616 2098 1680 2124 sunt
1694 2094 1793 2126 facere,

1011 2149 1041 2171 ut
1052 2144 1237 2178 Anaxagoras.
1258 2141 1307 2169 llic
1321 2142 1393 2169 enim
1409 2142 1456 2173 ait,
1472 2145 1534 2177 post
1548 2142 1662 2176 primam
1675 2141 1796 2168 elemen-

1012 2194 1100 2219 torum
1115 2190 1303 2221 secretionem,
1323 2189 1412 2224 ignem
1429 2192 1599 2223 separantem
1617 2195 1657 2219 se,
1678 2187 1797 2214 nonnul-

1012 2237 1052 2264 las
1081 2241 1160 2264 terra:
1186 2239 1276 2271 partes
1305 2234 1337 2261 ad
1362 2241 1449 2268 suam
1466 2234 1585 2260 traxisse
1607 2237 1745 2264 naturam,
1770 2238 1798 2259 et

1013 2285 1105 2319 igneas
1128 2282 1288 2310 reddidisse.
1313 2280 1392 2308 Unde
1414 2285 1442 2308 ct
1466 2280 1550 2308 solem
1576 2286 1693 2307 massam
1714 2279 1797 2306 veluti

1012 2329 1076 2357 ferri
1094 2337 1155 2356 esse
1168 2328 1284 2360 volebat,
1297 2331 1327 2354 ut
1338 2327 1420 2362 paulo
1432 2329 1495 2361 post
1512 2326 1628 2354 dicetur.
1642 2325 1694 2352 Alii
1708 2325 1798 2360 pumi-

1012 2384 1071 2403 cem
1085 2375 1220 2410 obliquam
1238 2381 1300 2401 esse
1314 2373 1477 2407 docuerunt,
1497 2379 1579 2407 quam
1593 2371 1701 2399 azlheris
1716 2371 1799 2398 ardor

1013 2421 1162 2449 accendat:
1179 2428 1211 2447 ac
1227 2428 1276 2455 per
1297 2420 1370 2447 illius
1396 2419 1529 2446 foramina
1546 2417 1678 2453 transpici
1693 2418 1797 2446 stellas.

1012 2467 1090 2495 Plato
1104 2475 1137 2495 ex
1159 2467 1302 2495 elementis
1327 2470 1456 2495 constare
1470 2469 1597 2500 quatuor,
1623 2463 1670 2492 sed
1695 2462 1799 2498 majore

1014 2521 1103 2542 tamen
1124 2515 1195 2549 ignis
1212 2517 1298 2549 parte.
1319 2513 1501 2548 Xenophanes
1521 2521 1554 2540 ex
1572 2512 1691 2540 nubibus
1705 2511 1798 2545 ignitis

1015 2561 1071 2588 ﬁeri
1089 2561 1193 2592 stellas,
1208 2567 1311 2595 easque
1325 2560 1475 2587 carbonum
1493 2559 1580 2586 instar
1592 2556 1728 2592 exstingui
1751 2564 1798 2584 ac-

1014 2608 1148 2642 cendique
1172 2607 1286 2642 iudicat.
1300 2606 1370 2634 Cum
1394 2610 1484 2633 autem
1509 2604 1704 2634 accenduntur,
1720 2606 1800 2630 ortus

1014 2654 1158 2689 quamdam
1188 2653 1307 2688 praaberc
1334 2652 1472 2687 speciem:
1489 2658 1550 2677 cum
1575 2649 1797 2683 exstinguuntur,

1014 2709 1140 2729 occasus.
1158 2700 1244 2728 Stoici
1259 2706 1292 2727 es
1313 2699 1374 2734 igne
1387 2697 1511 2732 componi
1524 2700 1630 2730 putant,
1646 2695 1693 2722 sed
1706 2701 1739 2722 eo
1754 2694 1800 2721 di-

1016 2749 1078 2775 vino
1106 2752 1133 2775 et
1152 2753 1263 2778 aeterno,
1290 2753 1378 2781 neque
1391 2744 1473 2779 hujus
1502 2743 1588 2770 nostri
1611 2742 1703 2769 simili.
1721 2741 1800 2768 Hune

1016 2796 1088 2822 cnim
1104 2794 1253 2828 corrumpi,
1273 2801 1359 2827 neque
1373 2792 1462 2818 luccrc
1478 2789 1598 2825 penitus.
