1913 3136
76 185 131 217 I53

396 165 409 175 ’
452 185 613 217 ACHILLIS
631 186 723 216 τΑτιι
741 183 892 213 lSAGOGE
910 184 956 212 At)
972 186 1077 214 ARATI
1098 185 1332 215 reasons-ns.

1650 189 1702 216 955

73 245 227 275 δείκνυται.
243 246 372 283 Πίνδαρος
386 247 414 274 δι
437 247 482 275 τδν
498 247 599 284 ἀστέρα
613 235 712 283 ἄστρον
729 245 837 282 ὀνομάζι

901 262 905 276 ι
919 251 1023 275 astrum
1038 255 1072 275 ex
1084 248 1229 284 disjunctis
1248 257 1281 276 ac
1302 248 1420 276 deﬁnitis
1434 249 1616 284 componitur.
1636 248 1701 276 Nam

74 291 164 327 λέγων
174 301 182 307 ⁸

185 393 295 426 Μηκὲθ¹
312 393 401 421 ἁλίου
412 395 519 422 σκόπει

185 428 282 455 Ἀλλο
293 429 495 463 θαλπνότερον

188 463 240 489 Ἐν
253 463 346 498 ἁμέρᾳ
363 464 495 498 φαεννὸν
504 464 616 499 ἄστρον
626 473 632 480 ·

69 519 145 546 κατὰ
160 519 212 555 τὴν
229 520 383 557 συνήθειαν.

334 577 405 610 Περὶ
429 576 600 610 πλανήτων.

105 625 151 649 ιε’.
166 623 295 658 ΙἌρατος,
309 624 342 659 τῇ
349 622 402 650 τῶν
418 623 521 650 πολλῶν
535 623 598 660 δόξῃ
611 623 858 659 κατακολουθήσας,

65 667 132 699 τοὺς
145 667 276 700 ἀπλανεῖς
286 668 447 705 ὲναρηρέναι
464 668 531 704 φησὶ
545 668 584 704 τῷ
595 668 701 704 οὐρανῷ
710 677 717 684 ·

64 722 168 755 Αὐτὸς
178 723 235 757 τὰρ
250 722 321 750 τάδε
330 723 439 758 σήματ’
456 724 491 751 ἐν
503 723 620 758 οὐρανῷ
639 723 787 759 ἐστήριξε·

50 776 146 812 -τταρὰ
163 777 196 804 τὸ
212 778 353 814 ἐστήριξεν
369 779 488 814 ἀστέρας
508 780 606 811 αὐτοὺς
619 780 855 816 παρετυμολογῶν.

63 822 119 849 Τὸν
137 823 167 850 δὲ
195 823 250 851 τῶν
268 824 410 860 πλανήτων
421 825 499 860 λόγον
518 827 693 862 παρῃτήσατο
705 827 719 853 ὸ
730 827 857 863 Ἄρατος.

50 867 130 895 -.δταν
143 867 211 905 λέγῃ
221 876 228 884 ·

63 924 102 963 ρέ
110 923 141 950 δ’
149 924 350 963 ὲθξιμΞξ-ἇλέῑοι
363 926 445 953 πέντ’
462 927 588 961 ἀστέρες
597 927 688 955 οὐδὲν
697 927 800 963 ὁμοῖοι,

63 959 223 993 ἐμπιιλιν
234 961 257 977 ³³
272 960 401 988 εἰδώλων
416 959 594 990 δυοκαίδεκα
604 959 781 990 δινεύοὶται.

63 995 107 1032 ςὶύ
164 995 209 1032 ἔτι
223 996 394 1032 θαρσαλέως
408 998 515 1025 κείνων
527 998 584 1032 ἐγὼ
596 997 699 1032 ἄρκιος
712 998 779 1032 εἵην

68 1029 248 1060 Ἀπλανέων
256 1030 292 1057 τά
304 1039 336 1057 τε
351 1029 456 1063 κύκλα,
472 1032 507 1060 τά
521 1029 644 1067 τ’ἰιὶθέρι
658 1029 852 1061 ’δδινεῦουσω

99 1117 280 1152 Παραιτεῖται
291 1119 319 1145 δὲ
331 1118 375 1146 διὰ
390 1120 489 1152 πολλὰς
502 1121 599 1153 αῑτίας.
615 1122 725 1158 Πρῶτον
738 1123 779 1150 ὅτι
791 1132 853 1158 φαι-

60 1163 167 1206 νόμενα
197 1164 324 1200 ἠθέλησε,
354 1166 402 1194 καὶ
421 1168 487 1193 πᾶσι
504 1168 635 1203 σύμφωνα
652 1168 736 1201 δεῖξαι
746 1170 850 1206 ἄστραο

49 1205 139 1236 οὗτοι
154 1209 184 1236 δὲ
210 1210 309 1246 πολλὴν
332 1212 480 1246 διαφωνίαν
505 1213 595 1248 ἔχουσι
609 1234 616 1246 ,
629 1215 676 1242 καὶ
692 1215 751 1242 οὐδὲ
769 1215 852 1243 πᾶσίν

60 1255 116 1281 elo".
134 1255 255 1291 φανεροί.
273 1256 316 1283 Ἐν
331 1257 358 1284 δὲ
379 1257 418 1293 τῷ
444 1259 655 1296 ἐπιγραφομένῳ
681 1260 762 1288 αὑτοῦ
792 1263 850 1288 Κα-

59 1300 148 1331 νόνι,
177 1301 223 1328 τὸν
244 1302 309 1338 περὶ
331 1303 421 1330 αὐτῶν
444 1305 602 1341 ποιούμενος
625 1305 713 1340 λόγον,
734 1307 851 1342 ἁρμονίᾳ

47 1345 116 1373 ’τινὶ
132 1348 180 1374 καὶ
195 1348 337 1384 συμφωνίᾳ.
349 1351 464 1386 μουσικῇ
482 1351 531 1382 τὰς
547 1352 665 1387 κινήσεις
678 1352 766 1379 αὐτῶν
779 1352 851 1387 λέγει

59 1393 218 1428 γεγονέναι.
229 1395 344 1421 Λεκτέον
368 1395 395 1427 δὲ
409 1396 473 1432 περὶ
489 1397 590 1425 αὐτῶν.

277 1493 363 1527 Τάξις
376 1495 436 1521 τῶν
449 1494 470 1525 ζ’
487 1496 632 1531 σφαιρῶν.

95 1539 147 1568 ις’.
167 1537 198 1563 οι
215 1537 278 1572 περὶ
297 1538 333 1565 τὰ
347 1539 472 1575 μετέωρα
487 1539 568 1567 δεινοί
586 1549 651 1576 φασι
672 1541 759 1574 ζώνας
774 1543 850 1575 τινας

919 297 1010 320 certus
1023 292 1050 320 in
1066 301 1232 329 unoquoque
1249 301 1380 321 numerus
1392 293 1557 321 ostenditur.
1570 293 1704 322 Pindarus

918 341 1022 365 astrum
1036 345 1086 373 pro
1100 338 1189 366 sidere
1205 343 1318 374 usurpat
1334 349 1342 368 :

1094 393 1224 436 lVonjum
1240 394 1294 422 sole
1308 395 1446 424 considera

1021 429 1102 456 Aliud
1121 429 1231 457 calidius

1022 464 1142 492 Interdiu
1156 465 1291 492 solenaens
1304 465 1394 498 sidus;

914 519 941 546 in
955 515 1010 555 quo
1022 521 1212 549 consuetudini
1231 523 1322 549 servit.

1211 577 1251 605 De
1276 578 1398 612 planetis.

948 623 991 651 l5.
1016 623 1115 651 Aratus
1144 624 1215 659 vulgi
1245 625 1366 659 opinioni
1395 624 1516 652 serviens
1545 625 1696 654 inerrantes

911 669 1004 696 stellas
1019 669 1089 697 caelo
1104 670 1202 698 inﬁxas
1215 678 1277 698 esse
1290 670 1357 698 dicit
1371 681 1376 698 :

981 724 1041 760 Ipse
1055 726 1122 753 enim
1136 726 1191 753 Ita'c
1203 727 1280 762 signa
1293 727 1320 754 in
1337 735 1400 754 σιειο
1415 727 1493 762 fuit;

910 790 927 809 a
951 782 1085 810 vocabulo
1107 783 1258 819 ἐστήριξεν,
1281 785 1437 812 nominatos
1463 784 1580 820 ἀστέρας
1607 785 1695 813 obiter

909 828 1043 857 indicans.
1058 829 1095 857 De
1111 829 1227 864 planetis
1245 833 1334 858 autem
1347 831 1467 858 scribere
1483 831 1568 858 noluit
1584 831 1692 864 Aratus.

909 875 955 903 ubi
975 876 1013 903 ita
1027 875 1126 904 cecinit
1141 885 1148 903 :

868 926 890 955 Β
905 931 1057 960 Promiscue
1073 941 1131 959 vero
1145 932 1205 959 alia:
1218 932 1329 967 quinque
1344 932 1427 959 stella
1437 952 1443 962 .
1456 932 1523 959 nihil
1538 933 1647 966 similes,

906 967 1005 1003 Contra
1019 976 1098 1003 quant
1114 968 1258 994 simulacra
1272 967 1408 995 duodecim
1425 973 1571 994 versantur.

905 1001 996 1037 .lVeque
1012 1001 1071 1030 nera
1085 1003 1216 1037 conﬁdens
1230 1002 1337 1029 illorum
1350 1011 1396 1037 ego
1410 1011 1467 1029 sunt
1481 1003 1600 1036 idoneus,

905 1036 1149 1073 Inerrranliquue
1174 1037 1258 1070 orbes,
1288 1036 1395 1074 queque
1423 1039 1451 1065 in
1477 1039 1569 1074 tet/tere
1592 1039 1692 1066 cientur

1527 1073 1641 1110 [exsequi
1647 1095 1653 1101 .
1677 1077 1680 1083 '

937 1127 1025 1163 Atque
1045 1127 1097 1155 hoc
1115 1128 1240 1163 pluribus
1263 1128 1297 1156 dc
1321 1129 1413 1157 causis
1435 1133 1552 1157 recusat.
1570 1129 1689 1156 Primum

901 1173 974 1208 quod
1000 1177 1164 1208 apparentes
1193 1173 1298 1206 stellas,
1319 1173 1353 1201 de
1376 1174 1476 1209 quibus
1503 1174 1574 1201 inter
1595 1182 1690 1202 omnes

901 1219 1038 1252 convenit,
1056 1219 1213 1248 describere
1229 1224 1287 1248 crat
1299 1228 1461 1256 aggressus;
1477 1224 1503 1247 at
1519 1221 1578 1247 ista:
1593 1228 1689 1255 magno

902 1264 929 1291 in
945 1264 1105 1300 opinionum
1119 1265 1222 1292 ambitu
1240 1269 1315 1298 sunt,
1331 1273 1381 1292 nec
1402 1265 1531 1292 omnibus
1546 1270 1687 1300 apparent.

901 1311 931 1338 In
955 1310 1025 1338 libro
1050 1318 1124 1344 vero,
1147 1319 1227 1346 quem
1254 1311 1387 1338 Canonem
1413 1311 1575 1346 inscripsit,
1595 1311 1628 1338 de
1653 1310 1687 1338 iis

901 1364 993 1392 agens,
1011 1361 1146 1384 concentu
1168 1357 1286 1392 quodam
1311 1361 1338 1384 et
1358 1357 1500 1384 harmonia
1524 1359 1686 1391 temperatos

899 1409 960 1430 esse
977 1406 1067 1430 motus
1080 1403 1187 1430 illarum
1204 1402 1313 1430 asserit.
1326 1401 1410 1430 Nobis
1430 1410 1494 1430 vero
1513 1401 1547 1429 de
1563 1402 1597 1429 iis
1618 1400 1684 1437 ipsis

900 1449 1031 1476 nonnulla
1044 1449 1158 1476 dicenda
1176 1452 1249 1476 sunt.

1071 1503 1111 1531 De
1126 1504 1217 1531 ordine
1230 1505 1393 1539 spintriarum
1409 1509 1514 1539 seplem.

936 1548 979 1575 l6.
991 1547 1149 1581 lecstium
1163 1557 1254 1578 rerum
1268 1550 1364 1584 peritis
1386 1550 1474 1584 placet
1493 1557 1576 1577 zonas
1599 1558 1683 1586 quas-

55 1577 130 1609 ετναι
145 1582 227 1614 ἑπτὰ,
238 1582 271 1609 δι’
285 1580 322 1611 ὧν
347 1585 474 1621 φέρονται
491 1587 516 1613 οἰ
536 1588 604 1615 ἑπτὰ
617 1588 730 1624 ἀστέρες
741 1598 749 1605 ·
760 1590 807 1616 καὶ
819 1590 837 1616 ὲ·

901 1592 961 1620 dam
975 1601 1037 1622 esse
1057 1579 1169 1630 septem,
1183 1602 1232 1630 per
1248 1577 1316 1630 quas
1332 1577 1442 1623 totidem
1459 1596 1574 1630 planetae
1592 1577 1682 1623 rénm-

56 1627 110 1662 μὲν
129 1629 165 1663 τῇ
194 1628 346 1665 ὑψηλοτάτη
364 1631 494 1667 φέρεσθαι
521 1633 566 1660 τὸν
583 1633 630 1660 τοῦ
650 1635 765 1670 Κρόνου,
778 1637 805 1663 ὲν
818 1635 846 1663 δὲ

43 1673 88 1708 ’τῇ
105 1673 168 1708 μετ’
181 1673 265 1710 αὐτὴν
280 1674 324 1700 τὸν
340 1675 386 1702 τοῦ
397 1677 457 1708 Διός
469 1685 475 1691 ·
494 1678 540 1704 καὶ
556 1678 584 1704 ἐν
601 1680 633 1715 τῇ
647 1680 726 1716 τρίτῃ
741 1686 787 1708 τον
799 1681 845 1708 τοῦ

54 1720 184 1755 Ἄρεως·
216 1720 244 1745 ἑν
268 1721 300 1755 τῇ
324 1722 442 1758 τετάρτῃ
471 1723 516 1750 τὸν
539 1723 585 1750 τοῦ
616 1725 735 1760 Ἑρμοῦ·
759 1727 788 1754 ἐν
811 1729 844 1763 τῇ

52 1765 174 1802 πέμπτῃ
190 1766 235 1792 τδν
260 1766 309 1801 τῆς
326 1768 500 1804 Ἀφροδίτης·
523 1770 552 1795 ὲν
569 1770 597 1797 δὲ
610 1773 642 1807 τῇ
659 1771 725 1807 ἕκτῃ
739 1773 784 1799 τὸν
797 1773 845 1800 τοῦ

52 1812 134 1848 ἡλίου
144 1821 151 1828 ”
171 1813 201 1839 ὲν
212 1807 240 1839 δὲ
251 1815 284 1849 τῇ
299 1814 397 1850 ἑϐδόμῃ
415 1815 460 1842 τὸν
471 1816 520 1850 τῆς
539 1816 662 1853 σελήνης.
680 1818 758 1850 Τινὲς
771 1819 800 1845 δὲ
816 1821 845 1847 ἐν

51 1860 86 1894 τῇ
103 1858 226 1894 τετάρτῃ
237 1859 287 1894 τὴν
312 1859 470 1896 Ἀφροδίτην
481 1861 604 1896 λέγουσιν
616 1872 623 1878 ·
640 1864 670 1890 ὲν
681 1866 714 1900 τῇ
731 1865 842 1902 πέμπτῃ

50 1903 80 1929 δὲ
98 1903 147 1930 τὸν
165 1903 283 1939 Ἑρμῆν
305 1905 333 1931 ὲν
347 1904 375 1931 δὲ
386 1907 420 1940 τῇ
447 1906 514 1943 ἕκτῃ
536 1906 580 1933 τὸν
603 1907 688 1942 ἥλιον.
707 1908 800 1936 Ἄλλοι
815 1909 844 1937 δὲ

49 1950 190 1985 τέταρτον
200 1950 246 1977 τὸν
265 1951 367 1987 Ἑρμῆν
378 1959 385 1967 υ
401 1951 483 1987 ἕκτην
495 1952 522 1978 δὲ
536 1953 584 1989 τὴν
601 1953 758 1989 Ἀφροδίτην
769 1963 776 1970 ·
794 1955 842 1990 μέ-

52 2003 101 2022 σον
113 1995 144 2021 δὲ
154 1995 202 2030 τὸν
221 1996 306 2032 ἥλιον.
321 1997 381 2023 Eiet
396 1997 424 2023 δὲ
445 1998 468 2024 ot
487 1998 593 2033 πρῶτον
609 1999 654 2025 τὸν
668 1998 741 2035 ἥλιον
757 2000 844 2035 λέγον-

49 2049 99 2074 τες
111 2049 119 2056 ·
135 2041 264 2078 δευτέραν
273 2042 302 2070 δὲ
315 2043 363 2079 τὴν
378 2043 492 2079 σελήνην
504 2053 510 2059 ⁸
527 2037 618 2081 τρίτον
630 2045 658 2073 δὲ
673 2046 718 2072 τὸν
729 2047 841 2083 Κρόνον.

56 2087 90 2114 Ἠ
105 2087 135 2114 δὲ
152 2088 252 2115 πλείων
269 2089 332 2122 δόξα
347 2089 458 2126 πρώτην
471 2091 520 2127 τὴν
539 2091 653 2127 σελήνην
672 2091 745 2126 λέγει
757 2099 764 2107 ·
782 2093 842 2120 ἐπεὶ

48 2134 100 2161 καὶ
121 2134 292 2171 ἀπόσπασμα
317 2135 362 2163 τοῦ
382 2137 455 2173 ἡλίου
474 2137 597 2172 λέγουσιν
625 2139 723 2176 αὑτήν·
739 2140 776 2172 ὼς
797 2141 842 2168 καὶ

55 2179 247 2217 Ἐμπεδοκλῆς
257 2190 264 2198 ο

897 1642 952 1666 tur.
970 1638 998 1666 In
1014 1647 1141 1674 suprema
1153 1647 1235 1675 porro
1250 1639 1361 1667 Saturni
1378 1641 1482 1668 stellam
1497 1641 1554 1676 rapi
1569 1650 1577 1674 ;
1597 1641 1623 1668 in
1639 1649 1683 1669 se-

896 1684 984 1711 cunda
999 1683 1093 1718 Jovis;
1122 1685 1148 1712 in
1163 1685 1242 1713 tertia
1256 1685 1369 1719 Martis;
1383 1686 1409 1714 in
1423 1690 1519 1721 quarta
1536 1687 1680 1721 Mercurii;

897 1729 923 1757 in
940 1729 1035 1764 quinta
1048 1729 1162 1758 Veneris
1174 1739 1182 1764 ;
1203 1729 1230 1757 in
1242 1735 1317 1758 sexta
1334 1730 1416 1763 solis;
1430 1730 1456 1757 in
1470 1731 1584 1765 septima
1600 1731 1680 1758 luna.

895 1775 1010 1809 Quidam
1028 1777 1054 1804 in
1073 1781 1171 1812 quarta
1188 1775 1320 1805 Venerem
1336 1777 1438 1809 locant,
1459 1777 1485 1804 in
1501 1777 1595 1812 quinia
1610 1776 1682 1805 Mer-

895 1823 1012 1855 curium,
1025 1823 1053 1849 in
1070 1827 1146 1850 sexta
1163 1824 1260 1851 solem.
1282 1823 1333 1850 Alii
1354 1828 1481 1859 quartum
1504 1823 1679 1857 Mercurium,

894 1872 997 1895 sextam
1020 1867 1164 1901 Venerem,
1182 1868 1300 1896 medium
1316 1862 1386 1896 vero.
1396 1868 1480 1896 solem
1497 1868 1678 1896 constituunt.

895 1913 965 1941 Sunt
985 1914 1031 1949 qui
1052 1914 1170 1950 primum
1190 1922 1252 1941 esse
1276 1906 1359 1942 solem
1382 1919 1515 1944 asseram,
1532 1913 1678 1942 secundam

895 1961 997 1992 lunam,
1021 1960 1130 1987 tertium
1151 1959 1307 1987 Saturnum.
1328 1960 1423 1988 Plures
1449 1960 1537 1987 lunam
1564 1960 1677 1995 primam

894 2005 1016 2038 faciunt;
1039 2005 1259 2040 quandoquidem
1287 2014 1349 2041 pars
1372 2007 1505 2042 quaedam,
1532 2010 1562 2033 ut
1589 2006 1676 2038 aiunt,

894 2052 987 2079 avulsa
1013 2055 1054 2078 est
1080 2059 1094 2077 a
1117 2052 1174 2079 sole
1195 2052 1278 2085 luna;
1306 2053 1377 2087 quod
1408 2052 1564 2087 Empedocli
1589 2052 1675 2079 visum

892 2103 933 2125 est
953 2108 958 2125 2

42 2237 242 2276 Χυκῷοτερὲς
252 2239 318 2273 περὶ
328 2240 415 2275 γαῖαν
427 2241 582 2269 ἑλίσσεται
597 2243 757 2277 ἀλλότριον
767 2243 837 2278 φῶς.

927 2250 1063 2278 Circulure
1077 2251 1174 2278 circum
1190 2255 1287 2279 terram
1303 2251 1414 2278 uoluitur
1425 2251 1540 2279 alienum
1552 2251 1648 2280 lumen.

84 2293 159 2329 Περὶ
184 2293 213 2320 δὲ
239 2294 289 2329 τῆς
310 2295 470 2331 ἐναρμονίου
493 2298 625 2333 κινήσεως
644 2298 734 2325 αὐτῶν
752 2297 838 2331 εἶπεν,

46 2340 88 2372 ὡς
109 2340 190 2375 ἔφην,
219 2341 335 2377 Ἄρατος
352 2343 380 2370 ὲν
393 2343 432 2378 τῷ
469 2345 592 2376 Κανόνι,
619 2345 666 2371 καὶ
680 2345 838 2381 Ἐρατοσθέ-

45 2394 100 2421 νης
130 2387 160 2412 ὲν
187 2386 225 2422 τῷ
256 2387 363 2422 Ἐρμῇ,
381 2389 427 2415 καὶ
454 2389 594 2425 ⁸Υψικλῆς,
610 2391 656 2417 καὶ
675 2390 837 2426 Θράσυλλος,

45 2431 97 2458 καὶ
114 2431 266 2467 Ἄδραστος
286 2433 479 2470 Ἀφροδισιεύς.
500 2436 635 2472 Ἤρξαντο
648 2437 677 2464 δὲ
696 2437 742 2464 τοῦ
758 2437 837 2472 λόγου

44 2476 148 2504 τούτου
174 2477 198 2504 οι
231 2478 426 2515 Πυθαγόρειοι·
455 2481 543 2509 πάντα
571 2483 623 2518 γὰρ
654 2483 770 2519 ἁρμονίᾳ
790 2483 838 2511 καὶ

44 2524 127 2558 τάξει
144 2523 252 2558 λέγουσι
274 2526 419 2553 κινεῖσθαι·
440 2527 511 2554 καθὰ
530 2528 577 2554 καὶ
596 2529 681 2564 ἰατροὶ
693 2530 755 2562 τοὺς
770 2538 838 2564 σφυ-

42 2570 140 2606 γμούς
152 2577 161 2585 ⁸
186 2571 233 2598 καὶ
259 2572 390 2606 ὑγιαίνειν
407 2573 467 2608 μὲν,
487 2574 551 2602 ὃταν
568 2574 730 2608 εὐτακτῶσι,
749 2577 838 2602 νοσεῖν

42 2617 85 2650 δὲ,
104 2616 152 2643 ὅτε
170 2617 294 2649 ἀτάκτως
304 2618 450 2646 κινοῦνται.

158 2672 229 2705 Περὶ
242 2673 300 2700 τῶν
312 2673 465 2709 ὀνομάτων
480 2675 541 2703 τῶν
558 2677 729 2710 πλανήτων.

83 2717 119 2750 ιζ’
122 2718 175 2745 ,Τὰ
184 2718 302 2754 ὀνόματα
314 2719 368 2746 τῶν
376 2720 517 2756 πλανήτων
532 2722 664 2758 διαφόρως
671 2723 833 2760 ἐκλήθησαν,

45 2765 95 2792 καὶ
118 2764 183 2801 περὶ
207 2765 254 2793 τοῦ
269 2767 365 2803 χρόνου
381 2769 496 2796 ἑκάστου
516 2769 647 2804 διαφωνία
677 2772 760 2808 πολλὴ
785 2773 832 2807 γέ-

43 2820 110 2847 γονε
127 2812 244 2845 πολλοῖς.
254 2814 412 2847 Αἰγυπτίοις
426 2815 480 2851 γὰρ
491 2817 535 2843 καὶ
547 2817 657 2854 Ἕλλησι
672 2819 719 2846 τοῦ
727 2821 832 2856 Κρόνου

81 2888 109 2905 ’³
121 2897 167 2924 γρ.
184 2889 326 2917 πάντοθεν.
364 2891 386 2906 ⁸⁵
403 2900 447 2925 rp.
462 2891 565 2928 σώματ’
591 2894 718 2922 ινισπείν.

925 2306 963 2334 De
980 2307 1140 2335 harmonico
1156 2315 1221 2335 vero
1237 2312 1310 2335 motu
1324 2307 1432 2335 illorum
1447 2308 1503 2343 agit
1518 2308 1545 2335 in
1558 2307 1673 2341 Conone,

890 2352 928 2379 liti
941 2352 1044 2379 dictum
1058 2356 1111 2384 cst,
1128 2352 1239 2385 Aratus,
1254 2358 1281 2381 et
1298 2353 1492 2382 Eratosthenes
1517 2354 1545 2381 in
1569 2354 1673 2382 Hercu-

889 2398 947 2429 n'o,
978 2398 1097 2434 itemque
1124 2397 1280 2434 Hypsicles,
1301 2398 1461 2435 Thrasyllus
1485 2405 1512 2427 et
1538 2399 1673 2429 Adrastus

888 2445 1118 2480 Aphrodisiensis.
1133 2444 1219 2480 Cujus
1231 2445 1365 2481 dogmatis
1382 2450 1509 2474 auctores
1527 2446 1601 2474 luere
1619 2446 1673 2483 Py-

888 2490 1008 2526 thagorei
1020 2509 1028 2524 ,
1045 2491 1091 2526 qui
1109 2491 1237 2519 universa
1252 2495 1388 2518 concentu
1402 2496 1484 2526 atque
1503 2491 1599 2519 ordine
1614 2499 1672 2519 mo-

887 2537 943 2564 veri
959 2541 1053 2572 putant
1071 2547 1078 2565 :
1094 2538 1134 2565 uti
1160 2537 1257 2565 medici
1283 2538 1389 2572 pulsus,
1412 2546 1482 2573 quos
1506 2542 1563 2565 tum
1588 2545 1670 2566 sanos

886 2590 948 2611 esse
964 2583 1102 2615 dictitant,
1115 2591 1178 2610 cum
1202 2583 1326 2612 ordinem
1339 2588 1459 2616 servant,
1475 2584 1546 2612 male
1559 2584 1667 2616 habere,

885 2636 947 2656 cum
962 2628 1151 2657 inconstanter
1164 2634 1318 2658 moventur.

1078 2685 1117 2713 De
1134 2686 1300 2721 planetarum
1316 2687 1474 2714 nominibus.

923 2730 963 2757 t7.
979 2731 1043 2759 Tam
1057 2731 1091 2759 de
1107 2732 1278 2768 planetarum
1304 2733 1442 2760 vocabulis
1457 2739 1538 2767 quam
1561 2732 1594 2759 de
1611 2732 1669 2759 sin-

883 2777 1008 2812 gulorum
1027 2779 1194 2814 temporibus
1211 2787 1317 2806 summa
1343 2783 1385 2806 est
1405 2778 1563 2813 opinioaum
1579 2778 1666 2805 varie-

882 2826 936 2852 tas.
956 2821 1074 2860 Egyplii
1099 2829 1126 2852 et
1151 2824 1236 2853 Graeci
1261 2825 1371 2853 Saturni
1397 2825 1521 2857 stellam,
1543 2825 1677 2866 quamviu_
