  <div class='ocr_page' id='page_1' title='image "/cluster/home/n/w/nwhite01/storage/ocr_20150623/19/njp.32101077772463/555.png"; bbox 0 0 1898 3145; ppageno 0'>
   <div class='ocr_carea' id='block_1_1' title="bbox 243 210 297 237">
    <p class='ocr_par' dir='ltr' id='par_1_1' title="bbox 243 210 297 237">
     <span class='ocr_line' id='line_1_1' title="bbox 243 210 297 237; baseline 0 0"><span class='ocrx_word' id='word_1_1' title='bbox 243 210 297 237; x_wconf 76' lang='lat'><strong>935</strong></span> 
     </span>
    </p>
   </div>
   <div class='ocr_carea' id='block_1_2' title="bbox 769 204 1382 235">
    <p class='ocr_par' dir='ltr' id='par_1_2' title="bbox 769 204 1382 235">
     <span class='ocr_line' id='line_1_2' title="bbox 769 204 1382 235; baseline -0.005 -1"><span class='ocrx_word' id='word_1_2' title='bbox 769 208 815 235; x_wconf 88' lang='lat' dir='ltr'><strong>AD</strong></span> <span class='ocrx_word' id='word_1_3' title='bbox 835 206 969 235; x_wconf 78' lang='lat' dir='ltr'><strong>EUSEBll</strong></span> <span class='ocrx_word' id='word_1_4' title='bbox 988 205 1184 234; x_wconf 79' lang='lat' dir='ltr'><strong>CHRONICON</strong></span> <span class='ocrx_word' id='word_1_5' title='bbox 1204 204 1382 232; x_wconf 75' lang='lat' dir='ltr'><strong>APPENDIX.</strong></span> 
     </span>
    </p>
   </div>
   <div class='ocr_carea' id='block_1_3' title="bbox 1813 202 1860 231">
    <p class='ocr_par' dir='ltr' id='par_1_3' title="bbox 1813 202 1860 231">
     <span class='ocr_line' id='line_1_3' title="bbox 1813 202 1860 231; baseline 0 0"><span class='ocrx_word' id='word_1_6' title='bbox 1813 202 1860 231; x_wconf 85' lang='lat'><strong>956</strong></span> 
     </span>
    </p>
   </div>
   <div class='ocr_carea' id='block_1_4' title="bbox 242 263 1020 301">
    <p class='ocr_par' dir='ltr' id='par_1_4' title="bbox 242 266 1020 301">
     <span class='ocr_line' id='line_1_4' title="bbox 242 266 1020 301; baseline -0.004 -5"><span class='ocrx_word' id='word_1_7' title='bbox 242 268 417 296; x_wconf 84' lang='lat' dir='ltr'><strong>hebetissima</strong></span> <span class='ocrx_word' id='word_1_8' title='bbox 439 267 485 297; x_wconf 85' lang='lat' dir='ltr'><strong>sit,</strong></span> <span class='ocrx_word' id='word_1_9' title='bbox 501 274 640 301; x_wconf 66' lang='grc' dir='ltr'>φαίνοντα,</span> <span class='ocrx_word' id='word_1_10' title='bbox 659 266 685 294; x_wconf 90' lang='lat' dir='ltr'><strong>id</strong></span> <span class='ocrx_word' id='word_1_11' title='bbox 710 272 751 294; x_wconf 86' lang='lat' dir='ltr'><strong>est</strong></span> <span class='ocrx_word' id='word_1_12' title='bbox 776 267 906 300; x_wconf 80' lang='lat' dir='ltr'><strong>lucidam,</strong></span> <span class='ocrx_word' id='word_1_13' title='bbox 923 271 1020 295; x_wconf 85' lang='lat' dir='ltr'><strong>vocant</strong></span> 
     </span>
    </p>
   </div>
   <div class='ocr_carea' id='block_1_5' title="bbox 1081 263 1858 301">
    <p class='ocr_par' dir='ltr' id='par_1_5' title="bbox 1084 263 1858 301">
     <span class='ocr_line' id='line_1_5' title="bbox 1084 263 1858 301; baseline 0.003 -10"><span class='ocrx_word' id='word_1_14' title='bbox 1084 266 1097 291; x_wconf 89' lang='lat'><strong>6</strong></span> <span class='ocrx_word' id='word_1_15' title='bbox 1121 265 1218 301; x_wconf 83' lang='grc' dir='ltr'><strong>ἀστὴρ,</strong></span> <span class='ocrx_word' id='word_1_16' title='bbox 1236 265 1322 292; x_wconf 82' lang='grc' dir='ltr'>καίτοι</span> <span class='ocrx_word' id='word_1_17' title='bbox 1347 264 1535 300; x_wconf 79' lang='grc' dir='ltr'>ἀμαυρότατος</span> <span class='ocrx_word' id='word_1_18' title='bbox 1550 263 1598 296; x_wconf 83' lang='grc' dir='ltr'><strong>ὣν,</strong></span> <span class='ocrx_word' id='word_1_19' title='bbox 1623 263 1726 298; x_wconf 80' lang='grc' dir='ltr'>φαίνων</span> <span class='ocrx_word' id='word_1_20' title='bbox 1749 264 1858 299; x_wconf 81' lang='grc' dir='ltr'>λέγεται.</span> 
     </span>
    </p>
   </div>
   <div class='ocr_carea' id='block_1_6' title="bbox 241 313 1026 348">
    <p class='ocr_par' dir='ltr' id='par_1_6' title="bbox 241 313 1026 348">
     <span class='ocr_line' id='line_1_6' title="bbox 241 313 1026 348; baseline 0 -7"><span class='ocrx_word' id='word_1_21' title='bbox 241 313 327 341; x_wconf 69' lang='lat' dir='ltr'><strong>Graeci</strong></span> <span class='ocrx_word' id='word_1_22' title='bbox 350 313 459 348; x_wconf 86' lang='lat' dir='ltr'><strong>quidem</strong></span> <span class='ocrx_word' id='word_1_23' title='bbox 484 313 520 340; x_wconf 88' lang='lat' dir='ltr'><strong>ita</strong></span> <span class='ocrx_word' id='word_1_24' title='bbox 546 313 610 340; x_wconf 93' lang='lat' dir='ltr'><strong>boni</strong></span> <span class='ocrx_word' id='word_1_25' title='bbox 633 313 733 340; x_wconf 86' lang='lat' dir='ltr'><strong>ominis</strong></span> <span class='ocrx_word' id='word_1_26' title='bbox 753 321 836 341; x_wconf 89' lang='lat' dir='ltr'><strong>causa</strong></span> <span class='ocrx_word' id='word_1_27' title='bbox 852 318 1026 348; x_wconf 82' lang='lat' dir='ltr'><strong>nuncupant.</strong></span> 
     </span>
    </p>
   </div>
   <div class='ocr_carea' id='block_1_7' title="bbox 240 358 1028 395">
    <p class='ocr_par' dir='ltr' id='par_1_7' title="bbox 240 358 1028 395">
     <span class='ocr_line' id='line_1_7' title="bbox 240 358 1028 395; baseline 0 -9"><span class='ocrx_word' id='word_1_28' title='bbox 240 359 360 395; x_wconf 60' lang='grc' dir='ltr'><strong>[ΣυριῙὶ</strong></span> <span class='ocrx_word' id='word_1_29' title='bbox 389 366 453 386; x_wconf 87' lang='lat' dir='ltr'><strong>vero</strong></span> <span class='ocrx_word' id='word_1_30' title='bbox 481 358 605 387; x_wconf 84' lang='lat' dir='ltr'><strong>Nemesis</strong></span> <span class='ocrx_word' id='word_1_31' title='bbox 640 359 755 387; x_wconf 86' lang='lat' dir='ltr'><strong>stellam.</strong></span> <span class='ocrx_word' id='word_1_32' title='bbox 796 359 921 387; x_wconf 88' lang='lat' dir='ltr'><strong>Secunda</strong></span> <span class='ocrx_word' id='word_1_33' title='bbox 952 359 1028 387; x_wconf 78' lang='lat' dir='ltr'><strong>Jovis</strong></span> 
     </span>
    </p>
   </div>
   <div class='ocr_carea' id='block_1_8' title="bbox 240 403 1026 440">
    <p class='ocr_par' dir='ltr' id='par_1_8' title="bbox 240 403 1026 440">
     <span class='ocr_line' id='line_1_8' title="bbox 240 403 1026 440; baseline -0.001 -8"><span class='ocrx_word' id='word_1_34' title='bbox 240 404 361 432; x_wconf 83' lang='lat' dir='ltr'><strong>Phaeton</strong></span> <span class='ocrx_word' id='word_1_35' title='bbox 394 413 410 432; x_wconf 91' lang='lat' dir='ltr'><strong>a</strong></span> <span class='ocrx_word' id='word_1_36' title='bbox 435 404 548 436; x_wconf 70' lang='lat' dir='ltr'><strong>Graecis,</strong></span> <span class='ocrx_word' id='word_1_37' title='bbox 578 404 612 431; x_wconf 86' lang='lat' dir='ltr'><strong>ab</strong></span> <span class='ocrx_word' id='word_1_38' title='bbox 639 403 776 440; x_wconf 64' lang='lat' dir='ltr'><strong>{Egyptiis</strong></span> <span class='ocrx_word' id='word_1_39' title='bbox 805 404 920 433; x_wconf 86' lang='lat' dir='ltr'><strong>Osiridis</strong></span> <span class='ocrx_word' id='word_1_40' title='bbox 949 405 1026 432; x_wconf 80' lang='lat' dir='ltr'><strong>stella</strong></span> 
     </span>
    </p>
   </div>
   <div class='ocr_carea' id='block_1_9' title="bbox 239 449 1026 485">
    <p class='ocr_par' dir='ltr' id='par_1_9' title="bbox 239 449 1026 485">
     <span class='ocr_line' id='line_1_9' title="bbox 239 449 1026 485; baseline -0.001 -9"><span class='ocrx_word' id='word_1_41' title='bbox 239 450 406 477; x_wconf 92' lang='lat' dir='ltr'><strong>nominatur.</strong></span> <span class='ocrx_word' id='word_1_42' title='bbox 425 449 516 477; x_wconf 88' lang='lat' dir='ltr'><strong>Tertia</strong></span> <span class='ocrx_word' id='word_1_43' title='bbox 530 453 572 478; x_wconf 91' lang='lat' dir='ltr'><strong>est</strong></span> <span class='ocrx_word' id='word_1_44' title='bbox 589 449 694 481; x_wconf 77' lang='lat' dir='ltr'><strong>Martis,</strong></span> <span class='ocrx_word' id='word_1_45' title='bbox 713 458 773 485; x_wconf 75' lang='lat' dir='ltr'><strong>qua:</strong></span> <span class='ocrx_word' id='word_1_46' title='bbox 792 450 894 478; x_wconf 75' lang='lat' dir='ltr'><strong>Grazcis</strong></span> <span class='ocrx_word' id='word_1_47' title='bbox 912 454 954 478; x_wconf 89' lang='lat' dir='ltr'><strong>est</strong></span> <span class='ocrx_word' id='word_1_48' title='bbox 971 450 1026 476; x_wconf 84' lang='grc' dir='ltr'><strong>Πυ-</strong></span> 
     </span>
    </p>
   </div>
   <div class='ocr_carea' id='block_1_10' title="bbox 238 495 1024 531">
    <p class='ocr_par' dir='ltr' id='par_1_10' title="bbox 238 495 1024 531">
     <span class='ocr_line' id='line_1_10' title="bbox 238 495 1024 531; baseline 0 -9"><span class='ocrx_word' id='word_1_49' title='bbox 238 496 321 531; x_wconf 80' lang='grc' dir='ltr'>ρόεις,</span> <span class='ocrx_word' id='word_1_50' title='bbox 337 495 473 531; x_wconf 68' lang='grc' dir='ltr'><strong>ᾸΕεγρῑίἰε</strong></span> <span class='ocrx_word' id='word_1_51' title='bbox 498 496 624 524; x_wconf 87' lang='lat' dir='ltr'><strong>Herculis</strong></span> <span class='ocrx_word' id='word_1_52' title='bbox 649 497 738 524; x_wconf 86' lang='lat' dir='ltr'><strong>stella.</strong></span> <span class='ocrx_word' id='word_1_53' title='bbox 764 496 867 529; x_wconf 87' lang='lat' dir='ltr'><strong>Quarta</strong></span> <span class='ocrx_word' id='word_1_54' title='bbox 887 495 1024 523; x_wconf 77' lang='lat' dir='ltr'><strong>Mercurii.</strong></span> 
     </span>
    </p>
   </div>
   <div class='ocr_carea' id='block_1_11' title="bbox 237 542 1026 578">
    <p class='ocr_par' dir='ltr' id='par_1_11' title="bbox 237 542 1026 578">
     <span class='ocr_line' id='line_1_11' title="bbox 237 542 1026 578; baseline -0.001 -9"><span class='ocrx_word' id='word_1_55' title='bbox 237 542 411 569; x_wconf 88' lang='lat' dir='ltr'><strong>Concedatur</strong></span> <span class='ocrx_word' id='word_1_56' title='bbox 426 542 499 569; x_wconf 86' lang='lat' dir='ltr'><strong>enim</strong></span> <span class='ocrx_word' id='word_1_57' title='bbox 523 542 574 570; x_wconf 87' lang='lat' dir='ltr'><strong>hoc</strong></span> <span class='ocrx_word' id='word_1_58' title='bbox 591 543 618 570; x_wconf 95' lang='lat' dir='ltr'><strong>in</strong></span> <span class='ocrx_word' id='word_1_59' title='bbox 635 550 767 578; x_wconf 61' lang='lat' dir='ltr'><strong>praisens,</strong></span> <span class='ocrx_word' id='word_1_60' title='bbox 790 551 848 570; x_wconf 89' lang='lat' dir='ltr'><strong>eam</strong></span> <span class='ocrx_word' id='word_1_61' title='bbox 867 550 929 570; x_wconf 87' lang='lat' dir='ltr'><strong>csse</strong></span> <span class='ocrx_word' id='word_1_62' title='bbox 944 550 1026 577; x_wconf 87' lang='lat' dir='ltr'><strong>quar-</strong></span> 
     </span>
    </p>
   </div>
   <div class='ocr_carea' id='block_1_12' title="bbox 237 587 1027 620">
    <p class='ocr_par' dir='ltr' id='par_1_12' title="bbox 237 587 1027 620">
     <span class='ocr_line' id='line_1_12' title="bbox 237 587 1027 620; baseline 0.001 -6"><span class='ocrx_word' id='word_1_63' title='bbox 237 592 303 615; x_wconf 90' lang='lat' dir='ltr'><strong>tam.</strong></span> <span class='ocrx_word' id='word_1_64' title='bbox 320 587 388 615; x_wconf 87' lang='lat' dir='ltr'><strong>Nam</strong></span> <span class='ocrx_word' id='word_1_65' title='bbox 405 588 439 615; x_wconf 88' lang='lat' dir='ltr'><strong>de</strong></span> <span class='ocrx_word' id='word_1_66' title='bbox 457 588 594 616; x_wconf 83' lang='lat' dir='ltr'><strong>sideribus</strong></span> <span class='ocrx_word' id='word_1_67' title='bbox 618 588 690 620; x_wconf 90' lang='lat' dir='ltr'><strong>istis,</strong></span> <span class='ocrx_word' id='word_1_68' title='bbox 711 588 857 620; x_wconf 83' lang='lat' dir='ltr'><strong>Mercurio,</strong></span> <span class='ocrx_word' id='word_1_69' title='bbox 875 587 980 616; x_wconf 75' lang='lat' dir='ltr'><strong>Venere</strong></span> <span class='ocrx_word' id='word_1_70' title='bbox 995 595 1027 615; x_wconf 87' lang='lat' dir='ltr'><strong>ac</strong></span> 
     </span>
    </p>
   </div>
   <div class='ocr_carea' id='block_1_13' title="bbox 238 634 1024 662">
    <p class='ocr_par' dir='ltr' id='par_1_13' title="bbox 238 634 1024 662">
     <span class='ocr_line' id='line_1_13' title="bbox 238 634 1024 662; baseline 0 -1"><span class='ocrx_word' id='word_1_71' title='bbox 238 634 296 661; x_wconf 87' lang='lat' dir='ltr'><strong>sole</strong></span> <span class='ocrx_word' id='word_1_72' title='bbox 330 642 384 660; x_wconf 89' lang='lat' dir='ltr'><strong>non</strong></span> <span class='ocrx_word' id='word_1_73' title='bbox 402 634 488 661; x_wconf 83' lang='lat' dir='ltr'><strong>levem</strong></span> <span class='ocrx_word' id='word_1_74' title='bbox 519 643 581 662; x_wconf 87' lang='lat' dir='ltr'><strong>esse</strong></span> <span class='ocrx_word' id='word_1_75' title='bbox 606 635 818 662; x_wconf 87' lang='lat' dir='ltr'><strong>controversiam</strong></span> <span class='ocrx_word' id='word_1_76' title='bbox 845 634 1024 662; x_wconf 86' lang='lat' dir='ltr'><strong>ostendimus.</strong></span> 
     </span>
    </p>
   </div>
   <div class='ocr_carea' id='block_1_14' title="bbox 237 671 1025 716">
    <p class='ocr_par' dir='ltr' id='par_1_14' title="bbox 237 671 1025 716">
     <span class='ocr_line' id='line_1_14' title="bbox 237 671 1025 716; baseline 0 -9"><span class='ocrx_word' id='word_1_77' title='bbox 237 680 323 716; x_wconf 76' lang='lat' dir='ltr'><strong>Igitur</strong></span> <span class='ocrx_word' id='word_1_78' title='bbox 351 680 478 708; x_wconf 74' lang='lat' dir='ltr'><strong>Mercurii</strong></span> <span class='ocrx_word' id='word_1_79' title='bbox 506 681 584 708; x_wconf 77' lang='lat' dir='ltr'><strong>stella</strong></span> <span class='ocrx_word' id='word_1_80' title='bbox 606 679 707 708; x_wconf 76' lang='lat' dir='ltr'><strong>Graecis</strong></span> <span class='ocrx_word' id='word_1_81' title='bbox 738 680 866 712; x_wconf 79' lang='grc' dir='ltr'>Στίλϐων,</span> <span class='ocrx_word' id='word_1_82' title='bbox 889 671 1025 716; x_wconf 65' lang='lat' dir='ltr'><strong>Egyptiis</strong></span> 
     </span>
    </p>
   </div>
   <div class='ocr_carea' id='block_1_15' title="bbox 237 725 1025 761">
    <p class='ocr_par' dir='ltr' id='par_1_15' title="bbox 237 725 1025 761">
     <span class='ocr_line' id='line_1_15' title="bbox 237 725 1025 761; baseline 0 -9"><span class='ocrx_word' id='word_1_83' title='bbox 237 726 370 761; x_wconf 79' lang='lat' dir='ltr'><strong>Apollinis</strong></span> <span class='ocrx_word' id='word_1_84' title='bbox 383 727 461 754; x_wconf 81' lang='lat' dir='ltr'><strong>stella</strong></span> <span class='ocrx_word' id='word_1_85' title='bbox 476 725 587 754; x_wconf 88' lang='lat' dir='ltr'><strong>dicitur.</strong></span> <span class='ocrx_word' id='word_1_86' title='bbox 605 726 706 759; x_wconf 82' lang='lat' dir='ltr'><strong>Quinta</strong></span> <span class='ocrx_word' id='word_1_87' title='bbox 721 730 764 753; x_wconf 89' lang='lat' dir='ltr'><strong>est</strong></span> <span class='ocrx_word' id='word_1_88' title='bbox 777 725 902 757; x_wconf 84' lang='lat' dir='ltr'><strong>Veneris,</strong></span> <span class='ocrx_word' id='word_1_89' title='bbox 923 725 1025 752; x_wconf 72' lang='lat' dir='ltr'><strong>Grzccis</strong></span> 
     </span>
    </p>
   </div>
   <div class='ocr_carea' id='block_1_16' title="bbox 237 770 1024 807">
    <p class='ocr_par' dir='ltr' id='par_1_16' title="bbox 237 770 1024 807">
     <span class='ocr_line' id='line_1_16' title="bbox 237 770 1024 807; baseline -0.003 -9"><span class='ocrx_word' id='word_1_90' title='bbox 237 770 357 798; x_wconf 79' lang='lat' dir='ltr'><strong>Lucifer.</strong></span> <span class='ocrx_word' id='word_1_91' title='bbox 385 771 493 799; x_wconf 83' lang='lat' dir='ltr'><strong>Primus</strong></span> <span class='ocrx_word' id='word_1_92' title='bbox 519 771 616 807; x_wconf 86' lang='lat' dir='ltr'><strong>Ibycus</strong></span> <span class='ocrx_word' id='word_1_93' title='bbox 643 771 669 797; x_wconf 93' lang='lat' dir='ltr'><strong>in</strong></span> <span class='ocrx_word' id='word_1_94' title='bbox 700 778 782 797; x_wconf 91' lang='lat' dir='ltr'><strong>unum</strong></span> <span class='ocrx_word' id='word_1_95' title='bbox 816 770 1024 805; x_wconf 79' lang='lat' dir='ltr'><strong>appellationem</strong></span> 
     </span>
    </p>
   </div>
   <div class='ocr_carea' id='block_1_17' title="bbox 237 815 1024 852">
    <p class='ocr_par' dir='ltr' id='par_1_17' title="bbox 237 815 1024 852">
     <span class='ocr_line' id='line_1_17' title="bbox 237 815 1024 852; baseline -0.001 -9"><span class='ocrx_word' id='word_1_96' title='bbox 237 817 383 843; x_wconf 80' lang='lat' dir='ltr'><strong>contraxit.</strong></span> <span class='ocrx_word' id='word_1_97' title='bbox 403 817 523 850; x_wconf 81' lang='lat' dir='ltr'><strong>Quartus</strong></span> <span class='ocrx_word' id='word_1_98' title='bbox 547 821 589 844; x_wconf 89' lang='lat' dir='ltr'><strong>est</strong></span> <span class='ocrx_word' id='word_1_99' title='bbox 608 817 650 844; x_wconf 79' lang='lat' dir='ltr'><strong>sol</strong></span> <span class='ocrx_word' id='word_1_100' title='bbox 673 816 819 852; x_wconf 65' lang='lat' dir='ltr'><strong>Egypliis.</strong></span> <span class='ocrx_word' id='word_1_101' title='bbox 843 823 924 850; x_wconf 89' lang='lat' dir='ltr'><strong>quem</strong></span> <span class='ocrx_word' id='word_1_102' title='bbox 939 815 1024 842; x_wconf 54' lang='lat' dir='ltr'><strong>Graeci</strong></span> 
     </span>
    </p>
   </div>
   <div class='ocr_carea' id='block_1_18' title="bbox 236 862 1024 898">
    <p class='ocr_par' dir='ltr' id='par_1_18' title="bbox 236 862 1024 898">
     <span class='ocr_line' id='line_1_18' title="bbox 236 862 1024 898; baseline -0.003 -8"><span class='ocrx_word' id='word_1_103' title='bbox 236 867 342 891; x_wconf 77' lang='lat' dir='ltr'><strong>sextum</strong></span> <span class='ocrx_word' id='word_1_104' title='bbox 367 869 520 891; x_wconf 85' lang='lat' dir='ltr'><strong>numerant.</strong></span> <span class='ocrx_word' id='word_1_105' title='bbox 549 863 670 898; x_wconf 88' lang='lat' dir='ltr'><strong>Septima</strong></span> <span class='ocrx_word' id='word_1_106' title='bbox 692 867 733 891; x_wconf 87' lang='lat' dir='ltr'><strong>est</strong></span> <span class='ocrx_word' id='word_1_107' title='bbox 757 863 832 889; x_wconf 85' lang='lat' dir='ltr'><strong>luna.</strong></span> <span class='ocrx_word' id='word_1_108' title='bbox 850 862 946 890; x_wconf 79' lang='lat' dir='ltr'><strong>Musici</strong></span> <span class='ocrx_word' id='word_1_109' title='bbox 961 870 1024 890; x_wconf 82' lang='lat' dir='ltr'><strong>vero</strong></span> 
     </span>
    </p>
   </div>
   <div class='ocr_carea' id='block_1_19' title="bbox 235 908 1024 943">
    <p class='ocr_par' dir='ltr' id='par_1_19' title="bbox 235 908 1024 943">
     <span class='ocr_line' id='line_1_19' title="bbox 235 908 1024 943; baseline -0.003 -7"><span class='ocrx_word' id='word_1_110' title='bbox 235 909 377 936; x_wconf 66' lang='lat' dir='ltr'><strong>zodiacum</strong></span> <span class='ocrx_word' id='word_1_111' title='bbox 400 909 546 941; x_wconf 86' lang='lat' dir='ltr'><strong>circulum,</strong></span> <span class='ocrx_word' id='word_1_112' title='bbox 566 913 596 936; x_wconf 91' lang='lat' dir='ltr'><strong>ut</strong></span> <span class='ocrx_word' id='word_1_113' title='bbox 622 909 649 936; x_wconf 92' lang='lat' dir='ltr'><strong>in</strong></span> <span class='ocrx_word' id='word_1_114' title='bbox 677 908 830 941; x_wconf 87' lang='lat' dir='ltr'><strong>harmonia,</strong></span> <span class='ocrx_word' id='word_1_115' title='bbox 857 908 962 943; x_wconf 71' lang='lat' dir='ltr'><strong>ﬁngunt</strong></span> <span class='ocrx_word' id='word_1_116' title='bbox 981 915 1024 935; x_wconf 90' lang='lat' dir='ltr'><strong>ra-</strong></span> 
     </span>
    </p>
   </div>
   <div class='ocr_carea' id='block_1_20' title="bbox 1085 309 1858 346">
    <p class='ocr_par' dir='ltr' id='par_1_20' title="bbox 1085 309 1858 346">
     <span class='ocr_line' id='line_1_20' title="bbox 1085 309 1858 346; baseline -0.001 -9"><span class='ocrx_word' id='word_1_117' title='bbox 1085 311 1165 338; x_wconf 75' lang='grc' dir='ltr'>’Λλλὰ</span> <span class='ocrx_word' id='word_1_118' title='bbox 1176 310 1241 346; x_wconf 87' lang='grc' dir='ltr'>παρ’</span> <span class='ocrx_word' id='word_1_119' title='bbox 1248 310 1360 345; x_wconf 85' lang='grc' dir='ltr'>Ἕλλησι</span> <span class='ocrx_word' id='word_1_120' title='bbox 1370 309 1419 345; x_wconf 81' lang='grc' dir='ltr'>μὲν</span> <span class='ocrx_word' id='word_1_121' title='bbox 1429 309 1535 336; x_wconf 78' lang='grc' dir='ltr'><strong>κατὰτὸ</strong></span> <span class='ocrx_word' id='word_1_122' title='bbox 1542 310 1611 344; x_wconf 74' lang='grc' dir='ltr'>εὔφη</span> <span class='ocrx_word' id='word_1_123' title='bbox 1616 318 1664 345; x_wconf 87' lang='grc' dir='ltr'>μον</span> <span class='ocrx_word' id='word_1_124' title='bbox 1669 309 1777 344; x_wconf 87' lang='grc' dir='ltr'>λέγεται</span> <span class='ocrx_word' id='word_1_125' title='bbox 1784 309 1858 342; x_wconf 80' lang='grc' dir='ltr'><strong>οὓτω,</strong></span> 
     </span>
    </p>
   </div>
   <div class='ocr_carea' id='block_1_21' title="bbox 1080 355 1858 393">
    <p class='ocr_par' dir='ltr' id='par_1_21' title="bbox 1080 355 1858 393">
     <span class='ocr_line' id='line_1_21' title="bbox 1080 355 1858 393; baseline -0.001 -9"><span class='ocrx_word' id='word_1_126' title='bbox 1080 357 1155 393; x_wconf 80' lang='grc' dir='ltr'>παρὰ</span> <span class='ocrx_word' id='word_1_127' title='bbox 1171 357 1199 384; x_wconf 81' lang='grc' dir='ltr'>δὲ</span> <span class='ocrx_word' id='word_1_128' title='bbox 1225 356 1383 391; x_wconf 78' lang='grc' dir='ltr'><strong>Αἰγυπτίοις</strong></span> <span class='ocrx_word' id='word_1_129' title='bbox 1411 355 1556 391; x_wconf 88' lang='grc' dir='ltr'>Νεμέσεως</span> <span class='ocrx_word' id='word_1_130' title='bbox 1582 356 1680 391; x_wconf 81' lang='grc' dir='ltr'>ἀστήρ.</span> <span class='ocrx_word' id='word_1_131' title='bbox 1703 356 1830 392; x_wconf 83' lang='grc' dir='ltr'><strong>Δεύτερος</strong></span> <span class='ocrx_word' id='word_1_132' title='bbox 1845 358 1858 383; x_wconf 91' lang='lat'><strong>6</strong></span> 
     </span>
    </p>
   </div>
   <div class='ocr_carea' id='block_1_22' title="bbox 1079 401 1859 437">
    <p class='ocr_par' dir='ltr' id='par_1_22' title="bbox 1079 401 1859 437">
     <span class='ocr_line' id='line_1_22' title="bbox 1079 401 1859 437; baseline 0 -8"><span class='ocrx_word' id='word_1_133' title='bbox 1079 403 1139 434; x_wconf 85' lang='grc' dir='ltr'>Διὸς</span> <span class='ocrx_word' id='word_1_134' title='bbox 1147 402 1207 429; x_wconf 86' lang='grc' dir='ltr'>καθ’</span> <span class='ocrx_word' id='word_1_135' title='bbox 1218 402 1350 437; x_wconf 85' lang='grc' dir='ltr'>’Έλληνας</span> <span class='ocrx_word' id='word_1_136' title='bbox 1360 401 1468 429; x_wconf 77' lang='grc' dir='ltr'>Φαέθων</span> <span class='ocrx_word' id='word_1_137' title='bbox 1478 410 1485 416; x_wconf 95' lang='grc'><strong>·</strong></span> <span class='ocrx_word' id='word_1_138' title='bbox 1500 401 1572 428; x_wconf 82' lang='grc' dir='ltr'>κατὰ</span> <span class='ocrx_word' id='word_1_139' title='bbox 1581 401 1610 428; x_wconf 75' lang='grc' dir='ltr'>δὲ</span> <span class='ocrx_word' id='word_1_140' title='bbox 1620 401 1784 437; x_wconf 69' lang='grc' dir='ltr'>Αἰγυπτίους</span> <span class='ocrx_word' id='word_1_141' title='bbox 1798 403 1859 430; x_wconf 71' lang='grc' dir='ltr'>Ὀσί-</span> 
     </span>
    </p>
   </div>
   <div class='ocr_carea' id='block_1_23' title="bbox 1081 447 1858 484">
    <p class='ocr_par' dir='ltr' id='par_1_23' title="bbox 1081 447 1858 484">
     <span class='ocr_line' id='line_1_23' title="bbox 1081 447 1858 484; baseline 0 -9"><span class='ocrx_word' id='word_1_142' title='bbox 1081 449 1151 484; x_wconf 85' lang='grc' dir='ltr'>ριδος</span> <span class='ocrx_word' id='word_1_143' title='bbox 1160 449 1258 484; x_wconf 87' lang='grc' dir='ltr'>ἀστήρ.</span> <span class='ocrx_word' id='word_1_144' title='bbox 1273 448 1369 484; x_wconf 84' lang='grc' dir='ltr'>Τρίτος</span> <span class='ocrx_word' id='word_1_145' title='bbox 1381 449 1396 474; x_wconf 93' lang='lat'><strong>6</strong></span> <span class='ocrx_word' id='word_1_146' title='bbox 1411 447 1458 476; x_wconf 75' lang='grc' dir='ltr'><strong>τοῦ</strong></span> <span class='ocrx_word' id='word_1_147' title='bbox 1473 448 1577 484; x_wconf 72' lang='grc' dir='ltr'>Ἄρεως</span> <span class='ocrx_word' id='word_1_148' title='bbox 1592 448 1667 483; x_wconf 81' lang='grc' dir='ltr'>παρὰ</span> <span class='ocrx_word' id='word_1_149' title='bbox 1680 448 1732 484; x_wconf 86' lang='grc' dir='ltr'><strong>μὲν</strong></span> <span class='ocrx_word' id='word_1_150' title='bbox 1750 449 1858 484; x_wconf 80' lang='grc' dir='ltr'>Ἕλλησι</span> 
     </span>
    </p>
   </div>
   <div class='ocr_carea' id='block_1_24' title="bbox 1080 495 1856 531">
    <p class='ocr_par' dir='ltr' id='par_1_24' title="bbox 1080 495 1856 531">
     <span class='ocr_line' id='line_1_24' title="bbox 1080 495 1856 531; baseline -0.001 -9"><span class='ocrx_word' id='word_1_151' title='bbox 1080 496 1210 531; x_wconf 86' lang='grc' dir='ltr'>Πυρόεις·</span> <span class='ocrx_word' id='word_1_152' title='bbox 1237 495 1312 531; x_wconf 84' lang='grc' dir='ltr'>παρὰ</span> <span class='ocrx_word' id='word_1_153' title='bbox 1337 496 1366 522; x_wconf 83' lang='grc' dir='ltr'>δὲ</span> <span class='ocrx_word' id='word_1_154' title='bbox 1389 495 1549 529; x_wconf 70' lang='grc' dir='ltr'><strong>Αἰγυπτίοις</strong></span> <span class='ocrx_word' id='word_1_155' title='bbox 1577 495 1743 530; x_wconf 73' lang='grc' dir='ltr'><strong>Ἡρακλέους</strong></span> <span class='ocrx_word' id='word_1_156' title='bbox 1764 496 1856 531; x_wconf 76' lang='grc' dir='ltr'>ἀστήρ.</span> 
     </span>
    </p>
   </div>
   <div class='ocr_carea' id='block_1_25' title="bbox 1079 541 1857 578">
    <p class='ocr_par' dir='ltr' id='par_1_25' title="bbox 1079 541 1857 578">
     <span class='ocr_line' id='line_1_25' title="bbox 1079 541 1857 578; baseline 0 -10"><span class='ocrx_word' id='word_1_157' title='bbox 1079 541 1213 578; x_wconf 81' lang='grc' dir='ltr'><strong>Τέταρτος</strong></span> <span class='ocrx_word' id='word_1_158' title='bbox 1230 543 1244 569; x_wconf 91' lang='lat'><strong>6</strong></span> <span class='ocrx_word' id='word_1_159' title='bbox 1260 541 1306 568; x_wconf 82' lang='grc' dir='ltr'>τοῦ</span> <span class='ocrx_word' id='word_1_160' title='bbox 1325 542 1425 577; x_wconf 82' lang='grc' dir='ltr'>Ἑρμοῦ</span> <span class='ocrx_word' id='word_1_161' title='bbox 1435 550 1442 557; x_wconf 91' lang='grc'>·</span> <span class='ocrx_word' id='word_1_162' title='bbox 1457 542 1573 568; x_wconf 83' lang='grc' dir='ltr'><strong>δεδόσθω</strong></span> <span class='ocrx_word' id='word_1_163' title='bbox 1595 542 1650 577; x_wconf 82' lang='grc' dir='ltr'><strong>γὰρ</strong></span> <span class='ocrx_word' id='word_1_164' title='bbox 1672 541 1720 568; x_wconf 79' lang='grc' dir='ltr'>νῦν</span> <span class='ocrx_word' id='word_1_165' title='bbox 1734 542 1857 578; x_wconf 79' lang='grc' dir='ltr'>τέταρτον</span> 
     </span>
    </p>
   </div>
   <div class='ocr_carea' id='block_1_26' title="bbox 1078 587 1858 625">
    <p class='ocr_par' dir='ltr' id='par_1_26' title="bbox 1078 587 1858 625">
     <span class='ocr_line' id='line_1_26' title="bbox 1078 587 1858 625; baseline 0.003 -11"><span class='ocrx_word' id='word_1_166' title='bbox 1078 589 1159 614; x_wconf 76' lang='grc' dir='ltr'>αὑτὸν</span> <span class='ocrx_word' id='word_1_167' title='bbox 1176 587 1255 615; x_wconf 79' lang='grc' dir='ltr'>εἶναι.</span> <span class='ocrx_word' id='word_1_168' title='bbox 1274 589 1386 624; x_wconf 81' lang='grc' dir='ltr'><strong>Εἴρηται</strong></span> <span class='ocrx_word' id='word_1_169' title='bbox 1408 588 1472 624; x_wconf 81' lang='grc' dir='ltr'>γὰρ,</span> <span class='ocrx_word' id='word_1_170' title='bbox 1496 589 1538 615; x_wconf 84' lang='grc' dir='ltr'><strong>ὅτι</strong></span> <span class='ocrx_word' id='word_1_171' title='bbox 1552 589 1684 623; x_wconf 78' lang='grc' dir='ltr'><strong>διαφωνία</strong></span> <span class='ocrx_word' id='word_1_172' title='bbox 1703 589 1786 625; x_wconf 79' lang='grc' dir='ltr'>πολλὴ</span> <span class='ocrx_word' id='word_1_173' title='bbox 1799 590 1858 625; x_wconf 66' lang='grc' dir='ltr'>πρὶ</span> 
     </span>
    </p>
   </div>
   <div class='ocr_carea' id='block_1_27' title="bbox 1065 633 1857 671">
    <p class='ocr_par' dir='ltr' id='par_1_27' title="bbox 1065 633 1857 671">
     <span class='ocr_line' id='line_1_27' title="bbox 1065 633 1857 671; baseline 0.003 -11"><span class='ocrx_word' id='word_1_174' title='bbox 1065 633 1131 660; x_wconf 78' lang='grc' dir='ltr'><strong>’τῶν</strong></span> <span class='ocrx_word' id='word_1_175' title='bbox 1145 634 1267 670; x_wconf 82' lang='grc' dir='ltr'><strong>ἀστέρων</strong></span> <span class='ocrx_word' id='word_1_176' title='bbox 1288 634 1389 661; x_wconf 81' lang='grc' dir='ltr'>τούτων</span> <span class='ocrx_word' id='word_1_177' title='bbox 1399 635 1482 666; x_wconf 77' lang='grc' dir='ltr'><strong>ἐστὶν,</strong></span> <span class='ocrx_word' id='word_1_178' title='bbox 1501 634 1612 669; x_wconf 82' lang='grc' dir='ltr'><strong>Ἑρμοῦ,</strong></span> <span class='ocrx_word' id='word_1_179' title='bbox 1624 635 1671 661; x_wconf 78' lang='grc' dir='ltr'>καὶ</span> <span class='ocrx_word' id='word_1_180' title='bbox 1693 635 1857 671; x_wconf 80' lang='grc' dir='ltr'>Ἀφροδίτης,</span> 
     </span>
    </p>
   </div>
   <div class='ocr_carea' id='block_1_28' title="bbox 1078 679 1859 717">
    <p class='ocr_par' dir='ltr' id='par_1_28' title="bbox 1078 679 1859 717">
     <span class='ocr_line' id='line_1_28' title="bbox 1078 679 1859 717; baseline 0.005 -13"><span class='ocrx_word' id='word_1_181' title='bbox 1078 679 1125 705; x_wconf 75' lang='grc' dir='ltr'>καὶ</span> <span class='ocrx_word' id='word_1_182' title='bbox 1150 679 1236 714; x_wconf 82' lang='grc' dir='ltr'>ἡλίου.</span> <span class='ocrx_word' id='word_1_183' title='bbox 1260 680 1288 705; x_wconf 93' lang='lat'><strong>&#39;0</strong></span> <span class='ocrx_word' id='word_1_184' title='bbox 1310 679 1400 706; x_wconf 84' lang='grc' dir='ltr'>τοίνυν</span> <span class='ocrx_word' id='word_1_185' title='bbox 1419 679 1520 715; x_wconf 86' lang='grc' dir='ltr'><strong>Ἑρμοῦ</strong></span> <span class='ocrx_word' id='word_1_186' title='bbox 1541 680 1628 716; x_wconf 80' lang='grc' dir='ltr'>ἀστὴρ</span> <span class='ocrx_word' id='word_1_187' title='bbox 1642 681 1764 708; x_wconf 83' lang='grc' dir='ltr'>καλεῖται</span> <span class='ocrx_word' id='word_1_188' title='bbox 1787 682 1859 717; x_wconf 78' lang='grc' dir='ltr'>παρὰ</span> 
     </span>
    </p>
   </div>
   <div class='ocr_carea' id='block_1_29' title="bbox 1079 723 1859 762">
    <p class='ocr_par' dir='ltr' id='par_1_29' title="bbox 1079 723 1859 762">
     <span class='ocr_line' id='line_1_29' title="bbox 1079 723 1859 762; baseline 0.005 -11"><span class='ocrx_word' id='word_1_189' title='bbox 1079 723 1256 760; x_wconf 77' lang='grc' dir='ltr'>μὲνἜλλησι</span> <span class='ocrx_word' id='word_1_190' title='bbox 1272 725 1400 758; x_wconf 78' lang='grc' dir='ltr'>Στίλϐων,</span> <span class='ocrx_word' id='word_1_191' title='bbox 1420 725 1495 762; x_wconf 80' lang='grc' dir='ltr'>παρὰ</span> <span class='ocrx_word' id='word_1_192' title='bbox 1509 726 1539 752; x_wconf 78' lang='grc' dir='ltr'>δὲ</span> <span class='ocrx_word' id='word_1_193' title='bbox 1553 726 1712 761; x_wconf 77' lang='grc' dir='ltr'>Αίγυτιτίοις</span> <span class='ocrx_word' id='word_1_194' title='bbox 1732 727 1859 755; x_wconf 74' lang='grc' dir='ltr'>Ἀπόλλω-</span> 
     </span>
    </p>
   </div>
   <div class='ocr_carea' id='block_1_30' title="bbox 1077 771 1859 810">
    <p class='ocr_par' dir='ltr' id='par_1_30' title="bbox 1077 771 1859 810">
     <span class='ocr_line' id='line_1_30' title="bbox 1077 771 1859 810; baseline 0.006 -14"><span class='ocrx_word' id='word_1_195' title='bbox 1077 778 1121 802; x_wconf 88' lang='grc' dir='ltr'><strong>νος</strong></span> <span class='ocrx_word' id='word_1_196' title='bbox 1141 771 1237 807; x_wconf 82' lang='grc' dir='ltr'>ἀστήρ.</span> <span class='ocrx_word' id='word_1_197' title='bbox 1264 771 1392 807; x_wconf 79' lang='grc' dir='ltr'><strong>Πέμπτος</strong></span> <span class='ocrx_word' id='word_1_198' title='bbox 1414 773 1428 798; x_wconf 98' lang='lat'><strong>6</strong></span> <span class='ocrx_word' id='word_1_199' title='bbox 1453 772 1502 806; x_wconf 84' lang='grc' dir='ltr'>τῆς</span> <span class='ocrx_word' id='word_1_200' title='bbox 1529 772 1690 808; x_wconf 74' lang='grc' dir='ltr'>Ἀφροδίτης</span> <span class='ocrx_word' id='word_1_201' title='bbox 1712 774 1786 810; x_wconf 79' lang='grc' dir='ltr'>παρὰ</span> <span class='ocrx_word' id='word_1_202' title='bbox 1814 775 1859 810; x_wconf 79' lang='grc' dir='ltr'><strong>μὲν</strong></span> 
     </span>
    </p>
   </div>
   <div class='ocr_carea' id='block_1_31' title="bbox 1077 816 1860 858">
    <p class='ocr_par' dir='ltr' id='par_1_31' title="bbox 1077 816 1860 858">
     <span class='ocr_line' id='line_1_31' title="bbox 1077 816 1860 858; baseline 0.006 -16"><span class='ocrx_word' id='word_1_203' title='bbox 1077 816 1205 852; x_wconf 84' lang='grc' dir='ltr'>Ἕλλησιν</span> <span class='ocrx_word' id='word_1_204' title='bbox 1242 817 1404 853; x_wconf 84' lang='grc' dir='ltr'>Ἑωσφόρος.</span> <span class='ocrx_word' id='word_1_205' title='bbox 1433 817 1545 853; x_wconf 84' lang='grc' dir='ltr'>Πρῶτος</span> <span class='ocrx_word' id='word_1_206' title='bbox 1573 818 1601 845; x_wconf 84' lang='grc' dir='ltr'>δὲ</span> <span class='ocrx_word' id='word_1_207' title='bbox 1626 818 1733 851; x_wconf 76' lang='grc' dir='ltr'>Ἴϐυκος</span> <span class='ocrx_word' id='word_1_208' title='bbox 1754 820 1795 852; x_wconf 83' lang='grc' dir='ltr'><strong>είς</strong></span> <span class='ocrx_word' id='word_1_209' title='bbox 1815 821 1860 858; x_wconf 66' lang='grc' dir='ltr'>ἕνα</span> 
     </span>
    </p>
   </div>
   <div class='ocr_carea' id='block_1_32' title="bbox 1078 863 1861 902">
    <p class='ocr_par' dir='ltr' id='par_1_32' title="bbox 1078 863 1861 902">
     <span class='ocr_line' id='line_1_32' title="bbox 1078 863 1861 902; baseline 0.006 -13"><span class='ocrx_word' id='word_1_210' title='bbox 1078 863 1229 890; x_wconf 84' lang='grc' dir='ltr'><strong>συνέστειλε</strong></span> <span class='ocrx_word' id='word_1_211' title='bbox 1248 863 1297 895; x_wconf 76' lang='grc' dir='ltr'><strong>τὰς</strong></span> <span class='ocrx_word' id='word_1_212' title='bbox 1324 865 1519 900; x_wconf 78' lang='grc' dir='ltr'>προσηγορίας.</span> <span class='ocrx_word' id='word_1_213' title='bbox 1549 865 1684 900; x_wconf 81' lang='grc' dir='ltr'><strong>Τέταρτος</strong></span> <span class='ocrx_word' id='word_1_214' title='bbox 1709 866 1740 893; x_wconf 82' lang='grc' dir='ltr'>δὲ</span> <span class='ocrx_word' id='word_1_215' title='bbox 1759 868 1773 893; x_wconf 92' lang='lat'><strong>6</strong></span> <span class='ocrx_word' id='word_1_216' title='bbox 1789 867 1861 902; x_wconf 72' lang='grc' dir='ltr'>ἥλιος</span> 
     </span>
    </p>
   </div>
   <div class='ocr_carea' id='block_1_33' title="bbox 1077 908 1861 947">
    <p class='ocr_par' dir='ltr' id='par_1_33' title="bbox 1077 908 1861 947">
     <span class='ocr_line' id='line_1_33' title="bbox 1077 908 1861 947; baseline 0.008 -14"><span class='ocrx_word' id='word_1_217' title='bbox 1077 909 1135 934; x_wconf 78' lang='grc' dir='ltr'>κατ’</span> <span class='ocrx_word' id='word_1_218' title='bbox 1152 909 1327 942; x_wconf 81' lang='grc' dir='ltr'>Αίγυπτίους,</span> <span class='ocrx_word' id='word_1_219' title='bbox 1346 908 1424 939; x_wconf 74' lang='grc' dir='ltr'>ἕκτος</span> <span class='ocrx_word' id='word_1_220' title='bbox 1439 908 1467 935; x_wconf 84' lang='grc' dir='ltr'>δὲ</span> <span class='ocrx_word' id='word_1_221' title='bbox 1487 908 1548 935; x_wconf 71' lang='grc' dir='ltr'>καθ’</span> <span class='ocrx_word' id='word_1_222' title='bbox 1565 909 1708 945; x_wconf 85' lang='grc' dir='ltr'>Ἕλληνας.</span> <span class='ocrx_word' id='word_1_223' title='bbox 1730 911 1861 947; x_wconf 78' lang='grc' dir='ltr'>Ἕὸδομος</span> 
     </span>
    </p>
   </div>
   <div class='ocr_carea' id='block_1_34' title="bbox 235 943 1020 990">
    <p class='ocr_par' dir='ltr' id='par_1_34' title="bbox 235 953 1020 990">
     <span class='ocr_line' id='line_1_34' title="bbox 235 953 1020 990; baseline -0.001 -9"><span class='ocrx_word' id='word_1_224' title='bbox 235 955 339 982; x_wconf 85' lang='lat' dir='ltr'><strong>tionem</strong></span> <span class='ocrx_word' id='word_1_225' title='bbox 363 954 464 982; x_wconf 89' lang='lat' dir='ltr'><strong>habere</strong></span> <span class='ocrx_word' id='word_1_226' title='bbox 492 954 626 990; x_wconf 78' lang='lat' dir='ltr'><strong>phthongi</strong></span> <span class='ocrx_word' id='word_1_227' title='bbox 651 954 811 981; x_wconf 85' lang='lat' dir='ltr'><strong>chromatici</strong></span> <span class='ocrx_word' id='word_1_228' title='bbox 835 954 942 988; x_wconf 78' lang='lat' dir='ltr'><strong>generis</strong></span> <span class='ocrx_word' id='word_1_229' title='bbox 968 953 1020 980; x_wconf 90' lang='lat' dir='ltr'><strong>dis-</strong></span> 
     </span>
    </p>
   </div>
   <div class='ocr_carea' id='block_1_35' title="bbox 1081 943 1860 990">
    <p class='ocr_par' dir='ltr' id='par_1_35' title="bbox 1081 943 1860 990">
     <span class='ocr_line' id='line_1_35' title="bbox 1081 943 1860 990; baseline 0.006 -10"><span class='ocrx_word' id='word_1_230' title='bbox 1081 953 1103 980; x_wconf 74' lang='lat'><strong>5.‘:</strong></span> <span class='ocrx_word' id='word_1_231' title='bbox 1130 955 1144 981; x_wconf 87' lang='lat'><strong>6</strong></span> <span class='ocrx_word' id='word_1_232' title='bbox 1167 955 1216 990; x_wconf 85' lang='grc' dir='ltr'>τῆς</span> <span class='ocrx_word' id='word_1_233' title='bbox 1240 954 1363 990; x_wconf 84' lang='grc' dir='ltr'><strong>σελήνης.</strong></span> <span class='ocrx_word' id='word_1_234' title='bbox 1384 956 1414 982; x_wconf 75' lang='lat' dir='ltr'><strong>Ol</strong></span> <span class='ocrx_word' id='word_1_235' title='bbox 1434 955 1462 981; x_wconf 83' lang='grc' dir='ltr'>δὲ</span> <span class='ocrx_word' id='word_1_236' title='bbox 1481 956 1606 990; x_wconf 82' lang='grc' dir='ltr'>μουσικοὶ</span> <span class='ocrx_word' id='word_1_237' title='bbox 1626 943 1860 985; x_wconf 73' lang='grc' dir='ltr'>ὑποτίθενται</span> 
     </span>
    </p>
   </div>
   <div class='ocr_carea' id='block_1_36' title="bbox 233 999 1023 1035">
    <p class='ocr_par' dir='ltr' id='par_1_36' title="bbox 233 999 1023 1035">
     <span class='ocr_line' id='line_1_36' title="bbox 233 999 1023 1035; baseline 0 -8"><span class='ocrx_word' id='word_1_238' title='bbox 233 1001 333 1035; x_wconf 82' lang='lat' dir='ltr'><strong>juncti,</strong></span> <span class='ocrx_word' id='word_1_239' title='bbox 350 999 462 1027; x_wconf 88' lang='lat' dir='ltr'><strong>Saturni</strong></span> <span class='ocrx_word' id='word_1_240' title='bbox 485 1000 590 1028; x_wconf 85' lang='lat' dir='ltr'><strong>stellam</strong></span> <span class='ocrx_word' id='word_1_241' title='bbox 616 1000 750 1027; x_wconf 88' lang='lat' dir='ltr'><strong>rationem</strong></span> <span class='ocrx_word' id='word_1_242' title='bbox 775 1000 899 1027; x_wconf 87' lang='lat' dir='ltr'><strong>obtinere</strong></span> <span class='ocrx_word' id='word_1_243' title='bbox 913 1000 1023 1028; x_wconf 84' lang='lat' dir='ltr'><strong>harmo-</strong></span> 
     </span>
    </p>
   </div>
   <div class='ocr_carea' id='block_1_37' title="bbox 235 1043 1023 1081">
    <p class='ocr_par' dir='ltr' id='par_1_37' title="bbox 235 1043 1023 1081">
     <span class='ocr_line' id='line_1_37' title="bbox 235 1043 1023 1081; baseline -0.001 -8"><span class='ocrx_word' id='word_1_244' title='bbox 235 1047 304 1073; x_wconf 72' lang='lat' dir='ltr'><strong>nicm</strong></span> <span class='ocrx_word' id='word_1_245' title='bbox 323 1046 501 1081; x_wconf 86' lang='lat' dir='ltr'><strong>disjunctam,</strong></span> <span class='ocrx_word' id='word_1_246' title='bbox 515 1046 576 1073; x_wconf 71' lang='grc' dir='ltr'><strong>Ιονὶ</strong></span> <span class='ocrx_word' id='word_1_247' title='bbox 591 1046 716 1073; x_wconf 89' lang='lat' dir='ltr'><strong>ordinem</strong></span> <span class='ocrx_word' id='word_1_248' title='bbox 730 1043 854 1073; x_wconf 69' lang='lat' dir='ltr'><strong>tribuunt</strong></span> <span class='ocrx_word' id='word_1_249' title='bbox 869 1046 896 1073; x_wconf 95' lang='lat' dir='ltr'><strong>in</strong></span> <span class='ocrx_word' id='word_1_250' title='bbox 909 1046 1023 1073; x_wconf 85' lang='lat' dir='ltr'><strong>musicis</strong></span> 
     </span>
    </p>
   </div>
   <div class='ocr_carea' id='block_1_38' title="bbox 234 1090 1023 1128">
    <p class='ocr_par' dir='ltr' id='par_1_38' title="bbox 234 1090 1023 1128">
     <span class='ocr_line' id='line_1_38' title="bbox 234 1090 1023 1128; baseline -0.004 -9"><span class='ocrx_word' id='word_1_251' title='bbox 234 1092 377 1128; x_wconf 76' lang='lat' dir='ltr'><strong>plitliongi,</strong></span> <span class='ocrx_word' id='word_1_252' title='bbox 390 1099 470 1128; x_wconf 84' lang='lat' dir='ltr'><strong>quem</strong></span> <span class='ocrx_word' id='word_1_253' title='bbox 485 1091 627 1119; x_wconf 90' lang='lat' dir='ltr'><strong>diatonum</strong></span> <span class='ocrx_word' id='word_1_254' title='bbox 639 1091 805 1125; x_wconf 85' lang='lat' dir='ltr'><strong>disjunctum</strong></span> <span class='ocrx_word' id='word_1_255' title='bbox 817 1094 927 1121; x_wconf 83' lang='lat' dir='ltr'><strong>vocant.</strong></span> <span class='ocrx_word' id='word_1_256' title='bbox 945 1090 1023 1117; x_wconf 79' lang='lat' dir='ltr'><strong>Marti</strong></span> 
     </span>
    </p>
   </div>
   <div class='ocr_carea' id='block_1_39' title="bbox 234 1135 1023 1172">
    <p class='ocr_par' dir='ltr' id='par_1_39' title="bbox 234 1135 1023 1172">
     <span class='ocr_line' id='line_1_39' title="bbox 234 1135 1023 1172; baseline -0.004 -7"><span class='ocrx_word' id='word_1_257' title='bbox 234 1146 310 1170; x_wconf 86' lang='lat' dir='ltr'><strong>vero,</strong></span> <span class='ocrx_word' id='word_1_258' title='bbox 326 1138 397 1172; x_wconf 82' lang='lat' dir='ltr'><strong>ejus,</strong></span> <span class='ocrx_word' id='word_1_259' title='bbox 413 1145 492 1172; x_wconf 89' lang='lat' dir='ltr'><strong>quem</strong></span> <span class='ocrx_word' id='word_1_260' title='bbox 509 1144 671 1172; x_wconf 83' lang='lat' dir='ltr'><strong>paramesen</strong></span> <span class='ocrx_word' id='word_1_261' title='bbox 687 1137 838 1163; x_wconf 86' lang='lat' dir='ltr'><strong>nominant.</strong></span> <span class='ocrx_word' id='word_1_262' title='bbox 854 1136 899 1163; x_wconf 86' lang='lat' dir='ltr'><strong>Sic</strong></span> <span class='ocrx_word' id='word_1_263' title='bbox 918 1135 1023 1162; x_wconf 85' lang='lat' dir='ltr'><strong>Mercu-</strong></span> 
     </span>
    </p>
   </div>
   <div class='ocr_carea' id='block_1_40' title="bbox 234 1181 1022 1217">
    <p class='ocr_par' dir='ltr' id='par_1_40' title="bbox 234 1181 1022 1217">
     <span class='ocr_line' id='line_1_40' title="bbox 234 1181 1022 1217; baseline -0.005 -6"><span class='ocrx_word' id='word_1_264' title='bbox 234 1184 292 1211; x_wconf 90' lang='lat' dir='ltr'><strong>rius</strong></span> <span class='ocrx_word' id='word_1_265' title='bbox 317 1184 346 1211; x_wconf 89' lang='lat' dir='ltr'><strong>in</strong></span> <span class='ocrx_word' id='word_1_266' title='bbox 369 1183 464 1211; x_wconf 88' lang='lat' dir='ltr'><strong>eadem</strong></span> <span class='ocrx_word' id='word_1_267' title='bbox 493 1183 597 1211; x_wconf 88' lang='lat' dir='ltr'><strong>musica</strong></span> <span class='ocrx_word' id='word_1_268' title='bbox 622 1182 789 1217; x_wconf 79' lang='lat' dir='ltr'><strong>phlhongum</strong></span> <span class='ocrx_word' id='word_1_269' title='bbox 812 1182 863 1209; x_wconf 88' lang='lat' dir='ltr'><strong>sibi</strong></span> <span class='ocrx_word' id='word_1_270' title='bbox 892 1181 1022 1213; x_wconf 81' lang='lat' dir='ltr'><strong>vindicat,</strong></span> 
     </span>
    </p>
   </div>
   <div class='ocr_carea' id='block_1_41' title="bbox 233 1227 1021 1265">
    <p class='ocr_par' dir='ltr' id='par_1_41' title="bbox 233 1227 1021 1265">
     <span class='ocr_line' id='line_1_41' title="bbox 233 1227 1021 1265; baseline -0.005 -7"><span class='ocrx_word' id='word_1_271' title='bbox 233 1231 279 1265; x_wconf 88' lang='lat' dir='ltr'><strong>qui</strong></span> <span class='ocrx_word' id='word_1_272' title='bbox 310 1238 399 1258; x_wconf 85' lang='lat' dir='ltr'><strong>meses</strong></span> <span class='ocrx_word' id='word_1_273' title='bbox 425 1235 547 1257; x_wconf 85' lang='lat' dir='ltr'><strong>vocatur.</strong></span> <span class='ocrx_word' id='word_1_274' title='bbox 573 1229 639 1256; x_wconf 82' lang='lat' dir='ltr'><strong>Nam</strong></span> <span class='ocrx_word' id='word_1_275' title='bbox 658 1228 771 1256; x_wconf 83' lang='lat' dir='ltr'><strong>Veneris</strong></span> <span class='ocrx_word' id='word_1_276' title='bbox 801 1228 878 1256; x_wconf 84' lang='lat' dir='ltr'><strong>stella</strong></span> <span class='ocrx_word' id='word_1_277' title='bbox 903 1227 1021 1255; x_wconf 90' lang='lat' dir='ltr'><strong>medium</strong></span> 
     </span>
    </p>
   </div>
   <div class='ocr_carea' id='block_1_42' title="bbox 233 1275 1020 1310">
    <p class='ocr_par' dir='ltr' id='par_1_42' title="bbox 233 1275 1020 1310">
     <span class='ocr_line' id='line_1_42' title="bbox 233 1275 1020 1310; baseline -0.004 -7"><span class='ocrx_word' id='word_1_278' title='bbox 233 1277 363 1304; x_wconf 86' lang='lat' dir='ltr'><strong>diatonon</strong></span> <span class='ocrx_word' id='word_1_279' title='bbox 380 1280 463 1304; x_wconf 76' lang='lat' dir='ltr'><strong>tenet.</strong></span> <span class='ocrx_word' id='word_1_280' title='bbox 485 1275 532 1303; x_wconf 89' lang='lat' dir='ltr'><strong>Sol</strong></span> <span class='ocrx_word' id='word_1_281' title='bbox 555 1276 608 1303; x_wconf 87' lang='lat' dir='ltr'><strong>nisi</strong></span> <span class='ocrx_word' id='word_1_282' title='bbox 623 1279 738 1310; x_wconf 84' lang='lat' dir='ltr'><strong>quartus</strong></span> <span class='ocrx_word' id='word_1_283' title='bbox 757 1278 810 1306; x_wconf 87' lang='lat' dir='ltr'><strong>est,</strong></span> <span class='ocrx_word' id='word_1_284' title='bbox 836 1275 884 1301; x_wconf 90' lang='lat' dir='ltr'><strong>sed</strong></span> <span class='ocrx_word' id='word_1_285' title='bbox 907 1277 1020 1307; x_wconf 84' lang='lat' dir='ltr'><strong>sextus;</strong></span> 
     </span>
    </p>
   </div>
   <div class='ocr_carea' id='block_1_43' title="bbox 232 1320 1019 1356">
    <p class='ocr_par' dir='ltr' id='par_1_43' title="bbox 232 1320 1019 1356">
     <span class='ocr_line' id='line_1_43' title="bbox 232 1320 1019 1356; baseline -0.005 -6"><span class='ocrx_word' id='word_1_286' title='bbox 232 1323 314 1350; x_wconf 88' lang='lat' dir='ltr'><strong>medii</strong></span> <span class='ocrx_word' id='word_1_287' title='bbox 335 1323 438 1350; x_wconf 79' lang='lat' dir='ltr'><strong>lieliaui</strong></span> <span class='ocrx_word' id='word_1_288' title='bbox 464 1323 552 1350; x_wconf 90' lang='lat' dir='ltr'><strong>instar</strong></span> <span class='ocrx_word' id='word_1_289' title='bbox 571 1323 632 1350; x_wconf 90' lang='lat' dir='ltr'><strong>erit.</strong></span> <span class='ocrx_word' id='word_1_290' title='bbox 649 1321 736 1353; x_wconf 82' lang='lat' dir='ltr'><strong>Luna,</strong></span> <span class='ocrx_word' id='word_1_291' title='bbox 754 1329 815 1356; x_wconf 65' lang='lat' dir='ltr'><strong>qua:</strong></span> <span class='ocrx_word' id='word_1_292' title='bbox 837 1320 952 1355; x_wconf 76' lang='lat' dir='ltr'><strong>septima</strong></span> <span class='ocrx_word' id='word_1_293' title='bbox 967 1323 1019 1352; x_wconf 87' lang='lat' dir='ltr'><strong>est,</strong></span> 
     </span>
    </p>
   </div>
   <div class='ocr_carea' id='block_1_44' title="bbox 233 1367 1022 1403">
    <p class='ocr_par' dir='ltr' id='par_1_44' title="bbox 233 1367 1022 1403">
     <span class='ocr_line' id='line_1_44' title="bbox 233 1367 1022 1403; baseline -0.003 -9"><span class='ocrx_word' id='word_1_294' title='bbox 233 1368 363 1403; x_wconf 80' lang='lat' dir='ltr'><strong>plithongi</strong></span> <span class='ocrx_word' id='word_1_295' title='bbox 379 1368 451 1395; x_wconf 77' lang='lat' dir='ltr'><strong>illitis</strong></span> <span class='ocrx_word' id='word_1_296' title='bbox 465 1368 588 1395; x_wconf 88' lang='lat' dir='ltr'><strong>ordinem</strong></span> <span class='ocrx_word' id='word_1_297' title='bbox 607 1372 690 1400; x_wconf 65' lang='lat' dir='ltr'><strong>tenet,</strong></span> <span class='ocrx_word' id='word_1_298' title='bbox 705 1367 751 1402; x_wconf 86' lang='lat' dir='ltr'><strong>qui</strong></span> <span class='ocrx_word' id='word_1_299' title='bbox 774 1371 816 1394; x_wconf 75' lang='lat' dir='ltr'><strong>est</strong></span> <span class='ocrx_word' id='word_1_300' title='bbox 837 1367 949 1401; x_wconf 76' lang='lat' dir='ltr'><strong>liypates</strong></span> <span class='ocrx_word' id='word_1_301' title='bbox 965 1373 1022 1392; x_wconf 88' lang='lat' dir='ltr'><strong>mc-</strong></span> 
     </span>
    </p>
   </div>
   <div class='ocr_carea' id='block_1_45' title="bbox 232 1411 1021 1450">
    <p class='ocr_par' dir='ltr' id='par_1_45' title="bbox 232 1411 1021 1450">
     <span class='ocr_line' id='line_1_45' title="bbox 232 1411 1021 1450; baseline -0.008 -8"><span class='ocrx_word' id='word_1_302' title='bbox 232 1415 293 1443; x_wconf 72' lang='lat' dir='ltr'><strong>dim.</strong></span> <span class='ocrx_word' id='word_1_303' title='bbox 308 1415 495 1445; x_wconf 81' lang='lat' dir='ltr'><strong>Intervallum,</strong></span> <span class='ocrx_word' id='word_1_304' title='bbox 511 1413 584 1450; x_wconf 86' lang='lat' dir='ltr'><strong>quod</strong></span> <span class='ocrx_word' id='word_1_305' title='bbox 609 1413 642 1440; x_wconf 91' lang='lat' dir='ltr'><strong>ad</strong></span> <span class='ocrx_word' id='word_1_306' title='bbox 664 1420 750 1448; x_wconf 89' lang='lat' dir='ltr'><strong>usque</strong></span> <span class='ocrx_word' id='word_1_307' title='bbox 776 1413 867 1439; x_wconf 84' lang='lat' dir='ltr'><strong>lunam</strong></span> <span class='ocrx_word' id='word_1_308' title='bbox 893 1411 1021 1446; x_wconf 77' lang='lat' dir='ltr'><strong>pertinet,</strong></span> 
     </span>
    </p>
   </div>
   <div class='ocr_carea' id='block_1_46' title="bbox 231 1456 1022 1497">
    <p class='ocr_par' dir='ltr' id='par_1_46' title="bbox 231 1456 1022 1497">
     <span class='ocr_line' id='line_1_46' title="bbox 231 1456 1022 1497; baseline -0.008 -8"><span class='ocrx_word' id='word_1_309' title='bbox 231 1462 342 1497; x_wconf 91' lang='lat' dir='ltr'><strong>quidam</strong></span> <span class='ocrx_word' id='word_1_310' title='bbox 363 1462 516 1488; x_wconf 87' lang='lat' dir='ltr'><strong>attribuunt</strong></span> <span class='ocrx_word' id='word_1_311' title='bbox 538 1460 563 1488; x_wconf 88' lang='lat' dir='ltr'><strong>ei</strong></span> <span class='ocrx_word' id='word_1_312' title='bbox 580 1460 729 1495; x_wconf 80' lang='lat' dir='ltr'><strong>plilhongo,</strong></span> <span class='ocrx_word' id='word_1_313' title='bbox 752 1467 833 1494; x_wconf 90' lang='lat' dir='ltr'><strong>quem</strong></span> <span class='ocrx_word' id='word_1_314' title='bbox 858 1458 884 1484; x_wconf 93' lang='lat' dir='ltr'><strong>in</strong></span> <span class='ocrx_word' id='word_1_315' title='bbox 909 1456 1022 1484; x_wconf 88' lang='lat' dir='ltr'><strong>musicis</strong></span> 
     </span>
    </p>
   </div>
   <div class='ocr_carea' id='block_1_47' title="bbox 232 1506 669 1543">
    <p class='ocr_par' dir='ltr' id='par_1_47' title="bbox 232 1506 669 1543">
     <span class='ocr_line' id='line_1_47' title="bbox 232 1506 669 1543; baseline -0.005 -9"><span class='ocrx_word' id='word_1_316' title='bbox 232 1508 351 1543; x_wconf 89' lang='lat' dir='ltr'><strong>hypaton</strong></span> <span class='ocrx_word' id='word_1_317' title='bbox 366 1508 508 1534; x_wconf 86' lang='lat' dir='ltr'><strong>diatonum</strong></span> <span class='ocrx_word' id='word_1_318' title='bbox 522 1506 669 1542; x_wconf 84' lang='lat' dir='ltr'><strong>appellant.</strong></span> 
     </span>
    </p>
   </div>
   <div class='ocr_carea' id='block_1_48' title="bbox 1077 999 1860 1038">
    <p class='ocr_par' dir='ltr' id='par_1_48' title="bbox 1077 999 1860 1038">
     <span class='ocr_line' id='line_1_48' title="bbox 1077 999 1860 1038; baseline 0.008 -13"><span class='ocrx_word' id='word_1_319' title='bbox 1077 1000 1207 1032; x_wconf 75' lang='grc' dir='ltr'><strong>ζωδιακὸν</strong></span> <span class='ocrx_word' id='word_1_320' title='bbox 1223 999 1321 1027; x_wconf 86' lang='grc' dir='ltr'>κύκλον</span> <span class='ocrx_word' id='word_1_321' title='bbox 1336 1000 1373 1032; x_wconf 81' lang='grc' dir='ltr'><strong>ὡς</strong></span> <span class='ocrx_word' id='word_1_322' title='bbox 1390 1002 1418 1027; x_wconf 80' lang='grc' dir='ltr'>ἐν</span> <span class='ocrx_word' id='word_1_323' title='bbox 1434 1001 1551 1037; x_wconf 74' lang='grc' dir='ltr'>ἁρμονίᾳ</span> <span class='ocrx_word' id='word_1_324' title='bbox 1565 1002 1640 1035; x_wconf 82' lang='grc' dir='ltr'>τάξιν</span> <span class='ocrx_word' id='word_1_325' title='bbox 1654 1003 1727 1038; x_wconf 76' lang='grc' dir='ltr'>ἔχειν</span> <span class='ocrx_word' id='word_1_326' title='bbox 1744 1005 1860 1038; x_wconf 69' lang='grc' dir='ltr'>φθόγγου</span> 
     </span>
    </p>
   </div>
   <div class='ocr_carea' id='block_1_49' title="bbox 1068 1044 1862 1087">
    <p class='ocr_par' dir='ltr' id='par_1_49' title="bbox 1068 1044 1862 1087">
     <span class='ocr_line' id='line_1_49' title="bbox 1068 1044 1862 1087; baseline 0.006 -15"><span class='ocrx_word' id='word_1_327' title='bbox 1068 1044 1122 1072; x_wconf 77' lang='grc' dir='ltr'>’τοῦ</span> <span class='ocrx_word' id='word_1_328' title='bbox 1139 1046 1188 1081; x_wconf 82' lang='grc' dir='ltr'><strong>τῆς</strong></span> <span class='ocrx_word' id='word_1_329' title='bbox 1202 1046 1380 1082; x_wconf 83' lang='grc' dir='ltr'>χρωματικῆς</span> <span class='ocrx_word' id='word_1_330' title='bbox 1397 1047 1602 1083; x_wconf 79' lang='grc' dir='ltr'><strong>διεζευγμένου·</strong></span> <span class='ocrx_word' id='word_1_331' title='bbox 1620 1049 1667 1076; x_wconf 76' lang='grc' dir='ltr'><strong>τὸν</strong></span> <span class='ocrx_word' id='word_1_332' title='bbox 1690 1050 1718 1076; x_wconf 79' lang='grc' dir='ltr'>δὲ</span> <span class='ocrx_word' id='word_1_333' title='bbox 1734 1051 1782 1077; x_wconf 74' lang='grc' dir='ltr'><strong>τοῦ</strong></span> <span class='ocrx_word' id='word_1_334' title='bbox 1798 1052 1862 1087; x_wconf 70' lang='grc' dir='ltr'>Κρό-</span> 
     </span>
    </p>
   </div>
   <div class='ocr_carea' id='block_1_50' title="bbox 1076 1091 1858 1131">
    <p class='ocr_par' dir='ltr' id='par_1_50' title="bbox 1076 1091 1858 1131">
     <span class='ocr_line' id='line_1_50' title="bbox 1076 1091 1858 1131; baseline 0.006 -14"><span class='ocrx_word' id='word_1_335' title='bbox 1076 1100 1121 1117; x_wconf 86' lang='grc' dir='ltr'><strong>νου</strong></span> <span class='ocrx_word' id='word_1_336' title='bbox 1134 1091 1241 1127; x_wconf 82' lang='grc' dir='ltr'>ὲπέχειν</span> <span class='ocrx_word' id='word_1_337' title='bbox 1254 1092 1331 1126; x_wconf 87' lang='grc' dir='ltr'>λόγον</span> <span class='ocrx_word' id='word_1_338' title='bbox 1349 1093 1397 1128; x_wconf 86' lang='grc' dir='ltr'>τῆς</span> <span class='ocrx_word' id='word_1_339' title='bbox 1415 1093 1575 1129; x_wconf 79' lang='grc' dir='ltr'>ἐναρμονίου</span> <span class='ocrx_word' id='word_1_340' title='bbox 1596 1094 1640 1121; x_wconf 76' lang='grc' dir='ltr'><strong>τὸν</strong></span> <span class='ocrx_word' id='word_1_341' title='bbox 1663 1094 1858 1131; x_wconf 75' lang='grc' dir='ltr'>διεζευγμένον·</span> 
     </span>
    </p>
   </div>
   <div class='ocr_carea' id='block_1_51' title="bbox 1075 1137 1860 1177">
    <p class='ocr_par' dir='ltr' id='par_1_51' title="bbox 1075 1137 1860 1177">
     <span class='ocr_line' id='line_1_51' title="bbox 1075 1137 1860 1177; baseline 0.008 -14"><span class='ocrx_word' id='word_1_342' title='bbox 1075 1138 1089 1164; x_wconf 90' lang='lat'><strong>6</strong></span> <span class='ocrx_word' id='word_1_343' title='bbox 1109 1137 1137 1164; x_wconf 77' lang='grc' dir='ltr'>δὲ</span> <span class='ocrx_word' id='word_1_344' title='bbox 1163 1137 1210 1164; x_wconf 77' lang='grc' dir='ltr'>τοῦ</span> <span class='ocrx_word' id='word_1_345' title='bbox 1234 1137 1294 1169; x_wconf 83' lang='grc' dir='ltr'>Διὸς</span> <span class='ocrx_word' id='word_1_346' title='bbox 1324 1137 1399 1170; x_wconf 77' lang='grc' dir='ltr'>τάξιν</span> <span class='ocrx_word' id='word_1_347' title='bbox 1419 1138 1490 1174; x_wconf 81' lang='grc' dir='ltr'>ἔχειν</span> <span class='ocrx_word' id='word_1_348' title='bbox 1515 1140 1538 1155; x_wconf 71' lang='grc'><strong>³⁵</strong></span> <span class='ocrx_word' id='word_1_349' title='bbox 1552 1140 1581 1166; x_wconf 84' lang='grc' dir='ltr'>ὲν</span> <span class='ocrx_word' id='word_1_350' title='bbox 1596 1143 1712 1176; x_wconf 84' lang='grc' dir='ltr'>μουσικῇ</span> <span class='ocrx_word' id='word_1_351' title='bbox 1745 1142 1860 1177; x_wconf 74' lang='grc' dir='ltr'>φθόγγου</span> 
     </span>
    </p>
   </div>
   <div class='ocr_carea' id='block_1_52' title="bbox 1075 1183 1859 1221">
    <p class='ocr_par' dir='ltr' id='par_1_52' title="bbox 1075 1183 1859 1221">
     <span class='ocr_line' id='line_1_52' title="bbox 1075 1183 1859 1221; baseline 0.008 -12"><span class='ocrx_word' id='word_1_352' title='bbox 1075 1183 1121 1209; x_wconf 74' lang='grc' dir='ltr'><strong>τοῦ</strong></span> <span class='ocrx_word' id='word_1_353' title='bbox 1149 1183 1315 1218; x_wconf 70' lang='grc' dir='ltr'>καλουμένου</span> <span class='ocrx_word' id='word_1_354' title='bbox 1340 1184 1460 1211; x_wconf 78' lang='grc' dir='ltr'>διατόνου</span> <span class='ocrx_word' id='word_1_355' title='bbox 1486 1185 1688 1221; x_wconf 75' lang='grc' dir='ltr'><strong>διεζευγμένου.</strong></span> <span class='ocrx_word' id='word_1_356' title='bbox 1724 1187 1753 1214; x_wconf 84' lang='grc' dir='ltr'>Ὀ</span> <span class='ocrx_word' id='word_1_357' title='bbox 1772 1188 1859 1215; x_wconf 78' lang='grc' dir='ltr'>δὲτοῦ</span> 
     </span>
    </p>
   </div>
   <div class='ocr_carea' id='block_1_53' title="bbox 1077 1229 1862 1270">
    <p class='ocr_par' dir='ltr' id='par_1_53' title="bbox 1077 1229 1862 1270">
     <span class='ocr_line' id='line_1_53' title="bbox 1077 1229 1862 1270; baseline 0.008 -15"><span class='ocrx_word' id='word_1_358' title='bbox 1077 1231 1181 1265; x_wconf 72' lang='grc' dir='ltr'>Ἄρεως</span> <span class='ocrx_word' id='word_1_359' title='bbox 1201 1230 1278 1262; x_wconf 82' lang='grc' dir='ltr'>τάξιν</span> <span class='ocrx_word' id='word_1_360' title='bbox 1297 1229 1352 1266; x_wconf 73' lang='grc' dir='ltr'>ἔχει</span> <span class='ocrx_word' id='word_1_361' title='bbox 1376 1230 1494 1265; x_wconf 77' lang='grc' dir='ltr'><strong>φθόγγου</strong></span> <span class='ocrx_word' id='word_1_362' title='bbox 1515 1231 1562 1258; x_wconf 79' lang='grc' dir='ltr'><strong>τοῦ</strong></span> <span class='ocrx_word' id='word_1_363' title='bbox 1586 1232 1753 1268; x_wconf 75' lang='grc' dir='ltr'>καλουμένου</span> <span class='ocrx_word' id='word_1_364' title='bbox 1777 1244 1862 1270; x_wconf 73' lang='grc' dir='ltr'>παρι-</span> 
     </span>
    </p>
   </div>
   <div class='ocr_carea' id='block_1_54' title="bbox 1076 1276 1862 1317">
    <p class='ocr_par' dir='ltr' id='par_1_54' title="bbox 1076 1276 1862 1317">
     <span class='ocr_line' id='line_1_54' title="bbox 1076 1276 1862 1317; baseline 0.009 -16"><span class='ocrx_word' id='word_1_365' title='bbox 1076 1276 1167 1311; x_wconf 77' lang='grc' dir='ltr'>μέσου.</span> <span class='ocrx_word' id='word_1_366' title='bbox 1191 1276 1219 1302; x_wconf 84' lang='grc' dir='ltr'><strong>Ὀ</strong></span> <span class='ocrx_word' id='word_1_367' title='bbox 1230 1276 1258 1303; x_wconf 84' lang='grc' dir='ltr'>δὲ</span> <span class='ocrx_word' id='word_1_368' title='bbox 1277 1277 1323 1303; x_wconf 79' lang='grc' dir='ltr'><strong>τοῦ</strong></span> <span class='ocrx_word' id='word_1_369' title='bbox 1340 1277 1439 1312; x_wconf 83' lang='grc' dir='ltr'><strong>Ἐρμοῦ</strong></span> <span class='ocrx_word' id='word_1_370' title='bbox 1455 1278 1532 1311; x_wconf 71' lang='grc' dir='ltr'>τάξιν</span> <span class='ocrx_word' id='word_1_371' title='bbox 1542 1279 1635 1314; x_wconf 68' lang='grc' dir='ltr'>ἐπέχει</span> <span class='ocrx_word' id='word_1_372' title='bbox 1648 1279 1769 1314; x_wconf 73' lang='grc' dir='ltr'>φθόγγου</span> <span class='ocrx_word' id='word_1_373' title='bbox 1791 1283 1862 1317; x_wconf 65' lang='grc' dir='ltr'>παρὰ</span> 
     </span>
    </p>
   </div>
   <div class='ocr_carea' id='block_1_55' title="bbox 1076 1321 1862 1360">
    <p class='ocr_par' dir='ltr' id='par_1_55' title="bbox 1076 1321 1862 1360">
     <span class='ocr_line' id='line_1_55' title="bbox 1076 1321 1862 1360; baseline 0.008 -15"><span class='ocrx_word' id='word_1_374' title='bbox 1076 1321 1214 1354; x_wconf 78' lang='grc' dir='ltr'>μουσικοῖς</span> <span class='ocrx_word' id='word_1_375' title='bbox 1235 1321 1284 1356; x_wconf 85' lang='grc' dir='ltr'>τῆς</span> <span class='ocrx_word' id='word_1_376' title='bbox 1303 1321 1398 1356; x_wconf 82' lang='grc' dir='ltr'>μέσης.</span> <span class='ocrx_word' id='word_1_377' title='bbox 1431 1321 1459 1347; x_wconf 91' lang='grc' dir='ltr'><strong>Ὀ</strong></span> <span class='ocrx_word' id='word_1_378' title='bbox 1481 1322 1510 1348; x_wconf 79' lang='grc' dir='ltr'>δὲ</span> <span class='ocrx_word' id='word_1_379' title='bbox 1532 1323 1581 1358; x_wconf 85' lang='grc' dir='ltr'><strong>τῆς</strong></span> <span class='ocrx_word' id='word_1_380' title='bbox 1606 1324 1767 1360; x_wconf 78' lang='grc' dir='ltr'>Ἀφροδίτης</span> <span class='ocrx_word' id='word_1_381' title='bbox 1790 1326 1862 1358; x_wconf 75' lang='grc' dir='ltr'>τάξιν</span> 
     </span>
    </p>
   </div>
   <div class='ocr_carea' id='block_1_56' title="bbox 1075 1365 1862 1407">
    <p class='ocr_par' dir='ltr' id='par_1_56' title="bbox 1075 1365 1862 1407">
     <span class='ocr_line' id='line_1_56' title="bbox 1075 1365 1862 1407; baseline 0.01 -16"><span class='ocrx_word' id='word_1_382' title='bbox 1075 1365 1131 1400; x_wconf 77' lang='grc' dir='ltr'>ἔχει</span> <span class='ocrx_word' id='word_1_383' title='bbox 1148 1365 1267 1400; x_wconf 83' lang='grc' dir='ltr'>φθόγγου</span> <span class='ocrx_word' id='word_1_384' title='bbox 1288 1365 1433 1402; x_wconf 82' lang='grc' dir='ltr'>λεγομένου</span> <span class='ocrx_word' id='word_1_385' title='bbox 1446 1367 1527 1402; x_wconf 72' lang='grc' dir='ltr'>μέσου</span> <span class='ocrx_word' id='word_1_386' title='bbox 1539 1369 1670 1396; x_wconf 86' lang='grc' dir='ltr'>διατόνου.</span> <span class='ocrx_word' id='word_1_387' title='bbox 1690 1371 1719 1397; x_wconf 90' lang='grc'><strong>’0</strong></span> <span class='ocrx_word' id='word_1_388' title='bbox 1733 1371 1761 1397; x_wconf 79' lang='grc' dir='ltr'>δὲ</span> <span class='ocrx_word' id='word_1_389' title='bbox 1779 1372 1862 1407; x_wconf 69' lang='grc' dir='ltr'>ἣλιος,</span> 
     </span>
    </p>
   </div>
   <div class='ocr_carea' id='block_1_57' title="bbox 1075 1411 1864 1450">
    <p class='ocr_par' dir='ltr' id='par_1_57' title="bbox 1075 1411 1864 1450">
     <span class='ocr_line' id='line_1_57' title="bbox 1075 1411 1864 1450; baseline 0.01 -13"><span class='ocrx_word' id='word_1_390' title='bbox 1075 1412 1122 1438; x_wconf 74' lang='grc' dir='ltr'><strong>ἐὰν</strong></span> <span class='ocrx_word' id='word_1_391' title='bbox 1141 1411 1177 1447; x_wconf 87' lang='grc' dir='ltr'><strong>μὴ</strong></span> <span class='ocrx_word' id='word_1_392' title='bbox 1189 1412 1328 1447; x_wconf 82' lang='grc' dir='ltr'>τέταρτος,</span> <span class='ocrx_word' id='word_1_393' title='bbox 1341 1412 1409 1440; x_wconf 78' lang='grc' dir='ltr'>ἀλλὰ</span> <span class='ocrx_word' id='word_1_394' title='bbox 1431 1413 1510 1445; x_wconf 73' lang='grc' dir='ltr'>ἕκτος</span> <span class='ocrx_word' id='word_1_395' title='bbox 1525 1415 1600 1450; x_wconf 84' lang='grc' dir='ltr'>δοθῇ,</span> <span class='ocrx_word' id='word_1_396' title='bbox 1618 1415 1694 1442; x_wconf 70' lang='grc' dir='ltr'>ἔσται</span> <span class='ocrx_word' id='word_1_397' title='bbox 1721 1417 1801 1449; x_wconf 78' lang='grc' dir='ltr'>τάξιν</span> <span class='ocrx_word' id='word_1_398' title='bbox 1817 1420 1864 1445; x_wconf 72' lang='grc' dir='ltr'><strong>ἑπ-</strong></span> 
     </span>
    </p>
   </div>
   <div class='ocr_carea' id='block_1_58' title="bbox 1075 1456 1863 1498">
    <p class='ocr_par' dir='ltr' id='par_1_58' title="bbox 1075 1456 1863 1498">
     <span class='ocr_line' id='line_1_58' title="bbox 1075 1456 1863 1498; baseline 0.01 -16"><span class='ocrx_word' id='word_1_399' title='bbox 1075 1456 1143 1491; x_wconf 81' lang='grc' dir='ltr'>έχων</span> <span class='ocrx_word' id='word_1_400' title='bbox 1156 1457 1238 1493; x_wconf 81' lang='grc' dir='ltr'>μέσου</span> <span class='ocrx_word' id='word_1_401' title='bbox 1250 1457 1370 1493; x_wconf 79' lang='grc' dir='ltr'>λιχανοῦ.</span> <span class='ocrx_word' id='word_1_402' title='bbox 1389 1459 1421 1485; x_wconf 85' lang='lat' dir='ltr'><strong>&#39;H</strong></span> <span class='ocrx_word' id='word_1_403' title='bbox 1431 1460 1459 1486; x_wconf 84' lang='grc' dir='ltr'>δὲ</span> <span class='ocrx_word' id='word_1_404' title='bbox 1471 1460 1579 1496; x_wconf 82' lang='grc' dir='ltr'>σελήνη,</span> <span class='ocrx_word' id='word_1_405' title='bbox 1592 1461 1692 1498; x_wconf 76' lang='grc' dir='ltr'>ἑϐδόμη</span> <span class='ocrx_word' id='word_1_406' title='bbox 1699 1461 1781 1496; x_wconf 74' lang='grc' dir='ltr'>οὖσα,</span> <span class='ocrx_word' id='word_1_407' title='bbox 1789 1465 1863 1496; x_wconf 73' lang='grc' dir='ltr'>τάξιν</span> 
     </span>
    </p>
   </div>
   <div class='ocr_carea' id='block_1_59' title="bbox 1074 1501 1865 1543">
    <p class='ocr_par' dir='ltr' id='par_1_59' title="bbox 1074 1501 1865 1543">
     <span class='ocr_line' id='line_1_59' title="bbox 1074 1501 1865 1543; baseline 0.011 -16"><span class='ocrx_word' id='word_1_408' title='bbox 1074 1501 1168 1536; x_wconf 80' lang='grc' dir='ltr'>ἐπέχει</span> <span class='ocrx_word' id='word_1_409' title='bbox 1188 1501 1307 1536; x_wconf 82' lang='grc' dir='ltr'>φθόγγου</span> <span class='ocrx_word' id='word_1_410' title='bbox 1336 1503 1383 1530; x_wconf 85' lang='grc' dir='ltr'>τοῦ</span> <span class='ocrx_word' id='word_1_411' title='bbox 1400 1503 1545 1539; x_wconf 83' lang='grc' dir='ltr'>λεγομένου</span> <span class='ocrx_word' id='word_1_412' title='bbox 1567 1505 1673 1541; x_wconf 80' lang='grc' dir='ltr'>ὑπάτης</span> <span class='ocrx_word' id='word_1_413' title='bbox 1699 1508 1798 1543; x_wconf 76' lang='grc' dir='ltr'>μέσης.</span> <span class='ocrx_word' id='word_1_414' title='bbox 1829 1510 1865 1536; x_wconf 64' lang='grc' dir='ltr'><strong>Ἐ</strong></span> 
     </span>
    </p>
   </div>
   <div class='ocr_carea' id='block_1_60' title="bbox 231 1544 1860 1589">
    <p class='ocr_par' dir='ltr' id='par_1_60' title="bbox 231 1544 1860 1589">
     <span class='ocr_line' id='line_1_60' title="bbox 231 1544 1860 1589; baseline 0.001 -9"><span class='ocrx_word' id='word_1_415' title='bbox 231 1554 259 1580; x_wconf 77' lang='grc' dir='ltr'>δὲ</span> <span class='ocrx_word' id='word_1_416' title='bbox 271 1553 324 1580; x_wconf 65' lang='grc' dir='ltr'><strong>ἀπὸ</strong></span> <span class='ocrx_word' id='word_1_417' title='bbox 350 1553 401 1588; x_wconf 70' lang='grc' dir='ltr'>γῆς</span> <span class='ocrx_word' id='word_1_418' title='bbox 421 1553 559 1588; x_wconf 68' lang='grc' dir='ltr'>διάστημα</span> <span class='ocrx_word' id='word_1_419' title='bbox 589 1552 669 1588; x_wconf 83' lang='grc' dir='ltr'>μέχρι</span> <span class='ocrx_word' id='word_1_420' title='bbox 699 1552 748 1587; x_wconf 85' lang='grc' dir='ltr'>τῆς</span> <span class='ocrx_word' id='word_1_421' title='bbox 779 1551 901 1586; x_wconf 77' lang='grc' dir='ltr'>σελήνης,</span> <span class='ocrx_word' id='word_1_422' title='bbox 919 1549 1042 1576; x_wconf 81' lang='grc' dir='ltr'>θέλουσιν</span> <span class='ocrx_word' id='word_1_423' title='bbox 1062 1544 1131 1573; x_wconf 78' lang='grc' dir='ltr'>εἶναί</span> <span class='ocrx_word' id='word_1_424' title='bbox 1156 1555 1230 1579; x_wconf 82' lang='grc' dir='ltr'>τινες</span> <span class='ocrx_word' id='word_1_425' title='bbox 1251 1549 1305 1575; x_wconf 73' lang='grc' dir='ltr'><strong>ἀπὸ</strong></span> <span class='ocrx_word' id='word_1_426' title='bbox 1318 1549 1436 1584; x_wconf 75' lang='grc' dir='ltr'>φθόγγου</span> <span class='ocrx_word' id='word_1_427' title='bbox 1461 1549 1508 1577; x_wconf 82' lang='grc' dir='ltr'>τοῦ</span> <span class='ocrx_word' id='word_1_428' title='bbox 1533 1551 1608 1587; x_wconf 72' lang='grc' dir='ltr'>παρὰ</span> <span class='ocrx_word' id='word_1_429' title='bbox 1635 1554 1691 1584; x_wconf 85' lang='grc' dir='ltr'>τοῖς</span> <span class='ocrx_word' id='word_1_430' title='bbox 1719 1557 1860 1589; x_wconf 59' lang='grc' dir='ltr'>μουσικοῦ,</span> 
     </span>
    </p>
   </div>
   <div class='ocr_carea' id='block_1_61' title="bbox 233 1601 487 1629">
    <p class='ocr_par' dir='ltr' id='par_1_61' title="bbox 233 1601 487 1629">
     <span class='ocr_line' id='line_1_61' title="bbox 233 1601 487 1629; baseline 0 -1"><span class='ocrx_word' id='word_1_431' title='bbox 233 1602 343 1629; x_wconf 82' lang='grc' dir='ltr'>ὑπάτων</span> <span class='ocrx_word' id='word_1_432' title='bbox 356 1601 487 1628; x_wconf 85' lang='grc' dir='ltr'>διατόνου.</span> 
     </span>
    </p>
   </div>
   <div class='ocr_carea' id='block_1_62' title="bbox 231 1650 1020 1693">
    <p class='ocr_par' dir='ltr' id='par_1_62' title="bbox 231 1653 1019 1693">
     <span class='ocr_line' id='line_1_62' title="bbox 231 1653 1019 1693; baseline -0.005 -10"><span class='ocrx_word' id='word_1_433' title='bbox 231 1658 285 1693; x_wconf 73' lang='lat'><strong>81</strong></span> <span class='ocrx_word' id='word_1_434' title='bbox 309 1657 346 1684; x_wconf 87' lang='lat' dir='ltr'><strong>De</strong></span> <span class='ocrx_word' id='word_1_435' title='bbox 362 1665 391 1683; x_wconf 83' lang='lat' dir='ltr'><strong>eo</strong></span> <span class='ocrx_word' id='word_1_436' title='bbox 403 1665 482 1689; x_wconf 81' lang='grc' dir='ltr'>(ιηηο,</span> <span class='ocrx_word' id='word_1_437' title='bbox 501 1657 544 1693; x_wconf 83' lang='lat' dir='ltr'><strong>qui</strong></span> <span class='ocrx_word' id='word_1_438' title='bbox 560 1665 668 1691; x_wconf 82' lang='lat' dir='ltr'><strong>magnus</strong></span> <span class='ocrx_word' id='word_1_439' title='bbox 684 1656 794 1693; x_wconf 71' lang='lat' dir='ltr'><strong>dicitur,</strong></span> <span class='ocrx_word' id='word_1_440' title='bbox 814 1661 837 1681; x_wconf 81' lang='lat' dir='ltr'><strong>et</strong></span> <span class='ocrx_word' id='word_1_441' title='bbox 862 1658 924 1689; x_wconf 83' lang='lat' dir='ltr'><strong>quot</strong></span> <span class='ocrx_word' id='word_1_442' title='bbox 943 1653 1019 1680; x_wconf 76' lang='lat' dir='ltr'><strong>annis</strong></span> 
     </span>
    </p>
   </div>
   <div class='ocr_carea' id='block_1_63' title="bbox 1081 1650 1865 1693">
    <p class='ocr_par' dir='ltr' id='par_1_63' title="bbox 1081 1650 1865 1693">
     <span class='ocr_line' id='line_1_63' title="bbox 1081 1650 1865 1693; baseline 0.009 -17"><span class='ocrx_word' id='word_1_443' title='bbox 1081 1651 1120 1683; x_wconf 76' lang='grc' dir='ltr'>Γίς</span> <span class='ocrx_word' id='word_1_444' title='bbox 1137 1650 1353 1693; x_wconf 41' lang='grc' dir='ltr'>ὁικαλούέιενος</span> <span class='ocrx_word' id='word_1_445' title='bbox 1365 1651 1686 1693; x_wconf 38' lang='grc' dir='ltr'>μέγαςηένιιιυζὸςηκιιὶ</span> <span class='ocrx_word' id='word_1_446' title='bbox 1756 1656 1865 1690; x_wconf 56' lang='grc' dir='ltr'>πόσος</span> 
     </span>
    </p>
   </div>
   <div class='ocr_carea' id='block_1_64' title="bbox 330 1691 923 1726">
    <p class='ocr_par' dir='ltr' id='par_1_64' title="bbox 330 1691 923 1726">
     <span class='ocr_line' id='line_1_64' title="bbox 330 1691 923 1726; baseline -0.005 -8"><span class='ocrx_word' id='word_1_447' title='bbox 330 1692 467 1726; x_wconf 70' lang='lat' dir='ltr'><strong>cujuslibet</strong></span> <span class='ocrx_word' id='word_1_448' title='bbox 482 1692 649 1726; x_wconf 74' lang='lat' dir='ltr'><strong>planelarum</strong></span> <span class='ocrx_word' id='word_1_449' title='bbox 666 1691 793 1718; x_wconf 77' lang='lat' dir='ltr'><strong>revululio</strong></span> <span class='ocrx_word' id='word_1_450' title='bbox 812 1695 923 1717; x_wconf 77' lang='lat' dir='ltr'><strong>constat.</strong></span> 
     </span>
    </p>
   </div>
   <div class='ocr_carea' id='block_1_65' title="bbox 269 1780 1022 1816">
    <p class='ocr_par' dir='ltr' id='par_1_65' title="bbox 269 1780 1022 1816">
     <span class='ocr_line' id='line_1_65' title="bbox 269 1780 1022 1816; baseline 0.001 -9"><span class='ocrx_word' id='word_1_451' title='bbox 269 1780 312 1807; x_wconf 81' lang='lat' dir='ltr'><strong>lS.</strong></span> <span class='ocrx_word' id='word_1_452' title='bbox 322 1780 429 1808; x_wconf 78' lang='lat' dir='ltr'><strong>liursus</strong></span> <span class='ocrx_word' id='word_1_453' title='bbox 440 1781 525 1816; x_wconf 85' lang='lat' dir='ltr'><strong>prima</strong></span> <span class='ocrx_word' id='word_1_454' title='bbox 534 1781 655 1808; x_wconf 86' lang='lat' dir='ltr'><strong>onmium</strong></span> <span class='ocrx_word' id='word_1_455' title='bbox 667 1780 777 1807; x_wconf 89' lang='lat' dir='ltr'><strong>Saturni</strong></span> <span class='ocrx_word' id='word_1_456' title='bbox 788 1781 865 1808; x_wconf 86' lang='lat' dir='ltr'><strong>stella</strong></span> <span class='ocrx_word' id='word_1_457' title='bbox 880 1782 913 1808; x_wconf 85' lang='lat' dir='ltr'><strong>ab</strong></span> <span class='ocrx_word' id='word_1_458' title='bbox 922 1789 976 1809; x_wconf 84' lang='lat' dir='ltr'><strong>uno</strong></span> <span class='ocrx_word' id='word_1_459' title='bbox 984 1781 1022 1808; x_wconf 86' lang='lat' dir='ltr'><strong>si-</strong></span> 
     </span>
    </p>
   </div>
   <div class='ocr_carea' id='block_1_66' title="bbox 232 1826 1019 1862">
    <p class='ocr_par' dir='ltr' id='par_1_66' title="bbox 232 1826 1019 1862">
     <span class='ocr_line' id='line_1_66' title="bbox 232 1826 1019 1862; baseline 0 -9"><span class='ocrx_word' id='word_1_460' title='bbox 232 1835 286 1862; x_wconf 82' lang='lat' dir='ltr'><strong>gno</strong></span> <span class='ocrx_word' id='word_1_461' title='bbox 300 1827 334 1853; x_wconf 89' lang='lat' dir='ltr'><strong>ad</strong></span> <span class='ocrx_word' id='word_1_462' title='bbox 351 1827 434 1858; x_wconf 83' lang='lat' dir='ltr'><strong>idem,</strong></span> <span class='ocrx_word' id='word_1_463' title='bbox 451 1832 479 1854; x_wconf 91' lang='lat' dir='ltr'><strong>ut</strong></span> <span class='ocrx_word' id='word_1_464' title='bbox 496 1826 586 1854; x_wconf 87' lang='lat' dir='ltr'><strong>minus</strong></span> <span class='ocrx_word' id='word_1_465' title='bbox 604 1831 731 1854; x_wconf 86' lang='lat' dir='ltr'><strong>accurate</strong></span> <span class='ocrx_word' id='word_1_466' title='bbox 744 1827 845 1860; x_wconf 87' lang='lat' dir='ltr'><strong>dicam,</strong></span> <span class='ocrx_word' id='word_1_467' title='bbox 861 1832 888 1855; x_wconf 91' lang='lat' dir='ltr'><strong>et</strong></span> <span class='ocrx_word' id='word_1_468' title='bbox 911 1827 1019 1862; x_wconf 85' lang='lat' dir='ltr'><strong>platice,</strong></span> 
     </span>
    </p>
   </div>
   <div class='ocr_carea' id='block_1_67' title="bbox 232 1871 1021 1906">
    <p class='ocr_par' dir='ltr' id='par_1_67' title="bbox 232 1871 1021 1906">
     <span class='ocr_line' id='line_1_67' title="bbox 232 1871 1021 1906; baseline -0.001 -7"><span class='ocrx_word' id='word_1_469' title='bbox 232 1873 259 1899; x_wconf 82' lang='lat' dir='ltr'><strong>in</strong></span> <span class='ocrx_word' id='word_1_470' title='bbox 276 1872 354 1899; x_wconf 82' lang='lat' dir='ltr'><strong>annis</strong></span> <span class='ocrx_word' id='word_1_471' title='bbox 372 1871 483 1906; x_wconf 79' lang='lat' dir='ltr'><strong>triginta</strong></span> <span class='ocrx_word' id='word_1_472' title='bbox 498 1871 659 1904; x_wconf 84' lang='lat' dir='ltr'><strong>revertitur;</strong></span> <span class='ocrx_word' id='word_1_473' title='bbox 674 1871 707 1899; x_wconf 90' lang='lat' dir='ltr'><strong>ab</strong></span> <span class='ocrx_word' id='word_1_474' title='bbox 726 1871 821 1899; x_wconf 87' lang='lat' dir='ltr'><strong>eodem</strong></span> <span class='ocrx_word' id='word_1_475' title='bbox 837 1879 901 1899; x_wconf 79' lang='lat' dir='ltr'><strong>vero</strong></span> <span class='ocrx_word' id='word_1_476' title='bbox 919 1876 1021 1906; x_wconf 87' lang='lat' dir='ltr'><strong>puncto</strong></span> 
     </span>
    </p>
   </div>
   <div class='ocr_carea' id='block_1_68' title="bbox 232 1909 1022 1953">
    <p class='ocr_par' dir='ltr' id='par_1_68' title="bbox 232 1909 1022 1953">
     <span class='ocr_line' id='line_1_68' title="bbox 232 1909 1022 1953; baseline -0.001 -8"><span class='ocrx_word' id='word_1_477' title='bbox 232 1909 266 1946; x_wconf 85' lang='lat' dir='ltr'><strong>ad</strong></span> <span class='ocrx_word' id='word_1_478' title='bbox 291 1919 362 1946; x_wconf 85' lang='lat' dir='ltr'><strong>idem</strong></span> <span class='ocrx_word' id='word_1_479' title='bbox 386 1922 527 1953; x_wconf 87' lang='lat' dir='ltr'><strong>punctmn,</strong></span> <span class='ocrx_word' id='word_1_480' title='bbox 548 1918 574 1944; x_wconf 91' lang='lat' dir='ltr'><strong>in</strong></span> <span class='ocrx_word' id='word_1_481' title='bbox 597 1918 676 1944; x_wconf 89' lang='lat' dir='ltr'><strong>annis</strong></span> <span class='ocrx_word' id='word_1_482' title='bbox 695 1917 810 1945; x_wconf 76' lang='lat'><strong>350655.</strong></span> <span class='ocrx_word' id='word_1_483' title='bbox 829 1918 917 1953; x_wconf 83' lang='lat' dir='ltr'><strong>Atque</strong></span> <span class='ocrx_word' id='word_1_484' title='bbox 933 1918 957 1945; x_wconf 86' lang='lat' dir='ltr'><strong>is</strong></span> <span class='ocrx_word' id='word_1_485' title='bbox 979 1922 1022 1946; x_wconf 89' lang='lat' dir='ltr'><strong>est</strong></span> 
     </span>
    </p>
   </div>
   <div class='ocr_carea' id='block_1_69' title="bbox 233 1963 1020 2000">
    <p class='ocr_par' dir='ltr' id='par_1_69' title="bbox 233 1963 1020 2000">
     <span class='ocr_line' id='line_1_69' title="bbox 233 1963 1020 2000; baseline 0.001 -9"><span class='ocrx_word' id='word_1_486' title='bbox 233 1965 281 2000; x_wconf 87' lang='lat' dir='ltr'><strong>qui</strong></span> <span class='ocrx_word' id='word_1_487' title='bbox 299 1973 412 2000; x_wconf 78' lang='lat' dir='ltr'><strong>magnus</strong></span> <span class='ocrx_word' id='word_1_488' title='bbox 430 1972 518 1991; x_wconf 87' lang='lat' dir='ltr'><strong>annus</strong></span> <span class='ocrx_word' id='word_1_489' title='bbox 538 1964 699 1998; x_wconf 83' lang='lat' dir='ltr'><strong>appellatur.</strong></span> <span class='ocrx_word' id='word_1_490' title='bbox 717 1963 792 1991; x_wconf 79' lang='lat' dir='ltr'><strong>Jovis</strong></span> <span class='ocrx_word' id='word_1_491' title='bbox 808 1965 886 1992; x_wconf 88' lang='lat' dir='ltr'><strong>stella</strong></span> <span class='ocrx_word' id='word_1_492' title='bbox 901 1965 1020 1992; x_wconf 76' lang='lat' dir='ltr'><strong>secunda</strong></span> 
     </span>
    </p>
   </div>
   <div class='ocr_carea' id='block_1_70' title="bbox 234 2010 1020 2045">
    <p class='ocr_par' dir='ltr' id='par_1_70' title="bbox 234 2010 1020 2045">
     <span class='ocr_line' id='line_1_70' title="bbox 234 2010 1020 2045; baseline 0.001 -8"><span class='ocrx_word' id='word_1_493' title='bbox 234 2011 287 2037; x_wconf 87' lang='lat' dir='ltr'><strong>situ</strong></span> <span class='ocrx_word' id='word_1_494' title='bbox 302 2010 335 2037; x_wconf 91' lang='lat' dir='ltr'><strong>ad</strong></span> <span class='ocrx_word' id='word_1_495' title='bbox 351 2011 422 2037; x_wconf 84' lang='lat' dir='ltr'><strong>idem</strong></span> <span class='ocrx_word' id='word_1_496' title='bbox 438 2011 544 2045; x_wconf 79' lang='lat' dir='ltr'><strong>signum</strong></span> <span class='ocrx_word' id='word_1_497' title='bbox 559 2011 656 2044; x_wconf 84' lang='lat' dir='ltr'><strong>platice</strong></span> <span class='ocrx_word' id='word_1_498' title='bbox 673 2010 699 2037; x_wconf 91' lang='lat' dir='ltr'><strong>in</strong></span> <span class='ocrx_word' id='word_1_499' title='bbox 716 2010 796 2038; x_wconf 86' lang='lat' dir='ltr'><strong>annis</strong></span> <span class='ocrx_word' id='word_1_500' title='bbox 808 2010 841 2036; x_wconf 70' lang='lat' dir='ltr'><strong>l2</strong></span> <span class='ocrx_word' id='word_1_501' title='bbox 853 2011 1020 2045; x_wconf 77' lang='lat' dir='ltr'><strong>regreditur;</strong></span> 
     </span>
    </p>
   </div>
   <div class='ocr_carea' id='block_1_71' title="bbox 234 2055 1021 2091">
    <p class='ocr_par' dir='ltr' id='par_1_71' title="bbox 234 2055 1021 2091">
     <span class='ocr_line' id='line_1_71' title="bbox 234 2055 1021 2091; baseline 0.003 -9"><span class='ocrx_word' id='word_1_502' title='bbox 234 2056 267 2082; x_wconf 83' lang='lat' dir='ltr'><strong>ad</strong></span> <span class='ocrx_word' id='word_1_503' title='bbox 294 2056 364 2083; x_wconf 87' lang='lat' dir='ltr'><strong>idem</strong></span> <span class='ocrx_word' id='word_1_504' title='bbox 392 2060 522 2091; x_wconf 88' lang='lat' dir='ltr'><strong>punctum</strong></span> <span class='ocrx_word' id='word_1_505' title='bbox 547 2056 574 2083; x_wconf 95' lang='lat' dir='ltr'><strong>in</strong></span> <span class='ocrx_word' id='word_1_506' title='bbox 596 2057 676 2083; x_wconf 86' lang='lat' dir='ltr'><strong>anuis</strong></span> <span class='ocrx_word' id='word_1_507' title='bbox 695 2055 810 2084; x_wconf 71' lang='grc'><strong>170620.</strong></span> <span class='ocrx_word' id='word_1_508' title='bbox 832 2056 926 2084; x_wconf 87' lang='lat' dir='ltr'><strong>Martis</strong></span> <span class='ocrx_word' id='word_1_509' title='bbox 942 2057 1021 2084; x_wconf 85' lang='lat' dir='ltr'><strong>stella</strong></span> 
     </span>
    </p>
   </div>
   <div class='ocr_carea' id='block_1_72' title="bbox 231 2103 1020 2138">
    <p class='ocr_par' dir='ltr' id='par_1_72' title="bbox 231 2103 1020 2138">
     <span class='ocr_line' id='line_1_72' title="bbox 231 2103 1020 2138; baseline 0.003 -9"><span class='ocrx_word' id='word_1_510' title='bbox 231 2103 379 2130; x_wconf 88' lang='lat' dir='ltr'><strong>circuitum</strong></span> <span class='ocrx_word' id='word_1_511' title='bbox 394 2104 510 2131; x_wconf 85' lang='lat' dir='ltr'><strong>absolvit</strong></span> <span class='ocrx_word' id='word_1_512' title='bbox 529 2111 543 2129; x_wconf 92' lang='lat' dir='ltr'><strong>a</strong></span> <span class='ocrx_word' id='word_1_513' title='bbox 559 2103 637 2138; x_wconf 81' lang='lat' dir='ltr'><strong>signo</strong></span> <span class='ocrx_word' id='word_1_514' title='bbox 649 2104 681 2130; x_wconf 85' lang='lat' dir='ltr'><strong>ad</strong></span> <span class='ocrx_word' id='word_1_515' title='bbox 694 2103 801 2138; x_wconf 83' lang='lat' dir='ltr'><strong>signum</strong></span> <span class='ocrx_word' id='word_1_516' title='bbox 819 2103 926 2131; x_wconf 89' lang='lat' dir='ltr'><strong>rediens</strong></span> <span class='ocrx_word' id='word_1_517' title='bbox 941 2104 1020 2132; x_wconf 87' lang='lat' dir='ltr'><strong>annis</strong></span> 
     </span>
    </p>
   </div>
   <div class='ocr_carea' id='block_1_73' title="bbox 231 2147 1020 2184">
    <p class='ocr_par' dir='ltr' id='par_1_73' title="bbox 231 2147 1020 2184">
     <span class='ocr_line' id='line_1_73' title="bbox 231 2147 1020 2184; baseline 0.004 -10"><span class='ocrx_word' id='word_1_518' title='bbox 231 2147 355 2181; x_wconf 83' lang='lat' dir='ltr'><strong>duobus;</strong></span> <span class='ocrx_word' id='word_1_519' title='bbox 376 2148 409 2175; x_wconf 88' lang='lat' dir='ltr'><strong>ad</strong></span> <span class='ocrx_word' id='word_1_520' title='bbox 423 2148 492 2175; x_wconf 86' lang='lat' dir='ltr'><strong>idem</strong></span> <span class='ocrx_word' id='word_1_521' title='bbox 503 2157 569 2176; x_wconf 88' lang='lat' dir='ltr'><strong>vero</strong></span> <span class='ocrx_word' id='word_1_522' title='bbox 578 2154 712 2184; x_wconf 80' lang='lat' dir='ltr'><strong>punctum</strong></span> <span class='ocrx_word' id='word_1_523' title='bbox 725 2150 806 2177; x_wconf 88' lang='lat' dir='ltr'><strong>annis</strong></span> <span class='ocrx_word' id='word_1_524' title='bbox 817 2149 930 2178; x_wconf 72' lang='lat'><strong>120000.</strong></span> <span class='ocrx_word' id='word_1_525' title='bbox 944 2149 1020 2177; x_wconf 89' lang='lat' dir='ltr'><strong>Luna</strong></span> 
     </span>
    </p>
   </div>
   <div class='ocr_carea' id='block_1_74' title="bbox 232 2193 1021 2231">
    <p class='ocr_par' dir='ltr' id='par_1_74' title="bbox 232 2193 1021 2231">
     <span class='ocr_line' id='line_1_74' title="bbox 232 2193 1021 2231; baseline 0.003 -11"><span class='ocrx_word' id='word_1_526' title='bbox 232 2193 353 2228; x_wconf 87' lang='lat' dir='ltr'><strong>quolibet</strong></span> <span class='ocrx_word' id='word_1_527' title='bbox 371 2202 465 2221; x_wconf 89' lang='lat' dir='ltr'><strong>mense</strong></span> <span class='ocrx_word' id='word_1_528' title='bbox 488 2202 502 2220; x_wconf 88' lang='lat' dir='ltr'><strong>a</strong></span> <span class='ocrx_word' id='word_1_529' title='bbox 527 2195 605 2229; x_wconf 79' lang='lat' dir='ltr'><strong>signo</strong></span> <span class='ocrx_word' id='word_1_530' title='bbox 621 2195 655 2222; x_wconf 88' lang='lat' dir='ltr'><strong>ad</strong></span> <span class='ocrx_word' id='word_1_531' title='bbox 670 2196 740 2223; x_wconf 89' lang='lat' dir='ltr'><strong>idem</strong></span> <span class='ocrx_word' id='word_1_532' title='bbox 769 2196 878 2231; x_wconf 79' lang='lat' dir='ltr'><strong>signum</strong></span> <span class='ocrx_word' id='word_1_533' title='bbox 907 2196 1021 2223; x_wconf 89' lang='lat' dir='ltr'><strong>reverti-</strong></span> 
     </span>
    </p>
   </div>
   <div class='ocr_carea' id='block_1_75' title="bbox 232 2240 1021 2277">
    <p class='ocr_par' dir='ltr' id='par_1_75' title="bbox 232 2240 1021 2277">
     <span class='ocr_line' id='line_1_75' title="bbox 232 2240 1021 2277; baseline 0.006 -12"><span class='ocrx_word' id='word_1_534' title='bbox 232 2245 293 2271; x_wconf 81' lang='lat' dir='ltr'><strong>tur;</strong></span> <span class='ocrx_word' id='word_1_535' title='bbox 309 2240 350 2266; x_wconf 89' lang='lat' dir='ltr'><strong>sol</strong></span> <span class='ocrx_word' id='word_1_536' title='bbox 366 2247 429 2267; x_wconf 84' lang='lat' dir='ltr'><strong>vero</strong></span> <span class='ocrx_word' id='word_1_537' title='bbox 444 2240 540 2268; x_wconf 90' lang='lat' dir='ltr'><strong>diebus</strong></span> <span class='ocrx_word' id='word_1_538' title='bbox 563 2241 616 2268; x_wconf 77' lang='grc'><strong>565</strong></span> <span class='ocrx_word' id='word_1_539' title='bbox 637 2246 663 2268; x_wconf 89' lang='lat' dir='ltr'><strong>et</strong></span> <span class='ocrx_word' id='word_1_540' title='bbox 683 2242 788 2269; x_wconf 89' lang='lat' dir='ltr'><strong>minuto</strong></span> <span class='ocrx_word' id='word_1_541' title='bbox 805 2251 810 2269; x_wconf 75' lang='grc' dir='ltr'><strong>ε</strong></span> <span class='ocrx_word' id='word_1_542' title='bbox 827 2242 899 2277; x_wconf 91' lang='lat' dir='ltr'><strong>quod</strong></span> <span class='ocrx_word' id='word_1_543' title='bbox 915 2245 1021 2277; x_wconf 87' lang='lat' dir='ltr'><strong>tempus</strong></span> 
     </span>
    </p>
   </div>
   <div class='ocr_carea' id='block_1_76' title="bbox 233 2285 1022 2321">
    <p class='ocr_par' dir='ltr' id='par_1_76' title="bbox 233 2285 1022 2321">
     <span class='ocr_line' id='line_1_76' title="bbox 233 2285 1022 2321; baseline 0.003 -7"><span class='ocrx_word' id='word_1_544' title='bbox 233 2285 332 2314; x_wconf 86' lang='lat' dir='ltr'><strong>solaris</strong></span> <span class='ocrx_word' id='word_1_545' title='bbox 357 2286 509 2321; x_wconf 88' lang='lat' dir='ltr'><strong>appellatur</strong></span> <span class='ocrx_word' id='word_1_546' title='bbox 533 2294 631 2315; x_wconf 90' lang='lat' dir='ltr'><strong>annus.</strong></span> <span class='ocrx_word' id='word_1_547' title='bbox 660 2287 791 2316; x_wconf 84' lang='lat' dir='ltr'><strong>Similiter</strong></span> <span class='ocrx_word' id='word_1_548' title='bbox 811 2292 839 2315; x_wconf 83' lang='lat' dir='ltr'><strong>et</strong></span> <span class='ocrx_word' id='word_1_549' title='bbox 858 2288 973 2316; x_wconf 76' lang='lat' dir='ltr'><strong>Veneris</strong></span> <span class='ocrx_word' id='word_1_550' title='bbox 989 2297 1022 2316; x_wconf 89' lang='lat' dir='ltr'><strong>ac</strong></span> 
     </span>
    </p>
   </div>
   <div class='ocr_carea' id='block_1_77' title="bbox 1107 1686 1862 1721">
    <p class='ocr_par' dir='ltr' id='par_1_77' title="bbox 1107 1686 1862 1721">
     <span class='ocr_line' id='line_1_77' title="bbox 1107 1686 1862 1721; baseline 0.012 -11"><span class='ocrx_word' id='word_1_551' title='bbox 1107 1686 1228 1719; x_wconf 75' lang='grc' dir='ltr'>χρόνοις</span> <span class='ocrx_word' id='word_1_552' title='bbox 1259 1686 1389 1719; x_wconf 76' lang='grc' dir='ltr'>ἕκαστος</span> <span class='ocrx_word' id='word_1_553' title='bbox 1433 1687 1492 1714; x_wconf 76' lang='grc' dir='ltr'><strong>τῶν</strong></span> <span class='ocrx_word' id='word_1_554' title='bbox 1531 1688 1692 1721; x_wconf 68' lang='grc' dir='ltr'>πλανήτων</span> <span class='ocrx_word' id='word_1_555' title='bbox 1731 1686 1862 1719; x_wconf 55' lang='lat' dir='ltr'><strong>tinctum]:</strong></span> 
     </span>
    </p>
   </div>
   <div class='ocr_carea' id='block_1_78' title="bbox 1107 1721 1235 1747">
    <p class='ocr_par' dir='ltr' id='par_1_78' title="bbox 1107 1721 1235 1747">
     <span class='ocr_line' id='line_1_78' title="bbox 1107 1721 1235 1747; baseline 0.008 -1"><span class='ocrx_word' id='word_1_556' title='bbox 1107 1721 1118 1746; x_wconf 81' lang='grc' dir='ltr'><em>Ι</em></span> <span class='ocrx_word' id='word_1_557' title='bbox 1119 1728 1235 1747; x_wconf 80' lang='grc' dir='ltr'>σταται.</span> 
     </span>
    </p>
   </div>
   <div class='ocr_carea' id='block_1_79' title="bbox 1108 1776 1861 1818">
    <p class='ocr_par' dir='ltr' id='par_1_79' title="bbox 1108 1776 1861 1818">
     <span class='ocr_line' id='line_1_79' title="bbox 1108 1776 1861 1818; baseline 0.007 -14"><span class='ocrx_word' id='word_1_558' title='bbox 1108 1781 1152 1813; x_wconf 83' lang='grc' dir='ltr'>ιη’.</span> <span class='ocrx_word' id='word_1_559' title='bbox 1171 1778 1254 1805; x_wconf 85' lang='grc' dir='ltr'>Πάλιν</span> <span class='ocrx_word' id='word_1_560' title='bbox 1272 1779 1286 1805; x_wconf 91' lang='lat'><strong>6</strong></span> <span class='ocrx_word' id='word_1_561' title='bbox 1302 1777 1419 1813; x_wconf 85' lang='grc' dir='ltr'>πρῶτος,</span> <span class='ocrx_word' id='word_1_562' title='bbox 1433 1779 1448 1805; x_wconf 94' lang='lat'><strong>6</strong></span> <span class='ocrx_word' id='word_1_563' title='bbox 1461 1776 1508 1805; x_wconf 71' lang='grc' dir='ltr'><strong>τοῦ</strong></span> <span class='ocrx_word' id='word_1_564' title='bbox 1524 1779 1627 1815; x_wconf 79' lang='grc' dir='ltr'>Κρόνου</span> <span class='ocrx_word' id='word_1_565' title='bbox 1638 1780 1737 1816; x_wconf 79' lang='grc' dir='ltr'>αστὴρ,</span> <span class='ocrx_word' id='word_1_566' title='bbox 1766 1790 1861 1818; x_wconf 85' lang='grc' dir='ltr'>παρα-</span> 
     </span>
    </p>
   </div>
   <div class='ocr_carea' id='block_1_80' title="bbox 1074 1822 1865 1860">
    <p class='ocr_par' dir='ltr' id='par_1_80' title="bbox 1074 1822 1865 1860">
     <span class='ocr_line' id='line_1_80' title="bbox 1074 1822 1865 1860; baseline 0.001 -10"><span class='ocrx_word' id='word_1_567' title='bbox 1074 1823 1179 1858; x_wconf 85' lang='grc' dir='ltr'>γίνεται</span> <span class='ocrx_word' id='word_1_568' title='bbox 1203 1823 1256 1850; x_wconf 77' lang='grc' dir='ltr'><strong>ἀπὸ</strong></span> <span class='ocrx_word' id='word_1_569' title='bbox 1279 1822 1375 1855; x_wconf 84' lang='grc' dir='ltr'>ζωδίου</span> <span class='ocrx_word' id='word_1_570' title='bbox 1393 1823 1439 1849; x_wconf 75' lang='grc' dir='ltr'><strong>ἐπὶ</strong></span> <span class='ocrx_word' id='word_1_571' title='bbox 1455 1822 1548 1854; x_wconf 83' lang='grc' dir='ltr'>ζώδιον</span> <span class='ocrx_word' id='word_1_572' title='bbox 1562 1825 1730 1859; x_wconf 84' lang='grc' dir='ltr'>παχυμερῶς</span> <span class='ocrx_word' id='word_1_573' title='bbox 1747 1826 1802 1860; x_wconf 80' lang='grc' dir='ltr'>μὲν</span> <span class='ocrx_word' id='word_1_574' title='bbox 1818 1827 1865 1853; x_wconf 72' lang='grc' dir='ltr'>καὶ</span> 
     </span>
    </p>
   </div>
   <div class='ocr_carea' id='block_1_81' title="bbox 1077 1868 1865 1905">
    <p class='ocr_par' dir='ltr' id='par_1_81' title="bbox 1077 1868 1865 1905">
     <span class='ocr_line' id='line_1_81' title="bbox 1077 1868 1865 1905; baseline 0.003 -9"><span class='ocrx_word' id='word_1_575' title='bbox 1077 1869 1232 1901; x_wconf 84' lang='grc' dir='ltr'>πλατυκῶς,</span> <span class='ocrx_word' id='word_1_576' title='bbox 1242 1868 1314 1895; x_wconf 80' lang='grc' dir='ltr'>ἔτεσι</span> <span class='ocrx_word' id='word_1_577' title='bbox 1328 1869 1484 1904; x_wconf 83' lang='grc' dir='ltr'>τριάκοντα,</span> <span class='ocrx_word' id='word_1_578' title='bbox 1501 1869 1554 1895; x_wconf 81' lang='grc' dir='ltr'><strong>ἀπὸ</strong></span> <span class='ocrx_word' id='word_1_579' title='bbox 1570 1869 1598 1896; x_wconf 81' lang='grc' dir='ltr'>δὲ</span> <span class='ocrx_word' id='word_1_580' title='bbox 1615 1871 1730 1905; x_wconf 81' lang='grc' dir='ltr'>σημείου</span> <span class='ocrx_word' id='word_1_581' title='bbox 1741 1872 1865 1898; x_wconf 73' lang='grc' dir='ltr'>ἀποκαθ-</span> 
     </span>
    </p>
   </div>
   <div class='ocr_carea' id='block_1_82' title="bbox 1078 1913 1867 1950">
    <p class='ocr_par' dir='ltr' id='par_1_82' title="bbox 1078 1913 1867 1950">
     <span class='ocr_line' id='line_1_82' title="bbox 1078 1913 1867 1950; baseline 0.003 -8"><span class='ocrx_word' id='word_1_582' title='bbox 1078 1916 1182 1942; x_wconf 76' lang='grc' dir='ltr'>ίσταται</span> <span class='ocrx_word' id='word_1_583' title='bbox 1195 1915 1224 1941; x_wconf 80' lang='grc' dir='ltr'><strong>ὲν</strong></span> <span class='ocrx_word' id='word_1_584' title='bbox 1243 1913 1310 1940; x_wconf 79' lang='grc' dir='ltr'><strong>ὲτῶν</strong></span> <span class='ocrx_word' id='word_1_585' title='bbox 1333 1914 1445 1949; x_wconf 84' lang='grc' dir='ltr'>μυριάσι</span> <span class='ocrx_word' id='word_1_586' title='bbox 1473 1915 1700 1950; x_wconf 71' lang='grc' dir='ltr'>τριακονταπέντε</span> <span class='ocrx_word' id='word_1_587' title='bbox 1714 1916 1765 1943; x_wconf 76' lang='grc' dir='ltr'>καὶ</span> <span class='ocrx_word' id='word_1_588' title='bbox 1778 1918 1867 1944; x_wconf 78' lang='grc' dir='ltr'>ἐτεσιν</span> 
     </span>
    </p>
   </div>
   <div class='ocr_carea' id='block_1_83' title="bbox 1072 1957 1853 1996">
    <p class='ocr_par' dir='ltr' id='par_1_83' title="bbox 1072 1957 1853 1996">
     <span class='ocr_line' id='line_1_83' title="bbox 1072 1957 1853 1996; baseline 0.001 -7"><span class='ocrx_word' id='word_1_589' title='bbox 1072 1962 1221 1995; x_wconf 77' lang='grc' dir='ltr'>ἑξακοσίοις</span> <span class='ocrx_word' id='word_1_590' title='bbox 1241 1960 1479 1996; x_wconf 79' lang='grc' dir='ltr'>τριακονταπέντε.</span> <span class='ocrx_word' id='word_1_591' title='bbox 1499 1957 1582 1992; x_wconf 79' lang='grc' dir='ltr'>Οὗτος</span> <span class='ocrx_word' id='word_1_592' title='bbox 1599 1961 1628 1987; x_wconf 89' lang='grc' dir='ltr'><strong>δέ</strong></span> <span class='ocrx_word' id='word_1_593' title='bbox 1644 1962 1717 1988; x_wconf 76' lang='grc' dir='ltr'>ἐστιν</span> <span class='ocrx_word' id='word_1_594' title='bbox 1734 1962 1750 1989; x_wconf 77' lang='grc' dir='ltr'>ὁ</span> <span class='ocrx_word' id='word_1_595' title='bbox 1766 1963 1853 1990; x_wconf 71' lang='grc' dir='ltr'>καὶού</span> 
     </span>
    </p>
   </div>
   <div class='ocr_carea' id='block_1_84' title="bbox 1073 2006 1868 2044">
    <p class='ocr_par' dir='ltr' id='par_1_84' title="bbox 1073 2006 1868 2044">
     <span class='ocr_line' id='line_1_84' title="bbox 1073 2006 1868 2044; baseline -0.006 -9"><span class='ocrx_word' id='word_1_596' title='bbox 1073 2017 1150 2044; x_wconf 87' lang='grc' dir='ltr'>μενος</span> <span class='ocrx_word' id='word_1_597' title='bbox 1165 2007 1252 2043; x_wconf 86' lang='grc' dir='ltr'>μέγας</span> <span class='ocrx_word' id='word_1_598' title='bbox 1265 2006 1396 2038; x_wconf 75' lang='grc' dir='ltr'>ἐνιαυτός.</span> <span class='ocrx_word' id='word_1_599' title='bbox 1417 2006 1447 2032; x_wconf 84' lang='lat'><strong>&#39;0</strong></span> <span class='ocrx_word' id='word_1_600' title='bbox 1462 2006 1489 2033; x_wconf 82' lang='grc' dir='ltr'>δὲ</span> <span class='ocrx_word' id='word_1_601' title='bbox 1505 2006 1550 2033; x_wconf 80' lang='grc' dir='ltr'>τοῦ</span> <span class='ocrx_word' id='word_1_602' title='bbox 1565 2007 1625 2038; x_wconf 68' lang='grc' dir='ltr'>Διὸς</span> <span class='ocrx_word' id='word_1_603' title='bbox 1641 2007 1729 2043; x_wconf 77' lang='grc' dir='ltr'>ἀστὴρ</span> <span class='ocrx_word' id='word_1_604' title='bbox 1743 2009 1760 2035; x_wconf 88' lang='lat'><strong>6</strong></span> <span class='ocrx_word' id='word_1_605' title='bbox 1775 2009 1868 2037; x_wconf 69' lang='grc' dir='ltr'>δεῦτε-</span> 
     </span>
    </p>
   </div>
   <div class='ocr_carea' id='block_1_85' title="bbox 1074 2051 1868 2090">
    <p class='ocr_par' dir='ltr' id='par_1_85' title="bbox 1074 2051 1868 2090">
     <span class='ocr_line' id='line_1_85' title="bbox 1074 2051 1868 2090; baseline 0 -10"><span class='ocrx_word' id='word_1_606' title='bbox 1074 2063 1120 2090; x_wconf 85' lang='grc' dir='ltr'><strong>ρος</strong></span> <span class='ocrx_word' id='word_1_607' title='bbox 1143 2053 1322 2089; x_wconf 80' lang='grc' dir='ltr'>παραγίνεται</span> <span class='ocrx_word' id='word_1_608' title='bbox 1347 2052 1400 2078; x_wconf 76' lang='grc' dir='ltr'><strong>ἀπὸ</strong></span> <span class='ocrx_word' id='word_1_609' title='bbox 1421 2051 1515 2083; x_wconf 77' lang='grc' dir='ltr'>ζωδίου</span> <span class='ocrx_word' id='word_1_610' title='bbox 1534 2051 1580 2078; x_wconf 77' lang='grc' dir='ltr'><strong>ἐπὶ</strong></span> <span class='ocrx_word' id='word_1_611' title='bbox 1602 2051 1696 2084; x_wconf 82' lang='grc' dir='ltr'>ζώδιον</span> <span class='ocrx_word' id='word_1_612' title='bbox 1717 2053 1868 2086; x_wconf 58' lang='grc' dir='ltr'>πλατονιιῆ</span> 
     </span>
    </p>
   </div>
   <div class='ocr_carea' id='block_1_86' title="bbox 1071 2097 1869 2135">
    <p class='ocr_par' dir='ltr' id='par_1_86' title="bbox 1071 2097 1869 2135">
     <span class='ocr_line' id='line_1_86' title="bbox 1071 2097 1869 2135; baseline -0.001 -9"><span class='ocrx_word' id='word_1_613' title='bbox 1071 2101 1118 2128; x_wconf 76' lang='grc' dir='ltr'>καὶ</span> <span class='ocrx_word' id='word_1_614' title='bbox 1130 2098 1296 2135; x_wconf 85' lang='grc' dir='ltr'>παχυμερῶς</span> <span class='ocrx_word' id='word_1_615' title='bbox 1306 2097 1393 2125; x_wconf 76' lang='grc' dir='ltr'>ἐτεσιν</span> <span class='ocrx_word' id='word_1_616' title='bbox 1407 2097 1448 2132; x_wconf 80' lang='grc' dir='ltr'><strong>ιβ’¹</strong></span> <span class='ocrx_word' id='word_1_617' title='bbox 1457 2097 1511 2124; x_wconf 75' lang='grc' dir='ltr'><strong>ἀπὸ</strong></span> <span class='ocrx_word' id='word_1_618' title='bbox 1521 2097 1549 2123; x_wconf 77' lang='grc' dir='ltr'>δὲ</span> <span class='ocrx_word' id='word_1_619' title='bbox 1561 2098 1673 2132; x_wconf 85' lang='grc' dir='ltr'>σημείου</span> <span class='ocrx_word' id='word_1_620' title='bbox 1687 2098 1735 2125; x_wconf 77' lang='grc' dir='ltr'><strong>ἐπὶ</strong></span> <span class='ocrx_word' id='word_1_621' title='bbox 1752 2102 1869 2135; x_wconf 60' lang='lat' dir='ltr'><strong>snperato</strong></span> 
     </span>
    </p>
   </div>
   <div class='ocr_carea' id='block_1_87' title="bbox 1071 2143 1869 2181">
    <p class='ocr_par' dir='ltr' id='par_1_87' title="bbox 1071 2143 1869 2181">
     <span class='ocr_line' id='line_1_87' title="bbox 1071 2143 1869 2181; baseline 0 -8"><span class='ocrx_word' id='word_1_622' title='bbox 1071 2145 1284 2173; x_wconf 79' lang='grc' dir='ltr'>ἀποκαθίσταται</span> <span class='ocrx_word' id='word_1_623' title='bbox 1301 2145 1329 2170; x_wconf 85' lang='grc' dir='ltr'><strong>ὲν</strong></span> <span class='ocrx_word' id='word_1_624' title='bbox 1346 2144 1474 2180; x_wconf 78' lang='grc' dir='ltr'>μυριάσιν</span> <span class='ocrx_word' id='word_1_625' title='bbox 1486 2143 1554 2170; x_wconf 81' lang='grc' dir='ltr'><strong>ὲτῶν</strong></span> <span class='ocrx_word' id='word_1_626' title='bbox 1568 2143 1601 2176; x_wconf 78' lang='grc' dir='ltr'><strong>ιζ’</strong></span> <span class='ocrx_word' id='word_1_627' title='bbox 1616 2144 1662 2170; x_wconf 77' lang='grc' dir='ltr'>καὶ</span> <span class='ocrx_word' id='word_1_628' title='bbox 1674 2144 1749 2172; x_wconf 76' lang='grc' dir='ltr'>ἔτεσι</span> <span class='ocrx_word' id='word_1_629' title='bbox 1766 2151 1823 2181; x_wconf 86' lang='grc' dir='ltr'>χ-κ’.</span> <span class='ocrx_word' id='word_1_630' title='bbox 1841 2147 1869 2173; x_wconf 91' lang='lat'><strong>&#39;0</strong></span> 
     </span>
    </p>
   </div>
   <div class='ocr_carea' id='block_1_88' title="bbox 1071 2189 1869 2227">
    <p class='ocr_par' dir='ltr' id='par_1_88' title="bbox 1071 2189 1869 2227">
     <span class='ocr_line' id='line_1_88' title="bbox 1071 2189 1869 2227; baseline 0 -8"><span class='ocrx_word' id='word_1_631' title='bbox 1071 2193 1099 2219; x_wconf 80' lang='grc' dir='ltr'>δὲ</span> <span class='ocrx_word' id='word_1_632' title='bbox 1113 2192 1158 2219; x_wconf 85' lang='grc' dir='ltr'><strong>τοῦ</strong></span> <span class='ocrx_word' id='word_1_633' title='bbox 1179 2192 1276 2227; x_wconf 84' lang='grc' dir='ltr'>Ἀρεος</span> <span class='ocrx_word' id='word_1_634' title='bbox 1293 2191 1464 2226; x_wconf 80' lang='grc' dir='ltr'>περιέρχεται</span> <span class='ocrx_word' id='word_1_635' title='bbox 1481 2189 1534 2216; x_wconf 76' lang='grc' dir='ltr'>ἀπὸ</span> <span class='ocrx_word' id='word_1_636' title='bbox 1546 2189 1640 2220; x_wconf 76' lang='grc' dir='ltr'>ζωδίου</span> <span class='ocrx_word' id='word_1_637' title='bbox 1657 2191 1705 2217; x_wconf 77' lang='grc' dir='ltr'><strong>ἐπὶ</strong></span> <span class='ocrx_word' id='word_1_638' title='bbox 1719 2191 1823 2224; x_wconf 77' lang='grc' dir='ltr'>ζώδιον</span> <span class='ocrx_word' id='word_1_639' title='bbox 1837 2192 1869 2219; x_wconf 77' lang='grc' dir='ltr'>δι’</span> 
     </span>
    </p>
   </div>
   <div class='ocr_carea' id='block_1_89' title="bbox 1072 2235 1870 2275">
    <p class='ocr_par' dir='ltr' id='par_1_89' title="bbox 1072 2235 1870 2275">
     <span class='ocr_line' id='line_1_89' title="bbox 1072 2235 1870 2275; baseline -0.001 -10"><span class='ocrx_word' id='word_1_640' title='bbox 1072 2238 1139 2265; x_wconf 80' lang='grc' dir='ltr'>ἐτῶν</span> <span class='ocrx_word' id='word_1_641' title='bbox 1161 2238 1217 2270; x_wconf 85' lang='grc' dir='ltr'><strong>δύο,</strong></span> <span class='ocrx_word' id='word_1_642' title='bbox 1233 2237 1280 2264; x_wconf 73' lang='grc' dir='ltr'>καὶ</span> <span class='ocrx_word' id='word_1_643' title='bbox 1303 2236 1356 2262; x_wconf 83' lang='grc' dir='ltr'><strong>ἀπὸ</strong></span> <span class='ocrx_word' id='word_1_644' title='bbox 1373 2235 1486 2271; x_wconf 85' lang='grc' dir='ltr'>σημείου</span> <span class='ocrx_word' id='word_1_645' title='bbox 1502 2236 1547 2262; x_wconf 72' lang='grc' dir='ltr'><strong>ἐπὶ</strong></span> <span class='ocrx_word' id='word_1_646' title='bbox 1559 2238 1670 2272; x_wconf 81' lang='grc' dir='ltr'>σημεῖον</span> <span class='ocrx_word' id='word_1_647' title='bbox 1686 2238 1717 2264; x_wconf 79' lang='grc' dir='ltr'><strong>ὲν</strong></span> <span class='ocrx_word' id='word_1_648' title='bbox 1733 2240 1870 2275; x_wconf 76' lang='grc' dir='ltr'>μυριὰσιν</span> 
     </span>
    </p>
   </div>
   <div class='ocr_carea' id='block_1_90' title="bbox 1073 2281 1870 2318">
    <p class='ocr_par' dir='ltr' id='par_1_90' title="bbox 1073 2281 1870 2318">
     <span class='ocr_line' id='line_1_90' title="bbox 1073 2281 1870 2318; baseline 0.001 -8"><span class='ocrx_word' id='word_1_649' title='bbox 1073 2284 1140 2310; x_wconf 84' lang='grc' dir='ltr'><strong>ὲτῶν</strong></span> <span class='ocrx_word' id='word_1_650' title='bbox 1159 2283 1201 2318; x_wconf 68' lang='grc' dir='ltr'>ιβ’.</span> <span class='ocrx_word' id='word_1_651' title='bbox 1223 2283 1251 2308; x_wconf 88' lang='grc' dir='ltr'>ὐ</span> <span class='ocrx_word' id='word_1_652' title='bbox 1270 2281 1298 2308; x_wconf 71' lang='grc' dir='ltr'>δὲ</span> <span class='ocrx_word' id='word_1_653' title='bbox 1317 2283 1365 2317; x_wconf 78' lang='grc' dir='ltr'>τῆς</span> <span class='ocrx_word' id='word_1_654' title='bbox 1396 2281 1554 2316; x_wconf 70' lang='grc' dir='ltr'>Ἀφροδίτης</span> <span class='ocrx_word' id='word_1_655' title='bbox 1565 2282 1587 2297; x_wconf 73' lang='grc'><strong>³⁵</strong></span> <span class='ocrx_word' id='word_1_656' title='bbox 1613 2282 1797 2318; x_wconf 78' lang='grc' dir='ltr'>περιέρχεται</span> <span class='ocrx_word' id='word_1_657' title='bbox 1817 2285 1870 2311; x_wconf 69' lang='grc' dir='ltr'>ἀπὸ</span> 
     </span>
    </p>
   </div>
   <div class='ocr_carea' id='block_1_91' title="bbox 233 2327 1020 2370">
    <p class='ocr_par' dir='ltr' id='par_1_91' title="bbox 233 2332 1020 2370">
     <span class='ocr_line' id='line_1_91' title="bbox 233 2332 1020 2370; baseline 0.006 -12"><span class='ocrx_word' id='word_1_658' title='bbox 233 2332 359 2359; x_wconf 86' lang='lat' dir='ltr'><strong>Mercurii</strong></span> <span class='ocrx_word' id='word_1_659' title='bbox 381 2333 477 2365; x_wconf 75' lang='lat' dir='ltr'><strong>stellae,</strong></span> <span class='ocrx_word' id='word_1_660' title='bbox 495 2333 586 2361; x_wconf 87' lang='lat' dir='ltr'><strong>itidem</strong></span> <span class='ocrx_word' id='word_1_661' title='bbox 603 2339 632 2361; x_wconf 89' lang='lat' dir='ltr'><strong>ut</strong></span> <span class='ocrx_word' id='word_1_662' title='bbox 653 2334 704 2365; x_wconf 81' lang='lat' dir='ltr'><strong>sol,</strong></span> <span class='ocrx_word' id='word_1_663' title='bbox 720 2335 754 2362; x_wconf 90' lang='lat' dir='ltr'><strong>ad</strong></span> <span class='ocrx_word' id='word_1_664' title='bbox 771 2334 798 2361; x_wconf 92' lang='lat' dir='ltr'><strong>id</strong></span> <span class='ocrx_word' id='word_1_665' title='bbox 814 2335 933 2370; x_wconf 79' lang='lat' dir='ltr'><strong>signum,</strong></span> <span class='ocrx_word' id='word_1_666' title='bbox 949 2335 1020 2363; x_wconf 88' lang='lat' dir='ltr'><strong>unde</strong></span> 
     </span>
    </p>
   </div>
   <div class='ocr_carea' id='block_1_92' title="bbox 1081 2327 1870 2370">
    <p class='ocr_par' dir='ltr' id='par_1_92' title="bbox 1081 2327 1870 2365">
     <span class='ocr_line' id='line_1_92' title="bbox 1081 2327 1870 2365; baseline 0.003 -10"><span class='ocrx_word' id='word_1_667' title='bbox 1081 2330 1165 2362; x_wconf 71' lang='grc' dir='ltr'>ζωδὶου</span> <span class='ocrx_word' id='word_1_668' title='bbox 1182 2329 1228 2356; x_wconf 73' lang='grc' dir='ltr'><strong>ἐπὶ</strong></span> <span class='ocrx_word' id='word_1_669' title='bbox 1245 2328 1340 2360; x_wconf 81' lang='grc' dir='ltr'>ζώδιον</span> <span class='ocrx_word' id='word_1_670' title='bbox 1355 2327 1426 2354; x_wconf 77' lang='grc' dir='ltr'>κατὰ</span> <span class='ocrx_word' id='word_1_671' title='bbox 1447 2327 1518 2362; x_wconf 80' lang='grc' dir='ltr'>μῆνα</span> <span class='ocrx_word' id='word_1_672' title='bbox 1533 2328 1679 2356; x_wconf 70' lang='grc' dir='ltr'>ἕκαστον-ό</span> <span class='ocrx_word' id='word_1_673' title='bbox 1693 2330 1723 2356; x_wconf 79' lang='grc' dir='ltr'>δὲ</span> <span class='ocrx_word' id='word_1_674' title='bbox 1736 2331 1820 2365; x_wconf 78' lang='grc' dir='ltr'>ἥλιος</span> <span class='ocrx_word' id='word_1_675' title='bbox 1842 2332 1870 2356; x_wconf 78' lang='grc' dir='ltr'>ἐν</span> 
     </span>
    </p>
   </div>
   <div class='ocr_carea' id='block_1_93' title="bbox 232 2375 1018 2414">
    <p class='ocr_par' dir='ltr' id='par_1_93' title="bbox 232 2375 1018 2414">
     <span class='ocr_line' id='line_1_93' title="bbox 232 2375 1018 2414; baseline 0.008 -12"><span class='ocrx_word' id='word_1_676' title='bbox 232 2375 362 2411; x_wconf 66' lang='lat' dir='ltr'><strong>profectae</strong></span> <span class='ocrx_word' id='word_1_677' title='bbox 387 2382 461 2410; x_wconf 86' lang='lat' dir='ltr'><strong>sunt,</strong></span> <span class='ocrx_word' id='word_1_678' title='bbox 481 2385 572 2406; x_wconf 85' lang='lat' dir='ltr'><strong>annuo</strong></span> <span class='ocrx_word' id='word_1_679' title='bbox 597 2379 742 2407; x_wconf 88' lang='lat' dir='ltr'><strong>intervallo</strong></span> <span class='ocrx_word' id='word_1_680' title='bbox 769 2380 1018 2414; x_wconf 83' lang='lat' dir='ltr'><strong>referuntur;nam</strong></span> 
     </span>
    </p>
   </div>
   <div class='ocr_carea' id='block_1_94' title="bbox 232 2422 1020 2459">
    <p class='ocr_par' dir='ltr' id='par_1_94' title="bbox 232 2422 1020 2459">
     <span class='ocr_line' id='line_1_94' title="bbox 232 2422 1020 2459; baseline 0.008 -11"><span class='ocrx_word' id='word_1_681' title='bbox 232 2429 302 2456; x_wconf 89' lang='lat' dir='ltr'><strong>pene</strong></span> <span class='ocrx_word' id='word_1_682' title='bbox 316 2422 410 2449; x_wconf 88' lang='lat' dir='ltr'><strong>eadem</strong></span> <span class='ocrx_word' id='word_1_683' title='bbox 427 2423 568 2451; x_wconf 84' lang='lat' dir='ltr'><strong>celeritate</strong></span> <span class='ocrx_word' id='word_1_684' title='bbox 583 2424 738 2459; x_wconf 89' lang='lat' dir='ltr'><strong>rapiuntur.</strong></span> <span class='ocrx_word' id='word_1_685' title='bbox 753 2425 794 2453; x_wconf 91' lang='lat' dir='ltr'><strong>0b</strong></span> <span class='ocrx_word' id='word_1_686' title='bbox 809 2426 836 2453; x_wconf 83' lang='lat' dir='ltr'><strong>id</strong></span> <span class='ocrx_word' id='word_1_687' title='bbox 854 2427 888 2454; x_wconf 89' lang='lat' dir='ltr'><strong>de</strong></span> <span class='ocrx_word' id='word_1_688' title='bbox 911 2427 1020 2454; x_wconf 86' lang='lat' dir='ltr'><strong>illarum</strong></span> 
     </span>
    </p>
   </div>
   <div class='ocr_carea' id='block_1_95' title="bbox 232 2467 1021 2507">
    <p class='ocr_par' dir='ltr' id='par_1_95' title="bbox 232 2467 1021 2507">
     <span class='ocr_line' id='line_1_95' title="bbox 232 2467 1021 2507; baseline 0.008 -13"><span class='ocrx_word' id='word_1_689' title='bbox 232 2467 287 2495; x_wconf 83' lang='lat' dir='ltr'><strong>situ</strong></span> <span class='ocrx_word' id='word_1_690' title='bbox 302 2469 490 2497; x_wconf 85' lang='lat' dir='ltr'><strong>controversia</strong></span> <span class='ocrx_word' id='word_1_691' title='bbox 501 2470 634 2497; x_wconf 88' lang='lat' dir='ltr'><strong>nascitur.</strong></span> <span class='ocrx_word' id='word_1_692' title='bbox 649 2470 752 2498; x_wconf 82' lang='lat' dir='ltr'><strong>Horum</strong></span> <span class='ocrx_word' id='word_1_693' title='bbox 770 2472 930 2507; x_wconf 88' lang='lat' dir='ltr'><strong>spatiorum,</strong></span> <span class='ocrx_word' id='word_1_694' title='bbox 947 2473 1021 2500; x_wconf 91' lang='lat' dir='ltr'><strong>velut</strong></span> 
     </span>
    </p>
   </div>
   <div class='ocr_carea' id='block_1_96' title="bbox 233 2512 1018 2552">
    <p class='ocr_par' dir='ltr' id='par_1_96' title="bbox 233 2512 1018 2552">
     <span class='ocr_line' id='line_1_96' title="bbox 233 2512 1018 2552; baseline 0.01 -14"><span class='ocrx_word' id='word_1_695' title='bbox 233 2512 434 2547; x_wconf 79' lang='lat' dir='ltr'><strong>pbtbongorum</strong></span> <span class='ocrx_word' id='word_1_696' title='bbox 450 2514 484 2541; x_wconf 91' lang='lat' dir='ltr'><strong>ab</strong></span> <span class='ocrx_word' id='word_1_697' title='bbox 500 2515 601 2542; x_wconf 89' lang='lat' dir='ltr'><strong>inlimis</strong></span> <span class='ocrx_word' id='word_1_698' title='bbox 624 2515 692 2543; x_wconf 88' lang='lat' dir='ltr'><strong>locis</strong></span> <span class='ocrx_word' id='word_1_699' title='bbox 707 2517 741 2544; x_wconf 90' lang='lat' dir='ltr'><strong>ad</strong></span> <span class='ocrx_word' id='word_1_700' title='bbox 765 2514 907 2545; x_wconf 81' lang='lat' dir='ltr'><strong>zodiacum</strong></span> <span class='ocrx_word' id='word_1_701' title='bbox 922 2526 1018 2552; x_wconf 88' lang='lat' dir='ltr'><strong>usque,</strong></span> 
     </span>
    </p>
   </div>
   <div class='ocr_carea' id='block_1_97' title="bbox 232 2558 1019 2597">
    <p class='ocr_par' dir='ltr' id='par_1_97' title="bbox 232 2558 1019 2597">
     <span class='ocr_line' id='line_1_97' title="bbox 232 2558 1019 2597; baseline 0.01 -13"><span class='ocrx_word' id='word_1_702' title='bbox 232 2558 404 2585; x_wconf 87' lang='lat' dir='ltr'><strong>intervallum</strong></span> <span class='ocrx_word' id='word_1_703' title='bbox 429 2560 565 2595; x_wconf 86' lang='lat' dir='ltr'><strong>ejusmodi</strong></span> <span class='ocrx_word' id='word_1_704' title='bbox 584 2566 625 2589; x_wconf 89' lang='lat' dir='ltr'><strong>est</strong></span> <span class='ocrx_word' id='word_1_705' title='bbox 643 2563 716 2597; x_wconf 82' lang='lat' dir='ltr'><strong>quod</strong></span> <span class='ocrx_word' id='word_1_706' title='bbox 740 2571 756 2590; x_wconf 91' lang='lat' dir='ltr'><strong>a</strong></span> <span class='ocrx_word' id='word_1_707' title='bbox 773 2564 887 2592; x_wconf 89' lang='lat' dir='ltr'><strong>musicis</strong></span> <span class='ocrx_word' id='word_1_708' title='bbox 907 2569 1019 2592; x_wconf 81' lang='lat' dir='ltr'><strong>vocatur</strong></span> 
     </span>
    </p>
   </div>
   <div class='ocr_carea' id='block_1_98' title="bbox 230 2604 372 2640">
    <p class='ocr_par' dir='ltr' id='par_1_98' title="bbox 230 2604 372 2640">
     <span class='ocr_line' id='line_1_98' title="bbox 230 2604 372 2640; baseline 0.014 -9"><span class='ocrx_word' id='word_1_709' title='bbox 230 2604 372 2640; x_wconf 81' lang='lat' dir='ltr'><strong>diapason.</strong></span> 
     </span>
    </p>
   </div>
   <div class='ocr_carea' id='block_1_99' title="bbox 268 2737 1019 2779">
    <p class='ocr_par' dir='ltr' id='par_1_99' title="bbox 268 2737 1019 2779">
     <span class='ocr_line' id='line_1_99' title="bbox 268 2737 1019 2779; baseline 0.013 -15"><span class='ocrx_word' id='word_1_710' title='bbox 268 2737 302 2764; x_wconf 85' lang='lat' dir='ltr'><strong>At</strong></span> <span class='ocrx_word' id='word_1_711' title='bbox 326 2738 457 2772; x_wconf 56' lang='lat' dir='ltr'><strong>Chaldaei,</strong></span> <span class='ocrx_word' id='word_1_712' title='bbox 473 2741 628 2768; x_wconf 86' lang='lat' dir='ltr'><strong>mortalium</strong></span> <span class='ocrx_word' id='word_1_713' title='bbox 647 2742 768 2770; x_wconf 90' lang='lat' dir='ltr'><strong>omnium</strong></span> <span class='ocrx_word' id='word_1_714' title='bbox 793 2743 873 2779; x_wconf 82' lang='lat' dir='ltr'><strong>longe</strong></span> <span class='ocrx_word' id='word_1_715' title='bbox 888 2745 1019 2774; x_wconf 69' lang='lat' dir='ltr'><strong>curiosis«</strong></span> 
     </span>
    </p>
   </div>
   <div class='ocr_carea' id='block_1_100' title="bbox 232 2786 1015 2825">
    <p class='ocr_par' dir='ltr' id='par_1_100' title="bbox 232 2786 1015 2825">
     <span class='ocr_line' id='line_1_100' title="bbox 232 2786 1015 2825; baseline 0.013 -14"><span class='ocrx_word' id='word_1_716' title='bbox 232 2786 304 2818; x_wconf 75' lang='lat' dir='ltr'><strong>simi,</strong></span> <span class='ocrx_word' id='word_1_717' title='bbox 317 2786 377 2813; x_wconf 83' lang='lat' dir='ltr'><strong>ausi</strong></span> <span class='ocrx_word' id='word_1_718' title='bbox 393 2791 458 2814; x_wconf 91' lang='lat' dir='ltr'><strong>sunt</strong></span> <span class='ocrx_word' id='word_1_719' title='bbox 466 2795 577 2816; x_wconf 89' lang='lat' dir='ltr'><strong>cursum</strong></span> <span class='ocrx_word' id='word_1_720' title='bbox 593 2789 659 2817; x_wconf 83' lang='lat' dir='ltr'><strong>solis</strong></span> <span class='ocrx_word' id='word_1_721' title='bbox 670 2793 752 2825; x_wconf 88' lang='lat' dir='ltr'><strong>atque</strong></span> <span class='ocrx_word' id='word_1_722' title='bbox 763 2790 843 2820; x_wconf 86' lang='lat' dir='ltr'><strong>horas</strong></span> <span class='ocrx_word' id='word_1_723' title='bbox 851 2791 1015 2821; x_wconf 88' lang='lat' dir='ltr'><strong>describere.</strong></span> 
     </span>
    </p>
   </div>
   <div class='ocr_carea' id='block_1_101' title="bbox 233 2829 1015 2870">
    <p class='ocr_par' dir='ltr' id='par_1_101' title="bbox 233 2829 1015 2870">
     <span class='ocr_line' id='line_1_101' title="bbox 233 2829 1015 2870; baseline 0.012 -14"><span class='ocrx_word' id='word_1_724' title='bbox 233 2829 338 2857; x_wconf 85' lang='lat' dir='ltr'><strong>Etenim</strong></span> <span class='ocrx_word' id='word_1_725' title='bbox 354 2831 448 2859; x_wconf 91' lang='lat' dir='ltr'><strong>horam</strong></span> <span class='ocrx_word' id='word_1_726' title='bbox 465 2833 549 2866; x_wconf 88' lang='lat' dir='ltr'><strong>illam,</strong></span> <span class='ocrx_word' id='word_1_727' title='bbox 560 2841 612 2868; x_wconf 88' lang='lat' dir='ltr'><strong>qua</strong></span> <span class='ocrx_word' id='word_1_728' title='bbox 626 2834 652 2860; x_wconf 93' lang='lat' dir='ltr'><strong>in</strong></span> <span class='ocrx_word' id='word_1_729' title='bbox 668 2834 839 2870; x_wconf 74' lang='lat' dir='ltr'><strong>:t-quinoctiis</strong></span> <span class='ocrx_word' id='word_1_730' title='bbox 849 2837 1015 2865; x_wconf 81' lang='lat' dir='ltr'><strong>constitutus</strong></span> 
     </span>
    </p>
   </div>
   <div class='ocr_carea' id='block_1_102' title="bbox 268 2919 645 2958">
    <p class='ocr_par' dir='ltr' id='par_1_102' title="bbox 268 2919 645 2958">
     <span class='ocr_line' id='line_1_102' title="bbox 268 2919 645 2958; baseline 0.011 -13"><span class='ocrx_word' id='word_1_731' title='bbox 268 2919 289 2935; x_wconf 84' lang='lat'><strong>&quot;</strong></span> <span class='ocrx_word' id='word_1_732' title='bbox 349 2920 413 2954; x_wconf 79' lang='grc' dir='ltr'>ἔχει.</span> <span class='ocrx_word' id='word_1_733' title='bbox 452 2921 474 2936; x_wconf 69' lang='grc'><strong>⁹⁶</strong></span> <span class='ocrx_word' id='word_1_734' title='bbox 489 2921 508 2954; x_wconf 81' lang='lat' dir='ltr'><strong>f.</strong></span> <span class='ocrx_word' id='word_1_735' title='bbox 525 2921 645 2958; x_wconf 78' lang='grc' dir='ltr'>σελήνης.</span> 
     </span>
    </p>
   </div>
   <div class='ocr_carea' id='block_1_103' title="bbox 1071 2373 1868 2411">
    <p class='ocr_par' dir='ltr' id='par_1_103' title="bbox 1071 2373 1868 2411">
     <span class='ocr_line' id='line_1_103' title="bbox 1071 2373 1868 2411; baseline 0.003 -10"><span class='ocrx_word' id='word_1_736' title='bbox 1071 2377 1124 2410; x_wconf 72' lang='grc' dir='ltr'>τξεν</span> <span class='ocrx_word' id='word_1_737' title='bbox 1138 2375 1255 2411; x_wconf 80' lang='grc' dir='ltr'>ἡμέραις</span> <span class='ocrx_word' id='word_1_738' title='bbox 1276 2374 1323 2400; x_wconf 79' lang='grc' dir='ltr'>καὶ</span> <span class='ocrx_word' id='word_1_739' title='bbox 1344 2373 1444 2408; x_wconf 65' lang='grc' dir='ltr'><strong>λείττῷ⁵</strong></span> <span class='ocrx_word' id='word_1_740' title='bbox 1461 2373 1490 2405; x_wconf 82' lang='grc' dir='ltr'>ὃς</span> <span class='ocrx_word' id='word_1_741' title='bbox 1505 2373 1536 2408; x_wconf 85' lang='grc' dir='ltr'>δὴ</span> <span class='ocrx_word' id='word_1_742' title='bbox 1556 2375 1652 2410; x_wconf 85' lang='grc' dir='ltr'>χρόνος</span> <span class='ocrx_word' id='word_1_743' title='bbox 1666 2376 1798 2403; x_wconf 80' lang='grc' dir='ltr'>καλεῖται</span> <span class='ocrx_word' id='word_1_744' title='bbox 1816 2378 1868 2403; x_wconf 61' lang='lat' dir='ltr'><strong>ivt—</strong></span> 
     </span>
    </p>
   </div>
   <div class='ocr_carea' id='block_1_104' title="bbox 1071 2419 1869 2457">
    <p class='ocr_par' dir='ltr' id='par_1_104' title="bbox 1071 2419 1869 2457">
     <span class='ocr_line' id='line_1_104' title="bbox 1071 2419 1869 2457; baseline -0.001 -8"><span class='ocrx_word' id='word_1_745' title='bbox 1071 2422 1152 2453; x_wconf 83' lang='grc' dir='ltr'>αυτὸς</span> <span class='ocrx_word' id='word_1_746' title='bbox 1165 2420 1286 2457; x_wconf 80' lang='grc' dir='ltr'>ὴλιακός.</span> <span class='ocrx_word' id='word_1_747' title='bbox 1310 2419 1424 2456; x_wconf 82' lang='grc' dir='ltr'>Ὁμοίως</span> <span class='ocrx_word' id='word_1_748' title='bbox 1441 2419 1469 2445; x_wconf 82' lang='grc' dir='ltr'>δὲ</span> <span class='ocrx_word' id='word_1_749' title='bbox 1485 2420 1556 2446; x_wconf 79' lang='grc' dir='ltr'>καὶὸ</span> <span class='ocrx_word' id='word_1_750' title='bbox 1570 2420 1619 2455; x_wconf 75' lang='grc' dir='ltr'><strong>τῆς</strong></span> <span class='ocrx_word' id='word_1_751' title='bbox 1639 2420 1806 2457; x_wconf 75' lang='grc' dir='ltr'>Ἀφροδίτης</span> <span class='ocrx_word' id='word_1_752' title='bbox 1823 2423 1869 2448; x_wconf 72' lang='grc' dir='ltr'>καὶ</span> 
     </span>
    </p>
   </div>
   <div class='ocr_carea' id='block_1_105' title="bbox 1070 2466 1868 2504">
    <p class='ocr_par' dir='ltr' id='par_1_105' title="bbox 1070 2466 1868 2504">
     <span class='ocr_line' id='line_1_105' title="bbox 1070 2466 1868 2504; baseline -0.004 -9"><span class='ocrx_word' id='word_1_753' title='bbox 1070 2469 1118 2496; x_wconf 78' lang='grc' dir='ltr'><strong>τοῦ</strong></span> <span class='ocrx_word' id='word_1_754' title='bbox 1136 2466 1238 2504; x_wconf 84' lang='grc' dir='ltr'>Ἐρμοῦ</span> <span class='ocrx_word' id='word_1_755' title='bbox 1254 2467 1301 2493; x_wconf 77' lang='grc' dir='ltr'>σὺν</span> <span class='ocrx_word' id='word_1_756' title='bbox 1314 2466 1353 2501; x_wconf 80' lang='grc' dir='ltr'>τῷ</span> <span class='ocrx_word' id='word_1_757' title='bbox 1367 2466 1434 2502; x_wconf 77' lang='grc' dir='ltr'>ἡλίῳ</span> <span class='ocrx_word' id='word_1_758' title='bbox 1450 2466 1484 2492; x_wconf 87' lang='grc' dir='ltr'><strong>δι’</strong></span> <span class='ocrx_word' id='word_1_759' title='bbox 1498 2466 1621 2493; x_wconf 76' lang='grc' dir='ltr'>ἐνιαυτοῦ</span> <span class='ocrx_word' id='word_1_760' title='bbox 1636 2467 1691 2493; x_wconf 81' lang='grc' dir='ltr'><strong>ἀπὸ</strong></span> <span class='ocrx_word' id='word_1_761' title='bbox 1708 2467 1810 2500; x_wconf 79' lang='grc' dir='ltr'>ζωδίου</span> <span class='ocrx_word' id='word_1_762' title='bbox 1823 2469 1868 2493; x_wconf 74' lang='grc' dir='ltr'><strong>ἐπὶ</strong></span> 
     </span>
    </p>
   </div>
   <div class='ocr_carea' id='block_1_106' title="bbox 1071 2509 1868 2549">
    <p class='ocr_par' dir='ltr' id='par_1_106' title="bbox 1071 2509 1868 2549">
     <span class='ocr_line' id='line_1_106' title="bbox 1071 2509 1868 2549; baseline -0.003 -7"><span class='ocrx_word' id='word_1_763' title='bbox 1071 2515 1165 2548; x_wconf 79' lang='grc' dir='ltr'>ζὼδιον</span> <span class='ocrx_word' id='word_1_764' title='bbox 1182 2509 1393 2549; x_wconf 59' lang='grc' dir='ltr'>παραγίνονταΓ</span> <span class='ocrx_word' id='word_1_765' title='bbox 1409 2513 1502 2548; x_wconf 76' lang='grc' dir='ltr'>σχεδὸν</span> <span class='ocrx_word' id='word_1_766' title='bbox 1514 2513 1567 2549; x_wconf 85' lang='grc' dir='ltr'><strong>γὰρ</strong></span> <span class='ocrx_word' id='word_1_767' title='bbox 1583 2514 1719 2548; x_wconf 80' lang='grc' dir='ltr'>ἰσοταχεῖς</span> <span class='ocrx_word' id='word_1_768' title='bbox 1739 2515 1806 2542; x_wconf 73' lang='grc' dir='ltr'>εἱσι.</span> <span class='ocrx_word' id='word_1_769' title='bbox 1823 2515 1868 2540; x_wconf 61' lang='grc' dir='ltr'><strong>Διὶ</strong></span> 
     </span>
    </p>
   </div>
   <div class='ocr_carea' id='block_1_107' title="bbox 1070 2559 1866 2595">
    <p class='ocr_par' dir='ltr' id='par_1_107' title="bbox 1070 2559 1866 2595">
     <span class='ocr_line' id='line_1_107' title="bbox 1070 2559 1866 2595; baseline -0.003 -7"><span class='ocrx_word' id='word_1_770' title='bbox 1070 2562 1118 2589; x_wconf 75' lang='grc' dir='ltr'>καὶ</span> <span class='ocrx_word' id='word_1_771' title='bbox 1134 2561 1265 2595; x_wconf 82' lang='grc' dir='ltr'>διάφωνος</span> <span class='ocrx_word' id='word_1_772' title='bbox 1275 2560 1362 2587; x_wconf 80' lang='grc' dir='ltr'>αὐτῶν</span> <span class='ocrx_word' id='word_1_773' title='bbox 1380 2561 1396 2595; x_wconf 81' lang='grc' dir='ltr'>ὴ</span> <span class='ocrx_word' id='word_1_774' title='bbox 1415 2560 1500 2592; x_wconf 83' lang='grc' dir='ltr'>τάξις.</span> <span class='ocrx_word' id='word_1_775' title='bbox 1516 2559 1624 2586; x_wconf 76' lang='grc' dir='ltr'>Τούτων</span> <span class='ocrx_word' id='word_1_776' title='bbox 1638 2560 1671 2595; x_wconf 81' lang='grc' dir='ltr'>δὴ</span> <span class='ocrx_word' id='word_1_777' title='bbox 1685 2560 1738 2587; x_wconf 81' lang='grc' dir='ltr'><strong>τῶν</strong></span> <span class='ocrx_word' id='word_1_778' title='bbox 1752 2561 1866 2594; x_wconf 64' lang='grc' dir='ltr'>διαστη-</span> 
     </span>
    </p>
   </div>
   <div class='ocr_carea' id='block_1_108' title="bbox 1073 2604 1865 2642">
    <p class='ocr_par' dir='ltr' id='par_1_108' title="bbox 1073 2604 1865 2642">
     <span class='ocr_line' id='line_1_108' title="bbox 1073 2604 1865 2642; baseline -0.004 -8"><span class='ocrx_word' id='word_1_779' title='bbox 1073 2607 1165 2642; x_wconf 81' lang='grc' dir='ltr'>μάτων</span> <span class='ocrx_word' id='word_1_780' title='bbox 1180 2606 1234 2632; x_wconf 85' lang='grc' dir='ltr'>τῶν</span> <span class='ocrx_word' id='word_1_781' title='bbox 1248 2605 1373 2640; x_wconf 82' lang='grc' dir='ltr'>φθόγγων</span> <span class='ocrx_word' id='word_1_782' title='bbox 1387 2605 1442 2632; x_wconf 83' lang='grc' dir='ltr'>ἀπὸ</span> <span class='ocrx_word' id='word_1_783' title='bbox 1458 2605 1512 2632; x_wconf 86' lang='grc' dir='ltr'><strong>τῶν</strong></span> <span class='ocrx_word' id='word_1_784' title='bbox 1532 2604 1681 2632; x_wconf 83' lang='grc' dir='ltr'>κατωτάτω</span> <span class='ocrx_word' id='word_1_785' title='bbox 1695 2606 1790 2632; x_wconf 81' lang='grc' dir='ltr'>τόπων</span> <span class='ocrx_word' id='word_1_786' title='bbox 1816 2606 1865 2640; x_wconf 79' lang='grc' dir='ltr'>μέ-</span> 
     </span>
    </p>
   </div>
   <div class='ocr_carea' id='block_1_109' title="bbox 1070 2651 1866 2689">
    <p class='ocr_par' dir='ltr' id='par_1_109' title="bbox 1070 2651 1866 2689">
     <span class='ocr_line' id='line_1_109' title="bbox 1070 2651 1866 2689; baseline -0.003 -9"><span class='ocrx_word' id='word_1_787' title='bbox 1070 2663 1116 2689; x_wconf 88' lang='grc' dir='ltr'><strong>χρι</strong></span> <span class='ocrx_word' id='word_1_788' title='bbox 1137 2652 1184 2680; x_wconf 80' lang='grc' dir='ltr'><strong>τοῦ</strong></span> <span class='ocrx_word' id='word_1_789' title='bbox 1207 2652 1339 2684; x_wconf 78' lang='grc' dir='ltr'>ζωδιακοῦ</span> <span class='ocrx_word' id='word_1_790' title='bbox 1356 2652 1459 2686; x_wconf 82' lang='grc' dir='ltr'>γίνεται</span> <span class='ocrx_word' id='word_1_791' title='bbox 1481 2651 1618 2686; x_wconf 82' lang='grc' dir='ltr'>διάστημα</span> <span class='ocrx_word' id='word_1_792' title='bbox 1635 2653 1799 2687; x_wconf 81' lang='grc' dir='ltr'>συμφωνίας</span> <span class='ocrx_word' id='word_1_793' title='bbox 1818 2653 1866 2685; x_wconf 73' lang='grc' dir='ltr'>τῆς</span> 
     </span>
    </p>
   </div>
   <div class='ocr_carea' id='block_1_110' title="bbox 1071 2697 1705 2736">
    <p class='ocr_par' dir='ltr' id='par_1_110' title="bbox 1071 2697 1705 2736">
     <span class='ocr_line' id='line_1_110' title="bbox 1071 2697 1705 2736; baseline -0.005 -9"><span class='ocrx_word' id='word_1_794' title='bbox 1071 2700 1147 2736; x_wconf 80' lang='grc' dir='ltr'>παρὰ</span> <span class='ocrx_word' id='word_1_795' title='bbox 1165 2701 1221 2730; x_wconf 86' lang='grc' dir='ltr'>τοῖς</span> <span class='ocrx_word' id='word_1_796' title='bbox 1237 2699 1374 2734; x_wconf 87' lang='grc' dir='ltr'>μουσικοῖς</span> <span class='ocrx_word' id='word_1_797' title='bbox 1386 2698 1535 2733; x_wconf 78' lang='grc' dir='ltr'>λεγομένης</span> <span class='ocrx_word' id='word_1_798' title='bbox 1553 2697 1705 2724; x_wconf 80' lang='grc' dir='ltr'>διαπασῶν.</span> 
     </span>
    </p>
   </div>
   <div class='ocr_carea' id='block_1_111' title="bbox 1101 2743 1866 2780">
    <p class='ocr_par' dir='ltr' id='par_1_111' title="bbox 1101 2743 1866 2780">
     <span class='ocr_line' id='line_1_111' title="bbox 1101 2743 1866 2780; baseline -0.007 -8"><span class='ocrx_word' id='word_1_799' title='bbox 1101 2745 1234 2772; x_wconf 78' lang='grc' dir='ltr'>’Χαλδαῖοι</span> <span class='ocrx_word' id='word_1_800' title='bbox 1255 2745 1293 2777; x_wconf 76' lang='grc' dir='ltr'><strong>δὲ,</strong></span> <span class='ocrx_word' id='word_1_801' title='bbox 1310 2744 1515 2780; x_wconf 78' lang='grc' dir='ltr'>περιεργότατοι</span> <span class='ocrx_word' id='word_1_802' title='bbox 1537 2744 1689 2780; x_wconf 61' lang='grc' dir='ltr'>γενόμενος,</span> <span class='ocrx_word' id='word_1_803' title='bbox 1708 2743 1866 2778; x_wconf 70' lang='grc' dir='ltr'>ἐτόλμησα-ι</span> 
     </span>
    </p>
   </div>
   <div class='ocr_carea' id='block_1_112' title="bbox 1070 2788 1866 2826">
    <p class='ocr_par' dir='ltr' id='par_1_112' title="bbox 1070 2788 1866 2826">
     <span class='ocr_line' id='line_1_112' title="bbox 1070 2788 1866 2826; baseline -0.005 -8"><span class='ocrx_word' id='word_1_804' title='bbox 1070 2791 1117 2818; x_wconf 66' lang='grc' dir='ltr'><strong>τοῦ</strong></span> <span class='ocrx_word' id='word_1_805' title='bbox 1135 2791 1209 2826; x_wconf 80' lang='grc' dir='ltr'>ἡλίου</span> <span class='ocrx_word' id='word_1_806' title='bbox 1226 2792 1270 2817; x_wconf 75' lang='grc' dir='ltr'><strong>τδν</strong></span> <span class='ocrx_word' id='word_1_807' title='bbox 1285 2791 1383 2826; x_wconf 77' lang='grc' dir='ltr'>δρόμον</span> <span class='ocrx_word' id='word_1_808' title='bbox 1397 2790 1442 2816; x_wconf 79' lang='grc' dir='ltr'>καὶ</span> <span class='ocrx_word' id='word_1_809' title='bbox 1456 2789 1505 2821; x_wconf 80' lang='grc' dir='ltr'>τὰς</span> <span class='ocrx_word' id='word_1_810' title='bbox 1520 2789 1593 2825; x_wconf 86' lang='grc' dir='ltr'>ὥρας</span> <span class='ocrx_word' id='word_1_811' title='bbox 1607 2789 1790 2825; x_wconf 82' lang='grc' dir='ltr'>διορίσασθαι-</span> <span class='ocrx_word' id='word_1_812' title='bbox 1810 2788 1866 2821; x_wconf 70' lang='grc' dir='ltr'><strong>Τὴν</strong></span> 
     </span>
    </p>
   </div>
   <div class='ocr_carea' id='block_1_113' title="bbox 1071 2834 1867 2872">
    <p class='ocr_par' dir='ltr' id='par_1_113' title="bbox 1071 2834 1867 2872">
     <span class='ocr_line' id='line_1_113' title="bbox 1071 2834 1867 2872; baseline -0.003 -9"><span class='ocrx_word' id='word_1_813' title='bbox 1071 2837 1123 2872; x_wconf 68' lang='grc' dir='ltr'>γὰρ</span> <span class='ocrx_word' id='word_1_814' title='bbox 1147 2839 1173 2865; x_wconf 70' lang='grc' dir='ltr'>ἐν</span> <span class='ocrx_word' id='word_1_815' title='bbox 1197 2838 1255 2868; x_wconf 80' lang='grc' dir='ltr'>ταῖς</span> <span class='ocrx_word' id='word_1_816' title='bbox 1278 2835 1430 2872; x_wconf 80' lang='grc' dir='ltr'>ἰσημερίαις</span> <span class='ocrx_word' id='word_1_817' title='bbox 1454 2835 1527 2871; x_wconf 81' lang='grc' dir='ltr'>ὥραν</span> <span class='ocrx_word' id='word_1_818' title='bbox 1550 2835 1644 2868; x_wconf 79' lang='grc' dir='ltr'>αὑτοῦ,</span> <span class='ocrx_word' id='word_1_819' title='bbox 1665 2835 1724 2862; x_wconf 82' lang='grc' dir='ltr'>καθ’</span> <span class='ocrx_word' id='word_1_820' title='bbox 1739 2835 1774 2870; x_wconf 80' lang='grc' dir='ltr'>ἧν</span> <span class='ocrx_word' id='word_1_821' title='bbox 1800 2834 1867 2861; x_wconf 60' lang='lat' dir='ltr'><strong>Em;</strong></span> 
     </span>
    </p>
   </div>
  </div>
