1913 3136
51 224 104 252 957

444 226 603 256 AClllLLlS
619 227 711 256 ΤΔΤΙΙ
731 226 850 256 ιδΑοοε

904 228 945 255 AD
963 227 1068 255 ARATI
1087 228 1321 258 ΡΗᾹΞΝΟΜΕΝΑ.

1637 229 1682 256 158

53 282 195 317 διέρχεται
212 283 264 310 τὸν
276 283 365 324 πόλον,
381 286 420 316 εἰς
431 284 453 310 λ’
469 286 547 322 ὅρους
563 287 727 322 μερίζουσιν·
740 286 809 314 ὥστε
825 287 850 314 τί

907 288 998 323 polum
1015 296 1048 316 ex
1063 295 1140 324 aequo
1154 289 1321 316 transeundo
1338 289 1444 322 dividit,
1459 290 1487 315 in
1497 288 1615 316 tricenos
1631 293 1685 316 ter-

54 327 75 354 λ(
91 327 182 363 μέρος
199 328 258 363 τῆς
272 321 356 364 ὥρας,
369 329 419 365 τῆς
433 330 462 356 ὲν
474 332 506 367 τῇ
522 321 663 368 ίσημεγρινῇ
675 332 778 368 ἡμέρᾳ,
791 332 853 367 ὅρον

55 373 187 407 λέγεσθαι
218 375 270 401 τοῦ
292 374 391 410 δρόμου
416 375 464 402 τοῦ
488 376 574 411 ἡλίου.
596 378 711 412 Λέγουσι
725 377 754 404 δὲ
774 377 853 404 πάλιν

54 418 151 454 ἀνδρὸς
178 419 310 454 πορείαν,
330 421 398 456 μήτε
417 421 558 457 τρέχοντος
586 424 654 458 μήτε
671 423 763 459 ἠρέμα
780 423 851 458 βαδί-

54 464 159 496 ζοντος,
171 465 247 501 μήτε
265 465 390 500 γέροντος
407 467 475 502 μήτε
490 468 594 500 παιδὸς,
603 467 652 504 τὴν
662 468 774 503 πορείαν
784 466 852 495 εῖναι

54 509 102 536 τοῦ
118 509 214 544 ἡλίου,
233 510 281 537 καὶ
296 510 317 536 λ’
334 511 447 538 σταδίων
457 512 586 548 καθαρῶν
599 511 679 540 εἶναι.

94 555 210 591 Ἐπειδὴ
225 556 257 582 δὲ
272 555 384 592 εἴπομεν
396 557 648 594 καθυποϐεὸηκέναι
660 559 723 591 τοὺς
736 560 852 595 ἀστέρας

52 601 116 632 τοὺς
141 601 290 638 πλάνητας
308 602 361 631 τῶν
383 603 484 636 ἐπάνω,
498 605 545 631 καὶ
558 605 606 641 τὴν
622 606 752 633 ἀνωτάτω
765 606 851 641 ζώνην

54 647 127 682 ἔχειν
150 647 202 675 τὸν
231 648 280 675 τοῦ
303 650 418 684 Κρόνου,
433 651 483 686 τὴν
502 651 531 677 δὲ
555 652 623 687 μετὰ
638 652 738 689 ταύτην
750 653 795 679 τὸν
806 652 851 678 τοῦ

53 694 126 728 Διὸς,
142 694 196 731 τὴν
213 694 246 721 δὲ
261 696 355 732 τρίτην
367 696 411 723 τδν
423 696 470 723 τοῦ
486 698 593 733 Ἀρεος,
605 699 652 726 καὶ
670 698 784 734 καθεξῆς
798 699 851 726 τῶν

55 739 143 766 ἄλλων
152 748 160 755 ·
179 739 251 772 ἴσως
264 741 297 768 ἂν
313 741 440 778 ζητήσειέ
453 751 494 775 τις
505 743 563 775 πῶς
577 753 677 780 φαμεν,
690 746 714 771 εἰ
725 744 795 772 οὕτω
806 745 851 771 τύ-

57 792 109 818 χοι,
125 785 236 820 Κρόνον
250 786 298 812 καὶ
312 786 387 822 ἥλιον
404 789 432 814 ἐν
447 788 525 824 Κριῷ
542 787 609 816 εἶναι
621 798 628 804 ·
639 790 656 825 ἢ
677 790 790 825 σελήνην
805 791 852 817 καὶ

57 829 106 856 Δία
132 831 162 857 ὲν
188 831 307 867 Ταύρῳ·
322 832 338 868 ἢ
353 833 449 865 ἄλλους
477 835 553 866 τινὰς
569 835 686 871 ἀστέρας
703 836 809 862 σύνοδον
817 837 850 868 ’⁷,

56 876 137 903 ὁπότε
151 877 190 913 μή
211 878 284 906 εἰσιν
300 880 329 905 ὲν
344 879 382 914 τῷ
397 880 471 915 αὐτῴ
488 881 550 916 ὕψει
565 883 718 917 φερόμενοι.
736 882 850 909 Λεκτέον

57 921 144 953 sum
155 923 204 950 ὑπ’
212 923 346 959 ἀλλήλους
358 925 434 957 ὄντες
444 926 503 952 τότε
519 926 641 959 συνόδους
652 926 850 959 ποιοῦσιν,ὀταν

61 963 129 990 κατὰ
142 964 263 992 κάθετον
278 965 399 1001 ἀλλήλων
426 967 566 1001 γένωνται.
584 969 688 996 Ειδέναι
703 969 731 996 δὲ
741 969 803 1005 χρὴ.
816 969 853 1001 ὡς

58 1009 83 1035 οἱ
93 1009 260 1046 ἀστρονόμοι
279 1011 381 1039 διδόασι
397 1011 483 1044 ζώνας
496 1013 548 1040 τῶν
565 1014 707 1049 πλανήτων
719 1015 850 1050 ἀστέρων.

66 1055 94 1081 Ὀ
118 1056 148 1081 δὲ
177 1057 295 1084 Πλάτων
324 1058 441 1094 σφαίρας
465 1058 534 1086 εἶναι
547 1059 620 1094 λέγει
639 1061 701 1095 μίαν
718 1060 770 1087 ὑπὸ
787 1061 851 1096 μίαν

61 1101 176 1138 ἑκάστῳ.
199 1103 229 1130 '0
244 1103 274 1130 δὲ
290 1105 416 1140 Ἄρατος,
431 1105 494 1140 περὶ
511 1105 564 1133 τῶν
578 1106 657 1133 πέντε
673 1106 760 1141 λέγειν
782 1115 851 1142 παρ-

62 1149 256 1184 αιτησάμενος,
275 1151 344 1185 μετὰ
360 1151 410 1187 τὴν
431 1152 486 1178 τῶν
505 1152 674 1187 φαινομένων
691 1152 772 1184 δεῖξιν
787 1152 851 1188 περὶ

62 1193 133 1228 ἡλίου
147 1196 196 1221 καὶ
215 1195 333 1232 σελήνης
345 1197 428 1231 λέγει.

93 1288 153 1314 Τῶν
176 1288 206 1315 δὲ
233 1289 357 1325 ἀστέρων
379 1291 403 1317 οἱ
423 1290 473 1326 μὲν
498 1290 626 1323 ἀπλανεῖς
645 1292 793 1327 ὲναρήρασι
811 1291 850 1327 τῷ

62 1334 176 1370 οὐρανῷ,
194 1336 244 1362 καί
269 1337 338 1363 εἰσιν
366 1336 489 1372 ἀκίνητοι
519 1337 587 1365 κατὰ
608 1337 654 1364 τὸν
673 1338 736 1364 ῐδιον
755 1337 847 1372 λόγον·

64 1382 316 1418 συμπεριφέρονται
333 1383 361 1410 δὲ
384 1385 415 1419 τῇ
435 1383 508 1420 ῥύμῃ
523 1384 570 1411 τοῦ
589 1384 712 1420 οὐρανοῦ,
721 1385 765 1410 ἀεὶ
782 1384 850 1411 κατὰ

64 1427 96 1453 τὰ
122 1428 192 1456 αὐτὰ
216 1429 266 1455 καὶ
288 1429 418 1461 ὡσαύτως
438 1429 561 1462 δύνοντες
584 1430 629 1456 καὶ
646 1430 847 1462 ἀνατέλλοντες·

63 1472 101 1500 διὸ
123 1474 170 1500 καὶ
200 1475 334 1507 ἀπλανεῖς
355 1475 525 1511 ἐκλήθησαν.
539 1475 629 1502 Ἀλλοι
647 1476 676 1502 δέ
698 1476 765 1502 εἰσιν
781 1475 850 1502 ἑπτὰ

65 1519 175 1556 ἀστέρες
192 1521 343 1556 κατωτέρω
368 1521 414 1548 τοῦ
437 1522 551 1558 οὐρανοῦ
575 1523 603 1548 ὲν
627 1522 666 1557 τῷ
687 1523 790 1558 ἀέριη,
804 1522 851 1548 καὶ

66 1564 133 1597 ἰδίως
147 1567 195 1593 καὶ¹
217 1568 289 1602 μετά
310 1567 356 1594 τοῦ
375 1568 488 1602 οὐρανοῦ
504 1567 672 1604 κινούμενοι·
690 1569 787 1600 οἵτινες
811 1568 850 1603 τῷ

65 1611 130 1638 ίδίαν
157 1613 266 1648 κίνησιν
299 1613 380 1648 ἔχειν,
401 1614 446 1640 καὶ
478 1615 515 1650 μὴ
539 1615 671 1652 ἀρηρέναι
683 1615 720 1651 τῷ
733 1615 848 1652 οὐρανῷ,

66 1657 119 1685 ἀλλ’
135 1659 164 1686 ἐν
178 1659 218 1695 τῷ
236 1659 324 1695 αἰθέρι
342 1660 480 1695 φέρεσθαι,
495 1660 556 1687 οὔτε
570 1661 642 1688 κατὰ
652 1662 687 1688 τὰ
703 1661 771 1688 αὺτά
789 1661 849 1688 οὔτε

65 1702 191 1737 ὡσαύτως
204 1706 380 1732 ἀνατέλλὸυσι
390 1716 397 1722 ·
411 1707 450 1733 διὸ
464 1707 533 1742 πρὸς
549 1707 691 1743 σύγκρισιν
702 1707 755 1735 τῶν
765 1708 852 1735 ἀπλα-

66 1748 115 1775 νῶν
129 1750 267 1786 πλάνητες
285 1752 419 1785 λέγονται.
435 1753 467 1779 Θί
481 1753 511 1779 δὲ
531 1754 709 1789 Πυθαγόρειοι
724 1754 753 1780 οὐ
772 1754 851 1789 μόνον

66 1795 125 1826 τοὺς
148 1796 289 1833 πλάνητας
310 1798 378 1825 ἰδίαν
391 1798 497 1834 κίνησιν
520 1799 591 1834 ἔχειν
615 1799 786 1834 φασὶν,ἀλλὰ
805 1801 851 1826 καὶ

67 1840 125 1872 τοὺς
144 1843 292 1875 ἀπλανεῖς·
310 1844 381 1871 οὕτω
407 1845 497 1879 μέντοι
514 1845 647 1872 κινεῖσθαι
663 1845 701 1877 ὡς
716 1845 851 1881 τρύπανον

68 1884 284 1921 περιδινούμενον
304 1890 368 1923 περὶ
380 1888 427 1915 τὺν
442 1889 524 1915 αὐτὸν
541 1890 633 1917 τόπον.
652 1890 801 1916 Ἐκλείπειν
823 1891 850 1917 δὲ

67 1929 175 1963 ἕκαστος
197 1934 260 1960 τότε
276 1934 330 1961 τῶν
348 1935 471 1971 ἀστέρων
482 1936 564 1968 δοκεῖ,
576 1937 631 1968 ὅτε,
645 1937 850 1973 προηειότερος

68 1976 145 2004 αὑτοῦ
162 1980 233 2007 κατὰ
249 1981 363 2008 κάθετον
375 1982 529 2017 γενόμενος,
544 1983 694 2011 ὑπεισέλοοι
708 1983 756 2019 τὴν
766 1984 851 2020 αὐγὴν

68 2022 111 2048 τοῦ
130 2024 213 2059 ἡλίου.

364 2126 433 2161 Περὶ
453 2127 551 2160 ἡλίου.

101 2166 143 2194 ιθ¹.
165 2169 263 2196 Πολλοὶ
290 2170 344 2197 τῶν
371 2172 590 2207 ἐπιφανεστέρων
603 2173 667 2208 περὶ
679 2173 700 2189 ⁹⁹
715 2172 789 2208 ἡλίου
805 2172 852 2199 καί

71 2212 179 2250 σελήνης
207 2217 482 2252 ἐπραγματεύσαντο·
511 2218 563 2254 ἰδίᾳ
589 2218 617 2245 δὲ
638 2219 685 2245 καὶ
712 2219 776 2254 περὶ
798 2219 850 2245 τῶν

70 2258 154 2286 πέντε.
181 2262 226 2288 Διὸ
251 2263 298 2290 καὶ
320 2264 436 2298 Ἀρατος
459 2264 530 2296 ἰδίως
555 2265 604 2299 μὲν
626 2265 689 2300 περὶ
712 2265 786 2300 ἡλίου
804 2265 851 2291 καὶ

70 2304 180 2342 σελήνης
204 2309 273 2345 πρὸς
286 2310 324 2345 τῷ
338 2310 410 2336 τέλει
425 2310 474 2345 τῆς
496 2312 631 2346 ποιήσεως
650 2310 736 2343 εἶπεν,
756 2312 808 2347 ἰδίᾳ
826 2312 854 2338 δὲ

69 2352 130 2386 περὶ
143 2354 196 2380 τῶν
210 2356 292 2382 πέντε
307 2357 336 2383 ὲν
343 2356 383 2391 τῷ
397 2357 608 2392 ἐπιγραφομένῳ
618 2359 737 2386 Κανόνι.
751 2359 806 2394 Τὴν
822 2359 850 2385 δὲ

69 2396 159 2426 οὐσίαν
175 2401 221 2427 τοῦ
244 2402 318 2437 ήλίου
331 2402 444 2431 Πλάτων
465 2403 619 2438 περιέργως
636 2405 668 2430 ὲκ
683 2404 768 2451 πυρὸς
782 2403 850 2431 εἷναί

71 2449 133 2477 φησι
142 2452 149 2460 ’
164 2447 236 2479 τινὲς
248 2448 276 2474 δὲ
287 2448 341 2475 τῶν
355 2449 476 2483 φυσικῶν
487 2449 516 2487 ἐξ
525 2447 733 2484 ἀναθυμιάσεως
744 2451 795 2485 γῆς
804 2450 852 2477 καὶ

70 2489 154 2522 νεφῶν
170 2493 250 2521 αὑτὸν
264 2492 343 2529 εῖναι.
366 2495 550 2531 Ἀναξαγόρας
562 2495 662 2531 μύδρον
678 2497 757 2524 αὑτὸν
771 2495 829 2523 εἶπε
840 2505 847 2512 ·

69 2535 190 2571 Φιλόλαος
215 2541 260 2575 δὲ,
278 2542 308 2568 τὸ
334 2542 457 2579 πυρῶδες
477 2543 523 2571 καὶ
541 2543 650 2577 διαυγὲς
679 2543 850 2578 λαμϐάνοντα

71 2580 168 2611 ἄνωθεν
185 2586 239 2613 ἀπὺ
251 2588 297 2614 τοῦ
316 2589 436 2624 αἰθερίου
450 2589 546 2624 πυρὸς,
559 2589 627 2624 πρὸς
639 2590 713 2625 ἡμᾶς
736 2589 851 2625 πέμπειν

69 2633 116 2661 την
131 2631 216 2667 αὐγὴν
232 2633 275 2663 διά
295 2643 375 2661 τινων
395 2635 591 2670 ἀραιωμάτων·
609 2635 677 2662 ὥστε
694 2636 754 2662 κατ’
771 2636 851 2663 αὑτὸν

71 2675 175 2706 ’τρισσὸν
197 2676 266 2707 εἶναι
290 2680 337 2707 τὸν
356 2681 447 2716 ἥλιον·
472 2681 502 2707 τὸ
522 2681 571 2716 μὲν
590 2682 643 2708 ἀπὸ
658 2680 706 2708 τοῦ
729 2681 849 2717 αἰθερίου

72 2720 161 2767 ξξδρξίτ
177 2724 209 2750 τὸ
223 2726 251 2752 δὲ
263 2727 310 2753 ἀπ’
326 2727 431 2754 ἐκείνου
444 2728 620 2763 πεμπόμενον
631 2728 677 2754 ἐπὶ
690 2728 735 2754 τὸν
751 2728 851 2754 ὑελαι-

72 2759 101 2797 δῆ
118 2764 161 2791 ὑπ’
176 2769 258 2796 αὐτοῦ
274 2771 418 2807 λεγόμενον
436 2759 527 2808 ἥλιον·
541 2759 572 2798 τὸ
585 2772 615 2798 δὲ
635 2773 689 2799 ἀπὸ
703 2772 749 2799 τοῦ
765 2773 850 2800 τοιού-

71 2814 115 2835 του
128 2812 200 2846 ἡλίου
216 2816 283 2851 πρὸς
297 2818 370 2852 ἡμᾶς
385 2818 569 2853 πεμπόμενον.
579 2818 736 2854 Ἐπίκουρος
748 2818 776 2844 δὲ
791 2827 849 2844 κισ-

73 2859 192 2895 σηροειδῆ
207 2862 287 2890 αὐτὸν
299 2863 350 2899 ἔφη
365 2864 396 2891 ὲκ
407 2864 492 2900 πυρὸς
509 2864 554 2892 διὰ
568 2865 713 2900 τρημάτων
727 2865 807 2891 τινῶν
821 2865 851 2891 τὸ

127 2934 147 2950 ⁸⁷
159 2937 179 2971 f.
196 2939 300 2968 σύνοδον
316 2943 410 2969 ποιεῖν.
449 2942 470 2957 ³⁸
487 2942 506 2976 Ῑ.
527 2942 622 2977 1505i“-

663 2943 683 2957 '*‘*°
700 2945 719 2976 ῙΔ
740 2943 811 2977 πέρι.

904 331 994 361 minos
1005 332 1144 366 dividunt,
1157 333 1225 361 adeo
1235 337 1264 361 ut
1277 333 1415 361 tricesima
1424 340 1487 368 pars
1495 333 1579 366 horae,
1588 341 1648 369 quae
1658 334 1684 361 in

903 378 1085 414 aequinoctiali
1100 379 1144 407 die
1160 379 1200 412 ﬁt,
1213 380 1358 407 terminum
1372 379 1470 408 solaris
1482 387 1580 407 cursus
1597 380 1685 407 nomi-

903 428 979 452 nent.
995 424 1129 453 Asserunt
1142 429 1274 460 praeterea
1290 426 1342 454 iter
1359 426 1421 458 viri,
1437 426 1485 461 qui
1499 432 1587 460 neque
1603 432 1685 453 cursu

904 471 1017 504 feratur,
1035 479 1122 507 neque
1144 472 1217 500 lente
1232 472 1381 508 gradiatur,
1395 479 1485 507 neque
1496 479 1578 500 senex
1591 471 1626 499 sit
1639 474 1686 498 aut

904 524 982 552 puer,
1002 518 1069 546 solis
1082 518 1134 546 iter
1147 526 1218 551 esse,
1230 526 1262 546 ac
1274 518 1376 546 tricena
1391 525 1452 546 esse
1462 525 1537 545 mera
1551 516 1647 545 stadia.

937 560 1005 589 Cum
1018 565 1108 590 autem
1123 563 1247 597 planetas
1258 563 1407 590 dixerimus
1419 562 1606 597 superioribus
1620 561 1686 589 stel-

903 606 938 634 lis
966 607 1113 643 subjectos
1127 616 1199 640 esse,
1217 616 1249 637 ac
1270 616 1425 644 supremam
1443 615 1539 635 zonam
1563 608 1686 635 obtinere

903 651 1062 686 Saturnum,
1084 654 1236 689 proximam
1261 654 1295 682 ab
1321 662 1364 687 eo,
1379 653 1483 686 Jovem,
1498 653 1606 681 tertiam
1624 660 1686 680 esse

903 698 1008 732 Martis,
1033 707 1065 727 ac
1096 699 1224 736 deinceps
1252 702 1375 732 czeteros,
1392 702 1493 735 quaeret
1512 698 1610 734 aliquis
1627 697 1683 725 for-

901 749 985 778 tasse,
1001 746 1138 780 quomodo
1147 746 1202 774 diei
1215 745 1310 778 soleat,
1322 745 1481 777 Saturnum,
1495 743 1611 779 exempli
1625 750 1685 779 gra-

900 791 949 824 tia,
963 792 1005 819 vel
1036 792 1125 819 solem
1155 792 1184 819 in
1205 792 1297 820 Ariete
1320 791 1442 824 versari;
1459 795 1506 818 aut
1524 791 1627 823 lunam,
1642 789 1684 817 vel

900 832 994 860 Jovem
1009 833 1037 861 in
1051 833 1158 868 Tauro;
1170 835 1213 862 vel
1226 835 1295 863 alias
1305 834 1397 863 stellas
1405 834 1441 861 ibi
1453 834 1480 861 in
1495 833 1600 869 synodo
1612 839 1684 866 esse,

901 887 963 908 cum
988 881 1016 908 in
1037 881 1132 909 eadem
1158 881 1300 909 altitudine
1315 889 1375 910 esse
1398 883 1544 916 nequeant.
1559 879 1629 907 Huic
1647 879 1685 907 ita

901 926 1109 961 respondemus,
1136 933 1198 954 cum
1223 926 1275 954 sibi
1297 926 1413 954 invicem
1433 926 1555 960 subjecta
1572 927 1637 952 sunt
1652 931 1685 951 ea

868 964 890 992 Β
903 971 1003 1004 sidera,
1017 971 1150 1007 synodum
1165 971 1254 999 facere
1264 979 1271 1004 ;
1280 978 1342 998 cum
1356 970 1483 998 videlicet
1490 970 1593 997 directe
1599 974 1683 995 unum

901 1017 980 1045 alteri
1006 1017 1160 1052 subjicitur.
1179 1017 1327 1045 Sciendum
1351 1020 1442 1044 tamen
1458 1019 1500 1043 est
1513 1019 1685 1043 astronomos

901 1062 1020 1098 planetis
1034 1063 1154 1091 circulos
1170 1063 1320 1098 assignare,
1336 1062 1476 1090 Platonem
1487 1068 1551 1089 vero
1565 1060 1685 1096 spharas

900 1116 963 1137 esse
987 1112 1093 1144 putare,
1119 1117 1237 1144 quarum
1254 1109 1333 1136 alteri
1357 1109 1443 1136 altera
1472 1107 1613 1143 supposita
1637 1106 1683 1134 sit.

899 1155 1001 1184 Aratus
1025 1163 1108 1191 porro
1134 1163 1198 1184 cum
1221 1155 1255 1183 de
1281 1155 1403 1190 quinque
1427 1154 1544 1190 planetis
1565 1153 1686 1181 scribere

900 1201 1046 1233 renuisset.
1055 1205 1200 1236 postquam
1213 1201 1246 1228 de
1259 1200 1455 1236 apparentibus
1469 1206 1579 1227 carmen
1595 1197 1686 1225 absol-

900 1247 951 1280 vit,
966 1247 1000 1274 de
1015 1247 1071 1275 sole
1085 1248 1141 1282 agit
1164 1254 1196 1274 ac
1212 1247 1287 1274 luna.

936 1293 1020 1329 igitur
1033 1293 1185 1326 stellarum,
1199 1300 1260 1326 qua:
1276 1292 1429 1319 inerrantes
1440 1289 1581 1321 dicuntur,
1597 1287 1686 1315 inﬁxa:

900 1344 964 1368 sunt
987 1339 1066 1370 emlo,
1084 1342 1110 1366 ct
1136 1338 1267 1373 peculiari
1295 1337 1399 1364 ratione
1421 1340 1485 1364 sunt
1504 1334 1684 1362 immobiles:

900 1386 1010 1413 tametsi
1039 1385 1099 1412 cceli
1132 1383 1379 1412 circumvolutione
1405 1381 1558 1417 rapiantur,
1587 1380 1683 1408 iisdem

900 1432 968 1460 locis
995 1439 1028 1459 ac
1047 1431 1173 1459 similiter
1191 1438 1307 1458 occasus
1328 1432 1460 1463 ortusque
1486 1426 1684 1455 facienteszob

901 1478 927 1505 id
960 1479 1113 1506 inerrantes
1138 1477 1218 1504 dicta:
1238 1480 1312 1504 sunt.
1328 1475 1427 1502 Praeter
1438 1475 1488 1502 has
1498 1473 1556 1501 alite
1569 1477 1634 1500 sunt
1645 1479 1686 1500 se-

900 1529 972 1559 ptem
997 1530 1113 1551 numero
1142 1522 1227 1550 stella:
1255 1521 1325 1548 intra
1348 1520 1448 1547 ccelum
1463 1526 1523 1554 quae
1544 1519 1571 1545 in
1585 1518 1685 1545 athere

901 1573 955 1597 tam
970 1569 1081 1605 proprio
1096 1573 1183 1601 motu,
1200 1575 1282 1603 quam
1301 1567 1436 1602 impresso
1449 1565 1483 1593 iis
1497 1565 1532 1592 ab
1547 1564 1617 1592 C(elo
1630 1570 1685 1590 mo-

901 1620 1008 1643 ventur.
1022 1615 1088 1648 Qua:
1104 1623 1166 1642 cum
1180 1614 1315 1649 proprios,
1331 1616 1362 1640 ut
1375 1613 1442 1644 dixi,
1453 1614 1543 1638 motus
1555 1610 1685 1641 habeant,

901 1669 988 1697 neque
1003 1662 1030 1689 in
1043 1662 1112 1689 ccelo
1126 1660 1220 1688 defixa).
1237 1660 1302 1693 sint,
1316 1658 1363 1687 sed
1379 1659 1406 1686 in
1420 1657 1520 1685 aethere
1545 1656 1683 1688 ferantur;

901 1715 990 1743 neque
1018 1707 1085 1734 locis
1112 1706 1220 1738 iisdem,
1238 1713 1288 1732 nec
1305 1704 1399 1732 eodem
1414 1702 1494 1730 modo
1512 1702 1638 1729 oriuntur
1659 1704 1686 1727 et

901 1754 1030 1782 occidunt
1044 1763 1051 1781 :
1065 1759 1207 1789 propterea
1223 1760 1285 1780 cum
1308 1751 1367 1778 ﬁxis
1384 1752 1547 1784 comparatae
1570 1747 1685 1782 planetae

901 1804 1044 1827 vocantur.
1067 1799 1101 1826 At
1126 1807 1190 1826 vero
1205 1796 1368 1833 Pythagorei
1386 1804 1440 1822 non
1454 1795 1541 1822 solum
1557 1792 1683 1828 planetis.

901 1846 948 1873 sed
959 1846 1042 1872 etiam
1054 1845 1115 1872 lixis
1125 1845 1288 1880 peculiarem
1304 1846 1405 1870 motum
1418 1841 1569 1868 attribuunt
1582 1849 1589 1866 :
1604 1846 1685 1873 quem

902 1892 1009 1927 quidem
1035 1891 1170 1926 ejusmodi
1190 1898 1252 1918 esse
1266 1890 1370 1922 volunt,
1383 1887 1473 1922 qualis
1493 1891 1534 1914 est
1551 1885 1666 1912 terebrae
1677 1905 1683 1916 ,

901 1946 962 1972 qua:
979 1938 1083 1965 circum
1103 1937 1228 1964 eumdem
1242 1936 1328 1962 locum
1341 1935 1467 1962 volvitur.
1486 1932 1605 1967 Denique
1620 1935 1686 1958 tunc

902 1991 1071 2018 unaquaeque
1093 1983 1232 2010 stellarum
1251 1981 1368 2009 deiicere
1382 1980 1498 2012 videtur,
1514 1986 1575 2007 cum
1593 1978 1684 2004 citima

902 2032 993 2064 terris,
1006 2039 1038 2058 ac
1052 2030 1103 2058 soli
1118 2037 1151 2057 ex
1167 2028 1270 2056 directo
1289 2026 1377 2062 posita
1394 2025 1446 2053 sub
1470 2024 1529 2059 ejus
1557 2023 1685 2058 splendo-

902 2085 957 2105 rem
972 2077 1056 2105 subit.

1232 2129 1272 2156 De
1291 2128 1355 2156 sole.

938 2179 974 2207 De
1003 2178 1184 2214 principatum
1212 2175 1367 2203 tenentibus
1398 2172 1533 2202 sideribus
1565 2171 1622 2199 sole
1654 2178 1686 2198 ac

902 2226 966 2253 luna
995 2225 1150 2260 complures
1178 2226 1291 2258 egerunt
1320 2231 1326 2248 :
1353 2227 1385 2248 ac
1410 2219 1536 2255 privatim
1557 2218 1638 2245 etiam
1652 2217 1687 2244 de

902 2270 1031 2305 quinque.
1046 2269 1115 2296 lline
1125 2269 1224 2295 Aratus
1235 2268 1268 2294 de
1283 2267 1340 2294 sole
1361 2274 1392 2292 ac
1409 2266 1474 2292 luna
1489 2263 1580 2299 operis
1591 2263 1619 2290 in
1634 2262 1686 2290 line

906 2317 1016 2351 scripsit
1033 2325 1039 2344 :
1057 2316 1091 2342 de
1113 2315 1234 2350 quinque
1250 2320 1316 2341 vero
1330 2313 1358 2339 in
1374 2319 1407 2339 eo
1422 2311 1469 2346 qui
1485 2311 1634 2345 inscriptus
1645 2314 1688 2336 est

905 2362 1007 2390 Canon.
1025 2361 1104 2394 Quod
1123 2361 1157 2388 ad
1172 2360 1240 2388 solis
1261 2363 1388 2386 naturam
1411 2356 1538 2392 pertinet,
1552 2354 1687 2382 curiosius

907 2409 983 2435 Plato
1008 2415 1042 2435 ex
1069 2407 1131 2442 igne
1157 2410 1284 2434 constare
1305 2404 1398 2436 docet;
1418 2402 1525 2437 quidam
1542 2399 1646 2436 physici
1673 2407 1688 2426 c

904 2458 986 2482 terra;
1000 2461 1033 2482 ac
1049 2453 1163 2480 nubium
1184 2451 1413 2479 exlialationibus.
1423 2449 1599 2483 Anaxagoras
1615 2453 1688 2473 mas-

905 2507 963 2528 sam
998 2499 1128 2534 ignitam;
1158 2497 1295 2524 Philolaus
1327 2495 1451 2524 eumdem
1476 2492 1606 2528 quidquid
1640 2491 1688 2518 lia-

903 2547 949 2574 bet
978 2548 1086 2581 igneum
1113 2552 1145 2571 ac
1167 2549 1342 2578 transparens
1355 2549 1389 2569 ex
1408 2541 1520 2569 aetherio
1532 2541 1603 2575 igne,
1615 2538 1687 2573 quod

907 2599 991 2627 supra
1013 2591 1101 2626 ipsum
1118 2593 1170 2620 cst,
1187 2588 1339 2623 exprimere
1353 2590 1440 2622 putat,
1455 2593 1486 2613 ac
1501 2592 1549 2620 per
1564 2582 1685 2618 quaedam

904 2639 1035 2666 rimarum
1063 2635 1209 2663 interstitia
1239 2633 1409 2669 splendorem
1429 2632 1526 2659 adnos
1546 2628 1686 2657 transmit-

903 2687 977 2717 tere;
996 2683 1063 2710 adeo
1078 2686 1107 2709 ut
1120 2681 1217 2716 triplex
1232 2680 1268 2707 sit
1282 2686 1315 2706 ex
1328 2678 1388 2714 ejus
1403 2677 1530 2712 opinione
1551 2674 1601 2702 sol.
1619 2672 1685 2700 Nam

903 2730 1002 2764 partim
1017 2737 1050 2756 ex
1067 2729 1178 2756 aetherio
1193 2728 1254 2763 igne
1267 2726 1401 2754 conﬂatus
1413 2728 1457 2751 est'
1472 2732 1478 2750 :
1493 2721 1588 2757 partim
1603 2721 1637 2748 ab
1654 2727 1688 2747 eo

903 2774 937 2801 ad
956 2775 1040 2802 solem
1059 2775 1146 2806 illum,
1159 2782 1239 2809 quem
1264 2773 1327 2800 vitri
1346 2771 1462 2798 similem
1479 2771 1570 2801 vocat,
1588 2767 1686 2793 nonni-

904 2820 941 2847 illi
970 2820 1101 2847 emittitur
1118 2829 1123 2847 :
1140 2821 1239 2855 partim
1268 2820 1302 2847 ab
1319 2819 1371 2845 hoc
1393 2817 1453 2852 ipso
1475 2815 1509 2842 ad
1531 2821 1582 2841 nos
1601 2821 1687 2848 usque

904 2870 1004 2894 manat.
1025 2866 1159 2902 Epicurus
1175 2866 1291 2902 pumicis
1314 2863 1432 2899 speciem
1458 2861 1560 2889 habere
1583 2864 1685 2890 censet.
