1913 3136
62 100 126 127 965

426 103 586 131 ACHILLIS
606 104 697 132 TATlI
713 105 837 134 [SAGOG

908 108 927 133 ι)
946 107 1051 134 AHATI
1071 108 1306 136 ΡΗᾹΞΝΟΜΕΝΑ.

1639 111 1691 139 966

62 161 142 188 ποτὲ
168 161 216 197 μὲν
238 162 364 198 ἀμυδραὶ,
381 163 446 190 ποτὲ
469 163 498 190 δὲ
525 163 632 200 φαιδροὶ
648 165 767 199 γίνονται
780 173 787 180 ·
803 165 842 191 Ecl

911 166 976 193 dum
986 186 994 198 ,
1011 167 1078 195 alias
1089 169 1246 203 splendent;
1261 177 1456 205 nonnunquam
1469 170 1562 198 lumen
1582 178 1616 199 ex
1631 179 1692 198 sese

62 207 114 232 ὅτε
131 206 161 233 δὲ
178 206 224 233 καὶ
238 206 296 240 φῶς
306 207 336 241 ἐξ
345 207 434 234 αὐτῶν
449 209 630 245 ὲκπέμπουσιζ

102 252 163 288 Σχή
168 261 250 287 ματος
263 253 351 279 τοίνυν
368 254 511 289 σφαιρικοῦ
521 255 586 291 περὶ
601 255 645 282 τὸν
660 256 760 291 κόσμον
773 257 858 288 ὄντος,

64 298 118 323 καὶ
137 298 187 333 τῆς
208 298 259 333 γῆς
281 299 310 325 ὲν
331 299 406 334 μέσῳ
426 299 539 335 κέντρου
566 300 643 333 τάξιν
665 301 824 337 ἐπεχούσης,
845 302 860 327 ὁ

61 343 126 369 ἀπὸ
137 343 188 378 τῆς
201 344 376 380 περιφερείας
388 344 439 379 τῆς
457 346 573 379 σφαίρας
589 346 635 372 τοῦ
650 346 761 381 κέντρου
775 347 859 381 αὐτῆς

61 389 175 424 διήκων
193 389 239 416 ἐπὶ
256 390 306 426 τὴν
323 391 499 426 περιφέρειαν
514 391 584 423 ἄξων
598 392 729 424 καλεῖται,
744 393 808 428 περὶ
829 392 859 419 ὃν

63 435 220 471 στρέφεται
242 437 258 471 ὴ
278 437 381 472 σφαῖρα
399 437 457 472 ἦτοι
470 437 516 472 ἀφ’
532 437 642 472 ἑαυτῆς,
662 438 678 473 ἢ
695 439 739 472 ὑφ’
764 439 857 474 ἑτέρου

62 482 229 517 κινουμένη.
252 482 433 519 Ἀμφοτέραις
455 485 509 520 γὰρ
531 486 590 517 ταῖς
612 486 702 519 δόξαις
716 486 731 512 6
745 486 857 514 Πλάτων

60 527 95 553 ἐν
110 527 154 563 τῷ
168 529 316 562 Πολιτικῷ
329 529 471 566 κέχρηται.

264 586 333 620 Περὶ
347 587 477 618 κύκλων,
492 587 540 615 καὶ
556 588 600 615 ὅτι
617 592 662 616 ια’.

101 631 160 666 κβσ.
176 631 275 658 Κύκλοι
296 622 325 659 δέ
337 633 406 659 εἰσιν
421 633 470 659 ια’·
488 633 586 666 ἔξωθεν
604 635 654 670 μὲν
670 636 719 671 τῆς
737 637 856 672 σφαίρας

61 678 113 705 δύο
131 678 266 713 μέγιστοι,
282 679 297 705 ὃ
311 688 339 705 τε
358 679 457 715 ὁρίζων
469 680 516 706 καὶ
532 681 546 707 ὁ
562 682 760 717 μεσημϐρινός·
783 684 854 717 λοξοὶ

59 725 92 751 δὲ
106 725 158 751 δῦο
173 726 306 760 μέγιστοι,
322 727 369 752 καὶ
382 727 437 757 τοῖς
452 727 592 762 προτέροις
614 727 675 759 ἴσοι,
691 730 705 755 6
723 729 855 761 ζωδιακὸς

62 771 114 797 καὶ
130 773 148 798 ὁ
162 771 293 806 γαλαξίας
304 780 310 786 ·
323 772 444 808 κόλουροι
457 773 485 799 δὲ
500 773 546 800 δύο
562 774 608 800 καὶ
622 775 698 801 αὐτοὶ
711 775 834 810 μέγιστοι
845 784 852 791 ’

61 817 237 852 παράλληλοι
253 817 281 843 δὲ
296 817 386 849 πέντε,
402 815 439 845 ὧν
459 820 473 845 6
487 818 567 854 μέσος
581 820 650 846 κατὰ
669 820 782 856 μέγεοος
797 821 853 853 ἴσος
871 837 890 864 Β

61 865 123 895 τοίς
138 864 356 900 προειρημένοις.
370 865 450 891 Ὥστε
467 865 563 901 ὁρίζων
579 866 625 892 καὶ
640 867 654 892 6
667 867 853 902 μεσημϐρινὸς

62 911 119 936 ἴσοι
135 910 200 942 εἰσὶ,
213 910 282 936 διότι
304 910 346 937 διὰ
369 909 415 936 τοῦ
430 910 543 946 κέντρου
565 911 691 947 τέμνουσι
706 913 755 947 τὴν
772 914 852 948 σφαῖ-

63 964 127 991 ραν.
147 956 258 992 Ῥητὲον
269 956 298 982 δὲ
316 956 379 992 περὶ
394 956 520 984 ἑκάστου.

99 1001 218 1035 Λέγεται
236 1001 266 1027 δὲ
281 1000 388 1036 ὁρίζων,
410 1001 477 1028 διότι
497 1001 582 1036 ὁρίζει
603 1002 634 1028 τὸ
660 1002 711 1028 ὑπὸ
731 1003 782 1038 γῆν
804 1003 851 1029 καὶ

62 1048 137 1082 ὑπὲρ
154 1047 208 1083 γῆν
224 1048 409 1083 ἡμισφαίριον.
425 1048 493 1084 Περὶ
512 1049 566 1084 γὰρ
582 1048 631 1084 τὴν
656 1051 770 1084 σφαῖραν
785 1049 852 1082 ἕξω-

63 1093 110 1120 θεν
123 1094 176 1124 ὢν.
188 1093 264 1125 τάξιν
279 1093 393 1129 ἔχειτοῦ
415 1094 551 1126 Ὠκεανοῦ,
567 1094 596 1126 ὃς
611 1093 710 1127 ἔξωθεν
724 1096 850 1130 περικλύ-

64 1139 107 1171 ζει
131 1139 183 1175 τὴν
199 1139 267 1174 γῆν·
292 1140 338 1174 ἀφ’
359 1137 389 1166 οὗ
408 1139 572 1171 ἀνατέλλειν,
597 1141 644 1167 καὶ
658 1142 698 1172 είς
715 1141 744 1167 ὃν
762 1141 850 1168 δύνειν

62 1185 187 1212 δοκεῖτὰ
205 1184 303 1220 ἄστρα.
318 1185 400 1212 Ὅθεν
418 1186 465 1212 καὶ
478 1186 666 1221 Νεοπτόλεμος
679 1187 693 1213 6
716 1188 851 1222 Παριανὸς

64 1232 93 1256 ὲν
108 1232 144 1266 τῇ
165 1230 315 1264 Τριχθονίᾳ
332 1231 413 1266 φησί’

86 1305 92 1311 .
109 1307 115 1312 .
134 1285 176 1318 τῷ
190 1286 273 1313 πᾶσα
288 1287 463 1322 περίρῤυτος
476 1287 624 1314 ἐνδέδεται
640 1288 729 1322 χθών.
751 1313 754 1316 λ

97 1343 182 1369 Ὅθεν
200 1343 247 1369 καὶ
270 1344 388 1379 Ἀρατος
411 1344 536 1371 Ὠκεανὸν
557 1345 637 1372 αὑτὸν
657 1345 736 1372 καλεί
761 1346 804 1372 διά
821 1355 849 1372 τε

62 1389 169 1415 τούτων
184 1389 231 1416 καὶ
243 1389 329 1417 ἄλλων
340 1398 347 1405 ·

60 1445 160 1480 Αὐτὰρ
182 1446 223 1480 ὅγ’
244 1447 388 1482 Ὠκεανοῦ
410 1448 526 1474 τόσσον·
540 1448 745 1482 παραμείϐεται
759 1448 848 1482 ὕδωρ,

65 1481 181 1518 "Dacor-
200 1481 249 1508 ἀπ’
269 1483 446 1516 Λὶγοκερῆος
456 1481 665 1518 ὰνερχομέιίοιο
681 1483 814 1518 μάλιστα

62 1517 215 1549 Καρκίνον
229 1518 272 1549 εὶς
285 1518 415 1544 ἀνιόντα.

62 1562 146 1594 Είκὺς
166 1563 194 1588 δὲ
216 1563 296 1590 αὑτὸν
312 1564 340 1597 ἐξ
360 1564 478 1600 Ὀμήρου
495 1564 543 1601 τὴν
560 1565 686 1601 ἀφορμὴν
706 1565 786 1601 ἔχειν,
804 1565 848 1592 λέ-

62 1605 173 1630 γοντος.

69 1675 117 1713 Ἐν
129 1675 158 1701 δ’
173 1675 257 1713 ἔπειγ’
277 1676 402 1713 Ὠκεανῷ
413 1678 551 1712 λαμπρὸν
567 1678 641 1712 φάος
655 1679 777 1713 ἠελίοιο,

64 1709 178 1737 ’Ἐλκον
202 1711 296 1738 νύκτα
315 1709 463 1747 μέλαιναί·
483 1709 531 1740 ἐπὶ
550 1709 685 1748 ζὲιδωροψ
701 1714 847 1748 ἇρουραν’

63 1767 112 1793 καὶ
120 1787 129 1799 ,

69 1819 184 1854 Ἠέλιος
195 1821 221 1848 δ’
233 1821 380 1856 ἀνόρουσε
389 1822 485 1850 ,λιπὼν
497 1824 679 1858 περικαλλέα
688 1826 811 1860 λίμνην.

96 1875 241 1910 ⁴ἶ>ιλόσοφοι
254 1876 282 1903 δὲ
294 1877 341 1904 καὶ
353 1878 508 1913 γεωμέτραι
523 1879 644 1914 ὁρίζοντα
657 1880 737 1907 αὑτὸν
752 1880 848 1907 καλοῦ-

65 1928 116 1952 rw,
133 1918 189 1947 οἶδε
201 1921 229 1948 δὲ
241 1921 287 1948 καὶ
302 1922 418 1958 ’Ἄρατος
429 1923 509 1950 αὑτὸν
525 1924 650 1960 ὁρίζοντα
670 1925 703 1952 τὰ
716 1925 763 1952 δύο
784 1927 848 1961 ἡμι-

65 1967 180 2001 σφαίρια
189 1975 196 1982 ·
215 1968 281 2003 φησὶ
295 1968 349 2005 γάρ
357 1977 364 1984 ⁸

134 2042 140 2046 -
245 2060 255 2063 _
269 2061 274 2063 _
318 2061 324 2063 Α
438 2062 442 2063 ν
530 2025 580 2063 ᾗχι
591 2035 645 2062 περ
656 2028 741 2062 ἄκραι

64 2059 227 2093 Μίσγονται
240 2060 341 2094 δύσιές
355 2070 386 2089 τε
397 2062 446 2089 καὶ
464 2059 587 2090 ἀντόῼίὰὶ
609 2059 792 2099 ἀξὶλήξῑῃσιν.

97 2115 151 2142 Τὸν
163 2115 191 2141 δὲ
211 2116 335 2152 ὁρίζοντα
356 2118 403 2145 καὶ
423 2119 607 2155 μεσημϐρινὸν
622 2120 695 2152 ἐντὸς
713 2118 782 2147 εἶναι
798 2121 847 2157 τῆς

64 2161 181 2196 σφαίρας
192 2161 243 2187 τῶν
257 2158 324 2188 ὅλων
337 2163 453 2198 νοητέον.
471 2165 552 2191 Οὐδὲν
568 2165 621 2201 γὰρ
638 2165 690 2192 τῶν
703 2165 787 2193 ὅντων
801 2167 847 2193 αὖ·
861 2178 884 2207 D

63 2205 111 2240 τῆς
124 2207 200 2233 ἐστιν
213 2208 300 2239 ἐκτός.
317 2209 400 2245 Ὑπὲρ
413 2210 441 2236 δὲ
451 2210 497 2236 τοῦ
511 2212 747 2247 παρακολουθῆσαι
761 2214 843 2248 ἡμᾶς,

63 2249 142 2284 ἐκτὸς
164 2249 232 2279 εἶναι
253 2252 377 2287 λέγονται
394 2256 434 2287 εις
452 2255 483 2282 τὸ
505 2256 580 2288 ἐντὸς
600 2257 649 2292 τῆς
664 2258 780 2293 σφαίρας
796 2259 845 2285 πέ-

65 2302 122 2328 ρας.

103 2341 130 2368 ’0
155 2342 183 2368 δὲ
207 2344 389 2380 μεσημϐρινὸς
403 2347 573 2383 παρελήφθη,
601 2348 643 2375 ἵνα
671 2349 705 2375 τὰ
723 2350 776 2376 ἀπὸ
797 2350 845 2385 τῆς

63 2385 194 2422 ἀνατολῆς
210 2387 289 2423 μέχρι
306 2389 355 2423 τῆς
371 2389 472 2421 δύσεως
485 2391 604 2428 δεικνύῃ,
622 2394 668 2419 καὶ
692 2394 734 2419 ἵνα
753 2394 844 2428 μάθω-

65 2439 122 2464 μεν,
140 2433 182 2459 ὄτι
195 2434 264 2460 κατὰ
276 2434 368 2461 τοῦτον
384 2436 522 2471 γινόμενος
538 2439 551 2464 6
563 2438 637 2474 ἥλιος
654 2439 749 2474 καὶντὰ
766 2439 845 2466 λοιπὰ

63 2476 149 2512 ἄστρα
173 2478 242 2514 ὑπὲρ
267 2480 320 2514 γῆς
345 2484 520 2517 μεσουρανεῖ·
542 2484 588 2510 καὶ
612 2485 626 2510 6
648 2485 743 2520 χρόνος
768 2477 845 2516 οὗτός

63 2521 118 2548 ἐπι
133 2524 301 2560 μεσημϐρία,
317 2527 471 2563 μεσημερία
485 2537 525 2560 τις
539 2526 614 2556 οὖσα.
627 2530 696 2561 Τοὺς
708 2530 735 2556 δὲ
752 2529 845 2562 λοξοὺς

63 2569 86 2593 οἱ
102 2570 150 2603 μὲν
166 2571 320 2607 αίσΘητοὺς,
336 2574 360 2600 οἱ
378 2574 406 2600 δὲ
423 2575 530 2607 πλείους
552 2576 597 2602 τὸν
613 2576 743 2610 γαλαξίαν
761 2577 845 2612 μόνον

63 2612 129 2641 εἶναι
142 2616 296 2650 βούλονται·
313 2619 374 2650 τοὺς
390 2619 417 2646 δὲ
430 2619 538 2652 λοιποὺς
552 2621 653 2653 πάντας
670 2622 790 2658 νοητοὺς.

203 2717 303 2743 Πόσον
312 2717 345 2743 τὸ
357 2718 470 2751 πλάτος
483 2719 534 2746 τοῦ
551 2719 702 2749 ζωδιακοῦ.

98 2763 148 2792 κγ’.
163 2761 191 2787 Ὀ
207 2762 236 2788 δὲ
251 2762 381 2795 ζωδιακὸς
396 2764 470 2798 λοξὸς
484 2765 520 2791 ὢν
534 2766 709 2801 περιφέρειαν
724 2767 780 2801 ἔχει
797 2777 843 2802 με-

66 2802 165 2841 γίστην,
178 2807 222 2834 διὰ
233 2807 279 2834 τοῦ
294 2807 404 2843 κέντρου
416 2812 466 2845 τῆς
482 2804 597 2846 σῴαίρας
608 2812 656 2846 τὴν
669 2814 841 2848 περιγραφὴν

908 210 1077 245 jaculantur.

945 255 1000 291 84
1010 255 1068 283 Jam
1083 265 1148 285 vero
1158 278 1164 290 ,
1185 259 1313 293 quoniam
1326 259 1443 287 mundus
1460 260 1591 294 splnerica
1606 260 1692 295 ﬁgura

910 302 1040 336 praeditus
1053 307 1106 335 est,
1123 309 1150 330 ct
1167 305 1195 332 in
1209 305 1270 340 ejus
1287 305 1377 332 medio
1392 307 1480 333 centri
1499 307 1588 332 locum
1605 313 1691 332 occu~

909 351 955 380 pat
971 351 1063 381 terra;
1084 349 1143 376 axis
1157 349 1184 376 in
1202 359 1234 378 ea
1248 355 1362 379 vocatur
1378 352 1460 384 linea,
1473 360 1533 387 qum
1548 360 1562 379 a
1578 352 1691 387 spiunra:

909 392 1013 418 ambitu
1029 393 1141 428 trajecta
1157 403 1205 429 per
1216 400 1339 423 centrum
1357 397 1390 424 ad
1406 398 1537 424 ambitum
1553 398 1689 432 pertinet;

908 444 987 471 quem
1004 438 1108 465 circum
1131 440 1236 474 sphaera
1252 441 1385 475 volvitur,
1404 443 1460 470 sive
1480 451 1528 478 per
1543 451 1613 476 sese,
1632 445 1690 471 sive

908 482 1021 511 alterius
1049 485 1179 520 impulsu.
1203 486 1270 514 Nam
1299 493 1413 524 utraque
1439 491 1574 517 sententia
1600 494 1689 517 exstat

907 529 978 564 apud
999 529 1140 559 Platonem
1158 533 1184 559 in
1197 533 1321 562 Politico.
1670 550 1685 565 ο

996 586 1034 614 De
1052 589 1157 615 circulis
1172 590 1289 623 sphwrw,
1306 592 1350 626 qui
1362 597 1421 618 sunt
1435 601 1540 619 numero
1554 601 1589 620 xl.

941 633 986 660 22.
1003 633 1133 662 Undecim
1151 641 1215 663 sunt
1238 637 1352 669 circuli,
1369 646 1483 672 quorum
1505 640 1614 667 maximi
1635 641 1689 668 duo

906 682 970 706 Sunt
982 683 1060 706 extra
1078 681 1212 714 spha'ram
1224 703 1230 715 ,
1246 682 1360 710 horizon
1373 687 1400 711 et
1414 684 1597 718 meridianus;
1617 686 1687 712 obli.

905 724 951 757 qui
964 729 1028 751 sunt
1045 725 1099 752 duo
1116 728 1237 759 maximi,
1250 729 1439 763 superioribus
1453 731 1582 765 aequales,
1595 732 1688 759 zodia-

905 777 954 797 cus
967 774 995 798 et
1020 771 1134 799 lacteus.
1160 773 1253 800 Coluri
1278 774 1332 802 duo
1351 779 1416 802 sunt
1438 777 1549 803 maximi
1572 781 1599 804 et
1621 777 1685 812 ipsi.

905 816 1026 850 paralleli
1056 818 1194 852 quinque;
1219 827 1334 853 quorum
1364 821 1471 848 medius
1504 823 1616 857 aequalis
1643 829 1686 851 est

904 862 1032 890 omnibus
1058 863 1092 890 iis
1105 872 1175 898 quos
1202 866 1400 894 recensuimus.
1427 867 1546 895 llorizon
1567 877 1632 904 ergo
1658 875 1686 896 ct

904 906 1072 935 meridianus
1099 909 1219 944 aequales
1242 914 1316 943 sunt,
1342 913 1470 946 quoniam
1491 921 1538 948 per
1559 920 1683 942 centrum

903 951 1029 980 dividunt
1043 954 1187 989 splneram.
1204 956 1293 991 Atque
1307 962 1335 984 ut
1352 959 1384 985 de
1397 959 1513 994 singulis
1530 966 1634 996 agatur.

938 997 1057 1027 Ilorizon
1085 1001 1149 1028 inde
1175 1001 1265 1030 dictus
1289 1006 1332 1030 est
1361 1005 1433 1039 quod
1463 1006 1683 1041 hemisphaerium

903 1051 985 1078 supra
1003 1048 1102 1072 terram
1117 1046 1151 1073 ab
1164 1054 1198 1074 eo
1213 1048 1285 1082 quod
1301 1049 1395 1077 subter
1410 1055 1461 1083 est,
1480 1057 1596 1086 separat.
1617 1053 1682 1080 Nam

902 1098 964 1117 cum
984 1092 1156 1120 extrinsecus
1176 1094 1290 1128 sphaara:
1310 1096 1525 1133 circumpositus
1549 1099 1594 1130 sit,
1610 1101 1684 1127 velut

902 1135 1028 1165 Oceanus
1040 1143 1083 1165 est
1101 1139 1316 1176 circumquaque
1342 1146 1443 1170 terram
1458 1145 1576 1177 alluens,
1597 1154 1612 1173 e
1629 1155 1684 1181 quo

902 1182 987 1210 stellae
1003 1184 1083 1212 nobis
1107 1186 1192 1217 oriri,
1215 1190 1242 1214 et
1267 1188 1294 1214 in
1314 1196 1376 1216 eum
1399 1190 1526 1218 occidere
1543 1193 1680 1220 videntur.

902 1225 971 1254 Hinc
991 1227 1186 1263 Neoptolemus
1203 1230 1334 1260 Parianus
1352 1233 1379 1260 in
1400 1233 1571 1262 Trichthonia
1584 1245 1594 1263 :

903 1303 909 1309 .
921 1304 928 1310 .
939 1305 945 1311 .
961 1304 967 1311 .
985 1285 1028 1311 cui
1044 1290 1098 1312 tota
1113 1287 1268 1322 circumﬂua
1283 1289 1403 1325 illigatur
1419 1295 1499 1318 terra.

936 1341 1014 1369 Unde
1035 1342 1134 1372 Aratus
1149 1345 1230 1372 etiam
1246 1347 1381 1374 Oceanum
1396 1349 1514 1383 appellat
1535 1350 1608 1378 hunc
1624 1352 1679 1378 cir-

900 1388 991 1414 culum
1006 1396 1068 1415 cum
1081 1389 1107 1416 in
1123 1390 1202 1422 aliis,
1218 1395 1274 1418 tum
1292 1392 1318 1419 in
1334 1394 1393 1421 istis
1412 1395 1535 1422 versibus
1550 1406 1556 1423 :

901 1443 985 1484 ξονι-ο
1003 1444 1162 1484 ἔκιε-θεεαοὶ
1177 1451 1280 1484 tantum
1296 1451 1466 1481 supereminet
1481 1452 1591 1484 undam,

900 1479 1035 1517 Quantum
1051 1481 1157 1517 intereat
1174 1490 1190 1508 a
1204 1479 1365 1517 Capricorno
1381 1487 1535 1514 ascendente
1549 1479 1662 1516 maxime

900 1513 1032 1541 Cancrum
1047 1515 1082 1542 ad
1095 1513 1284 1552 assurgentem.

898 1570 976 1603 Quod
995 1580 1028 1599 ex
1051 1572 1169 1602 llomero
1182 1575 1353 1610 expressisse
1375 1577 1502 1610 videtur,
1525 1580 1605 1615 cujus
1621 1581 1678 1609 haec

848 1638 858 1650 ,
898 1618 980 1645 verba
998 1622 1063 1646 sunt
1075 1628 1082 1646 :

899 1674 997 1712 incidit
1011 1676 1115 1704 Oceano
1130 1678 1178 1712 fax
1194 1679 1281 1706 lucida
1294 1681 1370 1712 solis.

899 1710 1015 1739 Trahens
1027 1710 1243 1749 noctem—nigram
1258 1723 1336 1750 super
1351 1710 1448 1744 almam
1465 1722 1571 1746 terram.

899 1767 978 1799 Item,

899 1821 945 1849 Sol
958 1827 1065 1851 exortus
1079 1829 1118 1852 est
1133 1825 1279 1861 relinquens
1291 1828 1449 1862 praclarum
1462 1829 1559 1858 lacum.

934 1879 967 1906 At
983 1879 1137 1916 philosophi
1153 1886 1181 1909 ct
1197 1888 1340 1918 geometra:
1354 1885 1521 1914 horizontem
1539 1887 1613 1914 illum
1631 1896 1677 1915 vo-

897 1927 972 1956 cant,
989 1926 1069 1959 quem
1095 1926 1196 1954 Aratus
1221 1927 1409 1964 hemisphaeria
1434 1930 1487 1957 duo
1509 1932 1602 1966 partiri
1620 1941 1676 1960 me-

897 1974 996 2004 morat,
1011 1979 1071 1998 cum
1089 1971 1128 1998 ait
1140 1982 1146 1999 :

899 2045 905 2052 .
919 2047 926 2052 .
938 2046 946 2053 .
960 2047 967 2054 .
984 2026 1029 2054 ubi
1039 2029 1148 2055 extremi

896 2060 1042 2088 Miscentur
1055 2071 1172 2095 occasus,
1187 2068 1211 2090 et
1228 2069 1301 2092 ortus
1315 2066 1431 2094 invicem.

930 2116 1064 2145 Praeterea
1089 2119 1262 2154 cogitandum
1284 2126 1326 2150 est
1346 2123 1514 2152 horizontem
1534 2133 1566 2153 ac
1594 2127 1677 2154 meri-

897 2162 1006 2190 dianum
1023 2164 1095 2191 intra
1112 2165 1245 2200 sphaeram
1262 2175 1333 2196 esse.
1355 2169 1422 2196 Nam
1447 2171 1520 2197 nulla
1538 2179 1582 2199 res
1597 2177 1673 2200 extra

897 2208 983 2242 ipsam
1000 2213 1051 2236 est.
1071 2208 1123 2237 Sed
1148 2216 1177 2237 ut
1195 2212 1286 2239 animo
1308 2221 1404 2248 capere
1427 2215 1577 2248 possimus,
1599 2222 1675 2243 extra

895 2261 956 2281 esse
982 2254 1137 2289 tinguntur.
1163 2261 1190 2284 et
1209 2257 1367 2285 interiorem
1396 2260 1528 2294 sphaeram
1554 2261 1674 2289 circum-

896 2300 1024 2328 scribere.

930 2345 1098 2375 Meridianus
1127 2349 1161 2375 ad
1186 2349 1238 2377 hoc
1267 2351 1433 2384 assumitur,
1461 2357 1491 2379 ut
1514 2353 1674 2382 orientalem

895 2392 989 2420 mundi
1007 2399 1110 2428 partem
1124 2395 1159 2422 ab
1177 2395 1292 2423 occidua
1307 2403 1442 2430 secernat,
1456 2402 1513 2426 tum
1529 2405 1560 2429 ut
1575 2401 1675 2429 intelli-

895 2446 992 2473 gamus
1005 2440 1091 2467 solem
1116 2448 1148 2468 ac
1160 2442 1265 2478 reliqua
1281 2443 1382 2477 sidera,
1398 2453 1459 2472 cum
1475 2446 1509 2473 ad
1526 2446 1600 2474 illum
1614 2456 1675 2483 per-

894 2490 1038 2516 venerunt,
1056 2487 1174 2514 medium
1192 2496 1275 2523 supra
1291 2494 1391 2517 terram
1416 2491 1540 2519 obtinere
1563 2494 1673 2521 calum.

895 2530 971 2563 Quod
987 2535 1094 2567 tempus
1112 2534 1286 2571 μεσημϐρίαν
1300 2536 1480 2570 appellamus,
1496 2537 1522 2564 id
1535 2541 1576 2565 est
1592 2539 1674 2565 meri-

895 2577 978 2610 diem,
992 2579 1069 2612 quasi
1086 2581 1267 2616 μεσημερίαν.
1285 2581 1416 2617 Obliquus
1431 2584 1549 2610 circulos
1563 2584 1674 2618 quidam

895 2623 1074 2657 aspectabiles
1085 2632 1180 2652 omnes
1195 2633 1256 2653 esse
1269 2627 1378 2661 volunt;
1397 2628 1441 2654 alii
1456 2628 1507 2655 soli
1522 2627 1575 2654 hoc
1587 2628 1674 2654 lacteo

895 2668 1034 2702 tribuunt;
1051 2673 1165 2697 caeteros
1179 2670 1256 2697 aiunt
1268 2671 1447 2707 intelligentia
1462 2672 1520 2699 sola
1534 2676 1672 2699 constare.

1115 2725 1154 2754 De
1171 2727 1273 2754 zodiaci
1288 2728 1438 2756 latitudine.

928 2771 974 2798 25.
989 2771 1125 2800 Zodiacus
1147 2774 1268 2802 circulus
1288 2775 1415 2809 obliquus
1431 2774 1577 2800 maximum
1591 2772 1673 2800 habet

895 2816 1034 2850 ambitum,
1049 2819 1124 2853 isque
1136 2827 1149 2845 ιι
1165 2819 1277 2854 sphmra:
1289 2824 1383 2847 centro
1393 2818 1566 2847 describitur.
1578 2818 1667 2855 Hujus
