1913 3136
119 153 173 182 969
473 152 631 182 ACHlLLlS
651 151 742 180 TATll
759 151 908 180 ISAGOGE

927 151 972 178 AD
991 149 1097 179 ARATI
1117 150 1354 179 PHENOMENA.
1693 153 1745 182 97D

156 210 260 238 Τούτου
268 210 315 237 τοῦ
327 209 427 238 κύκλου
436 211 483 238 τοῦ
493 211 624 243 ζωδιακοῦ
632 211 661 237 τὸ
673 211 721 246 μὲν
738 210 858 246 βορειότε
862 219 907 246 ρον

991 208 1103 236 Zodiaci
1118 209 1216 236 circuli
1238 215 1302 243 pars
1320 208 1376 241 illa,
1394 216 1454 244 quae
1469 209 1588 237 maxime
1607 210 1694 246 vergit
1710 211 1744 238 ad

122 256 207 291 μέρος
224 255 375 290 ἐφάπτεται
383 256 430 283 τοῦ
440 256 546 292 θερινοῦ
554 256 685 292 τροπικοῦ
700 257 771 284 κατὰ
779 257 826 283 τὸν
834 257 910 292 Καρ-

121 302 208 334 κίνον,
218 302 249 328 τὸ
260 302 289 329 δὲ
301 302 459 339 νοτιώτερον
471 302 518 330 τοῦ
530 303 683 339 χειμερινοῦ
692 303 822 338 τροπικοῦ
839 303 909 330 κατὰ

119 347 168 374 τὸν
182 348 368 384 Δίγοκέρωτα·
393 348 440 376 τοῦ
454 348 482 375 δὲ
501 349 663 384 μεσαιτάτου
686 349 732 376 τοῦ
751 349 908 385 ἰσημερινοῦ

120 393 194 420 κατὰ
209 394 255 421 δύο
269 394 350 430 μέρη,
364 395 410 422 καὶ
423 394 470 421 δύο
486 394 578 429 ζώδια,
590 395 661 423 κατά
670 404 698 422 τε
711 396 794 431 Κριὸν
804 395 909 428 καὶτὰς

121 439 228 475 Χηλάς·
245 440 293 467 καὶ
311 440 344 476 δὴ
363 441 455 476 τέμνει
471 440 516 468 τὸν
535 441 700 477 ἰσημερινὸν,
719 443 767 468 καὶ
781 441 909 477 τέμνεται

121 485 168 512 ὑπ’
184 484 277 512 αὑτοῦ.
298 485 363 512 Ὀτε
385 487 474 514 τοίνυν
494 487 540 513 ἐπὶ
556 487 590 514 τὰ
611 487 767 525 βορειότερα
785 487 840 514 ἀπὸ
855 488 909 514 τῶν

121 531 288 567 νοτιωτέρων
299 532 411 567 ὑψοῦται
424 534 437 560 6
447 533 532 568 ἥλιος,
546 534 626 570 μέχρι
640 535 778 571 Καρκίνου
791 535 908 569 γίνεται.

120 577 168 603 Διὸ
181 577 228 604 καὶ
244 577 344 613 θερμὸς
357 579 421 614 ἡμῖν
445 579 602 613 ὑποπίπτει,
628 581 675 607 ἆτε
699 580 812 616 πλησίον
828 581 909 616 ἡμῶν

120 622 169 650 ὢν.
185 623 327 650 Ἐπέκεινα
343 624 371 650 δὲ
382 625 518 660 Καρκίνου
533 626 581 661 οὺχ
596 627 719 661 ὑψοῦται·
736 627 804 654 ἀλλὰ
822 636 908 662 προσ-

123 667 171 695 ιὼν
192 668 308 696 ἐνταῦθα
328 670 457 705 τρέπεται
480 672 525 698 ἐπὶ
548 672 583 698 τὰ
610 673 694 699 νότια·
718 674 764 699 καὶ
785 673 908 700 καλεῖται

120 715 213 751 θερινὴ
226 716 313 751 τροπὴ
326 716 356 742 τὸ
369 717 397 743 ὲν
410 716 449 752 τῷ
460 717 589 753 Καρκίνῳ
603 717 669 752 ὕψος
681 717 728 744 τοῦ
743 718 830 753 ἡλίου.
847 719 909 745 Βού-

119 759 212 786 λονται
230 760 259 786 δὲ
281 761 384 796 τροπὴν
406 761 486 788 αὑτὸν
509 762 643 788 ποιεῖσθαι
666 762 691 788 οἱ
714 762 765 797 μὲν
781 763 845 797 περὶ
859 763 908 795 τὰς

120 805 219 841 ἀρχὰς,
237 807 263 832 oi.
279 806 307 833 δὲ
323 807 386 842 περὶ
402 807 496 843 ὀγδόην
512 803 617 844 μοῖραν,
629 809 652 834 οἱ
667 809 696 835 δὲ
713 809 777 845 περὶ
790 809 834 844 ιβ’,
847 809 908 836 οἱδε

119 852 186 887 περὶ
199 855 228 877 ιε’
239 851 285 878 τοῦ
298 853 445 888 Καρκίνου.
455 853 564 880 Κατιὼν
573 854 601 880 δὲ
610 854 656 880 ἐπὶ
667 853 701 881 τὰ
712 855 785 882 νότια
796 856 810 881 6
820 855 905 890 ἥλιος,

120 897 190 924 ἐπὰν
212 897 283 924 κατὰ
299 898 346 925 τοῦ
367 899 524 935 ἰσημερινοῦ
542 899 664 935 γένηται,
681 900 742 927 τότε
762 901 906 936 ἰσημερίαν

119 944 202 970 ποιεῖ.
221 944 296 970 Ποιεῖ
307 944 335 970 δὲ
348 944 426 971 τοῦτο
437 945 477 977 δὶς
490 945 536 972 τοῦ
549 946 682 973 ἐνιαυτοῦ·
699 946 791 981 ἐπειδὴ
806 948 853 973 καὶ
868 947 908 979 δὶς

120 987 272 1022 ἐφάπτεται
283 989 328 1015 τοῦ
342 989 508 1026 ίσημερινοῦ.
518 990 573 1016 Καὶ
583 991 598 1025 ἡ
612 991 661 1026 μὲν
669 991 790 1018 καλεῖται
801 991 906 1028 ἐαρινὴ,

118 1034 136 1069 ἡ
152 1033 180 1060 δὲ
199 1034 368 1073 μετοπωρινὴ
385 1036 522 1072 ῑσημερία·
538 1036 632 1072 ἐαρινὴ
651 1037 700 1072 μὲν
714 1038 742 1064 ὲν
758 1037 844 1073 Κριῷ,
862 1038 907 1064 ὅτε

120 1079 272 1114 ἐφάπτεται
291 1079 338 1106 τοῦ
360 1080 518 1116 ίσημερινοῦ
537 1080 649 1108 κύκλου·
674 1082 847 1118 μετοπωρινὴ
868 1083 907 1114 δὲ,

119 1125 164 1151 ὅτε
185 1126 288 1159 γίνεται
308 1126 337 1152 ὲν
357 1126 477 1161 Χηλαῖς,
503 1127 583 1154 πάλιν
599 1128 784 1163 ἐφαπτόμενος
801 1127 847 1154 τοῦ
867 1129 907 1155 ἰσ-

117 1171 261 1206 ημερινοῧ.
281 1171 347 1198 Ἀπὸ
360 1172 389 1198 δὲ
399 1173 495 1209 Χηλῶν
510 1174 614 1200 κάτεισι
622 1174 779 1210 νπιὼτερος
794 1174 845 1206 ἕως
859 1175 908 1201 Αἰ-

118 1216 281 1251 γοκὲρωτος·
293 1217 353 1244 τότε
368 1217 396 1244 δὲ
412 1217 560 1252 ἐφάπτεται
577 1220 591 1245 6
603 1218 734 1251 ζωδιακὸς
749 1219 795 1246 τοῦ
813 1228 907 1255 χειμε-

119 1262 196 1297 ρινοῦ
208 1263 350 1298 τροπικοῠ,
365 1263 411 1289 καὶ
421 1264 435 1290 ὁ
448 1263 522 1299 ἥλιος
538 1264 617 1291 πάλιν
637 1264 690 1291 ἀπὸ
707 1264 760 1290 τῶν
773 1265 908 1292 ταπεινῶν

118 1309 167 1335 ἐπὶ
176 1309 210 1336 τὰ
223 1309 376 1346 ὑψηλότερα
387 1309 525 1346 τρέπεται·
539 1311 584 1337 καὶ
598 1311 719 1337 καλεῖται
733 1311 820 1346 τροπὴ
832 1310 907 1346 ἡλίου

117 1355 136 1389 ἡ
155 1354 210 1380 ἀπὸ
222 1355 412 1391 ταπεινοτέρου
426 1356 471 1382 ἐπὶ
483 1355 514 1382 τὸ
531 1355 694 1392 ὑψηλότερον
711 1357 818 1392 πορεία.
839 1357 908 1383 Ποτὲ

116 1399 147 1426 δὲ
160 1399 304 1434 Αἰγύπτιοι
317 1401 370 1428 ἀπὸ
384 1401 521 1437 Καρκίνου
533 1402 579 1428 ἐπὶ
592 1402 764 1437 Δὶγοκέρωτα
775 1402 818 1428 τὸν
831 1403 908 1436 ἥλιον

118 1445 249 1472 κατιόντα
261 1445 388 1481 ὁρῶντες,
409 1446 457 1473 καὶ
477 1447 510 1473 ἐκ
532 1446 708 1481 μακροτέρων
726 1445 909 1481 σμικρύνοντα

114 1490 172 1522 τὰς
189 1491 306 1526 ἡμέρας,
321 1491 461 1523 ἐπένθουν,
482 1490 674 1526 εὐλαϐούμενοι
695 1491 731 1526 μὴ
749 1491 908 1526 καταϐραχὺ

118 1536 258 1573 καταλίπῃ
272 1537 369 1569 αὐτοὺς
384 1538 398 1563 ὁ
414 1537 498 1572 ἥλιος·
515 1537 562 1564 καὶ
576 1537 648 1563 ἔστιν
662 1538 675 1563 ὁ
695 1536 788 1572 καιρὸς
802 1533 878 1568 οὗτος
894 1537 908 1563 ὁ

117 1584 188 1618 παρ’
200 1584 291 1614 αὐτοῖς
305 1583 358 1610 τῶν
373 1583 546 1619 καλουμένων
565 1583 662 1610 Ἰσίων.
687 1583 763 1610 Ἐπεὶ
782 1583 810 1610 δὲ
828 1583 908 1610 πάλιν

115 1628 276 1655 ἀναϐαίνειν
295 1629 405 1665 ἤρξατο,
427 1630 474 1656 καὶ
495 1630 665 1665 μακροτέρας
682 1631 767 1656 ποιεῖν
781 1629 829 1661 τὰς
841 1630 908 1665 ἡμέ-

112 1682 182 1709 ρας,
201 1674 350 1708 τηνικαῦτα
367 1674 623 1710 λευχειμονήσαντες
639 1676 907 1711 ἐστεφανηφόρησαν.

117 1717 205 1751 Οὗτος
222 1721 235 1746 6
250 1719 359 1752 κύκλος,
381 1721 406 1746 εί
422 1721 568 1756 διαιρεθείη
590 1722 630 1752 εἰς
646 1721 717 1748 ὀκτὼ
737 1722 806 1757 μέρη
819 1741 826 1754 ,
849 1721 910 1747 τέσ-

115 1773 194 1800 σαρα
203 1765 252 1800 μὲν
259 1764 313 1798 ἔξει
325 1765 394 1802 ὑπὲρ
404 1766 467 1801 γῆν,
477 1766 512 1793 τὰ
521 1767 548 1794 δὲ
561 1767 641 1804 ἔτερα
651 1767 772 1803 τέσσαρα
782 1768 834 1794 ὑπὸ
845 1768 907 1803 γῆν.

119 1811 206 1838 ’Ὥστε
222 1812 278 1838 ἴσον
296 1811 351 1847 ἔχει
367 1812 419 1839 ἀπὸ
435 1813 496 1849 γῆν,
513 1814 558 1840 καὶ
572 1813 627 1840 ἴσον
645 1814 713 1850 ὑπὲρ
728 1815 790 1849 γῆν.
808 1814 907 1847 Τέμνει

71 1862 79 1869 '
116 1856 150 1884 δὲ
162 1857 210 1884 τὸν
225 1858 389 1894 ἰσημερινὸν,
403 1859 450 1885 καὶ
465 1859 593 1895 τέμνεται
606 1860 651 1886 ὑπ’
668 1859 760 1886 αὐτοῦ.

359 1959 429 1993 Περὶ
445 1958 498 1985 τοῦ
516 1959 672 1993 γαλαξίου.

158 2003 199 2031 κδ’
202 2025 209 2032 .
230 2003 261 2031 '0
276 2003 303 2030 δὲ
317 2004 449 2039 γαλαξίας
467 2005 572 2041 εἴρηται
586 2005 645 2040 μὲν,
663 2005 701 2036 ὡς
717 2003 789 2031 ἔστιν
799 2004 906 2041 ὁρατὸς,

117 2050 170 2077 καὶ
183 2049 261 2084 μόνος
272 2049 316 2076 ἐπὶ
326 2050 375 2086 τῆς
387 2050 503 2085 σφαίρας
513 2050 650 2085 αἰσθητὸς,
661 2050 715 2076 τῶν
728 2050 814 2077 ἄλλων
825 2051 909 2077 ὅντων

116 2093 235 2128 νοητῶν.
256 2094 323 2129 Περὶ
341 2094 370 2120 δὲ
390 2094 483 2121 τούτου
507 2095 588 2130 φησὶν
611 2095 807 2131 Ἐρατοσθένης
826 2095 855 2121 ὲν
871 2094 909 2130 τῷ

114 2138 335 2173 Καττιμερισμῷ
367 2138 552 2176 μυθικώτερον
578 2139 623 2165 τὸν
647 2139 779 2173 γαλαξίαν
809 2139 910 2166 κύκλον

115 2184 261 2219 γεγονέναι
272 2185 303 2211 έκ
316 2185 362 2211 τοῦ
376 2186 426 2221 τῆς
438 2185 526 2221 ’Ἥρας
538 2186 679 2219 γάλακτος.
693 2185 746 2212 Τοῦ
757 2185 812 2221 γὰρ
828 2186 910 2221 Ἠρα-

112 2231 215 2262 κλέους
230 2230 269 2256 ἔτι
283 2231 399 2266 βρέφους
412 2232 498 2263 ὄντος,
515 2232 561 2258 καὶ
574 2231 618 2258 τὸν
630 2232 732 2267 μαστὸν
749 2232 799 2268 τῆς
816 2232 907 2268 Ἥρας

113 2276 341 2311 ἐπισπασαμένου
356 2278 543 2313 σφοδρότερον,
552 2277 659 2312 ἐκείνην
671 2278 844 2305 ἀντισπάσαι·
859 2279 908 2305 καὶ

111 2321 192 2349 οἰδ-ω
217 2323 407 2357 περιχυθέντος
424 2322 470 2349 τοῦ
490 2323 635 2357 γάλακτος,
651 2322 750 2350 κύκλον
769 2324 907 2358 γενέσθαι,

109 2367 265 2402 παγέντος.
282 2368 318 2394 Τὸ
332 2368 360 2394 δὲ
380 2368 444 2395 αὐτὸ
464 2368 512 2395 καὶ
532 2369 579 2395 ἐπὶ
592 2368 639 2395 τοῦ
659 2369 760 2404 Ἐρμοῦ
776 2369 850 2403 λέγει
863 2378 909 2405 γε-

104 2413 250 2449 γενῆσθαι
272 2414 477 2450 Ἐρατοσθένης,
500 2414 537 2446 ὡς
555 2415 610 2450 ἄρα
633 2416 647 2441 6
670 2415 774 2451 Ἑρμῆς
794 2415 840 2442 τοῦ
858 2425 909 2452 μα-

111 2459 184 2488 στοῦ
199 2460 248 2495 τῆς
264 2460 352 2495 Ἥρας
369 2459 516 2488 ἐσπάσατο.
537 2461 628 2487 Ἄλλοι
639 2460 668 2487 δὲ
687 2462 719 2488 ἐκ
735 2461 788 2496 τῆς
807 2461 909 2496 συμϐαι-

109 2507 166 2542 λῆς
185 2505 239 2532 τῶν
254 2504 301 2531 δύο
321 2506 507 2542 ἡμισφαιρίων
529 2506 637 2541 λέγουσι
656 2507 737 2534 αὐτὸν
755 2507 906 2542 γεγονέναι.

110 2551 230 2586 Ἐτεροι
248 2551 276 2578 δέ
293 2559 384 2586 φασιν,
404 2548 441 2578 ὧν
456 2553 514 2579 ἐστι
527 2553 576 2579 καὶ
588 2552 763 2588 Οίνωπίδηςό
775 2553 850 2585 Χῖος,
867 2553 908 2579 ὅτι

109 2598 253 2634 πρότερον
272 2597 343 2625 κατὰ
357 2598 452 2625 τούτου
475 2598 588 2634 ἐφέρετο
610 2599 624 2625 6
647 2598 733 2634 ἥλιος.
757 2598 802 2625 διὰ
823 2598 853 2625 δὲ
874 2598 909 2625 τὰ

107 2644 251 2672 Θυέστεια
265 2644 361 2672 δεῖπνα
374 2645 546 2682 ἀπεστράφη,
561 2645 608 2672 καὶ
621 2645 670 2680 τὴν
686 2644 810 2672 ἐναντίαν
821 2644 908 2679 τούτῳ

109 2689 267 2725 πεποίηται
280 2690 442 2726 περιφορὰν,
455 2691 489 2726 ἢν
502 2690 549 2717 νῦν
562 2689 726 2726 περιγράφει
741 2690 755 2716 6
767 2689 907 2722 ζωδιακός.

112 2736 200 2761 Ἐστι
214 2735 243 2762 δὲ
258 2736 380 2771 μυθῶδες
398 2736 476 2763 τοῦτο
493 2736 542 2763 καὶ
560 2736 666 2770 ψεῦδος.
684 2735 716 2762 Τί
730 2735 784 2772 γὰρ
799 2735 908 2771 ἐροῦσιν

107 2782 141 2808 οἱ
157 2779 246 2807 ταῦτα
261 2781 384 2815 λέγοντες
404 2781 468 2817 περὶ
483 2782 533 2817 τῆς
551 2782 667 2818 σελήνης
686 2782 732 2809 καὶ
752 2781 805 2808 τῶν
824 2781 907 2808 πέντε

108 2826 261 2861 ἀστέρωνς
280 2826 317 2853 Οὐ
330 2827 384 2862 γὰρ
402 2826 434 2862 δὴ
448 2827 495 2854 καὶ
510 2824 582 2853 οὗτοι
597 2827 642 2854 διὰ
657 2827 692 2854 τὰ
705 2827 836 2854 Θυέστεια
853 2826 908 2853 δεῖ-

108 2881 175 2900 πνα
190 2872 414 2909 ἀπεστράφησαν.
433 2873 524 2900 Ἀλλοι
543 2874 572 2900 δὲ
590 2875 622 2901 ἐκ
641 2873 745 2910 μικρῶν
761 2874 842 2906 πάνυ,
859 2873 906 2900 καὶ

284 2920 420 2951 Parrum.
438 2920 496 2951 Gn.
517 2921 602 2951 XIX.

960 254 1123 288 aquilonem,
1141 254 1275 289 tropicum
1289 254 1415 281 aestivum
1427 255 1561 290 contingit
1575 255 1604 282 in
1619 255 1744 290 Cancro;

959 308 1019 335 qua:
1032 308 1096 328 vero
1108 301 1225 328 maxime
1239 306 1281 328 est
1295 301 1435 333 australis,
1452 301 1597 330 hibernum
1609 303 1744 338 tropicum

960 347 1046 381 tangit
1065 346 1092 373 in
1109 345 1298 381 Capricorno;
1312 347 1431 374 medium
1445 348 1589 375 amborum
1611 349 1746 376 circulum

959 392 1175 427 aequinoctialem
1196 392 1224 419 in
1243 392 1350 420 duabus
1368 393 1502 428 partibus,
1523 401 1555 421 ac
1574 394 1660 429 signis
1675 395 1744 422 duo-

959 437 1022 469 bus.
1033 438 1125 466 Ariete
1136 446 1168 465 ac
1184 437 1276 465 Libra.
1289 438 1374 472 Quem
1387 439 1512 467 eumdem
1532 440 1665 467 circulum
1677 441 1747 468 bifa-

960 483 1028 510 riam
1041 487 1126 514 sccat,
1142 488 1169 510 et
1180 483 1302 511 vicissim
1318 484 1351 511 ab
1363 491 1396 511 eo
1409 489 1527 511 secatur.
1541 484 1624 520 Igitur
1635 486 1745 521 quando

959 529 1000 556 sol
1015 529 1050 556 ab
1066 529 1230 558 australibus
1246 530 1370 565 partibus
1381 531 1510 559 recedens
1518 531 1649 559 .boreales
1664 539 1744 560 scan-

959 575 1009 607 dit,
1032 575 1066 603 ad
1089 575 1223 604 Cancrum
1248 583 1335 611 usque
1358 577 1490 611 pervenit.
1507 576 1654 612 Propterea
1680 581 1744 604 tunc

960 622 1039 650 nobis
1059 622 1197 650 ardentior
1212 622 1322 655 accidit,
1341 626 1433 658 utpote
1456 624 1645 659 propinquior.
1666 624 1743 651 Ultra

959 667 1094 695 Cancrum
1121 676 1175 696 non
1191 669 1342 701 attollitur;
1361 668 1409 697 sed
1431 677 1464 696 eo
1479 677 1541 697 cum
1561 671 1689 702 accessit,
1710 670 1743 696 ad

960 718 1082 741 austrum
1105 713 1271 747 reﬂectitur;
1289 714 1495 750 appellaturque
1511 715 1655 743 conversio
1679 715 1743 742 alti-

960 758 1025 786 tudo
1037 759 1081 785 illa
1093 759 1159 787 solis
1174 760 1200 786 in
1211 759 1327 787 Cancro.
1343 760 1417 788 Hanc
1428 768 1509 796 porro
1524 761 1742 794 conversionem,

960 804 1017 832 sive
1030 805 1176 832 solstitium
1189 805 1234 832 alii
1250 805 1327 832 initio
1340 805 1437 833 Cancri
1456 806 1515 834 ﬁeri
1527 807 1636 841 volunt;
1654 807 1699 834 alii
1716 807 1744 834 in

959 855 1053 877 octava
1070 856 1166 886 parte;
1184 851 1229 878 alii
1240 851 1315 878 circa
1329 850 1533 886 duodecimam;
1549 853 1595 880 alii
1608 853 1681 880 circa
1692 853 1744 880 de-

923 885 944 913 n
959 895 1056 923 cimam
1070 897 1206 931 quintam.
1219 897 1283 924 lnde
1296 897 1337 925 sol
1349 898 1377 925 in
1393 903 1516 925 austrum
1529 898 1666 933 delapsus,
1679 905 1742 925 cum

958 941 1177 976 aequinoctialem
1189 942 1288 978 attigit,
1305 943 1498 979 aequinoctium
1510 943 1593 976 facit;
1605 943 1686 978 idque
1701 943 1743 971 bis

958 989 1116 1022 quotannis,
1135 988 1216 1016 toties
1232 989 1303 1016 enim
1319 989 1536 1024 aequinoctialem
1551 990 1669 1025 attingit.
1687 989 1743 1016 Ho-

959 1040 1019 1060 rum
1040 1033 1156 1061 alterum
1181 1034 1374 1069 aequinoctium
1402 1042 1534 1068 vernum;
1557 1035 1672 1063 alterum
1692 1042 1744 1066 au-

959 1080 1079 1108 tumnale
1108 1080 1218 1108 dicitur.
1238 1080 1358 1108 Vernum
1380 1081 1409 1108 ﬁt
1430 1081 1457 1108 in
1472 1081 1575 1114 Ariete,
1596 1081 1641 1109 ubi
1655 1081 1746 1108 circu-

958 1125 1014 1152 lum
1026 1119 1242 1161 azquinoctialem
1255 1127 1352 1162 tangit.
1367 1127 1532 1155 Autumnale
1546 1127 1574 1154 in
1588 1127 1684 1161 Libra;
1697 1127 1744 1155 ubi

959 1179 1055 1199 rursus
1067 1172 1192 1199 eumdem
1209 1173 1343 1200 circulum
1357 1172 1474 1208 attingit.
1486 1172 1509 1199 A
1521 1172 1604 1200 Libra
1615 1173 1744 1208 deinceps

959 1217 987 1244 in
1001 1222 1125 1244 austrum
1150 1218 1236 1252 magis
1250 1225 1282 1245 ac
1304 1217 1389 1253 magis
1412 1218 1526 1250 recedit,
1546 1218 1669 1253 adusque
1691 1218 1745 1246 Ca-

959 1263 1127 1298 pricornum,
1145 1263 1192 1290 ubi
1217 1264 1347 1292 zodiacus
1367 1265 1501 1299 tropicum
1524 1264 1667 1291 hibernum
1679 1271 1745 1291 con-

959 1308 1039 1343 tingit
1056 1317 1062 1335 :
1084 1315 1117 1335 ac
1133 1308 1174 1335 sol
1195 1315 1291 1336 rursus
1304 1315 1318 1334 a
1334 1308 1527 1343 dejectioribus
1547 1308 1641 1337 mundi
1660 1309 1745 1343 parti-

959 1353 1010 1380 bus
1025 1352 1057 1379 ad
1070 1352 1180 1380 altiores
1192 1353 1370 1380 convertitur.
1385 1352 1450 1386 Qum
1463 1353 1571 1388 quidem
1587 1354 1621 1381 ab
1635 1354 1746 1381 inferio-

959 1398 1034 1426 ribus
1051 1398 1085 1425 ad
1104 1399 1188 1425 ardua
1199 1398 1336 1433 migratio,
1355 1399 1421 1426 solis
1437 1399 1582 1427 conversio
1599 1399 1653 1426 dici
1665 1400 1743 1427 solet.

960 1444 1079 1480 (Egyptii
1095 1444 1232 1479 quondam
1246 1446 1330 1471 solem
1350 1444 1474 1472 videntes
1491 1452 1506 1471 a
1523 1445 1629 1472 Cancro
1643 1445 1675 1472 ad
1692 1445 1746 1471 Ca-

959 1490 1117 1525 pricornum
1133 1490 1310 1522 descendere,
1325 1498 1357 1517 ac
1377 1491 1514 1526 longiores
1538 1491 1745 1519 contrahentem

923 1554 944 1582 Ο
960 1536 1029 1567 dies.
1055 1537 1146 1570 lugere
1167 1541 1376 1568 consueverant,
1401 1537 1478 1564 veriti
1498 1545 1531 1564 ne
1551 1537 1680 1572 paulatim
1704 1538 1746 1566 sol.

959 1591 1006 1611 eos
1018 1582 1193 1617 relinqueret.
1207 1582 1285 1614 Quod
1302 1586 1409 1616 tempus
1433 1583 1570 1611 incidebat
1585 1584 1612 1610 in
1630 1583 1745 1611 lsiorum

960 1627 1069 1655 festum.
1090 1628 1176 1654 Simul
1192 1633 1272 1662 atquc
1292 1635 1356 1654 vero
1369 1628 1554 1655 conscendere
1568 1634 1697 1663 coeperat,
1713 1636 1746 1656 ac

960 1673 1064 1700 dierum
1080 1674 1167 1708 spatia
1186 1674 1354 1708 producere;
1371 1677 1436 1700 tunc
1452 1674 1546 1705 albati,
1567 1675 1746 1710 coronatique

960 1719 1113 1754 prodibant.
1131 1719 1273 1746 Postremo
1291 1719 1412 1746 circulus
1429 1719 1480 1746 istc
1491 1719 1514 1746 si
1532 1720 1559 1746 in
1577 1724 1640 1746 octo
1656 1726 1744 1754 partes

960 1765 1104 1797 tribuatur,
1123 1765 1219 1791 harum
1236 1773 1320 1800 supra
1335 1769 1435 1792 terram
1456 1770 1574 1800 quatuor
1587 1771 1743 1801 cmergent;

961 1811 1072 1846 reliquae
1087 1811 1156 1838 infra
1175 1815 1274 1838 terram
1290 1815 1408 1846 quatuor
1427 1817 1507 1839 erunt
1520 1812 1643 1839 occulta.
1659 1812 1695 1839 Ita
1711 1820 1743 1839 ex

959 1865 1036 1893 aequo
1052 1866 1144 1893 supra,
1162 1857 1288 1893 infraque
1303 1864 1403 1886 terram
1425 1866 1486 1886 sese
1501 1858 1632 1886 continet.
1647 1858 1746 1894 Equi-

959 1904 1102 1932 noctialem
1119 1908 1209 1930 autem
1221 1908 1304 1936 secat,
1322 1909 1349 1931 et
1364 1904 1398 1931 ab
1413 1912 1445 1931 eo
1458 1904 1578 1932 viciSSim
1591 1909 1709 1932 secatur,

1218 1960 1256 1988 De
1270 1961 1354 1988 lacteo
1375 1961 1473 1988 circulo

993 2006 1038 2035 24.
1053 2006 1181 2034 Lacteum
1201 2007 1334 2034 circulum
1352 2007 1440 2033 solum
1453 2014 1486 2034 ex
1503 2006 1640 2039 omnibus,
1651 2007 1700 2042 qui
1717 2007 1745 2034 in

959 2053 1065 2088 sphaera
1084 2057 1158 2085 sunt,
1184 2052 1377 2088 aspcctabilem
1398 2060 1470 2085 esse,
1489 2059 1521 2079 ac
1535 2060 1617 2080 sensu
1642 2054 1746 2089 percipi

957 2099 1014 2134 jam
1037 2099 1173 2132 diximus;
1196 2107 1258 2126 cum
1288 2099 1377 2126 ueteri
1402 2095 1459 2126 sola
1476 2099 1656 2134 intelligentia
1679 2107 1746 2127 con-

959 2149 1043 2173 stent.
1069 2145 1106 2172 De
1126 2145 1178 2172 hoc
1196 2145 1334 2172 fabulatur
1357 2144 1551 2172 Eratosthenes
1569 2144 1596 2171 in
1613 2152 1646 2172 eo
1664 2145 1745 2177 libro,

960 2191 1007 2225 qui
1024 2190 1254 2225 Καταμερισιιός,
1274 2190 1300 2217 id
1320 2196 1361 2217 est
1375 2190 1500 2222 Partitio,
1518 2191 1667 2225 inscriptus
1688 2197 1746 2224 est;

925 2222 950 2252 D
961 2222 994 2262 ex
1008 2222 1124 2262 lunonis
1140 2235 1210 2262 lacte
1224 2238 1315 2262 ortum
1339 2234 1479 2262 habuisse.
1492 2234 1560 2261 Nam
1575 2242 1637 2262 cum
1654 2235 1746 2262 infans

960 2280 1049 2307 adhuc
1061 2280 1193 2308 Hercules
1210 2280 1326 2308 Iunonis
1346 2281 1475 2315 papillam
1490 2280 1678 2308 vehementius
1697 2288 1746 2308 ex-

959 2330 1088 2361 sugeret;
1115 2334 1229 2362 eamque
1248 2332 1344 2354 contra
1360 2326 1406 2353 illa
1431 2326 1605 2370 retraxisset,
1625 2326 1744 2355 eil‘usum

959 2380 1021 2400 esse
1037 2372 1089 2404 lac,
1104 2376 1131 2399 ct
1144 2373 1200 2408 86
1218 2380 1252 2400 eo
1265 2377 1461 2401 concrescente
1475 2373 1608 2400 circulum
1621 2381 1683 2401 esse
1701 2373 1744 2400 fa-

959 2421 1050 2449 ctum;
1066 2417 1138 2452 quod
1154 2417 1244 2452 ipsum
1258 2421 1285 2445 et
1296 2417 1431 2445 Mercurio
1447 2417 1595 2454 contigisse
1605 2417 1744 2445 memoriae

958 2461 1049 2498 prodit
1079 2461 1283 2494 Eratosthenes,
1302 2466 1333 2490 ut
1352 2462 1467 2492 Iunonis
1487 2470 1633 2490 mammam
1652 2463 1743 2490 trahe-

960 2511 1010 2536 ret.
1028 2507 1081 2534 ΔΙίί
1095 2515 1129 2535 ex
1149 2508 1401 2543 hemisphaeriorum
1424 2509 1541 2537 duorum
1561 2508 1742 2538 commissura

959 2554 1017 2582 fieri
1033 2558 1156 2582 censent.
1173 2554 1236 2587 Alii,
1251 2558 1281 2581 ut
1295 2554 1450 2591 (Enopidcs
1464 2555 1559 2587 Chius,
1573 2559 1741 2588 asseverant.

959 2601 1044 2628 solem
1059 2604 1138 2628 antea
1157 2600 1208 2628 iter
1225 2601 1289 2628 illac
1304 2600 1415 2633 fecisse,
1431 2602 1517 2630 donec
1533 2605 1642 2636 propter
1652 2601 1742 2637 Thye-

959 2650 1033 2674 steas
1048 2646 1143 2681 epulas
1160 2654 1285 2680 aversus,
1305 2647 1473 2675 contrariam
1486 2647 1556 2674 viam
1574 2646 1659 2681 cmpit
1673 2647 1743 2675 insi.

959 2695 1042 2724 stere,
1057 2699 1139 2727 quam
1156 2691 1284 2720 zodiacus
1301 2692 1381 2720 modo
1401 2691 1541 2719 describit.
1558 2690 1611 2718 Sed
1626 2691 1743 2726 haacJa-

959 2736 1056 2765 bulosa
1080 2741 1154 2765 sunt.
1171 2737 1239 2764 Nam
1259 2737 1326 2772 quid
1339 2737 1432 2765 dicent
1452 2736 1498 2771 qui
1513 2737 1549 2763 ita
1570 2736 1690 2763 sentiunt
1707 2737 1743 2765 de

959 2783 1035 2816 luna,
1050 2786 1077 2810 et
1089 2783 1210 2818 quinque
1220 2783 1352 2818 reliquis?
1366 2782 1426 2810 Non
1449 2782 1521 2810 enim
1542 2782 1576 2810 ob
1592 2781 1743 2818 Thyesteas

959 2827 1042 2862 dapes
1055 2828 1136 2855 etiam
1152 2827 1197 2855 isti
1220 2835 1281 2855 sese
1296 2827 1469 2855 reﬂexerunt.
1486 2827 1556 2854 Sunt
1572 2827 1617 2862 qui
1634 2827 1742 2862 perexi—

957 2873 1020 2909 guis
1047 2881 1078 2901 ac
1098 2873 1203 2901 crebris
1218 2881 1232 2901 e
1247 2873 1346 2906 stellis,
1362 2881 1422 2908 quae
1437 2873 1472 2901 ob
1494 2874 1556 2901 εσθιί
1574 2881 1588 2899 a
1612 2879 1682 2901 term
1700 2873 1742 2900 di-
