1913 3136
208 162 256 190 971

723 157 768 183 ΑΙ)
784 155 917 184 Ευειιιςιι
937 155 1135 184 CllRONlCON
1155 155 1336 183 APPENDlX.

1786 153 1836 181 972

209 221 338 250 stantiam
356 220 509 247 coalescere
520 217 654 248 videntur,
671 217 826 244 confectum
845 217 920 244 illum
936 217 994 244 exi-

1057 217 1280 252 τεπυκνωμένων,
1295 217 1341 242 καὶ
1358 217 1422 251 ἡμῖν
1437 215 1585 241 δοκούντων
1601 213 1736 249 ἡνῶσθαι,
1754 213 1797 240 διὰ
1809 214 1837 240 τὸ

179 281 183 285 -
210 269 321 296 stimant
332 275 339 294 ι
351 267 422 294 velut
435 265 457 293 si
469 265 530 300 quis
541 264 655 291 minutis
669 263 828 298 crebrisque
840 265 905 291 salis
918 263 996 291 micis

212 313 313 348 aliquid
332 313 478 346 inspergat.
494 310 545 337 Sed
560 310 654 336 nescio
667 317 701 336 an
713 316 766 336 non
782 310 816 336 sit
828 309 997 344 probabilius

212 360 296 392 dictu,
311 366 343 385 ex
361 358 479 384 nubibus
506 364 567 383 eum
586 355 699 384 conﬂari
726 355 783 383 sive
803 356 996 383 condensatio-

211 413 273 433 nem
297 404 368 431 aeris
387 410 449 430 esse
469 403 660 437 pellucentem,
683 409 743 436 quae
766 401 860 428 circuli
881 403 998 436 speciem

211 451 302 478 habet.
320 449 407 484 Hujus
422 457 488 476 sane
501 449 624 476 meminit
637 448 737 475 Aratus
755 448 797 475 bis
810 448 900 475 verbis
917 457 921 473 :

213 551 285 580 Illud
300 552 411 586 insigne,
428 550 581 582 rotundum,
597 549 639 576 lac
658 550 742 583 ipsum
762 548 908 576 nominant.

248 599 301 625 Lac
331 598 404 625 enim
431 596 492 624 ideo
511 599 622 627 vocant,
645 595 717 630 quod
741 594 886 628 γαλαξίου,
906 593 932 620 id
956 597 1000 622 est

215 654 224 669 ι
242 644 331 676 lactei,
345 653 354 670 ι
371 650 470 670 nomen
484 649 581 669 versus
595 642 665 668 ratio
685 649 739 668 non
760 640 923 667 admitteret.
943 638 1001 666 Cae-

214 694 302 717 terum
318 696 331 714 a
351 687 471 715 candore
493 687 571 714 lactis
593 686 630 713 ita
660 688 843 720 nuncupatur.
862 683 909 711 Est
927 684 1000 711 enim

214 735 347 763 candidus
367 738 395 762 et
415 739 600 768 transparens.
622 732 674 766 Qui
693 732 838 767 sphaeram.
862 734 889 758 et
908 730 1001 757 zodia-

214 789 277 808 cum
294 781 440 812 cireulum,
460 783 486 807 et
507 777 725 814 aequinoctialem
749 776 874 804 bifariam
891 775 1000 808 dividit,

213 828 249 856 ab
263 828 350 863 iisque
367 829 461 854 mutuo
480 825 622 856 dividitur,
638 831 700 851 cum
714 824 750 851 sit
760 823 883 858 aqualis.

385 881 422 908 De
436 882 548 917 quinque
560 879 697 915 parallelis
715 879 832 906 circulis.

248 929 295 956 25.
310 927 436 962 Quinque
449 930 512 953 sunt
524 925 646 961 paralleli
662 925 757 952 circuli
775 934 782 951 :
805 925 934 957 arcticus,
954 924 1000 959 qui

215 976 248 1002 ad
268 974 422 1009 aquilonem
444 973 556 1008 propius
579 971 700 1005 accedit,
723 970 808 998 Ursas
825 971 896 997 intra
924 978 953 997 se
974 974 1002 998 et

216 1022 367 1048 Draconem
377 1020 519 1047 continens
528 1028 534 1053 ;
544 1019 604 1046 etei
613 1019 756 1054 oppositus
766 1017 907 1049 australis,
918 1024 1001 1052 quem

217 1066 398 1093 antarcticum
422 1069 532 1093 vocant.
557 1064 690 1100 Tropicus
706 1063 818 1094 aestivus
840 1067 902 1098 post
921 1064 1003 1091 arcti-

216 1120 296 1145 cum;
310 1112 442 1139 hibernus
458 1111 581 1147 tropicus
598 1115 660 1146 pont
675 1110 866 1138 antarcticum.
884 1111 1004 1144 Quintus

215 1157 314 1183 horum
330 1157 451 1183 omnium
471 1156 577 1184 medius
598 1161 640 1184 est
656 1156 865 1191 aequinoctialis,
887 1157 944 1191 pari
962 1157 1005 1183 in-

215 1203 330 1229 tervallo
348 1202 453 1230 distans
469 1202 503 1229 ab
529 1202 623 1229 aestivo
643 1202 810 1237 hihernoque
825 1202 940 1237 tropico.
958 1202 1004 1229 Est

216 1253 306 1276 autem
331 1249 450 1276 arcticus
471 1248 647 1275 minimarum
662 1256 744 1281 unus,
760 1248 805 1283 qui
825 1248 897 1275 circa
913 1249 1003 1283 polum

219 1294 350 1330 descripti
363 1299 437 1325 sunt,
449 1294 568 1322 medium
580 1295 680 1330 ipsum.
696 1295 769 1322 velut
780 1300 915 1328 centrum,
930 1303 1005 1322 com-

216 1341 349 1376 plectens,
360 1341 406 1376 qui
421 1341 542 1368 arcticus
555 1344 665 1376 propter
683 1339 777 1372 Ursas,
794 1349 863 1376 quas
877 1348 1004 1376 compre-

218 1388 332 1421 hendit;
356 1393 383 1414 et
397 1387 526 1419 borealis,
550 1387 624 1421 quod
647 1386 679 1413 ad
703 1394 764 1414 eam
786 1387 880 1414 numili
901 1391 1003 1422 partem

217 1434 317 1468 vergit,
341 1433 511 1468 appellatur:
537 1432 608 1459 idem
631 1440 768 1467 apparens
796 1432 906 1464 dicitur,
931 1433 1003 1468 quod

219 1486 326 1514 semper
348 1478 466 1510 eminet,
493 1486 542 1505 nec
559 1478 660 1505 occidit
683 1486 813 1513 unquam.
835 1478 904 1506 lluic
920 1487 1005 1514 oppoo

219 1526 289 1553 situs
304 1524 433 1552 australis
443 1525 574 1559 aequalem
594 1532 656 1551 cum
670 1532 702 1552 eo
717 1524 799 1552 situm
815 1525 907 1558 habet,
924 1529 1004 1560 atque

1049 262 1187 297 διάστημα
1200 262 1230 288 τὸ
1245 262 1299 288 ἀπὸ
1316 261 1361 287 τοῦ
1379 259 1494 296 οὐρανοῦ
1510 261 1554 286 ἐπὶ
1569 260 1619 295 τὴν
1633 260 1698 294 γῆν,
1718 259 1837 295 ἀστέρων

1050 308 1131 335 αὐτὸν
1146 306 1216 335 εἶναι
1238 316 1328 342 φασιν·
1343 307 1380 339 ὡς
1392 307 1469 338 εἴτις
1481 306 1541 332 ἁλσὶ
1553 306 1663 337 λεπτοῖς
1676 314 1706 331 τε
1719 305 1767 331 καὶ
1779 306 1838 332 πολ-

1050 355 1105 387 λοῖς
1127 354 1294 381 καταπάσειὲ
1318 362 1354 380 τι.
1379 354 1493 388 Μήποτε
1517 353 1607 388 μέντοι
1630 353 1745 387 ἄμεινον
1763 353 1838 379 αὐτὸν

1051 394 1138 435 λέγειν
1158 401 1190 426 ὲκ
1204 399 1304 434 νεφῶν,
1324 399 1339 434 ἢ
1356 398 1461 433 πίλημά
1485 406 1511 424 τι
1531 397 1610 433 ἀέρος
1630 397 1744 431 διαυγὲς
1761 395 1838 428 εἶναι,

1052 447 1149 474 κύκλου
1169 447 1260 482 σχῆμα
1274 446 1343 481 ἕχον.
1362 445 1504 480 Μέμνηται
1520 444 1548 470 δὲ
1560 443 1642 471 αὐτοῦ
1658 444 1707 470 καὶ
1727 445 1839 479 ’Ἄρατος

1049 493 1083 520 δι’
1095 490 1132 520 ὧν
1144 501 1236 528 φησιν·

1051 551 1138 578 Κεῖνο
1151 551 1345 585 περίγληνον,
1361 550 1520 584 τροχαλὸν,
1534 548 1612 583 γάλα
1621 556 1676 582 μιν
1686 546 1838 573 καλέουσι

1086 597 1160 623 Γάλα
1171 596 1225 632 γὰρ
1241 595 1322 622 αὑτὸν
1335 595 1470 630 ὠνόμασε,
1482 594 1527 621 διὰ
1538 594 1568 621 τὸ
1581 594 1618 629 μὴ
1632 592 1767 620 δύνασθαι
1782 592 1840 618 αὐτὸ

1053 641 1192 678 ἐντεθῆναι
1209 643 1248 673 εἰς
1268 641 1333 673 ἔπος
1356 640 1402 667 τοῦ
1423 640 1551 675 γαλαξίου
1566 639 1596 665 τὸ
1611 638 1710 674 ὄνομα.
1729 638 1839 672 Λέγεται

1050 688 1080 714 δὲ
1103 687 1157 715 ἀπὸ
1179 688 1229 723 τῆς
1253 688 1348 723 χροιᾶς
1367 686 1413 714 τοῦ
1429 685 1562 722 γάλακτος
1575 686 1656 712 οὕτω·
1676 684 1777 715 λευκὸς
1792 684 1840 718 γὰρ

1052 736 1100 762 καὶ
1117 735 1230 770 διαυγὴς
1252 734 1386 768 φαίνεται.
1406 733 1506 768 Τέμνει
1521 732 1550 759 δὲ
1565 732 1626 767 δίχα
1647 731 1698 766 τὴν
1716 731 1840 765 σφαῖραν,

1052 782 1100 809 καὶ
1114 781 1160 808 τὺν
1175 780 1306 813 ζωδιακὸν
1319 779 1428 811 κύκλον,
1441 779 1487 805 καὶ
1503 777 1670 814 ίο-ημερινόν·
1686 777 1737 803 καὶ
1750 776 1841 811 τέμνε-

1052 836 1097 854 ται
1115 828 1160 854 ὑπ’
1176 826 1275 858 αὐτῶν,
1295 826 1351 857 ἴσος
1367 826 1457 857 αὐτοῖς
1473 824 1519 851 ῶν.

1206 883 1276 917 Περὶ
1293 882 1351 909 τῶν
1366 882 1455 909 πέντε
1471 880 1686 915 παραλλήλων,

1087 932 1137 957 κε’.
1154 930 1185 955 Οἱ
1197 929 1226 955 δὲ
1239 927 1405 964 παράλληλοί
1416 928 1467 953 εἰσι
1481 927 1570 959 πέντε,
1582 925 1728 962 ἀρκτικὸς,
1744 925 1773 957 ὃς
1792 926 1844 952 ἐστι

1053 977 1230 1012 βορειότερος,
1248 974 1323 1006 ὲντὺς
1335 974 1404 1010 ἔχων
1421 974 1469 1006 τὰς
1486 974 1621 1009 Ἀρκτους
1649 972 1699 999 καὶ
1714 972 1763 998 τὸν
1781 972 1844 1007 Δρά-

1052 1030 1144 1048 κοντα’
1165 1021 1213 1047 καὶ
1228 1022 1243 1047 ὁ
1255 1020 1341 1055 τούτῳ
1357 1019 1542 1053 ἀντικείμενος
1556 1017 1652 1049 νότιος,
1671 1017 1686 1042 ὁ
1700 1017 1844 1052 ἀνταρκτι-

1053 1069 1100 1101 κὸς
1117 1068 1292 1103 καλούμενος·
1311 1067 1325 1092 ὁ
1340 1065 1411 1102 [καὶ]
1432 1064 1536 1101 θερινὸς
1555 1064 1687 1100 τροπικὸς
1710 1063 1783 1098 μετὰ
1803 1062 1845 1089 τὸν

1054 1112 1194 1147 ἀρκτικόνο
1211 1112 1258 1138 καὶ
1269 1113 1283 1138 ὁ
1295 1110 1447 1146 χειμερινὸς
1459 1110 1588 1145 τροπικὸς
1603 1109 1674 1145 μετὰ
1689 1109 1738 1136 τὸν
1750 1109 1845 1144 ἀνταρ-

1053 1158 1154 1184 κτικόν·
1168 1157 1249 1192 μέσος
1259 1156 1287 1183 δὲ
1300 1156 1401 1183 τούτων
1413 1155 1536 1191 πέμπτος
1547 1156 1561 1181 ὁ
1575 1155 1745 1190 ίσημερινὺς,
1755 1154 1845 1181 τοσοῦ-

1053 1212 1098 1230 τον
1113 1203 1223 1238 ἀπέχων
1237 1202 1284 1229 τοῦ
1300 1201 1406 1238 θερινοῦ
1425 1201 1568 1236 τροπικοῦ,
1582 1201 1643 1227 ὅσον
1659 1200 1706 1226 τοῦ
1723 1208 1845 1235 χειμερι-

1054 1249 1111 1276 νοῦ.
1125 1249 1203 1275 Ἔστι
1215 1248 1243 1275 δὲ
1255 1249 1270 1274 ὁ
1283 1248 1413 1284 ἀρκτικὸς
1423 1247 1476 1273 τῶν
1488 1247 1646 1282 ἐλαχίστων,
1661 1247 1711 1273 καὶ
1725 1246 1791 1281 περὶ
1803 1246 1845 1271 τὸν

1054 1297 1158 1333 βόρειον
1166 1295 1257 1327 πόλον,
1265 1295 1339 1326 ἐντὸς
1349 1294 1417 1329 ἔχων
1427 1292 1588 1329 μεσαίτατον
1595 1292 1640 1318 τὸν
1649 1291 1733 1318 πόλον
1742 1291 1846 1325 ὠσπερ-

1053 1343 1078 1369 εὶ
1092 1343 1202 1377 κέντρον
1215 1341 1308 1368 αὑτοῦ.
1330 1340 1461 1367 Καλεῖται
1481 1338 1509 1365 δὲ
1530 1337 1659 1374 ἀρκτικὸς
1673 1337 1730 1364 ἀπὸ
1741 1336 1788 1363 τοῦ
1804 1337 1844 1362 ὲν-

1053 1389 1099 1420 τὸς
1113 1388 1186 1423 ἔχειν
1204 1387 1254 1419 τὰς
1269 1387 1413 1422 Ἀρκτους·
1426 1385 1473 1412 καὶ
1486 1384 1600 1420 βόρειος,
1615 1383 1659 1410 διὰ
1675 1383 1706 1409 τὸ
1724 1382 1792 1418 πρὸς
1804 1382 1847 1416 βο-

1056 1435 1120 1470 ρέαν
1134 1432 1204 1460 εἶναι
1215 1433 1267 1460 ἀεί.
1277 1433 1396 1468 Φανερὸς
1407 1431 1435 1458 δέ
1447 1433 1506 1457 ἐστι
1516 1431 1526 1445 ⁸
1538 1430 1581 1456 διὰ
1593 1430 1624 1456 τὸ
1634 1429 1677 1456 ἀεὶ
1691 1427 1845 1464 φαίνεσθαι.

1055 1482 1103 1508 καὶ
1120 1482 1158 1517 μὴ
1172 1481 1270 1507 δύνειν.
1293 1479 1322 1506 ’0
1339 1479 1367 1506 δὲ
1381 1478 1467 1513 τούτῳ
1478 1477 1666 1512 ἀντικείμενος
1679 1476 1768 1507 νότιος
1778 1474 1846 1501 κατᾶ

1054 1527 1104 1564 τὴν
1115 1528 1188 1554 θέσιν
1200 1527 1257 1558 ἴσος
1273 1527 1321 1562 μὲν
1333 1526 1406 1552 ἔστιν
1419 1524 1505 1559 αὐτῷ,
1520 1523 1642 1558 περιέχει
1657 1522 1687 1549 δὲ
1703 1522 1750 1548 τὸν
1763 1522 1846 1548 νότιον

220 1572 366 1599 australem
390 1571 510 1598 continet
534 1571 641 1605 polum;
670 1571 836 1598 antarcticus
858 1575 948 1599 autem
972 1580 1003 1599 ex

1057 1575 1147 1601 πόλον.
1165 1574 1281 1608 Λέγεται
1300 1573 1328 1599 δὲ
1342 1571 1521 1608 ἀνταρκτικὸς
1532 1570 1586 1597 ἀπὸ
1595 1569 1642 1596 τοῦ
1655 1569 1777 1600 ἐναντίος
1794 1569 1848 1594 κεῖ-

220 1626 253 1645 εο
268 1618 435 1649 nominatur,
456 1617 528 1652 quod
553 1623 649 1644 contra
666 1622 747 1652 atque
766 1618 886 1646 areticus
901 1619 1006 1654 positus

221 1664 266 1691 sit.
282 1663 349 1690 Nam
367 1665 484 1691 arcticus
499 1663 532 1691 ad
559 1664 681 1695 boream,
697 1664 748 1690 iste
766 1664 798 1690 ad
816 1669 951 1697 austrum,
970 1665 1008 1693 si-

220 1713 266 1737 tus
280 1714 322 1736 est
335 1718 341 1742 ;
356 1709 400 1736 ille
417 1710 568 1737 altissimus
591 1714 633 1737 est
649 1712 675 1736 in
689 1710 794 1744 sphaera
808 1720 813 1738 :
831 1711 875 1737 lnc
891 1712 1008 1739 maxime

220 1755 378 1790 depressus.
392 1754 433 1782 0b
448 1756 473 1782 id
487 1756 605 1783 arcticus
621 1765 728 1791 semper
742 1765 873 1791 apparens
893 1763 935 1785 est
948 1767 955 1785 :
969 1759 1007 1784 al-

219 1805 262 1828 ter
279 1805 390 1836 apparet
408 1809 557 1836 nunquam.
581 1801 673 1828 Potest
693 1807 719 1830 et
744 1803 887 1830 antarctici
907 1811 1007 1830 nomen

220 1845 283 1872 inde
305 1846 434 1875 derivari,
457 1846 528 1880 quod
554 1847 656 1874 arctico
677 1855 709 1875 ex
738 1856 816 1883 aequo
832 1850 1006 1883 respondeat.

218 1890 288 1917 Nam
305 1892 460 1926 pra-positio
477 1892 547 1925 ἀντί,
569 1901 578 1918 ι
593 1894 697 1928 mquale
713 1904 722 1920 ι
742 1895 896 1930 significat;
912 1899 941 1922 ut
961 1897 1008 1922 ἀν-

219 1936 317 1969 τίθεος,
346 1937 372 1964 id
397 1942 440 1965 est
455 1947 463 1964 ι
479 1939 591 1973 aequalis
619 1938 706 1971 Deo,»
728 1940 856 1968 famulus.
883 1940 955 1969 Idem
981 1946 1008 1970 et

220 1983 348 2010 australis
368 1988 490 2017 vocatur,
506 1989 602 2020 estque
614 1992 721 2020 semper
736 1987 870 2013 occultus.

255 2029 388 2065 Tropicus
412 2031 524 2058 mstivus
547 2031 618 2058 inter
635 2032 766 2058 arcticum
789 2037 815 2060 et
833 2033 1008 2068 mquinoctia—

219 2075 271 2101 lem
290 2075 359 2102 situs
382 2080 434 2107 est,
451 2083 483 2102 ac
509 2077 655 2104 solstitium
671 2078 797 2104 aestivum
823 2078 850 2105 in
871 2086 900 2106 se
919 2080 1007 2106 conti-

221 2127 276 2147 net.
293 2120 360 2147 Nam
384 2129 446 2148 cum
469 2122 508 2149 sol
532 2123 558 2149 in
574 2123 682 2150 Cancro
704 2128 838 2156 versatur,
864 2125 908 2152 ubi
931 2125 1006 2152 illum

221 2166 320 2201 attigit,
341 2168 465 2194 aestivum
492 2169 639 2196 solstitiqu
663 2168 738 2197 facit.
768 2168 831 2196 ideo
854 2170 1007 2198 solstitialis

220 2213 332 2239 aestivus
356 2213 465 2240 dicitur.
492 2214 538 2241 Est
560 2219 650 2242 autem
669 2219 699 2242 ut
716 2216 818 2243 arctieo
844 2217 942 2251 major,
967 2219 1007 2245 sic

220 2258 403 2292 aequinoctiali
418 2260 517 2287 minor.
537 2261 575 2288 Ac
590 2262 613 2289 si
626 2262 688 2297 quis
704 2262 791 2297 ipsum
816 2263 843 2290 in
859 2268 921 2290 octo
940 2272 1006 2299 par-

220 2308 262 2330 tes
275 2305 424 2331 secundum
447 2306 558 2337 Aratum
574 2306 694 2339 dividat,
719 2312 798 2334 erunt
822 2309 943 2344 quinque
959 2317 1005 2337 su-

220 2357 269 2384 pra
286 2355 395 2384 lerram,
411 2355 465 2379 tres
480 2351 561 2377 intra.
576 2351 664 2379 Verba
677 2353 753 2380 Arati
772 2363 778 2380 :

221 2450 342 2485 Quinque
352 2450 378 2476 in
398 2450 461 2477 caelo
481 2455 619 2478 versantur
630 2460 710 2485 supra
724 2457 833 2481 terram.

221 2486 284 2513 Tres
301 2486 329 2512 in
340 2486 391 2512 into
400 2495 410 2512 .'
424 2487 526 2513 wstutis
540 2492 627 2513 autent
638 2488 665 2514 in
689 2496 718 2514 eo
728 2493 789 2515 sunt
808 2489 1004 2522 conversiones;

218 2542 319 2578 quibus
335 2542 425 2569 verbis
443 2550 475 2569 ex
496 2546 558 2569 octo
575 2542 698 2576 partibus
718 2545 838 2580 quinque
851 2546 928 2572 illum
952 2547 1007 2573 ba-

219 2588 283 2616 bere
300 2597 382 2623 supra
395 2593 507 2619 terram,
524 2592 580 2615 trcs
596 2589 737 2622 subterra,
754 2591 897 2626 significat.
911 2592 940 2619 ln
954 2593 1006 2620 hoc

218 2633 331 2667 sphaera:
347 2633 412 2664 situ.
422 2633 467 2668 qui
485 2633 663 2668 Hellesponti,
676 2634 841 2663 Macedonia).
855 2641 882 2664 et
891 2636 1005 2666 Gracia}

216 2679 321 2706 elimati
345 2680 500 2715 respondet,
523 2681 634 2716 quando
657 2682 697 2708 sol
720 2683 843 2710 :estivum
865 2685 1002 2720 tropicum

217 2728 302 2756 tenet.
319 2728 454 2754 maximus
471 2727 528 2756 dies
542 2729 670 2756 horarum
686 2736 727 2758 est
745 2730 792 2763 15;
809 2730 921 2758 minima
936 2739 1002 2764 nox,

217 2771 250 2804 9;
262 2780 323 2799 cum
346 2774 444 2809 ubique
465 2776 555 2804 noctis
574 2785 606 2804 ac
619 2777 671 2806 dici
685 2778 772 2813 spatia
788 2778 869 2806 simul
891 2784 999 2816 sumpta

255 2850 297 2886 'f.
314 2851 364 2880 ἔτι.

1059 1620 1119 1647 σθαι
1134 1620 1172 1655 τῷ
1189 1618 1322 1655 ἀρκτικῷ·
1340 1617 1354 1644 ὁ
1374 1617 1423 1653 μὲν
1439 1616 1493 1651 γὰρ
1509 1615 1639 1652 ἀρκτικὸς
1654 1614 1726 1642 κατὰ
1740 1614 1846 1649 βορέαν.

1057 1664 1133 1699 οὗτος
1144 1667 1172 1693 δὲ
1186 1665 1257 1693 κατὰ
1273 1666 1348 1692 νότον
1361 1664 1428 1691 ἐστί.
1451 1663 1506 1690 Καὶ
1527 1663 1542 1688 ὁ
1562 1662 1612 1696 μὲν
1631 1661 1763 1697 ἀρκτικὸς
1780 1660 1848 1687 κατὰ

1057 1715 1106 1749 τὴν
1123 1714 1239 1748 σφαῖραν
1262 1710 1427 1747 ὑψηλότατος
1445 1711 1529 1741 ἐστιν,
1552 1710 1566 1735 ὁ
1589 1709 1617 1735 δὲ
1642 1708 1846 1738 ταπεινότατος.

1057 1760 1102 1787 Διὸ
1114 1761 1127 1786 ὁ
1145 1760 1193 1795 μὲν
1213 1759 1342 1795 ἀρκτικὸς
1356 1758 1487 1792 ἀειφανής
1500 1757 1584 1783 ἐστιν·
1599 1753 1677 1786 οὗτος
1695 1755 1724 1781 δὲ
1741 1755 1772 1780 οὑ
1788 1754 1847 1789 φαί-

1057 1815 1131 1833 νεται
1150 1807 1224 1841 ἡμῖν.
1242 1806 1276 1831 Ἢ
1297 1806 1337 1831 ὅτι
1359 1805 1415 1835 ἶσος
1431 1803 1488 1829 ἐστὶ
1509 1802 1547 1837 τῷ
1567 1801 1701 1837 ἀρχτικῷ,
1720 1801 1772 1835 τῆς
1790 1800 1847 1826 ἀνὰ

1058 1852 1211 1888 προθέσεως
1227 1852 1256 1878 τὺ
1269 1851 1325 1878 ἴσον
1343 1849 1536 1885 σημαινούσης,
1548 1849 1586 1880 ὠς
1600 1848 1628 1873 ὲν
1645 1847 1684 1882 τῷ
1702 1859 1711 1872 ι
1727 1846 1849 1874 ἀντίθεοι.

1058 1898 1222 1934 θεράποντα.
1244 1907 1252 1923 ι
1277 1896 1408 1923 Καλείται
1429 1895 1457 1921 δὲ
1477 1893 1659 1929 ἀνταρκτικὸς
1679 1893 1729 1919 καὶ
1750 1893 1846 1922 νότιος.

1059 1945 1137 1971 Ἐστι
1153 1944 1181 1970 δὲ
1194 1945 1236 1970 ἀεὶ
1250 1943 1366 1978 ἀφανὴς.

1097 2034 1127 2060 Ὁ
1139 2034 1167 2060 δὲ
1182 2033 1286 2069 θερινὸς
1298 2031 1426 2069 τροπικδς
1439 2032 1526 2057 κεῖται
1542 2030 1642 2065 μεταξὺ
1655 2029 1702 2056 τοῦ
1718 2028 1847 2064 ἀρκτικοῦ

1059 2079 1162 2107 καὶτοῦ
1182 2079 1349 2115 ἰσηιιερινοῦ.
1369 2078 1445 2112 Ἔχει
1460 2077 1487 2103 δὲ
1508 2077 1537 2103 ὲν
1556 2076 1645 2111 ἑαυτῷ
1666 2076 1717 2107 τὰς
1739 2074 1847 2110 θερινὰς

1057 2126 1163 2161 τροπὰς
1179 2125 1225 2152 τοῦ
1241 2125 1327 2161 ἡλίου.
1349 2125 1412 2151 Ὅτε
1427 2124 1481 2158 γὰρ
1500 2124 1514 2149 ὁ
1527 2123 1602 2157 ἥλιος
1620 2123 1649 2148 ἐν
1667 2122 1706 2157 τῷ
1719 2121 1848 2157 Καρκίνῳ

1058 2173 1180 2208 γένηται,
1202 2172 1376 2206 ἐφαψάμενος
1395 2169 1489 2200 αὑτοῦ,
1507 2168 1556 2204 τὴν
1570 2168 1680 2203 θερινὴν
1695 2169 1770 2193 ποιεῖ
1787 2175 1847 2202 τρο-

1060 2220 1123 2254 πήν.
1138 2218 1182 2245 Διὸ
1195 2218 1242 2244 καλ.
1258 2217 1362 2253 θερινὸς
1374 2216 1503 2252 τροπικὸς
1515 2214 1657 2249 κέκληται.
1670 2215 1749 2240 Ἐστι
1762 2214 1791 2240 δὲ
1803 2213 1848 2239 τοῦ

1060 2266 1108 2301 μὲν
1119 2264 1250 2301 ἀρκτικοῦ
1264 2264 1372 2299 μείζων·
1386 2262 1433 2289 τοῦ
1447 2262 1475 2288 δὲ
1491 2260 1650 2297 ίσημερινοῦ
1669 2260 1848 2296 βραχύτερος.

1057 2313 1088 2339 Et
1101 2311 1130 2338 δέ
1144 2320 1183 2343 τις
1199 2311 1280 2338 αὐτὸν
1292 2310 1373 2336 διέλοι
1390 2310 1429 2341 είς
1445 2308 1516 2335 ὀκτὼ
1535 2308 1605 2343 μέρη
1619 2307 1691 2333 κατὰ
1708 2308 1754 2333 τὸν
1767 2308 1849 2341 Ἀρα-

1057 2366 1113 2389 τον,
1129 2356 1205 2383 ἔσται
1218 2356 1266 2392 μὲν
1278 2355 1359 2382 αὑτοῦ
1375 2354 1453 2381 πέντε
1467 2354 1515 2389 μὲν
1527 2353 1596 2387 ὑπὲρ
1608 2351 1672 2387 γῆν,
1682 2353 1748 2387 τρία
1759 2351 1787 2378 δὲ
1799 2351 1848 2377 ὑπὸ

1057 2403 1119 2438 γῆν.
1135 2403 1203 2438 Φησὶ
1214 2402 1242 2428 δὲ
1254 2402 1318 2437 περὶ
1330 2400 1412 2428 αὑτοῦ
1424 2399 1510 2431 οὕτως
1528 2400 1647 2435 Ἄρατος
1662 2407 1670 2414 '
1773 2400 1777 2403 '

1057 2460 1151 2487 Πέντε
1161 2459 1219 2494 μὲν
1229 2459 1313 2486 ἐνδια
1327 2458 1483 2494 στρέφεται
1498 2457 1561 2494 καθ’
1573 2456 1723 2494 ὑπέρτερα
1735 2458 1829 2492 τιιίης.

1061 2495 1100 2522 Τὰ
1113 2492 1177 2529 τρία
1187 2494 1212 2520 δ’
1223 2495 1257 2521 ἐν
1269 2494 1391 2528 περάτῃ·
1401 2492 1502 2527 θέρεος
1512 2492 1546 2519 δέ
1561 2494 1588 2519 οἱ
1597 2492 1743 2526 ἐντροπαί
1753 2494 1830 2519 εἰσιν
1839 2499 1845 2506 ·

1057 2551 1111 2578 ἀπὸ
1121 2551 1175 2578 τῶν
1189 2550 1261 2577 ὀκτὼ
1274 2550 1364 2585 μερῶν
1378 2550 1466 2585 δηλῶν
1479 2550 1513 2576 τὰ
1525 2549 1606 2576 πέντε
1618 2549 1690 2584 ὑπὲρ
1701 2549 1754 2584 γῆν
1766 2550 1846 2584 ἔχειν,

1057 2598 1091 2624 τὰ
1104 2597 1132 2624 δὲ
1143 2597 1206 2632 τρία
1220 2596 1272 2623 ὑπὸ
1286 2597 1347 2632 γῆν.
1360 2595 1439 2623 Κατὰ
1452 2596 1553 2629 ταύτην
1563 2596 1613 2630 τὴν
1625 2595 1702 2622 θέσιν
1713 2595 1764 2630 τῆς
1777 2594 1847 2629 mgni-

1060 2651 1120 2678 ρας,
1135 2643 1195 2678 ἥτις
1212 2643 1283 2670 κατὰ
1303 2643 1333 2669 τὸ
1353 2642 1436 2678 κλίμα
1452 2642 1497 2668 τοῦ
1518 2641 1719 2677 Ἑλλησπόντου
1739 2642 1784 2667 καὶ
1800 2641 1846 2675 τῆς

1058 2688 1226 2720 Μακεδονίας
1238 2688 1306 2722 ἐστὶ,
1327 2689 1374 2715 καὶ
1391 2689 1440 2723 τῆς
1463 2688 1596 2719 Ἑλλάδος,
1611 2687 1660 2714 τοῦ
1679 2688 1756 2724 ἡλίου
1773 2695 1844 2721 γενο-

1059 2735 1139 2770 μένου
1160 2735 1207 2761 ὲπὶ
1227 2735 1274 2761 τοῦ
1296 2735 1402 2771 θερινοῦ
1424 2734 1566 2770 τροπικοῦ,
1587 2736 1604 2770 ἡ
1627 2735 1747 2770 μεγίστη
1760 2734 1845 2769 ἡμέρα

1054 2781 1130 2808 ,ἐστὶν
1146 2780 1226 2816 ὡρῶν
1240 2785 1278 2808 ιε¹’
1297 2783 1313 2817 ἡ
1328 2782 1355 2808 δὲ
1369 2781 1496 2816 ἐλαχίστη
1512 2780 1592 2816 ὡρῶν
1602 2780 1636 2813 θ’,
1651 2777 1846 2817 πανταχοῦΨῦ
