1913 3136
156 153 214 181 973

530 150 686 179 ACHILLIS
705 151 798 178 TATll
814 150 962 178 ISAGOGE
981 150 1026 177 AD
1043 149 1147 177 ARATI
1167 147 1405 177 PllA-INOMENA.

1730 144 1784 173 974

159 208 360 246 ἡμερονυκτίου
382 208 419 235 κδ’
434 208 512 244 ὡρῶν
527 208 612 241 ὖντος.
628 209 659 235 Εἰ
676 208 884 244 ὐποστησὸμεθα
901 206 947 234 οὖν

1008 216 1081 235 toras
1095 212 1212 242 quattuor
1224 205 1351 241 etviginti
1362 204 1501 239 colligam.
1517 202 1602 238 Igitur
1614 202 1636 230 si
1650 202 1676 230 in
1689 203 1784 230 :cstivo

159 259 190 285 ἐν
211 260 269 290 ταῖς
286 257 404 291 θεριναῖς
420 257 543 290 τροπαῖς,
559 255 653 291 ὥσπερ
669 256 794 290 εἴπομεν,
817 259 847 282 ιε’
868 256 947 290 ὡρῶν

158 305 210 340 τὴν
225 303 355 340 μεγίστην
371 301 475 338 ἡμέραν
489 298 568 332 εἶναι,
584 301 728 328 ἀκόλουθόν
742 302 799 327 ἐστι
813 301 948 336 βραχυτά-

156 359 212 384 την
228 349 289 375 τότε
309 347 430 382 νομίζειν
452 345 520 372 εἶναι
543 347 593 381 τὴν
616 346 711 373 νύκτα.
728 346 813 372 Τοῦτο
829 346 856 371 δὲ
870 345 947 380 δῆλον

159 396 193 422 εκ
211 404 239 422 τε
257 394 353 424 ἄλλων,
372 393 419 419 καὶ
441 392 470 424 ἐξ
490 389 526 418 ὧν
550 392 667 428 ’Ἄρατός
687 400 779 427 φησιν.
801 392 832 417 Εἰ
851 391 905 426 γὰρ
918 391 948 417 τὸ

159 440 357 477 ἡμερονὺκτιὸν
378 440 451 465 ἐστιν
471 438 698 473 εἰκοσιτεσσάρων
717 437 806 472 ὡρῶν,
829 437 868 468 εἰς
882 440 907 471 η’
920 436 948 462 δὲ

160 487 233 523 μέρη
247 487 291 512 τὸν
305 485 408 521 θερινὸν
421 483 549 520 τροπικὸν
561 483 707 518 τέμνεσθαι
723 483 772 514 δεῖ,
789 482 905 509 ἕκαστον
921 482 949 508 δὲ

157 534 258 568 τμῆμα.
271 531 349 567 ὡρῶν
365 533 389 564 γ’
399 538 406 544 ⁸
420 530 480 564 τρὶς
489 528 517 555 δὲ
530 529 564 556 τὰ
576 531 601 564 η’
615 528 654 554 κδ’
664 537 672 544 ’
689 529 713 554 εἰ
727 528 815 554 τοίνυν
828 528 883 554 ἀπὸ
895 527 948 553 τῶν

157 578 233 606 ὀκτὼ
248 577 349 604 τούτων
365 571 455 611 μερῶν
471 575 551 602 πέντε
567 575 639 601 ἐστὶν
655 574 724 610 ὑπὲρ
744 575 795 609 γῆν
808 583 814 588 ·
835 574 949 600 ἕκαστον

158 624 190 651 δὲ
207 623 294 658 τρισὶν
310 621 395 656 ὥραις
406 621 591 656 περιδινείται·
605 620 663 656 τρὶς
679 621 688 636 ⁷
709 620 742 646 τὰ
756 621 834 646 πέντε
845 620 949 654 γίνεται

158 673 207 696 ιε’·
220 667 416 696 πεντεκαίδεκα
428 667 506 699 ὡρῶν
519 666 623 701 γίνεται
644 666 788 702 περιφορά.
805 667 836 693 Εἰ
897 666 949 694 ὑπὸ

153 717 213 751 γῆν
227 715 289 751 τρία
304 714 373 750 μέρη
386 715 445 740 ἐστὶ
454 713 525 740 τότε⁵
537 713 651 740 ἕκαστον
663 713 690 739 δὲ
700 713 755 739 τῶν
768 712 851 748 τριῶν
860 713 948 748 τρισὶν

152 761 247 797 ὥραις
261 760 445 795 περιδινέων
459 759 518 794 τρὶς
528 758 556 785 δὲ
566 758 599 785 τὰ
611 759 674 794 τρία
686 758 764 784 ἐννέα
778 758 846 784 ἐστι·
860 758 947 793 δῆλον,

152 809 202 835 ὅτι
213 808 287 834 ἔσται
302 808 318 842 ἡ
329 805 376 837 νὺξ
389 805 467 841 ὡρῶν
481 805 502 832 0’
515 814 519 819 '
531 805 591 840 ἣτις
601 804 728 839 ἐλαχίστη
740 804 812 830 ἐστὶν
823 805 851 830 ἐν
863 803 948 839 τούτῳ

156 855 201 890 τῷ
216 854 337 889 κλίματι.

203 987 233 1013 Ὀ
245 986 274 1012 δὲ
289 985 442 1021 χειμερινὸς
461 985 589 1020 τροπικδς
610 986 699 1010 κεῖται
715 984 817 1020 μεταξὺ
831 983 877 1010 τοῦ
893 984 953 1010 ἀντ-

158 1031 295 1068 αρκτικοῦ
320 1031 366 1058 καὶ
388 1031 434 1057 τοῦ
460 1029 628 1066 ἰσημερινοῦ,
654 1030 774 1061 ἐναντίος
794 1030 833 1065 τῷ
857 1029 954 1065 Θερινῷ

153 1077 296 1113 *τροπικῇ
317 1077 374 1108 ἶσος
387 1076 469 1103 αὑτοῦ
484 1076 624 1112 ὑπάρχων.
647 1075 812 1111 Ἐφάπτεται
827 1076 855 1102 δὲ
872 1076 952 1102 αὑτοῦ

154 1125 176 1150 ὁ
197 1123 329 1156 ζωδιακὸς
352 1122 450 1154 κύκλος
475 1122 546 1149 κατὰ
571 1123 616 1149 τὸν
638 1122 824 1157 Αἱγοκέρωτα·
850 1121 910 1148 καθ’
925 1121 954 1148 ὃν

158 1170 310 1205 γενόμενος
323 1169 337 1196 ὁ
353 1169 429 1204 ἥλιος
443 1169 559 1195 ποιεῖται
573 1168 730 1204 χειμερινὰς
747 1167 860 1203 τροπάς.
882 1167 955 1193 Ἑκεί

160 1215 220 1251 γὰρ
235 1215 390 1250 γενόμενος,
406 1213 580 1248 παυσάμενος
593 1213 642 1248 τῆς
656 1212 780 1243 καθόδου,
794 1212 874 1239 πάλιν
888 1212 955 1238 ἀνω-

158 1261 235 1296 τέρω
257 1260 360 1287 ἄνεισι·
382 1259 421 1286 διὸ
444 1259 490 1285 καὶ
513 1259 601 1294 τροπὴ
622 1258 704 1285 αὐτοῦ
730 1257 838 1292 λέγεται
860 1258 877 1292 ὴ
901 1257 954 1283 ἀπὸ

159 1307 351 1342 Αιγοκέρωτος
378 1305 423 1331 ἐπὶ
449 1304 585 1340 Καρκίνον
609 1304 712 1336 ἄνοδος.
739 1303 901 1339 Χειμερινδς
925 1303 953 1329 δὲ

161 1353 279 1391 ἐκλήθη,
296 1354 337 1379 ὃτι
354 1353 382 1378 ὲν
394 1351 468 1387 αὐτῷ
479 1351 622 1386 γενόμενος
634 1351 647 1376 ὁ
660 1350 735 1385 ἥλιος
747 1350 776 1376 ὲν
786 1350 953 1385 Λιγοκὲρωτι

161 1399 286 1436 χειμῶνα
304 1400 375 1425 ποιεῖ
385 1398 544 1434 ἀκρότατον.
564 1398 636 1428 "ldo;
650 1396 678 1423 δὲ
693 1395 730 1422 ὦν
745 1394 821 1427 οὗτος
835 1397 849 1422 ό
862 1404 954 1431 χειμε-

161 1446 238 1482 ρινὸς
252 1445 380 1481 τροπικός
396 1444 434 1479 τῷ
450 1442 549 1479 Οερινῷ
564 1441 696 1477 τροπικῷ,
711 1441 816 1478 ἐτμήθη
830 1443 869 1473 εἰς
881 1442 952 1478 μέρη

160 1495 201 1527 η’,
220 1490 342 1526 καθάπερ
359 1491 473 1521 ἐκεῖνος.
489 1487 649 1515 Τοὺναντίον
665 1486 711 1514 οὖν
725 1487 820 1523 ἐκείνῳ
833 1487 887 1521 ἕξει
900 1488 954 1514 ἀπὸ

162 1537 220 1564 τῶν
233 1539 257 1572 η’
274 1535 363 1572 μερῶν
376 1535 456 1562 πέντε
474 1534 524 1570 μὲν
536 1533 588 1560 ὑπὸ
604 1533 666 1569 γῆν,
686 1534 748 1569 τρία
760 1533 788 1560 δὲ
803 1534 872 1569 ὑπὲρ
889 1533 951 1568 γῆν·

163 1584 205 1614 ὼς
222 1581 344 1616 γίνεσθαι
355 1581 404 1616 τὴν
418 1580 523 1616 ἡμέραν
535 1580 595 1606 τότε
610 1580 762 1615 ἐλαχίστην,
779 1579 822 1605 ὅτε
836 1581 864 1606 ὲν
879 1580 956 1614 Αἰγο-

163 1629 268 1663 κέρωτι
284 1627 427 1662 γενόμενος
446 1628 459 1653 ὁ
479 1626 554 1661 ἥλιος
572 1625 721 1660 ἐφάπτεται
736 1624 783 1651 τοῦ
800 1625 954 1661 χειμερινοῦ

162 1674 297 1711 τροπικοῦ
308 1682 314 1689 ⁸
331 1674 390 1709 ἦτοι
404 1672 483 1708 ὡρῶν
499 1671 520 1698 θ’
531 1679 538 1686 ⁸
560 1672 610 1707 τὴν
627 1672 654 1698 δὲ
672 1671 757 1698 νύκτα
774 1671 853 1707 ὡρῶν
869 1674 889 1698 ε’
910 1672 957 1698 καὶ

162 1721 243 1752 δέκα,
261 1719 331 1747 κατὰ
344 1719 389 1746 τὸν
403 1718 483 1745 αὐτὸν
499 1717 576 1752 λόγον
590 1717 628 1752 τῷ
639 1717 736 1753 Θερινῷ
751 1717 883 1752 τροπικῷ.

210 1766 238 1792 ’0
252 1766 280 1792 δὲ
298 1765 462 1801 ἰσημερινὺς,
480 1763 582 1798 μεταξὺ
606 1763 659 1789 τῶν
675 1763 757 1789 πέντε
777 1762 956 1797 παραλλήλων

167 1811 306 1846 κείμενος,
329 1810 428 1845 μείζων
445 1810 502 1836 ἐστὶ
518 1809 571 1835 τῶν
589 1808 676 1835 ἄλλων
692 1808 848 1843 τεσσάρωνο
865 1807 957 1843 ἐπειδὴ

165 1857 213 1884 διὰ
220 1856 265 1883 τοῦ
273 1856 385 1891 κέντρου
395 1856 444 1891 τὴν
453 1855 627 1890 περιφέρειαν
638 1854 704 1889 ἔχει.
717 1855 792 1880 Ποιεῖ
801 1854 829 1880 δὲ
840 1855 868 1880 ὲν
885 1853 958 1889 αὐτῷ

168 1905 184 1930 ὁ
201 1903 277 1938 ἥλιος
298 1902 348 1934 τὰς
374 1901 576 1937 προειρημένας
599 1900 645 1927 δύο
669 1900 829 1936 ἰσημερίας·
849 1900 958 1936 ἐαρινὴν

169 1951 222 1986 μὲν
241 1951 269 1976 ὲν
288 1949 366 1985 Κριῷ
386 1949 540 1984 γενόμενος,
562 1947 750 1982 μετοπωρινὴν
762 1946 829 1973 δὲέν
843 1946 956 1982 Χηλαίς.

176 1995 343 2031 Ἰσημερινὺς
352 1994 380 2020 δὲ
393 1994 511 2028 λέγεται,
524 1993 616 2029 ἐπειδὴ
628 1993 656 2020 ἐν
667 1992 739 2028 αὐτῷ
751 1993 799 2024 τὰς
815 1992 959 2028 ἰσημερίας

168 2042 244 2067 ποιεῖ
262 2043 276 2068 ὁ
289 2041 373 2076 ἥλιος.
393 2040 514 2075 Τμηοεὶς
528 2039 556 2066 δὲ
575 2040 614 2070 εἰς
630 2041 665 2075 η’,
681 2038 800 2073 τέσσαρα
822 2038 870 2073 μὲν
889 2038 957 2074 ὑπὲρ

167 2086 234 2121 γῆν,
245 2085 365 2120 τέσσαρα
384 2084 412 2110 δὲ
426 2084 478 2110 ὑπὸ
499 2085 551 2119 γῆν
565 2083 620 2116 ἕξει
645 2083 730 2118 μέρη·
747 2084 793 2109 καὶ
810 2083 882 2110 ἔστιν
904 2083 959 2115 ἴσος

168 2131 210 2167 τῷ
226 2130 350 2166 ζωδιακῷ
365 2129 411 2156 καὶ
426 2129 464 2165 τῷ
481 2128 606 2165 γαλαξίᾳ.

209 2177 289 2208 Ἴσως
301 2175 323 2202 δ’
334 2175 366 2202 ἄν
377 2184 418 2207 τις
433 2175 569 2210 ζητήσειε,
583 2174 640 2207 πῶς
656 2174 759 2211 ἔφαμεν
777 2175 805 2202 ἐν
821 2174 870 2210 μὲν
887 2174 959 2210 θερι-

170 2224 234 2255 ναῖς
250 2223 363 2257 τροπαῖς
382 2221 526 2256 γενόμενον
538 2221 583 2247 τὰν
596 2221 672 2256 ἥλιον
686 2225 715 2247 ιε’
730 2221 808 2257 ὡρῶν
821 2221 869 2256 τὴν
889 2220 958 2256 ἡμέ-

169 2277 225 2305 ραν
244 2269 345 2294 ποιεῖν·
367 2268 396 2294 ὲν
413 2267 440 2293 δὲ
460 2268 627 2302 χειμεριναῖς
644 2267 676 2299 θ’,
693 2267 772 2293 ὁπότε
792 2267 820 2292 ὲν
833 2268 889 2298 τοῖς
907 2275 958 2302 μη-

170 2315 294 2350 χανικοῖς
305 2313 469 2349 ὡρολογίοις,
490 2313 536 2339 καὶ
553 2312 717 2347 ὑδρολογίοις
729 2312 772 2338 ἀεὶ
791 2313 808 2346 ἡ
823 2312 913 2347 ἡμέρα
926 2312 958 2346 ιβ’

168 2360 253 2396 ὡρῶν
265 2359 398 2394 φαίνεται.
416 2359 537 2393 Λέγομεν
550 2355 606 2390 οὖν,
622 2358 674 2390 ὅτι,
683 2357 777 2392 ὣσπερ
790 2358 843 2388 πᾶς
856 2357 959 2392 ἂνθρω-

171 2415 224 2438 cro;
234 2406 313 2432 πέντε
326 2404 464 2431 δακτύλων
475 2404 530 2438 ἔχει
543 2404 591 2439 τὴν
605 2405 692 2438 χεῖρα,
704 2404 768 2433 παῖς
781 2411 809 2428 τε
822 2402 868 2429 καὶ
879 2401 957 2437 ἀνὴρ,

168 2452 204 2478 οὐ
219 2451 271 2487 μὴν
284 2452 367 2483 ῐσους,
381 2450 518 2484 ἀναλόγως
532 2450 578 2476 καὶ
591 2450 638 2476 ἐπὶ
652 2449 705 2476 τῶν
721 2448 831 2484 ἡμερῶν
845 2449 892 2474 καὶ
905 2448 959 2475 τῶν

173 2496 277 2524 νυκτῶν
289 2497 356 2533 πρὸς
371 2496 401 2522 τὸ
417 2496 529 2531 μέγεθος
545 2496 591 2521 καὶ
607 2495 656 2530 τὴν
673 2494 810 2530 ταχυτῆτα
826 2494 897 2528 ἐχειν
909 2503 959 2528 φα-

174 2543 227 2579 μὲν
243 2542 292 2574 τὰς
306 2542 396 2578 ὥρας·
419 2542 465 2568 καὶ
482 2542 605 2576 μεγάλων
624 2542 672 2576 μὲν
687 2540 816 2582 μεγᾴλας,
834 2540 958 2576 σμικρῶν

171 2590 202 2616 δὲ
220 2589 347 2624 σμικράς.
364 2588 435 2624 Πρὸς
451 2584 496 2614 οὖν
516 2587 564 2620 τὰς
579 2586 734 2623 χειμερινὰς
747 2586 853 2622 ἡμέρας
871 2587 900 2612 αἱ
913 2585 958 2612 οε-

173 2636 249 2673 ριναὶ
268 2635 387 2671 ,μεγάλαι
410 2633 497 2666 οὖσαι,
518 2637 548 2660 ιε’
571 2634 645 2669 ὥρας
669 2633 827 2669 ῑσημερινῆς
852 2633 957 2668 ἡμέρας

172 2682 313 2717 διάστημα
327 2681 446 2717 ἔχουσαι,
463 2681 501 2713 εἰς
518 2680 549 2715 ιβ’
565 2680 700 2714 ἀναλόγως
719 2679 830 2715 διῃρέθη
847 2679 868 2705 ⁸.
880 2679 916 2705 Τὸ
931 2679 958 2705 δὲ

170 2727 241 2755 αὐτὸ
257 2729 303 2754 καὶ
318 2729 364 2754 ἐπὶ
375 2727 478 2754 νυκτῶν
491 2727 624 2762 μεγάλων,
640 2727 687 2754 καὶ
703 2726 818 2762 μικρῶν,
830 2727 877 2753 καὶ
889 2727 957 2762 ἡμε-

174 2774 232 2810 ρῶν
248 2774 258 2789 ⁹
278 2774 382 2808 μικρῶν
395 2774 500 2801 σκόπει.

209 2874 220 2890 ²
234 2875 255 2909 f.
271 2875 330 2910 τρὶε
344 2874 382 2901 δὲ.

999 255 1118 282 solstitio
1132 257 1268 285 sumatur,
1285 252 1323 279 uti
1340 251 1442 278 dictum
1457 254 1510 281 est,
1534 249 1711 284 longissimus
1726 249 1785 275 dies

1001 301 1129 327 horarum
1143 299 1192 332 15;
1204 305 1374 332 consequens
1389 301 1427 324 est
1443 295 1632 323 brevissimam
1646 303 1708 323 esse
1721 300 1784 321 tunc

1000 350 1119 373 noctem.
1145 345 1234 380 Atque
1252 344 1304 371 hoc
1328 351 1390 370 cum
1406 342 1517 369 aliunde
1542 340 1716 368 manifestum
1732 345 1784 371 est,

1000 397 1058 420 tum
1076 400 1107 419 ex
1126 391 1171 423 iis,
1195 399 1255 426 quae
1275 391 1374 417 Aratus
1398 389 1526 424 explicat.
1550 388 1617 415 Nam
1642 389 1664 416 si
1689 389 1742 415 diei
1760 394 1786 415 et

1000 438 1090 466 noctis
1098 437 1274 465 intervallum
1291 437 1419 464 horarum
1435 439 1477 463 est
1491 435 1587 470 viginti
1602 441 1719 470 quatuor
1734 445 1740 461 :
1754 443 1785 462 ac

1001 485 1135 520 tropicum
1146 484 1279 511 circulum
1298 482 1325 509 in
1338 486 1430 517 partes
1449 485 1512 509 octo
1526 481 1648 508 dividere
1660 485 1785 515 oportet;

1001 538 1116 566 quarum
1132 530 1260 565 quaelibet
1273 529 1357 556 trium
1372 532 1414 555 est
1429 527 1558 554 horarum
1572 536 1578 553 :
1593 534 1655 554 cum
1672 530 1713 554 ιρι·
1725 530 1787 553 octo

1001 578 1056 605 sint
1065 577 1158 612 viginti
1174 579 1306 611 quatuor;
1316 571 1446 610 quoniam
1461 581 1494 600 ex
1502 576 1564 600 octo
1576 573 1698 608 partibus
1707 574 1787 608 quiu-

1001 631 1054 659 que
1079 630 1161 658 supra
1179 627 1279 650 terram
1297 621 1429 652 eminent,
1456 624 1483 647 et
1506 627 1676 654 unaquaeque
1698 619 1787 646 tribus

1002 670 1077 697 horis
1093 669 1209 696 volvitur
1227 679 1233 696 :
1252 671 1315 695 sunt
1336 671 1427 694 autem
1449 666 1594 702 quinquies
1612 670 1653 693 ter
1672 666 1789 700 quinde-

1001 715 1054 742 cim
1071 724 1078 741 :
1094 721 1206 742 necesse
1219 717 1260 741 est
1270 712 1425 748 quindecim
1441 712 1570 739 horarum
1584 711 1710 738 diurnum
1722 711 1788 738 solis

1000 768 1060 787 esse
1073 764 1187 787 motum.
1202 759 1280 792 Quod
1302 759 1323 785 si
1342 762 1407 785 tunc
1421 758 1542 793 quinque
1562 762 1626 785 sunt
1642 761 1733 792 partes
1747 757 1789 784 in-

1002 806 1043 832 tra
1065 811 1180 839 terram;
1195 813 1310 841 quarum
1328 805 1455 839 qmclibct
1476 805 1556 832 trium
1584 804 1713 831 horarum
1730 811 1790 839 spa-

1002 853 1040 879 tio
1063 852 1150 879 cietur
1165 861 1171 878 :
1188 858 1250 878 cum
1267 851 1323 878 sint
1337 855 1384 879 ,ιρι-
1409 850 1463 876 tria
1483 857 1599 882 novem;
1615 850 1790 884 perspicuum

966 900 986 927 Β
1001 903 1042 926 est
1061 903 1168 925 noctem
1184 898 1260 925 horis
1282 902 1408 924 constare
1429 904 1526 924 novem
1540 905 1547 928 ;
1563 904 1624 931 qua:
1639 901 1680 924 est
1702 898 1728 923 in
1744 896 1789 922 illo

1006 948 1094 971 tractu
1109 943 1279 971 brevissima.

1040 990 1176 1017 Hibernos
1193 989 1314 1024 tropicus
1332 989 1404 1016 inter
1422 989 1602 1016 antarcticum
1617 989 1749 1016 circulum
1764 993 1792 1016 et.

1004 1035 1224 1070 mquinoctialem
1249 1034 1354 1069 positus
1376 1037 1429 1066 est,
1450 1038 1544 1062 contra
1569 1039 1649 1069 atquc
1669 1034 1791 1069 tropicus

1004 1083 1125 1115 aestivus,
1140 1081 1185 1108 cui
1197 1081 1252 1116 87
1266 1085 1307 1108 est
1319 1080 1442 1116 aequalis.
1463 1080 1541 1108 llunc
1555 1081 1683 1108 zodiacus
1701 1081 1728 1108 in
1740 1080 1792 1108 Ca-

1004 1128 1133 1163 pricorno
1147 1127 1280 1162 contingit
1295 1136 1302 1154 :
1320 1127 1346 1153 in
1362 1134 1416 1162 quo
1430 1127 1470 1154 sol
1486 1127 1628 1154 hibernum
1644 1128 1791 1155 solstitium

1004 1172 1094 1200 efficit.
1110 1172 1176 1199 llluc
1189 1172 1261 1200 enim
1279 1171 1325 1199 ubi
1345 1172 1479 1207 pervenit.
1504 1180 1558 1199 non
1583 1173 1654 1200 ultra
1679 1173 1793 1200 descen-

1004 1219 1061 1252 dit;
1076 1218 1123 1246 sed
1143 1217 1293 1246 ascendere
1317 1225 1414 1245 rursus
1439 1218 1550 1252 incipit;
1570 1224 1710 1253 propterea
1727 1226 1793 1245 con-

1004 1265 1094 1293 versio
1108 1264 1182 1292 illius
1195 1264 1296 1291 dicitur
1309 1271 1324 1291 a
1334 1264 1500 1299 Capricorno
1512 1264 1544 1291 ad
1554 1263 1688 1291 Cancrum
1697 1272 1780 1293 ascen

1003 1311 1056 1338 sio.
1071 1310 1129 1337 Jam
1151 1309 1283 1337 hibernus
1300 1308 1360 1336 ideo
1377 1309 1546 1341 nominatur,
1563 1309 1637 1344 quod
1668 1317 1730 1336 cum
1755 1309 1793 1336 ibi

1004 1357 1045 1384 sol
1059 1357 1086 1383 in
1098 1355 1265 1391 Capricorno
1280 1358 1415 1388 versatur,
1436 1363 1570 1382 summam
1584 1356 1699 1384 hiemem
1717 1356 1791 1383 facit.

1003 1401 1072 1428 Cum
1095 1406 1186 1429 autent
1205 1401 1328 1436 tropicus
1349 1401 1481 1429 hibernus
1504 1401 1600 1429 aestivo
1616 1402 1653 1429 sit
1668 1401 1792 1437 aequalis.

1005 1447 1131 1475 similiter
1153 1451 1236 1482 atque
1260 1448 1305 1474 hic
1329 1447 1356 1474 in
1376 1451 1468 1483 partes
1492 1451 1556 1474 octo
1581 1447 1722 1475 dividitur.
1741 1447 1793 1475 Sed

1005 1493 1154 1525 contrario,
1174 1501 1256 1528 quam
1275 1493 1331 1526 ille,
1348 1492 1428 1520 modo
1445 1492 1479 1520 de
1495 1492 1620 1528 partibus
1637 1496 1698 1519 octo
1714 1493 1795 1528 quin-

1004 1545 1059 1572 que
1077 1537 1147 1565 intra
1161 1542 1273 1570 terram,
1288 1542 1346 1566 tres
1360 1545 1444 1572 supra
1459 1542 1559 1565 terram
1571 1538 1667 1571 habet;
1685 1542 1714 1564 ut
1731 1543 1794 1565 tunc

969 1570 989 1598 ϐ
1009 1584 1171 1612 brevissima
1183 1584 1242 1612 dies
1258 1585 1305 1617 sit.
1320 1592 1381 1611 cum
1394 1584 1435 1611 sol
1447 1583 1643 1619 Capricornum
1660 1585 1794 1612 transiens

1008 1629 1150 1656 hibernum
1166 1629 1301 1664 tropicum
1318 1629 1440 1664 attingit;
1457 1629 1586 1656 horarum
1601 1631 1725 1658 videlicet
1745 1638 1795 1658 no-

1007 1683 1066 1702 rem
1083 1684 1089 1702 :
1107 1683 1162 1702 nox
1180 1680 1270 1702 autem
1292 1675 1422 1702 horarum
1440 1674 1597 1710 quindecim
1614 1685 1620 1703 :
1639 1677 1750 1711 perinde
1762 1685 1795 1704 ac

1005 1721 1112 1755 tropico
1123 1721 1219 1749 :cstivo
1233 1721 1342 1748 accidit.

1041 1765 1253 1801 [Equinoctialis
1277 1767 1398 1795 circulus
1425 1767 1532 1796 medius
1557 1768 1628 1795 inter
1648 1767 1796 1808 parallelos

1007 1814 1129 1848 quinque
1141 1833 1149 1845 .
1165 1817 1284 1849 quatuor
1300 1814 1414 1850 reliquis
1429 1816 1516 1849 major
1532 1819 1575 1843 est
1587 1834 1596 1847 ,
1613 1815 1685 1850 quod
1700 1823 1715 1842 a
1731 1823 1796 1843 ccu-

1008 1863 1051 1886 tro
1064 1859 1181 1886 ducatur
1196 1859 1257 1894 ejus
1273 1859 1403 1886 ambitus.
1418 1860 1447 1886 In
1462 1867 1495 1887 eo
1509 1860 1550 1887 sol
1566 1859 1621 1887 duo
1635 1860 1699 1887 facit
1712 1861 1796 1896 a-qui-

1008 1904 1114 1935 noctia.
1132 1912 1193 1939 qua:
1205 1912 1288 1939 supra
1300 1905 1448 1932 memoravi
1463 1915 1469 1933 :
1487 1914 1600 1934 vernum
1626 1914 1688 1934 eum
1702 1912 1744 1934 est
1768 1907 1794 1934 in

1009 1950 1101 1977 Ariete
1115 1960 1121 1977 :
1141 1951 1299 1977 autumnale
1314 1955 1405 1978 autem
1416 1973 1423 1984 ,
1437 1951 1464 1978 in
1480 1951 1571 1979 Libra.
1583 1951 1795 1986 [Equinoctialis

1008 1993 1032 2020 ei
1052 2000 1149 2020 nomen
1166 1998 1222 2025 est,
1242 1992 1371 2027 quoniam
1390 1993 1418 2020 in
1437 1994 1499 2028 ipso
1514 1993 1678 2028 aequinoctia
1696 1994 1764 2021 ﬁunt
1780 2003 1795 2021 a

1009 2038 1077 2065 sole.
1097 2037 1145 2064 Hie
1163 2038 1185 2064 si
1204 2037 1231 2064 in
1248 2042 1343 2072 partes
1359 2043 1421 2066 octo
1437 2038 1586 2070 tribuatur,
1607 2043 1725 2074 quatuor
1747 2047 1796 2067 su-

1009 2091 1058 2118 pra
1080 2089 1178 2110 terram
1203 2090 1304 2118 erunt;
1326 2083 1398 2111 infra
1414 2084 1546 2117 totidem;
1563 2089 1658 2120 estque
1683 2085 1796 2112 zodiaco

1009 2130 1121 2164 aequalis
1138 2134 1165 2157 et.
1180 2131 1268 2157 lacteo
1283 2129 1398 2158 circulo.

1046 2175 1132 2211 Roget
1155 2176 1254 2210 aliquis
1278 2184 1328 2203 cur
1353 2176 1524 2210 dixerimus,
1548 2176 1633 2203 solem
1659 2176 1686 2203 in
1702 2177 1797 2216 msg‘vo

1010 2222 1129 2249 solstitio
1154 2222 1334 2249 constitutum
1363 2222 1493 2249 horarum
1518 2223 1675 2257 quindecim
1707 2222 1815 2250 facere~

1010 2268 1102 2301 diem;
1120 2267 1147 2294 in
1163 2267 1294 2300 hiberno.
1312 2275 1408 2294 novem
1425 2277 1431 2294 :
1449 2275 1511 2295 cum
1531 2272 1622 2295 tamen
1638 2269 1665 2295 in
1684 2269 1796 2295 mecha-

1010 2313 1078 2340 nicis
1095 2312 1244 2348 horologiis
1266 2317 1293 2340 et
1318 2313 1484 2349 hydrologiis
1501 2313 1559 2341 dies
1574 2317 1708 2349 perpetuo
1721 2314 1797 2341 horis

1009 2359 1153 2386 duodecim
1166 2363 1295 2386 constare
1311 2359 1446 2386 videatur.
1459 2359 1528 2386 Huic
1539 2360 1574 2386 ita
1588 2361 1794 2395 respondemus.

1011 2404 1239 2439 quemadmodum
1256 2405 1338 2432 homo
1355 2404 1469 2440 quilibet
1483 2409 1542 2432 tam
1563 2413 1631 2440 puer
1645 2413 1726 2441 quam
1742 2407 1794 2436 vir.

1012 2450 1112 2485 quinos
1128 2451 1156 2477 in
1183 2457 1266 2476 manu
1290 2449 1391 2485 digitos
1406 2450 1509 2485 habet;
1528 2459 1582 2478 non
1600 2456 1689 2478 tamen
1706 2459 1795 2486 mqua-

1013 2495 1052 2522 les
1067 2505 1073 2522 :
1090 2495 1211 2523 eamdem
1232 2497 1312 2531 plane
1329 2496 1356 2523 in
1371 2497 1469 2525 diebus
1489 2505 1521 2524 ac
1548 2497 1673 2524 noctibus
1693 2504 1798 2531 magm-

1013 2541 1117 2568 tudinis
1151 2549 1183 2568 ac
1222 2541 1371 2569 celeritatis
1398 2542 1532 2569 rationem
1562 2542 1643 2569 horas
1674 2541 1796 2569 habere:

1013 2586 1081 2613 adeo
1097 2591 1126 2614 ut
1142 2594 1303 2623 magnarum
1320 2595 1425 2623 magna:
1441 2589 1517 2621 sint;
1540 2595 1685 2622 parvarum
1705 2587 1796 2614 itidem

1014 2640 1112 2667 parvae.
1126 2631 1209 2668 Igitur
1219 2634 1304 2661 aestivi
1321 2633 1379 2661 dies
1392 2634 1513 2661 hibernis
1528 2633 1644 2668 majores
1654 2633 1797 2660 intervallo

1013 2682 1141 2706 constant
1157 2679 1285 2706 horarum
1302 2679 1334 2706 l5
1349 2679 1595 2714 aequinoctialium,
1612 2685 1672 2713 qua:
1687 2677 1712 2704 in
1729 2678 1797 2705 duo-

1013 2724 1101 2751 decim
1123 2725 1298 2759 proportione
1318 2725 1486 2752 dividuntur.
1508 2724 1579 2751 idem
1599 2732 1665 2760 ergo
1687 2723 1798 2759 majori-

1012 2770 1065 2797 bus
1087 2777 1119 2797 ac
1148 2770 1302 2798 minoribus
1320 2771 1354 2798 de
1369 2771 1514 2802 noctibus.
1541 2774 1567 2799 et
1594 2771 1745 2807 majoribus
1765 2777 1799 2798 ac

1014 2816 1166 2844 minoribus
1180 2816 1276 2844 diebus
1294 2820 1335 2845 est
1348 2816 1492 2851 judicium.

437 2875 447 2890 ⁸
464 2875 484 2909 f.
498 2875 669 2911 διῃρέθησαν.
708 2877 718 2892 θ
736 2875 808 2902 Deest
825 2875 960 2909 μεγάλων,
973 2875 1028 2901 καί.
