1898 3145
192 162 244 189 973

703 157 748 186 AD
768 157 903 187 EUSEBII
921 155 1118 185 CHRONICON
1139 155 1322 184 APPENDIX.

1747 157 1786 186 976

231 220 356 248 Paralleli
371 219 490 256 quinque
505 218 600 246 circuli
618 222 750 246 vocantur
768 219 902 246 translata
917 225 932 244 a
950 217 966 244 li

1068 215 1237 252 Παράλληλοί
1246 215 1275 242 δὲ
1286 214 1438 251 ἐκλήθησαν
1448 212 1472 240 οἱ
1481 212 1502 240 ε’
1514 213 1609 240 κύκλοι
1619 212 1669 240 ἀπὸ
1675 212 1721 242 τῶν
1731 218 1787 252 παρὰ

194 268 254 294 ηειὶς
281 266 479 301 appellatione,
504 272 573 299 quas
596 268 744 299 geometm
768 264 914 299 parallelas
939 271 985 291 vo-

193 319 267 340 cant.
285 311 424 347 Ejusmodi
446 311 622 338 nominantur
641 311 676 338 ab
699 311 733 338 iis
757 311 850 342 lineae,
876 317 936 345 quze
957 310 984 338 in

193 359 288 386 eodem
311 358 392 393 plano
417 356 513 391 positae
533 357 607 384 nulla
623 361 700 392 parte
716 357 744 384 in
759 364 789 384 se
803 357 926 383 invicem
942 356 985 383 in-

193 405 307 431 clinant.
331 402 385 430 Sed
407 409 457 429 nos
471 401 612 430 facilitatis
629 403 716 438 gratia
733 403 767 430 ab
781 410 814 430 eo
828 402 900 437 quod
916 409 985 429 con-

194 456 312 484 sequens
335 451 378 475 est
394 454 442 474 eos
457 447 637 482 explicemus.
656 447 804 475 Parallelos
822 447 913 482 itaque
930 447 983 474 cir-

193 495 269 522 culos
292 501 354 522 csse
378 492 496 520 dicimus
519 500 582 525 eos,
600 494 647 527 qui
673 501 688 520 a
711 493 931 521 circumferentia
950 493 983 520 ad

192 540 443 568 circumferentiam
468 539 592 568 eamdem
608 539 792 575 undequaque
810 539 982 567 latitudinem

192 587 314 621 habent;
340 587 392 614 etsi
419 594 475 614 non
495 587 606 622 aequalis
633 587 705 613 inter
728 593 824 613 omnes
839 586 982 621 interjecta

191 634 306 661 latitudo
322 633 367 661 sit.

316 691 355 718 De
375 698 503 717 zonarum
519 699 535 716 a
549 698 577 717 se
592 690 702 717 invicem
717 689 858 718 distantia.

224 737 269 764 26.
291 736 379 772 Atque
395 741 423 764 ut
443 736 539 763 horum
556 737 696 763 intervalla
709 743 923 771 cognoscamus,
940 736 982 763 di~

189 782 300 810 vidntur
314 782 420 817 sphaera
440 789 488 816 per
505 785 628 809 centrum
641 801 649 813 ,
665 782 705 808 sic
722 787 751 808 ut
766 781 888 816 paralleli
913 781 982 808 bifa-

190 829 258 855 riam
289 832 427 861 secentur,
452 827 526 854 velut
548 834 596 854 eos
610 827 697 854 coluri
722 827 866 860 dividunt;
892 828 981 862 sitque

190 875 311 902 circulus
329 874 373 901 ille
388 874 507 909 partium
522 873 556 900 60
571 873 760 908 hemisphmria
770 894 777 906 ,
792 881 858 907 ergo
873 873 979 908 singula

191 920 303 955 triginta
319 920 437 955 partium
452 923 542 946 erunt.
567 919 650 954 Igitur
664 920 698 946 ab
715 919 854 946 horizonte
874 919 907 946 ad
930 919 978 946 ho-

190 967 291 993 realem
306 967 398 1002 polum
415 974 462 993 sex
486 967 537 993 erit
559 966 677 1000 partium
701 966 890 997 intervallum,
915 967 977 993 toti-

190 1011 252 1038 dem
266 1031 273 1043 ,
290 1015 357 1046 quot
373 1011 484 1047 triginta
500 1016 564 1038 sunt
578 1011 604 1038 in
619 1010 811 1046 hemisphaerio
826 1011 975 1045 superiore.

190 1058 277 1085 Tanta
293 1062 334 1086 est
348 1058 420 1085 enim
436 1057 582 1085 eminentis
597 1058 652 1092 poli
667 1057 701 1084 ab
719 1057 859 1085 horizonte
872 1058 977 1084 distan-

190 1104 239 1131 tia.
263 1103 404 1139 Siquidem
428 1103 514 1131 centri
539 1104 626 1131 instar
649 1106 690 1130 est
708 1103 826 1131 borealis
849 1104 928 1139 polus
943 1104 977 1130 ad

190 1150 322 1188 ambitum
340 1150 434 1177 arctici
450 1149 557 1176 circuli.
574 1148 604 1175 In
619 1149 692 1176 omni
710 1153 801 1175 autem
817 1149 920 1176 circulo
935 1157 977 1176 re-

189 1199 240 1222 cta:
262 1203 357 1223 omnes
381 1203 395 1222 a
420 1198 514 1223 centro
534 1195 623 1222 ducta;
644 1195 678 1222 ad
703 1195 837 1222 ambitum
858 1195 976 1230 aequales

189 1245 253 1269 sunt
278 1241 405 1268 invicem.
435 1240 609 1268 Intervallum
637 1241 672 1268 ab
695 1242 799 1268 arctico
824 1242 926 1269 circulo
943 1241 976 1268 ad

187 1287 324 1321 tropicum
340 1287 464 1314 wstivum
479 1287 597 1321 partium
611 1288 663 1314 erit
677 1287 816 1322 quinque:
831 1288 865 1314 ab
881 1288 975 1314 aestivo

189 1332 294 1366 tropico
321 1332 354 1358 ad
381 1332 599 1367 aequinoctialem
627 1333 746 1367 partium
775 1337 912 1367 quatuor;
942 1332 976 1359 ab

187 1378 369 1413 aequinoctiali
388 1378 421 1405 ad
443 1379 589 1406 hibernum
612 1380 766 1414 tropicnm,
793 1380 885 1406 itidem
908 1387 975 1414 qua-

187 1428 269 1456 tuor;
285 1424 319 1451 ab
335 1424 448 1451 hiberno
466 1425 572 1459 tropico
594 1425 628 1451 ad
647 1425 818 1452 horizontem
831 1445 838 1456 ,
857 1425 974 1459 partium

187 1471 328 1504 quinque;
355 1470 388 1497 ab
413 1470 556 1497 horizonte
583 1470 616 1497 ad
644 1471 735 1505 polum
760 1471 924 1503 australem,
947 1475 974 1497 ct

188 1523 296 1550 semper
311 1516 464 1548 occultum,
480 1521 571 1551 partes
585 1521 666 1544 erunt
682 1524 748 1550 sex;
769 1517 804 1543 ab
817 1517 911 1544 codem
927 1524 975 1543 au-

187 1563 266 1590 strali
288 1564 351 1598 polo
373 1562 407 1589 ad
427 1562 583 1590 inferiorem
603 1564 733 1591 ambitum
756 1564 851 1590 circuli
877 1567 1008 1611 antar-c

186 1607 268 1639 ctici,
284 1615 329 1635 se:
346 1612 459 1643 partes;
484 1609 518 1636 ab
533 1610 683 1637 antarctico
706 1610 809 1637 circulo
834 1610 860 1636 in
883 1610 970 1637 hemi-

187 1653 303 1688 sphaerio
319 1653 446 1682 inferiore
460 1654 493 1681 ad
506 1655 689 1688 horizontem,
705 1660 732 1683 et
744 1660 897 1682 contactum
912 1656 972 1691 ejus

186 1703 269 1733 atque
286 1700 382 1727 arctici
400 1700 514 1734 circuli,
536 1702 629 1729 eadem
645 1710 699 1737 qua
716 1702 743 1729 in
758 1702 892 1737 superiori
909 1711 972 1737 pro-

187 1745 327 1780 portione,
344 1746 456 1782 reliquaa
472 1752 536 1775 sunt
553 1751 644 1782 partes
659 1747 822 1776 octodecim.
843 1747 971 1775 Nonnulli

187 1791 320 1826 sphaeram
337 1800 384 1827 per
402 1793 480 1828 polos
495 1793 651 1820 dividentes
662 1813 669 1824 ν
693 1793 765 1820 velut
783 1802 830 1829 per
844 1795 970 1829 coluros,

185 1837 327 1864 intervalla
345 1838 539 1873 parallelorum
555 1839 582 1866 in
598 1839 681 1866 latum
700 1847 754 1866 non
776 1841 803 1867 in
819 1845 910 1874 partes
924 1841 969 1874 60,

185 1882 232 1909 scd
249 1882 276 1909 in
293 1883 345 1910 560
361 1883 529 1911 distribuunt
544 1893 550 1917 ;
567 1885 787 1920 quandoquidem
811 1894 900 1914 annus
919 1887 971 1914 565

185 1928 282 1957 diebus
307 1933 424 1957 constat.
449 1930 532 1958 Aiunt
557 1939 622 1966 ergo
646 1931 788 1958 dimidium
812 1933 889 1968 ejus,
914 1934 971 1961 sive

185 1975 312 2010 superius
326 1975 544 2011 hemispharium
555 1996 563 2009 ,
581 1980 673 2012 partes
688 1978 812 2005 obtinere
827 1978 879 2005 180
893 1987 900 2011 ;
917 1982 970 2006 tot—

184 2021 256 2048 idem
276 2022 399 2050 inferius.
418 2022 456 2049 Ex
477 2023 578 2057 quibus
594 2023 627 2050 ab
642 2023 785 2051 horizonte
807 2025 841 2051 ad
857 2025 969 2053 bereum

185 2065 276 2099 potum
286 2085 295 2097 ,
312 2069 339 2093 et
353 2066 477 2094 altiorem
495 2067 625 2094 ambitum
639 2068 735 2096 circuli
750 2069 844 2097 arctici
854 2089 862 2102 ,
879 2075 969 2105 partes

184 2115 247 2137 sunt
260 2110 312 2143 38;
329 2119 343 2138 a
359 2111 441 2139 boreo
456 2113 519 2146 polo
533 2113 566 2139 ad
579 2113 709 2141 arcticum
724 2114 858 2142 circulum
874 2119 969 2150 partes

185 2156 245 2184 aliae
258 2157 312 2188 58;
337 2157 371 2184 ab
394 2158 498 2185 arctico
513 2158 547 2185 ad
570 2159 694 2186 aestivum
712 2160 860 2195 tropicum,
879 2165 970 2195 partes

183 2203 237 2235 ΞΗ
253 2210 268 2229 a
283 2203 388 2238 tropico
401 2204 496 2231 :estivo
512 2205 545 2232 ad
560 2205 775 2240 aequinoctialem
786 2226 793 2238 ,
808 2211 900 2241 partes
911 2207 946 2234 24
959 2215 967 2240 ;

1034 264 1091 295 τοῖς
1105 262 1276 297 γεωμέτραις
1290 259 1468 297 παραλλήλων
1488 260 1635 296 γραμμῶν.
1649 261 1788 298 Παράλληλοι

1034 309 1062 335 δὲ
1076 308 1204 343 γραμμαὶ
1215 307 1338 341 λέγονται
1352 307 1417 342 παρ’
1431 306 1523 338 αὐτοῖς
1533 307 1560 332 αἱ
1576 307 1605 333 ἐν
1618 305 1655 341 τῷ
1670 307 1733 342 αὑτῷ
1742 309 1788 335 ἐπι-

1034 354 1107 389 πέδῳ
1118 352 1205 386 οὖσαι,
1216 353 1263 380 καὶ
1274 352 1310 388 μὴ
1322 353 1524 388 συμπίπτουσαι
1536 351 1582 378 ἐπὶ
1591 352 1717 388 μηδέτερα
1724 354 1786 390 μέρη.

1033 400 1185 436 Σαφηνείας
1200 399 1228 426 δὲ
1245 399 1325 426 ἕνεκα
1342 400 1375 425 ὲκ
1391 398 1437 425 τοῦ
1457 397 1712 433 παρακολουθοῦντος
1726 401 1789 427 εἴπω-

1035 455 1093 482 μεν.
1111 446 1202 481 Φαμὲν
1225 443 1282 477 οὖν,
1296 446 1336 471 ὅτι
1358 445 1524 481 παράλληλοί
1537 446 1604 471 εἰσιν
1620 446 1645 471 οἱ
1662 445 1741 472 κύκλοι
1751 455 1787 482 με-

1032 493 1098 526 ταξὺ
1118 492 1239 528 ἀλλήλων
1258 491 1312 519 ἀπὸ
1331 491 1508 527 περιφερείας
1525 491 1571 517 ἐπὶ
1593 491 1753 527 περιφέρειαν
1768 493 1790 518 τὸ

1033 538 1089 564 ἴσον
1105 538 1154 573 μὲν
1175 537 1276 568 πλάτος
1290 536 1397 571 ἔχοντες
1417 536 1595 571 πανταχόθεν,
1609 536 1640 562 οὐ
1659 536 1737 572 μέντοι
1748 536 1789 563 ἴσον

1032 583 1079 610 καὶ
1092 583 1123 610 τὸ
1135 583 1234 615 πλάτος
1246 583 1276 610 τὸ
1293 583 1392 618 μεταξὺ
1410 582 1510 609 αὐτῶν.

1032 686 1100 721 Περὶ
1116 685 1171 719 τῆς
1187 685 1261 720 πρὸς
1276 684 1415 717 ἀλλήλας
1433 684 1492 711 τῶν
1507 683 1604 714 ζωνῶν
1623 683 1790 717 διαστάσεως.

1067 736 1122 765 κς’.
1140 732 1197 758 Ἶνα
1219 731 1246 757 δὲ
1274 732 1321 758 καὶ
1344 731 1378 758 τὰ
1397 731 1497 766 μεταξὺ
1521 731 1623 758 τούτων
1647 731 1791 765 διαστήματα

1033 778 1172 815 μάθωμεν,
1187 777 1257 804 ἔστω
1268 778 1422 813 τεμνομένη
1435 778 1451 812 ἡ
1470 778 1572 813 σφαῖρα
1588 776 1634 803 διὰ
1647 776 1690 803 τοῦ
1701 776 1791 811 κέντρου

1031 825 1125 860 αὐτῆς,
1141 824 1210 850 ὥστε
1227 824 1287 859 δίχα
1299 824 1445 859 τέμνεσθαι
1459 824 1521 855 τοὺς
1540 822 1729 859 παραλλήλους,
1742 821 1792 848 καθ-

1030 872 1102 907 άπερ
1134 871 1186 898 ὑπὸ
1215 871 1270 897 τῶν
1295 870 1430 906 κολούρων
1453 870 1619 904 τέμνονται·
1643 869 1688 895 καὶ
1710 868 1793 894 Εστωὸ

993 910 1015 938 Β
1030 917 1126 949 κύκλος
1151 914 1227 949 οὗτος
1249 916 1350 953 μοιρῶν
1372 917 1402 949 ξ’.
1423 917 1559 944 Ἔκαστον
1576 913 1625 942 οὖν
1639 913 1794 950 ἡμισφαίριον

1027 964 1079 991 ἀνὰ
1090 964 1111 990 λ’
1127 963 1227 1000 μοιρῶν
1240 964 1305 996 ἕξει.
1328 964 1394 990 Ἀπὸ
1404 963 1493 990 τοίνυν
1505 962 1552 990 τοῦ
1565 962 1698 998 ὁρίζοντος
1709 961 1749 988 επὶ.
1758 959 1793 986 τὶν

1029 1011 1132 1046 βόρειον
1143 1010 1222 1037 πόλον
1233 1010 1262 1043 ἒξ
1272 1010 1373 1046 μοιρῶν
1380 1010 1460 1037 ἔσται
1473 1010 1612 1045 διάστημα
1625 1009 1677 1035 τῶν
1685 1007 1747 1042 ὑπὲρ
1754 1005 1795 1041 γῆν

1027 1057 1073 1084 τοῦ
1084 1058 1262 1093 ἡμισφαιρίου
1277 1057 1297 1084 λ’
1312 1056 1412 1093 μοιρῶν
1422 1065 1429 1072 ο
1439 1056 1563 1083 τοσοῦτον
1576 1055 1633 1091 γὰρ
1647 1055 1697 1081 ἀπὸ
1703 1053 1745 1080 τοῦ
1754 1051 1795 1087 ὁρί-

1028 1103 1119 1136 ζοντος
1134 1104 1180 1130 ἐπὶ
1196 1104 1240 1130 τὸν
1256 1104 1359 1139 βόρειον
1384 1103 1464 1130 πόλον
1484 1103 1542 1129 ἐστὶ
1561 1102 1590 1128 τὺ
1614 1102 1725 1137 έξαρμα.
1744 1099 1796 1125 Ἀπὸ

1028 1150 1077 1185 μὲν
1093 1151 1147 1186 γὰρ
1161 1150 1208 1177 τοῦ
1224 1150 1327 1185 βορείου
1345 1150 1425 1176 πόλου
1437 1150 1483 1176 ἐπὶ
1498 1149 1547 1185 τὴν
1561 1149 1621 1176 ἄνω
1640 1146 1796 1184 περιφέρειαν

1026 1196 1072 1222 τοῦ
1095 1196 1225 1232 ἀρκτικοῦ
1245 1195 1345 1222 κύκλου
1369 1195 1482 1231 κέντρου
1507 1194 1584 1227 τάξιν
1607 1194 1664 1230 ἔχει
1680 1195 1694 1220 ὁ
1710 1192 1797 1228 βόρειος

1026 1242 1105 1273 πόλος
1114 1251 1120 1257 ³
1138 1242 1191 1268 ἀπὸ
1204 1242 1231 1268 δὲ
1246 1241 1292 1267 τοῦ
1311 1242 1393 1277 μέσου
1409 1241 1522 1276 κέντρου
1537 1241 1640 1272 παντὸς
1654 1240 1699 1266 τοῦ
1713 1238 1795 1266 κύκλου

1025 1288 1052 1313 αἱ
1067 1286 1262 1321 ἐκϐαλλόμεναι
1277 1286 1380 1312 εὐθεῖαι
1399 1287 1438 1317 είς
1457 1287 1505 1322 τὴν
1530 1286 1708 1322 περιφέρειαν
1727 1286 1797 1310 πᾶσαι

1026 1333 1081 1359 [σαι
1094 1332 1222 1368 ἀλλήλαις
1247 1333 1310 1358 είσί.
1324 1332 1360 1358 Τὸ
1375 1333 1403 1359 δὲ
1419 1333 1473 1359 ἀπὸ
1494 1332 1540 1359 τοῦ
1559 1331 1692 1368 ἁρκτικοῦ
1712 1330 1796 1358 κύκλου

1024 1379 1161 1414 διάστημα
1175 1379 1221 1405 ἐπὶ
1234 1378 1278 1405 τὸν
1295 1378 1398 1414 θερινὸν
1416 1379 1544 1414 τροπικὸν
1567 1379 1646 1405 ἔσται
1667 1378 1798 1413 μοιρῶνέ’

1024 1424 1054 1451 τδ
1066 1425 1094 1451 δὲ
1110 1424 1164 1451 ἀπο
1181 1424 1227 1450 τοῦ
1247 1424 1354 1460 θερινοῦ
1374 1424 1504 1460 τροπικοῦ
1524 1425 1572 1451 ἐπὶ
1592 1425 1640 1451 τὸν
1659 1422 1798 1458 ἰσημερινὸν

1024 1470 1099 1497 ἔσται
1116 1470 1217 1506 μοιρῶν
1227 1470 1264 1496 δ’·
1284 1470 1314 1496 τὸ
1328 1471 1355 1497 δὲ
1367 1471 1420 1498 ἀπὸ
1440 1471 1487 1497 τοῦ
1502 1471 1665 1507 ἰσημερινοῦ
1679 1468 1800 1506 μέχριτοῦ

1024 1516 1178 1553 χειμερινοῦ
1202 1517 1331 1552 τροπικοῦ
1352 1517 1428 1544 ἔσται
1449 1517 1503 1544 τῶν
1523 1518 1590 1544 ἴσων
1611 1517 1761 1552 τεσσάρων
1777 1513 1801 1539 τὸ

1024 1563 1051 1589 δὲ
1068 1563 1122 1589 ἀπὸ
1138 1563 1184 1589 τοῦ
1200 1563 1353 1598 χειμερινοῦ
1369 1561 1499 1598 τροπικοῦ
1516 1563 1600 1598 μέχρι
1617 1563 1665 1590 τοῦ
1681 1562 1801 1598 ὁρίζοντας

1027 1609 1129 1644 μοιρῶν
1146 1608 1179 1635 ε”
1193 1609 1246 1635 ἀπο
1256 1609 1284 1635 δὲ
1298 1609 1345 1635 τοῦ
1357 1609 1491 1645 ὁρίζοντος
1504 1610 1550 1635 ἐπὶ
1563 1610 1611 1636 τὸν
1622 1610 1709 1636 νότιον
1723 1607 1800 1636 πόλον,

1023 1655 1069 1681 καὶ
1082 1655 1124 1680 ἀεὶ
1139 1655 1238 1690 ἀφανῆ,
1254 1655 1346 1690 μοῖραι
1362 1656 1414 1681 είσι
1427 1658 1452 1687 ς’
1465 1663 1471 1670 ”
1488 1655 1542 1682 ἀπὸ
1559 1655 1588 1682 δὲ
1609 1655 1658 1682 τοῦ
1675 1653 1752 1681 αὑτοῦ
1766 1661 1802 1678 νο·

1022 1702 1079 1728 τίου
1097 1701 1178 1727 πόλου
1192 1702 1238 1727 ἐπὶ
1250 1701 1298 1737 τὴν
1313 1702 1386 1728 κάτω
1399 1701 1551 1738 περιφορὰν
1567 1702 1616 1728 τοῦ
1634 1697 1802 1736 ἀνταρκτικοῦ

1022 1747 1050 1773 αἱ
1065 1747 1155 1773 λοιπαὶ
1167 1747 1232 1785 ¹ἑξῆς
1254 1751 1287 1782 ιη’
1302 1748 1409 1783 μοῖραι·
1424 1747 1476 1774 ἀπὸ
1493 1747 1550 1774 δὲ⁸¹
1560 1747 1612 1774 τοῦ
1636 1743 1804 1781 ἀνταρκτικοῦ

1022 1793 1051 1819 ἐν
1065 1792 1103 1828 τῷ
1119 1793 1193 1820 κάτω
1213 1794 1383 1829 ἡμισφαιρίῳ
1405 1794 1485 1830 μέχρι
1507 1794 1554 1820 τοῦ
1577 1794 1728 1830 ὁρίζοντος,
1747 1789 1804 1817 καθὸ

1022 1838 1171 1873 ἐφάπτεται
1184 1840 1198 1865 ὀ
1213 1840 1342 1874 ἀρκτικὸς
1359 1840 1457 1871 κύκλος
1472 1840 1568 1872 αὑτοῦ,
1599 1840 1741 1873 ἀναλόγως
1758 1837 1805 1866 τοῖς

1022 1884 1228 1920 προειρημένοις
1249 1885 1317 1921 ὑπὲρ
1337 1886 1389 1920 γῆς
1408 1886 1607 1922 εὑρεθήσονται
1621 1886 1655 1912 ‘°.
1680 1884 1754 1915 Τινὲς
1772 1881 1804 1911 δὲ.

1020 1931 1163 1965 τέμνοντες
1181 1931 1230 1966 τὴν
1254 1933 1370 1967 σφαῖραν
1386 1931 1430 1958 διὰ
1450 1931 1504 1958 τῶν
1529 1932 1637 1965 πόλων,
1657 1931 1750 1965 ὥσπερ
1771 1927 1807 1954 διὰ

1019 1976 1074 2002 τῶν
1100 1977 1247 2012 κολούρων,
1261 1979 1295 2004 τὰ
1315 1978 1414 2013 μεταξὺ
1431 1978 1484 2005 τῶν
1499 1978 1689 2014 παραλλήλων
1705 1974 1805 2008 διαστή-

1022 2031 1094 2057 ματα
1108 2023 1178 2049 κατὰ
1196 2023 1295 2054 πλάτος
1310 2024 1360 2049 οὐκ
1381 2025 1419 2055 εἰς
1434 2023 1454 2055 ξ’
1469 2024 1568 2060 μοίρας
1589 2025 1748 2060 τέμνουσιν,
1760 2019 1806 2047 ἀλλ’

1020 2069 1060 2100 εὶς
1083 2068 1137 2101 τξ·
1155 2069 1247 2104 ἐπειδὴ
1268 2070 1314 2095 καὶ
1335 2070 1349 2095 ὸ
1366 2070 1486 2101 ἐνιαυτὸς
1512 2070 1568 2103 τξε¹
1586 2070 1665 2097 ἐστὶν
1691 2066 1806 2105 ἡμερῶν·

1019 2114 1067 2141 καί
1086 2123 1166 2149 φασιν
1189 2114 1233 2150 ρπ¹
1248 2112 1317 2141 εἶναι
1343 2115 1439 2150 μοίρας
1453 2115 1483 2142 τὸ
1504 2115 1609 2150 ἥμισυ,
1626 2117 1688 2151 ἡτοι
1703 2114 1733 2140 τὺ
1749 2111 1809 2146 ὑπὲρ

1019 2160 1070 2195 γῆς
1084 2160 1260 2196 ἡμισφαίριον
1273 2169 1278 2175 ·
1298 2162 1344 2187 καὶ
1359 2160 1409 2187 πά)
1416 2170 1439 2188 ιν
1455 2165 1499 2198 ρπ¹
1514 2162 1547 2188 τὺ
1565 2162 1624 2188 ὑπὸ
1635 2163 1698 2198 γῆν.
1722 2159 1764 2191 Ἐξ
1777 2155 1808 2184 ὧν

1019 2206 1072 2232 ἀπὸ
1090 2207 1139 2241 μὲν
1156 2206 1201 2233 τοῦ
1219 2207 1355 2242 ὁρίζοντος
1371 2207 1451 2243 μέχρι
1467 2207 1579 2243 βορείου
1603 2208 1690 2235 πόλου
1706 2206 1752 2234 καὶ
1768 2203 1809 2238 τῆς

184 2250 218 2276 ab
231 2249 412 2284 aequinoctiali
426 2251 459 2277 ad
475 2251 618 2278 hibernum
635 2252 769 2287 tropicum
779 2272 787 2284 ,
804 2256 895 2288 partes
910 2253 946 2280 24
960 2261 966 2286 ;

1028 2253 1197 2288 περιφερείας
1204 2253 1250 2279 τοῦ
1260 2253 1389 2289 ἀρκτικοῦ
1399 2254 1499 2280 κύκλου
1512 2255 1567 2290 τῆς
1581 2255 1756 2290 ὑψηλοτέρας
1764 2251 1810 2278 εἰσὶ

184 2294 249 2321 hinc
269 2294 302 2321 ad
325 2296 521 2330 antarcticum,
548 2298 594 2333 qui
620 2298 789 2326 horizontem
815 2299 966 2334 contingit,

184 2340 242 2367 alia:
258 2345 348 2375 partes
362 2341 405 2368 5‘2.
421 2341 466 2369 Has
483 2350 577 2370 omnes
593 2344 674 2370 simul
690 2345 811 2371 collectae
824 2344 891 2371 fiunt
905 2345 965 2372 190.

184 2385 229 2412 Sic
245 2386 314 2413 intra
336 2391 436 2414 terram
456 2388 551 2416 eodem
574 2389 655 2416 modo
676 2393 768 2424 partes
785 2390 898 2417 totidem
914 2390 967 2418 180

183 2436 371 2461 numerantur.
395 2433 546 2462 Possumus
566 2439 593 2462 et
619 2435 762 2470 parallelos
788 2436 855 2463 istos
877 2440 966 2464 rectos

182 2479 335 2507 nominare.
351 2479 403 2512 Qui
418 2480 454 2507 ob
470 2480 496 2507 id
512 2485 702 2512 assumuntur,
718 2485 749 2508 ut
772 2481 895 2510 boreales
916 2490 966 2509 au-

183 2524 334 2559 stralesque
349 2529 439 2560 partes
451 2533 498 2560 per
510 2526 567 2561 88
581 2533 627 2553 cas
642 2526 748 2555 facilius
764 2535 944 2563 agnoscamus
956 2536 963 2554 :

183 2573 238 2596 tum
256 2569 337 2597 etiam
353 2572 546 2598 conversiones
561 2571 689 2599 hibernas
714 2576 741 2599 et
768 2572 887 2605 aestivas,
916 2579 966 2600 nec

181 2622 236 2641 non
252 2615 455 2650 mquinoctiales
469 2623 566 2642 vernas
583 2620 609 2643 et
625 2617 805 2645 autumnales.

1022 2299 1113 2334 μοῖραι
1124 2298 1180 2333 λη’·
1196 2299 1249 2326 ἀπὸ
1259 2299 1287 2325 δὲ
1300 2299 1346 2326 τοῦ
1360 2299 1464 2335 βορείου
1476 2301 1523 2327 ἐπὶ
1542 2301 1595 2328 τὸν
1615 2301 1748 2338 ἀρκτικὸν
1762 2298 1811 2334 μοῖ-

1021 2353 1067 2380 ραι
1082 2344 1157 2371 ἄλλαι
1171 2345 1226 2380 λη’·
1243 2346 1296 2372 ἀπὸ
1313 2346 1341 2372 δὲ
1359 2347 1405 2373 τοῦ
1421 2347 1556 2383 ἀρκτικοῦ
1579 2348 1668 2383 μέχρι
1687 2347 1732 2374 τοῦ
1749 2346 1811 2379 θερι-

1019 2389 1064 2416 νοῦ
1077 2390 1206 2426 τροπικοῦ
1224 2391 1316 2427 μοῖραί
1330 2393 1383 2418 εἰσι
1394 2392 1432 2419 κδ’
1441 2401 1448 2408 ο
1462 2393 1515 2419 ἀπὸ
1528 2393 1561 2420 δὲ
1576 2394 1628 2420 τοῦ
1641 2391 1748 2430 θερινοῦ
1757 2398 1810 2426 τρο·

1019 2435 1099 2462 πικοῦ
1117 2436 1196 2472 μέχρι
1210 2437 1256 2464 τοῦ
1279 2438 1436 2474 ἰσημερινοῢ
1457 2440 1554 2474 μοῖραι
1577 2441 1639 2468 κδ’”
1659 2440 1714 2468 ἀπὸ
1728 2440 1755 2467 δὲ
1772 2436 1811 2464 τοῦ

1021 2481 1177 2517 ἰσημερινοῦ
1194 2483 1246 2514 ἓως
1260 2483 1307 2510 τοῦ
1323 2485 1478 2520 χειμερινοῦ
1492 2487 1638 2521 τροπικοῦ
1657 2488 1748 2523 μοῖραι
1764 2482 1796 2512 κδ’
1803 2492 1810 2498 '

1019 2528 1072 2555 ἀπὸ
1095 2528 1123 2555 δὲ
1142 2529 1188 2555 τοῦ
1211 2531 1365 2566 χειμερινοῦ
1393 2532 1444 2563 ἕως
1467 2532 1513 2558 τοῦ
1541 2533 1748 2569 ἀπαρκτικοῦ,
1773 2529 1812 2556 τοῦ

1019 2573 1207 2610 ἐφαπτομένου
1230 2576 1278 2602 τοῦ
1303 2577 1450 2612 ὁρίζοντος,
1469 2578 1553 2605 ἄλλαι
1582 2581 1642 2607 εἰσὶ
1661 2581 1752 2616 μοῖραι
1769 2575 1811 2611 W-

1019 2616 1105 2647 Αὗται
1118 2621 1157 2654 δὲ,
1184 2622 1230 2648 ἐπὶ
1253 2622 1282 2649 τὸ
1303 2623 1368 2650 αὐτὸ
1383 2624 1539 2660 γινόμεναι,
1565 2626 1609 2658 ὠς
1635 2627 1759 2662 εἴπομεν,
1775 2623 1813 2657 ρτ(

180 2663 308 2697 γίνονται.
334 2663 449 2700 Ὁμοίως
469 2663 498 2690 δὲ
520 2664 567 2690 καὶ
589 2664 640 2691 ὑπὸ
654 2665 706 2700 γῆν
729 2665 800 2692 κατὰ
814 2665 860 2692 τὺν
884 2666 964 2693 αὑτὸν
978 2667 1076 2703 τρόπον
1094 2669 1148 2696 ῐσαι
1168 2669 1245 2697 ἄλλαι
1263 2675 1306 2707 ρπ¹
1336 2673 1437 2708 μοῖραι.
1459 2672 1604 2701 Δύνανται
1632 2674 1662 2701 δὲ
1676 2675 1701 2701 οἱ
1720 2669 1812 2708 παράλ-

180 2711 254 2746 ληλοι
276 2709 348 2738 οὗτοι
364 2713 409 2738 καὶ
429 2712 503 2747 ὀρθοὶ
524 2712 681 2739 καλεῖσθαι·
698 2713 910 2750 παρελήφθησαν
932 2714 961 2741 δὲ
974 2715 1044 2752 ὑπὲρ
1057 2717 1104 2744 τοῦ
1121 2718 1389 2755 εὐπαρακολούθητον
1401 2721 1466 2756 ἡμῖν
1487 2720 1543 2756 τὴν
1580 2722 1669 2756 δεῖξιν
1698 2718 1813 2756 γενέσθαι

179 2756 233 2783 τῶν
257 2757 431 2804 βορειοτέρων
452 2759 497 2785 καὶ
519 2760 699 2794 νοτιωτέρων·
718 2761 765 2786 καὶ
781 2760 850 2787 ὥστε
866 2761 966 2795 γνῶναι
992 2764 1065 2798 ἡμᾶς
1085 2763 1135 2797 τὰς
1155 2767 1323 2802 χειμερινὰς,
1352 2768 1399 2794 καὶ
1427 2767 1476 2800 τὰς
1495 2756 1632 2804 θερινὰς,
1656 2770 1706 2798 καὶ
1717 2768 1763 2800 τὰς
1780 2767 1812 2793 ἱσ-

179 2803 321 2836 ημερινὰς,
337 2804 383 2829 καὶ
397 2804 515 2839 ἐαρινὰς,
532 2805 578 2831 καὶ
594 2806 781 2842 μετοπωρινὰς
793 2807 904 2842 τροπάς.

214 2870 234 2884 ς.

253 2869 313 2904 ἧττα.
332 2871 510 2907 ἀνταρκτικοῦ
527 2873 617 2910 μοῖραί
628 2875 696 2902 εἰσιν
713 2876 742 2909 ’ἐξ
753 2885 758 2891 -
771 2877 824 2904 ἀπὸ
839 2877 878 2912 δέ,
896 2881 950 2906 etc.
993 2879 1013 2894 '°
1028 2878 1089 2914 ιαμ.
1107 2879 1176 2916 ὑπὲρ
1191 2881 1242 2915 γῆς
1253 2881 1281 2908 αἱ
1292 2881 1383 2908 λοιπαὶ
1401 2881 1434 2916 ιη’
1453 2883 1555 2918 μοῖραι
1576 2887 1783 2921 εὑρεθήσονται.
