1898 3145
132 190 166 220 97
171 190 184 216 'l

407 249 476 283 Περὶ
489 250 650 283 κολΟὐρων.

167 307 219 341 κζ’.
234 307 267 333 Ol.
292 307 320 333 δὲ
343 305 465 341 κόλουροί
479 307 532 333 εἰσι
553 306 602 342 μὲν
616 306 663 333 δύο
680 306 734 333 ἀπὸ
757 305 852 342 βορέου
876 305 922 333 ἐπὶ

127 354 215 386 νότον,
228 353 273 380 διὰ
281 352 334 379 τῶν
341 352 429 379 πόλων
436 344 580 387 τέμνοντες
587 352 637 386 τὴν
645 354 761 388 σφαῖραν
771 353 818 380 καὶ
824 353 886 384 τοὺς
892 354 921 379 ἐν

125 401 197 436 αὐτῇ
206 400 309 431 πάντας
316 398 411 430 ἄλλους
417 398 606 430 κύκλουςΕἰσὶ
611 399 640 425 δὲ
650 399 772 434 μέγιστοι
781 399 828 425 καὶ
833 398 918 431 αὐτοὶ,

123 445 164 477 ὡς
176 445 209 472 ἂν
217 444 261 471 διὰ
276 443 323 471 τοῦ
335 443 448 479 κέντρον
460 443 511 478 τῆς
520 443 638 479 σφαίρας
650 444 773 479 ἠγμένοι.
786 443 919 479 Τέμνουσι

124 492 165 523 δὲ,
184 491 227 518 ἵνα
239 490 290 522 τὰς
303 490 323 517 δ’
339 491 415 527 ὥρας
426 489 473 517 τοῦ
490 489 612 517 ἐνιαυτοῦ
629 489 728 526 ῥᾳδίως
743 489 920 525 καταλαμϐά-

124 547 227 574 νωμεν.
240 538 398 573 Τεμνόντων
410 537 463 573 γὰρ
478 537 579 564 τούτων
590 536 720 572 ἀλλήλους
729 537 777 563 καὶ
786 537 835 573 τὴν
844 537 919 571 σφαῖ-

124 594 188 621 ραν,
206 585 372 620 συμϐήσεται
386 585 426 616 εἰς
439 584 560 620 τέσσαρα
576 583 745 619 τετμῆσθαι·
761 583 832 610 ὥστε
854 583 919 610 ἕκα-

124 639 189 657 στον
201 630 256 657 τῶν
273 630 413 666 τεσσάρων
429 631 582 666 τμημάτων
600 630 664 666 μίαν
676 630 750 665 ὥραν
766 629 813 656 τοῦ
827 631 916 656 ἐνιαυ-

121 676 172 703 τοῦ
192 676 274 712 ἔχειν.
290 677 345 704 Καὶ
359 678 373 703 ὁ
385 676 436 712 μὲν
452 676 541 703 αὐτῶν
567 676 637 703 κατὰ
653 676 789 712 Καρκίνον
805 676 852 703 καὶ
869 676 917 702 Αί-

121 723 266 758 γοκέρωτα
278 723 335 759 ἔχει
351 725 400 759 τὴν
412 723 588 759 περιφέρειαν
596 731 602 738 ·
618 722 661 750 διὰ
673 723 722 758 μὲν
732 723 778 750 τοῦ
789 722 916 758 ὲνὸςὴμι-

121 770 235 797 κυκλίου
251 769 382 797 δεικνύων
401 771 429 797 ἐν
442 770 573 805 Καρκίνῳ
588 769 676 805 θέρος,
688 769 770 796 διὰδὲ
788 768 834 796 τοῦ
855 770 914 796 ὲτέ-

120 825 171 853 pou
191 817 220 843 ὲν
236 816 404 852 Αὲγοκέρωτι
426 815 558 852 χειμῶνα.
576 815 604 842 'U
624 815 652 842 δὲ
668 815 738 842 κατὰ
760 815 845 850 Κριὸν
868 815 914 841 καὶ

119 862 215 898 Χηλὰς
227 861 276 898 τὴν
291 861 470 897 περιφέρειαν
482 861 536 896 ἔχει
547 869 554 876 ·
571 861 618 888 καὶ
630 861 704 896 δηλοί
714 860 763 892 τὰς
775 860 858 892 ἄλλας
868 860 914 887 δύο

117 910 195 944 ὥρας
202 909 252 942 τὰς
264 909 433 945 ίσημερινάς·
445 909 495 944 τὴν
510 908 558 943 μὲν
567 908 677 944 ἐαρινὴν
687 908 716 935 ἐν
724 907 813 943 Κριῷ,
826 907 875 942 τὴν
883 907 912 934 δὲ

119 955 311 991 μετοπωρινὴν
324 955 352 981 ὲν
362 953 473 990 Χηλαῖς.
482 953 612 989 Κὸλουροι
628 953 656 980 δὲ
672 952 829 988 κέκληνται,
843 952 909 979 διότι

115 1001 243 1029 δοκοῦσιν
256 1002 321 1036 ἡμῖν
329 1000 472 1027 κολοῦσθαι
485 999 636 1034 ὦσπερτὰς
643 998 737 1035 οὐρὰς.
745 999 789 1027 διὰ
802 998 832 1025 τὸ
844 999 909 1034 ἡμῖν

117 1049 158 1084 μὴ
172 1048 315 1082 φαίνεσθαι
335 1047 425 1075 αὐτῶν
444 1046 478 1073 τὰ
492 1047 538 1073 ἐπὶ
556 1046 603 1073 τοῦ
627 1045 807 1082 ἀνταρκτικοῦ
827 1046 908 1081 μέρη,

116 1095 166 1122 καὶ
179 1095 266 1121 δοκεῖν
294 1094 439 1121 κολοῦσθαι
456 1093 555 1125 αὐτοὺς
579 1093 648 1119 κατὰ
669 1092 748 1119 τοῦτο
764 1092 794 1119 τὸ
816 1092 909 1128 μέρος.

116 1139 281 1176 Συμϐἐϐηκε
303 1139 357 1174 γὰρ
373 1139 406 1166 τὰ
424 1138 473 1174 μὲν
494 1139 548 1165 ἀπὸ
561 1138 607 1165 τοῦ
630 1138 776 1173 ἀειφανοῦς
798 1138 909 1171 κύκλου,

113 1183 241 1210 τουτέστι
253 1183 300 1210 τοῦ
315 1183 457 1218 ἀρκτικοῦ,
473 1183 542 1218 μέρη
558 1182 716 1218 φαίνεσθαι·
730 1183 817 1210 ταῦτα
832 1183 860 1209 δὲ
875 1183 909 1210 τὰ

115 1229 191 1266 μέρη
216 1229 271 1256 τῶν
291 1229 427 1265 κολούρων
451 1229 558 1256 κύκλων
585 1229 619 1256 τὰ
647 1229 693 1256 τοῦ
726 1230 907 1266 ἀνταρκτικοῦ

112 1277 161 1303 ἀεὶ
175 1277 265 1312 ἁφανῆ
283 1273 363 1303 εῖναι.

377 1345 452 1381 Περὶ»
461 1346 514 1372 τοῦ
525 1346 644 1379 ἄξονος.

150 1406 203 1437 κη’.
221 1403 314 1438 Διήκει
330 1403 358 1429 δὲ
372 1404 386 1430 ὁ
401 1403 472 1435 ἄξων
489 1404 543 1431 ἀπὸ
556 1404 603 1431 τοῦ
623 1405 736 1441 κέντρου
750 1406 794 1432 τοῦ
813 1407 907 1441 ἀρκτι-

109 1449 163 1476 κοῦ
178 1448 278 1475 κύκλου
305 1449 348 1475 διὰ
373 1449 420 1476 τοῦ
444 1450 556 1485 κέντρου
574 1451 623 1486 τῆς
649 1452 766 1487 σφαίρας
790 1451 842 1484 ἕως
858 1452 904 1479 τοῦ

109 1494 228 1529 κέντρου
244 1494 291 1521 τοῦ
307 1495 498 1530 ἀνταρκτικοῦ.
515 1497 703 1533 Παρείληπται
720 1498 758 1530 δὲ,
777 1499 819 1525 ἵνα
835 1499 904 1533 γνῶ-

110 1549 165 1576 μεν
192 1541 234 1568 ὅτι
260 1542 324 1577 περὶ
347 1541 428 1573 αὑτὸν
444 1543 491 1569 καὶ
510 1542 544 1569 τὰ
559 1543 630 1578 ἄκρα
654 1544 736 1571 αὐτοῦ
764 1544 875 1572 δινείται
889 1546 903 1572 ὀ

106 1588 226 1624 οὐρανός
238 1596 244 1602 ·
262 1588 356 1624 ὥσπερ
373 1589 436 1624 περὶ
460 1589 607 1624 ἁρμάτειον
627 1589 709 1623 ἄξονα
727 1590 859 1618 δινοῦνται
877 1592 902 1618 οἱ

107 1634 214 1670 τροχοί.
228 1634 282 1669 Τὴν
297 1634 326 1661 δὲ
346 1634 410 1670 ὓλην
426 1635 508 1661 αὐτοῦ
525 1636 574 1662 οὐκ
595 1636 712 1668 ἐδίδαξεν
732 1637 805 1672 ἡμᾶς
818 1638 902 1672 ’Ἁρα-

106 1689 174 1712 τος’
189 1679 247 1707 ἀλλ’
266 1681 304 1712 ὡς
325 1681 354 1708 ἐν
374 1682 482 1716 ποιήσει
508 1681 702 1718 μυθικώτερον,
729 1683 823 1720 ὥσπερ
839 1685 900 1711 ὀϐε-

105 1727 205 1754 λίσκον
223 1727 304 1754 αὑτὸν
323 1725 409 1754 εἶπεν.
424 1728 455 1755 Εἰ
476 1727 525 1763 μὲν
538 1726 584 1756 οὖν
607 1728 679 1763 λέγοι
694 1738 736 1761 τις
756 1731 837 1757 αὐτοῦ
851 1731 900 1766 τὴν

105 1772 176 1807 ὓλην
192 1772 225 1798 ὲκ
240 1772 335 1808 πυρὸς,
353 1772 437 1800 ἐλθὼν
459 1772 505 1799 ἐπὶ
527 1772 576 1808 τὴν
592 1772 639 1800 τοῦ
661 1773 757 1806 ὕδατος
783 1776 900 1811 σφαῖραν

106 1817 308 1853 ώεσθήσεται·
321 1817 338 1854 ἢ
350 1818 402 1845 ὑπὸ
413 1819 462 1853 τῆς
479 1818 525 1845 τοῦ
536 1819 622 1856 πυρὸς
635 1820 753 1855 σφαίρας
768 1820 900 1855 καταφλε-

103 1864 256 1901 χθήσεται·
273 1863 338 1891 εἶ’δὲ
350 1865 381 1891 ἐκ
395 1864 444 1900 τῆς
463 1865 517 1894 τῶν
533 1864 643 1898 λοιπῶν,
662 1865 742 1901 ἀέρος
757 1866 773 1901 ἢ
791 1866 896 1900 ὓδατος,

102 1911 211 1947 ἀμιγὴς
224 1910 301 1938 ἔσται
313 1912 368 1943 τοῖς
383 1911 483 1943 ἄλλοις,
499 1911 546 1938 καὶ
557 1911 609 1940 ὑπὸ
618 1912 672 1938 τῶν
687 1913 814 1940 ἐναντίων
827 1914 898 1948 ἀφα-

101 1957 274 1994 νισθήσεται.
297 1957 454 1994 Γεωμέεραι
470 1958 499 1985 δὲ
520 1958 602 1985 αὐτὸν
618 1959 787 1986 ὑποτίθενται
809 1968 897 1996 γραμ-

102 2005 162 2040 μήν
175 2012 238 2031 τινα
257 2004 370 2040 λεπτὴν,
394 2003 542 2040 διήκουσαν
563 2005 618 2032 ἀπὸ
638 2005 686 2032 τοῦ
711 2006 825 2042 κέντρου
848 2007 896 2035 τοῦ

99 2049 238 2086 ἀρκτικοῦ
261 2049 363 2077 κύκλου
384 2050 466 2086 μέχρι
482 2051 529 2078 τοῦ
555 2052 747 2088 ἁνταρκτικοῦ,
770 2052 895 2089 καθάπερ

99 2097 222 2132 εῐρηται.
247 2097 278 2123 Οἱ
295 2096 324 2123 δὲ
344 2098 454 2131 φυσικοὶ¹
474 2098 613 2133 φιλόσοφοι
635 2099 665 2125 τὸ
681 2099 782 2134 μεταξὺ
801 2099 895 2136 διῆκον

99 2141 215 2177 πνεῦμα
230 2141 355 2176 λέγουσιν
369 2142 461 2175 ἄξονα.
478 2135 621 2178 Μέμντιται
637 2144 666 2171 δὲ
680 2144 761 2171 αὐτοῦ
782 2145 893 2172 Ἐρατο-

98 2187 201 2223 σθένης
217 2187 246 2214 ὲν
260 2187 298 2223 τῷ
316 2187 407 2223 Ἐρμῇ
418 2188 504 2223 λέγων
514 2197 521 2205 ·

96 2254 206 2293 Αἰίιτήν
217 2254 276 2293 μέν
286 2265 340 2293 μιν
361 2256 463 2293 ἔτετμε
483 2256 618 2293 μεσ-ήρεα
631 2259 720 2285 παντί
741 2259 891 2293 Ὀλύμπου

95 2290 232 2324 κέντρου
243 2291 303 2318 ἀπὸ
321 2292 453 2326 σφαίρας
463 2300 470 2308 ·
484 2290 536 2319 διὰ
555 2292 581 2319 δ’
595 2292 704 2327 ἄξονος
716 2290 874 2329 ἠρήρειστο
883 2304 889 2310 ·

94 2347 155 2375 Καὶ
165 2347 181 2373 ὁ
195 2347 313 2383 ’Ἄρατος
326 2348 412 2383 λέγων
420 2358 427 2364 ·

94 2404 199 2438 Αὐτὰρ
213 2403 257 2438 ὅτ’
269 2405 331 2432 οὐδ’
349 2406 453 2441 ὀλίγον
472 2408 702 2442 μετανίσσεται·

95 2456 201 2507 Ἄξων
212 2474 279 2502 αἰὲν
292 2475 402 2510 ἄρηρεν
413 2483 421 2491 ⁸
435 2477 498 2512 ἔχει
510 2477 536 2504 δ’
548 2477 716 2506 ἀτάλαντον
727 2453 889 2514 (inrigavng

90 2543 261 2579 Μεσσηγὺς
274 2544 376 2579 γαῖαν·
393 2545 460 2580 περὶ
479 2546 506 2573 δ’
519 2547 645 2581 οὐρανὸς
667 2548 761 2576 αὑτὸν
781 2549 886 2584 ἀγινεῖ.

134 2632 297 2667 Ὠνόμασται
309 2633 333 2660 δ’
348 2634 421 2667 ἄξων
431 2634 476 2662 διὰ
485 2635 516 2662 τὸ
531 2636 596 2672 περὶ
608 2637 689 2664 αὑτὸν
702 2638 827 2672 ἄγεσθαι,
838 2639 885 2666 καὶ

97 2678 290 2714 τεριδινεῖσθαι
300 2679 346 2707 τὸν
358 2681 481 2716 οὐρανόν.
496 2682 537 2709 Τὰ
554 2683 583 2709 δὲ
601 2683 708 2719 πέρατα
721 2684 803 2711 αὑτοῦ
816 2686 884 2720 πρὸς

91 2724 148 2755 ωἳς
165 2724 290 2759 κέντροις
305 2725 352 2752 τοῦ
364 2734 395 2753 τε
414 2727 546 2762 ἀρκτικοῦ
567 2728 613 2755 καὶ
631 2729 679 2755 τοῦ
702 2729 882 2766 ἀνταρκτικοῦ

103 2778 159 2796 στι.
173 2769 295 2798 Καλοῦσι
309 2771 332 2798 δ’
346 2771 417 2799 αὐτὰ
427 2772 526 2806 πόλους
536 2773 590 2801 ἀπὺ
603 2774 650 2801 τοῦ
666 2776 881 2811 περιπολεῖσθαι,

90 2816 140 2843 (αἱ
156 2815 320 2851 στρέφεσθαι
344 2819 408 2854 περὶ
423 2819 494 2847 αὐτὰ
513 2820 558 2847 τὸν
579 2821 702 2857 οὐρανόν.
727 2822 834 2850 Τούτων
853 2824 882 2851 δὲ

84 2862 101 2888 ὁ
117 2863 169 2897 μὲν
181 2863 305 2891 καλεῖται
319 2864 435 2901 βόρειος,
447 2867 491 2893 ἀεὶ
510 2867 626 2903 φανερὸς
639 2868 693 2894 ὤν’
710 2869 724 2896 ὁ
739 2869 766 2897 δὲ
784 2870 879 2906 νότιος,

83 2909 135 2940 ἀεὶ
149 2909 267 2946 ἀφανής.
279 2910 424 2948 Μέμνηται
442 2912 532 2942 αὐτῶν
545 2913 592 2942 καὶ
606 2914 736 2950 Ἄρατος·

505 189 666 218 ACHILLIS
687 190 780 217 TATII
802 189 898 217 ISAGG

967 190 1013 217 AD
1033 191 1052 217 Α
1058 190 1137 218 RATI
1156 190 1389 224 ΡΗᾸΞΝΟΜΕΝΑ.

1710 191 1763 222 ’378

1284 249 1323 276 De
1336 251 1444 278 coluris.

1014 307 1060 334 27.
1083 306 1139 334 Duo
1157 311 1221 334 sunt
1238 307 1324 334 coluri
1342 315 1357 334 a
1374 308 1560 342 septentrione
1583 309 1617 335 ad
1638 313 1761 337 auslrum

973 361 1022 388 per
1038 353 1115 388 polos
1144 353 1278 388 sphaeram
1300 353 1416 388 ejusque
1441 354 1560 383 circulos
1580 362 1675 384 omnes
1697 364 1761 390 par-

973 399 1083 427 tientes.
1111 398 1196 426 Iidem
1224 399 1336 426 maximi
1360 403 1441 429 sunt.
1459 405 1489 427 ut
1503 400 1549 435 qui
1566 408 1614 435 per
1636 405 1760 428 centrum

973 444 1087 479 sphaera:
1104 448 1260 472 transeunt.
1279 443 1379 473 Secant
1393 448 1483 472 autem
1505 445 1625 478 idcirco,
1648 450 1677 473 ut
1695 447 1759 474 anni

971 493 1146 526 tempestates
1163 495 1284 525 quatuor
1298 491 1378 518 facile
1393 491 1593 521 discernamus.
1610 491 1678 520 Nam
1695 500 1759 520 eum

971 543 1031 564 sese
1054 541 1149 564 mutuo
1169 536 1310 569 dividant,
1329 537 1464 572 sphaeram
1484 537 1572 573 ipsam
1595 546 1703 573 quoque
1717 538 1759 566 di-

969 582 1023 609 vidi
1039 589 1152 610 necesse
1173 586 1216 610 est
1230 583 1263 618 lin
1290 587 1382 618 partes
1399 588 1526 619 quatuor,
1542 584 1610 612 adeo
1626 588 1655 611 ut
1669 584 1758 619 quod-

968 629 1035 656 libet
1056 637 1071 657 e
1094 629 1244 664 segmentis
1259 634 1381 665 quatuor
1396 638 1474 658 suam
1489 631 1552 658 anni
1569 634 1756 667 tempestatem

967 675 1099 702 obtineat.
1116 674 1136 701 E
1149 675 1253 702 coluris
1270 675 1332 703 istis
1346 676 1464 703 alterius
1483 676 1603 704 ambitus
1623 684 1672 711 per
1684 676 1756 704 Can-

967 729 1042 749 crum
1064 726 1091 749 et
1116 721 1315 757 Capricornum
1334 722 1460 755 ducitur,
1482 729 1514 749 ac
1529 730 1577 757 per
1595 722 1756 750 semicircu-

966 767 1023 795 lum
1039 775 1122 795 unum
1139 772 1261 795 aestatem
1278 768 1382 796 indicat
1396 768 1423 795 in
1438 768 1545 796 Cancro
1556 790 1563 801 ,
1579 776 1627 804 per
1640 769 1754 796 alterum

965 813 1082 841 hiemem
1097 814 1125 841 in
1136 815 1314 850 Capricorno.
1328 814 1447 843 Alterius
1462 815 1581 843 ambitus
1595 815 1693 844 transit
1706 823 1754 850 per

964 858 1084 886 Arietem
1107 864 1134 887 et
1158 859 1267 887 Libram
1280 880 1288 893 ,
1305 868 1336 887 ac
1351 861 1419 888 duas
1439 861 1508 889 alias
1527 862 1753 896 azquinoctiorum

965 907 1142 940 tempestates
1158 906 1268 933 exhibet
1282 915 1289 932 :
1307 914 1420 934 vernam
1436 908 1463 934 in
1476 906 1567 935 Arietc
1583 916 1589 940 ;
1607 911 1752 935 autumna-

926 939 948 967 Β
964 939 1061 978 lemrin
1077 951 1170 978 Libra.
1188 951 1240 984 Qui
1258 952 1346 979 coluri
1365 956 1508 988 propterea
1524 939 1668 984 vocantur.
1688 955 1751 990 quia

961 995 1041 1022 nobis
1060 996 1135 1023 velut
1151 997 1237 1024 cauda
1256 997 1375 1024 mutilati
1398 997 1537 1028 videntur.
1555 1006 1588 1026 eo
1603 999 1674 1034 quod
1689 1007 1751 1035 par-

961 1047 1002 1070 tes
1020 1043 1129 1070 illorum
1146 1043 1179 1070 ad
1192 1044 1284 1078 polum
1295 1045 1476 1072 anlarcticum
1487 1045 1676 1073 occultantur:
1691 1047 1751 1081 qui-

961 1090 1013 1117 bus
1027 1096 1054 1117 et
1072 1091 1190 1117 mutilati
1206 1091 1345 1119 videntur.
1363 1091 1430 1119 Nam
1454 1100 1515 1128 qua:
1533 1101 1641 1128 semper
1666 1101 1749 1129 appa-

960 1140 1037 1164 rente
1052 1137 1170 1170 circulo,
1190 1137 1216 1164 id
1235 1143 1276 1165 est
1297 1139 1419 1170 arctico,
1438 1139 1625 1171 continentur,
1641 1140 1747 1167 illorum

960 1182 1116 1217 conspicua:
1132 1188 1195 1210 sunt
1212 1188 1320 1219 partes:
1339 1192 1399 1219 qua:
1415 1193 1481 1212 vero
1497 1186 1647 1214 antarclico
1661 1187 1749 1215 inclu—

959 1228 1070 1260 duntur,
1088 1237 1194 1265 semper
1208 1230 1330 1258 occulue.

1296 1343 1332 1370 De
1351 1352 1410 1372 axe.

991 1399 1035 1426 ‘28.
1057 1400 1098 1427 Ab
1113 1401 1207 1428 arctici
1235 1402 1331 1429 circuli
1357 1407 1451 1430 centro
1476 1411 1524 1438 per
1549 1404 1662 1439 sphaerae
1681 1412 1747 1433 cen—

957 1448 1047 1477 trum,
1075 1446 1108 1473 ad
1134 1451 1257 1474 centrum
1283 1448 1357 1476 aliud
1379 1450 1523 1477 antarctici
1550 1452 1649 1478 transit
1673 1452 1743 1479 axis.

955 1490 1007 1522 Qui
1024 1491 1058 1518 ob
1079 1491 1104 1519 id
1128 1498 1286 1528 assumptus
1305 1498 1363 1528 est,
1381 1499 1411 1522 ιιι
1432 1496 1617 1531 intelligamus
1638 1497 1742 1524 circum

955 1535 1028 1563 hunc
1043 1541 1070 1565 et
1084 1537 1145 1572 ejus
1160 1543 1282 1567 exlrema
1296 1541 1474 1569 circumvolvi
1490 1543 1590 1569 cmlum
1604 1551 1611 1575 ;
1629 1543 1743 1577 perinde

955 1585 1036 1616 atque
1049 1583 1151 1610 circum
1164 1592 1263 1613 currus
1277 1594 1354 1614 axem
1367 1592 1434 1615 rotte
1443 1589 1598 1616 volvuntur.
1613 1589 1648 1616 De
1660 1589 1742 1624 hujus

953 1628 1066 1656 materia
1094 1630 1162 1656 nihil
1184 1639 1235 1659 nos
1258 1632 1358 1661 Aratus
1373 1634 1476 1661 docuit.
1505 1634 1556 1662 Sed
1581 1636 1686 1670 poetica
1710 1636 1742 1663 li-

952 1677 1042 1702 centia
1058 1676 1211 1706 fabulosius
1227 1679 1342 1714 loquens
1365 1681 1454 1707 veruti
1477 1681 1565 1708 instar
1582 1689 1644 1710 esse
1661 1682 1740 1711 dixit.

952 1721 1048 1757 itaque
1063 1724 1122 1751 sive
1136 1725 1199 1760 quis
1214 1726 1290 1753 illum
1313 1735 1347 1753 ex
1362 1727 1422 1761 igne
1432 1747 1439 1757 .
1456 1735 1507 1755 ceu
1524 1729 1653 1761 materia,
1675 1737 1740 1757 con-

952 1772 1026 1796 stare
1040 1770 1120 1803 velit,
1136 1778 1199 1798 cum
1222 1779 1270 1807 per
1291 1779 1369 1808 aquae
1389 1773 1522 1808 sphaeram
1543 1778 1683 1808 transeat,
1699 1776 1739 1803 ibi

952 1815 1160 1850 restinguetur;
1191 1821 1238 1844 aut
1262 1818 1296 1845 ab
1319 1819 1390 1854 ignis
1416 1819 1522 1854 sphaera
1548 1825 1735 1854 consumetur,

950 1861 1008 1888 sive
1021 1869 1053 1889 ex
1072 1862 1188 1889 aliorum
1216 1864 1412 1892 elementorum
1428 1866 1560 1899 materia,
1579 1871 1643 1902 puta
1665 1869 1737 1896 aeris

949 1911 995 1934 aut
1009 1916 1096 1942 aquae,
1111 1908 1220 1937 misceri
1237 1917 1298 1937 cum
1321 1911 1383 1939 aliis
1398 1919 1451 1939 non
1465 1913 1564 1947 poterit
1578 1921 1584 1945 ;
1599 1916 1625 1940 ct
1640 1921 1655 1939 a
1669 1921 1737 1941 con-

949 1953 1041 1980 trariis
1054 1953 1199 1981 delehitur.
1213 1954 1331 1982 Proinde
1343 1960 1489 1990 geometrze
1503 1958 1603 1985 lineam
1618 1966 1680 1986 esse
1694 1958 1736 1986 di-

947 2003 1014 2026 cunt
1026 1999 1123 2026 exilem
1136 2000 1172 2027 ab
1184 2000 1280 2027 arctici
1294 2005 1390 2029 centro
1404 2002 1437 2029 ad
1451 2006 1575 2030 centrum
1590 2003 1736 2032 antarctici

946 2045 1130 2080 pertinentem
1140 2066 1148 2079 ,
1161 2046 1200 2074 uti
1215 2047 1346 2075 diximus.
1363 2048 1398 2076 At
1411 2049 1516 2084 physici
1530 2049 1672 2086 spiritum,
1687 2051 1735 2087 qui

947 2099 995 2126 per
1007 2092 1183 2127 interjeetum
1199 2093 1318 2128 spatium
1329 2095 1442 2127 transit,
1457 2103 1536 2123 axem
1550 2100 1648 2132 putant
1661 2105 1733 2127 esse.

945 2137 1031 2172 Cujus
1044 2138 1073 2165 in
1088 2138 1221 2166 Mercurio
1234 2140 1357 2168 meminit
1372 2140 1567 2170 Eratosthenes
1584 2153 1590 2170 :

981 2259 1071 2301 ipsum
1085 2260 1188 2301 quidem
1203 2262 1286 2288 secuit
1299 2263 1412 2291 mediam
1426 2273 1535 2299 prorsus
1554 2266 1676 2301 Olympi,
1723 2255 1725 2258 Ι

979 2294 1076 2323 Centro
1090 2294 1123 2323 ub
1137 2296 1267 2331 splrwrw;
1283 2305 1329 2332 per
1342 2294 1495 2327 axem'vcro
1509 2294 1679 2336 (uidebatur;

908 2280 930 2307 D

941 2349 1041 2379 Aratus
1054 2359 1162 2387 quoque
1178 2362 1184 2379 :

976 2406 1063 2434 Porro
1079 2408 1122 2435 hic
1132 2417 1164 2436 ne
1177 2410 1314 2437 minimum
1327 2411 1432 2447 quidem
1446 2412 1576 2445 declinat,
1591 2414 1637 2442 sed
1649 2414 1730 2448 plana

1541 2448 1729 2484 [immobih‘ter

977 2478 1044 2504 Axis
1059 2486 1160 2513 semper
1175 2480 1297 2515 ﬁrmatus
1313 2487 1351 2509 est
1363 2491 1372 2514 ;
1388 2482 1514 2519 habetque
1529 2478 1654 2556 libratauf
1669 2493 1727 2526 om-

1665 2528 1727 2546 nmo

1665 2528 1727 2546 111110

975 2547 1009 2575 1η
1032 2549 1116 2576 media
1139 2553 1259 2584 terram;
1278 2552 1378 2580 circum
1397 2557 1486 2581 autem
1505 2553 1573 2581 hunc
1592 2547 1685 2625 civium
1700 2563 1726 2582 se

1628 2595 1724 2618 versat.

1628 2595 1724 2618 versat.

971 2640 1038 2669 Axis
1051 2642 1213 2670 vocabulum
1226 2643 1288 2671 ideo
1302 2645 1418 2677 meruit,
1430 2645 1503 2680 quod
1517 2645 1621 2673 circum
1634 2647 1722 2681 ipsum

935 2693 1039 2722 agatur,
1054 2689 1233 2726 volvaturque
1249 2691 1359 2719 coelum.
1376 2691 1464 2728 Hujus
1479 2697 1600 2721 extrema
1616 2697 1680 2721 sunt
1695 2694 1724 2723 in

935 2733 1038 2760 centris
1055 2734 1150 2761 arctici
1170 2738 1199 2762 et
1222 2735 1367 2763 antarctiei
1381 2736 1547 2763 circulorum
1570 2744 1641 2771 quos
1671 2740 1723 2772 po-

933 2778 975 2806 los
990 2779 1149 2814 nominant,
1165 2788 1198 2808 eo
1212 2781 1286 2816 quod
1305 2782 1408 2809 circum
1431 2782 1475 2809 illa
1496 2782 1597 2810 coelum
1611 2782 1719 2812 assidu:

933 2824 1066 2860 vertigine
1087 2829 1259 2861 torqueatur.
1279 2826 1318 2854 Ex
1340 2827 1373 2856 iis
1395 2828 1463 2855 alter
1484 2828 1585 2856 boreus
1607 2827 1714 2863 dicitus

933 2878 1041 2906 semper
1055 2879 1189 2908 apparens
1201 2882 1208 2900 :
1226 2873 1295 2901 alter
1306 2875 1433 2903 australis
1444 2895 1451 2909 ,
1464 2882 1571 2911 semper
1585 2875 1710 2906 occulttl

933 2916 1034 2946 Horum
1050 2919 1173 2947 meminit
1191 2920 1308 2948 Aratus:
