1913 3136
88 133 138 168 981

464 136 542 165 ACHI
553 135 629 164 LLIS
647 137 736 163 TATlI
759 136 886 163 iSAGOG,

940 135 968 162 rD
982 135 1086 162 AllATI
1103 134 1325 163 PlLENOMENA

1657 134 1709 164 93"

87 199 118 225 δὲ
135 200 164 225 ὲν
188 197 318 233 Καρκίνῳ
330 198 458 232 γένηται,
477 197 493 223 ὅ
508 198 566 223 ἐστι
593 197 662 223 κατὰ
676 197 821 232 διάμετρον
838 196 878 231 τῷ

940 196 971 222 iit
992 197 1025 223 ad
1043 196 1190 226 Cancrum,
1211 196 1258 230 qui
1281 203 1295 222 a
1319 195 1485 230 Capricorno
1501 199 1555 222 tota
1578 195 1711 222 diametro

90 245 277 280 Δίγοκέρωτι,
306 243 366 269 τότε
395 243 507 278 πλησίον
528 243 605 278 ἡμῶν
621 243 693 274 ἐστι,
715 244 761 269 καὶ
783 243 876 278 καῦμα

91 291 161 317 πολὺ
175 291 240 325 παρ’
255 291 330 325 ἡμῖν.
352 290 380 316 '0
399 290 428 315 δὲ
442 289 578 325 Καρκίνος
593 289 647 316 τῶν
663 289 695 324 ιβ’
715 289 818 321 ζωδίων
834 289 877 323 βο-

92 336 230 372 ρειότερός
245 337 314 362 ἐστι.
334 336 418 370 Δῆλον
434 334 492 367 οὖν,
505 337 546 362 ὅτι
561 336 610 370 τὴν
629 335 731 371 βόρειον
750 335 877 371 οἰκοῦμεν

91 383 192 418 ζώνην.
202 383 245 408 Ἐν
261 381 315 417 γὰρ
330 381 455 417 Καρκίνῳ
466 381 609 416 γενόμενος
621 383 635 408 ὁ
649 382 724 417 ἥλιος
735 381 877 417 ἀριστερὸς

91 429 172 464 ἡμῶν
188 428 338 462 ἀνατέλλει,
357 428 406 463 τὴν
422 427 500 454 σκιὰν
520 427 600 463 ἡμῶν
616 429 657 459 εἰς
671 427 705 454 τὰ
719 427 793 460 δεξιά
808 428 876 463 μέρη

93 474 208 501 κλίνων·
231 474 245 500 ὃ
268 474 325 499 ἐστι
347 473 459 508 σημεῖον
478 472 593 508 ἐναργὲς
613 472 661 499 τοῦ
678 472 754 507 ἡμᾶς
776 471 879 505 δεξιοὺς

92 516 166 546 εἶναι
188 518 235 545 τοῦ
257 518 342 554 ὴλίου.
358 518 390 544 Εἰ
407 517 461 553 γάρ
475 526 517 550 τις
545 516 640 552 λύχνον
663 517 734 552 ἅψας
754 518 782 543 ἐν
805 517 879 552 μέσῳ

92 566 244 601 οἰκήματος
258 564 329 600 θείη,
341 564 370 590 ὲν
384 563 458 599 δεξιᾷ
468 563 496 589 δὲ
512 563 594 590 αὑτοῦ
608 563 685 598 σταίη
696 571 702 577 ·
717 563 747 589 τὸ
760 562 879 598 σκίασμα

93 610 142 636 τοῦ
159 609 275 642 ἑστῶτος
290 610 320 636 οὐ
339 609 407 645 πρὸς
430 609 474 636 τὸν
491 609 603 644 λύχνον,
624 608 681 635 ἀλλ’
698 609 727 635 ἐν
744 608 820 643 δεξιᾷ
831 607 879 634 τοῦ

93 655 238 692 ἀνθρώπου
251 654 390 691 τρέψεται.
408 655 439 681 Εἰ
454 655 542 681 τοίνυν
558 654 605 681 καὶ
619 653 698 689 ἡμῶν
717 654 744 679 αἱ
762 653 836 680 σκιαὶ
852 654 880 679 ὲν

92 702 170 737 δεξιᾷ
183 701 261 737 ἡμῶν
275 701 404 735 γίνονται,
414 700 501 735 δῆλον,
510 700 550 726 ὅτι
563 699 705 736 ἀριστερὸς
715 699 793 735 ήμιῖιν
807 699 880 725 ἐστιν

93 748 110 774 ὁ
123 747 209 782 ἥλιος.
223 746 368 773 ’Δνάπαλιν
379 746 407 773 δὲ
423 747 479 778 τοῖς
495 748 523 773 ὲν
534 747 566 781 τῇ
579 745 657 780 νοτίῳ
672 745 746 781 ζώνῃ
761 744 880 771 οἰκοῦσιν

93 794 124 819 ἐν
143 793 218 827 δεξιᾷ
238 793 287 828 μὲν
305 792 377 819 ἔστιν
397 793 411 819 ὁ
425 792 509 828 ἥλιος·
526 793 554 818 ὲν
573 793 704 828 ἀριστερᾷ
716 792 743 818 δὲ
758 791 846 818 αὐτῶν
862 792 879 826 ὴ

94 839 163 866 σκιά
173 838 241 875 πρὸς
252 839 326 866 νότον
340 838 522 874 ἐκπέμπεται.
531 838 622 869 Οὕτως
635 836 681 864 οὖν
692 837 881 864 ἀποδείκνυται

92 886 170 920 ἡμᾶς
189 884 238 920 τὴν
255 884 357 921 βόρειον
378 884 465 920 ζώνην
481 884 530 919 τὴν
550 883 680 919 εὔκρατον
696 884 790 910 οἰκεῖν,
804 883 882 914 Τινὲς
897 876 918 903 Β

93 930 125 957 δὲ
146 930 193 957 καὶ
216 930 302 958 ταῦτα
318 931 382 966 περὶ
398 930 451 957 τῶν
468 929 560 962 ζωνῶν
576 931 711 966 εἰρήκασι.
727 928 813 956 Ζῶναί
830 929 882 954 εἰσι

94 977 146 1012 τῆς
169 977 220 1012 γῆς
236 977 288 1003 ὑπὸ
308 978 370 1008 τοὺς
395 975 582 1011 παραλλήλους
603 975 703 1010 ὁμοίως
722 974 818 1000 πέντε·
839 972 883 1008 βό-

95 1031 180 1058 ρειος,
189 1022 235 1058 ὅλη
251 1022 394 1058 μετέωρος,
408 1021 542 1056 ἀοίκητος,
556 1018 882 1055 κατεψυγμένη,Κρόνου,

94 1069 251 1104 ἑξηκοστῶν
269 1069 318 1104 μὲν
329 1072 367 1100 ς’,
381 1068 494 1094 σταδίων
508 1067 536 1093 δὲ
548 1066 698 1101 δισμυρίων
713 1068 756 1100 ,ω’
766 1073 772 1080 ·
785 1065 816 1090 τὸ
829 1063 883 1099 γὰρ

95 1115 242 1151 ἑξηκοστὸν
261 1115 376 1141 σταδίων
392 1114 449 1140 ἐστὶ
465 1113 519 1148 Ιὅστ’,
537 1112 639 1148 θερινὴ,
657 1111 768 1137 πλείονα
786 1110 884 1145 ἔχουσα

95 1162 131 1188 τὰ
154 1162 223 1197 ὑπὲρ
242 1161 287 1188 τὸν
305 1160 447 1196 ὁρίζοντςν
463 1159 605 1195 εὔκρατος,
622 1160 650 1186 ἐν
700 1159 773 1184 ἐστιν
793 1158 809 1192 ὴ
823 1156 884 1183 καθ’

95 1208 172 1243 ἡμᾶς
189 1206 334 1242 οἰκουμένη
346 1215 352 1222 ·
365 1206 435 1238 Διὸς,
450 1204 604 1241 ὲξηκοστῶν
616 1207 646 1235 ε’,
660 1203 773 1230 σταδίων
783 1203 812 1229 δὲ
827 1202 883 1228 δισ-

96 1253 202 1288 μυρίων
224 1253 270 1279 καὶ
282 1261 325 1287 ,α·
350 1251 511 1287 ἱστιμερινὴ,
541 1250 598 1277 τσον
628 1249 728 1285 ἔχουσα
746 1248 792 1275 τὸν
814 1247 885 1283 ὑπὲρ

95 1299 149 1334 γῆς
162 1298 286 1333 ὁρίζοντα
299 1297 338 1333 τῷ
349 1297 394 1324 ὑπ’
407 1297 491 1324 αὐτόν
501 1305 508 1311 ·
521 1295 658 1330 ἀοίκητος,
668 1293 867 1328 διακεκαυμένη
876 1301 884 1307 ”

98 1345 209 1380 Ἄρεος,
230 1343 383 1379 ἐξηκοστῶν
401 1343 448 1378 μὲν
466 1346 502 1377 η’,
526 1342 556 1375 ἐξ
575 1340 704 1377 ἑκατέρου
727 1339 825 1376 μᾶρους
839 1338 885 1365 τοῦ

98 1391 259 1426 ἰσημερινοῦ
281 1390 435 1426 τεσσάρων·
462 1385 538 1421 οὗτος
567 1388 621 1425 γὰρ
643 1387 727 1423 αὐτὴν
749 1386 813 1422 ὅλην
837 1385 887 1422 τὴν

97 1438 218 1473 σφαῖραν
236 1437 328 1473 τέμνει
355 1437 454 1472 μέσην·
477 1435 590 1462 σταδίων
608 1435 637 1461 δὲ
655 1433 824 1470 τρισμυρίων
839 1433 887 1459 καὶ

96 1487 148 1521 ⁴γχ¹
159 1493 165 1498 -
185 1483 338 1519 χειμερινὴ,
353 1482 488 1510 ἀνάπαλιν
500 1483 533 1517 τῇ
550 1481 656 1517 θερινῇ,
677 1481 769 1507 πλεῖον
788 1480 888 1515 ἔχουσα

95 1531 129 1557 τὸ
144 1530 198 1556 ὑπὸ
218 1530 264 1556 τὸν
285 1529 419 1565 ὁρίζοντα,
438 1528 600 1564 οἰκουμένη,
618 1526 764 1573 εὔκρατος·
788 1526 886 1573 ’ᾼφρο-
901 1545 921 1573 C

97 1576 187 1611 δίτης,
203 1574 357 1612 ἐξηκοστῶν
374 1575 406 1607 ε’,
427 1573 540 1601 σταδίων
555 1573 583 1600 δὲ
608 1572 759 1608 δισμυρίων
773 1571 820 1598 καὶ
845 1579 886 1607 ,α-

97 1623 199 1656 νότιος,
210 1623 259 1658 ὅλη
272 1621 385 1657 ἀφανὴς,
399 1621 533 1656 ἀοίκητος,
553 1619 746 1654 κατεψυγμένη
754 1627 761 1635 υ
774 1617 887 1654 Ἑρμοῦ,

99 1668 260 1705 ιξηκοστῶν
281 1668 331 1704 μὲν
347 1671 385 1700 ς’,
410 1666 524 1694 σταδίων
549 1666 578 1692 δὲ
600 1664 750 1701 δισμυρίων
764 1667 819 1700 ,εο-’.
844 1664 888 1696 Ὧς

97 1713 174 1742 εἶναι
199 1715 230 1741 τὸ
253 1714 324 1749 ὑπὲρ
346 1713 393 1740 τὸν
419 1712 546 1749 ὁρίζοντα
572 1711 738 1747 περίμετρον
762 1711 813 1747 τῆς
837 1711 890 1746 γῆς

99 1760 258 1798 ὲξηκοστῶν
277 1760 327 1796 μὲν
347 1760 505 1795 τριάκοντα,
526 1758 640 1786 σταδίων
658 1758 688 1785 δὲ
704 1757 842 1794 μυριάδων
856 1757 889 1792 ιβ’

98 1808 150 1835 καὶ
162 1816 201 1842 ,ς.
223 1805 374 1833 Καλοῦνται
386 1806 415 1832 δὲ
429 1806 454 1832 οἱ
466 1805 516 1840 μὲν
534 1804 580 1831 ἐπὶ
592 1803 639 1830 τοῦ
654 1803 736 1830 αὐτοῦ
757 1804 890 1839 ἡμισφαι-

101 1854 163 1890 ρίου
175 1853 274 1888 βόρειοί
284 1861 313 1879 τε
325 1852 372 1879 καὶ
384 1851 465 1878 νότιοι
477 1850 667 1881 κατοικοῦντες
683 1849 842 1885 αὐτόχθονες
851 1849 872 1865 ⁵⁸
882 1858 888 1864 ·

99 1900 126 1927 οἱ
139 1900 163 1926 δ’
175 1899 218 1934 ἐφ’
233 1899 351 1934 ἑκάτερα
367 1897 421 1924 τῶν
438 1896 624 1933 ἡμισφαιρίων
642 1895 712 1931 ὑπὲρ
729 1895 780 1931 γῆς
793 1904 824 1922 τε
844 1895 892 1922 καὶ

101 1946 158 1973 ὑπὸ
172 1945 235 1980 γῆν,
253 1944 404 1976 ἀντίποδες,

930 243 1032 274 distat,
1061 242 1280 277 appropinquare
1308 242 1399 274 nobis,
1426 250 1457 269 ac
1483 250 1619 270 summum
1639 242 1710 277 apud

929 296 980 316 nos
993 291 1090 315 aestum
1109 289 1251 315 exsistere.
1272 288 1306 314 At
1328 288 1432 316 Cancer
1452 289 1593 316 duodecim
1619 290 1712 325 signo-

928 344 989 363 rum
1009 335 1127 362 maxime
1141 335 1258 362 borealis
1273 338 1325 362 est.
1341 334 1518 369 Perspicuum
1532 341 1572 363 est
1586 344 1650 371 ergo
1668 337 1713 364 bo-

930 381 1030 408 realem
1047 388 1062 407 a
1078 380 1157 407 nobis
1171 387 1268 407 zonam
1289 379 1381 407 incoli.
1395 380 1461 407 Nam
1479 381 1519 407 sol
1539 388 1599 408 cum
1616 386 1658 409 est
1684 383 1712 409 in

932 428 1041 455 Cancro
1061 427 1172 454 sinister
1195 427 1276 454 nobis
1296 427 1396 459 oritur,
1415 427 1544 455 umbram
1567 436 1644 455 suam
1666 429 1713 457 lle-

930 476 1008 501 ctens
1026 473 1058 500 ad
1084 473 1235 500 dexteram.
1269 472 1346 505 Quod
1375 477 1536 507 argumento
1551 479 1592 501 est
1607 482 1657 501 nos
1679 475 1712 501 ad

933 518 1058 546 dextram
1078 519 1210 546 obversos
1232 526 1293 546 esse
1313 519 1374 547 soli.
1398 519 1502 546 Etenim
1515 519 1537 547 si
1552 519 1613 554 quis
1627 520 1715 547 lucer-

931 572 993 592 nam
1007 564 1160 592 accendens
1174 565 1262 592 media
1278 565 1303 592 in
1320 565 1401 592 domo
1420 566 1545 598 collocet,
1560 570 1586 593 et
1597 566 1630 592 ad
1649 566 1714 593 dex-

932 612 1001 636 tram
1021 608 1082 643 ejus
1099 613 1161 642 stet,
1180 609 1282 638 stantis
1309 610 1394 645 ipsius
1423 611 1519 638 umbra
1538 618 1591 637 non
1616 611 1648 639 ad
1673 612 1715 638 lu-

931 661 1052 687 cernam,
1074 655 1120 682 sed
1139 655 1171 682 ad
1192 655 1314 682 dextram
1329 655 1448 683 hominis
1465 656 1565 684 tendet.
1581 656 1715 689 Quocirca

931 707 993 727 cum
1016 701 1118 727 umbra:
1134 709 1280 736 corporum
1297 705 1454 730 nostrorum
1471 702 1571 729 dextrae
1591 702 1646 730 sint
1672 711 1715 730 no-

931 746 984 778 bis,
1010 746 1186 774 manifestum
1207 751 1248 774 est
1264 747 1406 774 sinistrum
1429 754 1538 782 quoque
1552 747 1631 774 nobis
1654 755 1715 775 esse

932 793 1027 820 solem.
1048 792 1069 818 E
1100 793 1240 820 contrario
1263 801 1328 820 vero
1347 793 1392 825 iis,
1406 794 1452 828 qui
1468 793 1494 820 in
1514 794 1626 821 australi
1647 802 1716 821 zona

932 839 1045 874 degunt,
1061 839 1101 866 sol
1115 839 1211 866 dexter
1231 843 1273 866 est
1287 848 1293 872 ;
1320 839 1353 865 ad
1370 839 1509 866 sinistram
1524 848 1589 868 vero
1607 841 1715 868 illorum

934 884 1030 912 umbra
1055 884 1155 919 jacilur
1172 884 1312 911 meridiem
1334 893 1441 912 versus.
1469 885 1524 912 llac
1550 886 1654 913 ratione
1669 886 1717 914 de-

934 934 1102 957 monstratur
1118 938 1171 957 nos
1186 930 1214 957 in
1227 934 1375 965 temperata
1391 938 1459 957 zona
1474 931 1582 966 degere.
1601 931 1716 964 Quidam

933 977 1014 1003 etiam
1028 976 1062 1004 de
1077 977 1154 1003 zonis
1170 976 1221 1003 ista
1236 976 1415 1011 scripserunt.
1430 975 1511 1003 Zonze
1529 981 1592 1004 sunt
1607 977 1632 1003 in
1645 981 1718 1004 terra

934 1023 987 1050 sub
1006 1023 1144 1058 parallelis
1164 1022 1292 1050 similiter
1304 1023 1426 1058 quinque
1443 1033 1449 1050 :
1466 1023 1562 1054 Borea,
1581 1026 1635 1050 tota
1649 1024 1716 1051 sub-

935 1070 1018 1102 limis,
1033 1069 1232 1100 inhabitabilis,
1256 1069 1369 1104 frigida;
1389 1068 1528 1102 Saturnia,
1553 1071 1719 1104 sexagesima

935 1116 1066 1150 scrupula
1084 1123 1130 1143 sex
1144 1119 1251 1150 patens,
1269 1123 1330 1149 qua:
1349 1119 1414 1142 sunt
1429 1115 1516 1142 stadia
1536 1114 1634 1142 25200.
1652 1114 1718 1141 Nam

936 1161 1094 1196 scrupulum
1122 1169 1206 1188 unum
1233 1161 1329 1188 stadiis
1358 1164 1464 1187 constat
1485 1159 1563 1187 1200.
1589 1159 1694 1187 Estiva
1711 1179 1718 1191 ,

936 1208 1018 1243 cujus
1040 1207 1235 1242 parallelorum
1259 1213 1341 1241 supra
1361 1206 1528 1233 horizontem
1549 1205 1653 1232 minora
1676 1213 1720 1232 se—

936 1257 1045 1290 gmenta
1063 1257 1140 1282 sunt.
1153 1253 1325 1289 Tcmperata,
1342 1254 1369 1280 in
1384 1261 1436 1288 qua
1453 1253 1521 1281 situs
1532 1257 1574 1280 est
1585 1253 1658 1279 orbis
1672 1260 1721 1279 no-

937 1304 1004 1333 ster,
1022 1300 1055 1328 ad
1071 1299 1163 1328 Jovem
1181 1300 1320 1335 pertinens
1336 1308 1396 1334 qua:
1415 1300 1441 1327 in
1457 1299 1623 1335 sexagesima
1638 1298 1720 1334 quiu-

937 1354 990 1382 que
1012 1346 1176 1382 porrigitur;
1193 1346 1279 1374 stadia
1293 1345 1390 1373 2l000.
1404 1345 1624 1381 1Equinoctialis,
1642 1345 1722 1379 cujus

937 1392 1050 1419 horizon
1067 1392 1198 1427 :cqualem
1215 1391 1279 1418 facit
1296 1391 1367 1419 infra
1391 1399 1528 1427 supraque
1545 1391 1695 1427 portionem
1714 1401 1720 1417 :

938 1437 1137 1469 inhabitabilis,
1161 1438 1283 1465 torrida:
1300 1438 1390 1465 dicata
1404 1437 1498 1472 Marti;
1521 1446 1581 1473 quae
1594 1438 1723 1473 serupula

939 1488 1002 1511 octo
1021 1487 1105 1516 tenet,
1127 1483 1180 1510 hoc
1200 1487 1242 1511 est
1261 1483 1388 1519 utrinque
1405 1484 1439 1511 ab
1456 1484 1639 1519 aequinoctiali
1656 1491 1724 1518 qua-

939 1535 1010 1557 tuor.
1031 1529 1080 1556 Hic
1100 1529 1172 1556 enim
1192 1530 1325 1565 sphaeram
1343 1534 1426 1557 totam
1444 1530 1471 1557 in
1488 1529 1577 1557 medio
1595 1530 1722 1564 partitur.

940 1573 989 1602 Est
999 1578 1089 1602 autem
1105 1574 1254 1602 stadiorum
1269 1574 1367 1602 55600.
1385 1574 1524 1607 lliemalis,
1536 1580 1630 1602 contra
1642 1582 1724 1610 quam

941 1620 1035 1648 aestiva
1059 1620 1191 1654 majorem
1217 1619 1268 1647 sub
1296 1620 1438 1648 borizonte
1464 1622 1614 1654 portionem
1640 1621 1725 1649 relin-

940 1674 1047 1701 quens;
1073 1665 1195 1693 habitata
1217 1669 1384 1700 temperata,
1410 1667 1539 1693 attributa
1562 1665 1680 1699 Veneri;
1698 1666 1726 1693 in

941 1712 1110 1748 sexagesima
1122 1713 1242 1748 quinque
1252 1712 1348 1740 dilTusa
1359 1723 1365 1740 :
1378 1720 1441 1748 qua:
1452 1717 1515 1740 sunt
1529 1712 1616 1740 stadia
1627 1711 1726 1739 21000.

942 1758 1081 1786 Australis
1095 1766 1148 1786 non
1168 1766 1307 1794 apparens
1318 1759 1431 1786 omnino
1450 1759 1646 1791 inhabitabilis,
1673 1759 1726 1785 fri-

943 1810 1009 1839 gore
1028 1803 1134 1838 rigens;
1161 1804 1290 1831 Mercurii
1312 1804 1469 1839 peculiaris,
1494 1805 1662 1839 sexagesima
1679 1813 1728 1833 sex

944 1849 1071 1876 obtinens
1088 1858 1095 1875 :
1113 1856 1174 1883 qua:
1200 1849 1288 1877 stadia
1303 1849 1406 1876 faciunt
1418 1849 1516 1877 25200.
1542 1849 1579 1876 lla
1597 1849 1728 1878 dimidius

946 1902 1029 1930 supra
1047 1895 1216 1923 horizontem
1237 1895 1357 1924 ambitus
1377 1900 1455 1923 terrae
1475 1896 1603 1930 scrupula
1625 1896 1729 1931 colligit

946 1941 1069 1985 tri-ginta,
1083 1941 1172 1968 stadia
1190 1941 1304 1985 126000.
1321 1941 1408 1968 Porro
1422 1941 1468 1976 qui
1485 1942 1513 1968 in
1530 1941 1625 1968 eodem
1642 1942 1729 1969 hemi-

100 1993 224 2028 sphaerio
247 1992 311 2019 hinc
338 1991 372 2019 ad
400 1990 611 2026 septentriones,
638 1989 702 2017 inde
730 1988 764 2016 ad
784 1988 924 2016 meridiem
950 1981 1084 2024 habitant,
1111 1981 1305 2017 antichlhones
1333 1992 1484 2022 vocantur;
1511 1989 1558 2023 qui
1584 1992 1675 2015 autem
1701 1988 1729 2015 in

101 2041 222 2070 diversis
233 2039 430 2075 hemisphazriis
444 2047 526 2074 supra
535 2038 660 2073 infraque
667 2041 779 2068 terram,
790 2036 934 2071 antipodes

123 2102 196 2136 Περὶ
208 2100 268 2128 τῶν
279 2101 314 2128 ἐν
329 2100 394 2133 ταῖς
409 2100 565 2134 εὐκράτως
579 2098 682 2131 ζώναις
702 2098 876 2124 οἰκούντων.

140 2159 175 2185 λ’.
190 2157 251 2184 Τῶν
267 2157 296 2183 δὲ
310 2157 340 2183 ἐν
352 2157 413 2187 ταῖς
429 2155 504 2182 δυσὶν
517 2154 660 2190 εὐκράτοις
675 2153 774 2185 ζώναις
788 2153 894 2180 οἰκούν-

1051 2096 1090 2124 De
1105 2096 1146 2124 his
1161 2097 1206 2131 qui
1229 2099 1388 2130 temperatas
1407 2103 1487 2122 zonas
1502 2094 1632 2121 incolunt.

981 2144 1025 2172 50.
1040 2145 1092 2179 Qui
1108 2145 1135 2172 in
1150 2143 1305 2178 temperatis
1319 2143 1426 2170 duabus
1442 2142 1574 2174 habitant,
1584 2140 1733 2175 horum,ut

101 2214 171 2237 των,
183 2205 227 2232 ἴνα
240 2186 410 2239 σαφέστερον
421 2186 608 2237 διέλωμενίοί
623 2201 672 2235 μέν
685 2201 738 2227 εἰσι
752 2200 885 2236 περίοικοι

952 2191 1112 2219 distinctius
1128 2191 1309 2226 explicemus,
1326 2189 1372 2216 alii
1395 2188 1506 2228 perimci
1521 2191 1671 2219 vocantur;
1686 2186 1734 2215 alii

103 2252 131 2277 οἰ
147 2251 177 2277 δὲ
193 2250 322 2281 ἄντοικοι,
337 2249 360 2275 οἱ
376 2248 404 2274 δὲ
419 2247 581 2282 ἀντίχθονες,
595 2247 620 2273 οῖ
631 2246 659 2273 δὲ
672 2246 813 2277 ἀντίποδες
824 2254 831 2260 ·
850 2254 898 2271 πε-

105 2297 207 2333 ρίοικοι
223 2296 283 2331 μὲν,
301 2296 357 2322 ὅσοι
368 2294 417 2330 τὴν
436 2293 520 2329 αὐτὴν
534 2294 640 2328 οἴκησιν
651 2292 785 2319 οἰκοῦσιν·
803 2291 859 2319 οἷον
873 2292 899 2318 οἱ

103 2344 159 2379 τὴν
179 2342 283 2377 βόρειον
299 2341 438 2372 οἰκοῦντες
457 2339 591 2376 περίοικοί
605 2340 675 2366 εἰσιν
691 2339 830 2374 ἀλλήλοις·
851 2337 899 2365 καὶ

106 2388 191 2414 »πάλιν
204 2388 227 2413 οἰ
246 2387 296 2421 τὴν
312 2387 398 2414 νότιον
413 2385 548 2420 περίοικοί
565 2386 633 2411 εἰσιν
651 2383 792 2420 ἀλλήλοις·
812 2383 899 2410 ἄντοι-

107 2443 153 2461 χοι
165 2433 193 2460 δὲ
206 2433 231 2459 οἱ
245 2432 293 2468 τὴν
305 2432 391 2458 νότιον
404 2430 541 2462 οἰκοῦντες
551 2431 608 2461 τοῖς
616 2430 664 2465 τὴν
680 2428 784 2465 βόρειον
795 2428 899 2455 οἰκοῦσι

107 2478 210 2513 ζώνην.
224 2478 280 2504 Καὶ
301 2476 497 2511 ἀντοικουμένη
518 2475 592 2501 ἐστὶν
605 2476 622 2510 ἡ
645 2474 747 2510 βόρειος
763 2475 796 2509 τῇ
811 2473 898 2507 νοτίῳ,

109 2525 159 2552 καὶ
180 2524 297 2559 ὴνότιος
314 2524 346 2558 τῇ
364 2522 462 2558 βορείῳ
473 2530 480 2536 ⁸
496 2520 652 2556 ἀντίχθονες
672 2520 700 2546 δὲ
712 2520 737 2545 οἱ
757 2518 827 2545 κατὰ
845 2517 902 2544 διά-

111 2578 214 2606 μετρον
229 2569 258 2595 ἐν
271 2569 332 2599 ταῖς
342 2568 450 2603 ὁμοίαις
465 2566 563 2598 ζώναις
577 2564 732 2596 οἰκοῦντες·
748 2561 802 2590 οἷον
824 2563 854 2589 ὲν
867 2563 901 2598 τῇ

109 2615 212 2652 βορείῳ
224 2616 252 2641 ὲν
266 2614 305 2649 τῷ
325 2614 394 2650 ὑπὲρ
408 2614 460 2648 γῆς
478 2611 662 2648 ἡμισφαιρίῳ⁸
684 2610 784 2645 ὁμοίως
808 2609 836 2635 δὲ
856 2609 902 2634 καὶ

107 2663 139 2688 ὲν
156 2661 196 2696 τῷ
213 2660 303 2695 νοτίῳ.
317 2660 470 2691 Ἀντίποδες
480 2660 508 2685 δὲ
523 2660 545 2685 οἰ
561 2657 630 2684 κατὰ
644 2657 787 2691 διάμετρον
797 2656 825 2681 ὲν
841 2655 900 2685 ταῖς

108 2706 247 2737 ὲναντίαις
261 2705 360 2737 ζώναις
376 2704 513 2736 οἰκοῦντες
523 2712 529 2719 ·
549 2703 604 2730 οἷον
617 2703 670 2730 τῶν
689 2702 758 2737 πρὸς
771 2699 810 2736 τῷ
826 2701 900 2735 Καρ-

109 2753 181 2788 κίνῳ
197 2750 344 2778 οἰκούντων
362 2751 501 2783 ἀντίποδές
515 2751 584 2777 εἰσιν
604 2750 627 2776 οἰ
644 2749 712 2784 πρὸς
732 2747 771 2782 τῷ
784 2746 896 2780 Δίγοκέ-

150 2846 174 2863 ιδ
187 2846 252 2882 Ley.
266 2844 430 2880 ἀντίχθονες.

953 2238 1076 2271 ιιιιιωοίς
1095 2237 1141 2264 alii
1159 2235 1370 2269 antichthones;
1389 2235 1434 2262 alii
1449 2234 1601 2269 antipodes.
1618 2233 1735 2261 Ροτὶωεί

953 2287 1018 2311 sunt
1033 2283 1079 2318 qui
1093 2283 1217 2311 eamdem
1237 2282 1434 2317 habitationem
1452 2281 1586 2308 incolunt.
1610 2279 1734 2313 Exempli

950 2339 1045 2365 causa,
1056 2331 1104 2367 qui
1120 2331 1258 2359 borealem
1275 2338 1372 2358 zonam
1388 2334 1532 2364 occupant,
1544 2328 1655 2363 perimci
1672 2330 1737 2354 sunt

951 2378 1078 2406 invicem.
1098 2377 1205 2404 Antmci
1220 2381 1285 2405 sunt
1299 2384 1375 2404 zona:
1390 2376 1518 2404 australis
1531 2375 1627 2402 incolae
1641 2373 1731 2400 borea-

952 2424 1024 2451 libus
1047 2433 1053 2450 :
1086 2427 1181 2458 estque
1201 2422 1315 2449 australi
1337 2422 1461 2457 opposita
1490 2420 1608 2447 borealis
1627 2418 1734 2445 habita-

953 2470 1009 2502 tio,
1028 2473 1055 2497 et
1080 2469 1209 2496 australis
1231 2468 1351 2495 boreali.
1375 2467 1431 2502 90
1456 2466 1654 2494 Antichthones
1673 2466 1737 2490 sunt

954 2516 1001 2550 qui
1015 2523 1049 2542 ex
1065 2515 1202 2542 diametro
1215 2514 1352 2542 similibus
1371 2514 1398 2540 in
1419 2513 1495 2540 zonis
1515 2513 1648 2542 habitant,
1663 2509 1738 2536 velut

954 2561 1000 2596 qui
1023 2561 1051 2588 in
1072 2561 1174 2588 boreali
1194 2559 1345 2595 superioris
1369 2558 1552 2593 hemisphaerii
1575 2556 1687 2590 degunt,
1710 2558 1738 2581 et

954 2607 1001 2642 qui
1028 2607 1055 2634 in
1085 2607 1211 2633 australi.
1238 2606 1390 2640 Antipodes
1407 2608 1470 2632 sunt
1490 2603 1535 2638 qui
1552 2603 1578 2629 in
1599 2601 1675 2628 zonis
1689 2607 1739 2635 op~

957 2652 1056 2688 positis
1071 2660 1103 2679 ex
1131 2652 1265 2678 diametro
1288 2651 1332 2678 siti
1348 2653 1422 2677 sunt.
1454 2649 1492 2675 ita
1510 2648 1555 2682 qui
1578 2646 1628 2673 sub
1643 2644 1739 2679 Capri-

955 2707 1043 2726 corno
1062 2703 1207 2726 versantur
1218 2706 1311 2725 eorum
1328 2701 1391 2724 sunt
1406 2694 1558 2729 antipodes,
1572 2692 1618 2727 qui
1633 2691 1736 2717 Cancro

956 2745 1108 2780 subiacent.
1130 2745 1212 2780 Igitur
1226 2743 1337 2779 perimci
1355 2747 1448 2769 noctes
1463 2747 1493 2766 ac
1509 2738 1578 2770 dies,
1593 2741 1619 2764 ct
1633 2739 1734 2766 annuat:
