  <div class='ocr_page' id='page_1' title='image "/cluster/home/n/w/nwhite01/storage/ocr_20150623/19/njp.32101077772463/569.png"; bbox 0 0 1913 3136; ppageno 0'>
   <div class='ocr_carea' id='block_1_1' title="bbox 200 157 252 186">
    <p class='ocr_par' dir='ltr' id='par_1_1' title="bbox 200 157 252 186">
     <span class='ocr_line' id='line_1_1' title="bbox 200 157 252 186; baseline 0.019 -1"><span class='ocrx_word' id='word_1_1' title='bbox 200 157 252 186; x_wconf 77' lang='lat'><strong>985</strong></span> 
     </span>
    </p>
   </div>
   <div class='ocr_carea' id='block_1_2' title="bbox 709 159 1312 188">
    <p class='ocr_par' dir='ltr' id='par_1_2' title="bbox 709 159 1312 188">
     <span class='ocr_line' id='line_1_2' title="bbox 709 159 1312 188; baseline 0.002 -1"><span class='ocrx_word' id='word_1_2' title='bbox 709 159 757 187; x_wconf 73' lang='lat' dir='ltr'><strong>Al}</strong></span> <span class='ocrx_word' id='word_1_3' title='bbox 770 159 904 188; x_wconf 79' lang='lat' dir='ltr'><strong>EUSEBH</strong></span> <span class='ocrx_word' id='word_1_4' title='bbox 920 160 1115 188; x_wconf 76' lang='lat' dir='ltr'><strong>CHRONICON</strong></span> <span class='ocrx_word' id='word_1_5' title='bbox 1132 160 1312 188; x_wconf 78' lang='lat' dir='ltr'><strong>APPENDIX.</strong></span> 
     </span>
    </p>
   </div>
   <div class='ocr_carea' id='block_1_3' title="bbox 1776 159 1830 188">
    <p class='ocr_par' dir='ltr' id='par_1_3' title="bbox 1776 159 1830 188">
     <span class='ocr_line' id='line_1_3' title="bbox 1776 159 1830 188; baseline 0 0"><span class='ocrx_word' id='word_1_6' title='bbox 1776 159 1830 188; x_wconf 62' lang='grc' dir='ltr'>ρει</span> 
     </span>
    </p>
   </div>
   <div class='ocr_carea' id='block_1_4' title="bbox 203 216 992 256">
    <p class='ocr_par' dir='ltr' id='par_1_4' title="bbox 203 216 985 252">
     <span class='ocr_line' id='line_1_4' title="bbox 203 216 985 252; baseline 0.003 -8"><span class='ocrx_word' id='word_1_7' title='bbox 203 220 381 252; x_wconf 85' lang='lat' dir='ltr'><strong>tempestates</strong></span> <span class='ocrx_word' id='word_1_8' title='bbox 398 216 500 245; x_wconf 86' lang='lat' dir='ltr'><strong>habent</strong></span> <span class='ocrx_word' id='word_1_9' title='bbox 515 217 636 245; x_wconf 85' lang='lat' dir='ltr'><strong>easdem.</strong></span> <span class='ocrx_word' id='word_1_10' title='bbox 653 217 761 245; x_wconf 82' lang='lat' dir='ltr'><strong>Antoeci</strong></span> <span class='ocrx_word' id='word_1_11' title='bbox 775 218 897 246; x_wconf 80' lang='lat' dir='ltr'><strong>eamdem</strong></span> <span class='ocrx_word' id='word_1_12' title='bbox 915 219 985 246; x_wconf 86' lang='lat' dir='ltr'><strong>invi-</strong></span> 
     </span>
    </p>
   </div>
   <div class='ocr_carea' id='block_1_5' title="bbox 1048 216 1830 256">
    <p class='ocr_par' dir='ltr' id='par_1_5' title="bbox 1048 216 1830 256">
     <span class='ocr_line' id='line_1_5' title="bbox 1048 216 1830 256; baseline -0.005 -9"><span class='ocrx_word' id='word_1_13' title='bbox 1048 229 1118 255; x_wconf 59' lang='lat' dir='ltr'><strong>sum.</strong></span> <span class='ocrx_word' id='word_1_14' title='bbox 1129 221 1161 247; x_wconf 84' lang='grc' dir='ltr'>Οἱ</span> <span class='ocrx_word' id='word_1_15' title='bbox 1183 220 1232 256; x_wconf 81' lang='grc' dir='ltr'>μὲν</span> <span class='ocrx_word' id='word_1_16' title='bbox 1251 218 1298 246; x_wconf 77' lang='grc' dir='ltr'>οὖν</span> <span class='ocrx_word' id='word_1_17' title='bbox 1321 218 1454 254; x_wconf 79' lang='grc' dir='ltr'>περίοικοι</span> <span class='ocrx_word' id='word_1_18' title='bbox 1475 218 1524 254; x_wconf 77' lang='grc' dir='ltr'>τὴν</span> <span class='ocrx_word' id='word_1_19' title='bbox 1545 217 1630 253; x_wconf 72' lang='grc' dir='ltr'>αὐτὴν</span> <span class='ocrx_word' id='word_1_20' title='bbox 1651 216 1762 253; x_wconf 76' lang='grc' dir='ltr'>ἔχουσιν</span> <span class='ocrx_word' id='word_1_21' title='bbox 1784 217 1830 244; x_wconf 82' lang='grc' dir='ltr'>ἀεὶ</span> 
     </span>
    </p>
   </div>
   <div class='ocr_carea' id='block_1_6' title="bbox 201 263 986 297">
    <p class='ocr_par' dir='ltr' id='par_1_6' title="bbox 201 263 986 297">
     <span class='ocr_line' id='line_1_6' title="bbox 201 263 986 297; baseline 0.004 -8"><span class='ocrx_word' id='word_1_22' title='bbox 201 270 261 290; x_wconf 85' lang='lat' dir='ltr'><strong>cem</strong></span> <span class='ocrx_word' id='word_1_23' title='bbox 278 267 384 291; x_wconf 88' lang='lat' dir='ltr'><strong>noctem</strong></span> <span class='ocrx_word' id='word_1_24' title='bbox 405 263 516 297; x_wconf 89' lang='lat' dir='ltr'><strong>habent,</strong></span> <span class='ocrx_word' id='word_1_25' title='bbox 535 268 562 291; x_wconf 90' lang='lat' dir='ltr'><strong>et</strong></span> <span class='ocrx_word' id='word_1_26' title='bbox 575 263 647 291; x_wconf 90' lang='lat' dir='ltr'><strong>diem</strong></span> <span class='ocrx_word' id='word_1_27' title='bbox 665 273 671 290; x_wconf 89' lang='lat'><strong>:</strong></span> <span class='ocrx_word' id='word_1_28' title='bbox 689 265 737 291; x_wconf 87' lang='lat' dir='ltr'><strong>sed</strong></span> <span class='ocrx_word' id='word_1_29' title='bbox 760 264 870 292; x_wconf 87' lang='lat' dir='ltr'><strong>diversa</strong></span> <span class='ocrx_word' id='word_1_30' title='bbox 891 265 986 293; x_wconf 85' lang='lat' dir='ltr'><strong>solsti-</strong></span> 
     </span>
    </p>
   </div>
   <div class='ocr_carea' id='block_1_7' title="bbox 203 308 985 344">
    <p class='ocr_par' dir='ltr' id='par_1_7' title="bbox 203 308 985 344">
     <span class='ocr_line' id='line_1_7' title="bbox 203 308 985 344; baseline 0.004 -8"><span class='ocrx_word' id='word_1_31' title='bbox 203 309 250 336; x_wconf 73' lang='lat' dir='ltr'><strong>tia.</strong></span> <span class='ocrx_word' id='word_1_32' title='bbox 265 308 333 336; x_wconf 84' lang='lat' dir='ltr'><strong>Nam</strong></span> <span class='ocrx_word' id='word_1_33' title='bbox 352 309 392 337; x_wconf 94' lang='lat' dir='ltr'><strong>sol</strong></span> <span class='ocrx_word' id='word_1_34' title='bbox 412 308 440 336; x_wconf 91' lang='lat' dir='ltr'><strong>in</strong></span> <span class='ocrx_word' id='word_1_35' title='bbox 455 309 561 337; x_wconf 83' lang='lat' dir='ltr'><strong>Cancro</strong></span> <span class='ocrx_word' id='word_1_36' title='bbox 575 309 682 344; x_wconf 83' lang='lat' dir='ltr'><strong>positus</strong></span> <span class='ocrx_word' id='word_1_37' title='bbox 702 313 731 337; x_wconf 89' lang='lat' dir='ltr'><strong>ut</strong></span> <span class='ocrx_word' id='word_1_38' title='bbox 751 315 874 338; x_wconf 69' lang='lat' dir='ltr'><strong>aestatem</strong></span> <span class='ocrx_word' id='word_1_39' title='bbox 893 311 985 344; x_wconf 86' lang='lat' dir='ltr'><strong>nobis.</strong></span> 
     </span>
    </p>
   </div>
   <div class='ocr_carea' id='block_1_8' title="bbox 203 355 986 393">
    <p class='ocr_par' dir='ltr' id='par_1_8' title="bbox 203 355 986 393">
     <span class='ocr_line' id='line_1_8' title="bbox 203 355 986 393; baseline 0.003 -11"><span class='ocrx_word' id='word_1_40' title='bbox 203 355 248 390; x_wconf 89' lang='lat' dir='ltr'><strong>qui</strong></span> <span class='ocrx_word' id='word_1_41' title='bbox 265 355 299 382; x_wconf 75' lang='lat' dir='ltr'><strong>ad</strong></span> <span class='ocrx_word' id='word_1_42' title='bbox 320 355 520 390; x_wconf 89' lang='lat' dir='ltr'><strong>septentriones</strong></span> <span class='ocrx_word' id='word_1_43' title='bbox 539 355 715 389; x_wconf 86' lang='lat' dir='ltr'><strong>accedimus;</strong></span> <span class='ocrx_word' id='word_1_44' title='bbox 737 357 777 384; x_wconf 91' lang='lat' dir='ltr'><strong>sic</strong></span> <span class='ocrx_word' id='word_1_45' title='bbox 803 357 869 390; x_wconf 84' lang='lat' dir='ltr'><strong>illis,</strong></span> <span class='ocrx_word' id='word_1_46' title='bbox 887 358 935 393; x_wconf 88' lang='lat' dir='ltr'><strong>qui</strong></span> <span class='ocrx_word' id='word_1_47' title='bbox 952 357 986 385; x_wconf 90' lang='lat' dir='ltr'><strong>ad</strong></span> 
     </span>
    </p>
   </div>
   <div class='ocr_carea' id='block_1_9' title="bbox 202 401 985 436">
    <p class='ocr_par' dir='ltr' id='par_1_9' title="bbox 202 401 985 436">
     <span class='ocr_line' id='line_1_9' title="bbox 202 401 985 436; baseline 0.005 -9"><span class='ocrx_word' id='word_1_48' title='bbox 202 404 324 428; x_wconf 81' lang='lat' dir='ltr'><strong>austrum</strong></span> <span class='ocrx_word' id='word_1_49' title='bbox 342 404 470 436; x_wconf 75' lang='lat' dir='ltr'><strong>vergunt.</strong></span> <span class='ocrx_word' id='word_1_50' title='bbox 495 401 574 428; x_wconf 68' lang='lat' dir='ltr'><strong>affert</strong></span> <span class='ocrx_word' id='word_1_51' title='bbox 593 402 723 430; x_wconf 89' lang='lat' dir='ltr'><strong>hiemem.</strong></span> <span class='ocrx_word' id='word_1_52' title='bbox 752 402 877 430; x_wconf 84' lang='lat' dir='ltr'><strong>Vicissim</strong></span> <span class='ocrx_word' id='word_1_53' title='bbox 895 409 985 431; x_wconf 82' lang='lat' dir='ltr'><strong>autem</strong></span> 
     </span>
    </p>
   </div>
   <div class='ocr_carea' id='block_1_10' title="bbox 203 445 986 483">
    <p class='ocr_par' dir='ltr' id='par_1_10' title="bbox 203 445 986 483">
     <span class='ocr_line' id='line_1_10' title="bbox 203 445 986 483; baseline 0.005 -11"><span class='ocrx_word' id='word_1_54' title='bbox 203 446 236 473; x_wconf 88' lang='lat' dir='ltr'><strong>ad</strong></span> <span class='ocrx_word' id='word_1_55' title='bbox 249 445 446 480; x_wconf 87' lang='lat' dir='ltr'><strong>Capricornum</strong></span> <span class='ocrx_word' id='word_1_56' title='bbox 457 445 565 474; x_wconf 87' lang='lat' dir='ltr'><strong>delatus</strong></span> <span class='ocrx_word' id='word_1_57' title='bbox 579 447 661 474; x_wconf 88' lang='lat' dir='ltr'><strong>nobis</strong></span> <span class='ocrx_word' id='word_1_58' title='bbox 675 447 792 475; x_wconf 82' lang='lat' dir='ltr'><strong>hiemem</strong></span> <span class='ocrx_word' id='word_1_59' title='bbox 806 449 986 483; x_wconf 78' lang='lat' dir='ltr'><strong>septentrioni</strong></span> 
     </span>
    </p>
   </div>
   <div class='ocr_carea' id='block_1_11' title="bbox 202 491 987 529">
    <p class='ocr_par' dir='ltr' id='par_1_11' title="bbox 202 491 987 529">
     <span class='ocr_line' id='line_1_11' title="bbox 202 491 987 529; baseline 0.005 -11"><span class='ocrx_word' id='word_1_60' title='bbox 202 491 464 527; x_wconf 82' lang='lat' dir='ltr'><strong>propinquioribus;</strong></span> <span class='ocrx_word' id='word_1_61' title='bbox 477 493 512 521; x_wconf 88' lang='lat' dir='ltr'><strong>ad</strong></span> <span class='ocrx_word' id='word_1_62' title='bbox 527 497 653 521; x_wconf 88' lang='lat' dir='ltr'><strong>austrum</strong></span> <span class='ocrx_word' id='word_1_63' title='bbox 670 501 736 522; x_wconf 86' lang='lat' dir='ltr'><strong>vero</strong></span> <span class='ocrx_word' id='word_1_64' title='bbox 752 494 849 529; x_wconf 90' lang='lat' dir='ltr'><strong>positis</strong></span> <span class='ocrx_word' id='word_1_65' title='bbox 865 499 987 523; x_wconf 79' lang='lat' dir='ltr'><strong>:estatem</strong></span> 
     </span>
    </p>
   </div>
   <div class='ocr_carea' id='block_1_12' title="bbox 201 537 988 576">
    <p class='ocr_par' dir='ltr' id='par_1_12' title="bbox 201 537 988 576">
     <span class='ocr_line' id='line_1_12' title="bbox 201 537 988 576; baseline 0.004 -11"><span class='ocrx_word' id='word_1_66' title='bbox 201 538 291 566; x_wconf 74' lang='lat' dir='ltr'><strong>edicit.</strong></span> <span class='ocrx_word' id='word_1_67' title='bbox 311 537 430 571; x_wconf 79' lang='lat' dir='ltr'><strong>Rursus,</strong></span> <span class='ocrx_word' id='word_1_68' title='bbox 451 547 515 566; x_wconf 86' lang='lat' dir='ltr'><strong>cum</strong></span> <span class='ocrx_word' id='word_1_69' title='bbox 536 539 591 566; x_wconf 90' lang='lat' dir='ltr'><strong>sint</strong></span> <span class='ocrx_word' id='word_1_70' title='bbox 609 539 774 574; x_wconf 72' lang='lat' dir='ltr'><strong>:equinoctia</strong></span> <span class='ocrx_word' id='word_1_71' title='bbox 795 540 862 574; x_wconf 85' lang='lat' dir='ltr'><strong>duo,</strong></span> <span class='ocrx_word' id='word_1_72' title='bbox 877 541 988 576; x_wconf 84' lang='lat' dir='ltr'><strong>quando</strong></span> 
     </span>
    </p>
   </div>
   <div class='ocr_carea' id='block_1_13' title="bbox 200 584 989 622">
    <p class='ocr_par' dir='ltr' id='par_1_13' title="bbox 200 584 989 622">
     <span class='ocr_line' id='line_1_13' title="bbox 200 584 989 622; baseline 0.003 -11"><span class='ocrx_word' id='word_1_73' title='bbox 200 585 241 611; x_wconf 82' lang='lat' dir='ltr'><strong>sol</strong></span> <span class='ocrx_word' id='word_1_74' title='bbox 258 584 378 612; x_wconf 78' lang='lat' dir='ltr'><strong>Arietem</strong></span> <span class='ocrx_word' id='word_1_75' title='bbox 395 585 494 621; x_wconf 75' lang='lat' dir='ltr'><strong>attigit,</strong></span> <span class='ocrx_word' id='word_1_76' title='bbox 507 585 665 613; x_wconf 84' lang='lat' dir='ltr'><strong>borealibus</strong></span> <span class='ocrx_word' id='word_1_77' title='bbox 678 586 759 613; x_wconf 87' lang='lat' dir='ltr'><strong>nobis</strong></span> <span class='ocrx_word' id='word_1_78' title='bbox 773 593 889 614; x_wconf 83' lang='lat' dir='ltr'><strong>vernum</strong></span> <span class='ocrx_word' id='word_1_79' title='bbox 902 586 989 622; x_wconf 73' lang='lat' dir='ltr'><strong>requi-</strong></span> 
     </span>
    </p>
   </div>
   <div class='ocr_carea' id='block_1_14' title="bbox 200 631 988 664">
    <p class='ocr_par' dir='ltr' id='par_1_14' title="bbox 200 631 988 664">
     <span class='ocr_line' id='line_1_14' title="bbox 200 631 988 664; baseline 0.003 -7"><span class='ocrx_word' id='word_1_80' title='bbox 200 631 322 658; x_wconf 86' lang='lat' dir='ltr'><strong>uoctium</strong></span> <span class='ocrx_word' id='word_1_81' title='bbox 339 631 415 664; x_wconf 81' lang='lat' dir='ltr'><strong>facit,</strong></span> <span class='ocrx_word' id='word_1_82' title='bbox 434 633 548 660; x_wconf 73' lang='lat' dir='ltr'><strong>antmcis</strong></span> <span class='ocrx_word' id='word_1_83' title='bbox 567 633 733 660; x_wconf 75' lang='lat' dir='ltr'><strong>autumnale.</strong></span> <span class='ocrx_word' id='word_1_84' title='bbox 752 633 781 660; x_wconf 92' lang='lat' dir='ltr'><strong>In</strong></span> <span class='ocrx_word' id='word_1_85' title='bbox 795 632 877 659; x_wconf 85' lang='lat' dir='ltr'><strong>Libra</strong></span> <span class='ocrx_word' id='word_1_86' title='bbox 892 637 988 660; x_wconf 86' lang='lat' dir='ltr'><strong>contra</strong></span> 
     </span>
    </p>
   </div>
   <div class='ocr_carea' id='block_1_15' title="bbox 200 677 987 712">
    <p class='ocr_par' dir='ltr' id='par_1_15' title="bbox 200 677 987 712">
     <span class='ocr_line' id='line_1_15' title="bbox 200 677 987 712; baseline 0.001 -10"><span class='ocrx_word' id='word_1_87' title='bbox 200 677 279 703; x_wconf 83' lang='lat' dir='ltr'><strong>nobis</strong></span> <span class='ocrx_word' id='word_1_88' title='bbox 303 677 476 709; x_wconf 82' lang='lat' dir='ltr'><strong>autumnale,</strong></span> <span class='ocrx_word' id='word_1_89' title='bbox 505 677 622 705; x_wconf 72' lang='lat' dir='ltr'><strong>antoacis</strong></span> <span class='ocrx_word' id='word_1_90' title='bbox 651 685 765 704; x_wconf 89' lang='lat' dir='ltr'><strong>vernum</strong></span> <span class='ocrx_word' id='word_1_91' title='bbox 792 677 987 712; x_wconf 78' lang='lat' dir='ltr'><strong>:equinoctium</strong></span> 
     </span>
    </p>
   </div>
   <div class='ocr_carea' id='block_1_16' title="bbox 200 721 990 758">
    <p class='ocr_par' dir='ltr' id='par_1_16' title="bbox 200 721 990 758">
     <span class='ocr_line' id='line_1_16' title="bbox 200 721 990 758; baseline 0.001 -10"><span class='ocrx_word' id='word_1_92' title='bbox 200 722 282 756; x_wconf 81' lang='lat' dir='ltr'><strong>parit.</strong></span> <span class='ocrx_word' id='word_1_93' title='bbox 299 721 364 750; x_wconf 85' lang='lat' dir='ltr'><strong>Post</strong></span> <span class='ocrx_word' id='word_1_94' title='bbox 384 723 589 758; x_wconf 70' lang='lat' dir='ltr'><strong>aequinoctium,</strong></span> <span class='ocrx_word' id='word_1_95' title='bbox 608 723 682 758; x_wconf 88' lang='lat' dir='ltr'><strong>quod</strong></span> <span class='ocrx_word' id='word_1_96' title='bbox 698 722 728 750; x_wconf 76' lang='lat' dir='ltr'><strong>ill.</strong></span> <span class='ocrx_word' id='word_1_97' title='bbox 749 722 830 750; x_wconf 88' lang='lat' dir='ltr'><strong>nobis</strong></span> <span class='ocrx_word' id='word_1_98' title='bbox 848 723 876 749; x_wconf 89' lang='lat' dir='ltr'><strong>in</strong></span> <span class='ocrx_word' id='word_1_99' title='bbox 896 722 990 749; x_wconf 85' lang='lat' dir='ltr'><strong>Ariete</strong></span> 
     </span>
    </p>
   </div>
   <div class='ocr_carea' id='block_1_17' title="bbox 200 768 990 801">
    <p class='ocr_par' dir='ltr' id='par_1_17' title="bbox 200 768 990 801">
     <span class='ocr_line' id='line_1_17' title="bbox 200 768 990 801; baseline 0 -7"><span class='ocrx_word' id='word_1_100' title='bbox 200 775 327 800; x_wconf 65' lang='lat' dir='ltr'><strong>vernum,</strong></span> <span class='ocrx_word' id='word_1_101' title='bbox 346 768 387 796; x_wconf 88' lang='lat' dir='ltr'><strong>sol</strong></span> <span class='ocrx_word' id='word_1_102' title='bbox 409 768 571 801; x_wconf 78' lang='lat' dir='ltr'><strong>ascendens,</strong></span> <span class='ocrx_word' id='word_1_103' title='bbox 592 769 621 795; x_wconf 94' lang='lat' dir='ltr'><strong>in</strong></span> <span class='ocrx_word' id='word_1_104' title='bbox 637 769 745 796; x_wconf 85' lang='lat' dir='ltr'><strong>Cancro</strong></span> <span class='ocrx_word' id='word_1_105' title='bbox 775 768 854 796; x_wconf 90' lang='lat' dir='ltr'><strong>nobis</strong></span> <span class='ocrx_word' id='word_1_106' title='bbox 867 771 990 795; x_wconf 57' lang='lat' dir='ltr'><strong>aestatem</strong></span> 
     </span>
    </p>
   </div>
   <div class='ocr_carea' id='block_1_18' title="bbox 201 814 989 851">
    <p class='ocr_par' dir='ltr' id='par_1_18' title="bbox 201 814 989 851">
     <span class='ocr_line' id='line_1_18' title="bbox 201 814 989 851; baseline 0 -10"><span class='ocrx_word' id='word_1_107' title='bbox 201 814 293 846; x_wconf 70' lang='lat' dir='ltr'><strong>edicit.</strong></span> <span class='ocrx_word' id='word_1_108' title='bbox 310 818 444 850; x_wconf 76' lang='lat' dir='ltr'><strong>augetque</strong></span> <span class='ocrx_word' id='word_1_109' title='bbox 464 815 570 845; x_wconf 89' lang='lat' dir='ltr'><strong>dierum</strong></span> <span class='ocrx_word' id='word_1_110' title='bbox 596 815 704 851; x_wconf 84' lang='lat' dir='ltr'><strong>spatia;</strong></span> <span class='ocrx_word' id='word_1_111' title='bbox 722 819 856 842; x_wconf 84' lang='lat' dir='ltr'><strong>nocturna</strong></span> <span class='ocrx_word' id='word_1_112' title='bbox 879 818 989 841; x_wconf 90' lang='lat' dir='ltr'><strong>contra-</strong></span> 
     </span>
    </p>
   </div>
   <div class='ocr_carea' id='block_1_19' title="bbox 201 858 990 895">
    <p class='ocr_par' dir='ltr' id='par_1_19' title="bbox 201 858 990 895">
     <span class='ocr_line' id='line_1_19' title="bbox 201 858 990 895; baseline 0.001 -10"><span class='ocrx_word' id='word_1_113' title='bbox 201 858 252 886; x_wconf 89' lang='lat' dir='ltr'><strong>hit.</strong></span> <span class='ocrx_word' id='word_1_114' title='bbox 268 859 309 888; x_wconf 78' lang='lat' dir='ltr'><strong>Ab</strong></span> <span class='ocrx_word' id='word_1_115' title='bbox 331 860 483 887; x_wconf 82' lang='lat' dir='ltr'><strong>autumnali</strong></span> <span class='ocrx_word' id='word_1_116' title='bbox 498 861 663 895; x_wconf 60' lang='lat' dir='ltr'><strong>aequinoctio</strong></span> <span class='ocrx_word' id='word_1_117' title='bbox 683 860 772 887; x_wconf 67' lang='lat' dir='ltr'><strong>Librae</strong></span> <span class='ocrx_word' id='word_1_118' title='bbox 787 860 821 887; x_wconf 89' lang='lat' dir='ltr'><strong>ad</strong></span> <span class='ocrx_word' id='word_1_119' title='bbox 844 860 990 895; x_wconf 81' lang='lat' dir='ltr'><strong>Capricor-</strong></span> 
     </span>
    </p>
   </div>
   <div class='ocr_carea' id='block_1_20' title="bbox 202 895 1026 940">
    <p class='ocr_par' dir='ltr' id='par_1_20' title="bbox 202 895 1026 940">
     <span class='ocr_line' id='line_1_20' title="bbox 202 895 1026 940; baseline -0.002 -7"><span class='ocrx_word' id='word_1_120' title='bbox 202 913 267 933; x_wconf 85' lang='lat' dir='ltr'><strong>num</strong></span> <span class='ocrx_word' id='word_1_121' title='bbox 306 905 447 938; x_wconf 86' lang='lat' dir='ltr'><strong>delabens,</strong></span> <span class='ocrx_word' id='word_1_122' title='bbox 468 905 540 940; x_wconf 86' lang='lat' dir='ltr'><strong>apud</strong></span> <span class='ocrx_word' id='word_1_123' title='bbox 564 913 615 933; x_wconf 89' lang='lat' dir='ltr'><strong>nos</strong></span> <span class='ocrx_word' id='word_1_124' title='bbox 636 905 695 932; x_wconf 92' lang='lat' dir='ltr'><strong>dies</strong></span> <span class='ocrx_word' id='word_1_125' title='bbox 721 905 869 936; x_wconf 80' lang='lat' dir='ltr'><strong>imminuit.</strong></span> <span class='ocrx_word' id='word_1_126' title='bbox 896 908 990 932; x_wconf 90' lang='lat' dir='ltr'><strong>noctes</strong></span> <span class='ocrx_word' id='word_1_127' title='bbox 1006 895 1026 922; x_wconf 73' lang='grc' dir='ltr'><strong><em>Β</em></strong></span> 
     </span>
    </p>
   </div>
   <div class='ocr_carea' id='block_1_21' title="bbox 202 950 993 987">
    <p class='ocr_par' dir='ltr' id='par_1_21' title="bbox 202 950 993 987">
     <span class='ocr_line' id='line_1_21' title="bbox 202 950 993 987; baseline -0.001 -9"><span class='ocrx_word' id='word_1_128' title='bbox 202 951 346 987; x_wconf 81' lang='lat' dir='ltr'><strong>producit;</strong></span> <span class='ocrx_word' id='word_1_129' title='bbox 360 952 474 978; x_wconf 89' lang='lat' dir='ltr'><strong>hiemem</strong></span> <span class='ocrx_word' id='word_1_130' title='bbox 487 951 621 984; x_wconf 66' lang='lat' dir='ltr'><strong>alien-ens;</strong></span> <span class='ocrx_word' id='word_1_131' title='bbox 635 950 707 986; x_wconf 88' lang='lat' dir='ltr'><strong>apud</strong></span> <span class='ocrx_word' id='word_1_132' title='bbox 723 950 784 978; x_wconf 88' lang='lat' dir='ltr'><strong>illos</strong></span> <span class='ocrx_word' id='word_1_133' title='bbox 801 954 830 977; x_wconf 96' lang='lat' dir='ltr'><strong>ut</strong></span> <span class='ocrx_word' id='word_1_134' title='bbox 843 955 923 985; x_wconf 81' lang='lat' dir='ltr'><strong>auget</strong></span> <span class='ocrx_word' id='word_1_135' title='bbox 937 950 993 978; x_wconf 87' lang='lat' dir='ltr'><strong>die-</strong></span> 
     </span>
    </p>
   </div>
   <div class='ocr_carea' id='block_1_22' title="bbox 203 996 991 1029">
    <p class='ocr_par' dir='ltr' id='par_1_22' title="bbox 203 996 991 1029">
     <span class='ocr_line' id='line_1_22' title="bbox 203 996 991 1029; baseline -0.003 -4"><span class='ocrx_word' id='word_1_136' title='bbox 203 1005 265 1025; x_wconf 88' lang='lat' dir='ltr'><strong>rum</strong></span> <span class='ocrx_word' id='word_1_137' title='bbox 292 997 445 1029; x_wconf 75' lang='lat' dir='ltr'><strong>intervalla,</strong></span> <span class='ocrx_word' id='word_1_138' title='bbox 472 997 513 1024; x_wconf 89' lang='lat' dir='ltr'><strong>sic</strong></span> <span class='ocrx_word' id='word_1_139' title='bbox 541 996 575 1024; x_wconf 89' lang='lat' dir='ltr'><strong>de</strong></span> <span class='ocrx_word' id='word_1_140' title='bbox 596 997 741 1024; x_wconf 84' lang='lat' dir='ltr'><strong>nocturnis</strong></span> <span class='ocrx_word' id='word_1_141' title='bbox 758 997 888 1028; x_wconf 86' lang='lat' dir='ltr'><strong>detrahit.</strong></span> <span class='ocrx_word' id='word_1_142' title='bbox 908 1001 991 1024; x_wconf 68' lang='lat' dir='ltr'><strong>aesta-</strong></span> 
     </span>
    </p>
   </div>
   <div class='ocr_carea' id='block_1_23' title="bbox 203 1043 991 1079">
    <p class='ocr_par' dir='ltr' id='par_1_23' title="bbox 203 1043 991 1079">
     <span class='ocr_line' id='line_1_23' title="bbox 203 1043 991 1079; baseline 0 -9"><span class='ocrx_word' id='word_1_143' title='bbox 203 1048 312 1079; x_wconf 76' lang='lat' dir='ltr'><strong>temque</strong></span> <span class='ocrx_word' id='word_1_144' title='bbox 334 1043 433 1070; x_wconf 89' lang='lat' dir='ltr'><strong>reddit.</strong></span> <span class='ocrx_word' id='word_1_145' title='bbox 457 1043 545 1078; x_wconf 87' lang='lat' dir='ltr'><strong>Atque</strong></span> <span class='ocrx_word' id='word_1_146' title='bbox 570 1047 599 1070; x_wconf 91' lang='lat' dir='ltr'><strong>ut</strong></span> <span class='ocrx_word' id='word_1_147' title='bbox 621 1051 674 1070; x_wconf 86' lang='lat' dir='ltr'><strong>uno</strong></span> <span class='ocrx_word' id='word_1_148' title='bbox 688 1044 771 1070; x_wconf 85' lang='lat' dir='ltr'><strong>verbo</strong></span> <span class='ocrx_word' id='word_1_149' title='bbox 790 1043 890 1076; x_wconf 84' lang='lat' dir='ltr'><strong>dicam,</strong></span> <span class='ocrx_word' id='word_1_150' title='bbox 911 1043 991 1078; x_wconf 86' lang='lat' dir='ltr'><strong>quid-</strong></span> 
     </span>
    </p>
   </div>
   <div class='ocr_carea' id='block_1_24' title="bbox 203 1087 990 1124">
    <p class='ocr_par' dir='ltr' id='par_1_24' title="bbox 203 1087 990 1124">
     <span class='ocr_line' id='line_1_24' title="bbox 203 1087 990 1124; baseline -0.003 -8"><span class='ocrx_word' id='word_1_151' title='bbox 203 1089 271 1124; x_wconf 87' lang='lat' dir='ltr'><strong>quid</strong></span> <span class='ocrx_word' id='word_1_152' title='bbox 288 1088 393 1116; x_wconf 88' lang='lat' dir='ltr'><strong>Cancer</strong></span> <span class='ocrx_word' id='word_1_153' title='bbox 414 1088 495 1116; x_wconf 88' lang='lat' dir='ltr'><strong>nohis</strong></span> <span class='ocrx_word' id='word_1_154' title='bbox 523 1088 621 1120; x_wconf 81' lang='lat' dir='ltr'><strong>ellicit,</strong></span> <span class='ocrx_word' id='word_1_155' title='bbox 648 1088 699 1115; x_wconf 91' lang='lat' dir='ltr'><strong>hoc</strong></span> <span class='ocrx_word' id='word_1_156' title='bbox 716 1088 771 1115; x_wconf 87' lang='lat' dir='ltr'><strong>illis</strong></span> <span class='ocrx_word' id='word_1_157' title='bbox 787 1087 990 1122; x_wconf 84' lang='lat' dir='ltr'><strong>Capricornus;</strong></span> 
     </span>
    </p>
   </div>
   <div class='ocr_carea' id='block_1_25' title="bbox 204 1133 992 1170">
    <p class='ocr_par' dir='ltr' id='par_1_25' title="bbox 204 1133 992 1170">
     <span class='ocr_line' id='line_1_25' title="bbox 204 1133 992 1170; baseline -0.003 -8"><span class='ocrx_word' id='word_1_158' title='bbox 204 1133 315 1170; x_wconf 79' lang='lat' dir='ltr'><strong>etquod</strong></span> <span class='ocrx_word' id='word_1_159' title='bbox 327 1134 406 1161; x_wconf 89' lang='lat' dir='ltr'><strong>nobis</strong></span> <span class='ocrx_word' id='word_1_160' title='bbox 418 1133 615 1169; x_wconf 82' lang='lat' dir='ltr'><strong>Capricornus,</strong></span> <span class='ocrx_word' id='word_1_161' title='bbox 634 1133 684 1160; x_wconf 91' lang='lat' dir='ltr'><strong>hoc</strong></span> <span class='ocrx_word' id='word_1_162' title='bbox 705 1133 759 1160; x_wconf 88' lang='lat' dir='ltr'><strong>illis</strong></span> <span class='ocrx_word' id='word_1_163' title='bbox 781 1133 906 1166; x_wconf 86' lang='lat' dir='ltr'><strong>Cancer;</strong></span> <span class='ocrx_word' id='word_1_164' title='bbox 919 1133 992 1168; x_wconf 92' lang='lat' dir='ltr'><strong>quod</strong></span> 
     </span>
    </p>
   </div>
   <div class='ocr_carea' id='block_1_26' title="bbox 205 1179 992 1211">
    <p class='ocr_par' dir='ltr' id='par_1_26' title="bbox 205 1179 992 1211">
     <span class='ocr_line' id='line_1_26' title="bbox 205 1179 992 1211; baseline -0.004 -2"><span class='ocrx_word' id='word_1_165' title='bbox 205 1181 285 1210; x_wconf 83' lang='lat' dir='ltr'><strong>nobis</strong></span> <span class='ocrx_word' id='word_1_166' title='bbox 299 1180 388 1211; x_wconf 81' lang='lat' dir='ltr'><strong>Aries,</strong></span> <span class='ocrx_word' id='word_1_167' title='bbox 412 1180 463 1207; x_wconf 92' lang='lat' dir='ltr'><strong>hoc</strong></span> <span class='ocrx_word' id='word_1_168' title='bbox 484 1180 538 1207; x_wconf 82' lang='lat' dir='ltr'><strong>illis</strong></span> <span class='ocrx_word' id='word_1_169' title='bbox 555 1180 637 1207; x_wconf 89' lang='lat' dir='ltr'><strong>Libra</strong></span> <span class='ocrx_word' id='word_1_170' title='bbox 654 1184 698 1207; x_wconf 84' lang='lat' dir='ltr'><strong>:et</strong></span> <span class='ocrx_word' id='word_1_171' title='bbox 712 1188 727 1207; x_wconf 86' lang='lat' dir='ltr'><strong>e</strong></span> <span class='ocrx_word' id='word_1_172' title='bbox 740 1180 888 1207; x_wconf 89' lang='lat' dir='ltr'><strong>contrario.</strong></span> <span class='ocrx_word' id='word_1_173' title='bbox 915 1179 992 1207; x_wconf 77' lang='lat' dir='ltr'><strong>Anti-</strong></span> 
     </span>
    </p>
   </div>
   <div class='ocr_carea' id='block_1_27' title="bbox 205 1225 993 1261">
    <p class='ocr_par' dir='ltr' id='par_1_27' title="bbox 205 1225 993 1261">
     <span class='ocr_line' id='line_1_27' title="bbox 205 1225 993 1261; baseline -0.001 -8"><span class='ocrx_word' id='word_1_174' title='bbox 205 1226 370 1253; x_wconf 79' lang='lat' dir='ltr'><strong>ehtbonibus</strong></span> <span class='ocrx_word' id='word_1_175' title='bbox 383 1226 519 1253; x_wconf 73' lang='lat' dir='ltr'><strong>alter-naut</strong></span> <span class='ocrx_word' id='word_1_176' title='bbox 533 1229 628 1253; x_wconf 89' lang='lat' dir='ltr'><strong>noctes</strong></span> <span class='ocrx_word' id='word_1_177' title='bbox 643 1230 671 1252; x_wconf 88' lang='lat' dir='ltr'><strong>et</strong></span> <span class='ocrx_word' id='word_1_178' title='bbox 685 1225 753 1253; x_wconf 87' lang='lat' dir='ltr'><strong>dies.</strong></span> <span class='ocrx_word' id='word_1_179' title='bbox 766 1225 833 1252; x_wconf 83' lang='lat' dir='ltr'><strong>Nam</strong></span> <span class='ocrx_word' id='word_1_180' title='bbox 845 1226 993 1261; x_wconf 87' lang='lat' dir='ltr'><strong>superiori-</strong></span> 
     </span>
    </p>
   </div>
   <div class='ocr_carea' id='block_1_28' title="bbox 205 1269 994 1298">
    <p class='ocr_par' dir='ltr' id='par_1_28' title="bbox 205 1269 994 1298">
     <span class='ocr_line' id='line_1_28' title="bbox 205 1269 994 1298; baseline 0.001 -1"><span class='ocrx_word' id='word_1_181' title='bbox 205 1270 257 1298; x_wconf 89' lang='lat' dir='ltr'><strong>bus</strong></span> <span class='ocrx_word' id='word_1_182' title='bbox 272 1277 367 1297; x_wconf 88' lang='lat' dir='ltr'><strong>eorum</strong></span> <span class='ocrx_word' id='word_1_183' title='bbox 387 1274 448 1297; x_wconf 89' lang='lat' dir='ltr'><strong>ortu</strong></span> <span class='ocrx_word' id='word_1_184' title='bbox 473 1277 524 1297; x_wconf 90' lang='lat' dir='ltr'><strong>suo</strong></span> <span class='ocrx_word' id='word_1_185' title='bbox 539 1269 611 1297; x_wconf 91' lang='lat' dir='ltr'><strong>diem</strong></span> <span class='ocrx_word' id='word_1_186' title='bbox 633 1269 673 1297; x_wconf 92' lang='lat' dir='ltr'><strong>sol</strong></span> <span class='ocrx_word' id='word_1_187' title='bbox 689 1270 809 1297; x_wconf 79' lang='lat' dir='ltr'><strong>infundit</strong></span> <span class='ocrx_word' id='word_1_188' title='bbox 825 1281 831 1297; x_wconf 88' lang='lat'>:</span> <span class='ocrx_word' id='word_1_189' title='bbox 848 1271 994 1298; x_wconf 82' lang='lat' dir='ltr'><strong>inferiori—</strong></span> 
     </span>
    </p>
   </div>
   <div class='ocr_carea' id='block_1_29' title="bbox 205 1316 991 1350">
    <p class='ocr_par' dir='ltr' id='par_1_29' title="bbox 205 1316 991 1350">
     <span class='ocr_line' id='line_1_29' title="bbox 205 1316 991 1350; baseline -0.001 -6"><span class='ocrx_word' id='word_1_190' title='bbox 205 1317 257 1345; x_wconf 85' lang='lat' dir='ltr'><strong>bus</strong></span> <span class='ocrx_word' id='word_1_191' title='bbox 270 1321 387 1344; x_wconf 88' lang='lat' dir='ltr'><strong>noetem.</strong></span> <span class='ocrx_word' id='word_1_192' title='bbox 404 1317 511 1344; x_wconf 74' lang='lat' dir='ltr'><strong>Rursus</strong></span> <span class='ocrx_word' id='word_1_193' title='bbox 529 1316 608 1344; x_wconf 90' lang='lat' dir='ltr'><strong>nobis</strong></span> <span class='ocrx_word' id='word_1_194' title='bbox 621 1317 661 1345; x_wconf 91' lang='lat' dir='ltr'><strong>sol</strong></span> <span class='ocrx_word' id='word_1_195' title='bbox 677 1324 777 1344; x_wconf 87' lang='lat' dir='ltr'><strong>occasu</strong></span> <span class='ocrx_word' id='word_1_196' title='bbox 793 1325 844 1344; x_wconf 91' lang='lat' dir='ltr'><strong>suo</strong></span> <span class='ocrx_word' id='word_1_197' title='bbox 861 1320 970 1344; x_wconf 88' lang='lat' dir='ltr'><strong>noctem</strong></span> <span class='ocrx_word' id='word_1_198' title='bbox 984 1326 991 1350; x_wconf 91' lang='lat'><strong>;</strong></span> 
     </span>
    </p>
   </div>
   <div class='ocr_carea' id='block_1_30' title="bbox 207 1361 993 1394">
    <p class='ocr_par' dir='ltr' id='par_1_30' title="bbox 207 1361 993 1394">
     <span class='ocr_line' id='line_1_30' title="bbox 207 1361 993 1394; baseline -0.001 -4"><span class='ocrx_word' id='word_1_199' title='bbox 207 1364 258 1390; x_wconf 90' lang='lat' dir='ltr'><strong>sub</strong></span> <span class='ocrx_word' id='word_1_200' title='bbox 271 1367 344 1391; x_wconf 89' lang='lat' dir='ltr'><strong>terra</strong></span> <span class='ocrx_word' id='word_1_201' title='bbox 359 1362 489 1394; x_wconf 81' lang='lat' dir='ltr'><strong>conditis,</strong></span> <span class='ocrx_word' id='word_1_202' title='bbox 505 1362 577 1390; x_wconf 88' lang='lat' dir='ltr'><strong>diem</strong></span> <span class='ocrx_word' id='word_1_203' title='bbox 593 1361 707 1389; x_wconf 89' lang='lat' dir='ltr'><strong>oriendo</strong></span> <span class='ocrx_word' id='word_1_204' title='bbox 723 1362 855 1390; x_wconf 84' lang='lat' dir='ltr'><strong>restituit.</strong></span> <span class='ocrx_word' id='word_1_205' title='bbox 869 1361 993 1389; x_wconf 84' lang='lat' dir='ltr'><strong>Solstitia</strong></span> 
     </span>
    </p>
   </div>
   <div class='ocr_carea' id='block_1_31' title="bbox 206 1406 994 1442">
    <p class='ocr_par' dir='ltr' id='par_1_31' title="bbox 206 1406 994 1442">
     <span class='ocr_line' id='line_1_31' title="bbox 206 1406 994 1442; baseline 0 -8"><span class='ocrx_word' id='word_1_206' title='bbox 206 1413 298 1435; x_wconf 87' lang='lat' dir='ltr'><strong>tamen</strong></span> <span class='ocrx_word' id='word_1_207' title='bbox 311 1411 338 1434; x_wconf 90' lang='lat' dir='ltr'><strong>et</strong></span> <span class='ocrx_word' id='word_1_208' title='bbox 354 1407 520 1442; x_wconf 74' lang='lat' dir='ltr'><strong>aequinoctia</strong></span> <span class='ocrx_word' id='word_1_209' title='bbox 540 1406 687 1441; x_wconf 89' lang='lat' dir='ltr'><strong>utrobique</strong></span> <span class='ocrx_word' id='word_1_210' title='bbox 705 1412 770 1434; x_wconf 85' lang='lat' dir='ltr'><strong>sunt</strong></span> <span class='ocrx_word' id='word_1_211' title='bbox 787 1407 881 1434; x_wconf 84' lang='lat' dir='ltr'><strong>eadem</strong></span> <span class='ocrx_word' id='word_1_212' title='bbox 896 1407 994 1434; x_wconf 86' lang='lat' dir='ltr'><strong>borea-</strong></span> 
     </span>
    </p>
   </div>
   <div class='ocr_carea' id='block_1_32' title="bbox 207 1452 994 1488">
    <p class='ocr_par' dir='ltr' id='par_1_32' title="bbox 207 1452 994 1488">
     <span class='ocr_line' id='line_1_32' title="bbox 207 1452 994 1488; baseline -0.001 -8"><span class='ocrx_word' id='word_1_213' title='bbox 207 1453 279 1481; x_wconf 90' lang='lat' dir='ltr'><strong>libus</strong></span> <span class='ocrx_word' id='word_1_214' title='bbox 302 1452 374 1480; x_wconf 80' lang='lat' dir='ltr'><strong>inl‘ra</strong></span> <span class='ocrx_word' id='word_1_215' title='bbox 399 1460 534 1488; x_wconf 87' lang='lat' dir='ltr'><strong>supraque</strong></span> <span class='ocrx_word' id='word_1_216' title='bbox 554 1453 660 1488; x_wconf 87' lang='lat' dir='ltr'><strong>positis.</strong></span> <span class='ocrx_word' id='word_1_217' title='bbox 693 1452 836 1487; x_wconf 86' lang='lat' dir='ltr'><strong>Ejusmodi</strong></span> <span class='ocrx_word' id='word_1_218' title='bbox 856 1456 920 1480; x_wconf 85' lang='lat' dir='ltr'><strong>sunt</strong></span> <span class='ocrx_word' id='word_1_219' title='bbox 945 1461 994 1479; x_wconf 86' lang='lat' dir='ltr'><strong>an-</strong></span> 
     </span>
    </p>
   </div>
   <div class='ocr_carea' id='block_1_33' title="bbox 208 1497 993 1534">
    <p class='ocr_par' dir='ltr' id='par_1_33' title="bbox 208 1497 993 1534">
     <span class='ocr_line' id='line_1_33' title="bbox 208 1497 993 1534; baseline -0.001 -9"><span class='ocrx_word' id='word_1_220' title='bbox 208 1498 373 1526; x_wconf 88' lang='lat' dir='ltr'><strong>tichthones.</strong></span> <span class='ocrx_word' id='word_1_221' title='bbox 389 1497 540 1534; x_wconf 85' lang='lat' dir='ltr'><strong>Antipodes</strong></span> <span class='ocrx_word' id='word_1_222' title='bbox 559 1499 699 1525; x_wconf 82' lang='lat' dir='ltr'><strong>contraria</strong></span> <span class='ocrx_word' id='word_1_223' title='bbox 710 1501 737 1525; x_wconf 90' lang='lat' dir='ltr'><strong>et</strong></span> <span class='ocrx_word' id='word_1_224' title='bbox 756 1498 883 1533; x_wconf 87' lang='lat' dir='ltr'><strong>opposita</strong></span> <span class='ocrx_word' id='word_1_225' title='bbox 901 1497 993 1525; x_wconf 88' lang='lat' dir='ltr'><strong>vident</strong></span> 
     </span>
    </p>
   </div>
   <div class='ocr_carea' id='block_1_34' title="bbox 206 1544 992 1577">
    <p class='ocr_par' dir='ltr' id='par_1_34' title="bbox 206 1544 992 1577">
     <span class='ocr_line' id='line_1_34' title="bbox 206 1544 992 1577; baseline -0.003 -5"><span class='ocrx_word' id='word_1_226' title='bbox 206 1544 307 1572; x_wconf 85' lang='lat' dir='ltr'><strong>omnia.</strong></span> <span class='ocrx_word' id='word_1_227' title='bbox 329 1544 396 1572; x_wconf 79' lang='lat' dir='ltr'><strong>Nam</strong></span> <span class='ocrx_word' id='word_1_228' title='bbox 415 1548 443 1572; x_wconf 91' lang='lat' dir='ltr'><strong>ct</strong></span> <span class='ocrx_word' id='word_1_229' title='bbox 461 1552 523 1572; x_wconf 89' lang='lat' dir='ltr'><strong>cum</strong></span> <span class='ocrx_word' id='word_1_230' title='bbox 545 1544 603 1571; x_wconf 88' lang='lat' dir='ltr'><strong>dies</strong></span> <span class='ocrx_word' id='word_1_231' title='bbox 621 1549 663 1572; x_wconf 82' lang='lat' dir='ltr'><strong>est</strong></span> <span class='ocrx_word' id='word_1_232' title='bbox 682 1544 771 1577; x_wconf 88' lang='lat' dir='ltr'><strong>nobis,</strong></span> <span class='ocrx_word' id='word_1_233' title='bbox 792 1551 846 1571; x_wconf 81' lang='lat' dir='ltr'><strong>nox</strong></span> <span class='ocrx_word' id='word_1_234' title='bbox 867 1544 922 1572; x_wconf 90' lang='lat' dir='ltr'><strong>illis</strong></span> <span class='ocrx_word' id='word_1_235' title='bbox 940 1549 992 1577; x_wconf 89' lang='lat' dir='ltr'><strong>est;</strong></span> 
     </span>
    </p>
   </div>
   <div class='ocr_carea' id='block_1_35' title="bbox 198 1590 994 1628">
    <p class='ocr_par' dir='ltr' id='par_1_35' title="bbox 198 1590 994 1628">
     <span class='ocr_line' id='line_1_35' title="bbox 198 1590 994 1628; baseline -0.005 -7"><span class='ocrx_word' id='word_1_236' title='bbox 198 1597 234 1622; x_wconf 85' lang='lat' dir='ltr'><strong>&#39;et</strong></span> <span class='ocrx_word' id='word_1_237' title='bbox 258 1601 321 1620; x_wconf 88' lang='lat' dir='ltr'><strong>cum</strong></span> <span class='ocrx_word' id='word_1_238' title='bbox 349 1593 421 1628; x_wconf 87' lang='lat' dir='ltr'><strong>apud</strong></span> <span class='ocrx_word' id='word_1_239' title='bbox 441 1593 503 1620; x_wconf 90' lang='lat' dir='ltr'><strong>illos</strong></span> <span class='ocrx_word' id='word_1_240' title='bbox 527 1597 610 1620; x_wconf 70' lang='lat' dir='ltr'><strong>aestas</strong></span> <span class='ocrx_word' id='word_1_241' title='bbox 629 1597 682 1623; x_wconf 85' lang='lat' dir='ltr'><strong>est.</strong></span> <span class='ocrx_word' id='word_1_242' title='bbox 715 1592 743 1618; x_wconf 90' lang='lat' dir='ltr'><strong>in</strong></span> <span class='ocrx_word' id='word_1_243' title='bbox 760 1591 827 1618; x_wconf 88' lang='lat' dir='ltr'><strong>orbe</strong></span> <span class='ocrx_word' id='word_1_244' title='bbox 845 1595 940 1618; x_wconf 85' lang='lat' dir='ltr'><strong>nostro</strong></span> <span class='ocrx_word' id='word_1_245' title='bbox 963 1590 994 1618; x_wconf 84' lang='lat' dir='ltr'><strong>ﬁt</strong></span> 
     </span>
    </p>
   </div>
   <div class='ocr_carea' id='block_1_36' title="bbox 208 1637 993 1667">
    <p class='ocr_par' dir='ltr' id='par_1_36' title="bbox 208 1637 993 1667">
     <span class='ocr_line' id='line_1_36' title="bbox 208 1637 993 1667; baseline -0.004 -1"><span class='ocrx_word' id='word_1_246' title='bbox 208 1640 306 1667; x_wconf 86' lang='lat' dir='ltr'><strong>hiems.</strong></span> <span class='ocrx_word' id='word_1_247' title='bbox 322 1638 364 1666; x_wconf 82' lang='lat' dir='ltr'><strong>Ad</strong></span> <span class='ocrx_word' id='word_1_248' title='bbox 381 1645 515 1667; x_wconf 87' lang='lat' dir='ltr'><strong>summam</strong></span> <span class='ocrx_word' id='word_1_249' title='bbox 529 1645 591 1665; x_wconf 92' lang='lat' dir='ltr'><strong>cum</strong></span> <span class='ocrx_word' id='word_1_250' title='bbox 611 1637 740 1666; x_wconf 87' lang='lat' dir='ltr'><strong>australis</strong></span> <span class='ocrx_word' id='word_1_251' title='bbox 753 1643 830 1664; x_wconf 61' lang='lat' dir='ltr'><strong>zonae</strong></span> <span class='ocrx_word' id='word_1_252' title='bbox 850 1637 993 1664; x_wconf 64' lang='lat' dir='ltr'><strong>contraria;</strong></span> 
     </span>
    </p>
   </div>
   <div class='ocr_carea' id='block_1_37' title="bbox 209 1682 994 1718">
    <p class='ocr_par' dir='ltr' id='par_1_37' title="bbox 209 1682 994 1718">
     <span class='ocr_line' id='line_1_37' title="bbox 209 1682 994 1718; baseline -0.001 -6"><span class='ocrx_word' id='word_1_253' title='bbox 209 1685 307 1713; x_wconf 88' lang='lat' dir='ltr'><strong>incolis</strong></span> <span class='ocrx_word' id='word_1_254' title='bbox 327 1684 413 1712; x_wconf 89' lang='lat' dir='ltr'><strong>hiems</strong></span> <span class='ocrx_word' id='word_1_255' title='bbox 433 1688 481 1711; x_wconf 89' lang='lat' dir='ltr'><strong>aut</strong></span> <span class='ocrx_word' id='word_1_256' title='bbox 496 1684 555 1712; x_wconf 87' lang='lat' dir='ltr'><strong>dies</strong></span> <span class='ocrx_word' id='word_1_257' title='bbox 575 1684 687 1716; x_wconf 81' lang='lat' dir='ltr'><strong>accidit,</strong></span> <span class='ocrx_word' id='word_1_258' title='bbox 706 1687 773 1710; x_wconf 86' lang='lat' dir='ltr'><strong>tunc</strong></span> <span class='ocrx_word' id='word_1_259' title='bbox 786 1683 820 1710; x_wconf 88' lang='lat' dir='ltr'><strong>iis</strong></span> <span class='ocrx_word' id='word_1_260' title='bbox 831 1683 877 1718; x_wconf 91' lang='lat' dir='ltr'><strong>qui</strong></span> <span class='ocrx_word' id='word_1_261' title='bbox 898 1682 994 1711; x_wconf 84' lang='lat' dir='ltr'><strong>borea-</strong></span> 
     </span>
    </p>
   </div>
   <div class='ocr_carea' id='block_1_38' title="bbox 209 1728 993 1765">
    <p class='ocr_par' dir='ltr' id='par_1_38' title="bbox 209 1728 993 1765">
     <span class='ocr_line' id='line_1_38' title="bbox 209 1728 993 1765; baseline -0.004 -6"><span class='ocrx_word' id='word_1_262' title='bbox 209 1732 261 1759; x_wconf 87' lang='lat' dir='ltr'><strong>lem</strong></span> <span class='ocrx_word' id='word_1_263' title='bbox 289 1731 426 1763; x_wconf 82' lang='lat' dir='ltr'><strong>incolunt,</strong></span> <span class='ocrx_word' id='word_1_264' title='bbox 444 1735 527 1759; x_wconf 74' lang='lat' dir='ltr'><strong>aestas</strong></span> <span class='ocrx_word' id='word_1_265' title='bbox 552 1735 580 1758; x_wconf 89' lang='lat' dir='ltr'><strong>et</strong></span> <span class='ocrx_word' id='word_1_266' title='bbox 606 1737 663 1758; x_wconf 84' lang='lat' dir='ltr'><strong>nox</strong></span> <span class='ocrx_word' id='word_1_267' title='bbox 682 1729 851 1765; x_wconf 88' lang='lat' dir='ltr'><strong>supervenit.</strong></span> <span class='ocrx_word' id='word_1_268' title='bbox 879 1728 918 1756; x_wconf 87' lang='lat' dir='ltr'><strong>ita</strong></span> <span class='ocrx_word' id='word_1_269' title='bbox 937 1733 993 1757; x_wconf 82' lang='lat' dir='ltr'><strong>tam</strong></span> 
     </span>
    </p>
   </div>
   <div class='ocr_carea' id='block_1_39' title="bbox 208 1775 994 1812">
    <p class='ocr_par' dir='ltr' id='par_1_39' title="bbox 208 1775 994 1812">
     <span class='ocr_line' id='line_1_39' title="bbox 208 1775 994 1812; baseline -0.003 -8"><span class='ocrx_word' id='word_1_270' title='bbox 208 1780 303 1804; x_wconf 88' lang='lat' dir='ltr'><strong>noctes</strong></span> <span class='ocrx_word' id='word_1_271' title='bbox 322 1780 350 1804; x_wconf 90' lang='lat' dir='ltr'><strong>et</strong></span> <span class='ocrx_word' id='word_1_272' title='bbox 367 1777 445 1809; x_wconf 87' lang='lat' dir='ltr'><strong>dies,</strong></span> <span class='ocrx_word' id='word_1_273' title='bbox 466 1783 548 1812; x_wconf 90' lang='lat' dir='ltr'><strong>quam</strong></span> <span class='ocrx_word' id='word_1_274' title='bbox 572 1776 706 1808; x_wconf 85' lang='lat' dir='ltr'><strong>solstitia,</strong></span> <span class='ocrx_word' id='word_1_275' title='bbox 727 1775 891 1810; x_wconf 62' lang='lat' dir='ltr'><strong>aequinoctia</strong></span> <span class='ocrx_word' id='word_1_276' title='bbox 915 1775 994 1803; x_wconf 89' lang='lat' dir='ltr'><strong>habi-</strong></span> 
     </span>
    </p>
   </div>
   <div class='ocr_carea' id='block_1_40' title="bbox 208 1822 843 1859">
    <p class='ocr_par' dir='ltr' id='par_1_40' title="bbox 208 1822 843 1859">
     <span class='ocr_line' id='line_1_40' title="bbox 208 1822 843 1859; baseline -0.002 -8"><span class='ocrx_word' id='word_1_277' title='bbox 208 1824 380 1859; x_wconf 84' lang='lat' dir='ltr'><strong>tationesque</strong></span> <span class='ocrx_word' id='word_1_278' title='bbox 398 1830 414 1851; x_wconf 89' lang='lat' dir='ltr'><strong>e</strong></span> <span class='ocrx_word' id='word_1_279' title='bbox 432 1823 570 1850; x_wconf 88' lang='lat' dir='ltr'><strong>contrario</strong></span> <span class='ocrx_word' id='word_1_280' title='bbox 589 1822 689 1850; x_wconf 82' lang='lat' dir='ltr'><strong>antoeci</strong></span> <span class='ocrx_word' id='word_1_281' title='bbox 709 1822 843 1850; x_wconf 90' lang='lat' dir='ltr'><strong>obtinent.</strong></span> 
     </span>
    </p>
   </div>
   <div class='ocr_carea' id='block_1_41' title="bbox 1037 263 1830 302">
    <p class='ocr_par' dir='ltr' id='par_1_41' title="bbox 1037 263 1830 302">
     <span class='ocr_line' id='line_1_41' title="bbox 1037 263 1830 302; baseline -0.004 -9"><span class='ocrx_word' id='word_1_282' title='bbox 1037 265 1130 298; x_wconf 80' lang='grc' dir='ltr'><strong>νύκτα,</strong></span> <span class='ocrx_word' id='word_1_283' title='bbox 1142 267 1189 293; x_wconf 81' lang='grc' dir='ltr'>καὶ</span> <span class='ocrx_word' id='word_1_284' title='bbox 1199 265 1314 302; x_wconf 79' lang='grc' dir='ltr'>ἡμέραν,</span> <span class='ocrx_word' id='word_1_285' title='bbox 1323 265 1371 292; x_wconf 79' lang='grc' dir='ltr'>καὶ</span> <span class='ocrx_word' id='word_1_286' title='bbox 1382 264 1432 296; x_wconf 79' lang='grc' dir='ltr'><strong>τὰς</strong></span> <span class='ocrx_word' id='word_1_287' title='bbox 1446 264 1568 299; x_wconf 77' lang='grc' dir='ltr'><strong>ἐτησίους</strong></span> <span class='ocrx_word' id='word_1_288' title='bbox 1582 264 1659 299; x_wconf 77' lang='grc' dir='ltr'>ὥρας</span> <span class='ocrx_word' id='word_1_289' title='bbox 1667 273 1673 279; x_wconf 86' lang='grc'><strong><em>-</em></strong></span> <span class='ocrx_word' id='word_1_290' title='bbox 1688 264 1714 289; x_wconf 83' lang='grc' dir='ltr'><strong>οἰ</strong></span> <span class='ocrx_word' id='word_1_291' title='bbox 1727 263 1757 289; x_wconf 78' lang='grc' dir='ltr'><strong>δὲ</strong></span> <span class='ocrx_word' id='word_1_292' title='bbox 1767 263 1830 290; x_wconf 53' lang='grc' dir='ltr'><strong>ἀπ.</strong></span> 
     </span>
    </p>
   </div>
   <div class='ocr_carea' id='block_1_42' title="bbox 1040 308 1832 347">
    <p class='ocr_par' dir='ltr' id='par_1_42' title="bbox 1040 308 1832 347">
     <span class='ocr_line' id='line_1_42' title="bbox 1040 308 1832 347; baseline -0.005 -9"><span class='ocrx_word' id='word_1_293' title='bbox 1040 319 1113 338; x_wconf 86' lang='grc' dir='ltr'>οικοι</span> <span class='ocrx_word' id='word_1_294' title='bbox 1132 311 1181 347; x_wconf 88' lang='grc' dir='ltr'><strong>τὴν</strong></span> <span class='ocrx_word' id='word_1_295' title='bbox 1207 311 1255 346; x_wconf 87' lang='grc' dir='ltr'>μὲν</span> <span class='ocrx_word' id='word_1_296' title='bbox 1275 310 1358 346; x_wconf 78' lang='grc' dir='ltr'>αὐτὴν</span> <span class='ocrx_word' id='word_1_297' title='bbox 1383 309 1489 345; x_wconf 72' lang='grc' dir='ltr'>ἔχουσιν</span> <span class='ocrx_word' id='word_1_298' title='bbox 1508 309 1632 344; x_wconf 77' lang='grc' dir='ltr'>ἀλλήλοις</span> <span class='ocrx_word' id='word_1_299' title='bbox 1656 308 1768 344; x_wconf 78' lang='grc' dir='ltr'><strong>ἡμέραν</strong></span> <span class='ocrx_word' id='word_1_300' title='bbox 1784 309 1832 335; x_wconf 80' lang='grc' dir='ltr'>καὶ</span> 
     </span>
    </p>
   </div>
   <div class='ocr_carea' id='block_1_43' title="bbox 1040 355 1833 391">
    <p class='ocr_par' dir='ltr' id='par_1_43' title="bbox 1040 355 1833 391">
     <span class='ocr_line' id='line_1_43' title="bbox 1040 355 1833 391; baseline -0.004 -6"><span class='ocrx_word' id='word_1_301' title='bbox 1040 358 1135 390; x_wconf 84' lang='grc' dir='ltr'><strong>νύκτα,</strong></span> <span class='ocrx_word' id='word_1_302' title='bbox 1155 358 1185 384; x_wconf 84' lang='grc' dir='ltr'>οὐ</span> <span class='ocrx_word' id='word_1_303' title='bbox 1201 357 1252 388; x_wconf 87' lang='grc' dir='ltr'><strong>τὰς</strong></span> <span class='ocrx_word' id='word_1_304' title='bbox 1274 356 1359 387; x_wconf 84' lang='grc' dir='ltr'>αὐτὰς</span> <span class='ocrx_word' id='word_1_305' title='bbox 1372 355 1402 382; x_wconf 72' lang='grc' dir='ltr'><strong>δὲ</strong></span> <span class='ocrx_word' id='word_1_306' title='bbox 1424 356 1535 391; x_wconf 81' lang='grc' dir='ltr'>τροπάς.</span> <span class='ocrx_word' id='word_1_307' title='bbox 1561 356 1604 382; x_wconf 87' lang='grc' dir='ltr'>Ἐν</span> <span class='ocrx_word' id='word_1_308' title='bbox 1623 355 1761 390; x_wconf 76' lang='grc' dir='ltr'>Καρκὲνῳ</span> <span class='ocrx_word' id='word_1_309' title='bbox 1776 355 1833 390; x_wconf 75' lang='grc' dir='ltr'>γὰρ</span> 
     </span>
    </p>
   </div>
   <div class='ocr_carea' id='block_1_44' title="bbox 1038 399 1832 439">
    <p class='ocr_par' dir='ltr' id='par_1_44' title="bbox 1038 399 1832 439">
     <span class='ocr_line' id='line_1_44' title="bbox 1038 399 1832 439; baseline -0.005 -9"><span class='ocrx_word' id='word_1_310' title='bbox 1038 404 1186 439; x_wconf 85' lang='grc' dir='ltr'>γενόμενος</span> <span class='ocrx_word' id='word_1_311' title='bbox 1199 404 1213 430; x_wconf 80' lang='grc' dir='ltr'>ὁ</span> <span class='ocrx_word' id='word_1_312' title='bbox 1224 403 1300 438; x_wconf 79' lang='grc' dir='ltr'>ἥλιος</span> <span class='ocrx_word' id='word_1_313' title='bbox 1314 402 1380 438; x_wconf 81' lang='grc' dir='ltr'>ἡμῖν</span> <span class='ocrx_word' id='word_1_314' title='bbox 1393 402 1442 438; x_wconf 86' lang='grc' dir='ltr'>μὲν</span> <span class='ocrx_word' id='word_1_315' title='bbox 1459 401 1548 437; x_wconf 80' lang='grc' dir='ltr'>θέρος,</span> <span class='ocrx_word' id='word_1_316' title='bbox 1565 401 1749 437; x_wconf 83' lang='grc' dir='ltr'>βορειοτέροις</span> <span class='ocrx_word' id='word_1_317' title='bbox 1759 399 1832 431; x_wconf 77' lang='grc' dir='ltr'>οὖσι,</span> 
     </span>
    </p>
   </div>
   <div class='ocr_carea' id='block_1_45' title="bbox 1039 447 1834 484">
    <p class='ocr_par' dir='ltr' id='par_1_45' title="bbox 1039 447 1834 484">
     <span class='ocr_line' id='line_1_45' title="bbox 1039 447 1834 484; baseline -0.005 -8"><span class='ocrx_word' id='word_1_318' title='bbox 1039 451 1122 481; x_wconf 86' lang='grc' dir='ltr'>ποιεῖ,</span> <span class='ocrx_word' id='word_1_319' title='bbox 1131 450 1188 481; x_wconf 85' lang='grc' dir='ltr'>τοῖς</span> <span class='ocrx_word' id='word_1_320' title='bbox 1201 448 1230 475; x_wconf 83' lang='grc' dir='ltr'><strong>δὲ</strong></span> <span class='ocrx_word' id='word_1_321' title='bbox 1238 448 1416 484; x_wconf 83' lang='grc' dir='ltr'>νοτιωτέροις,</span> <span class='ocrx_word' id='word_1_322' title='bbox 1425 447 1555 483; x_wconf 82' lang='grc' dir='ltr'>χειμῶνα.</span> <span class='ocrx_word' id='word_1_323' title='bbox 1567 447 1652 474; x_wconf 84' lang='grc' dir='ltr'><strong>Ὅταν</strong></span> <span class='ocrx_word' id='word_1_324' title='bbox 1665 447 1694 473; x_wconf 85' lang='grc' dir='ltr'><strong>δὲ</strong></span> <span class='ocrx_word' id='word_1_325' title='bbox 1706 448 1736 473; x_wconf 85' lang='grc' dir='ltr'>ὲν</span> <span class='ocrx_word' id='word_1_326' title='bbox 1751 448 1834 481; x_wconf 74' lang='grc' dir='ltr'>Αἰγο-</span> 
     </span>
    </p>
   </div>
   <div class='ocr_carea' id='block_1_46' title="bbox 1040 491 1834 530">
    <p class='ocr_par' dir='ltr' id='par_1_46' title="bbox 1040 491 1834 530">
     <span class='ocr_line' id='line_1_46' title="bbox 1040 491 1834 530; baseline -0.004 -8"><span class='ocrx_word' id='word_1_327' title='bbox 1040 495 1141 530; x_wconf 84' lang='grc' dir='ltr'>κέρωτι</span> <span class='ocrx_word' id='word_1_328' title='bbox 1155 494 1278 530; x_wconf 85' lang='grc' dir='ltr'>γένηται,</span> <span class='ocrx_word' id='word_1_329' title='bbox 1291 494 1355 529; x_wconf 89' lang='grc' dir='ltr'>ἡμῖν</span> <span class='ocrx_word' id='word_1_330' title='bbox 1369 495 1418 529; x_wconf 81' lang='grc' dir='ltr'>μὲν</span> <span class='ocrx_word' id='word_1_331' title='bbox 1431 493 1553 529; x_wconf 82' lang='grc' dir='ltr'>χειμῶνα</span> <span class='ocrx_word' id='word_1_332' title='bbox 1564 493 1747 529; x_wconf 78' lang='grc' dir='ltr'>βορειοτέροις</span> <span class='ocrx_word' id='word_1_333' title='bbox 1761 491 1834 523; x_wconf 73' lang='grc' dir='ltr'>οὖσι,</span> 
     </span>
    </p>
   </div>
   <div class='ocr_carea' id='block_1_47' title="bbox 1038 540 1836 577">
    <p class='ocr_par' dir='ltr' id='par_1_47' title="bbox 1038 540 1836 577">
     <span class='ocr_line' id='line_1_47' title="bbox 1038 540 1836 577; baseline -0.003 -9"><span class='ocrx_word' id='word_1_334' title='bbox 1038 544 1093 574; x_wconf 85' lang='grc' dir='ltr'>τοῖς</span> <span class='ocrx_word' id='word_1_335' title='bbox 1110 541 1139 568; x_wconf 83' lang='grc' dir='ltr'><strong>δὲ</strong></span> <span class='ocrx_word' id='word_1_336' title='bbox 1153 542 1203 577; x_wconf 81' lang='grc' dir='ltr'>τὴν</span> <span class='ocrx_word' id='word_1_337' title='bbox 1224 541 1312 568; x_wconf 85' lang='grc' dir='ltr'>νότιον</span> <span class='ocrx_word' id='word_1_338' title='bbox 1334 541 1438 567; x_wconf 80' lang='grc' dir='ltr'>οἰκοῦσι</span> <span class='ocrx_word' id='word_1_339' title='bbox 1460 540 1548 576; x_wconf 84' lang='grc' dir='ltr'>ζώνην</span> <span class='ocrx_word' id='word_1_340' title='bbox 1572 540 1652 576; x_wconf 75' lang='grc' dir='ltr'>θέρος</span> <span class='ocrx_word' id='word_1_341' title='bbox 1666 541 1754 568; x_wconf 81' lang='grc' dir='ltr'>ποιεῖ.</span> <span class='ocrx_word' id='word_1_342' title='bbox 1779 540 1836 566; x_wconf 71' lang='grc' dir='ltr'>Καὶ</span> 
     </span>
    </p>
   </div>
   <div class='ocr_carea' id='block_1_48' title="bbox 1040 586 1837 623">
    <p class='ocr_par' dir='ltr' id='par_1_48' title="bbox 1040 586 1837 623">
     <span class='ocr_line' id='line_1_48' title="bbox 1040 586 1837 623; baseline -0.004 -9"><span class='ocrx_word' id='word_1_343' title='bbox 1040 588 1121 614; x_wconf 82' lang='grc' dir='ltr'>πάλιν</span> <span class='ocrx_word' id='word_1_344' title='bbox 1134 588 1189 614; x_wconf 81' lang='grc' dir='ltr'>τῶν</span> <span class='ocrx_word' id='word_1_345' title='bbox 1206 586 1357 623; x_wconf 58' lang='lat' dir='ltr'><strong>loquemth</strong></span> <span class='ocrx_word' id='word_1_346' title='bbox 1371 586 1417 613; x_wconf 75' lang='grc' dir='ltr'>δύο</span> <span class='ocrx_word' id='word_1_347' title='bbox 1430 586 1527 619; x_wconf 74' lang='grc' dir='ltr'>οὐσῶν,</span> <span class='ocrx_word' id='word_1_348' title='bbox 1546 587 1576 613; x_wconf 86' lang='grc' dir='ltr'>ὲν</span> <span class='ocrx_word' id='word_1_349' title='bbox 1596 586 1647 621; x_wconf 82' lang='grc' dir='ltr'>μὲν</span> <span class='ocrx_word' id='word_1_350' title='bbox 1660 586 1743 621; x_wconf 80' lang='grc' dir='ltr'>Κριῷ</span> <span class='ocrx_word' id='word_1_351' title='bbox 1759 586 1837 621; x_wconf 73' lang='grc' dir='ltr'>ἥλιος</span> 
     </span>
    </p>
   </div>
   <div class='ocr_carea' id='block_1_49' title="bbox 1039 631 1837 669">
    <p class='ocr_par' dir='ltr' id='par_1_49' title="bbox 1039 631 1837 669">
     <span class='ocr_line' id='line_1_49' title="bbox 1039 631 1837 669; baseline -0.003 -9"><span class='ocrx_word' id='word_1_352' title='bbox 1039 634 1185 669; x_wconf 81' lang='grc' dir='ltr'>γενόμενος</span> <span class='ocrx_word' id='word_1_353' title='bbox 1199 634 1265 669; x_wconf 88' lang='grc' dir='ltr'>ἡμῖν</span> <span class='ocrx_word' id='word_1_354' title='bbox 1288 633 1337 669; x_wconf 74' lang='grc' dir='ltr'>μὲν</span> <span class='ocrx_word' id='word_1_355' title='bbox 1354 632 1475 668; x_wconf 77' lang='grc' dir='ltr'><strong>ἐαρινὴν,</strong></span> <span class='ocrx_word' id='word_1_356' title='bbox 1492 633 1549 664; x_wconf 84' lang='grc' dir='ltr'>τοῖς</span> <span class='ocrx_word' id='word_1_357' title='bbox 1567 633 1616 668; x_wconf 85' lang='grc' dir='ltr'>τὴν</span> <span class='ocrx_word' id='word_1_358' title='bbox 1637 631 1762 668; x_wconf 83' lang='grc' dir='ltr'>βόρειον,</span> <span class='ocrx_word' id='word_1_359' title='bbox 1778 634 1837 664; x_wconf 66' lang='lat' dir='ltr'><strong>tot;</strong></span> 
     </span>
    </p>
   </div>
   <div class='ocr_carea' id='block_1_50' title="bbox 1039 678 1836 716">
    <p class='ocr_par' dir='ltr' id='par_1_50' title="bbox 1039 678 1836 716">
     <span class='ocr_line' id='line_1_50' title="bbox 1039 678 1836 716; baseline -0.003 -10"><span class='ocrx_word' id='word_1_360' title='bbox 1039 680 1067 707; x_wconf 77' lang='grc' dir='ltr'><strong>δὲ</strong></span> <span class='ocrx_word' id='word_1_361' title='bbox 1091 679 1225 711; x_wconf 82' lang='grc' dir='ltr'>ἀντοίκοις</span> <span class='ocrx_word' id='word_1_362' title='bbox 1249 679 1436 716; x_wconf 81' lang='grc' dir='ltr'>μετοπωρινὴν</span> <span class='ocrx_word' id='word_1_363' title='bbox 1457 678 1602 715; x_wconf 71' lang='grc' dir='ltr'>ἰσημερίαν</span> <span class='ocrx_word' id='word_1_364' title='bbox 1619 680 1702 705; x_wconf 78' lang='grc' dir='ltr'>ποιεί.</span> <span class='ocrx_word' id='word_1_365' title='bbox 1724 678 1791 705; x_wconf 71' lang='grc' dir='ltr'>Ἐὰν</span> <span class='ocrx_word' id='word_1_366' title='bbox 1807 679 1836 704; x_wconf 76' lang='grc' dir='ltr'><strong>δὲ</strong></span> 
     </span>
    </p>
   </div>
   <div class='ocr_carea' id='block_1_51' title="bbox 1040 723 1835 761">
    <p class='ocr_par' dir='ltr' id='par_1_51' title="bbox 1040 723 1835 761">
     <span class='ocr_line' id='line_1_51' title="bbox 1040 723 1835 761; baseline -0.003 -9"><span class='ocrx_word' id='word_1_367' title='bbox 1040 727 1070 752; x_wconf 80' lang='grc' dir='ltr'>ὲν</span> <span class='ocrx_word' id='word_1_368' title='bbox 1082 726 1187 761; x_wconf 84' lang='grc' dir='ltr'>Χηλαῖς</span> <span class='ocrx_word' id='word_1_369' title='bbox 1201 725 1330 760; x_wconf 77' lang='grc' dir='ltr'>γένηται,</span> <span class='ocrx_word' id='word_1_370' title='bbox 1347 726 1413 760; x_wconf 79' lang='grc' dir='ltr'>ἡμῖν</span> <span class='ocrx_word' id='word_1_371' title='bbox 1434 724 1483 759; x_wconf 82' lang='grc' dir='ltr'>μὲν</span> <span class='ocrx_word' id='word_1_372' title='bbox 1508 724 1712 760; x_wconf 80' lang='grc' dir='ltr'>μετοπωρινὴν,</span> <span class='ocrx_word' id='word_1_373' title='bbox 1727 725 1789 755; x_wconf 80' lang='grc' dir='ltr'>τοῖς</span> <span class='ocrx_word' id='word_1_374' title='bbox 1807 723 1835 750; x_wconf 75' lang='grc' dir='ltr'><strong>δὲ</strong></span> 
     </span>
    </p>
   </div>
   <div class='ocr_carea' id='block_1_52' title="bbox 1040 769 1836 807">
    <p class='ocr_par' dir='ltr' id='par_1_52' title="bbox 1040 769 1836 807">
     <span class='ocr_line' id='line_1_52' title="bbox 1040 769 1836 807; baseline -0.001 -10"><span class='ocrx_word' id='word_1_375' title='bbox 1040 771 1176 802; x_wconf 80' lang='grc' dir='ltr'>ἀντοίκοις</span> <span class='ocrx_word' id='word_1_376' title='bbox 1194 771 1303 807; x_wconf 79' lang='grc' dir='ltr'>ἐαρινὴν</span> <span class='ocrx_word' id='word_1_377' title='bbox 1325 770 1470 805; x_wconf 78' lang='grc' dir='ltr'>ἰσημερίαν</span> <span class='ocrx_word' id='word_1_378' title='bbox 1486 771 1568 796; x_wconf 81' lang='grc' dir='ltr'>ποιεῖ.</span> <span class='ocrx_word' id='word_1_379' title='bbox 1585 770 1652 796; x_wconf 76' lang='grc' dir='ltr'><strong>Ἀπὸ</strong></span> <span class='ocrx_word' id='word_1_380' title='bbox 1669 769 1699 796; x_wconf 78' lang='grc' dir='ltr'><strong>δὲ</strong></span> <span class='ocrx_word' id='word_1_381' title='bbox 1719 770 1773 805; x_wconf 79' lang='grc' dir='ltr'>τῆς</span> <span class='ocrx_word' id='word_1_382' title='bbox 1788 769 1836 796; x_wconf 72' lang='grc' dir='ltr'>τοῦ</span> 
     </span>
    </p>
   </div>
   <div class='ocr_carea' id='block_1_53' title="bbox 1043 815 1838 852">
    <p class='ocr_par' dir='ltr' id='par_1_53' title="bbox 1043 815 1838 852">
     <span class='ocr_line' id='line_1_53' title="bbox 1043 815 1838 852; baseline -0.003 -9"><span class='ocrx_word' id='word_1_383' title='bbox 1043 816 1131 852; x_wconf 83' lang='grc' dir='ltr'>Κριοῦ</span> <span class='ocrx_word' id='word_1_384' title='bbox 1145 816 1289 852; x_wconf 82' lang='grc' dir='ltr'>ἰσημερίας</span> <span class='ocrx_word' id='word_1_385' title='bbox 1299 816 1348 851; x_wconf 83' lang='grc' dir='ltr'>τῆς</span> <span class='ocrx_word' id='word_1_386' title='bbox 1368 817 1432 851; x_wconf 81' lang='grc' dir='ltr'>παρ’</span> <span class='ocrx_word' id='word_1_387' title='bbox 1446 817 1511 851; x_wconf 81' lang='grc' dir='ltr'>ἡμῖν</span> <span class='ocrx_word' id='word_1_388' title='bbox 1523 815 1634 851; x_wconf 78' lang='grc' dir='ltr'>ἐαρινῆς</span> <span class='ocrx_word' id='word_1_389' title='bbox 1645 816 1659 841; x_wconf 82' lang='grc' dir='ltr'>ὁ</span> <span class='ocrx_word' id='word_1_390' title='bbox 1674 815 1754 851; x_wconf 76' lang='grc' dir='ltr'>ἥλιος</span> <span class='ocrx_word' id='word_1_391' title='bbox 1771 816 1838 841; x_wconf 75' lang='grc' dir='ltr'>ἀνα-</span> 
     </span>
    </p>
   </div>
   <div class='ocr_carea' id='block_1_54' title="bbox 1042 861 1838 900">
    <p class='ocr_par' dir='ltr' id='par_1_54' title="bbox 1042 861 1838 900">
     <span class='ocr_line' id='line_1_54' title="bbox 1042 861 1838 900; baseline -0.001 -11"><span class='ocrx_word' id='word_1_392' title='bbox 1042 863 1142 890; x_wconf 74' lang='grc' dir='ltr'>ϐαίνων</span> <span class='ocrx_word' id='word_1_393' title='bbox 1155 863 1184 889; x_wconf 80' lang='grc' dir='ltr'>ὲν</span> <span class='ocrx_word' id='word_1_394' title='bbox 1204 863 1334 898; x_wconf 83' lang='grc' dir='ltr'>Καρκίνῳ</span> <span class='ocrx_word' id='word_1_395' title='bbox 1345 862 1432 900; x_wconf 41' lang='grc' dir='ltr'>,Θέρος</span> <span class='ocrx_word' id='word_1_396' title='bbox 1447 862 1497 897; x_wconf 78' lang='grc' dir='ltr'>μὲν</span> <span class='ocrx_word' id='word_1_397' title='bbox 1511 863 1575 898; x_wconf 83' lang='grc' dir='ltr'>ἡμῖν</span> <span class='ocrx_word' id='word_1_398' title='bbox 1593 863 1674 893; x_wconf 74' lang='grc' dir='ltr'>ποιεί,</span> <span class='ocrx_word' id='word_1_399' title='bbox 1692 863 1742 888; x_wconf 76' lang='grc' dir='ltr'>καὶ</span> <span class='ocrx_word' id='word_1_400' title='bbox 1759 861 1838 894; x_wconf 73' lang='grc' dir='ltr'>αὔξει</span> 
     </span>
    </p>
   </div>
   <div class='ocr_carea' id='block_1_55' title="bbox 1041 907 1838 943">
    <p class='ocr_par' dir='ltr' id='par_1_55' title="bbox 1041 907 1838 943">
     <span class='ocr_line' id='line_1_55' title="bbox 1041 907 1838 943; baseline -0.003 -9"><span class='ocrx_word' id='word_1_401' title='bbox 1041 907 1090 939; x_wconf 84' lang='grc' dir='ltr'>τὰς</span> <span class='ocrx_word' id='word_1_402' title='bbox 1105 907 1221 943; x_wconf 85' lang='grc' dir='ltr'>ἡμέρας,</span> <span class='ocrx_word' id='word_1_403' title='bbox 1240 907 1290 939; x_wconf 79' lang='grc' dir='ltr'>τὰς</span> <span class='ocrx_word' id='word_1_404' title='bbox 1306 908 1334 934; x_wconf 86' lang='grc' dir='ltr'><strong>δὲ</strong></span> <span class='ocrx_word' id='word_1_405' title='bbox 1347 907 1445 939; x_wconf 79' lang='grc' dir='ltr'>νύκτας</span> <span class='ocrx_word' id='word_1_406' title='bbox 1460 907 1588 939; x_wconf 75' lang='grc' dir='ltr'><strong>ἐλάττους</strong></span> <span class='ocrx_word' id='word_1_407' title='bbox 1598 908 1671 934; x_wconf 79' lang='grc' dir='ltr'>ποιεῖ</span> <span class='ocrx_word' id='word_1_408' title='bbox 1683 907 1706 922; x_wconf 88' lang='grc'><strong>¹⁵</strong></span> <span class='ocrx_word' id='word_1_409' title='bbox 1717 916 1724 922; x_wconf 86' lang='grc'><strong>·</strong></span> <span class='ocrx_word' id='word_1_410' title='bbox 1741 907 1799 933; x_wconf 76' lang='grc' dir='ltr'>ἀπὸ</span> <span class='ocrx_word' id='word_1_411' title='bbox 1810 907 1838 933; x_wconf 66' lang='grc' dir='ltr'><strong><em>ἃ</em></strong></span> 
     </span>
    </p>
   </div>
   <div class='ocr_carea' id='block_1_56' title="bbox 1042 951 1838 988">
    <p class='ocr_par' dir='ltr' id='par_1_56' title="bbox 1042 951 1838 988">
     <span class='ocr_line' id='line_1_56' title="bbox 1042 951 1838 988; baseline 0 -10"><span class='ocrx_word' id='word_1_412' title='bbox 1042 953 1090 988; x_wconf 85' lang='grc' dir='ltr'>τῆς</span> <span class='ocrx_word' id='word_1_413' title='bbox 1103 953 1132 978; x_wconf 72' lang='grc' dir='ltr'>ἐν</span> <span class='ocrx_word' id='word_1_414' title='bbox 1146 952 1249 987; x_wconf 86' lang='grc' dir='ltr'>Χηλαίς</span> <span class='ocrx_word' id='word_1_415' title='bbox 1269 953 1413 988; x_wconf 77' lang='grc' dir='ltr'>ἰσημερίας</span> <span class='ocrx_word' id='word_1_416' title='bbox 1427 953 1473 978; x_wconf 67' lang='grc' dir='ltr'><strong>ἐπὶ.</strong></span> <span class='ocrx_word' id='word_1_417' title='bbox 1491 952 1536 978; x_wconf 83' lang='grc' dir='ltr'>τὸν</span> <span class='ocrx_word' id='word_1_418' title='bbox 1549 951 1728 988; x_wconf 81' lang='grc' dir='ltr'>Δίγοκέρωτα</span> <span class='ocrx_word' id='word_1_419' title='bbox 1750 960 1838 978; x_wconf 82' lang='grc' dir='ltr'>κατα-</span> 
     </span>
    </p>
   </div>
   <div class='ocr_carea' id='block_1_57' title="bbox 1043 997 1839 1033">
    <p class='ocr_par' dir='ltr' id='par_1_57' title="bbox 1043 997 1839 1033">
     <span class='ocr_line' id='line_1_57' title="bbox 1043 997 1839 1033; baseline 0 -9"><span class='ocrx_word' id='word_1_420' title='bbox 1043 998 1151 1031; x_wconf 75' lang='grc' dir='ltr'>ϐαίνων,</span> <span class='ocrx_word' id='word_1_421' title='bbox 1168 999 1233 1033; x_wconf 81' lang='grc' dir='ltr'>παρ’</span> <span class='ocrx_word' id='word_1_422' title='bbox 1255 999 1320 1033; x_wconf 75' lang='grc' dir='ltr'>ἡμῖν</span> <span class='ocrx_word' id='word_1_423' title='bbox 1349 998 1398 1032; x_wconf 77' lang='grc' dir='ltr'>μὲν</span> <span class='ocrx_word' id='word_1_424' title='bbox 1419 999 1488 1033; x_wconf 82' lang='grc' dir='ltr'>μειοῖ</span> <span class='ocrx_word' id='word_1_425' title='bbox 1507 997 1556 1030; x_wconf 84' lang='grc' dir='ltr'><strong>τὰς</strong></span> <span class='ocrx_word' id='word_1_426' title='bbox 1570 998 1695 1033; x_wconf 81' lang='grc' dir='ltr'>ἡμέρας,</span> <span class='ocrx_word' id='word_1_427' title='bbox 1714 997 1765 1024; x_wconf 76' lang='grc' dir='ltr'>καὶ</span> <span class='ocrx_word' id='word_1_428' title='bbox 1790 997 1839 1029; x_wconf 74' lang='grc' dir='ltr'><strong>τὰς</strong></span> 
     </span>
    </p>
   </div>
   <div class='ocr_carea' id='block_1_58' title="bbox 1042 1044 1839 1080">
    <p class='ocr_par' dir='ltr' id='par_1_58' title="bbox 1042 1044 1839 1080">
     <span class='ocr_line' id='line_1_58' title="bbox 1042 1044 1839 1080; baseline -0.003 -8"><span class='ocrx_word' id='word_1_429' title='bbox 1042 1045 1142 1077; x_wconf 83' lang='grc' dir='ltr'>νύκτας</span> <span class='ocrx_word' id='word_1_430' title='bbox 1155 1045 1242 1078; x_wconf 71' lang='grc' dir='ltr'>αὖξει,</span> <span class='ocrx_word' id='word_1_431' title='bbox 1253 1045 1376 1080; x_wconf 80' lang='grc' dir='ltr'>χειμῶνα</span> <span class='ocrx_word' id='word_1_432' title='bbox 1389 1044 1610 1080; x_wconf 78' lang='grc' dir='ltr'>ἀπεργαζόμενος</span> <span class='ocrx_word' id='word_1_433' title='bbox 1619 1053 1626 1060; x_wconf 87' lang='grc'><strong>·</strong></span> <span class='ocrx_word' id='word_1_434' title='bbox 1641 1044 1708 1080; x_wconf 78' lang='grc' dir='ltr'>παρ’</span> <span class='ocrx_word' id='word_1_435' title='bbox 1720 1045 1839 1075; x_wconf 75' lang='grc' dir='ltr'>ἐκείνοις</span> 
     </span>
    </p>
   </div>
   <div class='ocr_carea' id='block_1_59' title="bbox 1041 1090 1838 1126">
    <p class='ocr_par' dir='ltr' id='par_1_59' title="bbox 1041 1090 1838 1126">
     <span class='ocr_line' id='line_1_59' title="bbox 1041 1090 1838 1126; baseline -0.001 -9"><span class='ocrx_word' id='word_1_436' title='bbox 1041 1091 1070 1118; x_wconf 79' lang='grc' dir='ltr'><strong>δὲ</strong></span> <span class='ocrx_word' id='word_1_437' title='bbox 1084 1090 1160 1124; x_wconf 76' lang='grc' dir='ltr'>αὔξει</span> <span class='ocrx_word' id='word_1_438' title='bbox 1178 1091 1228 1125; x_wconf 84' lang='grc' dir='ltr'><strong>τὴν</strong></span> <span class='ocrx_word' id='word_1_439' title='bbox 1249 1091 1367 1126; x_wconf 81' lang='grc' dir='ltr'>ἡμέραν,</span> <span class='ocrx_word' id='word_1_440' title='bbox 1385 1090 1432 1116; x_wconf 75' lang='grc' dir='ltr'>καὶ</span> <span class='ocrx_word' id='word_1_441' title='bbox 1455 1090 1504 1126; x_wconf 86' lang='grc' dir='ltr'>τὴν</span> <span class='ocrx_word' id='word_1_442' title='bbox 1519 1090 1604 1117; x_wconf 85' lang='grc' dir='ltr'>νύκτα</span> <span class='ocrx_word' id='word_1_443' title='bbox 1625 1091 1741 1126; x_wconf 80' lang='grc' dir='ltr'>μοιεί¹⁶,</span> <span class='ocrx_word' id='word_1_444' title='bbox 1759 1090 1838 1124; x_wconf 74' lang='grc' dir='ltr'>θέρος</span> 
     </span>
    </p>
   </div>
   <div class='ocr_carea' id='block_1_60' title="bbox 1042 1136 1836 1172">
    <p class='ocr_par' dir='ltr' id='par_1_60' title="bbox 1042 1136 1836 1172">
     <span class='ocr_line' id='line_1_60' title="bbox 1042 1136 1836 1172; baseline -0.001 -9"><span class='ocrx_word' id='word_1_445' title='bbox 1042 1137 1137 1164; x_wconf 84' lang='grc' dir='ltr'>ποιῶν.</span> <span class='ocrx_word' id='word_1_446' title='bbox 1154 1137 1277 1165; x_wconf 83' lang='grc' dir='ltr'>Καθόλου</span> <span class='ocrx_word' id='word_1_447' title='bbox 1302 1137 1331 1163; x_wconf 85' lang='grc' dir='ltr'><strong>δὲ</strong></span> <span class='ocrx_word' id='word_1_448' title='bbox 1348 1137 1435 1164; x_wconf 85' lang='grc' dir='ltr'>εἰπεῖν</span> <span class='ocrx_word' id='word_1_449' title='bbox 1446 1157 1452 1169; x_wconf 86' lang='lat'>,</span> <span class='ocrx_word' id='word_1_450' title='bbox 1468 1136 1482 1163; x_wconf 81' lang='grc' dir='ltr'><strong>ὃ</strong></span> <span class='ocrx_word' id='word_1_451' title='bbox 1500 1137 1566 1172; x_wconf 85' lang='grc' dir='ltr'>ἡμῖν</span> <span class='ocrx_word' id='word_1_452' title='bbox 1587 1137 1660 1162; x_wconf 85' lang='grc' dir='ltr'>ποιεῖ</span> <span class='ocrx_word' id='word_1_453' title='bbox 1684 1136 1836 1171; x_wconf 79' lang='grc' dir='ltr'>Καρκίνος,</span> 
     </span>
    </p>
   </div>
   <div class='ocr_carea' id='block_1_61' title="bbox 1042 1181 1836 1217">
    <p class='ocr_par' dir='ltr' id='par_1_61' title="bbox 1042 1181 1836 1217">
     <span class='ocr_line' id='line_1_61' title="bbox 1042 1181 1836 1217; baseline -0.004 -8"><span class='ocrx_word' id='word_1_454' title='bbox 1042 1182 1114 1209; x_wconf 78' lang='grc' dir='ltr'>τοῦτ’</span> <span class='ocrx_word' id='word_1_455' title='bbox 1141 1182 1255 1213; x_wconf 80' lang='grc' dir='ltr'>ἐκείνοις</span> <span class='ocrx_word' id='word_1_456' title='bbox 1274 1182 1446 1217; x_wconf 84' lang='grc' dir='ltr'>Δίγόκερως·</span> <span class='ocrx_word' id='word_1_457' title='bbox 1479 1181 1493 1208; x_wconf 82' lang='grc' dir='ltr'><strong><em>ὃ</em></strong></span> <span class='ocrx_word' id='word_1_458' title='bbox 1512 1182 1535 1208; x_wconf 89' lang='grc' dir='ltr'><strong>δ’</strong></span> <span class='ocrx_word' id='word_1_459' title='bbox 1557 1181 1622 1216; x_wconf 80' lang='grc' dir='ltr'>ἡμῖν</span> <span class='ocrx_word' id='word_1_460' title='bbox 1654 1181 1836 1215; x_wconf 81' lang='grc' dir='ltr'>Λίγόκερως,</span> 
     </span>
    </p>
   </div>
   <div class='ocr_carea' id='block_1_62' title="bbox 1042 1226 1837 1262">
    <p class='ocr_par' dir='ltr' id='par_1_62' title="bbox 1042 1226 1837 1262">
     <span class='ocr_line' id='line_1_62' title="bbox 1042 1226 1837 1262; baseline -0.003 -8"><span class='ocrx_word' id='word_1_461' title='bbox 1042 1227 1114 1254; x_wconf 77' lang='grc' dir='ltr'>τοῦτ’</span> <span class='ocrx_word' id='word_1_462' title='bbox 1125 1228 1240 1259; x_wconf 79' lang='grc' dir='ltr'>ἐκείνοις</span> <span class='ocrx_word' id='word_1_463' title='bbox 1248 1227 1402 1262; x_wconf 83' lang='grc' dir='ltr'>Καρκίνος·</span> <span class='ocrx_word' id='word_1_464' title='bbox 1420 1227 1434 1253; x_wconf 84' lang='grc' dir='ltr'>ὃ</span> <span class='ocrx_word' id='word_1_465' title='bbox 1447 1227 1468 1253; x_wconf 80' lang='grc' dir='ltr'><strong>δ’</strong></span> <span class='ocrx_word' id='word_1_466' title='bbox 1483 1227 1550 1262; x_wconf 87' lang='grc' dir='ltr'>ἡμῖν</span> <span class='ocrx_word' id='word_1_467' title='bbox 1565 1227 1659 1262; x_wconf 72' lang='grc' dir='ltr'>Κριὸς,</span> <span class='ocrx_word' id='word_1_468' title='bbox 1674 1226 1749 1253; x_wconf 77' lang='grc' dir='ltr'>τοῦτ’</span> <span class='ocrx_word' id='word_1_469' title='bbox 1765 1227 1837 1253; x_wconf 79' lang='grc' dir='ltr'>ἑκεί-</span> 
     </span>
    </p>
   </div>
   <div class='ocr_carea' id='block_1_63' title="bbox 1043 1271 1837 1308">
    <p class='ocr_par' dir='ltr' id='par_1_63' title="bbox 1043 1271 1837 1308">
     <span class='ocr_line' id='line_1_63' title="bbox 1043 1271 1837 1308; baseline -0.001 -9"><span class='ocrx_word' id='word_1_470' title='bbox 1043 1281 1100 1304; x_wconf 86' lang='grc' dir='ltr'>νοις</span> <span class='ocrx_word' id='word_1_471' title='bbox 1116 1272 1224 1308; x_wconf 82' lang='grc' dir='ltr'>Χηλαί·</span> <span class='ocrx_word' id='word_1_472' title='bbox 1242 1273 1290 1299; x_wconf 67' lang='grc' dir='ltr'>καὶ</span> <span class='ocrx_word' id='word_1_473' title='bbox 1302 1272 1332 1298; x_wconf 83' lang='grc' dir='ltr'>τὸ</span> <span class='ocrx_word' id='word_1_474' title='bbox 1352 1271 1496 1299; x_wconf 81' lang='grc' dir='ltr'>ἀνάπαλιν.</span> <span class='ocrx_word' id='word_1_475' title='bbox 1513 1272 1544 1298; x_wconf 79' lang='grc' dir='ltr'><strong>Οἱ</strong></span> <span class='ocrx_word' id='word_1_476' title='bbox 1569 1272 1597 1298; x_wconf 76' lang='grc' dir='ltr'><strong>δὲ</strong></span> <span class='ocrx_word' id='word_1_477' title='bbox 1611 1271 1772 1306; x_wconf 82' lang='grc' dir='ltr'>ἀντίχθονες</span> <span class='ocrx_word' id='word_1_478' title='bbox 1790 1271 1837 1303; x_wconf 78' lang='grc' dir='ltr'>τὰς</span> 
     </span>
    </p>
   </div>
   <div class='ocr_carea' id='block_1_64' title="bbox 1043 1317 1837 1354">
    <p class='ocr_par' dir='ltr' id='par_1_64' title="bbox 1043 1317 1837 1354">
     <span class='ocr_line' id='line_1_64' title="bbox 1043 1317 1837 1354; baseline -0.001 -10"><span class='ocrx_word' id='word_1_479' title='bbox 1043 1318 1144 1349; x_wconf 74' lang='grc' dir='ltr'>νύκτας</span> <span class='ocrx_word' id='word_1_480' title='bbox 1161 1318 1210 1344; x_wconf 81' lang='grc' dir='ltr'>καὶ</span> <span class='ocrx_word' id='word_1_481' title='bbox 1221 1317 1271 1349; x_wconf 84' lang='grc' dir='ltr'>τὰς</span> <span class='ocrx_word' id='word_1_482' title='bbox 1282 1318 1389 1354; x_wconf 83' lang='grc' dir='ltr'>ἡμέρας</span> <span class='ocrx_word' id='word_1_483' title='bbox 1406 1317 1638 1353; x_wconf 78' lang='grc' dir='ltr'>παρηλλαγμένας</span> <span class='ocrx_word' id='word_1_484' title='bbox 1653 1317 1759 1352; x_wconf 77' lang='grc' dir='ltr'>έχουσι.</span> <span class='ocrx_word' id='word_1_485' title='bbox 1776 1317 1837 1348; x_wconf 80' lang='grc' dir='ltr'>Τοῖς</span> 
     </span>
    </p>
   </div>
   <div class='ocr_carea' id='block_1_65' title="bbox 1043 1362 1837 1399">
    <p class='ocr_par' dir='ltr' id='par_1_65' title="bbox 1043 1362 1837 1399">
     <span class='ocr_line' id='line_1_65' title="bbox 1043 1362 1837 1399; baseline -0.001 -10"><span class='ocrx_word' id='word_1_486' title='bbox 1043 1363 1097 1399; x_wconf 78' lang='grc' dir='ltr'><strong>γὰρ</strong></span> <span class='ocrx_word' id='word_1_487' title='bbox 1111 1363 1181 1398; x_wconf 82' lang='grc' dir='ltr'>ὑπὲρ</span> <span class='ocrx_word' id='word_1_488' title='bbox 1195 1363 1248 1398; x_wconf 74' lang='grc' dir='ltr'><strong>γῆς</strong></span> <span class='ocrx_word' id='word_1_489' title='bbox 1264 1362 1419 1398; x_wconf 81' lang='grc' dir='ltr'>ἀντίχθοσιν</span> <span class='ocrx_word' id='word_1_490' title='bbox 1442 1362 1595 1390; x_wconf 82' lang='grc' dir='ltr'>ἀνατέλλων</span> <span class='ocrx_word' id='word_1_491' title='bbox 1608 1363 1622 1388; x_wconf 83' lang='grc' dir='ltr'><strong>ὸ</strong></span> <span class='ocrx_word' id='word_1_492' title='bbox 1638 1363 1716 1398; x_wconf 73' lang='grc' dir='ltr'>ἣλιος</span> <span class='ocrx_word' id='word_1_493' title='bbox 1731 1363 1837 1398; x_wconf 79' lang='grc' dir='ltr'>ἡμέραν</span> 
     </span>
    </p>
   </div>
   <div class='ocr_carea' id='block_1_66' title="bbox 1044 1408 1836 1444">
    <p class='ocr_par' dir='ltr' id='par_1_66' title="bbox 1044 1408 1836 1444">
     <span class='ocr_line' id='line_1_66' title="bbox 1044 1408 1836 1444; baseline -0.005 -8"><span class='ocrx_word' id='word_1_494' title='bbox 1044 1411 1126 1441; x_wconf 83' lang='grc' dir='ltr'>ποιεῖ,</span> <span class='ocrx_word' id='word_1_495' title='bbox 1142 1410 1198 1441; x_wconf 85' lang='grc' dir='ltr'>τοῖς</span> <span class='ocrx_word' id='word_1_496' title='bbox 1210 1409 1239 1435; x_wconf 84' lang='grc' dir='ltr'><strong>δὲ</strong></span> <span class='ocrx_word' id='word_1_497' title='bbox 1258 1408 1311 1435; x_wconf 84' lang='grc' dir='ltr'>ὑπὸ</span> <span class='ocrx_word' id='word_1_498' title='bbox 1328 1409 1380 1444; x_wconf 83' lang='grc' dir='ltr'><strong>γῆν</strong></span> <span class='ocrx_word' id='word_1_499' title='bbox 1396 1408 1490 1436; x_wconf 78' lang='grc' dir='ltr'>νύκτα.</span> <span class='ocrx_word' id='word_1_500' title='bbox 1507 1408 1563 1435; x_wconf 70' lang='grc' dir='ltr'>Καὶ</span> <span class='ocrx_word' id='word_1_501' title='bbox 1581 1408 1663 1435; x_wconf 78' lang='grc' dir='ltr'>πάλιν</span> <span class='ocrx_word' id='word_1_502' title='bbox 1684 1408 1754 1443; x_wconf 81' lang='grc' dir='ltr'>παρ’</span> <span class='ocrx_word' id='word_1_503' title='bbox 1772 1409 1836 1443; x_wconf 83' lang='grc' dir='ltr'>ἡμῖν</span> 
     </span>
    </p>
   </div>
   <div class='ocr_carea' id='block_1_67' title="bbox 1043 1453 1837 1493">
    <p class='ocr_par' dir='ltr' id='par_1_67' title="bbox 1043 1453 1837 1493">
     <span class='ocr_line' id='line_1_67' title="bbox 1043 1453 1837 1493; baseline -0.003 -12"><span class='ocrx_word' id='word_1_504' title='bbox 1043 1454 1129 1482; x_wconf 85' lang='grc' dir='ltr'>δύνων</span> <span class='ocrx_word' id='word_1_505' title='bbox 1143 1454 1159 1480; x_wconf 79' lang='grc' dir='ltr'>ὁ</span> <span class='ocrx_word' id='word_1_506' title='bbox 1170 1454 1244 1493; x_wconf 77' lang='grc' dir='ltr'>ᾕλιος</span> <span class='ocrx_word' id='word_1_507' title='bbox 1263 1453 1348 1481; x_wconf 84' lang='grc' dir='ltr'>νύκτα</span> <span class='ocrx_word' id='word_1_508' title='bbox 1364 1455 1451 1480; x_wconf 78' lang='grc' dir='ltr'>ποιεῖ·</span> <span class='ocrx_word' id='word_1_509' title='bbox 1467 1453 1542 1490; x_wconf 83' lang='grc' dir='ltr'>παρὰ</span> <span class='ocrx_word' id='word_1_510' title='bbox 1556 1453 1585 1479; x_wconf 82' lang='grc' dir='ltr'><strong>δὲ</strong></span> <span class='ocrx_word' id='word_1_511' title='bbox 1602 1454 1660 1485; x_wconf 84' lang='grc' dir='ltr'>τοῖς</span> <span class='ocrx_word' id='word_1_512' title='bbox 1677 1453 1758 1479; x_wconf 82' lang='grc' dir='ltr'>κάτω</span> <span class='ocrx_word' id='word_1_513' title='bbox 1775 1453 1837 1483; x_wconf 67' lang='grc' dir='ltr'>ἀνα-</span> 
     </span>
    </p>
   </div>
   <div class='ocr_carea' id='block_1_68' title="bbox 1043 1499 1837 1536">
    <p class='ocr_par' dir='ltr' id='par_1_68' title="bbox 1043 1499 1837 1536">
     <span class='ocr_line' id='line_1_68' title="bbox 1043 1499 1837 1536; baseline -0.001 -10"><span class='ocrx_word' id='word_1_514' title='bbox 1043 1500 1130 1527; x_wconf 81' lang='grc' dir='ltr'>τέλλει</span> <span class='ocrx_word' id='word_1_515' title='bbox 1150 1500 1256 1536; x_wconf 79' lang='grc' dir='ltr'>ἡμέραν</span> <span class='ocrx_word' id='word_1_516' title='bbox 1272 1499 1367 1527; x_wconf 82' lang='grc' dir='ltr'>ποιῶν.</span> <span class='ocrx_word' id='word_1_517' title='bbox 1386 1499 1495 1535; x_wconf 78' lang='grc' dir='ltr'>Τροπὰς</span> <span class='ocrx_word' id='word_1_518' title='bbox 1510 1499 1601 1534; x_wconf 83' lang='grc' dir='ltr'>μέντοι</span> <span class='ocrx_word' id='word_1_519' title='bbox 1617 1499 1666 1526; x_wconf 75' lang='grc' dir='ltr'>καὶ</span> <span class='ocrx_word' id='word_1_520' title='bbox 1691 1499 1837 1534; x_wconf 80' lang='grc' dir='ltr'>ἰσημερίας</span> 
     </span>
    </p>
   </div>
   <div class='ocr_carea' id='block_1_69' title="bbox 1044 1543 1837 1581">
    <p class='ocr_par' dir='ltr' id='par_1_69' title="bbox 1044 1543 1837 1581">
     <span class='ocr_line' id='line_1_69' title="bbox 1044 1543 1837 1581; baseline -0.003 -9"><span class='ocrx_word' id='word_1_521' title='bbox 1044 1545 1093 1578; x_wconf 80' lang='grc' dir='ltr'>τὰς</span> <span class='ocrx_word' id='word_1_522' title='bbox 1110 1545 1196 1577; x_wconf 75' lang='grc' dir='ltr'>αὐτὰς</span> <span class='ocrx_word' id='word_1_523' title='bbox 1207 1545 1314 1580; x_wconf 80' lang='grc' dir='ltr'>ἔχουσιν</span> <span class='ocrx_word' id='word_1_524' title='bbox 1325 1545 1350 1572; x_wconf 88' lang='grc' dir='ltr'><strong>οἰ</strong></span> <span class='ocrx_word' id='word_1_525' title='bbox 1366 1545 1422 1572; x_wconf 81' lang='grc' dir='ltr'>ἀνω</span> <span class='ocrx_word' id='word_1_526' title='bbox 1438 1544 1537 1581; x_wconf 83' lang='grc' dir='ltr'>βόρειοι</span> <span class='ocrx_word' id='word_1_527' title='bbox 1548 1545 1604 1576; x_wconf 86' lang='grc' dir='ltr'>τοῖς</span> <span class='ocrx_word' id='word_1_528' title='bbox 1614 1543 1690 1571; x_wconf 83' lang='grc' dir='ltr'>κάτω</span> <span class='ocrx_word' id='word_1_529' title='bbox 1704 1544 1820 1579; x_wconf 79' lang='grc' dir='ltr'>βορείοις</span> <span class='ocrx_word' id='word_1_530' title='bbox 1829 1551 1837 1558; x_wconf 83' lang='grc'><strong>“</strong></span> 
     </span>
    </p>
   </div>
   <div class='ocr_carea' id='block_1_70' title="bbox 1047 1590 1839 1626">
    <p class='ocr_par' dir='ltr' id='par_1_70' title="bbox 1047 1590 1839 1626">
     <span class='ocr_line' id='line_1_70' title="bbox 1047 1590 1839 1626; baseline -0.004 -7"><span class='ocrx_word' id='word_1_531' title='bbox 1047 1591 1186 1620; x_wconf 77' lang='grc' dir='ltr'>τουτέστιν</span> <span class='ocrx_word' id='word_1_532' title='bbox 1201 1592 1225 1618; x_wconf 79' lang='grc' dir='ltr'>οἱ</span> <span class='ocrx_word' id='word_1_533' title='bbox 1240 1591 1406 1626; x_wconf 80' lang='grc' dir='ltr'>ἀντίχθονες.</span> <span class='ocrx_word' id='word_1_534' title='bbox 1416 1591 1449 1618; x_wconf 88' lang='grc' dir='ltr'><strong>Οἰ</strong></span> <span class='ocrx_word' id='word_1_535' title='bbox 1461 1591 1489 1618; x_wconf 83' lang='grc' dir='ltr'><strong>δὲ</strong></span> <span class='ocrx_word' id='word_1_536' title='bbox 1504 1590 1645 1622; x_wconf 80' lang='grc' dir='ltr'>ἀντίποδες</span> <span class='ocrx_word' id='word_1_537' title='bbox 1660 1590 1754 1617; x_wconf 83' lang='grc' dir='ltr'>πάντα</span> <span class='ocrx_word' id='word_1_538' title='bbox 1764 1591 1839 1616; x_wconf 74' lang='grc' dir='ltr'>ἐναν-</span> 
     </span>
    </p>
   </div>
   <div class='ocr_carea' id='block_1_71' title="bbox 1047 1636 1838 1673">
    <p class='ocr_par' dir='ltr' id='par_1_71' title="bbox 1047 1636 1838 1673">
     <span class='ocr_line' id='line_1_71' title="bbox 1047 1636 1838 1673; baseline -0.004 -9"><span class='ocrx_word' id='word_1_539' title='bbox 1047 1638 1093 1665; x_wconf 83' lang='grc' dir='ltr'><strong>τία</strong></span> <span class='ocrx_word' id='word_1_540' title='bbox 1112 1637 1160 1665; x_wconf 65' lang='grc' dir='ltr'>καὶ</span> <span class='ocrx_word' id='word_1_541' title='bbox 1178 1637 1320 1673; x_wconf 83' lang='grc' dir='ltr'>μαχόμενα</span> <span class='ocrx_word' id='word_1_542' title='bbox 1339 1636 1464 1672; x_wconf 59' lang='grc' dir='ltr'>ἔχουσιν</span> <span class='ocrx_word' id='word_1_543' title='bbox 1481 1637 1526 1663; x_wconf 78' lang='grc' dir='ltr'>ὅτε</span> <span class='ocrx_word' id='word_1_544' title='bbox 1544 1637 1594 1672; x_wconf 82' lang='grc' dir='ltr'>μὲν</span> <span class='ocrx_word' id='word_1_545' title='bbox 1607 1636 1663 1672; x_wconf 85' lang='grc' dir='ltr'>γὰρ</span> <span class='ocrx_word' id='word_1_546' title='bbox 1680 1636 1752 1671; x_wconf 77' lang='grc' dir='ltr'>πρὸς</span> <span class='ocrx_word' id='word_1_547' title='bbox 1767 1636 1838 1671; x_wconf 72' lang='grc' dir='ltr'>ἡμᾶς</span> 
     </span>
    </p>
   </div>
   <div class='ocr_carea' id='block_1_72' title="bbox 1046 1680 1838 1719">
    <p class='ocr_par' dir='ltr' id='par_1_72' title="bbox 1046 1680 1838 1719">
     <span class='ocr_line' id='line_1_72' title="bbox 1046 1680 1838 1719; baseline -0.005 -9"><span class='ocrx_word' id='word_1_548' title='bbox 1046 1682 1094 1715; x_wconf 81' lang='grc' dir='ltr'><strong>νύξ</strong></span> <span class='ocrx_word' id='word_1_549' title='bbox 1105 1683 1174 1715; x_wconf 74' lang='grc' dir='ltr'>ἐστι,</span> <span class='ocrx_word' id='word_1_550' title='bbox 1190 1683 1256 1719; x_wconf 78' lang='grc' dir='ltr'>παρ’</span> <span class='ocrx_word' id='word_1_551' title='bbox 1267 1681 1382 1714; x_wconf 77' lang='grc' dir='ltr'>ἐκείνοις</span> <span class='ocrx_word' id='word_1_552' title='bbox 1396 1681 1489 1718; x_wconf 77' lang='grc' dir='ltr'>ἡμέρα.</span> <span class='ocrx_word' id='word_1_553' title='bbox 1498 1689 1506 1698; x_wconf 73' lang='grc' dir='ltr'><strong><em>ο</em></strong></span> <span class='ocrx_word' id='word_1_554' title='bbox 1524 1683 1572 1708; x_wconf 68' lang='grc' dir='ltr'>καὶ</span> <span class='ocrx_word' id='word_1_555' title='bbox 1587 1681 1631 1708; x_wconf 79' lang='grc' dir='ltr'>ὅτε</span> <span class='ocrx_word' id='word_1_556' title='bbox 1645 1680 1713 1716; x_wconf 84' lang='grc' dir='ltr'>παρ’</span> <span class='ocrx_word' id='word_1_557' title='bbox 1726 1681 1838 1711; x_wconf 75' lang='grc' dir='ltr'>ἐκείνοις</span> 
     </span>
    </p>
   </div>
   <div class='ocr_carea' id='block_1_73' title="bbox 1047 1726 1837 1766">
    <p class='ocr_par' dir='ltr' id='par_1_73' title="bbox 1047 1726 1837 1766">
     <span class='ocr_line' id='line_1_73' title="bbox 1047 1726 1837 1766; baseline -0.004 -10"><span class='ocrx_word' id='word_1_558' title='bbox 1047 1729 1136 1766; x_wconf 87' lang='grc' dir='ltr'>θέρος,</span> <span class='ocrx_word' id='word_1_559' title='bbox 1152 1730 1181 1755; x_wconf 80' lang='grc' dir='ltr'>ὲν</span> <span class='ocrx_word' id='word_1_560' title='bbox 1193 1730 1227 1764; x_wconf 81' lang='grc' dir='ltr'><strong>τῇ</strong></span> <span class='ocrx_word' id='word_1_561' title='bbox 1245 1729 1306 1756; x_wconf 80' lang='grc' dir='ltr'>καθ’</span> <span class='ocrx_word' id='word_1_562' title='bbox 1321 1729 1395 1764; x_wconf 78' lang='grc' dir='ltr'>ἡμᾶς</span> <span class='ocrx_word' id='word_1_563' title='bbox 1408 1728 1556 1765; x_wconf 80' lang='grc' dir='ltr'>οἰκουμένῃ</span> <span class='ocrx_word' id='word_1_564' title='bbox 1571 1727 1686 1763; x_wconf 82' lang='grc' dir='ltr'>χειμών.</span> <span class='ocrx_word' id='word_1_565' title='bbox 1696 1728 1756 1754; x_wconf 75' lang='grc' dir='ltr'><strong>Καὶ</strong></span> <span class='ocrx_word' id='word_1_566' title='bbox 1772 1726 1837 1754; x_wconf 78' lang='grc' dir='ltr'>καθ-</span> 
     </span>
    </p>
   </div>
   <div class='ocr_carea' id='block_1_74' title="bbox 1045 1772 1834 1810">
    <p class='ocr_par' dir='ltr' id='par_1_74' title="bbox 1045 1772 1834 1810">
     <span class='ocr_line' id='line_1_74' title="bbox 1045 1772 1834 1810; baseline -0.005 -8"><span class='ocrx_word' id='word_1_567' title='bbox 1045 1776 1105 1802; x_wconf 85' lang='grc' dir='ltr'>όλου</span> <span class='ocrx_word' id='word_1_568' title='bbox 1121 1776 1166 1802; x_wconf 84' lang='grc' dir='ltr'>ὅτε</span> <span class='ocrx_word' id='word_1_569' title='bbox 1188 1775 1217 1801; x_wconf 83' lang='grc' dir='ltr'>ὲν</span> <span class='ocrx_word' id='word_1_570' title='bbox 1229 1776 1286 1806; x_wconf 86' lang='grc' dir='ltr'>τοῖς</span> <span class='ocrx_word' id='word_1_571' title='bbox 1297 1775 1376 1810; x_wconf 82' lang='grc' dir='ltr'>νοτίῳ</span> <span class='ocrx_word' id='word_1_572' title='bbox 1395 1774 1467 1810; x_wconf 79' lang='grc' dir='ltr'><strong>ζώνῃ</strong></span> <span class='ocrx_word' id='word_1_573' title='bbox 1480 1773 1635 1809; x_wconf 80' lang='grc' dir='ltr'>ἀντοικοῦσι</span> <span class='ocrx_word' id='word_1_574' title='bbox 1654 1772 1762 1809; x_wconf 82' lang='grc' dir='ltr'>χειμών</span> <span class='ocrx_word' id='word_1_575' title='bbox 1772 1773 1834 1799; x_wconf 50' lang='grc' dir='ltr'>’ἐστι</span> 
     </span>
    </p>
   </div>
   <div class='ocr_carea' id='block_1_75' title="bbox 1047 1819 1837 1858">
    <p class='ocr_par' dir='ltr' id='par_1_75' title="bbox 1047 1819 1837 1858">
     <span class='ocr_line' id='line_1_75' title="bbox 1047 1819 1837 1858; baseline -0.005 -9"><span class='ocrx_word' id='word_1_576' title='bbox 1047 1823 1094 1850; x_wconf 80' lang='grc' dir='ltr'>καὶ</span> <span class='ocrx_word' id='word_1_577' title='bbox 1118 1821 1226 1858; x_wconf 80' lang='grc' dir='ltr'>ἡμέρα,</span> <span class='ocrx_word' id='word_1_578' title='bbox 1251 1822 1313 1848; x_wconf 80' lang='grc' dir='ltr'>τότε</span> <span class='ocrx_word' id='word_1_579' title='bbox 1329 1823 1386 1853; x_wconf 80' lang='grc' dir='ltr'>τοῖς</span> <span class='ocrx_word' id='word_1_580' title='bbox 1408 1822 1438 1848; x_wconf 77' lang='grc' dir='ltr'>ἐν</span> <span class='ocrx_word' id='word_1_581' title='bbox 1460 1822 1494 1857; x_wconf 79' lang='grc' dir='ltr'><strong>τῇ</strong></span> <span class='ocrx_word' id='word_1_582' title='bbox 1516 1821 1612 1857; x_wconf 85' lang='grc' dir='ltr'>βορείῳ</span> <span class='ocrx_word' id='word_1_583' title='bbox 1631 1819 1740 1847; x_wconf 77' lang='grc' dir='ltr'>οἰκοῦσι</span> <span class='ocrx_word' id='word_1_584' title='bbox 1763 1819 1837 1854; x_wconf 72' lang='grc' dir='ltr'>θέρος</span> 
     </span>
    </p>
   </div>
   <div class='ocr_carea' id='block_1_76' title="bbox 207 1867 1835 1906">
    <p class='ocr_par' dir='ltr' id='par_1_76' title="bbox 207 1867 1835 1906">
     <span class='ocr_line' id='line_1_76' title="bbox 207 1867 1835 1906; baseline -0.002 -9"><span class='ocrx_word' id='word_1_585' title='bbox 207 1871 265 1897; x_wconf 72' lang='grc' dir='ltr'>ἐστὶ</span> <span class='ocrx_word' id='word_1_586' title='bbox 278 1870 325 1897; x_wconf 76' lang='grc' dir='ltr'>καὶ</span> <span class='ocrx_word' id='word_1_587' title='bbox 339 1869 397 1902; x_wconf 81' lang='grc' dir='ltr'><strong>νύξ.</strong></span> <span class='ocrx_word' id='word_1_588' title='bbox 415 1870 496 1896; x_wconf 84' lang='grc' dir='ltr'>Ὥστε</span> <span class='ocrx_word' id='word_1_589' title='bbox 514 1870 561 1897; x_wconf 75' lang='grc' dir='ltr'>καὶ</span> <span class='ocrx_word' id='word_1_590' title='bbox 584 1868 685 1901; x_wconf 85' lang='grc' dir='ltr'>νύκτας</span> <span class='ocrx_word' id='word_1_591' title='bbox 703 1869 744 1903; x_wconf 83' lang='grc' dir='ltr'>δὲ,</span> <span class='ocrx_word' id='word_1_592' title='bbox 764 1869 810 1897; x_wconf 74' lang='grc' dir='ltr'>καὶ</span> <span class='ocrx_word' id='word_1_593' title='bbox 834 1869 951 1906; x_wconf 82' lang='grc' dir='ltr'>ἡμέρας,</span> <span class='ocrx_word' id='word_1_594' title='bbox 981 1870 1027 1898; x_wconf 73' lang='grc' dir='ltr'>καὶ</span> <span class='ocrx_word' id='word_1_595' title='bbox 1049 1870 1170 1906; x_wconf 83' lang='grc' dir='ltr'>τροπὰς,</span> <span class='ocrx_word' id='word_1_596' title='bbox 1194 1870 1240 1897; x_wconf 74' lang='grc' dir='ltr'>καὶ</span> <span class='ocrx_word' id='word_1_597' title='bbox 1263 1869 1424 1906; x_wconf 82' lang='grc' dir='ltr'>ἰσημερίας,</span> <span class='ocrx_word' id='word_1_598' title='bbox 1446 1869 1494 1896; x_wconf 80' lang='grc' dir='ltr'>καὶ</span> <span class='ocrx_word' id='word_1_599' title='bbox 1521 1869 1641 1904; x_wconf 78' lang='grc' dir='ltr'>οἰκήσεις</span> <span class='ocrx_word' id='word_1_600' title='bbox 1666 1867 1792 1899; x_wconf 74' lang='grc' dir='ltr'>ἐναντίας</span> <span class='ocrx_word' id='word_1_601' title='bbox 1814 1868 1835 1893; x_wconf 82' lang='grc' dir='ltr'>οὶ</span> 
     </span>
    </p>
   </div>
   <div class='ocr_carea' id='block_1_77' title="bbox 209 1918 456 1954">
    <p class='ocr_par' dir='ltr' id='par_1_77' title="bbox 209 1918 456 1954">
     <span class='ocr_line' id='line_1_77' title="bbox 209 1918 456 1954; baseline 0.004 -10"><span class='ocrx_word' id='word_1_602' title='bbox 209 1918 327 1945; x_wconf 80' lang='grc' dir='ltr'>ἄντοικοι</span> <span class='ocrx_word' id='word_1_603' title='bbox 338 1918 456 1954; x_wconf 75' lang='grc' dir='ltr'>ἔχουσιν.</span> 
     </span>
    </p>
   </div>
   <div class='ocr_carea' id='block_1_78' title="bbox 208 1975 995 2012">
    <p class='ocr_par' dir='ltr' id='par_1_78' title="bbox 208 1975 995 2012">
     <span class='ocr_line' id='line_1_78' title="bbox 208 1975 995 2012; baseline 0 -10"><span class='ocrx_word' id='word_1_604' title='bbox 208 1975 247 2002; x_wconf 83' lang='lat' dir='ltr'><strong>De</strong></span> <span class='ocrx_word' id='word_1_605' title='bbox 260 1975 414 2012; x_wconf 63' lang='lat' dir='ltr'><strong>umbrarum</strong></span> <span class='ocrx_word' id='word_1_606' title='bbox 431 1975 592 2012; x_wconf 69' lang='lat' dir='ltr'><strong>diﬂ&#39;erentia,</strong></span> <span class='ocrx_word' id='word_1_607' title='bbox 610 1984 668 2012; x_wconf 67' lang='lat' dir='ltr'><strong>quia</strong></span> <span class='ocrx_word' id='word_1_608' title='bbox 687 1976 719 2012; x_wconf 20' lang='grc' dir='ltr'><strong>ἔην</strong></span> <span class='ocrx_word' id='word_1_609' title='bbox 727 1975 934 2003; x_wconf 74' lang='lat' dir='ltr'><strong>habitationibus</strong></span> <span class='ocrx_word' id='word_1_610' title='bbox 949 1984 995 2003; x_wconf 80' lang='lat' dir='ltr'><strong>va-</strong></span> 
     </span>
    </p>
   </div>
   <div class='ocr_carea' id='block_1_79' title="bbox 270 2011 932 2048">
    <p class='ocr_par' dir='ltr' id='par_1_79' title="bbox 270 2011 932 2048">
     <span class='ocr_line' id='line_1_79' title="bbox 270 2011 932 2048; baseline -0.002 -10"><span class='ocrx_word' id='word_1_611' title='bbox 270 2011 319 2038; x_wconf 77' lang='lat' dir='ltr'><strong>riis</strong></span> <span class='ocrx_word' id='word_1_612' title='bbox 339 2011 468 2045; x_wconf 81' lang='lat' dir='ltr'><strong>incidunt,</strong></span> <span class='ocrx_word' id='word_1_613' title='bbox 484 2015 509 2039; x_wconf 77' lang='lat' dir='ltr'><strong>et</strong></span> <span class='ocrx_word' id='word_1_614' title='bbox 530 2011 688 2048; x_wconf 78' lang='lat' dir='ltr'><strong>quibusnam</strong></span> <span class='ocrx_word' id='word_1_615' title='bbox 703 2011 799 2047; x_wconf 81' lang='lat' dir='ltr'><strong>degant</strong></span> <span class='ocrx_word' id='word_1_616' title='bbox 813 2012 842 2038; x_wconf 81' lang='lat' dir='ltr'><strong>in</strong></span> <span class='ocrx_word' id='word_1_617' title='bbox 857 2011 932 2038; x_wconf 74' lang='lat' dir='ltr'><strong>locis.</strong></span> 
     </span>
    </p>
   </div>
   <div class='ocr_carea' id='block_1_80' title="bbox 244 2068 998 2104">
    <p class='ocr_par' dir='ltr' id='par_1_80' title="bbox 244 2068 998 2104">
     <span class='ocr_line' id='line_1_80' title="bbox 244 2068 998 2104; baseline -0.003 -7"><span class='ocrx_word' id='word_1_618' title='bbox 244 2069 289 2098; x_wconf 77' lang='grc'><strong>51.</strong></span> <span class='ocrx_word' id='word_1_619' title='bbox 309 2069 338 2096; x_wconf 90' lang='lat' dir='ltr'><strong>ln</strong></span> <span class='ocrx_word' id='word_1_620' title='bbox 358 2069 555 2096; x_wconf 87' lang='lat' dir='ltr'><strong>habitationum</strong></span> <span class='ocrx_word' id='word_1_621' title='bbox 572 2069 731 2097; x_wconf 87' lang='lat' dir='ltr'><strong>discrimine</strong></span> <span class='ocrx_word' id='word_1_622' title='bbox 745 2068 855 2104; x_wconf 89' lang='lat' dir='ltr'><strong>quidam</strong></span> <span class='ocrx_word' id='word_1_623' title='bbox 868 2068 998 2095; x_wconf 88' lang='lat' dir='ltr'><strong>dicuntur</strong></span> 
     </span>
    </p>
   </div>
   <div class='ocr_carea' id='block_1_81' title="bbox 209 2114 999 2151">
    <p class='ocr_par' dir='ltr' id='par_1_81' title="bbox 209 2114 999 2151">
     <span class='ocr_line' id='line_1_81' title="bbox 209 2114 999 2151; baseline -0.001 -9"><span class='ocrx_word' id='word_1_624' title='bbox 209 2115 290 2148; x_wconf 86' lang='lat' dir='ltr'><strong>ascii,</strong></span> <span class='ocrx_word' id='word_1_625' title='bbox 306 2115 352 2142; x_wconf 91' lang='lat' dir='ltr'><strong>alii</strong></span> <span class='ocrx_word' id='word_1_626' title='bbox 363 2115 529 2151; x_wconf 88' lang='lat' dir='ltr'><strong>brachyscii,</strong></span> <span class='ocrx_word' id='word_1_627' title='bbox 539 2115 585 2142; x_wconf 90' lang='lat' dir='ltr'><strong>alii</strong></span> <span class='ocrx_word' id='word_1_628' title='bbox 599 2114 756 2147; x_wconf 82' lang='lat' dir='ltr'><strong>macroscii,</strong></span> <span class='ocrx_word' id='word_1_629' title='bbox 769 2114 880 2150; x_wconf 90' lang='lat' dir='ltr'><strong>quidam</strong></span> <span class='ocrx_word' id='word_1_630' title='bbox 894 2114 999 2142; x_wconf 87' lang='lat' dir='ltr'><strong>hetero-</strong></span> 
     </span>
    </p>
   </div>
   <div class='ocr_carea' id='block_1_82' title="bbox 210 2159 995 2196">
    <p class='ocr_par' dir='ltr' id='par_1_82' title="bbox 210 2159 995 2196">
     <span class='ocr_line' id='line_1_82' title="bbox 210 2159 995 2196; baseline 0 -8"><span class='ocrx_word' id='word_1_631' title='bbox 210 2160 271 2192; x_wconf 86' lang='lat' dir='ltr'><strong>scii.</strong></span> <span class='ocrx_word' id='word_1_632' title='bbox 288 2160 335 2187; x_wconf 88' lang='lat' dir='ltr'><strong>alii</strong></span> <span class='ocrx_word' id='word_1_633' title='bbox 354 2161 472 2193; x_wconf 85' lang='lat' dir='ltr'><strong>antiscii,</strong></span> <span class='ocrx_word' id='word_1_634' title='bbox 488 2161 534 2187; x_wconf 88' lang='lat' dir='ltr'><strong>alii</strong></span> <span class='ocrx_word' id='word_1_635' title='bbox 548 2160 702 2195; x_wconf 86' lang='lat' dir='ltr'><strong>amphiscii.</strong></span> <span class='ocrx_word' id='word_1_636' title='bbox 740 2159 815 2188; x_wconf 84' lang='lat' dir='ltr'><strong>Ascii</strong></span> <span class='ocrx_word' id='word_1_637' title='bbox 832 2165 906 2193; x_wconf 85' lang='lat' dir='ltr'><strong>sunt,</strong></span> <span class='ocrx_word' id='word_1_638' title='bbox 923 2168 995 2196; x_wconf 90' lang='lat' dir='ltr'><strong>quo-</strong></span> 
     </span>
    </p>
   </div>
   <div class='ocr_carea' id='block_1_83' title="bbox 1049 1971 1834 2009">
    <p class='ocr_par' dir='ltr' id='par_1_83' title="bbox 1049 1971 1834 2009">
     <span class='ocr_line' id='line_1_83' title="bbox 1049 1971 1834 2009; baseline -0.004 -8"><span class='ocrx_word' id='word_1_639' title='bbox 1049 1974 1118 2009; x_wconf 80' lang='grc' dir='ltr'>Περὶ</span> <span class='ocrx_word' id='word_1_640' title='bbox 1137 1973 1280 2009; x_wconf 66' lang='grc' dir='ltr'>διαφορᾶς</span> <span class='ocrx_word' id='word_1_641' title='bbox 1298 1972 1357 1999; x_wconf 78' lang='grc' dir='ltr'><strong>τῶν</strong></span> <span class='ocrx_word' id='word_1_642' title='bbox 1371 1973 1406 1999; x_wconf 79' lang='grc' dir='ltr'>ἐν</span> <span class='ocrx_word' id='word_1_643' title='bbox 1420 1972 1484 2009; x_wconf 78' lang='grc' dir='ltr'>ταῖς</span> <span class='ocrx_word' id='word_1_644' title='bbox 1498 1971 1637 2009; x_wconf 57' lang='grc' dir='ltr'>οἰκήσεσι</span> <span class='ocrx_word' id='word_1_645' title='bbox 1661 1971 1771 2004; x_wconf 80' lang='grc' dir='ltr'>σκιῶν,</span> <span class='ocrx_word' id='word_1_646' title='bbox 1790 1972 1834 1998; x_wconf 71' lang='grc' dir='ltr'><strong>καί</strong></span> 
     </span>
    </p>
   </div>
   <div class='ocr_carea' id='block_1_84' title="bbox 1202 2007 1682 2041">
    <p class='ocr_par' dir='ltr' id='par_1_84' title="bbox 1202 2007 1682 2041">
     <span class='ocr_line' id='line_1_84' title="bbox 1202 2007 1682 2041; baseline -0.004 -6"><span class='ocrx_word' id='word_1_647' title='bbox 1202 2008 1278 2036; x_wconf 83' lang='grc' dir='ltr'>κατὰ</span> <span class='ocrx_word' id='word_1_648' title='bbox 1290 2009 1396 2041; x_wconf 83' lang='grc' dir='ltr'>ποίους</span> <span class='ocrx_word' id='word_1_649' title='bbox 1408 2008 1520 2040; x_wconf 77' lang='grc' dir='ltr'>τόπους</span> <span class='ocrx_word' id='word_1_650' title='bbox 1535 2007 1682 2034; x_wconf 77' lang='grc' dir='ltr'>οἰκοῦσιν.</span> 
     </span>
    </p>
   </div>
   <div class='ocr_carea' id='block_1_85' title="bbox 1082 2062 1830 2099">
    <p class='ocr_par' dir='ltr' id='par_1_85' title="bbox 1082 2062 1830 2099">
     <span class='ocr_line' id='line_1_85' title="bbox 1082 2062 1830 2099; baseline -0.005 -7"><span class='ocrx_word' id='word_1_651' title='bbox 1082 2065 1133 2093; x_wconf 88' lang='grc' dir='ltr'>λα’.</span> <span class='ocrx_word' id='word_1_652' title='bbox 1150 2065 1210 2091; x_wconf 86' lang='grc' dir='ltr'>Τῶν</span> <span class='ocrx_word' id='word_1_653' title='bbox 1225 2064 1254 2090; x_wconf 79' lang='grc' dir='ltr'><strong>δὲ</strong></span> <span class='ocrx_word' id='word_1_654' title='bbox 1270 2065 1299 2091; x_wconf 84' lang='grc' dir='ltr'>ὲν</span> <span class='ocrx_word' id='word_1_655' title='bbox 1316 2065 1376 2096; x_wconf 86' lang='grc' dir='ltr'>ταῖς</span> <span class='ocrx_word' id='word_1_656' title='bbox 1389 2064 1529 2099; x_wconf 84' lang='grc' dir='ltr'>οἰκήσεσιν</span> <span class='ocrx_word' id='word_1_657' title='bbox 1541 2064 1567 2089; x_wconf 83' lang='grc' dir='ltr'><strong>οἰ</strong></span> <span class='ocrx_word' id='word_1_658' title='bbox 1581 2062 1631 2098; x_wconf 84' lang='grc' dir='ltr'><strong>μέν</strong></span> <span class='ocrx_word' id='word_1_659' title='bbox 1645 2063 1718 2089; x_wconf 81' lang='grc' dir='ltr'>εἰσιν</span> <span class='ocrx_word' id='word_1_660' title='bbox 1736 2063 1830 2094; x_wconf 57' lang='lat' dir='ltr'><strong>iam,</strong></span> 
     </span>
    </p>
   </div>
   <div class='ocr_carea' id='block_1_86' title="bbox 1048 2108 1832 2146">
    <p class='ocr_par' dir='ltr' id='par_1_86' title="bbox 1048 2108 1832 2146">
     <span class='ocr_line' id='line_1_86' title="bbox 1048 2108 1832 2146; baseline -0.004 -9"><span class='ocrx_word' id='word_1_661' title='bbox 1048 2112 1072 2138; x_wconf 88' lang='grc' dir='ltr'><strong>οἰ</strong></span> <span class='ocrx_word' id='word_1_662' title='bbox 1083 2111 1111 2137; x_wconf 75' lang='grc' dir='ltr'><strong>δὲ</strong></span> <span class='ocrx_word' id='word_1_663' title='bbox 1126 2110 1297 2146; x_wconf 84' lang='grc' dir='ltr'>βραχύσκιοι,</span> <span class='ocrx_word' id='word_1_664' title='bbox 1312 2111 1336 2136; x_wconf 87' lang='grc' dir='ltr'>οἱ</span> <span class='ocrx_word' id='word_1_665' title='bbox 1348 2110 1376 2136; x_wconf 83' lang='grc' dir='ltr'><strong>δὲ</strong></span> <span class='ocrx_word' id='word_1_666' title='bbox 1395 2109 1569 2145; x_wconf 84' lang='grc' dir='ltr'>μακρόσκιοι,</span> <span class='ocrx_word' id='word_1_667' title='bbox 1581 2110 1606 2135; x_wconf 87' lang='grc' dir='ltr'><strong>οἰ</strong></span> <span class='ocrx_word' id='word_1_668' title='bbox 1623 2108 1652 2135; x_wconf 75' lang='grc' dir='ltr'>δὲ</span> <span class='ocrx_word' id='word_1_669' title='bbox 1670 2109 1832 2144; x_wconf 73' lang='grc' dir='ltr'>ὲτερύσκιοι·</span> 
     </span>
    </p>
   </div>
   <div class='ocr_carea' id='block_1_87' title="bbox 1047 2155 1832 2191">
    <p class='ocr_par' dir='ltr' id='par_1_87' title="bbox 1047 2155 1832 2191">
     <span class='ocr_line' id='line_1_87' title="bbox 1047 2155 1832 2191; baseline -0.004 -7"><span class='ocrx_word' id='word_1_670' title='bbox 1047 2159 1071 2184; x_wconf 85' lang='grc' dir='ltr'><strong>οἰ</strong></span> <span class='ocrx_word' id='word_1_671' title='bbox 1098 2157 1127 2184; x_wconf 81' lang='grc' dir='ltr'><strong>δὲ</strong></span> <span class='ocrx_word' id='word_1_672' title='bbox 1142 2157 1281 2184; x_wconf 77' lang='grc' dir='ltr'>αὺτόσκιοι</span> <span class='ocrx_word' id='word_1_673' title='bbox 1297 2156 1330 2188; x_wconf 87' lang='grc'><strong>¹⁷,</strong></span> <span class='ocrx_word' id='word_1_674' title='bbox 1348 2157 1373 2183; x_wconf 84' lang='grc' dir='ltr'><strong>οἰ</strong></span> <span class='ocrx_word' id='word_1_675' title='bbox 1391 2155 1420 2182; x_wconf 84' lang='grc' dir='ltr'><strong>δὲ</strong></span> <span class='ocrx_word' id='word_1_676' title='bbox 1435 2156 1589 2191; x_wconf 82' lang='grc' dir='ltr'>ἀμφίσκιοι.</span> <span class='ocrx_word' id='word_1_677' title='bbox 1614 2155 1724 2182; x_wconf 79' lang='grc' dir='ltr'>Ἀσκιοι</span> <span class='ocrx_word' id='word_1_678' title='bbox 1749 2155 1796 2190; x_wconf 80' lang='grc' dir='ltr'>μὲν</span> <span class='ocrx_word' id='word_1_679' title='bbox 1810 2156 1832 2181; x_wconf 81' lang='grc' dir='ltr'>οἱ</span> 
     </span>
    </p>
   </div>
   <div class='ocr_carea' id='block_1_88' title="bbox 210 2201 992 2238">
    <p class='ocr_par' dir='ltr' id='par_1_88' title="bbox 210 2205 992 2234">
     <span class='ocr_line' id='line_1_88' title="bbox 210 2205 992 2234; baseline 0.001 -2"><span class='ocrx_word' id='word_1_680' title='bbox 210 2213 271 2233; x_wconf 92' lang='lat' dir='ltr'><strong>rum</strong></span> <span class='ocrx_word' id='word_1_681' title='bbox 283 2206 412 2234; x_wconf 81' lang='lat' dir='ltr'><strong>verticem</strong></span> <span class='ocrx_word' id='word_1_682' title='bbox 428 2206 470 2234; x_wconf 89' lang='lat' dir='ltr'><strong>sol</strong></span> <span class='ocrx_word' id='word_1_683' title='bbox 489 2206 602 2234; x_wconf 81' lang='lat' dir='ltr'><strong>incubat</strong></span> <span class='ocrx_word' id='word_1_684' title='bbox 615 2206 683 2233; x_wconf 87' lang='lat' dir='ltr'><strong>hora</strong></span> <span class='ocrx_word' id='word_1_685' title='bbox 703 2206 756 2234; x_wconf 89' lang='lat' dir='ltr'><strong>diei</strong></span> <span class='ocrx_word' id='word_1_686' title='bbox 771 2211 860 2234; x_wconf 80' lang='lat' dir='ltr'><strong>sexta.</strong></span> <span class='ocrx_word' id='word_1_687' title='bbox 875 2205 909 2233; x_wconf 92' lang='lat' dir='ltr'><strong>Ut</strong></span> <span class='ocrx_word' id='word_1_688' title='bbox 923 2207 992 2234; x_wconf 88' lang='lat' dir='ltr'><strong>enim</strong></span> 
     </span>
    </p>
   </div>
   <div class='ocr_carea' id='block_1_89' title="bbox 1048 2201 1833 2238">
    <p class='ocr_par' dir='ltr' id='par_1_89' title="bbox 1050 2201 1833 2238">
     <span class='ocr_line' id='line_1_89' title="bbox 1050 2201 1833 2238; baseline -0.004 -8"><span class='ocrx_word' id='word_1_689' title='bbox 1050 2203 1122 2230; x_wconf 83' lang='grc' dir='ltr'><strong>κατά</strong></span> <span class='ocrx_word' id='word_1_690' title='bbox 1136 2202 1259 2238; x_wconf 84' lang='grc' dir='ltr'>κορυφὴν</span> <span class='ocrx_word' id='word_1_691' title='bbox 1278 2202 1338 2238; x_wconf 67' lang='grc' dir='ltr'>ὥρα</span> <span class='ocrx_word' id='word_1_692' title='bbox 1358 2202 1426 2238; x_wconf 71' lang='grc' dir='ltr'>ἕκτῃ</span> <span class='ocrx_word' id='word_1_693' title='bbox 1441 2201 1489 2228; x_wconf 81' lang='grc' dir='ltr'><strong>τὸν</strong></span> <span class='ocrx_word' id='word_1_694' title='bbox 1509 2201 1584 2237; x_wconf 71' lang='grc' dir='ltr'>ἥλιον</span> <span class='ocrx_word' id='word_1_695' title='bbox 1599 2201 1718 2235; x_wconf 75' lang='grc' dir='ltr'>ἔχοντες.</span> <span class='ocrx_word' id='word_1_696' title='bbox 1733 2201 1833 2236; x_wconf 70' lang='grc' dir='ltr'>Ὠσπερ</span> 
     </span>
    </p>
   </div>
   <div class='ocr_carea' id='block_1_90' title="bbox 211 2251 994 2287">
    <p class='ocr_par' dir='ltr' id='par_1_90' title="bbox 211 2251 994 2287">
     <span class='ocr_line' id='line_1_90' title="bbox 211 2251 994 2287; baseline -0.001 -8"><span class='ocrx_word' id='word_1_697' title='bbox 211 2252 234 2279; x_wconf 88' lang='lat' dir='ltr'><strong>si</strong></span> <span class='ocrx_word' id='word_1_698' title='bbox 250 2251 312 2287; x_wconf 92' lang='lat' dir='ltr'><strong>quis</strong></span> <span class='ocrx_word' id='word_1_699' title='bbox 327 2259 471 2279; x_wconf 87' lang='lat' dir='ltr'><strong>accensum</strong></span> <span class='ocrx_word' id='word_1_700' title='bbox 483 2256 586 2279; x_wconf 87' lang='lat' dir='ltr'><strong>torrem</strong></span> <span class='ocrx_word' id='word_1_701' title='bbox 599 2255 703 2279; x_wconf 89' lang='lat' dir='ltr'><strong>rectum</strong></span> <span class='ocrx_word' id='word_1_702' title='bbox 720 2255 834 2285; x_wconf 87' lang='lat' dir='ltr'><strong>statuat,</strong></span> <span class='ocrx_word' id='word_1_703' title='bbox 847 2251 908 2286; x_wconf 86' lang='lat' dir='ltr'><strong>ejus</strong></span> <span class='ocrx_word' id='word_1_704' title='bbox 917 2251 994 2278; x_wconf 89' lang='lat' dir='ltr'><strong>nulla</strong></span> 
     </span>
    </p>
   </div>
   <div class='ocr_carea' id='block_1_91' title="bbox 211 2296 996 2332">
    <p class='ocr_par' dir='ltr' id='par_1_91' title="bbox 211 2296 996 2332">
     <span class='ocr_line' id='line_1_91' title="bbox 211 2296 996 2332; baseline -0.001 -8"><span class='ocrx_word' id='word_1_705' title='bbox 211 2297 340 2325; x_wconf 86' lang='lat' dir='ltr'><strong>reddetur</strong></span> <span class='ocrx_word' id='word_1_706' title='bbox 351 2297 462 2330; x_wconf 87' lang='lat' dir='ltr'><strong>umbra;</strong></span> <span class='ocrx_word' id='word_1_707' title='bbox 475 2297 515 2325; x_wconf 92' lang='lat' dir='ltr'><strong>sic</strong></span> <span class='ocrx_word' id='word_1_708' title='bbox 526 2297 629 2324; x_wconf 86' lang='lat' dir='ltr'><strong>nullam</strong></span> <span class='ocrx_word' id='word_1_709' title='bbox 642 2297 743 2324; x_wconf 88' lang='lat' dir='ltr'><strong>habent</strong></span> <span class='ocrx_word' id='word_1_710' title='bbox 754 2296 784 2330; x_wconf 82' lang='lat' dir='ltr'><strong>ii,</strong></span> <span class='ocrx_word' id='word_1_711' title='bbox 798 2304 916 2332; x_wconf 90' lang='lat' dir='ltr'><strong>quorum</strong></span> <span class='ocrx_word' id='word_1_712' title='bbox 933 2304 996 2324; x_wconf 89' lang='lat' dir='ltr'><strong>ver-</strong></span> 
     </span>
    </p>
   </div>
   <div class='ocr_carea' id='block_1_92' title="bbox 211 2342 997 2371">
    <p class='ocr_par' dir='ltr' id='par_1_92' title="bbox 211 2342 997 2371">
     <span class='ocr_line' id='line_1_92' title="bbox 211 2342 997 2371; baseline -0.001 0"><span class='ocrx_word' id='word_1_713' title='bbox 211 2343 256 2371; x_wconf 77' lang='lat' dir='ltr'><strong>tici</strong></span> <span class='ocrx_word' id='word_1_714' title='bbox 268 2343 388 2371; x_wconf 90' lang='lat' dir='ltr'><strong>medium</strong></span> <span class='ocrx_word' id='word_1_715' title='bbox 402 2344 502 2370; x_wconf 67' lang='lat' dir='ltr'><strong>malum</strong></span> <span class='ocrx_word' id='word_1_716' title='bbox 522 2348 618 2371; x_wconf 85' lang='lat' dir='ltr'><strong>tenens</strong></span> <span class='ocrx_word' id='word_1_717' title='bbox 633 2343 674 2371; x_wconf 92' lang='lat' dir='ltr'><strong>sol</strong></span> <span class='ocrx_word' id='word_1_718' title='bbox 688 2343 823 2371; x_wconf 88' lang='lat' dir='ltr'><strong>imminet.</strong></span> <span class='ocrx_word' id='word_1_719' title='bbox 839 2342 920 2371; x_wconf 88' lang='lat' dir='ltr'><strong>Tales</strong></span> <span class='ocrx_word' id='word_1_720' title='bbox 932 2347 997 2371; x_wconf 91' lang='lat' dir='ltr'><strong>sunt</strong></span> 
     </span>
    </p>
   </div>
   <div class='ocr_carea' id='block_1_93' title="bbox 211 2388 997 2425">
    <p class='ocr_par' dir='ltr' id='par_1_93' title="bbox 211 2388 997 2425">
     <span class='ocr_line' id='line_1_93' title="bbox 211 2388 997 2425; baseline 0 -8"><span class='ocrx_word' id='word_1_721' title='bbox 211 2390 258 2425; x_wconf 87' lang='lat' dir='ltr'><strong>qui</strong></span> <span class='ocrx_word' id='word_1_722' title='bbox 274 2388 326 2418; x_wconf 88' lang='lat' dir='ltr'><strong>sub</strong></span> <span class='ocrx_word' id='word_1_723' title='bbox 347 2389 532 2425; x_wconf 74' lang='lat' dir='ltr'><strong>aequinoctiali</strong></span> <span class='ocrx_word' id='word_1_724' title='bbox 548 2389 661 2425; x_wconf 80' lang='lat' dir='ltr'><strong>degunt,</strong></span> <span class='ocrx_word' id='word_1_725' title='bbox 673 2389 721 2425; x_wconf 88' lang='lat' dir='ltr'><strong>qui</strong></span> <span class='ocrx_word' id='word_1_726' title='bbox 741 2390 800 2418; x_wconf 89' lang='lat' dir='ltr'><strong>sole</strong></span> <span class='ocrx_word' id='word_1_727' title='bbox 813 2390 936 2418; x_wconf 85' lang='lat' dir='ltr'><strong>Arietem</strong></span> <span class='ocrx_word' id='word_1_728' title='bbox 953 2390 997 2417; x_wconf 87' lang='lat' dir='ltr'><strong>vel</strong></span> 
     </span>
    </p>
   </div>
   <div class='ocr_carea' id='block_1_94' title="bbox 211 2435 998 2472">
    <p class='ocr_par' dir='ltr' id='par_1_94' title="bbox 211 2435 998 2472">
     <span class='ocr_line' id='line_1_94' title="bbox 211 2435 998 2472; baseline -0.001 -8"><span class='ocrx_word' id='word_1_729' title='bbox 211 2436 322 2465; x_wconf 85' lang='lat' dir='ltr'><strong>Libram</strong></span> <span class='ocrx_word' id='word_1_730' title='bbox 333 2436 474 2464; x_wconf 86' lang='lat' dir='ltr'><strong>obtinente</strong></span> <span class='ocrx_word' id='word_1_731' title='bbox 484 2435 569 2464; x_wconf 88' lang='lat' dir='ltr'><strong>solem</strong></span> <span class='ocrx_word' id='word_1_732' title='bbox 587 2443 670 2470; x_wconf 88' lang='lat' dir='ltr'><strong>supra</strong></span> <span class='ocrx_word' id='word_1_733' title='bbox 689 2442 772 2472; x_wconf 84' lang='lat' dir='ltr'><strong>caput</strong></span> <span class='ocrx_word' id='word_1_734' title='bbox 785 2436 932 2472; x_wconf 85' lang='lat' dir='ltr'><strong>aspiciunt.</strong></span> <span class='ocrx_word' id='word_1_735' title='bbox 946 2435 998 2464; x_wconf 85' lang='lat' dir='ltr'><strong>Fe-</strong></span> 
     </span>
    </p>
   </div>
   <div class='ocr_carea' id='block_1_95' title="bbox 211 2480 997 2517">
    <p class='ocr_par' dir='ltr' id='par_1_95' title="bbox 211 2480 997 2517">
     <span class='ocr_line' id='line_1_95' title="bbox 211 2480 997 2517; baseline 0 -8"><span class='ocrx_word' id='word_1_736' title='bbox 211 2486 275 2509; x_wconf 91' lang='lat' dir='ltr'><strong>runt</strong></span> <span class='ocrx_word' id='word_1_737' title='bbox 298 2480 369 2517; x_wconf 88' lang='lat' dir='ltr'><strong>apud</strong></span> <span class='ocrx_word' id='word_1_738' title='bbox 389 2480 496 2517; x_wconf 85' lang='lat' dir='ltr'><strong>Syenen</strong></span> <span class='ocrx_word' id='word_1_739' title='bbox 518 2486 544 2509; x_wconf 92' lang='lat' dir='ltr'><strong>et</strong></span> <span class='ocrx_word' id='word_1_740' title='bbox 563 2482 762 2517; x_wconf 79' lang='lat' dir='ltr'><strong>Elephantinen</strong></span> <span class='ocrx_word' id='word_1_741' title='bbox 788 2482 915 2509; x_wconf 87' lang='lat' dir='ltr'><strong>umbram</strong></span> <span class='ocrx_word' id='word_1_742' title='bbox 935 2488 997 2509; x_wconf 87' lang='lat' dir='ltr'><strong>esse</strong></span> 
     </span>
    </p>
   </div>
   <div class='ocr_carea' id='block_1_96' title="bbox 211 2528 996 2560">
    <p class='ocr_par' dir='ltr' id='par_1_96' title="bbox 211 2528 996 2560">
     <span class='ocr_line' id='line_1_96' title="bbox 211 2528 996 2560; baseline 0.001 -6"><span class='ocrx_word' id='word_1_743' title='bbox 211 2528 313 2555; x_wconf 89' lang='lat' dir='ltr'><strong>nullam</strong></span> <span class='ocrx_word' id='word_1_744' title='bbox 328 2528 393 2555; x_wconf 87' lang='lat' dir='ltr'><strong>hora</strong></span> <span class='ocrx_word' id='word_1_745' title='bbox 412 2528 464 2555; x_wconf 90' lang='lat' dir='ltr'><strong>diei</strong></span> <span class='ocrx_word' id='word_1_746' title='bbox 477 2532 566 2560; x_wconf 82' lang='lat' dir='ltr'><strong>sexta,</strong></span> <span class='ocrx_word' id='word_1_747' title='bbox 582 2535 644 2555; x_wconf 90' lang='lat' dir='ltr'><strong>cum</strong></span> <span class='ocrx_word' id='word_1_748' title='bbox 660 2529 689 2555; x_wconf 92' lang='lat' dir='ltr'><strong>in</strong></span> <span class='ocrx_word' id='word_1_749' title='bbox 703 2528 812 2556; x_wconf 88' lang='lat' dir='ltr'><strong>Cancro</strong></span> <span class='ocrx_word' id='word_1_750' title='bbox 825 2528 867 2556; x_wconf 91' lang='lat' dir='ltr'><strong>sol</strong></span> <span class='ocrx_word' id='word_1_751' title='bbox 883 2528 996 2556; x_wconf 88' lang='lat' dir='ltr'><strong>residet.</strong></span> 
     </span>
    </p>
   </div>
   <div class='ocr_carea' id='block_1_97' title="bbox 212 2573 998 2610">
    <p class='ocr_par' dir='ltr' id='par_1_97' title="bbox 212 2573 998 2610">
     <span class='ocr_line' id='line_1_97' title="bbox 212 2573 998 2610; baseline 0.001 -10"><span class='ocrx_word' id='word_1_752' title='bbox 212 2573 379 2610; x_wconf 80' lang='lat' dir='ltr'><strong>Brachyscii,</strong></span> <span class='ocrx_word' id='word_1_753' title='bbox 404 2573 432 2601; x_wconf 88' lang='lat' dir='ltr'><strong>id</strong></span> <span class='ocrx_word' id='word_1_754' title='bbox 457 2578 499 2601; x_wconf 87' lang='lat' dir='ltr'><strong>est</strong></span> <span class='ocrx_word' id='word_1_755' title='bbox 518 2583 526 2599; x_wconf 85' lang='grc' dir='ltr'><strong>ι</strong></span> <span class='ocrx_word' id='word_1_756' title='bbox 547 2573 638 2601; x_wconf 87' lang='lat' dir='ltr'><strong>brevis</strong></span> <span class='ocrx_word' id='word_1_757' title='bbox 657 2574 770 2606; x_wconf 67' lang='lat' dir='ltr'><strong>umbras,</strong></span> <span class='ocrx_word' id='word_1_758' title='bbox 792 2584 801 2601; x_wconf 73' lang='grc' dir='ltr'><strong>ι</strong></span> <span class='ocrx_word' id='word_1_759' title='bbox 819 2579 884 2603; x_wconf 83' lang='lat' dir='ltr'><strong>sunt</strong></span> <span class='ocrx_word' id='word_1_760' title='bbox 903 2582 918 2601; x_wconf 91' lang='lat' dir='ltr'><strong>a</strong></span> <span class='ocrx_word' id='word_1_761' title='bbox 935 2574 998 2609; x_wconf 86' lang='lat' dir='ltr'><strong>qui-</strong></span> 
     </span>
    </p>
   </div>
   <div class='ocr_carea' id='block_1_98' title="bbox 213 2618 998 2656">
    <p class='ocr_par' dir='ltr' id='par_1_98' title="bbox 213 2618 998 2656">
     <span class='ocr_line' id='line_1_98' title="bbox 213 2618 998 2656; baseline 0.003 -10"><span class='ocrx_word' id='word_1_762' title='bbox 213 2619 264 2646; x_wconf 85' lang='lat' dir='ltr'><strong>bus</strong></span> <span class='ocrx_word' id='word_1_763' title='bbox 279 2626 375 2654; x_wconf 89' lang='lat' dir='ltr'><strong>parum</strong></span> <span class='ocrx_word' id='word_1_764' title='bbox 391 2619 431 2647; x_wconf 88' lang='lat' dir='ltr'><strong>sol</strong></span> <span class='ocrx_word' id='word_1_765' title='bbox 448 2618 551 2652; x_wconf 77' lang='lat' dir='ltr'><strong>distat;</strong></span> <span class='ocrx_word' id='word_1_766' title='bbox 578 2619 736 2653; x_wconf 84' lang='lat' dir='ltr'><strong>macroscii,</strong></span> <span class='ocrx_word' id='word_1_767' title='bbox 759 2629 768 2645; x_wconf 76' lang='grc' dir='ltr'><strong>ι</strong></span> <span class='ocrx_word' id='word_1_768' title='bbox 789 2620 921 2656; x_wconf 75' lang='lat' dir='ltr'><strong>longioris</strong></span> <span class='ocrx_word' id='word_1_769' title='bbox 939 2628 998 2647; x_wconf 87' lang='lat' dir='ltr'><strong>um-</strong></span> 
     </span>
    </p>
   </div>
   <div class='ocr_carea' id='block_1_99' title="bbox 212 2663 996 2700">
    <p class='ocr_par' dir='ltr' id='par_1_99' title="bbox 212 2663 996 2700">
     <span class='ocr_line' id='line_1_99' title="bbox 212 2663 996 2700; baseline 0.001 -10"><span class='ocrx_word' id='word_1_770' title='bbox 212 2663 278 2696; x_wconf 62' lang='lat' dir='ltr'><strong>bra,</strong></span> <span class='ocrx_word' id='word_1_771' title='bbox 299 2674 308 2690; x_wconf 73' lang='grc' dir='ltr'><strong>ι</strong></span> <span class='ocrx_word' id='word_1_772' title='bbox 326 2668 391 2691; x_wconf 86' lang='lat' dir='ltr'><strong>sunt</strong></span> <span class='ocrx_word' id='word_1_773' title='bbox 404 2663 452 2699; x_wconf 83' lang='lat' dir='ltr'><strong>qui</strong></span> <span class='ocrx_word' id='word_1_774' title='bbox 470 2671 486 2692; x_wconf 89' lang='lat' dir='ltr'><strong>a</strong></span> <span class='ocrx_word' id='word_1_775' title='bbox 499 2663 557 2691; x_wconf 87' lang='lat' dir='ltr'><strong>sole</strong></span> <span class='ocrx_word' id='word_1_776' title='bbox 575 2663 682 2700; x_wconf 78' lang='lat' dir='ltr'><strong>longius</strong></span> <span class='ocrx_word' id='word_1_777' title='bbox 703 2664 821 2697; x_wconf 83' lang='lat' dir='ltr'><strong>distant;</strong></span> <span class='ocrx_word' id='word_1_778' title='bbox 840 2665 996 2697; x_wconf 80' lang='lat' dir='ltr'><strong>heteroscii,</strong></span> 
     </span>
    </p>
   </div>
   <div class='ocr_carea' id='block_1_100' title="bbox 212 2710 996 2746">
    <p class='ocr_par' dir='ltr' id='par_1_100' title="bbox 212 2710 996 2746">
     <span class='ocr_line' id='line_1_100' title="bbox 212 2710 996 2746; baseline 0 -8"><span class='ocrx_word' id='word_1_779' title='bbox 212 2710 238 2738; x_wconf 73' lang='lat' dir='ltr'><strong>id</strong></span> <span class='ocrx_word' id='word_1_780' title='bbox 253 2716 295 2738; x_wconf 87' lang='lat' dir='ltr'><strong>est</strong></span> <span class='ocrx_word' id='word_1_781' title='bbox 315 2720 325 2738; x_wconf 70' lang='grc' dir='ltr'><strong>ι</strong></span> <span class='ocrx_word' id='word_1_782' title='bbox 340 2718 396 2738; x_wconf 92' lang='lat' dir='ltr'><strong>uno</strong></span> <span class='ocrx_word' id='word_1_783' title='bbox 412 2711 497 2739; x_wconf 87' lang='lat' dir='ltr'><strong>latere</strong></span> <span class='ocrx_word' id='word_1_784' title='bbox 508 2711 633 2738; x_wconf 86' lang='lat' dir='ltr'><strong>umbram</strong></span> <span class='ocrx_word' id='word_1_785' title='bbox 646 2711 791 2745; x_wconf 71' lang='lat' dir='ltr'><strong>iacientes,</strong></span> <span class='ocrx_word' id='word_1_786' title='bbox 808 2720 817 2736; x_wconf 76' lang='grc' dir='ltr'><strong>ι</strong></span> <span class='ocrx_word' id='word_1_787' title='bbox 832 2711 849 2738; x_wconf 91' lang='lat' dir='ltr'><strong>ii</strong></span> <span class='ocrx_word' id='word_1_788' title='bbox 859 2716 933 2744; x_wconf 88' lang='lat' dir='ltr'><strong>sunt,</strong></span> <span class='ocrx_word' id='word_1_789' title='bbox 949 2710 996 2746; x_wconf 90' lang='lat' dir='ltr'><strong>qui</strong></span> 
     </span>
    </p>
   </div>
   <div class='ocr_carea' id='block_1_101' title="bbox 212 2754 996 2785">
    <p class='ocr_par' dir='ltr' id='par_1_101' title="bbox 212 2754 996 2785">
     <span class='ocr_line' id='line_1_101' title="bbox 212 2754 996 2785; baseline -0.003 0"><span class='ocrx_word' id='word_1_790' title='bbox 212 2754 240 2784; x_wconf 77' lang='lat' dir='ltr'><strong>in</strong></span> <span class='ocrx_word' id='word_1_791' title='bbox 257 2762 352 2785; x_wconf 87' lang='lat' dir='ltr'><strong>nostro</strong></span> <span class='ocrx_word' id='word_1_792' title='bbox 370 2757 437 2785; x_wconf 85' lang='lat' dir='ltr'><strong>orbe</strong></span> <span class='ocrx_word' id='word_1_793' title='bbox 452 2761 605 2785; x_wconf 86' lang='lat' dir='ltr'><strong>versantur.</strong></span> <span class='ocrx_word' id='word_1_794' title='bbox 637 2756 706 2784; x_wconf 88' lang='lat' dir='ltr'><strong>Nam</strong></span> <span class='ocrx_word' id='word_1_795' title='bbox 725 2756 760 2783; x_wconf 88' lang='lat' dir='ltr'><strong>ad</strong></span> <span class='ocrx_word' id='word_1_796' title='bbox 788 2756 904 2784; x_wconf 87' lang='lat' dir='ltr'><strong>alterum</strong></span> <span class='ocrx_word' id='word_1_797' title='bbox 925 2755 996 2783; x_wconf 86' lang='lat' dir='ltr'><strong>latus</strong></span> 
     </span>
    </p>
   </div>
   <div class='ocr_carea' id='block_1_102' title="bbox 253 2846 987 2884">
    <p class='ocr_par' dir='ltr' id='par_1_102' title="bbox 253 2846 987 2884">
     <span class='ocr_line' id='line_1_102' title="bbox 253 2846 987 2884; baseline -0.001 -10"><span class='ocrx_word' id='word_1_798' title='bbox 253 2846 274 2862; x_wconf 91' lang='lat'><strong>&quot;</strong></span> <span class='ocrx_word' id='word_1_799' title='bbox 285 2846 363 2875; x_wconf 77' lang='lat' dir='ltr'><strong>Deest</strong></span> <span class='ocrx_word' id='word_1_800' title='bbox 377 2848 499 2884; x_wconf 82' lang='lat' dir='ltr'><strong>opposita</strong></span> <span class='ocrx_word' id='word_1_801' title='bbox 517 2855 580 2884; x_wconf 80' lang='lat' dir='ltr'><strong>pars</strong></span> <span class='ocrx_word' id='word_1_802' title='bbox 597 2847 748 2877; x_wconf 81' lang='lat' dir='ltr'><strong>divisionis.</strong></span> <span class='ocrx_word' id='word_1_803' title='bbox 790 2848 810 2863; x_wconf 79' lang='grc'><strong>¹⁶</strong></span> <span class='ocrx_word' id='word_1_804' title='bbox 826 2846 887 2883; x_wconf 69' lang='lat' dir='ltr'><strong>Leg.</strong></span> <span class='ocrx_word' id='word_1_805' title='bbox 907 2848 987 2883; x_wconf 80' lang='grc' dir='ltr'>μειοῖ.</span> 
     </span>
    </p>
   </div>
   <div class='ocr_carea' id='block_1_103' title="bbox 1048 2247 1833 2285">
    <p class='ocr_par' dir='ltr' id='par_1_103' title="bbox 1048 2247 1833 2285">
     <span class='ocr_line' id='line_1_103' title="bbox 1048 2247 1833 2285; baseline -0.003 -9"><span class='ocrx_word' id='word_1_806' title='bbox 1048 2249 1114 2285; x_wconf 79' lang='grc' dir='ltr'>γὰρ,</span> <span class='ocrx_word' id='word_1_807' title='bbox 1127 2249 1154 2276; x_wconf 85' lang='grc' dir='ltr'>ετ</span> <span class='ocrx_word' id='word_1_808' title='bbox 1166 2257 1209 2281; x_wconf 86' lang='grc' dir='ltr'><strong>τις</strong></span> <span class='ocrx_word' id='word_1_809' title='bbox 1224 2249 1302 2276; x_wconf 83' lang='grc' dir='ltr'>δαλὸν</span> <span class='ocrx_word' id='word_1_810' title='bbox 1324 2247 1429 2283; x_wconf 69' lang='grc' dir='ltr'>ὰνάψας</span> <span class='ocrx_word' id='word_1_811' title='bbox 1441 2247 1520 2283; x_wconf 76' lang='grc' dir='ltr'>ὀρθὸν</span> <span class='ocrx_word' id='word_1_812' title='bbox 1539 2248 1659 2281; x_wconf 82' lang='grc' dir='ltr'>στήσειε,</span> <span class='ocrx_word' id='word_1_813' title='bbox 1679 2247 1775 2273; x_wconf 79' lang='grc' dir='ltr'>τούτου</span> <span class='ocrx_word' id='word_1_814' title='bbox 1787 2248 1833 2274; x_wconf 68' lang='grc' dir='ltr'>οὐκ</span> 
     </span>
    </p>
   </div>
   <div class='ocr_carea' id='block_1_104' title="bbox 1049 2293 1831 2330">
    <p class='ocr_par' dir='ltr' id='par_1_104' title="bbox 1049 2293 1831 2330">
     <span class='ocr_line' id='line_1_104' title="bbox 1049 2293 1831 2330; baseline -0.004 -8"><span class='ocrx_word' id='word_1_815' title='bbox 1049 2295 1082 2322; x_wconf 84' lang='grc' dir='ltr'>ἂν</span> <span class='ocrx_word' id='word_1_816' title='bbox 1094 2295 1200 2330; x_wconf 82' lang='grc' dir='ltr'>γένοιτο</span> <span class='ocrx_word' id='word_1_817' title='bbox 1214 2295 1278 2322; x_wconf 89' lang='grc' dir='ltr'>σκιά</span> <span class='ocrx_word' id='word_1_818' title='bbox 1287 2302 1293 2309; x_wconf 91' lang='grc'>·</span> <span class='ocrx_word' id='word_1_819' title='bbox 1310 2294 1397 2326; x_wconf 79' lang='grc' dir='ltr'>οὕτως</span> <span class='ocrx_word' id='word_1_820' title='bbox 1409 2294 1468 2320; x_wconf 82' lang='grc' dir='ltr'>οὐδὲ</span> <span class='ocrx_word' id='word_1_821' title='bbox 1478 2293 1532 2320; x_wconf 83' lang='grc' dir='ltr'><strong>τῶν</strong></span> <span class='ocrx_word' id='word_1_822' title='bbox 1544 2293 1612 2330; x_wconf 83' lang='grc' dir='ltr'><strong>ὑπὲρ</strong></span> <span class='ocrx_word' id='word_1_823' title='bbox 1627 2293 1750 2329; x_wconf 77' lang='grc' dir='ltr'>κορυφῆς</span> <span class='ocrx_word' id='word_1_824' title='bbox 1762 2293 1831 2328; x_wconf 75' lang='grc' dir='ltr'>ἐχόν-</span> 
     </span>
    </p>
   </div>
   <div class='ocr_carea' id='block_1_105' title="bbox 1048 2338 1831 2376">
    <p class='ocr_par' dir='ltr' id='par_1_105' title="bbox 1048 2338 1831 2376">
     <span class='ocr_line' id='line_1_105' title="bbox 1048 2338 1831 2376; baseline -0.003 -9"><span class='ocrx_word' id='word_1_825' title='bbox 1048 2350 1103 2367; x_wconf 85' lang='grc' dir='ltr'>των</span> <span class='ocrx_word' id='word_1_826' title='bbox 1119 2341 1165 2368; x_wconf 85' lang='grc' dir='ltr'><strong>τὺν</strong></span> <span class='ocrx_word' id='word_1_827' title='bbox 1191 2341 1267 2375; x_wconf 84' lang='grc' dir='ltr'>ἡλιον</span> <span class='ocrx_word' id='word_1_828' title='bbox 1294 2339 1513 2376; x_wconf 81' lang='grc' dir='ltr'>μεσουρανοῦντα</span> <span class='ocrx_word' id='word_1_829' title='bbox 1533 2339 1640 2374; x_wconf 83' lang='grc' dir='ltr'>γένοιτο</span> <span class='ocrx_word' id='word_1_830' title='bbox 1661 2338 1705 2366; x_wconf 82' lang='grc' dir='ltr'><strong>ἂν.</strong></span> <span class='ocrx_word' id='word_1_831' title='bbox 1726 2339 1785 2365; x_wconf 79' lang='grc' dir='ltr'>Εἰσί</span> <span class='ocrx_word' id='word_1_832' title='bbox 1805 2339 1831 2365; x_wconf 79' lang='grc' dir='ltr'><strong>δὲ</strong></span> 
     </span>
    </p>
   </div>
   <div class='ocr_carea' id='block_1_106' title="bbox 1049 2383 1831 2422">
    <p class='ocr_par' dir='ltr' id='par_1_106' title="bbox 1049 2383 1831 2422">
     <span class='ocr_line' id='line_1_106' title="bbox 1049 2383 1831 2422; baseline -0.005 -8"><span class='ocrx_word' id='word_1_833' title='bbox 1049 2383 1122 2414; x_wconf 67' lang='grc' dir='ltr'>οῧτοι</span> <span class='ocrx_word' id='word_1_834' title='bbox 1142 2387 1167 2413; x_wconf 82' lang='grc' dir='ltr'><strong>οἰ</strong></span> <span class='ocrx_word' id='word_1_835' title='bbox 1173 2385 1226 2413; x_wconf 83' lang='grc' dir='ltr'>’τὸν</span> <span class='ocrx_word' id='word_1_836' title='bbox 1240 2386 1396 2422; x_wconf 81' lang='grc' dir='ltr'>ἰσημερινὸν</span> <span class='ocrx_word' id='word_1_837' title='bbox 1405 2385 1543 2418; x_wconf 81' lang='grc' dir='ltr'>οἰκοῦντες</span> <span class='ocrx_word' id='word_1_838' title='bbox 1553 2393 1560 2400; x_wconf 95' lang='grc'><strong>·</strong></span> <span class='ocrx_word' id='word_1_839' title='bbox 1572 2383 1654 2417; x_wconf 77' lang='grc' dir='ltr'>οὗτοι,</span> <span class='ocrx_word' id='word_1_840' title='bbox 1671 2384 1748 2420; x_wconf 81' lang='grc' dir='ltr'>ἡλίου</span> <span class='ocrx_word' id='word_1_841' title='bbox 1762 2393 1831 2419; x_wconf 79' lang='grc' dir='ltr'>γενο-</span> 
     </span>
    </p>
   </div>
   <div class='ocr_carea' id='block_1_107' title="bbox 1054 2430 1830 2470">
    <p class='ocr_par' dir='ltr' id='par_1_107' title="bbox 1054 2430 1830 2470">
     <span class='ocr_line' id='line_1_107' title="bbox 1054 2430 1830 2470; baseline -0.004 -10"><span class='ocrx_word' id='word_1_842' title='bbox 1054 2433 1146 2470; x_wconf 72' lang='grc' dir='ltr'><strong>μένοι)¹</strong></span> <span class='ocrx_word' id='word_1_843' title='bbox 1159 2434 1189 2460; x_wconf 81' lang='grc' dir='ltr'>ὲν</span> <span class='ocrx_word' id='word_1_844' title='bbox 1205 2433 1284 2469; x_wconf 83' lang='grc' dir='ltr'>Κριῷ</span> <span class='ocrx_word' id='word_1_845' title='bbox 1307 2433 1324 2468; x_wconf 86' lang='grc' dir='ltr'>ἢ</span> <span class='ocrx_word' id='word_1_846' title='bbox 1351 2433 1379 2459; x_wconf 81' lang='grc' dir='ltr'><strong>έν</strong></span> <span class='ocrx_word' id='word_1_847' title='bbox 1399 2432 1517 2468; x_wconf 85' lang='grc' dir='ltr'>Χηλαῖς,</span> <span class='ocrx_word' id='word_1_848' title='bbox 1531 2432 1592 2459; x_wconf 79' lang='grc' dir='ltr'>τότε</span> <span class='ocrx_word' id='word_1_849' title='bbox 1617 2431 1690 2458; x_wconf 71' lang='grc' dir='ltr'>κατὰ</span> <span class='ocrx_word' id='word_1_850' title='bbox 1715 2430 1830 2466; x_wconf 59' lang='grc' dir='ltr'>κορυςῆς</span> 
     </span>
    </p>
   </div>
   <div class='ocr_carea' id='block_1_108' title="bbox 1051 2476 1828 2515">
    <p class='ocr_par' dir='ltr' id='par_1_108' title="bbox 1051 2476 1828 2515">
     <span class='ocr_line' id='line_1_108' title="bbox 1051 2476 1828 2515; baseline -0.005 -9"><span class='ocrx_word' id='word_1_851' title='bbox 1051 2479 1198 2515; x_wconf 78' lang='grc' dir='ltr'>ἐχουσιτὺν</span> <span class='ocrx_word' id='word_1_852' title='bbox 1214 2478 1299 2514; x_wconf 77' lang='grc' dir='ltr'>ἥλιον.</span> <span class='ocrx_word' id='word_1_853' title='bbox 1313 2477 1383 2505; x_wconf 80' lang='grc' dir='ltr'>Φασὶ</span> <span class='ocrx_word' id='word_1_854' title='bbox 1393 2477 1422 2504; x_wconf 83' lang='grc' dir='ltr'><strong>δὲ</strong></span> <span class='ocrx_word' id='word_1_855' title='bbox 1439 2478 1467 2504; x_wconf 80' lang='grc' dir='ltr'>ὲν</span> <span class='ocrx_word' id='word_1_856' title='bbox 1486 2478 1576 2513; x_wconf 83' lang='grc' dir='ltr'>Συήνῃ</span> <span class='ocrx_word' id='word_1_857' title='bbox 1596 2477 1643 2503; x_wconf 85' lang='grc' dir='ltr'>καὶ</span> <span class='ocrx_word' id='word_1_858' title='bbox 1663 2476 1828 2511; x_wconf 74' lang='grc' dir='ltr'>Ἐλεφαντίνῃ</span> 
     </span>
    </p>
   </div>
   <div class='ocr_carea' id='block_1_109' title="bbox 1050 2522 1826 2559">
    <p class='ocr_par' dir='ltr' id='par_1_109' title="bbox 1050 2522 1826 2559">
     <span class='ocr_line' id='line_1_109' title="bbox 1050 2522 1826 2559; baseline -0.006 -7"><span class='ocrx_word' id='word_1_859' title='bbox 1050 2525 1163 2557; x_wconf 83' lang='grc' dir='ltr'>ἀσκίους</span> <span class='ocrx_word' id='word_1_860' title='bbox 1185 2524 1323 2559; x_wconf 83' lang='grc' dir='ltr'>γίνεσθαι,</span> <span class='ocrx_word' id='word_1_861' title='bbox 1343 2524 1388 2551; x_wconf 89' lang='grc' dir='ltr'>ὃτε</span> <span class='ocrx_word' id='word_1_862' title='bbox 1410 2525 1425 2550; x_wconf 82' lang='grc' dir='ltr'>ὁ</span> <span class='ocrx_word' id='word_1_863' title='bbox 1439 2523 1514 2559; x_wconf 84' lang='grc' dir='ltr'>ἥλιος</span> <span class='ocrx_word' id='word_1_864' title='bbox 1535 2523 1640 2557; x_wconf 75' lang='grc' dir='ltr'>γίνεται</span> <span class='ocrx_word' id='word_1_865' title='bbox 1660 2523 1690 2549; x_wconf 83' lang='grc' dir='ltr'>ὲν</span> <span class='ocrx_word' id='word_1_866' title='bbox 1706 2522 1826 2557; x_wconf 77' lang='grc' dir='ltr'>Καρκὶνῳ</span> 
     </span>
    </p>
   </div>
   <div class='ocr_carea' id='block_1_110' title="bbox 1050 2567 1827 2607">
    <p class='ocr_par' dir='ltr' id='par_1_110' title="bbox 1050 2567 1827 2607">
     <span class='ocr_line' id='line_1_110' title="bbox 1050 2567 1827 2607; baseline -0.006 -9"><span class='ocrx_word' id='word_1_867' title='bbox 1050 2572 1115 2607; x_wconf 77' lang='grc' dir='ltr'>περὶ</span> <span class='ocrx_word' id='word_1_868' title='bbox 1132 2570 1206 2607; x_wconf 82' lang='grc' dir='ltr'>ὤραν</span> <span class='ocrx_word' id='word_1_869' title='bbox 1222 2571 1316 2605; x_wconf 73' lang='grc' dir='ltr'>ἕκτην.</span> <span class='ocrx_word' id='word_1_870' title='bbox 1332 2569 1498 2605; x_wconf 78' lang='grc' dir='ltr'>Βραχύσκιοι</span> <span class='ocrx_word' id='word_1_871' title='bbox 1509 2568 1537 2596; x_wconf 76' lang='grc' dir='ltr'><strong>δὲ</strong></span> <span class='ocrx_word' id='word_1_872' title='bbox 1553 2569 1577 2595; x_wconf 87' lang='grc' dir='ltr'><strong>οἰ</strong></span> <span class='ocrx_word' id='word_1_873' title='bbox 1592 2568 1637 2595; x_wconf 70' lang='grc' dir='ltr'><strong>τὸν</strong></span> <span class='ocrx_word' id='word_1_874' title='bbox 1654 2567 1731 2604; x_wconf 71' lang='grc' dir='ltr'>ἥλιον</span> <span class='ocrx_word' id='word_1_875' title='bbox 1749 2567 1827 2602; x_wconf 80' lang='grc' dir='ltr'>ὀλίγον</span> 
     </span>
    </p>
   </div>
   <div class='ocr_carea' id='block_1_111' title="bbox 1052 2613 1826 2652">
    <p class='ocr_par' dir='ltr' id='par_1_111' title="bbox 1052 2613 1826 2652">
     <span class='ocr_line' id='line_1_111' title="bbox 1052 2613 1826 2652; baseline -0.005 -8"><span class='ocrx_word' id='word_1_876' title='bbox 1052 2617 1196 2652; x_wconf 79' lang='grc' dir='ltr'>ἀφεστῶτα</span> <span class='ocrx_word' id='word_1_877' title='bbox 1218 2617 1341 2652; x_wconf 75' lang='grc' dir='ltr'>ἔχοντες·</span> <span class='ocrx_word' id='word_1_878' title='bbox 1364 2615 1526 2651; x_wconf 82' lang='grc' dir='ltr'>μακρόσκιοι</span> <span class='ocrx_word' id='word_1_879' title='bbox 1547 2614 1576 2641; x_wconf 84' lang='grc' dir='ltr'>δὲ</span> <span class='ocrx_word' id='word_1_880' title='bbox 1600 2615 1626 2641; x_wconf 89' lang='grc' dir='ltr'><strong>οἰ</strong></span> <span class='ocrx_word' id='word_1_881' title='bbox 1644 2614 1741 2650; x_wconf 79' lang='grc' dir='ltr'>πόρρω</span> <span class='ocrx_word' id='word_1_882' title='bbox 1756 2613 1826 2641; x_wconf 70' lang='grc' dir='ltr'>αὑτὸν</span> 
     </span>
    </p>
   </div>
   <div class='ocr_carea' id='block_1_112' title="bbox 1051 2659 1826 2698">
    <p class='ocr_par' dir='ltr' id='par_1_112' title="bbox 1051 2659 1826 2698">
     <span class='ocr_line' id='line_1_112' title="bbox 1051 2659 1826 2698; baseline -0.005 -8"><span class='ocrx_word' id='word_1_883' title='bbox 1051 2663 1173 2698; x_wconf 77' lang='grc' dir='ltr'>ἔχοντες·</span> <span class='ocrx_word' id='word_1_884' title='bbox 1200 2663 1349 2698; x_wconf 80' lang='grc' dir='ltr'>έτερόσκιοι</span> <span class='ocrx_word' id='word_1_885' title='bbox 1373 2662 1402 2688; x_wconf 85' lang='grc' dir='ltr'><strong>δὲ</strong></span> <span class='ocrx_word' id='word_1_886' title='bbox 1427 2662 1452 2688; x_wconf 85' lang='grc' dir='ltr'><strong>οἰ</strong></span> <span class='ocrx_word' id='word_1_887' title='bbox 1477 2661 1506 2688; x_wconf 71' lang='grc' dir='ltr'>ἐν</span> <span class='ocrx_word' id='word_1_888' title='bbox 1531 2660 1666 2696; x_wconf 75' lang='grc' dir='ltr'>ταύτῃτῇ</span> <span class='ocrx_word' id='word_1_889' title='bbox 1692 2659 1826 2695; x_wconf 71' lang='grc' dir='ltr'>οἰκουμένῃ</span> 
     </span>
    </p>
   </div>
   <div class='ocr_carea' id='block_1_113' title="bbox 1051 2706 1826 2744">
    <p class='ocr_par' dir='ltr' id='par_1_113' title="bbox 1051 2706 1826 2744">
     <span class='ocr_line' id='line_1_113' title="bbox 1051 2706 1826 2744; baseline -0.004 -8"><span class='ocrx_word' id='word_1_890' title='bbox 1051 2710 1198 2741; x_wconf 80' lang='grc' dir='ltr'>οἰκοῦντες,</span> <span class='ocrx_word' id='word_1_891' title='bbox 1220 2709 1315 2744; x_wconf 79' lang='grc' dir='ltr'>ἐπειδὴ</span> <span class='ocrx_word' id='word_1_892' title='bbox 1329 2708 1375 2735; x_wconf 75' lang='grc' dir='ltr'><strong>ἐπὶ</strong></span> <span class='ocrx_word' id='word_1_893' title='bbox 1393 2708 1424 2735; x_wconf 81' lang='grc' dir='ltr'>τὸ</span> <span class='ocrx_word' id='word_1_894' title='bbox 1433 2708 1526 2743; x_wconf 77' lang='grc' dir='ltr'>ἓτερον</span> <span class='ocrx_word' id='word_1_895' title='bbox 1545 2707 1628 2743; x_wconf 83' lang='grc' dir='ltr'>μέρος</span> <span class='ocrx_word' id='word_1_896' title='bbox 1646 2707 1661 2742; x_wconf 72' lang='grc' dir='ltr'><strong>ἡ</strong></span> <span class='ocrx_word' id='word_1_897' title='bbox 1677 2707 1743 2734; x_wconf 72' lang='grc' dir='ltr'>ικιὰ</span> <span class='ocrx_word' id='word_1_898' title='bbox 1758 2706 1826 2742; x_wconf 81' lang='grc' dir='ltr'>ἡμῶν</span> 
     </span>
    </p>
   </div>
   <div class='ocr_carea' id='block_1_114' title="bbox 1051 2753 1826 2791">
    <p class='ocr_par' dir='ltr' id='par_1_114' title="bbox 1051 2753 1826 2791">
     <span class='ocr_line' id='line_1_114' title="bbox 1051 2753 1826 2791; baseline -0.001 -10"><span class='ocrx_word' id='word_1_899' title='bbox 1051 2756 1197 2791; x_wconf 79' lang='grc' dir='ltr'>τρέπεται’</span> <span class='ocrx_word' id='word_1_900' title='bbox 1213 2755 1285 2789; x_wconf 85' lang='grc' dir='ltr'>λέγω</span> <span class='ocrx_word' id='word_1_901' title='bbox 1298 2755 1326 2782; x_wconf 75' lang='grc' dir='ltr'><strong>δὲ</strong></span> <span class='ocrx_word' id='word_1_902' title='bbox 1343 2755 1371 2782; x_wconf 79' lang='grc' dir='ltr'>ὲν</span> <span class='ocrx_word' id='word_1_903' title='bbox 1389 2754 1463 2790; x_wconf 82' lang='grc' dir='ltr'>δεξιᾷ</span> <span class='ocrx_word' id='word_1_904' title='bbox 1479 2754 1524 2781; x_wconf 77' lang='grc' dir='ltr'><strong>ἐπὶ</strong></span> <span class='ocrx_word' id='word_1_905' title='bbox 1543 2753 1575 2781; x_wconf 70' lang='grc' dir='ltr'><strong>τὸ</strong></span> <span class='ocrx_word' id='word_1_906' title='bbox 1591 2753 1708 2788; x_wconf 78' lang='grc' dir='ltr'>βόρειον.</span> <span class='ocrx_word' id='word_1_907' title='bbox 1725 2753 1826 2788; x_wconf 74' lang='grc' dir='ltr'>Ὁμοίως</span> 
     </span>
    </p>
   </div>
   <div class='ocr_carea' id='block_1_115' title="bbox 1028 2846 1284 2874">
    <p class='ocr_par' dir='ltr' id='par_1_115' title="bbox 1028 2846 1284 2874">
     <span class='ocr_line' id='line_1_115' title="bbox 1028 2846 1284 2874; baseline -0.008 0"><span class='ocrx_word' id='word_1_908' title='bbox 1028 2847 1048 2863; x_wconf 71' lang='grc'>¹⁷</span> <span class='ocrx_word' id='word_1_909' title='bbox 1065 2846 1126 2874; x_wconf 86' lang='lat' dir='ltr'><strong>Cor.</strong></span> <span class='ocrx_word' id='word_1_910' title='bbox 1142 2846 1284 2873; x_wconf 69' lang='grc' dir='ltr'>ἀντίσκιοι.</span> 
     </span>
    </p>
   </div>
  </div>
