1913 3136
78 165 138 194 985

458 161 618 190 ACHlLLIS
638 162 731 189 TATll
745 161 894 190 ISAGOGE
912 161 958 189 AD
973 161 1078 189 ARATl
1098 159 1333 188 PHIENOMENA.

1660 160 1711 189 986

78 221 111 248 δὲ
128 221 177 248 καὶ¹
192 221 218 248 οἱ
237 220 356 248 ἄντοικοι
371 219 521 255 ἑτερόσκιοί
540 220 625 246 εἰσιν·
641 219 734 255 ἐπειδὴ
752 220 800 245 καὶ
815 219 877 246 τού-

942 219 1023 246 unbra
1039 222 1135 246 nostra
1157 216 1320 252 projicitur:
1339 215 1466 243 videlicet
1478 215 1604 243 dextrum
1623 219 1649 243 ct
1667 216 1713 243 bo-

79 274 140 293 των
158 266 176 301 ή
196 266 260 292 σκιὰ
284 264 330 291 ἐπὶ
350 264 381 291 τὸ
401 264 545 300 ἀριστερὸν
565 264 647 300 μέρος
667 264 699 291 τὸ
719 263 876 302 νοτιώτερον

79 312 230 348 τρέπεται.
247 310 391 338 Ἀντίσκιοι
411 310 440 337 δὲ
464 311 488 337 οί
510 311 538 337 ἐν
555 310 593 346 τῷ
613 309 711 346 βορείῳ
728 310 766 326 ¹⁸·
783 310 876 346 ἐπειδὴ

80 357 213 388 ἐναντίας
227 356 277 388 τὰς
291 355 370 388 σκιὰς
383 355 488 391 ἔχουσιν
499 364 505 371 ·
517 356 541 382 οί
560 356 608 391 μὲν
622 357 663 388 είς
672 356 705 384 τὰ
717 356 793 389 δεξιὰ
807 356 876 393 μέρη

80 403 190 436 αὐτῶν,
211 403 235 429 οι
254 402 282 429 δὲ
298 403 339 434 είς
364 401 399 428 τὰ
419 402 564 438 ἀριστερὰ,
580 402 624 429 διὰ
649 401 680 429 τὸ
705 403 788 438 μέσον
809 401 878 430 εἶναι

80 448 181 474 αὐτῶν
195 448 241 474 τὸν
256 447 340 483 ἥλιον.
358 447 514 483 ’Δμφίσκιοι
528 447 557 474 δὲ
579 447 698 482 γίνονται
718 447 743 474 οι
766 448 814 483 μὲν
833 448 878 475 τὸν

84 493 249 529 ἰσημερινὸν
266 493 364 520 κύκλον
379 493 526 524 οἰκοῦντες.
539 493 570 519 Οἱ
584 493 613 520 δὲ
629 493 706 520 αὐτοὶ
718 493 764 520 καὶ
777 493 877 520 ἄσκιοι.

83 538 155 565 Ὅτε
173 538 221 574 μὲν
234 538 288 574 γὰρ
302 537 372 573 ὑπὲρ
387 538 509 573 κορυφῆς
524 538 613 565 αὐτῶν
624 538 698 565 ἐστιν
718 539 732 565 ὁ
745 538 828 574 ἥλιος,
841 538 879 571 ὡς

82 583 214 619 εἴπομεν,
231 584 321 610 ἅσκιοί
344 585 426 610 εἰσιν·
447 584 492 610 ὅτε
504 583 533 610 δὲ
555 584 703 617 ἀφίσταται
718 584 806 611 αὐτῶν
826 583 880 611 ἀπὸ

84 629 178 664 Κριοῦ
193 630 231 661 εἰς
242 629 345 664 Ταῦρον
360 628 449 656 καὶτὰ
460 628 523 663 ἑξῆς
535 628 628 661 ζώδια,
636 628 685 664 τὴν
700 629 784 664 αὐτὴν
799 628 879 655 σκιὰν

83 673 198 708 ἔχουσιν
212 673 258 699 ἐπὶ
273 673 308 700 τὰ
324 672 450 708 εὐώνυμα
464 672 549 708 μέρη·
567 673 610 699 ὅτε
623 673 651 699 δὲ
665 673 718 699 ἀπὺ
736 674 880 709 ἰσημερίας

83 719 140 754 τῆς
154 720 183 745 ὲν
197 719 301 755 Χηλαῖς
320 720 335 745 ό
351 718 427 753 ἥλιος
440 719 552 754 γένηται
574 720 603 745 ὲν
622 719 750 754 Σκορπίῳ
766 719 811 746 καὶ
825 720 881 751 τοῖς

85 760 156 796 ἑξῆς
179 762 295 794 ζωδίοις,
309 762 371 788 τότε
387 763 404 797 ἡ
427 761 491 788 σκιὰ
506 761 596 788 αὐτῶν
611 761 658 788 ἐπὶ
674 761 708 788 τὰ
722 761 795 793 δεξιὰ
811 762 880 797 μέρη

86 808 275 843 ἐκπέμπεται.
295 808 375 834 Ὥστε
397 806 554 842 συμϐαίνειν
574 807 637 839 τοὺς
657 806 720 842 τῇδε
741 806 881 838 οἰκοῦντας

86 855 159 882 ποτὲ
177 855 225 890 μὲν
239 853 350 885 ἀσκίους
366 853 499 888 γίνεσθαι,
518 853 592 885 ὅταν,
611 854 640 879 ὲν
654 853 787 888 Χηλαῖςῆ
804 852 882 888 Κριῷ

926 272 1015 292 reum.
1035 263 1080 291 Sic
1094 263 1192 290 σοι.ωοὶ
1216 262 1360 290 heteroscii
1380 265 1468 295 sunt,
1494 261 1593 297 quippe
1605 261 1712 288 illorum

928 310 1026 338 umbra
1043 310 1187 337 sinistrum
1198 309 1231 335 ad
1243 309 1315 336 latus
1327 311 1354 335 et
1368 307 1489 334 australe
1508 307 1643 342 dirigitur.
1658 307 1714 334 Au-

928 356 999 384 tiscii
1012 355 1167 383 borealibus
1179 359 1244 382 sunt
1259 354 1405 386 australes,
1419 353 1482 388 quia
1503 355 1655 381 contrarias
1667 353 1714 380 ha-

928 402 993 430 bent
1014 401 1147 434 umbras;
1170 399 1209 426 illi
1229 399 1360 426 dextrum
1386 399 1418 426 ad
1445 399 1527 431 latus,
1548 398 1575 426 hi
1592 399 1624 426 ad
1646 399 1714 426 sini-

929 452 1027 478 strum,
1049 446 1178 481 quoniam
1202 445 1309 473 medius
1323 445 1369 474 .sol
1395 444 1527 472 ambobus
1554 444 1715 479 inter-jactus

929 497 980 520 est.
1012 491 1178 527 Amphiscii,
1202 490 1228 518 id
1251 494 1303 523 est,
1333 490 1367 517 ad
1390 493 1537 525 utrumque
1557 490 1628 516 latus
1652 498 1715 516 nm-

929 537 1005 565 bram
1034 537 1182 568 habentes,
1205 539 1269 563 sunt
1292 535 1476 570 aequinoctiali
1502 534 1605 561 circulo
1620 533 1714 568 subje-

929 583 976 610 cti.
1000 582 1084 609 iidem
1107 585 1134 609 et
1154 581 1237 612 ascii,
1254 580 1280 608 id
1297 584 1338 608 est
1361 579 1463 606 umbra:
1482 586 1594 614 prorsus
1616 586 1714 613 expcr.

930 632 981 656 tes.
1012 628 1079 655 Nam
1102 635 1164 654 cum
1194 634 1276 662 supra
1299 626 1426 654 verticem
1459 625 1568 652 illorum
1597 624 1637 651 sol
1657 629 1713 655 est,

931 674 1008 705 ﬁunt,
1024 677 1054 708 ut
1070 673 1199 705 diximus,
1216 673 1301 706 ascii;
1315 679 1376 699 cum
1389 671 1465 697 abiis
1484 670 1637 701 recesserit,
1651 674 1713 704 puta

931 720 965 747 ab
984 719 1075 746 Ariete
1092 719 1126 746 ad
1142 718 1262 746 Taurum
1280 723 1306 745 et
1331 716 1525 752 consequentia
1543 716 1628 750 signa.
1641 723 1716 742 cam-

931 765 991 792 dem
1006 765 1147 792 nobiscum
1165 764 1267 791 habent
1282 763 1405 791 umbram
1418 762 1451 789 ad
1473 761 1614 788 sinistrum
1633 761 1714 788 latus.

933 810 985 837 Sed
998 818 1059 837 cum
1075 810 1108 837 ab
1120 809 1295 844 aequmoctio,
1321 808 1394 844 quod
1421 808 1447 834 in
1459 807 1540 834 Libra
1569 806 1608 838 ﬁt,
1626 806 1666 833 sol
1682 805 1716 832 ad

933 855 1075 890 Scorpium
1104 859 1131 882 et
1148 855 1202 882 alia
1221 856 1297 889 signa.
1315 853 1459 882 transitum
1479 852 1553 884 facit,
1572 856 1636 879 tunc
1651 852 1717 878 dex-

85 901 104 927 ὀ
120 901 197 936 ἣλιος
207 899 254 933 ὣν,
275 900 345 927 κατὰ
359 899 481 934 κορυφῆς
494 898 582 926 αὐτῶν
653 898 719 925 ποτὲ
733 899 761 924 δὲ
778 899 807 924 ὲν
818 899 881 934 ἀρι-

942 909 1053 929 .rorsum
1072 901 1179 928 illorum
1205 901 1301 927 umbra
1332 900 1460 927 mittitur.
1484 899 1522 926 Ita
1535 899 1574 931 iit,
1595 903 1622 925 ut
1644 898 1716 924 illius

88 947 177 982 στερᾷ
191 945 261 981 ἔχειν
276 946 326 980 τὴν
346 945 435 978 σκιὰν,
449 945 494 972 ὂτε
509 946 537 971 ὲν
550 943 677 980 Σκορπίῳ
690 943 737 970 καὶ
750 945 805 975 τοῖς
816 943 880 978 ἑξῆς

88 994 107 1019 ὸ
119 992 197 1028 ἥλιος
211 993 326 1026 γίνεται.
343 991 422 1024 Τινὲς
439 992 468 1019 δὲ
494 991 542 1018 καὶ
561 990 720 1027 περισκίονς
735 990 797 1022 τοὺς
815 991 881 1026 περὶ

89 1039 192 1070 αὐτοὺς
206 1037 297 1074 κύκλῳ
313 1037 423 1073 ἔχοντας
435 1037 485 1073 τὴν
501 1036 581 1063 σκιὰν
595 1034 664 1063 εἶναι
678 1035 828 1071 βούλονται.

931 946 1051 980 regionis
1083 945 1179 973 incola:
1195 945 1331 972 interdum
1354 945 1420 972 ascii
1439 944 1503 977 sint,
1519 952 1580 971 cum
1595 943 1620 970 in
1637 943 1717 970 Libra

932 992 1081 1020 vclAriele
1101 992 1141 1020 sol
1169 992 1264 1019 vertici
1288 991 1397 1019 illorum
1421 991 1545 1018 insidet:
1570 990 1636 1017 alias
1652 989 1720 1016 sini-

933 1042 990 1066 stra
1014 1038 1048 1066 iis
1072 1038 1168 1065 umbra
1192 1038 1238 1065 ﬁat
1257 1037 1366 1073 quando
1384 1037 1423 1064 sol
1444 1035 1586 1072 Scorpium
1608 1039 1634 1063 et
1653 1042 1719 1062 con-

89 1085 235 1120 sequentia
252 1084 329 1119 signa
347 1088 481 1119 peragrat.
514 1083 584 1111 Sunt
603 1083 649 1118 qui
666 1083 799 1118 periscios
822 1083 885 1111 illos
904 1092 964 1112 esse
984 1086 1088 1118 dicant,
1104 1093 1222 1120 quorum
1242 1085 1270 1111 in
1299 1083 1392 1111 orbem
1412 1083 1627 1118 circumquaque
1660 1087 1721 1108 um-

89 1133 142 1161 bra
162 1132 273 1167 iacitur.

129 1179 242 1215 Πρῶτος
265 1179 294 1205 δὲ
319 1178 492 1215 Παρμενίδης
513 1178 577 1214 napi.
595 1177 649 1204 τῶν
664 1177 756 1209 ζωνῶν
774 1177 885 1212 ἐκίνησε

93 1226 185 1260 λόγον.
202 1226 270 1261 Περὶ
284 1225 313 1252 δὲ
331 1225 378 1252 τοῦ
398 1223 516 1260 ἀριθμοῦ
538 1224 628 1251 αὐτῶν
650 1224 735 1259 πολλὴ
751 1223 886 1258 διαφωνία

92 1273 153 1303 ’τοῖς
167 1272 225 1306 μετ’
243 1271 324 1298 αὐτὸν
336 1271 460 1306 γέγονεν·
475 1270 500 1296 οι
518 1270 567 1306 μὲν
581 1269 636 1305 γὰρ
651 1269 681 1302 ἒξ
695 1269 779 1301 αὑτὰς
792 1267 868 1296 εἷπον
877 1278 884 1285 ·

94 1318 135 1349 ὡς
154 1317 294 1349 Πολύϐιος,
323 1317 371 1344 καὶ
391 1315 587 1348 Ποσειδώνιος,
604 1315 652 1350 τὴν
668 1314 888 1350 διακεκαυμένην

94 1365 138 1395 εὶς
153 1363 201 1390 δύο
222 1362 402 1399 διαιροῦντες
418 1362 443 1388 οί
457 1361 485 1387 δὲ
505 1361 587 1387 πέντε
605 1359 773 1396 παρέλαϐον·
791 1359 887 1394 ὥσπερ

103 1408 300 1444 Ἐρατοσθένης
323 1408 370 1434 καὶ
387 1407 461 1434 ἄλλοι
479 1406 580 1437 πολλοὶ,
601 1403 642 1437 οἷς
655 1405 701 1432 καὶ
717 1406 795 1440 ἡμεῖς
819 1412 885 1431 κατ-

95 1454 333 1490 ηκολουθήσαμεν.
350 1454 417 1489 Περὶ
441 1453 469 1482 δὲ
487 1453 619 1488 οἰκήσεων
644 1451 723 1478 πάλιν
736 1471 742 1482 ,
761 1452 808 1477 καὶ
834 1450 887 1477 τῶν

97 1500 286 1533 ἐνοικούντων,
304 1500 351 1526 καὶ
367 1499 523 1534 ὀνομάτων,
545 1498 640 1532 γέγονε
657 1497 742 1532 πολλὴ
763 1496 886 1532 ταραχὴ,

98 1547 149 1574 καὶ
164 1546 228 1582 περὶ
242 1545 405 1581 ἀντιχθόνων
415 1566 422 1578 ,
436 1545 483 1572 καὶ
499 1544 659 1572 ἀντιπόδων.

248 1603 317 1638 Περὶ
335 1602 505 1638 μεταρσίων
522 1601 570 1628 καὶ
592 1600 750 1634 μετεώρων.

136 1661 188 1696 λβμ.
209 1660 335 1695 Διαφέρει
351 1659 504 1695 μεταρσίων
522 1658 662 1693 μετέωρα·
680 1654 745 1693 ᾖτὰ
760 1656 808 1691 μὲν
827 1664 891 1690 μετ-

101 1707 179 1742 έωρα
207 1707 235 1732 ἐν
254 1705 361 1741 οὐρανῷ
386 1705 433 1731 καὶ
457 1704 547 1741 αἰθέρι
569 1703 641 1730 ἐστίν
654 1711 661 1718 ·
680 1703 717 1734 ὡς
738 1702 826 1737 ἥλιος,
847 1702 892 1729 καὶ

102 1752 140 1778 τὰ
152 1750 244 1782 λοιπὰ,
259 1751 306 1777 καὶ
324 1750 454 1785 οὐρανὸς,
470 1749 517 1776 καὶ
540 1748 622 1784 αίθήρ
634 1756 640 1762 ·
661 1748 794 1783 μετάρσια
813 1747 840 1773 δὲ
858 1746 892 1773 τὰ

104 1796 208 1833 μεταξὺ
220 1795 266 1822 τοῦ
282 1796 362 1831 ἀέρος
378 1796 425 1822 καὶ
436 1795 486 1830 τῆς
499 1795 550 1830 γῆς
562 1802 568 1808 ·
585 1792 640 1821 οἷον
658 1794 762 1829 ἄνεμοι,
772 1793 891 1827 νεφέλαι,

101 1842 203 1878 ὁμϐροι
213 1861 220 1874 ,
235 1841 372 1877 ἀστραπαὶ
382 1861 390 1874 ,
407 1840 532 1876 βρονταὶ,
545 1840 680 1875 κομῆται,
700 1839 800 1871 δοκίδες
813 1859 821 1871 ,
836 1847 893 1865 πω-

101 1888 213 1923 γωνίαι,
228 1887 384 1923 λαμπάδες,
404 1886 495 1922 ἴριδες,
508 1885 610 1918 ἆλωες,
624 1885 784 1920 διᾴττοντες,
802 1884 892 1919 ρυμοὶ,

104 1935 218 1970 ῥύακες.
236 1934 350 1961 Λεκτέον
369 1933 397 1960 δὲ
410 1933 474 1968 περὶ
494 1931 665 1968 μεταρσίων·
682 1930 745 1965 περὶ
765 1930 819 1966 γὰρ
836 1938 895 1964 μετ-

103 1981 200 2017 εώρων
222 1981 392 2017 προείρηται.
417 1979 527 2015 Πρῶτον
548 1979 576 2005 δὲ
599 1978 663 2005 περὶ
684 1977 791 2010 ἀνέμων
814 1976 895 2003 εἴπω-

107 2036 172 2064 μεν.

105 2082 179 2117 Περὶ
199 2082 325 2117 ἀνέμων,
349 2081 398 2109 καὶ
417 2081 462 2108 ὅτι
480 2080 611 2115 διαφέρει
632 2078 710 2113 αὖρα
734 2078 896 2113 ἀναθυμιάι

461 2123 547 2148 σεως.

147 2174 196 2208 λγί.
222 2173 430 2208 Ἀναξίμανδρος
451 2172 540 2199 τοίνυν
556 2172 633 2207 ῥύσιν
645 2170 725 2206 ἀέρος
740 2170 784 2197 τὸν
799 2169 897 2204 ἄνεμον

107 2219 188 2249 εἷπε·
208 2221 279 2251 τινὲς
298 2220 326 2246 δὲ
346 2219 526 2254 ἀναθυμίασιν
541 2218 631 2253 ἀέρος.
649 2217 740 2244 Ἀλλοι
757 2216 785 2242 δὲ
803 2215 895 2250 διαφέ-

108 2274 170 2302 ρειν
184 2265 282 2300 ἄνεμον
297 2264 421 2299 λέγουσιν
433 2263 519 2298 αὔρας
531 2272 537 2278 ·
556 2262 656 2297 ἄνεμον
669 2261 723 2296 γὰρ
739 2259 808 2287 εἶναι
821 2259 897 2295 ῥύσιν

107 2311 192 2346 ἀέρος
203 2318 209 2325 ·
223 2309 309 2344 αὔραν
325 2309 354 2335 δὲ
373 2308 554 2343 ἀναθυμίασιν
567 2307 629 2343 γῆς.
648 2307 703 2334 Καὶ
721 2306 784 2337 τοὺς
800 2305 848 2340 μὲν
866 2305 897 2331 ἐκ

107 2357 200 2391 νεφῶν
213 2356 336 2390 λέγουσιν
352 2353 420 2382 εἶναι
437 2354 564 2389 ἀνέμους,
583 2353 630 2380 καὶ
639 2351 779 2379 καλεῖσθαι
799 2360 808 2376 ι
820 2351 897 2377 ἐκνε-

107 2403 176 2438 φίας
187 2411 194 2417 ’
210 2412 220 2429 ι
234 2403 296 2434 τοὺς
308 2401 336 2428 δὲ
348 2401 401 2428 ἀπὸ
415 2400 466 2435 γῆς
481 2399 648 2435 φερομένους
660 2397 804 2432 ἀπογείους
813 2404 820 2411 ·
834 2395 896 2428 toil;

107 2449 139 2476 δὲ
155 2449 209 2475 ἀπὸ
225 2447 354 2483 ποταμῶν
372 2446 496 2482 ὲνυδρίας
508 2453 516 2461 ·
529 2446 591 2477 τοὺς
606 2445 634 2471 δὲ
649 2444 702 2471 ἀπὸ
714 2443 821 2471 κόλπων
836 2442 898 2469 κολ-

109 2496 177 2526 πίας
188 2503 195 2509 ·
214 2494 268 2521 ἀπὸ
281 2494 309 2520 δὲ
325 2493 394 2529 ὀρῶν
411 2491 498 2528 ὁρίας,
510 2491 526 2527 ἢ
538 2491 677 2526 ὀρεστίας·
693 2490 739 2517 καὶ
755 2489 809 2524 γὰρ
823 2488 899 2524 παρὰ

117 2542 299 2578 Ἀριστοτέλει
315 2542 344 2568 ἐν
357 2541 396 2576 τῷ
413 2539 483 2574 Περὶ
503 2537 630 2572 ἀνέμων,
650 2538 697 2564 καὶ
713 2536 789 2573 παρὰ
799 2535 900 2563 Καλλι-

112 2590 194 2624 μάχῳ
220 2588 306 2619 οὒτως
333 2586 518 2622 ὀνομάζονται.
544 2584 625 2610 Ὥστε
649 2583 697 2610 καὶ
725 2581 779 2608 ἀπὸ
810 2581 901 2608 τόπων

109 2634 194 2661 τινῶν
217 2633 282 2668 φασί
302 2641 378 2664 τινας
402 2631 544 2666 λέγεσθαι·
564 2627 620 2656 οἷον
648 2627 766 2655 Καικίαν
781 2627 827 2654 τὸν
848 2627 902 2655 ἀπὸ

112 2681 199 2712 Κάῐος
212 2681 234 2696 ¹⁹
253 2679 377 2715 ποταμοῦ
396 2678 512 2705 πνέοντα
525 2684 532 2691 ·
549 2676 598 2703 καὶ
618 2674 758 2710 Σκείρωνα
778 2673 825 2700 τὸν
848 2672 903 2699 ἀπὸ

111 2726 299 2762 Σκειρωνίδων
312 2725 429 2761 πετρῶν.
447 2723 525 2755 Τινὲς
535 2723 564 2749 δὲ
579 2721 633 2749 ἀπὸ
648 2720 736 2756 ὁρμῆς
748 2718 902 2754 ὠνομάσθη-

113 2781 174 2805 σαν,
185 2772 223 2803 ὡς
240 2770 361 2807 σφοδρῶς
378 2769 484 2806 ῥέοντες
495 2777 501 2785 ·
517 2767 565 2795 καὶ
577 2767 602 2794 οἱ
615 2765 683 2802 μετὰ
697 2763 806 2800 παλμοῦ
819 2772 900 2796 τινος,

153 2862 175 2878 ³⁵
190 2862 266 2889 Deest
281 2860 391 2893 aliquid,
407 2865 469 2888 vum
486 2861 541 2891 τοῖς
556 2860 582 2885 ἐν
597 2866 634 2891 τῳ
646 2856 736 2890 νοτίῳ.

971 1175 1080 1202 Primus
1098 1175 1137 1212 de.
1147 1175 1226 1202 zonis
1239 1173 1416 1200 Parmenides
1433 1173 1526 1200 dicere
1540 1172 1666 1199 instituit.
1683 1173 1721 1200 De

936 1228 1050 1255 quarum
1066 1227 1180 1247 numero
1193 1226 1290 1254 magna
1307 1218 1442 1245 dissensio
1454 1222 1505 1245 est.
1525 1217 1592 1244 Nam
1609 1218 1652 1244 alii
1673 1226 1720 1245 sex

937 1270 1093 1298 numerant,
1125 1270 1154 1292 ut
1178 1265 1307 1300 Polybius
1325 1268 1352 1291 et
1378 1263 1553 1296 Posidonius,
1573 1264 1619 1298 qui
1642 1265 1722 1291 torri-

936 1313 999 1341 dam
1015 1313 1042 1340 in
1056 1312 1125 1339 duas
1137 1310 1281 1343 dividunt;
1296 1310 1418 1345 quinque
1433 1310 1538 1336 malunt
1552 1310 1610 1342 alii,
1627 1319 1642 1338 e
1657 1311 1720 1346 qui-

938 1360 990 1387 bus
1005 1362 1046 1387 est
1057 1357 1261 1388 Eratosthenes,
1273 1360 1299 1384 et
1314 1363 1364 1383 nos
1379 1355 1474 1383 iisdem
1494 1356 1719 1391 subscripsimus.

939 1405 984 1432 Sic
998 1405 1032 1432 de
1049 1402 1275 1433 habitationibus.
1294 1406 1320 1430 et
1336 1409 1430 1428 earum
1450 1402 1557 1433 incolis,
1572 1410 1722 1437 eorumque

939 1449 1097 1476 nominibus
1116 1447 1189 1475 haud
1212 1446 1280 1474 levis
1299 1445 1443 1474 conﬂictus
1462 1450 1514 1477 est,
1536 1451 1564 1473 ut
1582 1447 1655 1473 etde
1674 1454 1723 1474 au-

939 1493 1125 1521 tichthonibus
1139 1497 1165 1520 et
1184 1492 1367 1528 antipodibus.

960 1596 1012 1631 91
1033 1595 1072 1622 De
1094 1595 1126 1621 iis
1143 1601 1200 1629 qua:
1220 1593 1355 1629 μετάρσια
1375 1597 1400 1619 et
1425 1592 1550 1628 μετέωρα
1571 1592 1705 1618 dicunlur.

978 1653 1023 1681 52.
1041 1652 1173 1679 Dill‘crunt
1188 1659 1203 1678 a
1217 1652 1345 1679 meteoris
1360 1658 1419 1686 quae
1433 1650 1566 1685 μετάρσια
1581 1649 1725 1676 nominan-

943 1706 987 1727 tur
1004 1710 1009 1726 :
1027 1707 1089 1727 nam
1109 1702 1228 1725 meteora
1246 1697 1274 1724 iu
1290 1697 1359 1724 cmlo
1375 1700 1439 1724 sunt
1461 1699 1488 1722 et
1512 1695 1613 1722 aethere
1629 1704 1635 1722 :
1655 1694 1727 1721 velut

943 1748 993 1778 sol,
1007 1750 1034 1773 et
1051 1746 1077 1772 id
1093 1752 1177 1780 genus
1193 1748 1299 1776 cratera,
1317 1743 1414 1770 coelum
1426 1761 1433 1774 ,
1458 1741 1559 1774 mthcr;
1579 1741 1704 1768 metarsia
1718 1759 1726 1772 ,

943 1801 1004 1828 qua).
1016 1800 1105 1820 aerem
1123 1792 1194 1818 inter
1206 1794 1233 1817 et
1252 1794 1351 1818 terram
1364 1787 1510 1815 accidunt:
1529 1790 1558 1813 ut
1574 1787 1658 1816 venti,
1675 1793 1727 1813 nu-

944 1839 1003 1869 bes,
1017 1837 1130 1868 imbres,
1148 1836 1255 1871 fulgura
1267 1854 1274 1867 ,
1291 1835 1411 1861 tonitrua
1424 1852 1431 1865 ,
1459 1836 1570 1859 cometae
1582 1850 1589 1863 ,
1615 1831 1706 1858 trahes
1719 1850 1726 1861 ,

943 1884 1064 1912 barbatae
1080 1882 1174 1914 stcllm,
1191 1881 1275 1912 faces,
1293 1879 1392 1913 irides,
1415 1886 1484 1906 area:
1497 1897 1504 1910 ,
1528 1877 1728 1904 transvolantes

945 1931 1043 1962 stellae,
1065 1933 1187 1956 temones
1200 1947 1207 1960 ,
1236 1926 1377 1962 proﬂuviu.
1403 1924 1441 1952 De
1458 1924 1491 1952 iis
1508 1931 1568 1959 qua:
1596 1922 1728 1959 μετάρσια

945 1978 1094 2005 vocantur,
1116 1973 1249 2008 agendum
1277 1970 1356 1998 nobis
1372 1974 1424 1997 est.
1450 1968 1517 1995 Nam
1542 1966 1575 1994 de
1600 1965 1728 1993 meteoris

944 2022 999 2056 jam
1017 2019 1144 2047 diximus.
1160 2017 1199 2044 Ac
1213 2016 1288 2052 prius
1301 2015 1335 2043 de
1349 2014 1449 2043 ventis.

949 2077 986 2104 De
1007 2076 1106 2108 ventis,
1127 2074 1206 2109 deque
1226 2080 1298 2099 aura:
1315 2076 1340 2098 et
1366 2069 1543 2097 exhalationis
1567 2067 1727 2095 discrimine.

987 2165 1039 2195 53.
1049 2164 1249 2193 Anaximander
1262 2164 1388 2190 ﬂuentem
1405 2168 1497 2188 aerem
1512 2159 1579 2186 dixit
1589 2166 1650 2185 esse
1664 2165 1730 2185 ven-

952 2216 1029 2245 tum;
1048 2211 1092 2238 alii
1107 2209 1304 2238 exhalationem
1322 2206 1402 2234 aeris.
1424 2205 1477 2232 Alii
1491 2208 1600 2230 ventum
1613 2203 1651 2232 ab
1664 2210 1731 2230 aura

953 2258 1113 2292 discrepare
1124 2255 1235 2282 volunt:
1249 2254 1349 2289 quippe
1362 2255 1471 2278 ventum
1489 2249 1566 2276 aiunt
1577 2256 1638 2276 esse
1649 2248 1732 2275 liuen-

953 2305 1004 2331 tem
1031 2307 1138 2332 aerem;
1162 2305 1256 2326 auram
1283 2304 1348 2324 vero
1366 2299 1501 2322 terrenam
1517 2293 1728 2321 cxhalationem.

953 2347 1102 2374 Ventorum
1120 2353 1201 2380 porro
1215 2344 1284 2371 alios
1297 2351 1312 2370 e
1326 2341 1445 2369 nubibus
1464 2340 1574 2375 prodire
1587 2342 1693 2373 putant.
1705 2343 1733 2366 et

950 2393 1044 2420 vocari
1062 2401 1071 2417 ι
1088 2390 1249 2426 ecnephias;
1270 2398 1279 2414 ι
1298 2388 1365 2415 alios
1383 2395 1399 2415 e
1417 2391 1489 2414 terra
1512 2385 1645 2413 excitatos
1664 2385 1732 2411 ἀπο-

950 2438 1059 2472 γείουςε
1078 2436 1122 2471 qui
1142 2443 1157 2463 e
1185 2434 1342 2462 [luminibus
1358 2433 1500 2465 oriuntur,
1518 2431 1668 2466 aquatiles,
1686 2430 1732 2465 qui

950 2492 965 2511 a
982 2482 1126 2510 maritimis
1148 2479 1397 2512 sinibus,xok:iac,
1413 2485 1428 2505 a
1445 2477 1582 2505 montibus
1598 2476 1675 2512 ὁρίας
1692 2475 1734 2503 vel

952 2529 1094 2566 ὀρεστίας;
1112 2526 1248 2562 quomodo
1267 2526 1302 2553 ab
1316 2524 1460 2553 Aristotele
1474 2525 1502 2550 in
1516 2523 1588 2550 libro
1604 2521 1643 2548 De
1665 2529 1734 2548 ven-

952 2578 996 2610 tis,
1015 2581 1040 2608 et
1057 2574 1223 2603 Callimacho
1237 2572 1420 2600 nominantur.
1451 2570 1496 2598 Sic
1511 2578 1526 2596 a
1541 2569 1608 2596 locis
1623 2566 1737 2602 quidam

953 2631 1051 2652 nomen
1068 2622 1204 2656 accipiunt
1218 2628 1225 2647 :
1242 2624 1272 2647 ut
1280 2619 1382 2647 Caecias
1397 2626 1412 2645 a
1423 2617 1504 2646 Caico
1512 2615 1593 2642 ﬂuvio
1603 2614 1710 2648 spirans
1724 2622 1733 2646 ς

952 2675 980 2698 et
997 2669 1094 2696 Sciron
1109 2675 1124 2694 a
1141 2665 1287 2694 Scironicis
1312 2665 1441 2700 scopulis.
1464 2661 1605 2690 Nonnullis
1624 2660 1658 2687 ab
1684 2659 1732 2686 im-

953 2720 1015 2751 petu
1048 2722 1145 2742 nomen
1177 2712 1311 2740 inditum:
1341 2715 1370 2738 ut
1396 2709 1442 2745 qui
1475 2705 1663 2735 vebcmentius
1690 2704 1734 2731 in-

953 2749 1069 2798 gruant;
1096 2763 1122 2788 et
1145 2759 1191 2795 qui
1209 2758 1325 2794 quadam
1353 2763 1414 2784 cum
1434 2752 1585 2785 vibratione
1609 2758 1641 2781 ac
1671 2749 1738 2779 sub-

794 2855 814 2870 ”
829 2854 849 2889 {.
867 2852 980 2879 Καΐκου.
