1913 3136
177 163 228 192 987

691 158 734 185 AD
751 156 884 184 EUSEBII
898 155 1094 185 CHRONICON
1113 157 1294 186 APPENDIX.

1755 163 1815 191 988

179 222 251 249 sultu
271 221 395 249 feruntur
407 241 414 252 ,
439 218 574 255 procellae.
591 218 643 245 Alii
669 226 685 245 a
708 218 799 254 specie
814 218 943 245 dicuntur
958 227 964 244 ι

1021 216 1065 243 καὶ
1083 217 1239 252 πηδήματος
1259 217 1377 244 θύελλαι.
1396 219 1427 246 Ol
1440 219 1468 246 δὲ
1485 220 1537 246 ἀπὸ
1555 221 1696 256 σχήματος
1712 221 1812 255 λέγον-

179 269 252 295 velut
264 268 310 303 qui
325 266 442 301 quadam
461 264 594 300 vertigine
606 265 765 297 volvuntur,
781 264 965 300 appellantur-

180 321 233 349 que
251 313 382 340 turbines.
399 311 464 339 item
480 311 526 346 qui
552 311 586 338 ab
599 310 653 338 imo
668 318 779 338 sursum
795 310 964 342 attolluntur,

181 364 325 395 presteres.
340 358 456 393 Scripsit
468 358 501 385 de
514 357 603 385 ventis
619 357 700 384 etiam
712 356 916 384 Eratosthenes.
933 357 966 384 At

180 404 331 432 cardinales
350 404 424 431 venti
448 406 512 431 sunt
529 407 664 438 quatuor:
682 410 697 430 e
711 402 810 438 quibus
837 402 901 435 ille,
919 402 966 438 qui

181 451 214 477 ab
230 454 290 477 ortu
307 449 351 476 ﬂat
363 470 372 481 ,
399 449 566 477 subsolanus
583 448 709 482 'dicitur;
740 448 787 483 qui
814 448 848 476 ab
865 449 966 477 arctico

179 497 251 532 polo.
265 496 381 529 boreas;
398 496 444 531 qui
458 497 492 523 ab
508 495 669 528 antarctico,
685 499 791 529 auster;
807 495 841 523 ab
853 502 966 528 occasu,

180 542 326 578 zephyrus.
344 541 413 570 Nam
429 541 511 577 ζὲφος
527 542 634 577 poetice
645 549 775 570 occasum
787 541 934 578 signiﬁcat.

487 634 525 662 De
544 634 662 661 cometis.

215 681 260 708 54.
278 680 318 708 De
330 679 445 708 cometis
461 684 487 707 et
503 680 625 708 trabibus
641 679 778 715 scripsere
789 680 943 715 complures
958 689 965 707 :

181 727 255 754 velut
268 727 432 754 Demetrius.
447 726 537 755 Locus
549 734 644 754 eorum
663 732 704 754 est
728 727 756 754 in
775 734 848 759 aere,
864 735 918 754 non
938 728 966 755 in

181 773 260 800 caelo.
278 773 316 800 Ex
333 773 368 800 iis
384 780 501 808 quorum
525 773 616 799 lumen
639 772 769 800 deorsum
790 773 920 807 respicit,
938 777 967 800 ut

182 826 278 847 versus
292 826 352 846 eam
363 822 466 853 partem
475 825 621 846 coruscare
628 818 772 846 videantur
781 838 789 851 ,
810 828 818 844 (
832 823 943 846 cometa:
955 828 964 844 ι
982 835 1003 863 Β

181 864 379 897 nominantur;
414 871 531 898 quorum
565 863 694 898 splendor
720 871 830 891 sursum
860 864 966 898 vergit,

184 919 194 936 ι
212 909 305 943 faces;
326 919 336 936 ι
354 917 416 937 cum
432 910 476 937 lux
494 910 601 945 tractim
617 909 786 944 producitur,
800 919 809 934 ί
828 909 938 942 trabes;
955 919 964 935 ι

182 956 292 991 quando
313 956 451 984 roscidum
478 956 569 983 lumen
592 962 714 991 apparet,
731 965 741 982 ‹
759 956 808 983 iris
827 966 837 982 ι
856 956 966 984 dicitur.

182 1002 298 1035 Quando
315 1002 400 1030 solem
415 1001 501 1029 ambit
518 1001 637 1029 circulus
653 1010 659 1028 :
676 1001 829 1036 cujusmodi
841 1009 968 1028 nonnun-

183 1056 265 1083 quam
286 1047 340 1075 duo
358 1051 449 1075 tresve
464 1047 532 1074 ﬁunt
546 1057 552 1074 :
571 1046 642 1074 unde
656 1052 682 1074 et
695 1046 796 1073 Aratus
810 1046 878 1073 dixit
893 1054 903 1071 ι
920 1045 969 1073 tri-

182 1094 310 1129 plicatam
328 1101 430 1126 aream,
453 1104 463 1120 ι
486 1098 598 1121 vocatur
611 1094 701 1126 ἄλως,
724 1093 750 1120 id
766 1097 808 1121 est
833 1102 842 1118 ι
863 1099 937 1119 area.
955 1101 965 1118 ›

183 1140 213 1168 Si
227 1140 262 1168 ab
277 1140 360 1168 astris
388 1140 457 1176 ignis
480 1140 514 1167 ad
532 1139 661 1168 inferiora
684 1140 866 1175 propellatur,
895 1149 905 1165 ‹
928 1142 968 1165 te-

182 1194 287 1220 mones,
299 1197 309 1214 )
319 1191 345 1214 et
355 1196 365 1212 ‹
382 1187 513 1222 proﬂuvia
526 1196 536 1213 ι
552 1190 754 1221 nuncupantur.
763 1185 814 1218 Qui
823 1185 968 1213 subsultim

182 1234 236 1261 huc
262 1237 290 1261 et
309 1233 374 1260 illuc
391 1233 546 1268 agitantur,
576 1242 585 1258 ι
607 1233 734 1260 salientes
755 1242 764 1258 ι
794 1236 846 1260 οι(
868 1231 969 1259 transi-

183 1280 280 1307 lientes
295 1290 301 1307 :
317 1279 390 1315 qu;d
407 1279 436 1307 ﬁt
453 1279 539 1308 stellis
561 1284 642 1307 vento
655 1279 814 1310 concussis.
835 1282 863 1306 et
890 1278 969 1314 quasi

183 1326 315 1354 scintillas
332 1325 530 1354 emittentibus.
549 1324 617 1352 Hinc
641 1324 713 1352 illud
735 1328 878 1352 ventorum
899 1331 969 1359 prae-

183 1372 288 1407 sagium
316 1371 406 1399 facere
428 1371 508 1398 docet
531 1370 641 1398 Aratus.
658 1369 698 1396 Ad
716 1370 773 1397 haec
790 1379 800 1395 ι
818 1377 939 1405 praesepe
956 1379 966 1396 ι

182 1423 280 1446 vocant
297 1419 396 1447 autem
424 1418 570 1453 quamdam
599 1418 673 1445 circa
700 1417 835 1445 Cancrum
854 1417 967 1452 conglo-

182 1465 274 1492 batam
303 1470 330 1491 et
353 1464 538 1499 splendidam,
565 1467 593 1491 ut
617 1464 717 1491 Aratus
741 1463 896 1499 signiﬁcat:
923 1462 968 1489 cui

1016 270 1060 288 ται
1073 271 1078 276 ·
1091 262 1184 298 ὥσπερ
1201 264 1225 289 οἱ
1245 263 1320 298 μετὰ·
1337 263 1465 300 δινήσεως
1483 266 1633 301 στρόϐιλοι*
1649 268 1698 293 καὶ
1710 268 1736 293 οί
1758 269 1811 295 κά-

1016 308 1101 335 τωθεν
1114 309 1153 341 είς
1170 309 1236 343 ὕψος
1249 309 1392 345 φερόμενοι
1405 312 1571 346 πρηστῆρες.
1595 313 1810 348 Ἐπραγματεύ-

1017 363 1081 381 σατο
1100 355 1128 381 δὲ
1147 355 1212 391 περὶ
1225 355 1331 390 ἀνέμων
1346 357 1392 383 καὶ
1410 357 1613 394 Ἐρατοσθένης.
1632 360 1664 385 Οἱ
1685 360 1714 386 ὗὲ
1734 368 1811 394 γενι-

1016 401 1132 428 κώτατοι
1152 402 1247 437 ἄνεμοι
1263 402 1395 438 τέσσαρές
1414 404 1481 429 εἰσιν
1499 405 1546 430 καὶ
1562 406 1576 431 ὁ
1596 405 1646 440 μὲν
1670 406 1726 432 ἀπὸ
1744 407 1811 433 ἀνα-

1015 448 1102 474 τολῶν
1127 448 1216 475 πνέων
1247 449 1369 475 καλεῖται
1392 449 1564 486 ἀπηλιώτης,
1585 452 1600 477 ὁ
1623 452 1652 478 δὲ
1680 453 1736 479 ἀπὸ
1762 453 1812 479 τοῦ

1016 495 1147 530 ἀρκτικοῦ
1169 496 1251 523 πόλου
1276 496 1382 532 βορέας,
1399 497 1412 523 ὁ
1428 497 1455 523 δὲ
1477 498 1531 524 ἀπὸ
1553 497 1601 524 τοῦ
1622 499 1811 534 ἀνταρκτικοῦ

1017 542 1102 574 νότος,
1117 543 1131 569 ὁ
1146 542 1174 568 δὲ
1189 542 1243 569 ἀπὸ
1260 542 1362 575 δύσεως
1381 542 1496 579 ζέφυρος
1508 552 1515 558 ·
1530 543 1611 578 ζέφος
1630 544 1686 580 γὰρ
1701 546 1718 580 ἡ
1734 545 1812 576 δύσις

1017 588 1088 615 κατὰ
1098 589 1161 620 τοὺς
1178 589 1302 623 ποιητάς.

1296 636 1365 670 Περὶ
1379 635 1524 671 κομητῶν.

1052 680 1099 707 λδ¹.
1111 680 1178 716 Περὶ
1188 680 1216 707 δὲ
1230 681 1358 717 κομητῶν
1365 682 1411 708 καὶ
1422 682 1532 709 δοκίδων
1543 684 1811 718 ἐπραγματεύσαντο

1017 725 1109 752 πολλοί
1117 734 1124 741 ’
1149 725 1242 762 ὥσπερ
1266 727 1313 753 καὶ
1337 728 1499 763 Δημήτριος.
1519 729 1580 755 Εἰσὶ
1603 730 1631 756 δὲ
1649 731 1700 757 οὐκ
1717 731 1749 757 ἐν
1764 731 1809 757 οὑ-

1019 771 1102 807 ρανῷ,
1128 772 1185 798 ἀλλ’
1211 773 1240 798 ὲν
1264 772 1304 808 τῷ
1320 773 1389 809 ἀέρι.
1405 774 1436 800 Οῐ
1461 775 1510 809 μὲν
1528 773 1574 802 οὖν
1595 776 1671 802 κάτω
1694 776 1727 802 τὸ
1753 776 1811 810 φῶς

1017 818 1123 854 ἔχοντες
1135 839 1143 851 ,
1161 820 1208 846 καὶ
1230 819 1280 851 τὰς
1300 821 1482 856 μαρμαρυγὰς
1500 822 1574 848 κάτω
1595 823 1745 856 νευούσας,
1759 832 1810 850 κα-

1017 863 1124 890 λοῦνται
1153 874 1162 890 ‹
1184 865 1318 900 κομῆται·
1343 874 1353 891 ›
1378 866 1402 891 ol
1422 865 1450 892 δὲ
1467 866 1523 893 ἄνω
1547 867 1577 893 τὸ
1598 867 1657 902 φῶς
1681 868 1811 900 νενευκὸς

1017 908 1122 944 ἔχοντες
1142 909 1284 936 καλοῦνται
1304 920 1312 936 ι
1323 910 1471 946 λαμπάδες.
1489 921 1498 937 ι
1517 913 1612 939 Ὁπότε
1626 914 1654 940 δὲ
1671 914 1810 949 ἐπίμηκες

1017 954 1108 990 ἔχουσι
1123 955 1153 982 τὸ
1170 956 1238 990 φῶς,
1255 956 1399 984 καλοῦνται
1416 966 1425 982 ι
1435 957 1553 989 δοκίδες·
1569 968 1578 985 ι
1594 959 1673 985 ὁπότε
1683 960 1713 986 δὲ
1728 961 1810 996 ἰκμα-

1017 1001 1100 1033 τῶδες
1124 1002 1180 1036 φῶς
1201 1003 1315 1038 ὁρᾶται,
1333 1003 1454 1031 καλεῖται
1471 1013 1482 1030 ι
1496 1004 1566 1040 ῐρις’
1584 1015 1593 1031 ι
1611 1006 1676 1032 ὅταν
1691 1006 1720 1032 δὲ
1746 1007 1812 1042 περὶ

1017 1048 1062 1074 τὸν
1075 1048 1149 1083 ἥλιον
1199 1048 1313 1081 κύκλος-
1331 1049 1414 1076 ἐνίοτε
1431 1050 1478 1076 καὶ
1491 1050 1513 1065 ‘°
1533 1050 1590 1082 δύο,
1608 1051 1655 1077 καὶ
1675 1053 1753 1087 τρεῖς
1766 1053 1809 1086 γί-

1017 1103 1121 1122 νονται·
1143 1094 1204 1122 ὅθεν
1218 1096 1264 1122 καὶ
1278 1096 1395 1131 ’Ἄρατος
1415 1094 1476 1123 εἷπε
1499 1106 1508 1122 t
1520 1097 1671 1132 τριέλικτον
1686 1098 1807 1134 ἀλωήν-ι

1021 1139 1120 1171 «ἅλως»
1133 1140 1266 1168 καλεῖται.
1275 1140 1336 1167 Ἐὰν
1344 1141 1372 1167 δὲ
1383 1141 1437 1168 ἀπὸ
1446 1141 1567 1177 ἀστέρων
1575 1139 1642 1174 ὧσις
1655 1143 1704 1169 τοῦ
1720 1144 1809 1178 φωτὸς

1018 1186 1131 1222 γένηται
1148 1186 1194 1212 ἐπὶ
1208 1186 1241 1214 τὰ
1255 1186 1340 1219 κάτω,
1354 1187 1496 1214 καλοῦνται
1511 1197 1520 1213 ι
1535 1188 1616 1223 ῥυμοὶ
1631 1197 1640 1214 ι
1659 1189 1709 1215 καὶ
1724 1189 1808 1225 «ῥύα-

1018 1239 1081 1264 κες·
1098 1241 1107 1257 )
1124 1233 1148 1259 οἰ
1164 1232 1193 1259 δὲ
1215 1232 1268 1259 ἀπὸ
1283 1232 1365 1259 τόπου
1386 1234 1426 1265 είς
1440 1233 1521 1260 τόπον
1543 1234 1740 1269 μετερχόμενοι
1758 1243 1807 1261 κα-

1018 1277 1125 1305 λοῦνται
1149 1288 1158 1304 (
1172 1278 1297 1314 ᾄττοντες
1315 1288 1324 1304 ι
1349 1279 1396 1306 καὶ
1419 1288 1428 1304 ί
1440 1279 1606 1314 διᾴττοντεςν
1622 1289 1631 1305 ι
1650 1280 1758 1314 γίνεται
1779 1280 1809 1307 δὲ

1018 1323 1112 1356 τοῦτο,
1127 1324 1181 1351 τῶν
1204 1324 1326 1360 ἀστέρων
1347 1325 1400 1352 ὑπὸ
1422 1325 1575 1360 πνεύματος
1592 1326 1808 1361 τινασσομένων,

1019 1370 1066 1397 καὶ
1083 1370 1164 1398 οἱονεὶ
1191 1371 1343 1407 σπινθῆρας
1363 1371 1496 1406 ἀφιέντων
1509 1379 1515 1386 ·
1538 1372 1578 1398 διὸ
1602 1372 1676 1399 κατὰ
1696 1374 1810 1408 mysi)»:

1019 1417 1126 1452 ἀνέμων
1145 1415 1222 1444 εἶπεν
1239 1418 1355 1454 ’Ἄρατος
1376 1418 1464 1445 τοῦτο,
1484 1419 1539 1444 Καὶ
1553 1419 1656 1454 φάτνην
1680 1419 1709 1445 δὲ
1729 1419 1810 1454 vim

1020 1463 1224 1498 πεφωτισμένον
1253 1464 1316 1498 περὶ
1343 1463 1389 1490 τὸν
1411 1464 1548 1499 Καρκίνον
1573 1464 1675 1498 φασίν·
1698 1464 1737 1493 ὡς
1763 1473 1809 1491 και

189 1514 404 1538 consentaneum
420 1514 470 1542 est,
479 1509 550 1545 quod
564 1509 589 1536 in
605 1509 698 1537 eadem
710 1513 786 1545 parte
798 1508 883 1536 stella:
895 1515 967 1543 quze-

1022 1508 1147 1543 Ἀρατος.
1169 1508 1334 1540 Ἀκολούθως
1354 1508 1382 1535 δὲ
1399 1508 1484 1544 ταύτῃ
1500 1509 1547 1536 καὶ
1565 1518 1573 1534 ι
1585 1509 1662 1542 ὄνους
1675 1520 1684 1535 ι
1699 1510 1809 1544 λέγουσι

184 1557 247 1584 dam
264 1557 337 1584 circa
351 1556 496 1589 Cancrum,
513 1565 522 1581 t
543 1556 612 1583 asini
632 1565 641 1581 ι
659 1555 799 1582 dicuntur.
815 1554 901 1581 Porro
922 1561 969 1581 co-

184 1607 271 1630 metas
289 1605 315 1629 et
331 1602 356 1629 id
371 1609 456 1636 genus
476 1601 546 1632 alia,
570 1601 680 1636 quidam
704 1609 719 1629 e
739 1600 825 1628 stellis
849 1599 968 1627 densatis

185 1651 212 1675 et
226 1647 386 1674 illuminatis
405 1647 471 1674 oriri
487 1646 608 1674 sentiunt
623 1656 628 1674 :
646 1647 692 1673 alii
707 1654 739 1674 ex
757 1646 875 1673 nttbibus
891 1645 969 1672 undi-

185 1701 238 1728 que
252 1692 434 1725 collustratis;
460 1692 586 1720 nonnulli
601 1700 632 1719 ex
654 1691 761 1718 all‘rictu
777 1691 906 1719 succendi
922 1699 970 1719 vo-

184 1739 254 1766 lunt.
270 1738 362 1773 Neque
379 1746 442 1766 vero
460 1746 567 1773 semper
580 1741 720 1773 apparent,
732 1738 779 1766 sed
791 1737 873 1765 certis
889 1738 971 1765 inter-

184 1783 264 1811 vallis
281 1788 442 1819 temporum.
467 1784 603 1811 Cmterum
625 1783 712 1811 nubes
729 1783 801 1811 inter
819 1791 849 1810 se
868 1783 971 1810 collism

184 1830 304 1858 toaitrua
321 1830 443 1863 faciunt;
473 1830 543 1858 ﬁssae
558 1837 637 1862 vero,
659 1833 685 1856 et
713 1837 776 1857 cum
804 1829 906 1864 impetu
937 1835 970 1856 ac

185 1874 353 1902 vehementia
370 1874 462 1901 ﬂatum
480 1875 635 1908 eminentes
646 1895 654 1907 ,
686 1868 817 1901 fulmina:
835 1881 896 1901 eum
912 1873 972 1909 agi-

185 1922 287 1949 tatione
303 1921 384 1949 [latus
407 1920 585 1954 accenditur;
614 1920 720 1956 fulgura
747 1920 790 1947 vel
810 1927 825 1947 e
850 1919 970 1947 nubibus

185 1967 253 2002 ipsis
280 1970 423 2000 oriuntur,
452 1975 568 1996 accenso
595 1967 656 2003 igne
685 1974 717 1994 ac
746 1966 900 1994 restincto:
927 1966 970 1993 vel

185 2013 314 2048 splendor
327 2017 368 2041 est
383 2022 415 2041 ex
432 2013 493 2048 igne
508 2021 668 2041 coruscans.
692 2012 795 2040 Imbres
807 2020 840 2039 ex
860 2011 970 2038 madido

184 2067 295 2094 vapore,
317 2063 344 2086 et
370 2059 488 2087 humidis
510 2059 628 2086 nubibus
650 2059 796 2086 exsistunt.
817 2057 880 2084 "me
895 2064 971 2085 sum-

185 2105 278 2132 matim
305 2105 339 2133 de
363 2106 435 2133 aeris
451 2105 638 2133 aﬂ‘ectionibus
652 2124 660 2137 ,
686 2112 747 2139 quae
773 2104 905 2139 μετάρσια
919 2110 970 2130 no-

185 2151 301 2179 minant.

435 2235 474 2262 De
491 2236 578 2270 positu
603 2235 722 2268 spinam.

220 2281 265 2309 55.
283 2279 400 2316 Sphaerae
416 2282 502 2315 situs,
518 2282 590 2316 quod
614 2283 741 2317 ignorare
767 2289 822 2309 non
848 2285 971 2317 oportet,

186 2325 258 2352 haud
274 2325 356 2353 unius
376 2326 484 2361 generis
507 2331 567 2359 est,
592 2327 638 2355 sed
656 2335 706 2363 pro
720 2331 799 2355 terrae
818 2327 971 2356 inclinatio-

186 2371 268 2398 nibus
283 2371 352 2397 varii
371 2376 436 2399 sunt
463 2373 576 2407 sphaera:
601 2373 680 2400 situs.
705 2373 726 2399 Ε
753 2373 853 2408 quibus
867 2380 970 2408 paucos

187 2417 428 2452 perstringemus:
459 2422 486 2445 et
512 2419 546 2446 ad
577 2418 682 2446 Aratea;
713 2419 824 2454 sphaerae
852 2419 971 2455 positum

186 2469 281 2500 postea
295 2464 446 2491 veniemus.
472 2463 520 2491 Est
544 2464 625 2499 igitur
639 2465 708 2492 situs
734 2465 858 2500 inprimis
882 2465 972 2493 llelle-

187 2511 288 2546 sponti,
302 2507 333 2538 ac
347 2510 511 2539 Macedonia-2
524 2511 627 2538 elimati
642 2519 804 2546 congruens.
816 2511 884 2539 Cum
897 2512 971 2539 enim

187 2557 257 2590 apud
282 2557 448 2592 Antigonum
469 2556 634 2584 Macedonia:
657 2565 746 2592 regem
763 2561 835 2585 esset
849 2557 949 2585 Aratus
961 2577 969 2590 ,

187 2602 220 2630 ad
236 2603 310 2629 illius
335 2602 386 2629 loci
410 2601 491 2629 clima
504 2601 692 2637 apparentium
707 2602 858 2629 doctrinam
883 2602 972 2638 exegit

186 2656 303 2676 omnem.
320 2647 406 2677 Porro
425 2648 533 2683 quoties
547 2647 600 2683 poli
616 2647 784 2675 horizontem
797 2648 970 2684 contingunt,

187 2695 286 2722 accidit
299 2698 330 2722 ut
347 2702 397 2723 nec
411 2695 531 2723 areticus
558 2695 677 2722 circulus
689 2714 697 2726 ,
725 2702 776 2722 nec
802 2695 970 2723 antarcticns
983 2706 991 2716 ο

187 2747 295 2775 semper
319 2744 487 2776 appareant:
504 2741 552 2770 sed
579 2741 799 2779 hemisphaerium
824 2744 970 2776 utrumque

188 2785 293 2813 oriatur
324 2790 350 2814 et
379 2788 495 2815 occidat.
539 2788 586 2815 Sin
603 2787 738 2815 borealem
767 2787 857 2823 polum
887 2795 970 2824 supra

230 2877 253 2895 ιθ
267 2877 288 2912 f.
301 2877 386 2905 ἐνίοτε
397 2879 434 2906 δέ.
474 2880 506 2896 ³⁸·
519 2880 539 2914 Ι.
550 2881 628 2908 κατὰ.
643 2881 720 2910 Eon.

1020 1554 1084 1589 περὶ
1097 1553 1142 1581 τὸν
1157 1553 1293 1589 Καρκίνον
1315 1553 1432 1588 ἀστέρας
1451 1550 1530 1580 εἶναι.
1546 1554 1615 1585 Τοὺς
1634 1553 1662 1580 δὲ
1685 1555 1809 1590 κομήτας

1021 1600 1066 1626 καὶ
1080 1600 1142 1631 τοὺς
1157 1599 1295 1631 τοιούτους
1307 1599 1332 1625 οἱ
1351 1599 1400 1634 μὲν
1415 1600 1538 1634 λέγουσιν
1560 1599 1590 1632 ἐξ
1606 1599 1731 1635 ἀστέρων
1747 1609 1808 1627 συν-

1020 1646 1173 1681 ερχομένων
1179 1645 1298 1680 γίνεσθαι
1307 1645 1354 1672 καὶ
1363 1646 1601 1681 ὲμφωτιζομένων,
1609 1647 1634 1672 οἱ
1645 1646 1674 1673 δὲ
1682 1647 1715 1672 ἐκ
1721 1647 1809 1681 νεφῶν

1020 1692 1296 1728 περιπεφωτισμένων
1305 1699 1312 1706 ·
1329 1691 1404 1719 ἄλλοι
1417 1692 1445 1718 δὲ
1458 1692 1490 1718 ὲκ
1504 1691 1697 1727 παρατρίψεως
1712 1692 1809 1723 αὐτοὺς

1016 1728 1183 1772 φωτίζεσθαι
1194 1737 1327 1771 λέγουσιν.
1343 1737 1380 1764 Οὐ
1398 1737 1536 1772 φαίνονται
1559 1737 1588 1763 δὲ
1607 1737 1649 1764 ἀεί
1660 1746 1667 1752 ·
1684 1737 1755 1764 ἀλλά
1769 1737 1808 1771 γί-

1020 1792 1109 1811 νονται
1127 1784 1174 1810 καὶ
1191 1782 1226 1798 ¹⁶”
1237 1783 1377 1819 περιόδους
1400 1782 1512 1818 χρόνων.
1526 1783 1591 1809 Ὅτε
1610 1783 1658 1818 μὲν
1677 1781 1725 1809 οὖν
1743 1791 1806 1817 συγ-

1020 1828 1163 1865 κρούονται
1173 1828 1200 1855 αἱ
1217 1827 1325 1862 νεφέλαι
1341 1828 1408 1864 πρὸς
1420 1828 1547 1863 ἀλλήλας,
1560 1828 1674 1864 βροντὰς
1691 1829 1805 1855 ποιοῦσι·

1021 1874 1145 1910 ῥαγεῖσαι
1165 1873 1203 1905 δὲ,
1220 1873 1266 1900 καὶ
1282 1872 1390 1908 πνεῦμα
1415 1873 1484 1908 μετά
1511 1873 1600 1909 ῥύμης
1623 1874 1669 1900 καὶ
1691 1874 1806 1909 σφοδρᾶς

1020 1920 1107 1954 ὁρμῆς
1128 1919 1256 1954 ἀφεῖσαι,
1271 1919 1420 1958 κεραυνοὺς
1444 1919 1549 1945 ποιοῦσι
1562 1939 1569 1951 ,
1588 1918 1632 1945 διὰ
1650 1919 1700 1954 τῆς
1720 1919 1806 1955 ῥύμης

1020 1964 1205 2000 ἀναπτομένου
1223 1963 1269 1990 τοῦ
1289 1964 1442 1999 πνεύματος
1457 1972 1464 1978 ·
1482 1964 1618 2000 ἀστραπαὶ
1639 1964 1669 1991 δὲ
1688 1964 1805 1999 γίνονται

1020 2010 1079 2045 ἦτοι
1095 2009 1124 2043 ἐξ
1144 2010 1233 2037 αὐτῶν
1253 2010 1333 2037 πάλιν
1352 2010 1405 2036 τῶν
1422 2010 1526 2045 νεφῶν,
1541 2010 1629 2045 φωτὸς
1652 2010 1805 2046 ἀναπτομέ-

1021 2063 1066 2081 νου
1081 2056 1127 2082 καὶ
1142 2055 1320 2090 σϐεννυμένου
1334 2064 1340 2071 ·
1356 2056 1371 2091 ἦ
1388 2057 1420 2082 ὲκ
1434 2056 1520 2092 πυρὸς
1540 2056 1722 2092 μαρμαρυγαί
1742 2057 1810 2083 εἰσιν

1021 2099 1239 2135 ὲκπεμπόμεναι.
1261 2100 1378 2136 ὀμὸροι
1395 2100 1423 2127 δὲ
1445 2100 1474 2134 ἐξ
1495 2101 1581 2135 ὑγρᾶς
1596 2100 1751 2132 ἀναδόσεως
1763 2099 1805 2126 καὶ

1021 2145 1140 2180 νεφελῶν
1155 2145 1247 2181 ὑγρῶν
1262 2146 1390 2180 γίνονται.
1405 2145 1497 2172 Ταῦτα
1514 2146 1563 2181 μὲν
1575 2144 1621 2172 οὖν
1633 2146 1672 2177 ὡς
1685 2146 1714 2172 ὲν
1727 2145 1809 2181 ὀλίγῳ

986 2181 1010 2210 D
1023 2191 1087 2228 περὶ
1104 2191 1268 2227 μεταρσίων.

1196 2236 1266 2270 Περὶ
1277 2236 1386 2270 θέσεως
1401 2237 1465 2273 [τῆς
1479 2237 1632 2273 σφαίραςῆ.
1811 2235 1818 2251 '

1058 2282 1103 2309 λε’.
1115 2282 1278 2318 Εἰδέναι¹χρὴ
1286 2283 1349 2318 περὶ
1356 2282 1406 2317 τῆς
1417 2282 1516 2314 θέσεως
1523 2283 1573 2318 τῆς
1580 2282 1708 2318 σφαίρας,
1715 2282 1754 2315 ὡς
1761 2282 1806 2309 οὐκ

1023 2327 1080 2355 ἐστι
1099 2328 1156 2363 μία,
1174 2328 1242 2355 ἀλλά
1256 2328 1323 2364 πρὸς
1335 2328 1370 2354 τά
1384 2328 1502 2364 κλίματα
1523 2329 1573 2364 τῆς
1586 2328 1637 2363 γῆς
1656 2328 1705 2355 καὶ
1721 2328 1751 2354 αἱ
1766 2328 1805 2354 θέ-

1024 2383 1079 2406 σεις
1096 2375 1144 2409 τῆς
1163 2374 1279 2410 σφαίρας
1300 2374 1428 2408 γίνονται.
1443 2374 1559 2400 Λεκτέον
1572 2374 1600 2400 δὲ
1614 2374 1678 2409 περὶ
1692 2374 1788 2408 ὀλίγων
1797 2382 1804 2388 ·

1023 2421 1070 2447 καὶ
1085 2420 1146 2447 τότε
1161 2420 1211 2455 τῆς
1228 2419 1299 2446 κατά
1315 2420 1360 2446 τὺν
1379 2421 1495 2455 ’Ἄρατον
1509 2419 1644 2455 ἀψόμεθα.
1663 2420 1745 2452 Θέσις
1768 2421 1805 2451 τίς

1022 2467 1080 2493 ἐστι
1097 2466 1169 2494 κατά
1191 2466 1223 2492 τὸ
1243 2466 1485 2502 Ἑλλησποντιακδν
1503 2467 1550 2493 καὶ
1572 2467 1619 2502 τῆς
1641 2467 1804 2497 Μακεδονίας

1023 2513 1117 2549 κλίμα.
1135 2512 1213 2549 Παρὰ
1228 2513 1282 2549 γὰρ
1301 2513 1443 2549 Ἀντιγόνῳ
1458 2513 1602 2549 διατρίϐων
1619 2514 1754 2549 Ἀρατος,
1770 2512 1804 2547 τῷ

1021 2560 1070 2595 τῆς
1086 2559 1254 2590 Μακεδονίας
1278 2558 1390 2593 βασιλεῖ,
1414 2559 1482 2594 πρὸς
1498 2558 1529 2585 τὸ
1544 2558 1636 2585 αὐτόθι
1656 2559 1743 2593 κλίμα
1763 2559 1803 2585 καὶ

1021 2605 1070 2642 τὴν
1094 2605 1268 2632 διδασκαλίαν
1294 2605 1348 2631 τῶν
1373 2605 1541 2640 φαινομένων
1564 2605 1719 2640 πεποίηται.
1748 2604 1803 2631 Ἐὰν

1022 2653 1072 2688 μὲν
1086 2650 1131 2679 οὖν
1143 2654 1168 2679 οἱ
1181 2652 1257 2678 πόλοι
1272 2652 1341 2687 πρὸς
1356 2651 1395 2687 τῷ
1408 2651 1524 2687 ὁρίζοντι
1542 2652 1591 2686 τὴν
1610 2651 1684 2677 θέσιν
1701 2651 1801 2686 ἔχωσιν,

1020 2697 1090 2725 ὥστε
1114 2697 1282 2733 ἐφάπτεσθαι
1307 2697 1354 2724 τοῦ
1378 2697 1529 2732 ὁρίζοντος,
1546 2696 1717 2731 συμϐήσεται
1742 2697 1802 2731 μήτε

1020 2744 1065 2771 τδν
1079 2744 1208 2780 ἀρκτικὸν
1233 2744 1300 2779 μήτε
1323 2743 1368 2770 τὸν
1388 2743 1567 2779 ἀνταρκτικὸν
1588 2743 1706 2777 ἀειφανῆ
1729 2740 1801 2772 εἶναι,

1021 2790 1078 2817 ἀλλ’
1093 2790 1220 2826 ἑκάτερον
1236 2789 1338 2816 τούτων
1353 2789 1514 2825 ἡμικύκλιον
1531 2788 1685 2817 ἀνατέλλειν
1706 2788 1748 2815 ἀεὶ
1761 2789 1800 2815 καὶ
