1898 3145
92 128 151 157 989

474 129 636 158 AClIlLLlS
655 129 745 157 TATll
767 130 915 159 lSAGOCE
936 131 980 158 Al)
998 130 1101 158 ΛΠΛΤΙ
1123 129 1357 158 l‘ll/ENOMENA.

1673 134 1725 162 990

90 185 198 214 δύνειν.
219 186 282 214 Ἐὰν
297 187 325 214 δὲ
345 188 391 214 τὸν
406 187 510 223 βόρειον
527 189 608 215 πόλον
627 188 792 226 ὑψηλότερον
815 200 839 216 πε

943 190 1112 217 horizontem
1126 188 1277 216 attollimus
1290 208 1296 220 ,
1319 195 1368 223 pro
1388 188 1539 216 altitudinis
1552 193 1667 220 ratione,
1682 198 1727 217 va-

91 242 192 269 υωμεν
207 233 253 260 τοῦ
269 233 415 270 ὁρίζοντος,
432 234 500 269 πρὸς
516 235 545 261 τὸ
555 236 694 270 γινόμενον
711 235 826 271 ἔξαρμα,
839 237 886 263 καὶ

93 279 167 314 ὕψος
183 279 276 312 αὑτοῦ,
292 280 386 307 καὶτὰ
402 280 520 316 κλίματα
535 281 585 316 τῆς
599 282 650 316 γῆς
666 281 720 313 ἔξει
732 283 766 308 τὰ
783 282 884 318 μεγέθη

91 325 151 352 ’τῶν
163 325 274 361 ἡμερῶν
291 326 337 352 καὶ
350 325 404 352 τῶν
422 325 526 352 νυκτῶν
541 326 663 362 διάφορα.
678 327 772 362 Δῶμεν
787 327 807 360 ξ’
826 336 885 363 μοι-

92 371 153 407 ρῶν
175 371 274 398 κύκλον
289 371 421 407 τέμνοντα
434 371 483 407 τὴν
508 373 624 407 σφαῖραν
643 372 686 398 διὰ
709 372 762 398 τῶν
785 372 883 404 πόλων,

91 416 193 452 ὥσπερ
209 417 270 448 τοὺς
288 416 442 452 κολούρους.
459 416 543 452 Δῆλον
562 415 625 449 οὖν,
642 418 682 443 ὃτι
703 417 816 444 ἕκαστον
832 417 885 444 τῶν

91 462 286 498 ἡμισφαιρίων
300 462 355 495 ἕξει
369 461 421 489 ἀνὰ
433 462 471 488 λ’·
488 462 541 489 τῶν
556 462 584 489 δὲ
600 463 620 478 ¹¹
636 463 703 499 ὑπὲρ
720 462 772 498 γῆς
788 463 886 498 μοίρας

91 508 116 534 λ’
132 507 189 535 ἀπὸ
207 507 253 534 τοῦ
271 508 406 543 ὁρίζοντος
424 507 505 544 μέχρι
516 507 563 534 τοῦ
572 508 664 536 πόλου.
685 509 746 535 Ἐὰν
761 507 807 535 οὖν
822 517 885 544 μετ-

36 547 43 550 V
91 554 207 589 εωρίσω
240 554 286 580 τὸν
311 554 415 589 βόρειον
438 554 519 581 πόλον
545 555 641 590 μοίρας
672 558 709 587 ς’,
734 555 809 582 ἔσται
836 555 883 582 τοῦ

98 599 300 635 Ἑλλησπόντου
325 599 354 626 τὸ
378 599 463 635 κλίμα
484 599 546 635 ἔχον
569 600 617 636 τὴν
640 600 689 636 μὲν
711 600 817 637 ἡμέραν
835 601 884 636 τὴν

93 646 231 681 μεγίστην
256 646 336 681 ὡρῶν
359 649 400 679 ιε’,
425 646 474 682 τὴν
500 647 527 673 δὲ
554 646 639 673 νύκτα
660 647 711 681 τὴν
740 647 883 683 ἐλαχίστην

90 693 175 728 ὡρῶν
193 693 226 720 0'.
248 693 309 720 Ἐὰν
326 693 354 719 δὲ
376 693 413 728 μὴ
432 693 512 727 μόνον
531 692 579 726 ἒξ,
595 693 652 720 ἀλλ’
671 694 748 720 ἐννέα
766 694 823 720 ἀπὸ
836 693 884 720 τοῦ

89 739 232 775 ὁρίζοντος
249 739 407 775 μετεωρίσω
424 739 470 765 τὸν
490 739 594 775 βόρειον
607 739 704 771 πόλον,
727 739 884 775 μακροτέρα

89 784 171 811 ἔσται
192 786 209 820 ἡ
225 785 340 820 μεγίστη
357 785 449 820 ἡμέρα
464 785 539 821 παρὰ
554 787 610 817 τοῖς
625 785 710 818 οὕτως
729 786 848 813 οἰκοῦσιν
866 786 882 821 ἢ

89 831 151 861 τοῖς
173 831 383 866 προειρημένοις
402 832 430 857 ἐν
450 831 489 866 τῷ
506 831 701 867 Ἑλλησπόντῳ.
725 832 780 858 Καὶ
803 832 882 858 πάλιν

90 876 142 903 ἐὰν
165 877 329 912 ὑψηλότερον
350 877 432 904 αὑτὸν
452 878 571 913 ποιήσω,
589 878 636 904 καὶ
652 878 718 904 πολὺ
738 878 820 905 αὑτοῦ
836 878 882 905 τοῦ

90 922 230 958 ὁρίζοντος
262 923 412 958 ἀπέχοντα,
438 923 604 959 μακρότεραι
632 923 824 959 εὑρεθήσονται
857 926 885 951 αἱ

90 965 163 1002 ὧραι
177 969 200 984 ¹¹
210 989 217 1000 ,
235 968 287 1000 ἕως
307 969 339 996 ἂν
353 970 367 995 ὁ
383 968 488 1005 βόρειος
513 969 703 1005 μεσουρανήσῃ
725 969 805 1001 πόλος
818 978 824 983 ³
839 970 886 995 καὶ

91 1014 155 1040 τότε
168 1034 176 1046 ,
191 1014 277 1047 οὕτως
293 1015 423 1050 κειμένης
441 1015 491 1050 τῆς
513 1015 647 1050 σφαίρας,
664 1014 832 1050 συμϐήσεται
856 1014 887 1047 ἒξ

94 1061 188 1097 μηνῶν
204 1059 276 1088 εἶναι
287 1061 338 1097 τὴν
359 1062 478 1098 ἡμέραν,
496 1062 543 1089 καὶ
558 1061 587 1094 ἒξ
603 1061 695 1096 μηνῶν
711 1060 760 1097 τὴν
780 1061 864 1087 νύκτα
876 1069 882 1076 ⁸

93 1107 325 1143 μεσουρανοῦντος
350 1107 403 1143 γὰρ
428 1107 475 1134 τοῦ
496 1107 601 1143 βορείου
620 1107 702 1134 πόλου
715 1127 722 1140 ,
739 1107 886 1143 εὑρεθήσε-

89 1159 137 1177 ται
152 1152 166 1178 ὁ
182 1151 314 1183 ζωδιακὸς
330 1151 382 1178 ὑπὸ
397 1150 445 1177 τοῦ
469 1151 604 1187 ὁρίζοντος
627 1153 666 1183 είς
682 1151 729 1178 δύο
749 1151 884 1187 τεμνόμε-

90 1204 136 1227 νος
148 1204 157 1212 ’
172 1197 219 1223 καὶ¹
234 1196 264 1223 τὸ
284 1196 333 1232 μὲν
345 1197 430 1232 ἥμισυ
443 1197 513 1232 ὑπὲρ
527 1197 590 1232 γῆς,
604 1197 634 1223 τὺ
648 1196 677 1223 δὲ
690 1197 781 1223 λοιπὸν
798 1197 883 1232 ἥμισυ

91 1241 144 1268 ὑπὸ
155 1241 207 1277 γῆν
222 1241 265 1268 ἀεὶ
279 1241 357 1277 ἔχων.
373 1241 473 1268 Τούτου
488 1242 516 1268 δὲ
539 1241 624 1273 οὕτως
643 1242 728 1275 ὖντος,
742 1241 830 1278 δῆλον,
845 1242 883 1274 ὼς

90 1288 138 1315 καὶ
152 1287 182 1320 ἓξ
195 1287 277 1320 ςώδια
291 1288 361 1324 ὑπὲρ
378 1289 429 1324 γῆς
448 1288 534 1321 ἔσται,
547 1288 633 1315 ταῦτα
649 1288 779 1324 δηλονότι,
800 1289 828 1315 ὲν
841 1286 882 1321 οἷς

89 1335 104 1361 ὁ
113 1334 190 1370 ἥλιος
205 1334 359 1370 γενόμενος,
373 1335 419 1361 καὶ
433 1335 491 1361 καθ’
500 1335 614 1361 ἕκαστον
628 1335 650 1361 λ’
665 1335 772 1371 ἡμέρας
784 1335 880 1368 ποιῶν,

89 1382 201 1417 ποιήσει
215 1381 263 1417 τὴν
279 1381 384 1417 ἡμέραν
402 1382 493 1417 μηνῶν
511 1384 538 1413 ς’
552 1390 558 1397 ·
575 1381 609 1408 τὰ
625 1381 653 1407 δὲ
671 1381 738 1409 ἄλλα
756 1385 783 1414 ς’
797 1381 881 1413 ζώδια

89 1426 133 1454 ἀεὶ
148 1426 251 1461 ἀφανῆ,
269 1427 315 1453 καὶ
326 1427 377 1453 ὑπὸ
396 1427 446 1462 γῆν
469 1426 544 1453 ἔσται
557 1447 563 1459 ,
578 1427 607 1452 ὲν
623 1424 663 1458 οἷς
682 1429 696 1453 ὸ
715 1427 790 1462 ἥλιος
805 1427 882 1462 γενό-

90 1480 171 1507 μενος
189 1472 296 1507 ποιήσει
311 1471 359 1508 τὴν
371 1471 456 1498 νύκτα
477 1472 568 1507 μηνῶν
586 1475 623 1504 ς’,
646 1472 690 1499 διὰ
707 1473 737 1498 τδ
757 1473 794 1508 μὴ
814 1473 880 1499 ἀνα-

87 1518 193 1545 τέλλειν
207 1519 236 1544 ὲν
250 1519 305 1549 τοῖς
318 1521 344 1551 ς’
361 1518 465 1550 τούτοις
479 1519 623 1554 γενόμενον
638 1519 729 1544 αὐτόν.
746 1518 838 1545 Ταῦτα
849 1519 877 1545 δὲ

85 1565 156 1600 ⁴ημῖν
175 1564 296 1600 εἰλήφθω
317 1565 366 1600 τῆς
388 1551 549 1600 ἀνωμαλίας.
569 1564 623 1591 τῶν
648 1565 759 1600 ἡμερῶν
779 1573 808 1591 τε
832 1565 879 1592 καὶ
892 1551 915 1580 C

83 1610 194 1638 νυκτῶν
213 1610 302 1646 χάριν.
324 1610 384 1646 Χρὴ
399 1610 427 1636 δὲ
443 1610 551 1643 εἰδέναι,
567 1611 608 1637 ὅτι
628 1611 699 1646 λόγῳ
716 1611 763 1637 καὶ
779 1610 881 1647 θεωρίᾳ

83 1656 175 1684 ταῦτα
201 1657 260 1683 κατ’
288 1656 447 1684 ἀκολουθίαν
471 1657 504 1683 ὲκ
533 1656 589 1684 τῶν
611 1657 735 1693 φανερῶν
760 1657 877 1693 ἐδείχθη,

84 1702 180 1738 ἀφανῆ
194 1702 268 1729 ὄντα.
286 1703 322 1729 Οὺ
337 1702 392 1739 γὰρ
416 1703 512 1738 ἔχομεν
533 1703 587 1729 ἀπὸ
606 1704 750 1739 ἐμπειρίας
769 1703 799 1735 ἒξ
826 1711 878 1738 μη-

84 1749 141 1775 νῶν
155 1748 205 1784 τὴν
218 1748 334 1784 ἡμέραν,
352 1749 398 1776 καὶ
408 1749 458 1784 τὴν
474 1749 557 1775 νύκτα
572 1749 705 1776 τοσούτων
720 1749 813 1782 δεῖξαι.
829 1750 877 1776 Τι-

84 1795 132 1826 νὲς
152 1794 181 1820 δὲ
199 1794 350 1830 ἱστοροῦσιν
366 1798 390 1830 η’
408 1794 519 1830 ἡμερῶν
541 1794 651 1821 ἔκτασιν
676 1796 741 1830 μιᾶς
760 1795 875 1831 ἡμέρας,

85 1839 163 1867 ἄλλοι
176 1839 204 1866 δὲ
215 1843 241 1866 π’
253 1840 363 1876 ἡμερῶν
375 1849 381 1855 “
399 1840 451 1867 εἰσὶ
468 1841 496 1867 δὲ
509 1838 579 1868 οὗτοι
595 1841 620 1867 οἱ
632 1841 701 1876 ὑπὲρ
714 1840 816 1877 Θούλην
828 1841 877 1877 τὴν

84 1885 170 1920 νῆσον
186 1885 326 1920 λεγόμενοι
343 1882 421 1913 εἶναι.
441 1886 472 1912 ’Π
489 1887 538 1922 μὲν
556 1884 602 1912 οὖν
623 1886 693 1913 κατὰ
709 1885 743 1912 τὰ
759 1879 878 1921 κλίματᾶ

84 1931 205 1966 διαφορὰ
219 1931 273 1958 τῶν
287 1931 398 1968 ἡμερῶν
418 1941 448 1958 τε
471 1933 518 1959 καὶ
536 1932 641 1959 νυκτῶν
659 1933 878 1968 παραδείγματος

84 1977 168 2012 χάριν
184 1976 276 2002 τοῦτον
290 1976 334 2003 τὸν
351 1977 450 2012 τρόπον
465 1979 531 2013 ἡμῖν
549 1977 670 2013 εἴρηται·
684 1979 700 2013 ἡ
717 1978 744 2004 δὲ
759 1977 830 2004 κατὰ
843 1978 878 2004 τὰ

85 2022 257 2056 Φαινόμενιι
279 2023 392 2058 ’Λρατου
405 2024 454 2059 τῆς
471 2023 587 2060 σφαίρας
604 2024 679 2056 θέσις
691 2024 792 2058 ὀφείλει
805 2024 877 2059 ἔχειν

83 2069 133 2099 τόν
148 2068 277 2104 ἀρκτικὸν
291 2069 389 2096 κύκλον
408 2069 454 2095 τοῦ
467 2070 601 2104 ὁρίζοντος
615 2070 811 2104 ἐφαπτόμενον,
827 2071 877 2105 τήν

939 237 979 263 ria
997 240 1075 263 terrae
1094 235 1250 262 climatibus
1266 235 1370 262 dierum
1386 238 1413 261 et
1427 235 1547 261 noctium
1568 235 1726 270 magnitudo

939 281 1085 310 constabit.
1103 281 1251 316 Fingamus
1282 281 1398 316 partium
1428 281 1568 315 sexaginta
1592 281 1724 309 circulum

937 334 1018 359 esse,
1046 327 1093 361 qui
1123 327 1257 361 sphaeram
1282 333 1330 361 per
1351 325 1427 360 polos
1452 325 1588 353 transiens
1605 325 1725 358 dividit,

937 371 991 407 92
1007 375 1036 398 ut
1048 371 1134 398 coluri
1152 371 1265 398 faciunt.
1294 370 1378 406 Igitur
1405 371 1593 406 hemisphaeria
1618 371 1722 405 singula

938 417 1051 444 tricenis
1069 417 1201 451 gradibus
1218 417 1393 448 constabunt,
1418 416 1540 451 adeoque
1555 416 1627 451 quod
1643 425 1726 451 supra

938 467 1038 490 terram
1053 463 1164 495 eminet,
1183 463 1284 497 gradus
1310 463 1430 490 tricenos
1457 463 1567 490 habebit
1592 463 1625 489 ab
1650 463 1724 490 hori-

938 514 1017 537 zonte
1028 510 1061 537 ad
1076 510 1177 545 polum.
1192 509 1284 542 Quare
1305 509 1327 537 si
1343 509 1376 536 ad
1390 512 1481 543 partes
1493 516 1542 536 sex
1562 509 1655 543 polum
1675 516 1724 535 cx-

939 555 1038 587 tulero,
1049 555 1077 582 in
1092 554 1259 590 Hellesponti
1272 554 1380 581 climate
1395 554 1569 589 longissimus
1594 554 1654 582 dies
1676 554 1722 582 ho-

938 608 1030 628 rarum
1045 601 1089 629 ﬂet
1100 601 1151 634 15;
1167 600 1330 628 brevissima
1351 609 1404 627 nox
1424 602 1552 627 horarum
1566 601 1593 627 9.
1622 601 1724 633 Quodsi

938 655 992 675 non
1008 651 1113 675 tantum
1134 655 1182 675 sex
1197 646 1347 683 gradibus,
1370 646 1419 674 sed
1435 654 1533 674 novem
1550 654 1632 681 supra
1651 647 1724 674 hori-

937 696 1043 721 zontem
1061 693 1153 728 polum
1167 693 1304 720 borealem
1315 700 1439 724 crexero,
1463 693 1580 727 longior,
1598 699 1679 727 quam
1695 692 1722 719 in

937 739 1122 773 Hellesponto,
1139 738 1185 766 ﬁet
1201 738 1276 770 dies,
1294 738 1369 765 illius
1387 742 1492 765 tractus
1515 738 1624 765 incolis.
1653 737 1726 764 Rur-

937 793 984 812 sus
999 793 1062 812 vero
1085 785 1108 811 si
1132 784 1248 812 arduum
1262 785 1364 819 magis,
1391 792 1424 811 ac
1446 791 1529 820 supra
1555 784 1725 811 horizontem

936 831 1101 858 eminentem
1125 831 1216 865 polum
1243 835 1384 861 statuero,
1409 831 1482 857 horae
1512 830 1649 865 longiores
1677 837 1724 857 ex-

902 875 1047 909 Bsistent,
1077 877 1164 904 donec
1189 876 1307 904 horealis
1335 876 1414 911 polus
1438 876 1578 903 culminet.
1604 875 1642 902 Ac
1659 879 1724 902 tunc

937 922 1079 949 semestris
1098 922 1157 950 dies
1176 922 1229 949 erit
1246 922 1441 954 semestrisque
1455 929 1519 948 nox.
1545 921 1613 948 Nam
1632 922 1654 948 si
1675 921 1722 948 bo-

936 968 1018 995 realis
1034 967 1114 1002 polus
1139 968 1167 995 in
1193 967 1296 995 vertice
1321 967 1372 1001 sit,
1391 967 1519 994 zodiacus
1534 967 1568 993 ab
1584 967 1724 994 horizonte

936 1013 1064 1048 bipertito
1078 1013 1234 1046 secabitur;
1250 1012 1365 1048 ejusque
1389 1020 1452 1047 pars
1466 1011 1577 1039 dimidia
1593 1017 1724 1047 perpetuo

935 1067 1018 1094 supra
1038 1064 1140 1087 terram
1152 1059 1279 1091 exstabit,
1294 1059 1378 1086 altera
1395 1059 1447 1086 sub
1462 1062 1564 1086 terram
1577 1058 1722 1086 condetur.

935 1105 992 1132 Hoc
1014 1113 1079 1132 vero
1103 1106 1191 1140 posito
1204 1125 1211 1137 ,
1239 1105 1416 1140 perspicuum
1433 1108 1476 1132 est
1499 1112 1548 1132 sex
1569 1104 1626 1132 fore
1647 1105 1723 1139 signa

934 1158 1016 1186 supra
1029 1155 1130 1178 terram
1144 1159 1152 1178 :
1175 1150 1202 1177 in
1222 1150 1322 1186 quibus
1338 1151 1443 1178 scilicet
1460 1150 1566 1185 positus
1584 1151 1637 1182 sol,
1653 1155 1680 1178 ct
1696 1151 1724 1179 in

934 1204 1100 1232 unoquoque
1113 1197 1225 1231 triginta
1239 1196 1298 1224 dies
1311 1204 1496 1229 commorans,
1514 1201 1673 1224 semestrem
1684 1197 1723 1224 ef-

933 1243 1004 1272 ﬁciet
1021 1243 1108 1276 diem;
1123 1242 1229 1278 reliqua
1245 1251 1292 1271 sex
1301 1243 1380 1278 signa
1394 1250 1502 1277 semper
1513 1243 1620 1270 occulta
1631 1247 1722 1275 erunt,

932 1293 958 1318 et
973 1289 1024 1317 sub
1036 1294 1109 1316 terra
1128 1288 1237 1316 condita
1251 1299 1258 1316 :
1275 1296 1335 1324 quae
1350 1296 1412 1316 cum
1434 1289 1475 1316 sol
1492 1289 1658 1324 peragrabit,
1676 1297 1722 1316 sex

932 1335 1068 1364 mensium
1085 1339 1192 1363 noctem
1207 1335 1299 1366 faciet,
1314 1343 1346 1363 eo
1358 1335 1430 1370 quod
1445 1336 1473 1362 in
1488 1335 1543 1362 illis
1564 1335 1634 1362 situs
1649 1343 1722 1362 nun-

931 1390 1011 1417 quam
1025 1381 1120 1408 oritur.
1142 1381 1205 1408 Haec
1228 1381 1261 1408 ad
1277 1381 1383 1409 dierum
1413 1387 1441 1409 et
1461 1381 1583 1408 noctium
1600 1381 1722 1416 inaequa‘

930 1428 1033 1455 litatem
1048 1427 1236 1462 explicandam
1253 1427 1463 1462 assumpsimus.
1491 1425 1529 1453 De
1550 1426 1652 1461 quibus
1681 1427 1723 1454 sic

929 1474 1083 1502 habendum
1097 1477 1155 1507 est;
1175 1473 1296 1506 ratione,
1322 1481 1354 1501 ac
1375 1473 1605 1505 consideratione,
1624 1480 1723 1499 conse-

929 1524 1097 1556 quenterque
1112 1520 1145 1548 iis
1161 1528 1222 1555 qua:
1247 1523 1398 1554 apparent,
1427 1519 1486 1546 haec
1512 1526 1527 1545 a
1549 1519 1631 1546 nobis
1659 1525 1722 1546 esse

931 1566 1064 1598 collecta;
1081 1573 1142 1593 cum
1162 1566 1217 1593 sint
1232 1565 1339 1593 occulta
1356 1573 1480 1600 prorsus.
1493 1563 1553 1592 Non
1570 1565 1642 1592 enim
1664 1565 1719 1592 ulla

929 1612 1010 1639 nobis
1025 1611 1191 1647 experientia
1207 1615 1367 1639 semestrem
1389 1610 1460 1638 diem
1480 1614 1645 1646 noctemque
1671 1618 1721 1645 pa-

929 1658 1031 1686 tefecit.
1058 1657 1118 1685 Sint
1133 1658 1180 1693 qui
1197 1657 1296 1685 alicubi
1312 1657 1419 1684 dierum
1445 1661 1507 1684 octo
1530 1664 1592 1684 esse
1612 1657 1720 1691 lucem;

929 1704 975 1731 alii
990 1705 1127 1739 octoginta
1151 1703 1271 1731 referant
1286 1713 1292 1730 :
1310 1703 1382 1738 quod
1399 1703 1433 1730 iis
1450 1702 1549 1729 accidit
1566 1703 1613 1737 qui
1637 1710 1721 1738 supra

928 1749 1033 1777 Thulen
1056 1750 1173 1777 insulam
1192 1749 1327 1776 habitant.
1352 1749 1394 1776 Ad
1412 1757 1475 1777 eum
1501 1749 1593 1784 itaque
1607 1749 1720 1777 modum

927 1796 1032 1824 dierum
1056 1797 1232 1832 noctiumque
1258 1804 1307 1831 pro
1322 1796 1461 1824 climatum
1487 1796 1594 1823 ratione
1619 1796 1719 1824 discri-

927 1850 989 1869 men
1017 1850 1032 1869 a
1063 1843 1144 1870 nobis
1171 1842 1334 1877 explicatum
1360 1847 1413 1870 est.
1439 1841 1540 1870 Verum
1569 1842 1640 1870 situs
1669 1843 1716 1870 ille

925 1889 1048 1924 sphaerae,
1064 1888 1109 1923 qui
1127 1889 1161 1915 ad
1181 1888 1258 1914 Arati
1277 1888 1452 1916 lernomena
1467 1888 1614 1921 convenit,
1643 1888 1718 1922 ejus-

927 1933 999 1960 modi
1011 1941 1071 1961 esse
1083 1933 1173 1966 debet,
1186 1937 1215 1960 ut
1229 1934 1257 1960 in
1276 1941 1308 1961 eo
1325 1934 1445 1961 circulus
1460 1934 1580 1961 arcticus
1608 1935 1718 1962 contin-

931 1983 976 2013 gat
994 1979 1176 2011 horizontem,
1191 1986 1307 2014 eumque
1322 1980 1455 2006 circulum
1472 1984 1566 2015 tangat
1584 1979 1717 2008 Draconis

930 2030 1012 2060 caput
1026 2035 1032 2052 :
1049 2025 1089 2053 sic
1105 2029 1134 2052 ut
1150 2026 1269 2053 arcticus
1284 2026 1329 2053 ille
1339 2026 1506 2062 attingat,ac
1515 2026 1715 2062 quodammodo

929 2072 1006 2098 radat
1022 2071 1201 2099 horizontem.
1218 2071 1288 2100 Hinc
1304 2072 1405 2099 Aratus
1419 2082 1426 2100 :

82 2125 115 2143 τε
131 2117 180 2143 τοῦ
198 2117 348 2162 Δράκοντος
368 2117 486 2152 κεφαλὴν
508 2117 698 2153 ἐφαπτομένην
717 2117 763 2145 τοῦ
791 2118 921 2154 ἀρκτικοῦ
954 2119 1072 2154 κύκλου,
1089 2120 1172 2148 αὑτοῦ
1192 2121 1220 2148 δὲ
1238 2120 1286 2148 τοῦ
1311 2121 1441 2158 ἀρκτικοῦ
1463 2122 1650 2158 ἐφαπτομένου
1668 2123 1715 2150 τοῦ

82 2164 224 2201 ὁρίζοντος
236 2186 243 2198 ,
256 2165 303 2192 καὶ
319 2165 412 2201 ὥσπερ
427 2165 497 2198 ξέειν
513 2165 604 2192 αὐτόν.
625 2166 671 2192 Διὸ
691 2166 738 2192 καὶ
760 2166 877 2203 Ἄρατός
893 2176 976 2202 φησι·

82 2223 177 2254 Κείνη
194 2230 252 2250 που
265 2223 382 2260 κεφαλὴ
395 2223 431 2258 τῇ
443 2224 580 2260 νίσσεται
595 2224 628 2260 'P,
644 2222 697 2259 ᾗχί
715 2232 770 2259 περ
786 2225 874 2260 ἄκραι
890 2228 915 2257 D

80 2259 250 2292 Μίσγονται
264 2258 368 2292 δύσιές
380 2268 412 2286 τε
426 2259 474 2286 καὶ
492 2259 616 2286 ἀντολαὶ
631 2258 795 2295 ἀλλήλῃσι.

121 2314 173 2340 Τὸν
190 2314 244 2349 γὰρ
260 2314 384 2349 ὁρίζοντα
407 2314 507 2349 μεταξὺ
527 2314 576 2341 τοῦ
598 2315 666 2350 ὑπὲρ
680 2315 732 2349 γῆς
754 2316 801 2342 καὶ
822 2315 874 2342 ὑπὸ

81 2359 136 2394 γῆν
149 2360 330 2395 ἡμισφαιρίου
347 2357 416 2386 εἶναι
436 2360 603 2396 συμϐέϐηκε.
626 2362 704 2393 Τινὲς
718 2362 746 2387 δὲ
761 2362 810 2388 οὐκ
827 2363 873 2389 ἐπὶ

80 2405 131 2431 τοῦ
142 2405 278 2440 ὁρίζοντος
292 2406 446 2438 ἀκούουσιν,
455 2407 511 2433 ἀλλ’
526 2407 572 2433 ἐπὶ
586 2407 632 2433 τοῦ
643 2409 828 2444 μεσημῦρινοῦ
843 2410 873 2435 τὸ

81 2451 137 2478 ὑπὸ
150 2451 197 2478 τοῦ
217 2451 330 2487 Ἀράτου
342 2452 448 2487 λεχθέν·
459 2453 526 2479 διότι
539 2453 586 2480 τοῦ
602 2454 671 2490 ὑπὲρ
679 2455 731 2490 γῆς
741 2456 872 2490 ἡμισφαι-

82 2497 144 2534 ρίου
161 2497 327 2532 τεμνομένου
347 2497 399 2524 om
418 2498 464 2525 τοῦ
487 2499 672 2535 μεσημϐρινοῦ
692 2500 722 2526 τὸ
741 2501 790 2535 μὲν
812 2500 871 2527 ἔστι

79 2544 153 2579 πρὸς
174 2545 208 2579 τῇ
228 2543 354 2579 ἀνατολῇ,
367 2545 397 2571 τὸ
417 2545 446 2571 δὲ
463 2545 530 2581 πρὸς
546 2547 579 2582 τῇ
594 2546 678 2575 δύσει.
700 2547 776 2582 Ἐμοὶ
792 2547 820 2575 δὲ
840 2548 870 2574 οὺ

79 2588 154 2615 πάνυ
171 2597 197 2615 τι
213 2589 286 2616 δοκεῖ
304 2590 382 2616 τοῦτο
404 2590 492 2624 λέγειν
512 2591 643 2627 "Apum;
665 2593 689 2619 εἰ
705 2593 742 2628 μὴ
764 2592 817 2628 ἄρα
831 2602 873 2625 τις

79 2634 154 2661 οὕτω
169 2633 244 2669 λέγοι
263 2634 311 2670 τὴν
330 2635 450 2671 κεφαλὴν
464 2635 511 2662 τοῦ
527 2636 678 2671 Δράκοντος
694 2636 870 2672 πορεύεσθαι,

450 2689 547 2728 ....ᾖχί
561 2699 615 2726 περ
630 2692 717 2726 ἄκραι

79 2726 247 2760 Μίσγονται
265 2726 369 2759 δύσιές
387 2735 418 2753 τε
433 2728 480 2754 καὶ
495 2726 620 2754 ἀντολαὶ
634 2728 788 2762 ἀλλήλῃσι
798 2738 804 2745 ·

79 2771 150 2800 καΘό
164 2771 212 2798 τοῦ
231 2772 368 2809 ὁρίζοντος
390 2774 565 2809 ἐφαπτομένη
581 2774 653 2801 ἐστὶν
670 2775 685 2810 ή
701 2775 805 2810 κεφαλὴ
821 2775 868 2802 τοῦ

117 2849 264 2886 ³¹1”.τὸὸή.
303 2852 326 2868 ²¹
376 2852 486 2888 ἡμέραι.
522 2853 544 2868 ³³
562 2861 605 2886 η).
622 2853 740 2887 νῆτταί.

1035 2226 1109 2253 Illud
1128 2230 1207 2261 caput
1223 2234 1253 2254 eo
1271 2227 1396 2260 pervenit,
1410 2227 1454 2253 ubi
1470 2227 1580 2254 extremi

1040 2261 1187 2289 Miscentur
1204 2270 1324 2293 occasus,
1341 2267 1366 2288 et
1381 2267 1454 2289 ortus
1471 2262 1589 2289 invicem.

961 2317 1028 2345 Nam
1056 2319 1170 2346 horizon
1205 2318 1277 2346 inter
1309 2319 1529 2353 hemisphaerium
1568 2322 1714 2354 utrumque

927 2364 1054 2398 superius
1083 2368 1110 2391 et
1136 2363 1250 2392 inferius
1279 2364 1441 2398 iuterjectus
1460 2368 1510 2391 est.
1538 2363 1596 2390 Non
1615 2363 1713 2390 desunt

927 2415 1028 2441 tamen,
1041 2411 1086 2444 qui
1098 2410 1175 2437 Arati
1188 2410 1269 2437 verba
1288 2410 1333 2437 illa
1352 2418 1406 2437 non
1421 2409 1454 2436 ad
1469 2410 1648 2440 horizontem,
1663 2409 1711 2435 sed

926 2455 959 2482 ad
977 2456 1158 2483 meridianum
1185 2455 1326 2484 referant:
1342 2457 1471 2490 quoniam
1500 2463 1561 2482 cum
1586 2454 1712 2489 superius

925 2501 1146 2536 hemisplizerium
1163 2509 1178 2529 a
1194 2503 1344 2529 meridiano
1359 2502 1463 2529 circulo
1487 2501 1632 2532 dividitur,
1650 2500 1711 2534 ejus

925 2547 1009 2574 altera
1030 2555 1094 2583 pars
1106 2547 1140 2574 ad
1156 2553 1244 2575 ortum
1257 2569 1266 2581 ,
1281 2548 1366 2575 altera
1382 2548 1415 2574 ad
1439 2555 1567 2574 occasum
1582 2546 1709 2580 pertinet.

927 2593 990 2620 Mihi
1005 2601 1070 2621 vero
1094 2602 1149 2621 non
1176 2594 1227 2622 hoc
1243 2594 1311 2621 velle
1326 2594 1376 2621 sibi
1402 2593 1508 2620 videtur
1523 2592 1638 2623 Aratus,
1657 2591 1708 2618 nisi

923 2639 984 2673 quis
996 2637 1112 2668 fortasse
1123 2639 1223 2668 dixerit
1236 2639 1368 2667 Draconis
1384 2641 1465 2673 caput
1478 2645 1510 2665 eo
1525 2637 1605 2669 ferri,

1078 2716 1084 2721 .
1125 2716 1132 2723 .
1218 2719 1225 2726 .
1284 2694 1481 2724 .ubteuremi

1033 2731 1306 2763 Miscenturaccasus,
1318 2736 1343 2757 et
1356 2735 1429 2757 ortus
1440 2730 1567 2761 invicem;

923 2777 968 2805 ubi
987 2778 1120 2814 contingit
1140 2778 1308 2806 horizontem
1327 2776 1458 2804 Draconis
1474 2778 1554 2810 caput
1577 2774 1610 2801 ad
1627 2773 1704 2801 meri-
