1913 3136
61 147 122 176 995

154 203 228 237 Περὶ
244 202 362 237 ἄστρων
374 202 489 235 δύσεὼς
507 209 540 228 τε
556 201 605 228 καὶ
623 201 782 235 ἀνατολῆς.

100 261 159 293 λζ’.
179 260 240 287 Τῶν
256 260 363 296 ἄστρων
374 259 409 286 τὰ
423 259 472 295 μὲν
487 259 559 285 ἔστιν
574 259 701 294 ἀειφανῆ,
717 258 786 286 τὰδὲ
798 259 863 285 ποτὲ

63 306 122 342 μὲν
147 305 310 342 φαινόμενα,
336 305 401 332 ποτὲ
425 305 454 332 δὲ
477 305 567 340 ἀφανῆ
579 304 717 340 γινόμενα.
737 305 862 340 Ἀειφανῆ

63 353 123 388 μὲν
137 350 187 379 οὖν
201 353 259 378 ὲσ-τι
272 351 307 378 τὰ
320 351 394 383 ἐντὸς
404 351 451 378 τοῦ
464 350 593 387 ἀρκτικοῦ
606 350 705 377 κύκλου
715 358 721 366 ε
738 350 864 376 οὐδέποτε

60 398 128 433 γὰρ
156 397 319 425 καταδύεται
348 397 451 424 ταῦτα·
479 396 572 432 ἐπειδὴ
599 396 666 432 μηδὲ
689 397 703 422 ὸ
731 395 864 430 περιέχων

61 444 146 471 αὐτὰ
160 444 275 476 κύκλος·
293 443 351 470 ἀλλ’
366 444 439 470 ἐστιν
459 443 503 471 ἀεὶ
524 444 553 470 ὲν
575 442 614 478 τῷ
638 442 708 478 ὑπὲρ
729 442 780 478 γῆς
800 442 865 478 ἡμι-

64 489 197 525 σφαιρίῳ
223 489 354 524 ἀειφανὴς
380 489 450 524 μετὰ
473 489 519 516 καὶ
538 489 592 516 τῶν
605 489 634 515 ὲν
652 487 725 523 αὐτῷ
741 488 862 523 ἄστρων·

64 536 168 570 ἁφανῆ
182 535 210 561 δὲ
225 535 258 562 τὰ
273 535 347 566 me;
368 534 415 561 τοῦ
436 534 614 570 ἀνταρκτικοῦ
633 534 732 561 κύκλου
743 541 750 549 ο
773 533 865 569 ἐπειδὴ

64 581 121 607 καὶ
141 581 224 612 αὐτὸς
242 581 285 608 ἀεὶ
309 581 415 616 ἀφανής
433 581 499 607 ἐστι.
524 581 584 607 Τῶν
601 581 629 608 δὲ
644 581 743 608 λοιπῶν
759 581 865 617 ἄστρων

64 628 105 654 ’τὰ
122 628 175 663 μὲν
194 628 259 654 ποτὲ
285 628 333 663 μὲν
355 626 502 659 ἀνατέλλει,
520 628 585 654 ποτὲ
605 628 633 654 δὲ
655 627 726 655 δύνει
739 636 746 643 ·
774 627 808 654 τὰ
837 627 865 654 δὲ

66 673 121 698 ἐπὶ
138 673 190 707 τῆς
205 672 289 707 αὐτῆς
303 672 399 704 νυκτὸς
415 673 461 699 καὶ
477 672 616 699 ἀνατέλλει
631 673 678 699 καὶ
699 672 781 699 δύνει.
803 669 866 699 Οἴον

67 717 147 744 ἔστω
166 718 181 743 6
201 717 274 752 ἥλιος
292 718 320 743 ἐν
339 717 432 753 Κριῷ·
456 718 549 744 τούτου
580 717 779 750 ἀνατέλλοντος,
799 727 866 754 προ-

67 761 218 789 ανατέλλει
234 762 347 793 Ἵπποςθ
370 762 399 788 ὲν
424 762 527 797 Χηλαῖς
549 761 577 788 δὲ
605 761 680 796 δντος
706 762 753 788 τοῦ
777 761 865 797 ἡλίου,

68 809 123 836 καὶ
144 808 352 839 ἀνατέλλοντος,
371 808 479 835 δέδυκεν
504 808 554 843 ἤδη
573 808 680 840 Ἵππος.
700 809 780 835 Ὥστε
800 809 866 834 ποτὲ

72 855 127 890 μὲν
143 855 268 890 φαίνεται
286 855 435 881 ἀνατέλλων
453 855 468 880 ὁ
484 854 581 886 Ἵππος
592 875 600 887 ,
623 855 686 881 ποτὲ
710 855 739 881 δὲ
765 855 865 881 δύνων’

69 902 179 937 ὁμοίως
201 901 229 928 δὲ
251 901 298 928 καὶ
313 901 347 927 τὰ
364 901 430 928 ἄλλα
447 901 533 936 ἄστρα
547 901 600 927 ἀπὸ
614 900 720 937 θερινοῦ
737 900 867 937 τροπικοῦ

74 948 162 984 μέχρι
177 947 224 974 τοῦ
240 947 404 983 χειμερινοῦ.
424 947 462 974 Τὰ
478 947 532 983 γὰρ
555 948 583 974 ὲν
599 947 637 982 τῷ
649 947 819 983 ἀνταρκτικῷ
829 947 868 982 τῷ

72 994 148 1031 πρὸς
159 996 229 1030 νότῳ
239 995 301 1021 δντα
314 994 420 1030 βράδιον
432 994 610 1021 ἀνατέλλοντα
617 995 688 1021 δύνει
702 995 815 1030 ταχέως,
825 994 869 1021 διὰ

77 1040 112 1067 τδ
127 1041 220 1067 πλεῖον
232 1039 300 1067 εἶναι
317 1041 398 1076 μέρος
415 1040 465 1075 τῆς
480 1041 596 1075 σφαίρας
614 1039 665 1066 ὑπὸ
681 1040 732 1075 γῆν
751 1040 819 1076 πρὸς
830 1040 869 1075 τῷ

77 1086 152 1121 νότῳ
161 1094 169 1100 ·
185 1085 317 1112 ἀνάπαλιν
333 1085 361 1111 δὲ
373 1085 407 1111 τὰ
419 1085 584 1121 βορειότερα,
598 1086 643 1112 κα)¹
664 1085 762 1121 μεταξὺ
775 1086 869 1121 ἀρκτι-

74 1131 128 1158 χοῦ
149 1130 249 1158 κύκλου
273 1131 321 1158 καὶ
349 1131 523 1167 ίσημερινοῦ,
553 1131 657 1167 ταχέως
680 1131 867 1163 ἀνατέλλοντα,

76 1177 202 1212 βραδέως
214 1176 295 1209 δύνει,
314 1176 358 1203 διὰ
376 1177 405 1203 τὸ
429 1177 520 1204 πλεῖον
536 1176 608 1213 ἔχειν
627 1177 708 1213 μέρος
733 1177 803 1213 ὑπὲρ
818 1178 869 1213 γῆν

74 1221 128 1254 τὴν
148 1222 264 1256 σφαῖραν
287 1221 354 1256 πρὸς
378 1221 416 1257 τῷ
437 1222 528 1258 βορέᾳ.
546 1223 717 1258 Συμϐήσεται
740 1221 786 1250 οὖν
808 1231 869 1249 τινα

75 1267 134 1294 τῶν
154 1267 270 1294 ἐνταῦθα
286 1268 418 1303 κειμένων
440 1268 546 1304 ἄστρων
570 1269 622 1296 ὑπὸ
643 1268 693 1303 τῆς
716 1269 800 1304 αὐτῆς
822 1278 869 1296 νυ-

77 1313 145 1345 κτὸς
163 1313 315 1339 ἀνατέλλειν
337 1313 383 1339 καὶ
407 1313 510 1346 δύνειν,
528 1313 546 1340 ἃ.
567 1313 689 1340 καλεῖται
715 1313 868 1348 ἁμφιφανῆ.

75 1359 304 1395 Παραδείγματος
326 1359 354 1386 δὲ
371 1360 452 1395 χάριν
474 1360 650 1395 παρειλὴφθω
675 1359 688 1385 ὁ
711 1360 739 1386 ὲν
765 1359 868 1394 γόνασι,

75 1406 128 1433 καὶ
151 1405 221 1432 Erro)
242 1407 256 1432 ὁ
278 1405 352 1441 ἥλιος
370 1406 398 1431 ὲν
424 1405 541 1442 Τοξότῃ,
566 1406 612 1433 καὶ
635 1405 774 1432 ἀνατέλλει
798 1406 820 1421 ’³
842 1406 870 1432 ὲν

76 1450 168 1485 αὐτῷ.
184 1450 266 1477 Πάλιν
281 1450 366 1479 δυέτω
383 1450 505 1482 δύνοντος
521 1451 595 1486 ἡλίου
605 1460 611 1466 ·
627 1451 728 1486 ἑσπέρα
749 1451 807 1477 ἐστὶ
825 1451 871 1478 καὶ

76 1497 130 1529 νύξ
140 1506 147 1512 ·
164 1498 177 1523 ὁ
190 1497 218 1523 δὲ
232 1498 260 1524 ὲν
273 1496 381 1531 γόνασιν
395 1496 499 1524 οὐδέπω
513 1497 621 1524 δέδυκεν
631 1505 637 1512 ’
655 1497 711 1523 ἀλλ’
728 1497 871 1532 ἐπιμείνας

76 1544 110 1569 ἐν
132 1542 174 1578 τῷ
193 1543 262 1578 ὑπὲρ
284 1544 335 1578 γῆς
352 1543 530 1578 ἡμισφαιρίῳ,
549 1543 615 1578 πρὸς
637 1545 669 1578 τῇ
683 1543 755 1569 δύσει
774 1542 868 1575 δύνων,
884 1553 904 1581 C

77 1590 198 1624 ὕστερον
214 1589 260 1615 ἐπὶ
277 1589 326 1623 τῆς
345 1589 429 1623 αὐτῆς
442 1589 538 1620 νυκτὸς
560 1588 745 1624 προλαμϐάνει
761 1588 809 1623 τὴν
823 1588 869 1614 τοῦ

77 1635 158 1672 ἡλίου
183 1635 312 1671 ἀνατολὴν
332 1636 377 1662 καὶ
393 1635 439 1661 τοῦ
455 1635 580 1667 Τοξὸτου,
601 1634 806 1671 προανατέλλων
823 1635 871 1661 αὺ-

75 1681 148 1711 τῶν.
176 1681 222 1707 καὶ
250 1680 361 1716 ὕστερον
384 1680 473 1708 αὐτῶν
500 1680 595 1719 δύνων.
612 1680 692 1715 Δηλοί
712 1680 776 1714 γοῦν
794 1679 871 1706 τοῦτο

79 1728 116 1754 Ἀ
121 1735 203 1762 ρατος
221 1727 308 1761 λέγων
317 1735 324 1741 ”

78 1773 206 1799 Ὅντινα
235 1772 342 1799 τοῦτον
368 1773 473 1799 (iw-cor
499 1773 550 1800 ὑπ’
575 1773 721 1807 οὐρανίων
743 1773 872 1801 εἰδώλων

85 1808 270 1842 Ἀμφότερον
286 1807 425 1839 δύνοντα,
442 1809 490 1834 καὶ
507 1808 541 1840 ἐξ
557 1808 661 1842 ἑτέρης
676 1809 796 1835 ἀνιόντα

77 1842 237 1875 Πολλάκις
252 1844 394 1876 αὐτονυχὶ
409 1844 565 1878 θηεύμεθα.

220 1899 280 1925 Ὅτι
292 1898 395 1931 δύσεις
407 1898 509 1931 διτταὶ,
523 1899 573 1926 καὶ
588 1899 741 1927 ἀνατολαί-

119 1945 172 1980 λη’.
189 1944 269 1976 Δύσις
281 1944 308 1971 δὲ
324 1946 430 1980 ἄστρων
445 1946 504 1971 ἐστὶ
519 1945 604 1980 διττὴ.
617 1946 663 1972 καὶ
679 1945 793 1980 ἀνατολή
803 1954 810 1960 ⁸
826 1946 873 1972 καὶ

80 1996 101 2025 ἡ
115 1991 167 2026 μὲν
181 1989 235 2025 ἑῴα
250 1989 369 2024 λέγεται,
381 1991 397 2025 ἡ
411 1991 439 2016 δὲ
456 1991 580 2026 ὲσπερία.
600 1990 669 2026 Ἐᾠα
684 1991 732 2026 μὲν
747 1991 872 2026 ἀνατολὴ,

81 2037 150 2063 ὃταν
166 2036 345 2072 ωνανατέλλῃ
361 2036 399 2071 τῷ
416 2036 482 2072 ἡλίῳ
503 2036 564 2072 [ὡς]
580 2036 677 2073 ἄστρα,
695 2036 741 2064 καὶ
759 2037 796 2073 μὴ
816 2038 873 2073 μετ’

82 2081 170 2110 αὑτοῦ
192 2082 231 2097 ¹⁶·
250 2082 364 2118 ἑαπερία
387 2082 425 2114 δὲ,
449 2083 523 2115 ὅταν,
546 2083 669 2115 δύνοντος
693 2083 786 2119 ἡλίου,
809 2084 874 2110 ἀνα-

81 2128 167 2163 τέλλῃ
184 2127 244 2154 τινὰ
269 2127 322 2154 τῶν
337 2128 454 2163 ἄστρων.
478 2128 557 2160 Δύσις
574 2128 601 2155 δὲ
620 2128 674 2164 ἑῴα
694 2129 777 2161 ἐστὶν,
800 2129 873 2160 ὅταν,

83 2173 164 2209 ἡλίου
188 2173 386 2205 ἀνατέλλοντος,
407 2173 474 2211 δύνῃ
499 2174 534 2201 τὰ
556 2175 643 2210 ἄστρα
671 2175 732 2201 τάδε
754 2175 872 2210 ἡτάδε·

84 2218 204 2254 ἑσπερία
216 2218 255 2250 δὲ,
270 2218 333 2245 ὅταν
349 2218 520 2254 συγκαταδύῃ
541 2219 623 2254 αὐτῷ.

222 2275 286 2302 ’Ὅτι
300 2275 432 2310 διαφέρει
447 2276 580 2310 ἀνατολὴ
595 2276 747 2311 ἐπιτολῆς.

122 2320 174 2347 λο’.
185 2321 312 2356 Διαφέρει
320 2321 347 2346 δὲ
358 2320 472 2356 ἀνατολὴ
483 2320 619 2356 ἑπιτολῆς.
635 2320 762 2356 Ἀνατολὴ
770 2320 818 2357 μὲν
824 2320 878 2356 γάρ

84 2375 164 2393 εστιν
183 2367 199 2400 ἡ
219 2366 277 2402 ἅμα
292 2366 330 2401 τῷ
343 2366 411 2401 ἡλίῳ
429 2366 498 2402 ὑπὲρ
519 2367 565 2393 τὸν
589 2367 713 2402 ὁρίζοντα
737 2366 876 2402 ἀναφοράν

84 2411 202 2447 ἐπιτολὴ
217 2412 255 2443 δὲ,
273 2412 337 2439 ὅταν
351 2413 403 2448 πρὸ
424 2412 499 2448 ἡλίου
516 2413 568 2439 ὑπὸ
587 2412 635 2448 τὴν
657 2412 727 2447 έῴαν
752 2412 879 2448 ἀνατείλῃ

85 2457 200 2492 ἄστρον,
217 2454 277 2483 εἶτα
295 2457 338 2483 ἐπ’
353 2456 427 2492 αὐτῷ
450 2458 463 2484 ὁ
484 2457 557 2492 ἣλιος
574 2457 705 2493 ὲπιτείλῃ.
723 2458 768 2483 Δεῖ
788 2457 816 2484 δὲ
835 2459 875 2484 εί-

86 2502 175 2534 δέναι,
191 2502 243 2535 ὅτι,
260 2503 350 2539 πάσης
365 2503 439 2540 ὥρας
459 2503 684 2539 περιφερομένης,
705 2503 750 2530 καὶ
773 2503 876 2539 περιδι-

87 2548 225 2584 νουμένης
245 2549 294 2585 τῆς
312 2549 439 2585 σφαίρας,
464 2550 570 2585 ἀνάγκη
588 2549 650 2576 ἐστὶ
665 2549 712 2575 καὶ
734 2549 768 2576 τὰ
790 2549 877 2584 ἄστρα

87 2595 175 2621 παντὶ
201 2595 298 2631 καιρῷ,
325 2596 372 2622 καὶ
388 2597 418 2623 ἐν
433 2596 524 2632 ἡμέρᾳ.
544 2595 591 2622 καὶ
613 2596 642 2622 ὲν
663 2595 740 2622 νυκτὶ
756 2591 825 2622 εἶναι
847 2596 877 2621 ὲν

88 2640 200 2677 οὖρανῷ
215 2642 477 2678 συμπεριδινούμενα
486 2650 493 2657 ·
507 2642 543 2678 μὴ
555 2641 695 2676 φαίνεσθαι
706 2641 734 2667 δὲ
747 2642 776 2668 ἐν
786 2641 878 2677 ἡμέρα

89 2689 125 2724 τῇ
142 2687 277 2723 ὑπερϐολῇ
297 2688 346 2723 τῆς
367 2687 558 2723 λαμπρότητος
580 2687 627 2713 τοῦ
647 2687 721 2722 ἡλίου
743 2686 878 2713 καλυπτό-

92 2741 174 2770 μενα.
195 2733 335 2768 Ἀνατολὴν
359 2734 386 2760 δὲ
402 2733 433 2759 οὐ
448 2733 556 2760 λεκτέον
576 2733 685 2768 ἄστρου,
703 2733 750 2760 ἐὰν
765 2732 879 2768 δευτέρᾳ

90 2778 181 2816 ὥραῆ
196 2778 274 2814 τρίτῃ
284 2779 450 2816 ἀναφέρηται
465 2779 535 2811 ὑπὲρ
550 2779 601 2815 γῆς
611 2787 618 2794 ·
635 2778 700 2806 ἀλλὰ
715 2778 774 2805 τότε
787 2779 878 2814 μόνον,

129 2858 151 2892 f.
171 2859 195 2874 “
210 2857 351 2895 ἀνατέλλῃ.
388 2859 411 2875 ⁸⁸
428 2858 449 2893 f.
469 2858 560 2885 αὐτόν.

443 143 599 172 ACIIILLIS
619 144 711 172 TATII
730 143 872 172 ISAGOGE

923 143 943 170 D
961 142 1068 170 ARATI
1087 141 1324 170 ΡΠᾸΞΝΟΜΕΝΑ.

880 204 904 231 Δ

1646 143 1698 171 91M

1113 199 1150 226 De
1164 199 1280 226 siderum
1292 207 1386 225 occasu
1400 202 1424 225 et
1433 203 1503 227 ονιιι.

948 255 992 283 37.
1009 255 1134 284 Siderum
1145 256 1198 283 alia
1212 263 1319 290 semper
1331 260 1477 291 apparent;
1503 256 1556 282 alia
1573 256 1699 284 videntur

916 303 1052 330 interdum
1065 323 1072 335 ,
1100 303 1168 331 alias
1189 303 1297 330 occulta
1312 307 1385 330 sunt.
1404 303 1542 338 Apparent
1556 307 1697 337 perpetuo,

915 355 976 382 qua:
988 348 1257 382 comprehenduntur
1277 349 1380 374 aretico
1403 348 1507 375 circulo
1531 357 1537 374 :
1558 355 1697 382 nunquam

920 394 992 420 enim
1008 394 1153 427 occidunt;
1170 395 1207 420 uti
1221 401 1309 428 neque
1323 394 1482 428 complexus
1505 393 1550 420 illa
1566 393 1698 426 circulus.

914 439 961 473 qui
975 438 1003 465 in
1020 440 1160 473 superiore
1177 443 1268 466 manet
1296 438 1486 473 hemisphaerio
1507 446 1614 474 semper
1637 446 1697 466 cum

915 485 1002 513 stellis
1018 485 1075 512 suis
1094 492 1238 519 apparens.
1261 484 1404 520 Nunquam
1433 489 1563 520 apparent
1587 493 1619 512 ea
1641 494 1697 520 (una

917 530 1069 556 antarctico
1083 530 1187 557 circulo
1211 530 1396 562 continentur,
1430 531 1558 565 quoniam
1587 535 1613 557 ct
1643 531 1699 565 ipsc

916 583 1024 610 semper
1035 576 1160 603 occultus
1174 581 1225 603 est.
1242 575 1420 611 Reliquorum
1443 577 1563 603 siderum
1589 577 1641 603 alia
1660 577 1697 603 in-

915 622 1022 649 terdum
1049 622 1176 659 oriuntur
1206 631 1213 648 :
1237 622 1372 649 interdum
1402 623 1546 653 occidunt;
1577 623 1699 657 quazdam

916 666 1011 692 eadem
1025 666 1051 692 in
1066 671 1144 693 nocte
1174 667 1300 694 orittntur
1313 671 1340 694 et
1354 668 1494 694 occidunt.
1528 667 1568 694 Sit
1584 667 1701 702 exempli

916 719 999 739 causa
1015 713 1055 739 sol
1069 713 1095 739 in
1107 712 1199 740 Ariete
1215 723 1221 740 :
1236 717 1298 740 ante
1314 713 1385 740 hunc
1402 714 1490 740 oritur
1507 714 1608 748 Equus.
1629 713 1699 741 Idem

916 758 973 786 sole
988 758 1015 784 in
1032 758 1113 786 Libra
1143 761 1294 786 constituto
1314 763 1377 786 ante
1399 759 1472 786 hunc
1499 760 1614 787 occidet.
1633 758 1702 785 lIinc

917 804 1064 841 aliquando
1089 806 1212 832 cernitur
1236 805 1329 840 Equus
1344 806 1447 837 oriens.
1468 806 1535 833 alias
1548 805 1677 833 occidens
1694 815 1699 832 :

918 850 958 877 sic
983 855 1056 878 astra
1085 851 1188 885 reliqua
1209 851 1243 878 ab
1261 851 1356 878 testim
1370 851 1475 886 tropico
1493 851 1526 878 ad
1545 851 1700 878 hibernum.

883 883 904 910 Β
918 895 984 922 Nam
996 903 1056 930 quae
1074 896 1100 923 in
1121 883 1272 923 antarctico
1288 901 1352 923 sunt
1379 883 1422 923 adi
1439 901 1573 928 austrum,
1597 898 1702 924 tardius

919 939 1033 966 orientia
1055 940 1136 967 citius
1161 941 1292 967 oecidunt
1319 942 1414 975 :qttod
1443 942 1538 975 majori
1563 950 1594 968 ex
1625 946 1702 976 parte

919 985 1024 1020 spluera
1040 986 1109 1012 inl'ra
1125 990 1225 1013 terram
1243 986 1351 1014 condita
1368 988 1403 1013 sit.
1416 988 1449 1014 ad
1468 988 1622 1020 meridiem;
1636 996 1703 1015 con—

919 1029 960 1057 tra
977 1038 1038 1066 qua;
1052 1031 1170 1058 borealia
1183 1036 1246 1058 sunt
1261 1032 1332 1058 inter
1359 1033 1490 1058 arcticnm
1520 1033 1653 1059 circulum
1676 1037 1704 1060 et

919 1076 1136 1111 aequinoctialem
1153 1077 1253 1112 posita,
1268 1078 1350 1105 citius
1366 1083 1456 1105 ortum
1470 1078 1585 1110 faciunt,
1601 1079 1705 1106 tardius

919 1129 1047 1149 occasum
1066 1130 1072 1148 :
1091 1127 1231 1158 propterea
1246 1123 1317 1157 quod
1331 1123 1426 1157 majori
1445 1129 1521 1158 parte
1539 1125 1581 1151 sui
1597 1125 1703 1159 sphaera

919 1175 1002 1201 supra
1018 1170 1117 1194 terram
1149 1168 1262 1202 emergit
1286 1170 1317 1195 ad
1343 1170 1565 1204 septentrionem.
1595 1171 1706 1198 Act-idet

919 1220 984 1247 ergo
1000 1213 1123 1247 quadam
1143 1218 1172 1240 ut
1187 1213 1223 1240 ibi
1239 1214 1373 1240 collocata
1400 1214 1489 1241 sidera
1512 1215 1605 1242 cadent
1625 1222 1706 1243 nocte

919 1256 1043 1283 oriantur
1053 1259 1079 1283 et
1095 1256 1221 1284 occidant
1235 1265 1241 1283 :
1258 1265 1319 1292 quae
1327 1258 1471 1294 ἀμφιφανῆ
1481 1264 1588 1292 vocant.
1605 1260 1688 1287 Exem
1699 1276 1705 1281 -

920 1302 956 1336 pli
972 1303 1059 1337 gratia
1074 1302 1109 1329 sit
1125 1301 1310 1337 lngeniculus.
1327 1303 1417 1338 sitque
1434 1305 1475 1330 sol
1500 1305 1526 1331 in
1543 1305 1706 1339 Sagittario;

920 1348 947 1374 in
961 1355 993 1375 eo
1004 1348 1080 1375 sidus
1097 1347 1163 1374 illud
1175 1348 1289 1375 orietur.
1301 1348 1406 1377 Rursus
1426 1350 1534 1377 occidat
1550 1351 1602 1377 sub
1625 1359 1707 1378 occa-

921 1401 981 1420 sum
1002 1393 1079 1425 solis,
1092 1401 1206 1428 vespera
1218 1394 1280 1426 erit,
1294 1399 1320 1421 et
1334 1403 1407 1422 nox:
1430 1397 1545 1422 necdum
1563 1395 1707 1431 lngenictt-

921 1438 964 1465 lus
974 1437 1104 1465 occiderit
1118 1447 1123 1464 :
1139 1438 1186 1465 sed
1202 1439 1227 1464 in
1244 1439 1434 1474 ltemispluerio
1449 1442 1590 1476 superiore
1612 1444 1706 1469 consi-

922 1488 996 1510 stens
1008 1485 1106 1516 adhuc,
1119 1492 1150 1511 ac
1165 1485 1216 1511 sub
1232 1493 1358 1512 occasum
1382 1486 1520 1516 Occidens.
1535 1493 1627 1522 postea
1660 1497 1707 1522 per

922 1530 1042 1557 eamdetn
1059 1534 1165 1557 net-tem
1181 1531 1247 1558 solis
1256 1536 1282 1558 et
1297 1532 1435 1567 Sagittarii
1450 1538 1590 1567 praevertet
1602 1538 1704 1566 ortum,

922 1579 984 1602 ante
997 1576 1069 1610 ipsos
1086 1577 1189 1608 oriens,
1204 1582 1230 1604 et
1247 1583 1308 1611 post
1324 1586 1370 1605 eos
1384 1579 1521 1607 occidens.
1541 1580 1619 1613 Quod
1633 1582 1704 1607 Ara-

921 1626 965 1649 tus
982 1622 1023 1648 lus
1036 1623 1124 1649 Verbis
1132 1623 1258 1657 exprimit
1277 1632 1284 1650 :

958 1763 1041 1804 Quam
1055 1766 1158 1804 quidem
1172 1767 1287 1800 ignotum
1301 1768 1368 1795 inler
1383 1769 1496 1795 corlestes
1511 1769 1636 1804 imagines

957 1800 1064 1827 Pariter
1083 1802 1253 1831 occidentem.
1271 1808 1295 1829 et
1310 1803 1417 1830 aliunde
1431 1805 1556 1831 orientem

959 1834 1035 1869 Swpe
1047 1837 1137 1862 eadem
1149 1842 1223 1864 nocte
1241 1839 1383 1865 cemimus.

1041 1892 1114 1920 Duos
1131 1902 1239 1921 occasus
1250 1903 1318 1926 esse,
1334 1901 1458 1930 ortusque
1470 1897 1588 1925 totidem.

957 1938 1001 1966 58.
1022 1938 1147 1967 Siderum
1159 1948 1275 1968 occasus
1291 1946 1425 1976 Ortusque
1438 1943 1537 1978 dupch
1549 1948 1592 1971 est
1607 1953 1614 1970 :
1640 1945 1711 1972 alter

923 1985 1073 2011 matutinus
1088 2004 1095 2016 ,
1119 1987 1290 2020 vespertinus
1322 1988 1391 2014 alter
1414 1989 1524 2015 dicitur.
1561 1989 1711 2018 Matutinus

923 2033 1000 2057 ortus
1017 2029 1055 2061 iit,
1073 2038 1134 2057 cum
1148 2031 1251 2059 oriente
1266 2034 1323 2060 sole
1337 2034 1463 2060 oriuntur
1476 2042 1538 2061 cum
1560 2043 1592 2062 eo
1608 2036 1711 2067 sidera,

924 2083 979 2103 non
996 2076 1169 2111 postipsum.
1194 2076 1383 2112 Vespertinus.
1402 2086 1464 2106 cum
1489 2081 1631 2108 occidente
1652 2082 1710 2109 Sole

925 2122 1014 2149 sidera
1044 2121 1167 2156 quaedam
1196 2123 1332 2150 orittntur.
1352 2123 1499 2153 Matutinus
1530 2134 1645 2154 occasus
1669 2131 1711 2154 est

925 2175 987 2195 eum
1003 2169 1107 2195 oriente
1121 2169 1178 2195 sole
1197 2169 1325 2196 occidunt
1342 2170 1397 2196 haec
1413 2171 1453 2197 vel
1471 2171 1516 2198 illa
1538 2172 1645 2206 sidera;
1664 2181 1723 2201 ve—‘

889 2223 911 2250 Ι)
925 2214 1062 2250 spertinus
1078 2223 1140 2242 eum
1154 2223 1207 2242 una
1222 2223 1283 2242 cum
1302 2217 1359 2243 sole
1376 2217 1515 2244 conditur.

1031 2273 1100 2305 Quid
1117 2272 1250 2306 ἀνατολή
1267 2278 1291 2300 et
1307 2274 1432 2308 ἑπιτολή
1451 2274 1589 2308 differant.

960 2319 1004 2347 59.
1022 2319 1115 2347 Diilert
1135 2324 1224 2347 autem
1245 2321 1359 2356 ἀνατολή
1375 2325 1402 2348 et
1415 2322 1537 2357 ἐπιτολή.
1553 2322 1620 2349 Nam
1648 2323 1700 2350 ἀνα

925 2366 988 2401 τολή
1000 2370 1041 2394 est
1054 2367 1216 2393 conscensio
1234 2375 1296 2394 cutn
1317 2367 1375 2395 sole
1388 2375 1471 2402 supra
1485 2369 1617 2396 [initorem
1630 2378 1637 2401 ;
1652 2371 1713 2396 ἐπι-

927 2412 991 2448 τολὴ
1020 2420 1082 2439 cum
1106 2417 1169 2440 ante
1185 2413 1269 2441 solem
1299 2415 1386 2448 primo
1408 2423 1488 2442 mane
1513 2416 1601 2443 oritur
1617 2417 1714 2447 stella;

927 2466 1008 2494 quam
1026 2459 1093 2486 solis
1107 2463 1183 2486 ortus
1194 2460 1328 2494 sequitur.
1342 2460 1397 2497 94
1417 2461 1472 2488 Nec
1491 2461 1557 2489 illud
1584 2463 1714 2498 ignoran-

929 2506 992 2532 dum
1005 2509 1063 2537 est;
1078 2505 1143 2532 hora
1162 2506 1292 2540 qualibet.
1314 2507 1479 2534 circumacta
1498 2512 1526 2535 et
1545 2509 1670 2535 volvente
1685 2516 1717 2534 se

929 2551 1046 2587 sphaera,
1068 2551 1159 2579 sidera
1186 2552 1244 2587 ipsa
1271 2554 1426 2581 necessario
1443 2562 1491 2589 per
1506 2562 1585 2581 omne
1607 2559 1717 2587 tempus

930 2601 1011 2625 nocte
1024 2605 1056 2624 ac
1070 2597 1113 2624 die
1127 2606 1187 2625 cum
1199 2598 1270 2625 cmlo
1285 2599 1456 2627 circumferri
1475 2608 1481 2626 :
1500 2607 1553 2626 non
1572 2605 1660 2626 tamen
1674 2599 1700 2625 in

930 2641 1021 2669 terdiu
1043 2641 1140 2673 videri,
1162 2643 1364 2670 vehementiori
1376 2643 1520 2678 splendore
1535 2644 1601 2671 solis
1615 2643 1713 2669 olTusa.

931 2688 1066 2715 Caeterum
1096 2693 1172 2716 ortus
1202 2689 1287 2717 stellae
1314 2691 1406 2717 vocari
1421 2697 1475 2717 non
1489 2690 1579 2720 debet,
1605 2689 1717 2723 quando

932 2734 1051 2762 secunda
1065 2735 1178 2763 tertiave
1189 2739 1249 2770 post
1269 2735 1335 2764 liora
1349 2736 1509 2764 conscendit
1524 2735 1714 2769 horizontem;

932 2780 979 2809 sed
994 2786 1058 2809 tunc
1076 2782 1182 2815 solum,
1199 2790 1260 2810 cum
1275 2791 1328 2811 una
1340 2791 1402 2811 cum
1423 2783 1480 2811 sole
1494 2783 1596 2811 oritur;
1621 2782 1665 2810 Sie
1689 2788 1716 2810 et
