1913 3136
197 113 271 145 1003

693 115 736 142 AD
752 113 886 143 EUSEBll
906 113 1105 143 CIIRONICON
1123 114 1304 143 APPENDIX.

1756 116 1823 144 ιθοι

201 175 246 203 dio
261 179 287 202 te
302 183 366 210 erga
383 175 541 210 disciplinas
555 182 586 202 ac
602 175 738 202 voluntate
759 182 820 202 esse
834 174 971 202 constanti

1035 173 1165 208 λομαθίαν
1179 174 1348 205 οίκειὼσεως.
1367 174 1406 200 τὰ
1415 182 1443 200 τε
1457 173 1510 208 γὰρ
1520 173 1623 208 φυσικά
1631 172 1685 199 τῶν
1695 171 1823 208 ὲπιζητη-

202 221 306 249 Etenim
323 228 384 256 quae
403 221 436 248 de
455 220 624 248 naturalibus
640 221 739 251 rebus,
756 220 843 254 deque
867 220 901 247 iis
925 227 985 254 qua:

193 267 235 294 'ab
250 268 334 294 Arato
356 267 457 301 scripta
473 271 536 294 sunt
552 266 579 293 in
596 265 747 298 coortibus,
766 273 781 291 a
803 272 845 292 me
860 264 985 291 sciscita-

195 314 256 345 'ris,
276 321 438 349 propensum
461 312 488 339 in
506 313 591 340 bonas
606 316 680 339 artes
704 313 826 338 animum
848 314 925 337 tuum
947 310 985 337 si-

199 361 345 396 gnificant;
362 363 442 394 atque
454 359 504 386 hoc
518 363 594 386 tanto
608 358 720 393 majoris
738 366 752 384 a
767 366 809 385 me
826 357 865 390 fit,
882 362 984 392 quanto

199 413 232 434 ex
255 405 471 433 clarissimorum
495 405 611 433 fratrum
633 410 792 433 nostrorum
815 405 901 436 obitu,
930 404 984 431 fre-

199 452 386 488 quentioribus
401 452 462 479 vitae
474 452 555 487 hujus
571 452 686 487 negotiis
701 451 856 486 itnplicatus
869 451 981 478 teneris.

199 499 237 525 Ac
254 498 287 526 de
303 498 408 525 caeteris
422 497 532 533 quidem
557 497 622 533 quid
644 498 758 524 sentiam
775 501 871 532 postea
891 496 982 523 decla—

198 544 279 574 rabo;
293 552 366 571 nunc
380 544 413 571 de
427 543 460 571 iis
473 551 532 578 qum
543 544 570 570 in
586 543 767 570 le-nomenis
779 542 886 577 prodita
902 546 984 569 suunt

197 589 233 616 ab
249 589 342 622 Arato,
365 589 471 616 institui
482 589 521 616 .ad
541 594 568 615 te
583 589 713 620 scribere,
731 593 759 615 ut
776 588 901 615 universe
918 587 983 622 quid

198 638 271 662 recte
288 639 335 661 aut
356 641 436 662 secus
460 635 486 661 in
508 634 562 661 illis
581 635 712 669 scriptum
733 634 768 660 s‘it
792 634 931 668 aperiam:
950 638 981 660 e'x

191 681 298 716 quibus
322 688 384 707 eum
411 679 555 714 perspicua
580 680 628 706 tibi
651 684 732 706 erunt
752 680 854 711 omnia,
871 684 928 706 tum
949 683 982 706 ea

190 727 325 758 maxime,
341 734 401 761 quae
420 727 447 753 in
464 730 509 752 tua
531 726 735 762 percontatione
750 725 876 761 posuisti.

232 775 321 807 Atque
337 772 413 798 Arati
435 772 543 806 quidem
561 770 738 798 P/twnomena
763 778 824 798 cum
848 771 893 798 alii
908 777 983 797 com-

192 819 289 854 plures
306 818 474 854 interpretati
489 822 553 846 sunt
569 828 574 845 :
597 822 655 845 tum
683 818 728 845 ille
746 817 814 852 ipse,
837 817 884 852 qui
903 821 982 844 aetate

196 868 290 892 nostra
305 864 381 896 vixit,
393 864 602 891 mathematicus
617 864 739 890 omnium
751 863 858 890 videtur
871 871 982 891 accura-

190 910 301 938 tissime
315 909 576 944 diligentissimeque
593 908 748 942 scripsisse.
761 908 862 935 Verum
883 909 982 935 carmi-

190 964 262 983 inum
276 955 356 983 istius
375 959 459 990 poetae
473 955 623 982 sententias
646 955 795 989 explicare,
813 962 856 982 res
871 960 912 982 est
927 962 981 982 non

191 1009 304 1037 magna,
323 1009 382 1028 meo
397 1001 504 1036 quidem
517 1000 631 1035 judicio,
649 1007 714 1027 cura
730 1004 756 1027 et.
775 1001 925 1028 attentione
940 1000 982 1026 di-

197 1056 259 1083 gna.
275 1047 322 1075 Est
336 1048 407 1074 enim
419 1047 533 1082 simplex
558 1051 585 1074 et
602 1047 730 1075 concisus
747 1047 791 1074 hic
810 1051 887 1082 poeta
901 1055 908 1073 :
923 1051 980 1073 tum

193 1095 238 1122 vel
261 1094 389 1121 mediocri
411 1101 502 1121 rerum
529 1093 705 1127 intelligentia
726 1093 846 1128 praeditis
869 1094 980 1128 cognitu

195 1141 285 1169 facilis
304 1150 311 1168 :
332 1148 393 1175 qua:
417 1146 507 1167 autem
531 1140 690 1167 cmlestibus
711 1139 744 1166 de
771 1139 852 1166 rebus
874 1140 908 1167 ab
934 1140 980 1168 illo

194 1187 296 1222 scripta
313 1191 386 1218 sunt,
411 1186 501 1212 animo
518 1193 624 1220 capere,
643 1194 675 1213 ac
702 1186 766 1221 quid
792 1186 978 1221 apparentium

189 1237 284 1260 ’rerum
307 1232 500 1267 experimentis
524 1235 722 1264 consentanee,
751 1232 816 1267 quid
843 1232 979 1260 contrarie

193 1279 295 1306 dictum
310 1278 356 1310 sit,
372 1285 521 1313 agnoscere
534 1287 541 1311 ;
557 1278 608 1305 hoc
621 1283 647 1305 et
662 1278 739 1313 longe
758 1278 880 1305 omnium
893 1279 980 1307 utilis-

193 1324 303 1355 simum,
321 1328 347 1351 et
372 1323 508 1358 imprimis
528 1323 717 1350 mathematica
733 1323 848 1351 scientia
868 1324 978 1359 dignum

193 1371 309 1398 videtur.
330 1369 511 1402 Quamobrem
535 1377 596 1396 cum
616 1369 643 1396 in
663 1370 812 1404 plerisque,
835 1373 861 1397 et
884 1371 980 1406 praeci-

194 1417 257 1453 puis
272 1417 384 1444 Aratum
404 1424 544 1444 cernerem
565 1416 599 1443 ab
615 1417 810 1451 apparentibus
825 1417 979 1451 cujusmodi

193 1464 282 1500 reipsa
297 1464 458 1498 c0ntingum
472 1463 600 1490 aberrare
614 1472 620 1489 ι
636 1467 662 1489 et
679 1465 705 1489 in
720 1463 815 1490 iisdem
838 1471 907 1498 pene
921 1471 980 1490 om-

1036 219 1136 248 θέντων
1144 221 1195 247 ύπὺ
1203 220 1249 247 σοῦ
1263 221 1310 248 καὶ
1326 220 1359 247 τὰ
1371 220 1494 256 περὶτῶν
1505 220 1580 255 παρὰ
1595 221 1701 255 Ἀράτῳ
1712 219 1823 254 λεγομέ-

1035 275 1087 292 νων
1098 271 1126 292 εν
1133 268 1194 298 ταῖς
1209 266 1398 298 συνανατολαῖς
1413 266 1579 301 ἱκανωτέραν
1592 265 1717 300 ὲνὲςξαινέ
1729 274 1773 300 μοι
1783 275 1823 299 tct-

1035 311 1172 347 λοτεχνίαν
1182 321 1188 327 ·
1199 313 1246 339 καί¹
1261 312 1350 347 πολλῷ
1360 321 1390 346 γε
1407 311 1515 348 μᾶλλον,
1526 312 1580 346 ὅσῳ
1594 311 1785 342 πεπλεὸνακας
1797 312 1824 337 ἐν

1034 359 1093 389 ταῖς
1108 357 1246 393 βιωτικαῖς
1265 358 1404 393 ἀσχολίαις
1418 357 1461 383 διὰ
1476 357 1524 393 τὴν
1535 357 1589 384 τῶν
1601 357 1823 390 ἀξιολογωτάτων

1034 403 1156 438 ἀδελφῶν
1178 404 1257 439 ἡμῶν
1272 404 1411 438 τελευτήν.
1437 403 1505 439 Περὶ
1530 402 1578 438 μὲν
1595 401 1642 429 οὖν
1659 402 1715 427 τῶν
1738 401 1823 428 ἀλλων

1036 450 1104 485 μετὰ
1117 450 1203 476 ταῦτά
1215 458 1255 476 σοι
1271 450 1319 485 τὴν
1336 449 1403 476 ἰδίαν
1414 450 1504 485 κρίσιν
1515 449 1675 484 διασαφήσω
1685 457 1692 462 ’
1711 448 1776 483 περὶ
1796 447 1823 473 δὲ

1032 495 1088 522 τῶν
1098 496 1150 522 ὑπὸ
1169 495 1282 532 Ἀράτου
1297 495 1450 530 λεγομένων
1460 497 1488 522 ἐν
1499 497 1554 526 τοῖς
1564 494 1760 529 Φαινομένεις
1778 493 1823 519 νῦν

1033 542 1213 577 προτέθειμαί
1234 551 1274 568 σοι
1303 542 1424 578 γράψαι,
1452 543 1505 568 πᾶν
1531 541 1644 568 καθόλου
1677 541 1709 567 τὺ
1733 540 1821 572 καλῶς

1033 590 1049 625 ἢ
1079 589 1172 621 κακῶς
1200 589 1345 624 λεγόμενον
1382 589 1473 621 αὐτοῖς
1495 588 1696 616 ὑποδεικνύων·
1726 588 1758 620 ἐξ
1785 584 1820 613 ὧν

1033 636 1109 662 ἔσται
1126 645 1167 662 σοι
1183 636 1287 671 φανερὰ
1304 637 1402 669 πάντα,
1417 637 1465 663 καὶ
1483 635 1516 663 τὰ
1537 635 1612 671 παρὰ
1628 635 1676 661 σοῦ
1692 635 1820 669 διαπορη-

1033 681 1124 709 θέντα.

1068 774 1086 800 Ζ
1090 774 1184 809 ήτησιν
1197 773 1218 788 ⁵⁷
1234 770 1282 808 μὲν
1289 770 1335 799 οὖν
1350 771 1403 798 τῶν
1424 771 1546 807 Ἀράτου
1554 770 1759 805 Φαινομένων,
1777 771 1821 797 καὶ

1032 819 1105 846 ἄλλοι
1121 819 1232 850 πλέονες
1247 819 1440 854 συντετάχασιν
1451 828 1457 834 ·
1481 819 1684 857 ἐπιμελέστατα
1705 818 1735 844 δὲ
1752 817 1821 843 δοκεῖ

1033 866 1140 892 πάντων
1155 865 1234 896 αὐτὸς
1255 865 1278 880 ⁸⁸
1295 866 1308 891 ό
1325 865 1386 891 καθ’
1401 865 1474 900 ἡμᾶς
1487 864 1680 900 μαθηματικὸς
1695 864 1742 889 τὸν
1760 864 1820 899 περὶ
1844 894 1848 898 ,

1031 911 1121 938 αὐτῶν
1134 910 1298 946 πεποιῆσθαι
1313 911 1400 945 λόγον.
1423 910 1501 936 Ἀλλὰ
1514 910 1545 936 τὸ
1561 910 1610 946 μὲν
1632 909 1819 944 ἐξηγήσασθαι

1030 957 1080 992 τὴν
1092 957 1120 983 ὲν
1133 957 1189 988 τοῖς
1218 957 1350 992 ποιήμασι
1364 956 1482 982 διάνοιαν
1497 956 1526 981 οὗ
1545 955 1669 990 μεγάλης
1693 956 1819 990 ἐπιστρο-

1032 1004 1084 1038 φῆς
1102 1003 1273 1038 προσδεῖσθαι
1293 1002 1412 1037 νομίζω’
1428 1001 1528 1033 ἁπλοῦς
1545 1010 1574 1027 τε
1586 1002 1640 1036 γὰρ
1662 1001 1711 1026 καὶ
1728 1000 1820 1026 σύντοδ

1032 1049 1082 1084 μός
1104 1049 1161 1074 ἐστι
1177 1048 1306 1084 ποιητής·
1333 1047 1416 1074 ἔτιδὲ
1442 1047 1527 1082 σαφὴς
1549 1049 1606 1079 τοῖς
1629 1047 1677 1072 καὶ
1701 1046 1818 1081 μετρίως

1030 1094 1299 1130 πιρηκολουθηκόσι·
1318 1093 1349 1120 τὸ
1363 1093 1391 1120 δὲ
1408 1094 1524 1119 συνεῖναι
1545 1093 1580 1119 τὰ
1597 1092 1735 1126 λεγόμενα
1757 1092 1819 1127 περὶ

1029 1139 1083 1166 τῶν
1109 1139 1241 1175 οὐρανίων
1268 1140 1313 1166 ὑπ’
1335 1139 1427 1172 αὑτοῦ,
1451 1134 1518 1165 τίνα’
1531 1147 1561 1164 τε
1592 1136 1749 1173 συμφώνως
1765 1139 1820 1168 τοῖς

1029 1187 1201 1221 φαινομένοις
1212 1186 1427 1222 ἀναγέγραπται,
1443 1186 1489 1212 καὶ
1500 1185 1559 1212 τίνα
1576 1184 1818 1220 διημαρτημένως,

1028 1232 1100 1259 τοῦτ’
1113 1232 1323 1268 ὠφελιμώτατον
1339 1233 1462 1268 ἡγήσαιτ’
1479 1232 1510 1259 ἄν
1528 1240 1579 1263 τις,
1598 1231 1645 1257 καὶ
1660 1231 1819 1266 μαθηματι-

1029 1279 1080 1314 κῆς
1105 1279 1170 1305 ἴδιον
1190 1279 1345 1314 ἐμπειρίας.
1363 1278 1478 1313 Θεωρῶν
1494 1278 1516 1304 δ’
1539 1275 1586 1304 οὖν
1607 1278 1663 1308 τοῖς
1681 1277 1819 1307 πλείστοις

1029 1325 1075 1351 καὶ
1095 1325 1312 1360 χρησιμωτάτοις
1331 1323 1516 1359 διαφωνοῦντα
1538 1323 1584 1350 τὸν
1603 1324 1723 1358 Ἀρατον
1751 1321 1819 1358 πρὸς

1028 1370 1062 1396 τὰ
1076 1371 1236 1406 φαινόμενα,
1259 1370 1305 1397 καὶ
1318 1371 1446 1406 γινόμενα
1468 1370 1538 1397 κατὰ
1558 1369 1698 1404 ἀλήθειαν,
1712 1369 1820 1400 τούτοις

1029 1416 1057 1442 δὲ
1071 1416 1157 1443 ἅπασι
1174 1413 1266 1452 σχεδὸν
1280 1417 1309 1442 οὐ
1329 1417 1408 1452 μόνον
1423 1417 1484 1448 τοὺς
1498 1416 1604 1447 ἄλλους,
1625 1415 1694 1442 ἀλλὰ
1709 1415 1758 1441 καὶ
1773 1414 1819 1440 τὸν

1031 1463 1162 1491 ’Ἄτταλον
1179 1463 1446 1499 συνεπιγραφὸμενον
1457 1471 1463 1478 ·
1482 1463 1576 1498 ἔκρινα
1592 1461 1643 1496 τῆς
1664 1461 1714 1496 σῆς
1737 1461 1820 1486 ἕνεκα

194 1511 275 1538 nibus
292 1510 430 1537 erroribus
447 1517 500 1536 non
518 1508 606 1536 solum
623 1508 754 1543 reliquos,
773 1509 821 1536 sed
838 1509 920 1536 etiam
932 1509 975 1536 At-

1030 1509 1191 1545 φιλομαθίας
1208 1509 1317 1544 καὶτῆς
1339 1509 1432 1544 κοινῆς
1449 1507 1580 1542 ὡφελείας
1602 1506 1761 1541 ἀναγράψαι
1784 1505 1819 1532 τὰ

193 1557 277 1584 talum
293 1556 381 1591 ipsum
397 1563 458 1583 esse
471 1559 617 1586 versatum,
633 1554 721 1581 visum
746 1554 812 1580 mihi
833 1558 886 1586 est,
902 1559 931 1582 ut
951 1560 977 1583 et

192 1601 284 1629 studio
298 1595 361 1636 erga
377 1601 482 1628 litteras
498 1604 555 1632 tuo,
569 1603 596 1627 et
617 1599 756 1627 communi
778 1600 888 1627 utilitati
911 1608 976 1628 con-

192 1647 324 1678 sulerem,
341 1654 372 1673 ea
387 1645 516 1673 mandare
531 1645 596 1672 huic.
607 1646 687 1678 libro,
701 1645 728 1672 in
745 1646 844 1680 quibus
855 1651 975 1674 erratum

193 1691 227 1720 ab
239 1692 293 1725 illis
307 1699 367 1719 esse
381 1691 514 1726 perspexi.
533 1691 610 1724 Quod
624 1688 680 1726 98
689 1699 743 1718 non
760 1699 791 1718 eo
805 1692 936 1726 suscipio,
946 1697 976 1719 ut

191 1745 225 1765 ex
240 1738 356 1765 aliorum
370 1737 582 1772 reprehensione
594 1737 682 1764 inanis
689 1737 829 1770 cujusdam
839 1738 975 1772 opinionis

192 1784 310 1812 fructum
327 1783 469 1818 colligam;
485 1782 511 1810 id
523 1783 595 1810 enim
607 1790 717 1815 vanum,
730 1786 757 1810 el.
771 1783 901 1811 illiberale
914 1791 976 1812 esse

191 1829 298 1864 judico;
323 1829 377 1856 imo
396 1836 459 1855 vero
479 1829 513 1854 iis
532 1827 660 1855 omnibus
683 1836 698 1855 e
717 1830 854 1856 contrario
874 1831 974 1865 gratias

191 1875 329 1903 habendas
354 1881 465 1906 censeo,
479 1873 535 1909 {qui
559 1874 713 1902 communis
736 1875 862 1903 utilitatis
888 1877 974 1912 gratia

191 1921 316 1956 privatim
333 1920 473 1947 elaborare
488 1920 650 1952 voluerunt;
665 1920 712 1947 sed
727 1924 755 1947 ut
769 1928 857 1956 neque
872 1925 911 1954 tu,
928 1930 974 1949 ne-

190 1974 244 2002 que
262 1966 377 1994 studiosi
399 1965 489 1992 cmteri
515 1965 543 1992 in
568 1965 720 1993 caelestium
746 1967 974 2002 contemplatione

190 2020 283 2040 rerum
294 2019 310 2039 a
326 2012 439 2039 veritate
453 2011 560 2046 longius
580 2011 765 2046 abhorreatls;
781 2013 855 2048 quod
875 2015 973 2042 merito

190 2058 325 2092 plerisque
345 2057 454 2084 accidit.
471 2056 539 2084 Nam
560 2057 683 2092 poeticus
704 2057 780 2092 lepor
795 2058 840 2092 iis,
855 2066 915 2094 qua:
930 2060 973 2087 di-

189 2107 299 2135 cuntur,
316 2103 408 2130 nescio
423 2109 503 2137 quam
533 2101 612 2128 fidem
629 2106 656 2129 et
670 2103 861 2131 auctoritatem
879 2105 973 2132 conci-

190 2149 250 2179 liat;
264 2156 296 2175 ac
308 2148 502 2183 propemodum
513 2155 617 2179 omnes,
633 2147 679 2183 qui
691 2152 800 2183 poetam
813 2149 885 2176 hunc
897 2157 972 2178 com-

1029 1556 1159 1582 δοκοῦντά
1172 1564 1217 1590 μοι
1243 1555 1455 1591 διημαρτῆσθαι.
1474 1553 1557 1580 Τοῦτο
1573 1553 1601 1580 δὲ
1619 1552 1732 1587 ποιῆσαι
1752 1560 1820 1586 ﬁgo—

1029 1601 1130 1637 εθέμην
1146 1602 1195 1628 οὐκ
1211 1603 1242 1628 ἐκ
1263 1601 1309 1629 τοῦ
1332 1602 1395 1632 τοὺς
1418 1601 1512 1632 ἄλλους
1536 1600 1657 1634 ἐλέγχειν
1667 1599 1819 1633 φαντασίαν

1029 1647 1231 1681 ἀπενέγκασθαι
1247 1646 1459 1682 προαιρούμενος
1471 1654 1477 1658 ·
1493 1644 1569 1671 κενὸν
1584 1644 1639 1679 γὰρ
1655 1644 1703 1670 καὶ
1720 1643 1820 1679 μικρό-

1028 1692 1112 1727 ψυχον
1129 1692 1283 1723 παντελῶς·
1310 1691 1464 1718 τούναντίον
1489 1690 1517 1717 δὲ
1543 1690 1598 1716 δεῖν
1612 1690 1705 1723 οἴομαι
1736 1689 1820 1715 πᾶσιν

1027 1738 1102 1774 ἡμᾶς
1116 1738 1295 1774 εὐχαριστεῖν,
1314 1738 1371 1764 ὅσοι
1389 1737 1437 1771 τῆς
1452 1736 1544 1771 κοινῆς
1567 1736 1660 1762 ἕνεκεν
1681 1735 1821 1769 ὠφελείας

1029 1784 1082 1810 ἴδια
1099 1783 1121 1799 ⁸³
1136 1784 1227 1810 πονεῖν
1245 1782 1435 1817 ἀναδεχόμενοι
1450 1781 1644 1816 τυγχάνουσιν·
1660 1779 1718 1806 ἀλλ’
1736 1779 1819 1805 ἕνεκα

1027 1830 1074 1857 τοῦ
1090 1831 1156 1866 μήτε
1170 1830 1211 1863 σὲ,
1228 1831 1296 1865 μήτε
1312 1829 1374 1860 τοὺς
1389 1829 1498 1859 λοιποὺς
1512 1827 1564 1853 τῶν
1577 1826 1738 1861 φιλομαθῶν
1753 1827 1819 1852 ἀπο-

1027 1876 1178 1903 πλανᾶσθαι
1193 1876 1242 1912 τῆς
1260 1875 1371 1911 περὶτὰ
1393 1874 1541 1909 φαινόμενα
1559 1873 1629 1899 κατὰ
1651 1872 1698 1898 τὸν
1715 1872 1818 1907 κόσμον

1027 1922 1160 1958 θεωρίας⁸
1184 1923 1254 1958 ὅπερ
1268 1921 1384 1955 εὐλόγως
1403 1920 1495 1947 πολλοὶ
1510 1918 1687 1946 πεπόνθασιν.
1709 1919 1743 1944 Ἡ
1764 1919 1817 1954 γὰρ

1026 1969 1080 1995 τῶν
1098 1968 1258 2003 ποιημάτων
1272 1968 1351 2003 χάρις
1367 1967 1534 1999 ἀξιοπιστίαν
1553 1966 1614 1992 τινὰ
1629 1966 1687 1996 τοῖς
1701 1965 1817 2000 λεγομέ-

1026 2023 1082 2046 νοις
1095 2013 1267 2050 περιτίθησι·
1292 2014 1340 2040 καὶ
1363 2014 1462 2044 πάντες
1485 2010 1577 2048 σχεδὸν
1597 2012 1622 2038 οἱ
1639 2012 1684 2038 τὸν
1701 2012 1816 2046 ποιητὴν

1026 2060 1119 2087 τοῦτον
1142 2059 1318 2095 ἐξηγούμενοι
1336 2059 1524 2094 προστίθενται
1538 2059 1595 2089 τοῖς
1610 2057 1656 2083 ὑπ’
1671 2056 1758 2083 αὑτοῦ
1772 2056 1816 2082 λε-

1026 2105 1160 2140 γομένοις.
1191 2105 1399 2140 Ἐμπειρότερον
1419 2105 1447 2131 δὲ
1467 2103 1580 2136 Εὔδοξος
1604 2103 1654 2138 τὴν
1672 2103 1761 2136 αὐτὴν
1777 2101 1815 2137 τῷ

1031 2151 1137 2187 Ἀράτῳ
1160 2151 1223 2186 περὶ
1245 2150 1298 2177 τῶν
1315 2150 1483 2185 φαινομένων
1505 2148 1629 2181 σύνταξιν
1654 2147 1810 2183 ἀναγέγρα-

190 2192 329 2220 mentariis
355 2193 413 2219 suis
435 2193 616 2225 illustrarunt,
641 2192 675 2220 iis
702 2200 762 2227 qua:
791 2194 826 2220 ab
850 2201 884 2222 eo
907 2202 972 2224 sunt

1030 2206 1082 2232 psv.
1099 2197 1222 2232 Εὐλόγως
1232 2195 1278 2224 οὖν
1293 2197 1339 2223 καὶ
1350 2198 1382 2223 ἐκ
1395 2196 1445 2231 τῆς
1467 2196 1520 2222 τῶν
1533 2195 1668 2221 τοσούτων
1687 2194 1737 2220 καὶ
1764 2201 1812 2229 τη-

223 2279 245 2296 ⁸⁷
264 2279 433 2315 ΐ.ὲξὴγησιν.
471 2279 495 2295 ⁸³
509 2279 529 2314 f.
548 2278 687 2311 Ἄτταλος.
727 2280 749 2296 δ’
767 2280 787 2315 f.
805 2280 868 2315 ἰδίᾳ.

189 2369 286 2406 nomiae
298 2372 382 2406 totam
392 2376 451 2396 eam
463 2374 566 2406 partem
577 2369 685 2406 duobus
697 2369 776 2398 libris
791 2371 967 2406 comprehen-

188 2405 275 2432 derat.
295 2404 398 2430 Aratus
411 2411 476 2431 vero
491 2404 596 2438 poetico
625 2405 718 2439 lepore
743 2404 882 2433 conditam
904 2413 968 2433 cum

188 2439 285 2467 iisdem
293 2439 366 2475 vitiis
383 2439 561 2473 periculosius
576 2440 657 2466 etiam
684 2440 717 2466 ad
732 2445 856 2475 posteros
880 2445 971 2467 trans.

192 2475 315 2502 miserat.
333 2474 467 2509 WAcCessit
478 2478 504 2500 et
520 2475 616 2502 tertius
632 2475 724 2501 Aratei
734 2474 875 2509 poematis
888 2476 970 2503 inter-

189 2517 261 2550 pres,
273 2509 319 2545 qui
332 2508 489 2550 Hipparchi,
505 2512 536 2535 ut
553 2510 659 2550 opiuor,
677 2508 787 2550 szcculo.
809 2511 968 2550 paulo_ante

188 2543 289 2580 ipsum,
306 2543 565 2580 connnentariosad
583 2544 657 2580 illum
678 2543 818 2580 auctorem
846 2546 967 2580 scripSe-

189 2578 241 2612 rat,
253 2578 360 2607 Attalus
379 2578 592 2614 grammaticum
609 2578 710 2605 Contra
738 2579 788 2607 hos
814 2583 870 2608 tres
898 2578 967 2614 opus

188 2614 260 2641 istud
272 2613 442 2641 elucubravit.
468 2613 648 2648 Hipparchus,
665 2621 697 2640 ac
717 2617 804 2641 totum
826 2613 968 2641 distribuit

187 2649 215 2676 in
240 2649 325 2677 libros
348 2653 414 2676 tres.
439 2648 547 2676 Primus
573 2649 651 2675 initio
677 2649 841 2676 testimoniis
864 2651 968 2684 aliquot

188 2684 315 2717 ostendit,
325 2685 435 2712 Aratum
443 2684 477 2711 ab
486 2683 694 2719 liudotomutuo
700 2684 790 2719 omnia
798 2683 965 2719 sumpsisse;

188 2719 228 2754 sic
245 2724 274 2746 ut
289 2721 318 2746 in
339 2719 431 2747 multis
444 2718 631 2746 tantummodo
650 2718 847 2753 paraphrasten
864 2718 964 2754 egerit.

187 2753 252 2780 Post
263 2754 404 2781 amborum
427 2758 515 2781 errata
533 2757 609 2780 notat
624 2754 651 2780 in
670 2754 757 2781 stellis
772 2762 819 2788 per
842 2753 913 2786 sese,
939 2759 966 2781 et

186 2795 280 2815 earum
295 2790 359 2819 situ,
371 2789 414 2816 vel
423 2789 618 2824 descriptione,
650 2796 701 2816 nec
718 2796 772 2816 non
795 2789 889 2821 Attali.
915 2791 963 2824 qui

186 2824 330 2858 utriusque
341 2824 453 2858 vestigia
471 2830 630 2859 persecutus
646 2828 700 2858 est,
730 2825 846 2852 maxime
872 2829 962 2853 autem

1018 2370 1047 2397 in
1069 2369 1238 2397 delineaudis
1251 2369 1397 2405 parallelis,
1411 2369 1528 2404 aliisque
1541 2369 1655 2398 circulis
1670 2370 1814 2398 aberrasse

1021 2406 1159 2432 convincit
1169 2413 1276 2431 otnnes.

1057 2439 1199 2476 Secundus
1211 2440 1280 2466 liber
1294 2439 1421 2466 bifariam
1446 2444 1538 2476 sectus
1554 2442 1606 2466 est.
1626 2438 1718 2467 Prima
1749 2448 1811 2476 pars

1019 2476 1102 2502 trium
1118 2475 1226 2501 illorum
1252 2480 1363 2509 peccata
1386 2475 1504 2509 castigat
1530 2475 1557 2501 in
1581 2478 1720 2502 astrorum
1746 2475 1810 2502 m—

1019 2511 1171 2542 ανατολαῖς,
1185 2509 1232 2536 καὶ
1248 2510 1475 2543 συγκαταδύσεσι,
1490 2517 1561 2545 quos
1571 2515 1691 2541 coortus,
1703 2515 1809 2537 etcooc-

1019 2554 1096 2572 casus
1107 2545 1243 2579 appellare
1259 2545 1341 2576 licet;
1366 2545 1502 2580 posterior
1533 2545 1568 2572 de
1584 2545 1683 2572 iisdem
1703 2547 1759 2580 agit
1774 2554 1807 2572 ex

1018 2581 1056 2607 rei
1073 2581 1196 2612 veritate,
1207 2586 1234 2607 et
1250 2580 1379 2614 opinione
1391 2587 1441 2606 sua
1461 2581 1621 2608 constitutis
1642 2580 1669 2607 in
1688 2581 1806 2608 boreali-

1018 2615 1070 2642 bus
1085 2615 1246 2642 asterismis.

1053 2649 1161 2677 Tertius
1177 2649 1337 2677 australium
1366 2650 1571 2677 asterismorum
1591 2653 1670 2677 ortus
1685 2654 1714 2677 et
1729 2658 1806 2678 occa-

1018 2692 1066 2713 sus
1082 2685 1216 2720 explicat;
1234 2684 1331 2711 deinde
1342 2685 1485 2712 duodecim
1502 2685 1652 2719 imaginum
1666 2690 1744 2713 ortus
1761 2686 1805 2712 itiv

1017 2719 1077 2746 dem
1097 2719 1125 2756 et
1133 2727 1266 2756 occasus;
1282 2724 1420 2754 postremo
1434 2721 1467 2748 de
1480 2721 1631 2747 intervallis
1643 2722 1803 2756 asterismof

1016 2755 1210 2792 rumrdisserit,
1238 2755 1338 2789 quibus
1365 2755 1493 2783 horarum
1518 2755 1801 2792 quatuoretjiginti

1016 2791 1104 2826 spatia
1117 2790 1298 2825 complentur.
1526 2789 1535 2791 ⁷
1694 2789 1705 2793 ’
