1913 3136
113 147 186 176 1015

610 151 792 180 HIPPARCHI
814 152 861 179 Al)
879 152 1106 180 PHE‘NOMENA
1124 154 1186 182 LIB.
1201 155 1221 181 1.

1666 161 1738 193 “lli

110 204 154 237 τῷ
166 204 380 239 ἐπιγραφομένῳ
398 205 544 240 Ἑνόπτρῳ
558 207 602 234 τὸν
614 209 742 244 τροπικὸν
756 209 901 244 τέμνεσθαι

959 217 1032 244 ἶιιοηι
1059 211 1228 246 Ἔνοπτρον
1251 211 1405 248 inscripsit,
1431 214 1565 249 tropicum
1589 216 1626 243 ita
1647 220 1733 245 secari

111 258 199 286 φησιν
209 249 306 282 οὕτως,
322 250 392 278 ὥστε
406 251 483 287 λόγον
498 253 569 288 ἔχειν
581 254 614 280 τὰ
628 258 757 292 τμήματα
775 256 841 291 πρὸς
856 256 902 283 ἄλ-

111 296 184 332 ληλα
199 297 243 324 τὸν
256 298 348 330 αὐτὸν,
363 296 419 324 οἷον
434 298 490 334 ἔχει
506 300 540 327 τὰ
558 303 579 327 ε’
595 301 663 336 πρὸς
677 302 710 328 τὰ
727 305 762 336 γ’.

151 355 190 381 Δ¹.
207 356 268 382 ’Ὁτι
287 355 335 391 μὲν
351 353 398 383 οὖν
409 357 515 392 Εὐδόξῳ
529 358 748 394 ἐπακολουθήσας
759 360 773 386 ὁ
786 361 902 395 Ἀρατος

113 401 264 436 συντέταχε
281 402 314 428 τὰ
328 403 503 438 Φαινόμενα,
516 405 615 436 ἱκανῶς
629 403 704 441 οἶμαι
714 405 847 432 δεικνύναι
859 406 903 433 διὰ

112 447 170 474 τῶν
184 449 405 484 προειρημένων·
423 450 452 476 ἐν
466 447 507 481 οἷς
525 450 553 476 δὲ
575 450 765 478 διαπίπτουσιν
780 449 852 479 οὗτοί
872 460 902 480 τε

113 494 163 520 καὶ
173 494 198 520 οἱ
210 496 475 531 συνεπιγραφόμενοι
488 497 589 529 αὐτοῖς,
600 495 636 525 ὧν
647 499 704 525 ἐστι
718 499 765 526 καὶ
779 499 793 525 ό
805 500 902 527 Ἀττα-

113 539 172 571 λος,
189 539 235 566 νῦν
250 541 426 577 ὑποδείξομεν
439 551 447 558 ·
463 542 637 579 ἐκθησόμεθα
653 544 681 571 δὲ
692 545 793 577 εὐθέως
811 546 858 572 καὶ
873 547 902 573 ὲν

113 582 157 616 οἷς
171 585 223 622 ἰδίᾳ.
234 587 348 618 ἕκαστος
362 587 452 614 αὐτῶν
468 589 656 625 διαμαρτάνει.
671 591 843 626 Προληπτέον
862 592 901 623 δὲ,

112 631 183 659 διότι
206 633 338 664 Ἄτταλος
362 634 429 660 πᾶσι
453 635 545 670 σχεδὸν
565 637 621 668 τοῖς
642 636 694 662 ὑπὸ
718 637 771 666 τοῦ,
788 638 901 673 Ἀράτου

113 677 273 713 λεγομένοις
290 679 354 714 περὶ
373 679 426 707 τῶν
447 681 580 716 οὐρανίων
600 684 845 718 συνεπιγράφεται,
864 685 902 716 ὡς

114 724 279 759 συμφώνως,
293 727 350 757 τοῖς
372 726 544 762 φαινομένοις
561 727 607 754 ὐπ’
629 728 711 755 αὐτοῦ
735 729 901 764 λεγομένοις,

115 770 188 805 πλὴν
205 771 246 805 ἐφ’
262 771 321 803 ἑνὸς
340 773 387 799 καὶ
409 773 551 809 δευτέρου”
569 774 587 801 ἃ.
609 775 641 810 δὴ
661 775 708 802 καὶ
727 776 905 812 ὑποδεῐξομεν.

114 816 146 842 ἐν
167 818 224 849 τοῖς
246 817 354 853 ἐφεξῆς.
386 819 466 853 Λέγει
484 820 549 854 γοῦν
582 821 611 848 ἐν
632 821 670 856 τῷ
703 822 835 857 προοιμίῳ
857 822 902 849 τὸν

114 864 217 899 τρόπον
234 864 345 891 τοῦτον·
370 874 379 890 α
392 865 437 893 Διὸ
457 866 489 901 δὴ
510 868 570 895 τότε
596 867 642 894 τοῦ
662 869 775 904 Ἀράτου
801 868 902 904 βιϐλίον

113 908 357 945 ὲξαπεστάλκαμέν
370 920 411 938 σοι
425 912 611 948 διωρθωμένον
627 914 672 948 ὑφ’
686 914 776 949 ἡμῶν,
791 915 838 941 καὶ
852 915 902 949 τὴν

114 955 249 991 ἐξήγησιν
274 957 373 989 αὑτοῦ,
387 960 442 990 τοῖς
463 968 492 985 τε
510 960 683 995 φαινομένοις
705 960 808 988 ἕκαστα
831 961 901 996 σύμ-

115 1010 194 1036 ιρωνα
214 1004 375 1039 ποιήσαντες
389 1005 434 1032 καὶ
448 1007 503 1038 τοῖς
519 1006 571 1032 ὑπὸ
586 1007 633 1033 τοῦ
652 1006 764 1042 ποιητοῦ
779 1016 903 1043 γεγραμ-

116 1049 211 1084 μένοις
224 1049 356 1076 ὰιόλουθα
380 1061 388 1076 ι
406 1051 460 1078 Καὶ
480 1052 559 1079 πάλιν
576 1053 639 1088 ὲξῆς
662 1061 744 1088 φησι·
762 1063 771 1079 ι
783 1053 859 1089 Τάχα
872 1054 902 1080 δέ

114 1102 190 1125 τινες
203 1095 360 1130 ἐπιζητοῦσι
372 1095 422 1122 τίνι
435 1096 505 1132 λόγῳ
521 1097 675 1129 πεισθέντες
691 1099 780 1133 φαμὲν
792 1098 903 1125 ἀκολού-

114 1139 173 1170 θως
187 1141 220 1175 τῇ
242 1139 290 1167 τοῦ
312 1141 425 1177 ποιητοῦ
445 1143 601 1178 προαιρέσει
622 1143 670 1179 τὴν
693 1144 834 1179 διόρθωσιν
855 1145 901 1171 τοῦ

116 1184 224 1220 βιϐλίου
241 1187 415 1222 πεποιῆσθαι.
433 1188 526 1223 Ἡμεῖς
538 1189 567 1215 δὲ
583 1190 800 1225 ἀναγκαιοτάτην
813 1191 903 1217 αἰτίαν

115 1232 280 1267 ἀποδίδομεν
294 1233 342 1269 τὴν
356 1234 401 1260 τοῦ
424 1235 536 1269 ποιητοῦ
559 1236 726 1270 συμφωνίαν.
745 1245 754 1262 ι
769 1236 902 1272 Τοιαύτην

115 1275 164 1303 οὖν
178 1277 285 1313 ἔχοντος
296 1279 342 1306 τοῦ
361 1281 487 1308 Ἀττάλου
502 1281 551 1317 τὴν
567 1282 701 1317 διάληψιν,
719 1283 770 1309 ὃσα
788 1283 821 1310 ἂν
835 1283 902 1310 ἁπο-

115 1322 284 1360 δεικνύωμεν
298 1325 352 1352 τῶν
364 1326 416 1353 ὑπὸ
424 1326 471 1353 τοῦ
490 1327 603 1363 ’Λράτου
618 1329 662 1355 καὶ
678 1328 793 1362 Εὐδόξου
807 1329 903 1360 κοινῶς

115 1369 272 1403 λεγομένων
285 1370 472 1404 διαφωνοῦντα
486 1373 553 1407 πρὸς
567 1373 602 1399 τὰ
618 1374 777 1409 φαινόμενα,
797 1374 837 1400 δεῖ
850 1374 904 1401 δια-

115 1414 268 1449 λαμϐάνειν
280 1417 326 1442 καὶ
339 1416 383 1443 τὸν
397 1417 527 1444 Ἄτταλον
544 1419 608 1454 περὶ
622 1418 677 1446 τῶν
690 1419 778 1446 αὐτῶν
788 1420 904 1455 διημαρ-

114 1460 242 1496 τημένως
259 1463 533 1498 συναποφαινόμενον.

952 256 1042 288 docet,
1063 261 1091 283 ut
1109 264 1140 283 ea
1159 258 1194 284 sit
1212 258 1282 285 ratio
1299 263 1501 293 segmentorum
1524 262 1596 289 inter
1616 270 1655 294 se,
1675 272 1735 291 uitae

951 306 992 330 est
1004 303 1020 329 5
1033 303 1064 330 ad
1081 303 1108 330 5.

990 360 1064 395 101
1083 361 1124 388 IV.
1135 361 1246 388 Aratum
1256 362 1339 397 igitur
1347 362 1459 391 Euooxo
1468 364 1494 390 in
1503 365 1629 392 omnibus
1640 373 1734 393 asseu-

953 405 1062 433 tientem
1091 406 1268 434 Phasnomena
1293 416 1342 436 sua
1369 410 1577 444 conscripsisse,
1603 411 1670 438 satis
1692 419 1736 438 me

954 452 1072 479 arbitror
1085 453 1217 481 hactenus
1231 454 1394 482 ostendisse.
1424 455 1502 482 Nunc
1517 460 1551 483 ea‘
1559 457 1735 484 'demonstra—

952 498 1052 530 bimus,
1079 499 1108 526 in
1136 501 1236 535 quibus
1264 505 1319 528 tam
1351 501 1511 530 aberrarunt
1536 503 1616 530 iidem
1643 503 1733 534 ambo.

952 552 1035 579 quam
1053 545 1099 579 qui
1114 545 1168 572 illis
1187 546 1411 581 subscripserunt
1427 556 1433 574 :
1454 555 1469 574 e
1483 547 1582 582 quibus
1600 551 1640 574 est
1657 548 1735 574 Atta-

953 589 1006 616 lus.
1024 590 1128 622 Quibus
1148 598 1180 617 ea
1201 590 1328 627 deinceps
1348 592 1516 627 adjiciemus.
1535 601 1595 628 quin
1611 594 1735 628 privatim

953 635 987 662 ab
1004 642 1169 671 un0quoque
1183 641 1294 671 peccata
1317 642 1391 665 sunt.
1412 638 1465 666 Sed
1484 639 1549 666 illud
1569 643 1647 666 antea
1662 640 1736 674 cogi-

953 681 1065 708 tandum
1088 686 1129 710 est
1147 691 1153 709 :
1170 681 1287 710 Attalum
1303 684 1431 711 omnibus
1448 683 1514 716 fere,
1533 693 1593 719 qua:
1606 685 1640 712 ab
1653 685 1736 712 Arato

953 727 1111 754 cwlestibus
1132 727 1166 755 de
1189 728 1272 756 rebus
1289 729 1397 764 prodita
1419 734 1494 762 sunt,
1516 730 1656 761 assentiri.
1675 734 1736 757 tan-

953 780 1034 807 quam
1062 776 1136 800 recte
1159 778 1186 799 et
1215 777 1398 809 congruenter
1429 775 1474 807 iis,
1501 783 1562 810 qua:
1593 779 1735 810 apparent,

953 818 1088 853 explicata
1113 819 1233 852 fuerint;
1256 819 1279 847 si
1302 827 1386 847 unum
1411 821 1454 848 vel
1476 821 1589 848 alterum
1603 821 1735 856 excipias.

953 865 986 892 de
1009 865 1108 899 quibus
1133 870 1225 900 postea
1251 865 1367 894 dicetur.
1386 866 1432 893 Sic
1450 866 1532 902 igitur
1552 867 1579 893 in
1604 867 1745 902 procemio.

956 911 1075 946 loquitur
1094 911 1201 939 Attalus
1231 921 1237 939 :
1265 921 1275 938 ι
1301 912 1446 947 Propterea
1467 920 1517 940 nos
1540 912 1615 939 Arati
1636 912 1739 940 librum

953 957 987 985 ad
1008 961 1034 985 te
1051 957 1175 986 misimus
1189 958 1362 986 emendatum
1377 965 1392 985 a
1407 959 1496 991 nobis,
1511 966 1565 986 una
1584 966 1646 986 cum
1663 959 1745 990 illius,

955 1003 1187 1040 interpretatione,
1215 1004 1283 1032 adeo
1311 1008 1341 1032 ut
1367 1008 1394 1032 et
1422 1004 1590 1040 apparentiis
1620 1012 1738 1032 consen-

954 1054 1035 1077 tanea
1058 1053 1092 1078 eL
1113 1057 1175 1077 cum
1195 1053 1282 1085 poeta;
1303 1050 1461 1078 narratione,
1485 1050 1664 1085 congruentia
1681 1050 1737 1077 sin-

954 1097 1016 1132 gula
1040 1095 1203 1126 faceremus.
1225 1106 1235 1122 ι
1255 1096 1326 1124 idem
1349 1097 1478 1132 deinceps
1495 1096 1529 1124 ad
1549 1103 1610 1124 eum
1627 1096 1745 1125 modum.

955 1143 1049 1170 scribit
1079 1150 1085 1167 :
1110 1151 1119 1168 ι
1151 1142 1278 1175 Qumrent
1303 1142 1387 1177 aliqui
1411 1142 1527 1169 fortasse
1553 1149 1606 1176 qua
1632 1141 1739 1168 ratione

954 1188 1017 1216 freti
1040 1188 1200 1221 dixerimus,
1216 1193 1400 1217 consentanea
1421 1192 1507 1223 poetae
1521 1188 1661 1223 proposito
1676 1188 1738 1216 libri

955 1244 1005 1263 nos
1028 1235 1102 1263 illius
1128 1235 1345 1265 emendationem
1372 1235 1535 1262 instituisse.
1560 1234 1648 1269 llujus
1674 1242 1738 1261 vero

956 1289 1067 1309 causam
1078 1289 1128 1310 nos
1147 1281 1311 1317 praecipuam
1332 1281 1504 1313 adducimus,
1519 1284 1606 1315 poetae
1622 1288 1739 1307 consen-

956 1328 1071 1356 sionem.
1107 1337 1117 1354 t
1140 1328 1208 1356 Cum
1241 1328 1298 1355 haec
1328 1328 1409 1354 Attali
1434 1327 1567 1354 sententia
1592 1327 1638 1358 sit,
1668 1335 1738 1361 qua:-

956 1383 1064 1410 cunque
1084 1375 1119 1402 ab
1145 1374 1237 1407 Arato,
1259 1375 1301 1402 vel
1329 1375 1441 1402 Eudoxo
1466 1373 1645 1401 communiter
1664 1373 1742 1401 dicta.

956 1420 1069 1448 minime
1097 1428 1158 1448 cum
1187 1421 1353 1456 apparentiis
1385 1420 1531 1447 convenire
1568 1416 1738 1446 demonstra-

958 1467 1058 1499 bimus.
1075 1467 1170 1495 eadem
1187 1467 1220 1494 ab
1237 1466 1328 1494 Attalo
1343 1474 1450 1501 quoque
1467 1465 1615 1505 putandum
1636 1465 1737 1499 scripta

955 1521 1016 1541 esse
1031 1513 1172 1540 mendose.

154 1559 192 1593 Εζ.
211 1560 322 1595 Πρῶτον
340 1561 389 1596 μὲν
407 1559 453 1588 οὖν
472 1563 486 1588 ό
508 1562 625 1597 ’Ἄρατος
644 1562 749 1597 ἀγνοεῖν
767 1571 811 1598 μοι
833 1563 904 1590 δοκεῖ

993 1568 1026 1596 ν.
1044 1568 1166 1596 Primum
1180 1568 1262 1604 igitur
1270 1569 1369 1595 Aratus
1383 1568 1408 1594 in
1420 1567 1514 1595 mundi
1532 1567 1585 1594 situ
1596 1567 1746 1594 aberrasse

115 1605 149 1632 ιώ
176 1605 293 1641 ἕγκλιμα
306 1606 353 1633 τοῦ
376 1607 489 1642 κόσμου,
513 1608 630 1643 νομίζων
645 1610 674 1635 ὲν
690 1610 745 1641 τοῖς
768 1609 831 1644 περὶ
857 1608 905 1645 τὴν

122 1651 240 1685 Ἐλλάδα
256 1653 348 1684 τόποις
372 1653 490 1680 τοιοῦτον
513 1652 592 1687 εἶναι,
611 1654 680 1682 ὥστε
697 1656 746 1687 τὴν
775 1655 905 1692 μεγίστην

116 1697 228 1733 ἡμέραν
253 1698 330 1733 λόγον
347 1699 418 1734 ἔχειν
438 1700 505 1735 πρὸς
521 1700 570 1736 τὴν
587 1701 730 1736 ἐλαχίστην
752 1701 797 1728 τὸν
814 1701 903 1734 αὐτὸν,

116 1745 149 1772 ὃν
163 1745 218 1780 ἔχει
233 1745 268 1772 τὰ
279 1749 300 1772 ε’
319 1742 387 1781 πρὸς
407 1746 441 1773 τὰ
456 1750 489 1781 γ’.
509 1748 588 1782 Λέγει
604 1749 657 1784 γὰρ
671 1749 718 1775 ἐπὶ
737 1748 784 1775 τοῦ
800 1748 905 1786 θερινοῦ

117 1792 252 1827 τροπικοῦ
265 1800 272 1807 ⁸

121 1871 180 1899 Τοῦ
197 1871 255 1905 μὲν
270 1871 344 1898 ὅσον
358 1881 390 1899 τε
402 1872 535 1906 μάλιστα
551 1873 587 1900 δι’
600 1872 676 1899 ὀκτὼ
691 1874 888 1906 μετρηθὲντος

118 1905 216 1934 Πέντε
226 1906 284 1942 μὲν
299 1907 383 1934 ἐνδια
395 1905 563 1942 ἁτρέφεται,
576 1908 625 1935 καί
641 1905 787 1942 ὑπέρτερα
802 1908 905 1941 γαίης·

122 1942 164 1968 Τὰ
182 1942 249 1975 τρία
264 1941 293 1968 '6‘
307 1943 341 1968 ἐν
355 1945 478 1977 περάτῃ.

159 2019 347 2053 Συμφωνεῖται
360 2019 402 2054 δὴ.
411 2020 478 2046 διότι
494 2021 522 2046 ὲν
536 2021 584 2056 μὲν
593 2021 649 2052 τοῖς
660 2020 725 2056 περὶ
736 2021 785 2056 τὴν
797 2020 907 2047 Ἐλλάδα

119 2064 217 2095 τόποις
235 2065 249 2090 ό
272 2065 389 2099 γνώμων
410 2065 489 2099 λόγον
514 2065 570 2100 ἔχει
589 2065 658 2101 πρὸς
676 2066 725 2101 τὴν
749 2066 907 2101 ἱσημερινὴν

121 2110 215 2143 σκιὰν,
236 2110 265 2137 ὃν
282 2110 337 2146 ἔχει
353 2111 387 2138 τὰ
403 2111 524 2147 τέσσαρα
546 2111 614 2148 πρὸς
632 2112 673 2144 τὰ,
686 2112 760 2148 τρία.
787 2113 859 2139 Ἐκεῖ
876 2113 908 2148 δὴ

118 2157 213 2184 τοίνυν
227 2157 244 2192 ἡ
261 2157 375 2192 μεγίστη
394 2157 485 2192 ἡμέρα
506 2157 580 2184 ἐστὶν
598 2157 677 2193 ὡρῶν
699 2158 863 2195 ίσημερινῶν
879 2157 907 2185 ιδ’

120 2203 172 2229 καὶ
193 2206 218 2236 γ’
238 2203 351 2237 ἔγγιστα
377 2203 604 2238 πεμπτημορίων.
622 2202 658 2229 Τὸ
683 2202 711 2229 δὲ
733 2202 839 2239 ἐξαρμα
861 2203 907 2230 τοῦ

121 2250 207 2276 πόλου
227 2249 329 2285 μοιρῶν
351 2248 390 2281 λζ’
405 2249 442 2280 ὡς
465 2248 589 2283 ἔγγιστα.
612 2250 698 2277 Ὅπου
717 2249 745 2276 δὲ
758 2251 775 2285 ἡ
793 2251 907 2286 μεγίστη

119 2296 217 2332 ἡμέρα
237 2295 316 2330 λόγον
340 2296 396 2331 ἔχει
419 2296 487 2333 πρὸς
508 2296 556 2331 τὴν
572 2297 729 2332 ἐλαχίστην,
747 2297 776 2324 ὃν
800 2298 856 2333 ἔχει
876 2298 910 2324 τὰ

121 2345 143 2368 ε’
161 2341 229 2377 πρὸς
243 2342 277 2368 τὰ
291 2345 325 2376 γ’,
336 2343 394 2369 ἐκεῖ
409 2343 425 2377 ὴ
443 2342 492 2377 μὲν
508 2343 624 2378 μεγίστη
641 2343 732 2378 ήμέρα
747 2344 820 2370 ἐστὶν
831 2343 910 2379 ὡρῶν

123 2390 174 2414 ιε”
189 2387 219 2413 τὸ
231 2387 259 2412 δὲ
273 2386 381 2422 ἕξαρμα
397 2387 451 2413 τοῦ.
463 2387 544 2413 πόλου
559 2387 660 2422 μοιρῶν
672 2391 716 2422 μα’
732 2387 769 2418 ὡς
786 2387 909 2422 ἔγγιστα.

122 2432 211 2466 Δῆλον
223 2432 323 2463 τοίνυν,
333 2432 373 2458 ὅτι
385 2432 416 2459 οὑ
428 2431 540 2458 δυνατὸν
552 2432 581 2458 ὲν
595 2433 651 2463 τοῖς
665 2432 728 2467 περὶ
739 2431 788 2467 τὴν
800 2431 912 2461 Ἐλλάδα

122 2477 173 2503 τὸν
189 2477 388 2512 προειρημένον
404 2475 474 2503 εἶναι
491 2476 570 2510 λόγον
587 2476 639 2511 τῆς
658 2477 789 2512 μεγίστης
806 2477 912 2512 ἡμέρας

124 2523 197 2559 πρὸς
211 2523 261 2559 τὴν
285 2522 440 2559 ἐλαχίστην,
456 2522 525 2550 ἀλλὰ
543 2523 642 2558 μᾶλλον
655 2524 684 2549 ὲν
710 2524 766 2554 τοῖς
781 2523 846 2558 περὶ
867 2523 912 2549 τὸν

132 2569 332 2604 Ἑλλήσποντον
354 2569 457 2600 τόποις.
477 2569 606 2603 Καίτοιγε
627 2570 641 2595 ὁ
660 2569 708 2604 μὲν
721 2569 849 2604 Ἄρατος,
863 2568 913 2595 οὐκ

126 2615 177 2649 ἀφ’
190 2616 288 2641 ἑαυτοῦ
301 2615 392 2650 κρίσιν
408 2615 471 2650 περὶ
486 2615 541 2645 τῶν
555 2615 682 2641 τοιούτων
701 2614 912 2650 προφερόμενος,

127 2661 270 2697 γέγραφεν
284 2682 290 2693 ,
310 2661 378 2687 ἀλλὰ
400 2661 439 2696 τῷ
453 2661 562 2696 Εὐδόξῳ
578 2661 626 2687 καὶ
649 2661 713 2696 περὶ
735 2660 829 2687 τούτου
847 2669 913 2686 κατ-

126 2708 314 2744 ακολουθήσας
324 2717 331 2723 ·
351 2709 375 2735 εἰ
387 2708 415 2735 δὲ
429 2709 476 2736 καὶ
490 2709 536 2744 ἀφ’
553 2707 649 2735 ἑαυτοῦ
660 2707 808 2743 γέγραφεν,
818 2708 847 2733 οὺ
859 2707 915 2734 δια-

128 2756 259 2791 captaa;
279 2756 306 2781 ὲν
318 2755 403 2787 ποίοις
413 2756 487 2782 ἐστὶν
501 2757 517 2792 ὴ
531 2755 714 2792 προειρημένη
736 2754 855 2789 ἔγκλισις
867 2753 914 2781 τοῦ

129 2804 254 2838 κόσμου,
283 2802 353 2838 τάχα
381 2802 414 2829 ἂν
442 2802 512 2830 κατὰ
535 2811 567 2837 γε
590 2802 669 2828 τοῦτο
692 2801 859 2836 διακρούοιτο
885 2800 915 2826 τὸ

128 2849 269 2885 ἔγκλημα.
313 2848 341 2874 '0
372 2848 494 2883 μέντοιγε
527 2848 658 2880 ’Λτταλος
696 2847 915 2883 ὁμολογουμένως

955 1616 1065 1643 videtur
1085 1625 1090 1642 :
1111 1615 1157 1651 qui
1172 1615 1304 1650 ejusmodi
1323 1615 1399 1642 illum
1416 1622 1478 1642 esse
1496 1618 1572 1648 putat
1583 1613 1611 1640 in
1622 1612 1737 1646 Gra'cia,

959 1665 989 1689 ut
1000 1662 1118 1689 maxima
1133 1662 1192 1689 dies
1201 1669 1261 1691 eam
1277 1661 1311 1688 ad
1325 1661 1464 1688 minimam
1481 1659 1612 1688 rationem
1629 1659 1736 1691 habeat.

956 1715 1037 1742 quam
1058 1708 1178 1743 quinque
1194 1708 1294 1735 habent
1309 1706 1343 1734 ad
1359 1706 1420 1733 tria.
1436 1704 1503 1732 Nam
1523 1705 1558 1732 de
1577 1704 1670 1731 aestivo
1685 1707 1741 1731 ιτοε

956 1755 1016 1789 piCO
1031 1754 1070 1781 sic
1081 1754 1201 1789 loquitur
1216 1763 1223 1780 :

961 1875 1016 1903 "ac
1031 1884 1105 1907 sane,
1119 1880 1233 1909 quantus
1243 1879 1356 1910 quantus
1371 1879 1421 1905 est,
1437 1875 1464 1900 in
1477 1877 1533 1900 octo
1546 1876 1633 1907 partes
1644 1871 1737 1904 diuiso,

959 1911 1078 1945 Quinque
1092 1910 1195 1944 quidem
1208 1912 1345 1936 volvuntur
1355 1917 1435 1943 supra
1453 1913 1548 1935 teriam
1563 1916 1573 1941 ,-

959 1946 1022 1972 Tres
1037 1950 1124 1972 autem
1139 1945 1222 1979 infra.

994 2024 1043 2052 Est
1063 2027 1153 2051 autem
1177 2023 1248 2059 apud
1272 2031 1367 2051 omnes
1386 2023 1414 2050 in
1433 2022 1572 2054 confesso,
1588 2021 1616 2048 in
1630 2020 1741 2048 Graeciae

959 2073 1050 2097 tractu
1065 2076 1227 2104 gnomonem
1252 2068 1324 2096 hanc
1339 2068 1372 2095 ad
1385 2066 1600 2103 aequinoctialem
1617 2066 1741 2092 umbram

960 2115 1163 2150 proportionem
1183 2113 1299 2145 habere,
1325 2121 1386 2148 qua:
1410 2116 1452 2139 est
1472 2115 1589 2146 quatuor
1613 2110 1647 2137 ad
1677 2109 1739 2136 tria.

960 2160 1050 2194 Quare
1078 2160 1176 2188 ibidem
1207 2159 1325 2187 maxima
1352 2158 1411 2186 dies
1437 2158 1566 2184 horarum
1591 2160 1632 2184 est
1657 2156 1741 2190 aequi-

924 2224 946 2254 D
963 2207 1120 2234 noctialium
1136 2207 1169 2233 14
1189 2209 1216 2233 et
1241 2205 1282 2232 ’ὅθ’
1298 2204 1417 2232 circiter.
1433 2203 1492 2254 Poli
1516 2207 1608 2254 autem.
1627 2201 1741 2254 alti-tudo

961 2253 1078 2287 partium
1094 2258 1136 2279 est
1151 2251 1206 2279 fere
1224 2250 1267 2278 57.
1287 2250 1322 2276 At
1345 2250 1391 2277 ubi
1410 2249 1534 2276 maximae
1556 2248 1610 2275 diei
1628 2248 1697 2274 ratio
1708 2247 1742 2274 ad

962 2297 1151 2325 brevissimam
1171 2296 1305 2329 eiusmodi
1321 2299 1374 2328 est,
1392 2294 1481 2330 qualis
1493 2297 1534 2321 est
1544 2294 1562 2320 5
1576 2293 1610 2320 ad
1620 2292 1648 2323 3,
1664 2292 1701 2319 ibi
1715 2295 1743 2319 et

962 2343 1021 2370 dies
1043 2342 1160 2369 maxima
1184 2341 1314 2368 horarum
1335 2346 1377 2369 est
1399 2340 1442 2372 15,
1468 2343 1495 2367 et
1516 2339 1594 2374 polus
1613 2338 1742 2374 gradibus

961 2390 992 2415 41
1010 2388 1120 2416 circiter
1135 2387 1278 2414 attollitur.
1295 2387 1414 2422 Apparet
1427 2393 1492 2421 ergo
1509 2385 1566 2413 ﬁeri
1579 2392 1634 2411 non
1650 2390 1741 2418 posse,

963 2439 994 2462 ut
1013 2435 1039 2461 in
1060 2433 1163 2461 Graecia
1181 2433 1253 2460 ratio
1272 2433 1318 2460 illa
1339 2433 1374 2460 sit
1393 2432 1519 2459 maxima
1537 2431 1589 2458 diei
1612 2430 1645 2457 ad
1667 2430 1744 2457 mini-

962 2487 1056 2513 mam,
1085 2479 1132 2507 sed
1159 2479 1249 2514 potius
1272 2479 1299 2506 id
1325 2479 1352 2506 in
1376 2478 1543 2513 Hellesponti
1563 2480 1650 2504 tractu
1677 2483 1741 2502 eon-

963 2526 1076 2560 tingere.
1104 2523 1265 2559 Quanquam
1286 2532 1339 2551 non
1358 2532 1391 2551 ex
1413 2527 1509 2558 suopte
1525 2522 1628 2556 judicio
1651 2522 1685 2548 iis
1710 2523 1744 2548 de

962 2571 1045 2599 rebus
1062 2571 1243 2606 pronuntians
1266 2571 1318 2598 ista
1333 2570 1444 2604 scripsit
1456 2569 1572 2600 Aratus;
1588 2567 1633 2594 sed
1648 2566 1675 2593 in
1690 2566 1744 2593 illis

963 2619 1045 2646 etiam
1067 2617 1190 2645 imitatus
1212 2617 1364 2644 Eudoxum.
1388 2615 1465 2649 Quod
1489 2614 1511 2641 si
1536 2612 1668 2648 judicium
1687 2611 1745 2649 ipse

965 2672 1047 2692 suum
1068 2663 1274 2699 interposuerit,
1307 2667 1396 2690 tamen
1422 2669 1484 2689 cum
1507 2660 1534 2687 id
1555 2667 1608 2686 non
1633 2666 1745 2693 expres-

965 2711 1049 2744 serit,
1072 2710 1237 2745 quibusnam
1265 2708 1421 2744 regionibus
1442 2706 1521 2733 talem
1545 2704 1605 2732 catli
1628 2705 1745 2738 positum

966 2757 1137 2788 attribuerit,
1173 2756 1226 2783 hac
1247 2755 1352 2783 ratione
1382 2753 1489 2788 culpam
1512 2759 1528 2778 a
1553 2758 1583 2778 se
1606 2750 1749 2784 deprecari,

966 2803 1082 2830 videtur.
1101 2802 1207 2830 Attalus
1228 2809 1292 2829 vero
1316 2801 1383 2828 citra
1400 2796 1613 2826 controversiam
1629 2795 1743 2829 castiga-

970 2849 1044 2877 tione
1067 2849 1166 2884 dignus
1192 2851 1243 2881 cst,
1271 2847 1317 2883 qui
1346 2846 1446 2874 diserte
1474 2843 1569 2872 scribit
1593 2842 1620 2870 in
1645 2840 1755 2870 Gmcii
