1913 3136
94 164 177 195 1617

603 171 785 204 HIPPARCHI
803 175 849 202 AD
867 176 1090 205 PHAENOMENA
1105 178 1169 206 LIB.
1190 177 1212 206 Ι.

1659 186 1728 216 “iis

93 224 196 273 ἷοῧτο,
213 224 238 249 ει
249 223 281 273 εξ
296 225 428 262 ἑκατέρου
442 227 541 263 μέρους
554 229 604 264 τῆς
617 232 732 267 σπείρης
743 233 885 270 ἀμφότερα

950 239 1079 264 carentur
1093 236 1182 264 Ursae.
1198 237 1332 266 Praeterea
1347 239 1382 267 de
1400 239 1523 269 Dracone
1538 241 1607 271 falso
1623 248 1650 271 et
1662 245 1729 273 illud

96 268 213 296 ἐκειντο
230 270 257 296 αι
272 271 395 307 ’Δρκτομ
412 273 473 300 Ἔτι
486 274 514 300 δὲ
530 275 622 309 ἀγνοεῖ
634 279 698 314 περὶ
713 279 760 306 τοῦ
773 268 894 316 Δράκον-

98 322 164 346 τος,
177 314 264 350 λέγων
280 315 367 349 οὕτως
377 326 384 333 ·

98 372 207 404 Λοξὸν
220 373 247 400 δ’
258 373 324 402 ἐστὶ
340 376 415 410 κάρη
424 385 433 394 ·-
449 378 567 405 νεύοντι
581 379 614 406 δὲ
629 380 753 416 πάμπαν
762 383 865 411 ἔοικεν’
905 374 909 377 Ἴ

101 441 219 475 Ἀκρην
233 444 277 476 εἰς
291 443 409 479 Ἑλίκης
425 447 520 480 οὺρήν
530 456 537 462 ·
550 448 633 482 μάλα
652 449 677 475 δ’
687 450 753 477 ἐστὶ
773 453 835 478 κατ’
847 453 893 480 ἰθὺ

97 507 162 534 lia).
173 509 280 544 στόμα,
295 511 343 537 καὶ
359 512 518 548 κροτάφοιο
530 515 566 542 τὰ
581 515 665 548 δεξιὰ
686 518 792 553 νειάτῳ
805 521 892 556 οὐρῇ.

98 563 146 610 οὐ.
159 564 214 599 γὰρ
229 565 244 591 6
258 565 344 598 δεξιὸς
357 567 503 603 κρόταφος,
527 570 584 596 ἀλλ’
601 572 615 598 6
630 572 774 610 ἀριστερὸς
791 575 834 601 ἐπ’
849 576 892 602 εὑ-

99 607 182 656 θειας
199 610 258 636 ἐστὶ
276 612 309 646 τῇ
325 611 435 650 γλώσσῃ
450 615 497 641 τοῦ
515 616 622 650 Ὄφεως
639 619 672 653 τῇ
695 607 767 655 ἄκρᾳ
780 621 829 656 τῆς
843 630 892 656 με-

97 654 191 703 γᾴλης
211 656 340 691 Ἄρκτου.
356 658 392 684 Τὸ
408 660 457 694 μὲν
475 661 530 697 γὰρ
546 662 645 697 λέγειν,
659 666 699 691 ὅτι
721 654 891 703 ἀντεστροῳ-

101 700 193 735 μένην
214 703 263 738 τὴν
288 705 409 740 κεφαλὴν
422 706 470 737 τοῦ
492 708 644 742 Δράκοντος
662 711 828 745 ὑποτίθεται,
845 714 892 740 καὶ

96 747 164 782 οὐχὶ
177 749 217 779 εις
231 748 265 775 τὰ
279 750 354 782 ἐντὸς
369 751 417 778 τοῦ
429 753 530 788 κόσμου
546 755 785 793 ἐπεστραμμένην,
804 760 890 787 καϐά-

99 801 157 828 περ
168 794 249 829 φησιν
259 796 273 822 6
283 797 422 829 Ἄτταλος,
432 799 530 831 τελέως
540 801 611 827 ἐστὶν
622 802 890 832 ἀπίθανον.”Απαντα

97 838 158 886 γᾴρ
172 839 206 865 τὰ
225 840 312 876 ἄστρα
335 844 494 879 ὴστερίσοαι
516 846 583 881 πρὸς
598 847 647 882 τὴν
668 850 804 886 ἡμετέραν
824 851 891 879 Θεω-

98 883 175 932 ρίαν,
190 886 237 911 καὶ
252 886 289 918 ὡς
310 887 342 914 ἂν
360 890 427 924 πρὸς
438 891 511 926 ἡμᾶς
529 883 715 930 ἐστραμμένα,
730 883 804 932 είμή
817 906 843 924 τι
853 898 888 913 δί’

95 930 279 966 κατάγραφον
291 933 312 948 ⁵⁷
330 934 419 961 αὐτῶν
434 937 502 963 ἐστι.
523 938 641 974 Φανερὸν
662 940 690 966 δὲ
714 941 793 968 τοῦτο
817 944 889 969 ποιεῖ

96 977 148 1005 καὶ
169 979 183 1003 6
204 978 320 1014 ’Ἄρατος
337 980 382 1007 διὰ
404 981 546 1011 πλειόνων.
575 985 632 1019 Ἐφ’
654 982 691 1012 ὧν
705 986 759 1022 γὰρ
775 986 887 1024 δεξιὺνῆ

96 1024 246 1059 ἀριστερὸν
266 1026 348 1061 μέρος
365 1028 464 1064 ἄστρου
481 1030 617 1065 διασαφεῖ,
632 1033 677 1058 ἐπὶ
699 1033 805 1060 πάντων
820 1043 888 1070 συμ-

96 1073 187 1105 φωνεῖ
206 1073 237 1107 τῇ
257 1074 445 1111 προειρημένῃ
458 1075 600 1103 ὑποθέσειο
619 1078 666 1104 καὶ
679 1078 765 1110 ἄλλως
778 1080 806 1106 δὲ
820 1079 888 1106 πλα-

97 1117 246 1153 σματὼὄης
270 1119 342 1150 satis:
363 1121 380 1155 ἡ
397 1120 525 1154 ὑπόθεσις
548 1123 594 1149 καὶ
620 1124 792 1160 ἡρμοσμένῃ.
815 1126 888 1161 Πρὸς

94 1163 187 1198 τούτῳ
204 1172 233 1190 τε
249 1163 288 1198 τῷ
307 1166 460 1201 ἁγνοήματι
484 1167 624 1204 βοηθήσειε
643 1170 690 1195 καὶ
711 1170 740 1196 τὸ
763 1171 827 1206 περὶ
841 1172 886 1198 τὸν

94 1210 242 1245 ἀριστερὸν
259 1210 325 1238 πόδα
337 1211 384 1238 τοῦ
393 1213 435 1239 Ἐν
451 1213 572 1247 γούνασι,
585 1215 648 1251 περὶ
664 1213 693 1242 οὗ
710 1216 887 1252 προελθόντες

95 1264 227 1291 ερουμεν.
591 1279 593 1282 ι

136 1302 207 1337 Περὶ
216 1303 244 1329 δὲ
256 1303 306 1338 τῆς
320 1303 422 1336 θέσεως
433 1306 481 1341 τῆς
497 1305 544 1332 τοῦ
559 1307 709 1342 Δράκοντος
721 1310 840 1345 κεφαλῆς
861 1311 885 1337 οἰ

98 1347 151 1383 μὲν
169 1348 233 1383 περὶ
257 1348 369 1382 Εὔδοξον
394 1352 440 1378 καὶ
459 1351 577 1387 ’Ἄρατον
593 1354 745 1389 συμφώνως
767 1357 885 1391 ἀποφαί-

95 1401 190 1419 νονται
209 1393 244 1420 τὰ
265 1395 430 1430 φαινόμενοι·
449 1398 463 1423 6
483 1398 511 1424 δὲ
539 1399 668 1431 Ἄτταλος
695 1400 833 1436 διαφωνεῖ.
858 1403 885 1429 Ὁ

96 1439 151 1474 μὲν
167 1439 221 1474 γὰρ
243 1441 375 1476 Ἄρατος,
401 1443 555 1471 ἀκολουθῶν
571 1445 609 1480 τῷ
626 1446 749 1481 Εὐδόξῳ,
771 1448 817 1474 ἐπὶ
838 1449 884 1476 τοῦ

95 1485 219 1520 φανεροῦ,
248 1486 346 1513 κύκλου
375 1489 456 1524 φησιν
492 1490 576 1526 αὐτὴν
613 1491 771 1526 φαίνεσθαι,
799 1493 886 1528 λέγων

94 1538 180 1557 ουτω·

93 1588 188 1631 ἐξείπῃ
203 1588 262 1622 πάρ
280 1590 400 1631 Epaphi
409 1591 446 1625 τῇ
458 1593 653 1631 νείᾳσεταινπ,
667 1591 719 1629 ᾖχί
732 1602 787 1629 περ
797 1595 884 1631 ἄκραι
898 1597 919 1626 C.

93 1622 263 1657 Μίσγονται
275 1622 420 1658 δύὸ-ιέςτε
430 1622 484 1653 ⁷καὶ
500 1628 622 1655 ἀντολαὶ
635 1622 800 1665 ἆλλίῆλῃῦι.

101 1689 132 1716 ’0
148 1690 176 1716 δὲ
197 1692 327 1724 ’Ἄτταλος
352 1693 442 1729 μικρῷ
458 1696 620 1731 νοτιωτέραν
635 1697 719 1733 αὐτὴν
738 1697 807 1726 εἷναί
818 1708 884 1736 φησι

93 1735 144 1764 τοῦ
161 1737 205 1763 ἀεὶ
223 1739 340 1774 φανεροῦ
358 1739 474 1767 κύκλου·
491 1741 561 1768 ὥστε
578 1742 662 1778 αὐτὴν
685 1744 737 1770 ὑπὸ
756 1745 801 1771 τὸν
826 1746 884 1781 ὁρι-

94 1782 178 1814 ζοντα
193 1783 296 1819 βραχὺν
307 1786 428 1819 γίνεσθαι
443 1787 549 1823 χρόνον.
563 1789 624 1814 ’Ότι
636 1789 663 1816 δὲ
676 1791 805 1825 διαφωνεῖ
817 1792 884 1827 πρὸς

92 1828 126 1854 τὸ
142 1830 302 1865 φαινόμενον
317 1833 331 1858 6
345 1833 486 1865 Ἄτταλος,
503 1833 590 1864 οὕτως
605 1834 637 1862 ἂν
653 1836 835 1872 ὲπιλογισθείη
846 1845 853 1853 '
870 1839 884 1864 6

95 1873 147 1908 μὲν
163 1874 217 1910 γὰρ
233 1875 261 1900 ἐν
280 1875 356 1911 ἄκρῳ
372 1876 410 1911 τῷ
429 1878 541 1912 στόματι
556 1878 603 1904 τοῦ
622 1880 772 1915 Δράκοντος
788 1882 883 1916 ἀπέχει

92 1918 142 1944 τοῦ
157 1919 236 1946 πόλου
254 1921 355 1956 μοιρῶν
369 1921 459 1948 λδ’καὶ
475 1921 498 1956 γ’
514 1925 719 1962 πεμπτημόρια-
733 1927 747 1952 6
757 1925 784 1951 δὲ
798 1927 885 1959 νότιος

93 1964 178 1990 αὐτοῦ
190 1964 327 2000 ὀφθαλμὸς
340 1968 442 2003 μοιρῶν
454 1967 501 1994 λε’·
518 1970 531 1995 ὀ
543 1969 570 1995 δὲ
583 1969 668 2002 νότιος
676 1971 809 2006 κρόταφος
826 1981 885 2007 μοι-

95 2009 150 2050 ρῶν
165 2009 203 2042 λζ’
213 2019 219 2025 ·
236 2012 250 2037 6
264 2011 292 2037 δὲ
303 2012 345 2038 ἀεὶ
362 2013 478 2049 φανερὸς
488 2015 585 2047 κύκλος
596 2017 625 2043 ἐν
639 2018 693 2048 τοῖς
700 2018 764 2053 περὶ
771 2018 884 2054 Ἀθήνας

92 2054 190 2085 τόποις
205 2055 251 2081 καὶ
268 2057 282 2082 6
297 2056 413 2092 γνώμων
427 2059 563 2095 ὲπίτριτός
578 2062 636 2087 ἐστι
650 2062 700 2097 τῆς
723 2063 884 2099 ἰημερινῆς

93 2100 185 2131 σκιᾶς,
195 2101 242 2126 καὶ
251 2102 304 2128 ἀπὸ
312 2102 358 2129 τοῦ
368 2104 448 2130 πόλου
458 2105 553 2140 ἀπέχει
560 2107 622 2142 περὶ
630 2107 730 2143 μοιρῶν
740 2107 787 2140 λζ’.
799 2108 883 2144 Δῆλον

93 2143 142 2172 οὖν
152 2145 194 2171 ὅτι
207 2146 250 2172 ἀεὶ
273 2147 302 2173 ὲν
322 2147 360 2183 τῷ
374 2149 482 2185 φανερῷ
496 2151 572 2186 τόπῳ
587 2152 700 2187 φέρεται
717 2153 764 2179 καὶ
778 2154 882 2189 κεφαλὴ

93 2191 141 2217 τοῦ
155 2192 316 2227 Δράκοντος,
329 2195 374 2220 τὸν
387 2195 530 2231 ἀριστερὸν
545 2197 680 2232 κρόταφον
696 2199 775 2233 μόνον
785 2199 883 2234 ἔχουσα

93 2238 139 2263 ἐπ’
155 2237 253 2264 αὑτοῦ·
270 2240 317 2265 καὶ
341 2239 399 2275 οὐχ,
422 2241 459 2272 ὡς
474 2242 487 2267 6
501 2242 631 2275 Ἀτταλός
645 2253 722 2279 φησι,
738 2245 886 2281 νοτιωτέρα.¹

92 2281 173 2316 οὖσα,
187 2284 261 2310 δύνει
281 2285 382 2321 βραχὺν
396 2287 490 2322 χρόνον
508 2289 554 2315 καὶ
571 2289 721 2317 ἀνατέλλει.

130 2330 167 2356 Ζ¹.
195 2330 256 2358 Ἐπὶ
274 2331 303 2358 δὲ
327 2332 374 2358 τοῦ
400 2332 442 2359 Ἐν
465 2333 576 2368 γούνασι
601 2337 809 2371 παρεωρακέναι
836 2346 881 2373 μοι

91 2374 217 2402 δοκοῦσιν
233 2376 247 2402 ὅ
268 2385 298 2402 τε
316 2376 430 2410 Εὔδοξος
455 2379 500 2405 καὶ
517 2379 530 2405 6
548 2380 664 2415 Ἄρατος
675 2389 681 2395 ·
700 2381 756 2407 ἀλλ’
782 2381 812 2408 οὐ
844 2383 882 2409 δι-

93 2429 110 2456 η
116 2422 296 2457 μαρτηκέναιξ
306 2423 428 2456 εἰπόντες
441 2425 486 2451 τὸν
499 2425 585 2458 δεξιὸν
606 2426 672 2452 πόδα
682 2427 727 2452 ἐπὶ
739 2426 822 2462 μέσης
832 2427 882 2462 τῆς

92 2467 216 2503 κεφαλῆς
232 2469 279 2495 τοῦ
291 2470 443 2505 Δράκοντος
460 2471 577 2499 κεῖσθαι.
596 2472 624 2499 '0
641 2472 764 2508 μέντοιγε
785 2474 884 2500 Ἀττα-

92 2511 140 2544 λος
156 2513 231 2549 παρὰ
247 2515 276 2540 τὸ
294 2510 416 2551 βόύλημα
435 2516 481 2543 τοῦ
499 2517 611 2552 ποιητοῦ
625 2518 698 2545 δοκεί
714 2527 758 2554 μοι
776 2519 806 2545 τὸ
817 2520 880 2555 ἡμι-

93 2558 198 2593 στίχιον
215 2561 397 2594 μετατιθέναι,
414 2563 527 2598 γράφων
540 2564 626 2596 οὕτως
636 2573 642 2579 ·

212 2645 229 2653 ..
235 2630 360 2661 ,μέσσου
370 2629 396 2655 δ’
411 2629 558 2664 ἐφύπερθε
577 2632 708 2666 καρήνου
719 2640 726 2649 ’

90 2695 141 2721 καὶ
152 2695 201 2729 τὴν
213 2695 332 2732 κεφαλὴν
343 2696 389 2723 τοῦ
402 2697 552 2733 Δράκοντος
561 2697 613 2730 ἔξω
629 2698 675 2725 τοῦ
693 2699 795 2735 κόσμου
806 2700 882 2735 στρέ-

91 2749 152 2775 φων
163 2748 169 2754 ·
187 2739 230 2767 ἵνα
251 2742 361 2777 γένηται
372 2742 436 2769 αὐτὸ
453 2742 484 2768 τὸ
496 2742 580 2776 δεξιὸν
595 2744 676 2779 μέρος
692 2744 740 2779 τῆς
762 2743 882 2779 κεφαλῆς

93 2786 166 2817 κατὰ
180 2786 226 2813 τὸν
243 2787 320 2815 πόδα.
335 2788 376 2815 Τά
391 2797 420 2815 τε
437 2788 491 2824 γὰρ
507 2788 595 2824 ἄστρα
611 2790 697 2816 πάντα
712 2791 751 2821 εἰς
766 2789 795 2816 τὸ
807 2790 881 2821 ἐντὸς

129 2866 164 2885 σν
181 2865 201 2900 Ῑ.
223 2865 295 2894 εἴτι.
334 2867 355 2884 ⁸⁷
371 2867 431 2904 Reg.
448 2867 631 2904 καταγράφον.

896 2270 922 2299 D

947 281 981 309 ab
995 282 1078 309 Arato
1091 283 1222 311 scribitur
1235 293 1243 312 :

948 380 1058 416 Obliqua
1074 390 1132 409 vero
1143 387 1181 410 est
1191 381 1274 417 capite
1287 391 1296 410 :
1309 383 1446 412 inclinant:
1459 393 1517 413 vero
1532 395 1559 413 se
1567 394 1674 420 prorsus

946 449 1102 481 Extremam
1124 451 1159 479 ad
1178 451 1283 480 Helices
1301 453 1414 481 caudam
1429 463 1439 487 ,'
1458 421 1676 485 admoduigtwvnelifz
1688 429 1727 451 ut

1528 491 1566 526 [in
1578 492 1676 520 Αἰγαί-[ο
1689 497 1728 520 est

997 521 1033 548 Ει
1050 531 1079 549 os
1096 527 1121 550 et
1136 524 1259 557 temporis
1273 523 1368 552 dextra
1380 533 1442 560 pars
1456 521 1577 555 extremis
1589 527 1690 556 (aude.

941 579 1000 606 Non
1015 579 1087 607 enim
1103 579 1229 607 dextrum
1246 584 1365 616 tempus,
1383 581 1429 609 sed
1451 582 1594 610 sinistrum
1613 583 1726 618 majoris

942 624 1019 652 Ursae
1032 624 1060 651 in
1073 624 1178 651 directo
1185 628 1228 652 est
1237 624 1271 652 ad
1282 625 1403 660 linguam
1416 626 1556 662 Serpentis
1565 633 1725 656 extremam.

941 669 1009 697 Nam
1026 670 1099 705 quod
1121 670 1228 697 Attalus
1253 671 1363 703 asserit,
1385 671 1413 698 in
1435 673 1569 699 contraria
1585 681 1691 700 versum
1709 681 1726 701 a

939 719 1020 750 poeta
1040 714 1104 750 ﬁngi
1119 720 1201 750 caput
1216 715 1358 748 Draconis,
1374 724 1425 743 nec
1440 717 1473 744 ad
1489 719 1582 746 mundi
1595 719 1726 746 interiora

940 769 1121 791 conversum,
1147 762 1224 788 nullo
1249 761 1330 789 modo
1365 762 1505 797 probabile
1534 768 1586 792 est.
1618 765 1724 792 Etenim

940 807 1028 834 sidera
1050 807 1140 834 omnia
1166 807 1198 833 ad
1224 813 1364 841 aspectum
1388 813 1513 836 nostrum
1536 811 1724 841 conformata.

939 857 965 879 et
986 852 1020 879 ad
1041 860 1092 879 nos
1106 860 1237 880 conversa
1259 857 1347 885 sunt:
1373 862 1542 890 quaecunque
1561 856 1617 883 illic
1638 856 1724 892 ﬁgura

939 902 1014 925 certa
1030 898 1202 926 delineanlur
1222 908 1229 926 :
1246 899 1318 933 quod
1334 900 1434 927 Aratus
1450 901 1508 936 ipse
1525 909 1578 929 non
1595 910 1649 929 uno
1665 904 1724 931 loco

939 944 1084 979 signiﬁcat.
1102 943 1168 971 Nam
1192 945 1347 980 ubicunque
1373 946 1506 979 dextram,
1523 951 1569 974 aut
1583 947 1722 975 sinistram

938 994 1043 1025 partem
1071 991 1198 1025 imaginis
1229 992 1376 1026 exprimit,
1401 999 1463 1020 cum
1488 1001 1520 1021 co
1547 994 1623 1029 ipso,
1652 996 1726 1030 quod

939 1036 1092 1071 posuimus,
1111 1037 1267 1070 consentit;
1288 1042 1466 1073 prteterquam
1490 1039 1562 1074 quod
1586 1047 1725 1068 commen-

938 1082 999 1109 titia
1013 1085 1040 1109 et
1053 1082 1086 1108 ad
1104 1089 1161 1109 rem
1187 1082 1220 1110 de
1237 1083 1373 1110 industria
1387 1084 1501 1111 conﬁcta
1521 1084 1574 1111 ista
1596 1085 1666 1112 ratio
1682 1085 1723 1112 vi-

936 1127 1026 1155 detur.
1055 1128 1127 1160 Quin
1148 1127 1183 1155 ad
1206 1129 1330 1156 eumdem
1354 1130 1435 1156 etiam
1464 1137 1584 1157 errorem
1609 1130 1723 1159 convin--

936 1173 1051 1201 cendum
1068 1174 1186 1208 pertinet
1202 1175 1274 1209 quod
1295 1174 1329 1201 de
1349 1175 1463 1202 sinistro
1484 1175 1552 1209 pede
1574 1176 1726 1211 lngeniculi
1774 1212 1778 1214 _

936 1220 1048 1254 scripsit
1064 1229 1070 1246 :
1087 1219 1120 1247 de
1136 1227 1191 1255 quo
1208 1219 1236 1246 in
1249 1220 1429 1256 sequentibus
1441 1225 1546 1255 agetur.

970 1307 1029 1335 Jam
1049 1308 1123 1344 quod
1149 1309 1183 1336 ad
1208 1308 1291 1336 situm
1318 1309 1417 1344 capitis
1444 1310 1576 1337 Draconis
1603 1314 1721 1345 spectat,

936 1353 1065 1381 Eudoxus
1087 1358 1114 1381 et
1131 1353 1230 1380 Aratus
1257 1354 1285 1380 in
1302 1361 1335 1381 eo
1351 1353 1544 1381 constituendo
1565 1354 1635 1381 belle
1658 1361 1720 1382 cum

935 1400 1104 1434 apparentiis
1129 1403 1286 1434 congruunt
1310 1408 1316 1425 :
1343 1400 1418 1427 solus
1446 1400 1575 1428 dissentit
1599 1401 1721 1430 Attalus.

935 1449 1036 1473 Aratus
1058 1445 1130 1473 enim
1165 1445 1272 1473 Eudoxi
1295 1446 1408 1480 vestigia
1438 1450 1549 1474 secutus
1575 1447 1603 1474 iu
1636 1454 1720 1482 appa-

934 1496 1012 1519 rente
1043 1499 1150 1527 semper
1185 1492 1289 1519 circulo
1313 1492 1389 1520 cerni
1414 1492 1480 1519 illud
1510 1496 1647 1520 asseverat
1677 1493 1725 1520 his

934 1538 1025 1566 verbis
1046 1546 1052 1563 :

989 1594 1063 1621 Illud
1076 1595 1157 1629 ferme
1171 1599 1248 1629 caput
1263 1594 1311 1621 hac
1329 1599 1413 1625 natat,
1431 1595 1476 1620 ubi
1490 1599 1598 1623 extremi

987 1630 1134 1657 Miscentur
1147 1638 1306 1665 occasusque
1321 1635 1345 1656 et
1357 1635 1431 1656 ortus
1441 1630 1560 1658 inuicem.

970 1695 1080 1724 Attalus
1095 1704 1159 1724 vero
1171 1697 1252 1732 paulo
1272 1697 1310 1723 ait
1328 1697 1476 1724 australius
1492 1696 1518 1723 id
1533 1704 1595 1724 esse
1613 1704 1722 1732 semper

935 1748 1082 1778 apparente
1105 1743 1208 1771 circulo
1226 1751 1233 1768 :
1258 1743 1326 1770 adeo
1344 1747 1375 1769 ut
1395 1742 1503 1769 modico
1525 1747 1645 1777 tempore
1669 1743 1721 1770 sub

935 1789 1077 1816 horizonte
1093 1789 1246 1816 delitescat.
1262 1788 1291 1815 In
1306 1796 1360 1823 quo
1375 1788 1430 1815 lalli
1446 1788 1568 1814 Attalum
1582 1788 1639 1815 hzec
1650 1787 1720 1816 ratio

934 1834 1090 1869 persuadet.
1118 1833 1186 1861 Nam
1212 1834 1300 1866 stella,
1328 1841 1389 1869 quae
1410 1834 1437 1860 in
1459 1838 1583 1861 extremo
1605 1837 1647 1861 est
1672 1841 1721 1860 ore

935 1880 1079 1913 Draconis,
1095 1880 1172 1907 abest
1189 1887 1203 1906 a
1218 1880 1280 1915 polo
1303 1880 1429 1915 partibus
1445 1880 1498 1919 54,,
1511 1879 1571 1912 56';
1591 1878 1721 1906 australis

935 1930 1026 1954 autem
1046 1925 1168 1960 ejusdem
1181 1926 1278 1954 oculus
1296 1927 1421 1962 partibus
1442 1927 1493 1960 55;
1516 1926 1635 1953 australe
1656 1929 1722 1953 tem-

935 1978 986 2005 pus
1018 1971 1145 2005 partibus
1168 1971 1211 1997 57.
1237 1971 1271 1998 At
1295 1972 1415 1999 circulus
1444 1979 1552 2006 semper
1583 1978 1720 2006 apparens

936 2015 1060 2047 Athenis,
1077 2020 1104 2043 et
1119 2023 1238 2050 gnomon
1254 2017 1445 2051 sesquitertius
1460 2020 1501 2043 est
1519 2016 1720 2051 aequinoctialis

935 2061 1048 2093 umbrae,
1063 2065 1090 2088 et
1105 2068 1120 2087 a
1138 2061 1200 2095 polo
1215 2061 1338 2096 partibus
1351 2062 1429 2089 abest
1445 2062 1488 2089 57.
1503 2062 1616 2089 Constat
1636 2063 1720 2097 igitur

919 2099 1042 2141 semper
1065 2107 1093 2133 in
1116 2111 1265 2142 apparente
1283 2107 1345 2134 (τα)ιί
1364 2108 1473 2142 regione
1490 2107 1563 2141 ferri
1587 2108 1720 2136 Draconis

935 2157 1026 2189 caput,
1044 2154 1158 2190 ejusque
1182 2155 1325 2182 sinistrum
1342 2159 1450 2191 tempus
1470 2157 1602 2184 duntaxat
1624 2157 1652 2184 in
1673 2158 1720 2185 illa

935 2200 1018 2229 situm
1041 2208 1103 2228 esse
1127 2209 1134 2226 :
1160 2209 1260 2236 neque,
1282 2206 1311 2229 ut
1338 2202 1429 2230 Attalo
1452 2203 1550 2239 placet,
1571 2203 1719 2232 australius

934 2252 1005 2278 esse,
1018 2253 1050 2272 ac
1064 2246 1140 2273 brevi
1159 2251 1279 2282 tempore
1293 2247 1418 2275 occidere
1433 2249 1514 2276 simul
1524 2252 1551 2276 et
1562 2249 1638 2276 oriri.

970 2331 1026 2358 Vll.
1042 2332 1128 2360 Porro
1136 2334 1267 2362 Eudoxus
1286 2340 1313 2362 et
1331 2335 1431 2363 Aratus
1454 2337 1488 2364 de
1498 2337 1653 2372 lngeniculo
1664 2346 1718 2366 non

935 2376 1077 2412 ignorasse
1090 2379 1167 2411 mihi,
1180 2380 1227 2407 sed
1241 2380 1354 2415 insuper
1365 2381 1493 2410 habuisse
1504 2383 1640 2417 videntur,
1656 2391 1719 2411 cum

935 2423 1030 2450 dicunt
1064 2425 1190 2452 dextrum
1225 2426 1298 2454 illius
1333 2427 1428 2462 pedem
1452 2428 1480 2455 in
1514 2428 1604 2456 medio
1631 2429 1720 2464 capite

936 2469 1069 2497 Draconis
1084 2479 1144 2498 esse
1159 2472 1289 2506 positum.
1308 2473 1416 2501 Attalus
1437 2482 1511 2506 vero,
1527 2479 1624 2509 praeter
1644 2483 1720 2502 men«

935 2518 989 2542 tem
1016 2519 1103 2551 poetae
1123 2517 1190 2543 mihi
1210 2517 1317 2545 videtur
1340 2519 1544 2547 hemistichium
1566 2520 1618 2547 hoc
1638 2520 1721 2546 modo

935 2562 1137 2597 transposuisse
1158 2571 1164 2589 :

1036 2629 1153 2656 Medium
1167 2638 1225 2658 vero
1242 2638 1321 2665 supra
1335 2637 1432 2667 caput;

935 2702 962 2724 et
987 2701 1068 2731 caput
1089 2696 1222 2725 Draconis
1244 2703 1319 2726 extra
1332 2698 1473 2734 {mundum
1496 2697 1564 2724 verti
1585 2695 1685 2731 ﬁngere
1709 2704 1716 2724 :

936 2747 965 2770 ut
994 2743 1089 2771 dextra
1116 2743 1174 2779 ipsa
1203 2752 1265 2779 pars
1289 2746 1387 2780 capitis
1414 2745 1447 2772 ad
1474 2743 1568 2780 pedem
1595 2743 1647 2770 sita
1670 2742 1717 2769 sit.

936 2790 1042 2826 Quippe
1067 2791 1292 2819 constellationes
1312 2799 1406 2819 omnes
1429 2791 1455 2819 in
1479 2789 1607 2818 interiora
1624 2787 1718 2816 mundi

677 2869 699 2886 ⁸⁸
717 2868 774 2896 Scr.
785 2869 867 2904 Κείνη
882 2877 933 2898 που
952 2869 1054 2905 κεφαλὴ
1067 2871 1099 2905 τῇ
1117 2870 1234 2911 νήχεται.
