1913 3136
108 191 181 220 i021

605 189 790 218 HIPPARCHI
808 189 854 217 AD
872 187 1095 217 PHASNOMENA
1113 187 1178 217 LIB.
1197 187 1219 216 ι.

1668 187 1735 215 ΙΟΞἏ

106 262 167 286 τος,
183 252 262 289 ὀρθόν
280 261 346 288 φησι
368 252 475 280 κεῖσθαι
500 253 580 279 αὐτὴν
603 254 635 288 τῇ
661 252 745 285 θέσει,
764 252 886 288 βεϐηκότι

952 252 1033 279 talem
1046 251 1071 279 ei
1087 251 1171 279 situm
1187 249 1291 282 tribuit,
1309 253 1338 276 ut
1352 248 1440 278 oculis
1454 248 1560 284 Scorpii
1583 255 1614 275 ac
1630 248 1734 284 pectori

105 300 138 326 ἐν
156 308 187 326 τε
206 301 261 331 τοῖς
284 298 433 334 ὀφθαλμοῖς
449 298 495 325 τοῦ
513 299 648 335 Σκορπίου
672 299 719 326 καὶ
736 299 775 334 τῷ
794 297 898 334 στήθει.

105 346 149 382 Τῇ
166 346 194 372 δὲ
205 346 336 381 ἀριστερᾷ
350 345 429 380 μόνον
445 345 538 381 κνήμῃ
549 345 662 380 βέὕηκεν
677 346 816 379 ἀποτετμη
821 345 898 380 μένῃ,

107 391 213 426 μεταξῦ
230 390 343 426 κειμένῃ
359 390 405 417 τοῦ
421 399 450 417 τε
467 390 593 426 μετώπου
606 391 652 417 καὶ
662 390 708 417 τοῦ
723 390 838 425 στήθους
852 390 898 416 τοῦ

105 439 245 475 Σκορπίου
256 447 262 454 ·
279 439 309 465 τὸ
325 438 353 465 δὲ
369 438 454 471 δεξιὸν
475 438 568 470 σκέλος
593 438 649 473 ἔχει
676 438 897 473 συνεσταλμένον.

104 484 177 510 Οὐδὲ
200 485 213 510 ὁ
241 483 355 516 Εὔδοξος
373 483 401 509 δὲ
429 484 562 518 διασαφεῖ,
578 484 621 510 ὅτι
643 483 717 510 ἐστιν
740 483 828 519 ὀρθός.
847 483 899 510 Τὸν

104 528 163 564 γὰρ
179 528 264 562 δεξιὴν
281 529 348 555 πόδα
365 529 446 556 αὑτοῦ
469 529 539 564 ὑπὲρ
561 529 591 555 τὸ
608 528 686 564 σῶμα
705 529 812 555 κεῖσθαί
831 538 898 565 φησι

103 574 156 602 τοῦ
182 575 328 610 Σκορπίου,
343 575 381 607 ὼς
395 576 442 602 καὶ
457 576 513 611 ἔχει
526 576 559 610 τῇ
576 574 699 611 ἀληθείᾳ,
719 575 766 602 καὶ
786 575 836 602 οὐκ
852 575 900 602 ἐπὶ

103 619 154 649 τοῦ
172 620 295 655 στήθους.

141 667 222 692 Δοκεῖ
231 666 259 693 δέ
275 675 320 702 μοι
336 667 383 693 καὶ
395 667 459 702 περὶ
474 667 527 693 τῶν
540 668 569 693 ὲν
583 668 643 699 ταῖς
659 668 738 702 χερσὶ
751 667 798 694 τοῦ
822 666 894 702 Ὀφι-

102 712 188 747 ούχου
203 713 324 749 ἀστέρων
339 712 410 739 κατά
426 713 455 739 τὸ
474 713 588 748 μέγεθος
601 713 689 740 αὐτῶν
705 714 897 748 ἀγνοεῖν.Τοὺς

102 759 161 794 γὰρ
184 760 213 785 ὲν
238 761 294 791 τοῖς
311 759 396 795 ὤμοις
417 759 462 786 τοῦ
483 759 624 795 Ὀφιούχου
648 760 737 795 φήσας
755 760 897 796 λαμπροὺς

102 803 188 838 εἶναι,
202 806 271 833 ὥστε
286 807 332 833 καὶ
346 807 375 833 ὲν
391 805 550 841 πανσελήνῳ
567 805 738 842 θεωρεῖσθαι,
753 806 894 842 ἐπιφέρει·

101 926 112 936 .
129 929 136 935 .
156 928 165 934 .
186 928 194 935 .
213 928 220 934 .
242 927 249 934 .
268 928 274 934 .
290 906 364 941 ἁτίιρ
379 906 465 940 χέρες
483 907 520 933 οὺ
535 905 606 940 μάλ’
624 906 717 932 ἑΐσάι·

101 943 206 977 Λεπτὴ
223 943 278 977 γὰρ
297 941 334 976 τῇ
350 942 398 967 καὶ
413 941 450 975 τῇ
464 941 693 975 ἑξεπιδέδρομεν
709 941 809 976 αἴγλη.

146 999 216 1026 Ἀλλ’
232 1000 256 1026 οἱ
272 1000 301 1025 ὲν
315 1001 373 1030 ταῖς
388 999 465 1034 χερσὶ
479 998 526 1025 τοῦ
547 999 695 1035 Ὀφιούχου)
711 1000 825 1035 ἀστέρες
839 1009 895 1026 κοι-

99 1045 143 1073 νοί
153 1046 208 1071 εἰσι
225 1045 271 1072 καὶ
287 1044 334 1071 τοῦ
353 1045 469 1079 Ὄφεως,
481 1044 607 1081 καθάπερ
626 1047 673 1073 καὶ
688 1047 702 1072 ό
716 1045 797 1078 αὐτὸς
810 1046 894 1082 ’Δρα-

99 1102 149 1125 τος
165 1093 239 1127 λέγει
251 1101 258 1108 ·

144 1139 313 1173 Ἀμφότεροι
327 1138 354 1165 δ’
370 1139 471 1173 Ὄφιος
490 1138 685 1172 amor-ﬁatut.

137 1195 168 1221 οἱ
183 1194 205 1220 δ’
222 1195 250 1220 ὲν
265 1194 304 1229 τῷ
321 1196 402 1229 Ὀφει
429 1195 554 1230 ἀστέρες,
576 1190 613 1221 ὧν
638 1194 729 1230 ἔχεται
750 1196 764 1221 ὁ
787 1195 893 1230 ὐφιοῦ-

98 1248 160 1275 χος,
177 1240 207 1266 οὺ
233 1240 386 1275 λειπόμενοι
410 1241 463 1267 εἰσι
479 1243 512 1276 τῇ
534 1240 704 1276 λαμπρότητι
724 1240 778 1268 τῶν
794 1242 822 1267 ὲν
838 1243 893 1273 τοῖς

97 1283 200 1318 ὤμοις·
228 1284 316 1319 πολλῷ
329 1284 357 1314 δὲ
372 1284 556 1321 λαμπρότεροι
571 1284 626 1320 (55)
637 1285 661 1311 οἱ
672 1286 702 1312 ὲν
724 1287 779 1317 τοῖς
794 1285 890 1321 ὤμοις.

99 1330 149 1356 Διὸ
163 1330 211 1356 καὶ
227 1331 399 1366 ἐπιστήσειεν
413 1331 445 1358 ἄν
461 1341 503 1363 τις
517 1332 575 1364 πῶς
587 1333 634 1359 καὶ
644 1333 658 1359 ὀ
670 1332 800 1363 Ἄτταλός
811 1341 892 1367 φησιν

93 1377 197 1408 αὐτοὺς
212 1377 311 1410 ἱκανῶς
328 1378 470 1414 λαμπροὺς
486 1377 564 1406 εἶναι.

134 1445 172 1472 Θ¹.
197 1445 275 1480 Ἑξῆς
287 1446 316 1472 δὲ
329 1446 394 1481 περὶ
409 1446 463 1481 τῶν
479 1445 576 1481 Χηλῶν
591 1447 605 1472 ὁ
618 1446 734 1481 Ἄρατος
749 1445 822 1480 λέγει
833 1454 839 1460 ·

140 1481 220 1508 ’;1λλ¹
242 1483 270 1508 αἱ
287 1481 346 1515 μὲν
368 1480 470 1515 φαέων
495 1480 691 1517 ἐπιδευέες-ξω
709 1481 890 1517 ἐπιμεμῳέες]

653 1516 756 1552 [οὐδὲν
770 1517 888 1551 ἀγωγαί.

131 1573 201 1608 Φησὶ
222 1573 250 1600 δὲ
265 1574 279 1600 ὁ
302 1573 432 1605 ’Ἄτταλος
449 1574 486 1609 μὴ
501 1573 545 1600 διὰ
565 1573 595 1600 τὸ
615 1574 729 1610 μικροὺς
745 1572 814 1601 εἶναι
828 1575 891 1607 τοὺς

97 1620 129 1646 ὲν
146 1620 206 1650 ταῖς
222 1619 325 1655 Χηλαῑς
347 1619 465 1654 ἀστέρας
481 1620 572 1654 λέγειν
587 1620 632 1646 τὸν
651 1620 768 1655 ’Ἄρατον
791 1620 890 1654 φαέωιν

91 1665 280 1700 ἑπιμεμφέας
303 1667 389 1698 αὐτὰς
418 1664 506 1693 εἶναι·
529 1666 598 1693 ἀλλὰ
624 1666 668 1693 διὰ
693 1666 724 1693 τὸ
746 1666 766 1692 δ’
794 1666 890 1701 μόνους

92 1709 165 1738 εἶναι
192 1712 254 1743 τοὺς
279 1712 399 1743 πάντας
414 1711 462 1743 οὒς
488 1711 525 1748 μὴ
547 1711 722 1748 συμπληροῦν
737 1712 787 1748 τὴν
799 1712 889 1747 ὁμοιό-

91 1766 164 1792 τητα
179 1757 282 1784 αὐτῶν·
297 1758 327 1784 τὺ
340 1759 368 1785 δὲ
382 1758 481 1793 μηδὲν
497 1759 612 1793 ἀτ-αυὰς
630 1758 721 1792 λέγειν
737 1758 827 1791 αὑτὸν,
844 1758 888 1785 διὰ

92 1804 125 1831 τὸ
144 1804 211 1839 μηδὲ
234 1804 329 1839 ὁμοίας
343 1805 426 1837 αὑτὰς
439 1805 581 1840 ὑπάρχειν.
599 1805 635 1831 Οὐ
650 1805 723 1831 δοκεῖ
735 1805 766 1840 δή
786 1813 830 1840 μοι
844 1804 887 1831 διὰ

91 1850 174 1882 τοῦτο
191 1850 281 1885 λέγειν
299 1851 383 1883 αὑτὰς
397 1851 497 1886 φαέων
517 1851 709 1885 ἐπιμεμφὰκς,
727 1850 775 1877 καὶ
790 1850 887 1885 μηδὲν

91 1896 221 1931 ἀγανὸς.
238 1896 294 1923 ἀλλ’
309 1897 346 1928 ὡς
365 1897 398 1924 ἂν
416 1897 453 1933 μὴ
468 1897 609 1933 λαμπράς.
626 1897 681 1924 Καὶ
704 1897 758 1933 γὰρ
782 1899 811 1924 ἐν
827 1899 887 1930 ταῖς

92 1941 286 1974 συνανατολαϊς
298 1941 370 1968 οὕτω
381 1942 454 1976 λέγει
469 1943 532 1977 περὶ
549 1942 638 1969 αὐτῶν
647 1951 654 1957 ·

93 1995 165 2033 pitu?
183 1996 222 2022 ἂν
237 1996 434 2033 ἐπερχόμεναι
450 1996 557 2031 Χηλαὶ,
573 1995 624 2023 καὶ
637 1997 733 2024 λεπτὰ
753 1997 884 2033 ράουσαι

93 2031 261 2065 Ἀφραστοι
278 2032 423 2066 πίιρίοιεν.

98 2077 240 2114 Ἑπιφέρει
256 2077 321 2113 γοῦν
334 2078 443 2110 εὐθέως

91 2142 100 2149 .
126 2143 133 2149 .
152 2143 159 2149 .
176 2142 183 2148 .
198 2142 206 2149 .
224 2141 231 2148 .
249 2142 255 2148 .
267 2142 273 2148 .
287 2123 351 2149 ἐπεὶ
367 2123 444 2157 μέγα
466 2122 548 2158 σῆμα
564 2123 684 2157 Βοώτης

97 2158 219 2192 Ἀθρόος
235 2157 375 2185 ἀντέλλει
389 2159 595 2193 βεϐολημένος
616 2158 806 2193 Ἀρκτούροιο.

134 2215 178 2246 Ὡς
206 2214 239 2241 ἂν
262 2215 295 2241 ἐκ
315 2215 362 2241 τοῦ
383 2215 547 2252 Ἀρκτούρου
565 2216 642 2251 ἡμῶν
665 2216 820 2252 δυναμένων
834 2225 882 2251 ση-

950 300 1042 324 rectus
1055 296 1174 324 insistat.
1191 295 1292 323 Verum
1309 302 1391 322 crure
1410 295 1525 322 sinistro
1540 294 1673 321 duntaxat
1694 295 1736 321 iu-

950 342 1033 374 sistit,
1050 342 1200 377 eodemque
1215 341 1326 372 mutilo;
1347 341 1419 375 quod
1434 341 1504 368 inter
1521 340 1637 367 frontem
1651 340 1735 367 Scor-

950 388 987 422 pii
1002 395 1034 415 ac
1057 392 1151 423 pectus
1171 387 1314 414 incumbit.
1337 387 1466 414 Dextrum
1487 393 1570 421 porro
1584 394 1649 413 crus
1668 394 1736 413 eon-

950 438 1067 461 tractum
1093 433 1183 461 habet.
1214 433 1268 460 Sed
1287 441 1337 461 nec
1356 433 1485 460 Eudoxus
1505 433 1531 459 id
1546 440 1607 460 esse
1630 436 1735 459 rectum

949 484 1042 514 aperte
1057 479 1202 515 signiﬁcat.
1212 478 1280 506 Nam
1294 479 1420 507 destruat
1437 479 1532 514 pedem
1552 479 1637 513 ipsius
1652 486 1750 517 supra.

950 527 1057 562 Scorpii
1078 534 1179 562 corpus
1200 526 1282 554 situm
1303 533 1364 553 esse
1389 525 1485 557 refert,
1505 524 1578 560 quod
1597 528 1624 552 et
1639 531 1735 551 verum

947 577 1005 606 est,
1022 581 1076 600 non
1091 576 1182 600 autem
1192 579 1275 607 supra
1288 574 1397 606 pectus.

983 663 1116 691 Pus-terea
1126 662 1236 690 videtur
1252 664 1325 690 idem
1339 668 1421 697 poeta
1440 665 1469 689 lu
1492 661 1629 697 Ophiuchi
1643 662 1735 690 stella-

948 717 1008 736 rum
1034 708 1221 743 magnitudine
1247 708 1401 736 deﬁnienda
1427 716 1522 736 errore
1548 708 1650 743 lapsus.
1666 708 1734 735 Cum

946 755 1019 783 enim
1036 756 1139 786 stellas,
1153 763 1215 791 quae
1229 756 1256 783 in
1272 755 1413 790 Anguileri
1433 759 1497 782 sunt
1518 755 1641 786 humero,
1665 754 1734 781 luci-

947 801 996 829 das
1022 809 1083 829 esse
1111 802 1238 833 dixisset,
1259 802 1328 829 adeo
1345 805 1375 828 ut
1402 802 1429 828 iu
1456 801 1607 836 plenilunio
1626 808 1735 836 quoque

947 847 1068 875 discerni
1086 853 1197 883 queant,
1219 855 1283 876 mox
1293 847 1406 881 subjicit
1426 856 1433 874 :

1151 902 1203 930 Sed
1212 911 1305 929 manus
1321 911 1373 929 non
1388 902 1498 928 multum
1514 902 1627 936 mquales
1647 908 1656 927 :

908 926 932 954 Β
986 923 1082 966 ianuis
1093 922 1234 966 eniti-illinc
1249 944 1274 965 et
1289 938 1348 964 hinc
1358 938 1462 964 exsistit
1477 922 1615 971 spletldor.

981 994 1035 1022 Sed
1049 1003 1109 1030 qua:
1124 994 1152 1022 in
1168 994 1306 1030 Ophiuchi
1326 999 1391 1022 sunt
1403 994 1529 1021 manibus
1549 995 1643 1025 stellae,
1657 1001 1733 1021 com-

945 1049 1041 1069 munes
1061 1046 1124 1069 sunt
1138 1045 1165 1068 et
1177 1041 1303 1076 Serpenti
1315 1061 1322 1073 ,
1336 1040 1568 1076 quemadmodum
1584 1046 1612 1068 ct
1630 1041 1731 1067 Aratus

945 1087 1003 1121 ipse
1014 1091 1131 1114 testatur
1144 1095 1150 1112 :

979 1132 1069 1160 Amba-
1082 1138 1168 1159 autem
1181 1133 1303 1168 Serpente
1320 1135 1478 1168 fatigantur.

981 1188 1080 1216 Verum
1097 1197 1156 1224 qua:
1173 1190 1199 1217 in
1221 1190 1354 1225 Serpente
1369 1195 1434 1218 sunt
1449 1191 1543 1222 stellae.
1560 1191 1660 1226 quibus
1684 1191 1733 1218 ad—

945 1236 1027 1263 lueret
1043 1236 1213 1270 Ophiuchus,
1242 1236 1386 1271 splendore
1411 1245 1466 1264 non
1490 1238 1590 1264 cedunt
1610 1237 1653 1268 iis,
1671 1244 1732 1272 qua:

944 1281 1049 1309 suntin
1072 1281 1204 1313 humeris,
1220 1290 1316 1310 verum
1335 1282 1407 1309 haud
1427 1283 1513 1310 multo
1529 1287 1592 1309 sunt
1611 1283 1732 1317 splendi-

942 1326 1044 1354 diores.
1057 1326 1096 1353 Ex
1108 1334 1162 1361 quo
1181 1326 1309 1354 dubitare
1329 1327 1419 1362 possit
1437 1328 1536 1362 aliquis
1552 1329 1663 1362 quinam
1683 1336 1731 1355 eas

942 1372 1049 1399 Attalus
1064 1372 1210 1399 admodum
1227 1373 1386 1408 splendidas
1400 1381 1462 1401 esse
1475 1374 1582 1401 dixerit.

1004 1438 1116 1475 041x.
1131 1438 1265 1474 Deinceps
1275 1439 1375 1466 Aratus
1386 1440 1419 1467 de
1430 1439 1521 1467 Chelis
1536 1450 1541 1467 :

943 1473 995 1501 Sed
1007 1473 1053 1501 lla;
1064 1475 1121 1502 luce
1136 1473 1284 1510 indigentes
1298 1476 1377 1510 (alias
1393 1475 1545 1511 culpaudw)
1564 1483 1729 1511 nequaquam

1590 1510 1727 1546 [insignem

978 1566 1028 1595 llic
1044 1568 1163 1599 Attalus.
1178 1576 1232 1595 non
1246 1569 1318 1603 quod
1339 1576 1430 1603 parvae
1447 1568 1506 1595 istae
1519 1569 1574 1595 sint
1593 1569 1619 1595 in
1636 1568 1728 1596 (Ihelis

941 1614 1035 1646 stella},
1057 1615 1092 1642 ab
1113 1615 1196 1642 Arato
1222 1615 1364 1642 luminibus
1391 1615 1539 1649 culpandus
1561 1615 1651 1642 vocari
1678 1623 1728 1650 pu—

940 1664 980 1687 tat
997 1670 1003 1687 :
1019 1660 1068 1688 sed
1092 1661 1164 1696 quod
1179 1668 1292 1688 numero
1314 1661 1370 1688 sint
1386 1669 1440 1688 non
1454 1661 1573 1695 amplius
1591 1665 1728 1695 quattuor,

939 1714 1028 1740 neque
1054 1706 1262 1733 similitudinem
1283 1714 1361 1733 suam
1392 1706 1543 1741 impleant;
1567 1706 1622 1733 dici
1649 1713 1726 1736 vero,

939 1759 1101 1786 nequaquam
1135 1752 1269 1786 insignes,
1306 1751 1380 1787 quod
1413 1759 1502 1786 neque
1534 1752 1590 1778 sint
1623 1751 1728 1778 similes

939 1795 1095 1834 ipsae/Ego
1132 1807 1198 1827 vero
1233 1800 1370 1827 nominari
1401 1804 1545 1835 propterea
1583 1799 1726 1827 luminibus

938 1842 1083 1876 culpandus
1105 1848 1130 1870 et
1158 1852 1321 1880 nequaquam
1339 1845 1468 1876 illustres,
1498 1853 1553 1871 nun
1583 1845 1724 1872 arbitror:

937 1888 983 1915 sed
1000 1889 1073 1923 quod
1092 1890 1206 1917 minime
1226 1891 1282 1917 sint
1307 1891 1466 1926 splendidas.
1483 1890 1591 1918 Etenim
1614 1898 1677 1918 cum
1693 1891 1727 1918 de

935 1934 1076 1962 coortibus
1092 1935 1157 1970 agit,
1174 1936 1210 1962 ita
1231 1936 1264 1963 de
1280 1937 1334 1964 illis
1350 1937 1471 1972 loquitur
1487 1945 1494 1963 :

937 1991 1028 2025 Neque
1043 1992 1181 2019 subeuntes
1195 1992 1293 2027 Chelw,
1309 2003 1339 2021 ac
1352 1995 1464 2022 tenuiter
1482 1995 1597 2022 lucentes

937 2027 1063 2053 Obscura:
1075 2033 1242 2061 prwtereant.

935 2072 1028 2108 itaque
1041 2074 1133 2101 statim
1150 2073 1282 2108 subjicit:

1038 2138 1044 2145 .
1057 2119 1282 2156 Quandoquidem
1295 2129 1419 2155 magnum
1431 2122 1534 2156 signum
1551 2122 1646 2149 Bootes

988 2154 1140 2189 Confer-tim
1157 2156 1242 2181 oritur
1253 2154 1395 2183 diuinitus
1409 2154 1534 2184 Aréluro.

968 2210 1046 2243 Quod
1062 2210 1162 2240 Chelas
1177 2219 1225 2246 per
1238 2211 1387 2240 Art-turum
1400 2213 1556 2242 discernere
1569 2214 1722 2249 possimus:

90 2258 261 2296 μειώσασοαι
277 2259 327 2291 τὰς
344 2260 446 2296 Χηλὰς
461 2262 521 2288 καθ’
535 2262 620 2294 αὐτὰς
633 2262 661 2288 δὲ
677 2263 713 2298 μὴ
724 2262 827 2298 ῥᾳδίως
840 2263 885 2290 διὰ

949 2264 985 2283 »ει-
1000 2264 1061 2284 sese
1073 2265 1136 2285 vero
1154 2265 1339 2293 nequaquam,
1361 2264 1389 2286 ut
1404 2259 1464 2294 ejus
1478 2261 1571 2295 opinio
1589 2260 1658 2293 fert;
1675 2261 1723 2295 qui

88 2306 141 2341 τὴν
157 2306 308 2342 μικρότητα
323 2307 423 2339 αὐτῶψ
437 2308 475 2339 ὠς
489 2309 674 2345 ὑπολαμϐάνει
684 2309 739 2344 (54)
749 2317 779 2336 τε
794 2309 881 2344 ἀμαυ-

92 2352 158 2388 ροὺς
186 2352 303 2388 ἀστέρας
322 2352 417 2388 ἔχοντα
439 2353 494 2380 τῶν
513 2354 621 2390 ἄστρων
647 2355 761 2381 εἴθισται
789 2355 881 2387 καλεῖν

87 2397 129 2430 ὡς
146 2398 192 2424 ἐπὶ
208 2398 286 2432 πολὺ,
304 2400 399 2426 λεπτὰ
414 2400 460 2426 καὶ
474 2400 565 2427 οὐδὲν
582 2401 688 2435 ἁγαυά.

126 2445 155 2471 l’.
171 2445 214 2471 Ἑν
227 2445 255 2471 δὲ
271 2446 326 2478 τοῖς
341 2445 405 2481 ἑξῆς
419 2447 483 2482 περὶ
498 2447 549 2482 τῆς
560 2447 677 2484 ’Ἄρκτου
691 2449 829 2480 παντελῶς
839 2449 881 2476 δο-

89 2490 172 2518 κοῦσί
189 2499 233 2526 μοι
244 2491 364 2526 ἀγνοεῖν-
382 2493 396 2519 ὁ
415 2493 463 2528 μὲν
479 2493 592 2526 Εὔδοξος
601 2493 672 2520 οὕτω
682 2493 777 2528 λέγων·
792 2504 801 2520 ι
812 2495 880 2521 Ὑπὸ

87 2535 118 2561 δὲ
128 2534 178 2570 τὴν
189 2536 309 2572 κεφαλὴν
322 2537 372 2571 τῆς
390 2537 511 2573 μεγάλης
520 2538 637 2573 ’Ἄρκτου
651 2538 676 2564 οἱ
687 2538 796 2574 Δίδυμοι
808 2540 880 2566 κεῖν-

86 2589 145 2619 εαι·
163 2581 233 2608 κατὰ
246 2582 327 2616 μέσον
338 2582 366 2609 δὲ
379 2584 393 2609 ὁ
405 2583 550 2619 Καρκίνος·
559 2583 611 2610 ὑπὸ
625 2583 653 2610 δὲ
666 2584 727 2616 τοὺς
740 2584 878 2617 ὀπισθίους

86 2626 173 2657 πόδας
187 2626 201 2652 ὁ
215 2627 305 2654 Λέων·
328 2637 337 2653 ι
357 2627 372 2654 ὁ
387 2628 415 2654 δὲ
435 2629 551 2664 Ἀρατος
562 2637 568 2643 ·

86 2671 255 2710 ἔρωτι-δέοι
266 2673 384 2710 Δίδυμοι
394 2682 400 2689 ·
418 2674 521 2708 μέσσῃ
530 2675 556 2701 δ’
570 2675 630 2702 ὑπὸ
642 2676 788 2710 Καρκίνος
799 2677 876 2705 ἐστί·

85 2708 187 2734 Ποσσὶ
200 2707 227 2743 δέ
240 2707 486 2744 ὀπισθοτέροισι⁶¹
501 2707 585 2737 Λέων
596 2711 654 2738 ὑπὸ
665 2707 743 2740 xime
751 2707 876 2747 φᾶεινει.

123 2764 147 2780 ⁸⁸
161 2773 205 2798 ηρ.
226 2765 272 2792 ὑπ’
285 2766 469 2803 ἀμφοτέροισι.

935 2302 1067 2331 obscuras
1081 2304 1302 2332 conslellationes
1318 2309 1348 2332 ut
1369 2306 1514 2341 plurimum
1536 2314 1633 2335 vocare
1654 2308 1723 2336 solet

935 2353 1023 2376 tenues
1040 2353 1067 2377 et
1086 2350 1193 2377 minime
1203 2350 1332 2378 illustres.

969 2447 1003 2475 Χ.
1021 2448 1062 2475 Ad
1082 2447 1140 2474 hmo
1157 2448 1191 2475 de
1204 2448 1274 2476 Ursa
1291 2450 1401 2484 penitus
1418 2450 1562 2478 aberrasse
1576 2450 1720 2484 videntur,

934 2493 1069 2528 imprimis
1078 2493 1208 2521 Eudoxus
1221 2493 1294 2521 huuc
1309 2495 1337 2521 in
1347 2495 1456 2522 modum
1472 2496 1614 2524 scribens:
1635 2505 1644 2521 ι
1664 2496 1721 2523 Sub

933 2540 1023 2574 capite
1043 2539 1156 2574 majoris
1174 2540 1251 2568 Ursa:
1280 2540 1325 2568 siti
1348 2546 1413 2569 sunt
1437 2541 1560 2573 Gemini;
1581 2542 1607 2568 in
1630 2542 1719 2568 medio

932 2593 997 2613 vero
1021 2585 1145 2620 Cancer;
1169 2586 1221 2614 sub
1253 2587 1452 2622 posterioribus
1473 2587 1588 2623 pedibus
1624 2586 1690 2614 Leo.
1706 2596 1715 2614 ι

930 2633 1031 2659 Aratus
1044 2635 1133 2659 autem
1148 2640 1155 2658 :

933 2679 989 2707 Sub
999 2679 1085 2713 capite
1096 2686 1154 2705 vero
1164 2678 1247 2709 illius,
1261 2677 1362 2705 Gemini
1375 2687 1384 2706 :
1400 2679 1447 2706 sub
1458 2678 1542 2706 medio
1557 2677 1714 2706 Cameren.

932 2714 969 2745 At
987 2713 1097 2750 pedibus
1113 2713 1160 2741 sub
1174 2713 1299 2741 ambobus
1310 2714 1362 2742 Leo
1373 2715 1444 2741 clare
1458 2714 1538 2749 fulget

124 2821 572 2861 (5;)Hougaéuampdrspm.
588 2825 721 2854 Videntur
735 2826 793 2855 haec
819 2828 871 2855 mi-
923 2827 1007 2860 talus,
1023 2832 1075 2855 nec
1099 2830 1191 2854 tamen
1218 2826 1347 2855 diﬂitetur-
1372 2826 1453 2861 paulo
1477 2824 1567 2852 minus
1592 2824 1715 2857 illustres

87 2864 142 2888 nus
158 2857 275 2896 integra.
289 2857 411 2896 Cgrrige,
422 2857 558 2896 06me
567 2861 606 2888 δέ.
624 2862 732 2894 Stellas,

87 2892 219 2932 manibus
232 2897 295 2932 sunt
309 2892 486 2932 Sa-t-peutat-ii,
499 2892 573 2932 haud
589 2896 657 2924 adeo
671 2892 869 2932 splendidiores

88 2934 153 2956 esse
169 2928 227 2955 vult
243 2928 275 2958 iis
291 2937 352 2964 quae
368 2935 431 2958 sunt
458 2930 484 2959 in
499 2930 629 2966 humeris,
647 2928 806 2969 ut'putavit
822 2933 868 2961 At-

757 2870 818 2897 quae
840 2863 870 2890 in
923 2863 1020 2890 fuisse.

960 2897 1018 2933 (54)
1032 2896 1300 2936 Leviterporruptus
1318 2897 1405 2926 locus.
1420 2895 1502 2926 Forte
1512 2896 1713 2936 ὑπολαμϐάνειν

923 2931 971 2970 ταί
985 2931 1051 2968 etc.,
1068 2931 1198 2960 εἰθίσθαι.
