1923 3137
203 197 213 223 ί
220 196 272 224 0‘23

695 183 740 210 AD
760 180 897 210 EUSEBII-
915 175 1116 206 CHRONICON‘
1131 169 1304 201 APPENDIX

1762 159 1830 188 ιοει

202 256 308 288 Quibus
324 253 430 280 Attalus
450 249 594 283 ceterique
620 245 924 288 subscribunbomnes.
955 238 985 288 in

1054 232 1083 266 ’ἴς
1098 234 1112 260 ὃ
1126 241 1156 259 τε
1175 229 1308 260 Ἄτταλος
1337 226 1382 254 καὶ
1408 226 1432 252 οἱ
1460 224 1546 252 λοιποὶ
1578 223 1681 254 πάντες
1718 229 1830 248 συνεπι-

1082 280 1088 288 ι
1138 286 1185 288 νην
1212 277 1272 288 m_.
1291 274 1318 288 ιι.
1337 271 1476 288 summa..."
1502 271 1532 288 ξν
1547 269 1648 288 ...ηπ-...υ
1665 267 1727 288 ἐστι
1749 274 1830 288 ωας,

203 283 255 327 hoc
270 307 335 326 vero
351 297 417 328 falli,
438 303 471 322 ex
484 302 517 322 eo
535 291 709 320 manifestum
721 292 773 317 est.
789 286 856 314 Nam
871 283 984 318 majoris

203 345 281 373 Ursae
298 346 381 378 caput
396 350 429 369 ex
441 341 562 371 illorum,
576 346 645 373 quos
661 335 728 367 dixi,
742 334 887 365 sententia,
907 330 985 359 stella

203 395 246 417 est
259 377 394 416 borealior
408 387 525 413 duarttm
541 382 760 411 antecedentium
777 381 805 407 in
827 377 961 406 laterculo
976 383 984 402 ε

203 440 232 462 at
249 435 276 462 in
295 434 409 469 pedibus
421 431 604 460 anterioribus
620 429 670 457 sita
691 431 734 455 est
747 425 904 454 earumdem
921 424 985 451 stel~

204 482 292 508 larum
308 479 465 506 anstralior.
489 476 565 510 Quod
587 476 660 503 enim
680 473 785 501 stellam
802 473 882 499 istam
901 470 928 497 in
942 477 988 497 ca-

205 527 261 562 pite
275 526 421 557 collocent,
440 525 507 552 satis
524 530 557 550 eo
573 522 771 551 demonstrant,
786 519 858 554 quod
881 516 987 545 stellam

205 573 233 599 in
246 576 367 599 extrema
384 570 515 597 Draconis
526 569 612 596 cauda
628 567 756 602 positam,
771 565 798 592 in
808 565 885 592 Ursa;
898 562 989 597 capite

206 615 383 642 constitutam
399 623 459 642 esse
484 614 585 641 dicant.
602 612 684 647 Atqui
696 610 771 638 nulla
785 613 828 637 est
842 609 893 636 alia
910 607 989 635 stella

205 661 284 696 juxta
297 669 375 693 eam,
393 668 453 696 qua:
472 652 515 688 est
536 660 564 686 in
591 663 712 687 extrema
734 655 821 684 cauda
844 654 988 686 Draconis,

208 710 389 742 praeterquam
411 706 547 734 borealior
567 703 785 732 antecedentium
801 702 828 728 in
844 700 987 728 laterculo.

209 752 350 787 Siquidem
366 753 443 779 stella
462 753 514 778 ista
531 759 591 786 quae
603 754 644 777 est
662 750 690 776 in
712 748 884 777 extremitate
897 745 991 774 caudae

210 797 352 828 Draconis,
367 797 471 824 obtinet
488 797 514 823 in
538 796 667 831 parallelo
691 794 795 822 circulo
814 792 914 820 Leonis
929 799 992 827 par-

209 847 264 870 tem
280 842 403 874 tertiam;
421 842 498 869 stella
514 849 594 874 vero,
609 840 642 867 de
654 847 708 874 qua
721 839 851 870 diximus,
867 839 896 864 in
910 838 991 864 later-

210 888 273 915 culo
290 888 353 919 sita,
369 887 450 922 paulo
477 887 569 913 minus
599 886 680 913 tertia
695 889 772 920 parte
784 885 844 918 ejus
865 887 990 917 occupat.

211 933 278 960 Nam
297 933 369 968 quod
387 934 414 960 in
430 933 614 960 anterioribus
630 931 744 966 pedibus
755 930 902 958 australior
917 932 990 956 ante-

211 978 367 1006 cedentium
387 979 415 1005 in
435 978 567 1005 laterculo
578 978 632 1005 sita
647 978 692 1009 sit,
707 977 786 1003 docet
804 975 930 1002 Eudoxus
953 974 995 1001 his

213 1025 305 1052 verbis
322 1034 328 1051 :
351 1034 360 1050 ι
384 1025 454 1052 Ante
472 1024 556 1059 pedes
587 1024 739 1051 anteriores
753 1021 830 1050 Ursa:
855 1022 932 1050 stella
953 1025 996 1048 est

215 1070 316 1097 lucida.
338 1079 347 1095 ›
362 1069 429 1096 Tum
444 1070 563 1096 Aratus:

216 1158 311 1220 qulis
328 1159 352 1185 ei
370 1163 429 1185 ante
445 1158 521 1192 pedes
538 1158 622 1192 fertur
635 1157 757 1192 claraque
775 1163 936 1191 magnaque,

243 1202 278 1220 na
292 1194 396 1220 auidem
416 1193 462 1220 sub
478 1194 606 1220 humeris.
619 1201 672 1220 una
690 1201 748 1219 vero
764 1192 851 1219 lumbo
866 1197 936 1217 tenus

1038 280 1198 316 γράφονται.
1212 277 1274 302 Ὅτι
1291 274 1319 300 δὲ
1336 271 1486 306 ἀγνοοῦσιν,
1502 271 1533 297 ὲκ
1547 269 1648 296 τούτων
1664 267 1727 294 ἐστὶ
1749 274 1830 301 φανε-

1118 324 1151 350 Ἡ
1166 322 1214 358 μὲν
1227 321 1281 357 γὰρ
1302 318 1406 353 κεφαλὴ
1420 318 1469 352 τῆς
1485 315 1604 351 μεγάλης
1621 311 1830 362 ’Δρκτου-καῖεὰ

1040 357 1104 401 σοὺς
1117 357 1332 404 προειρημένους
1345 363 1443 398 ἄνδρας
1455 361 1526 388 ἐστὶν
1535 362 1548 387 6
1562 358 1734 395 βορειότερος
1744 357 1830 392 ἀστὴρ

1039 416 1091 443 τῶν
1101 415 1123 451 β’
1133 414 1185 441 τῶν
1195 411 1351 448 ἡγουμένων
1361 410 1389 436 ὲν
1397 407 1435 443 τῷ
1444 406 1564 440 πλινθίῳ·
1574 405 1620 431 ἐπὶ
1631 405 1660 431 δὲ
1669 404 1725 430 τῶν
1731 404 1744 429 ὲ
1748 410 1830 437 μπρορ

1041 462 1122 488 σθίων
1137 459 1224 486 ποδῶν
1239 459 1325 484 κεῖται
1339 457 1354 482 ὁ
1367 454 1524 489 νοτιώτερος
1531 452 1584 478 τῶν
1596 450 1686 478 αὐτῶν
1695 449 1829 484 ἀστέρων.

1041 507 1103 533 Ὅτι
1122 507 1168 542 μὲν
1182 505 1236 540 γὰρ
1250 505 1264 530 6
1279 500 1476 537 προειρημένος
1491 498 1576 533 ἀστὴρ
1593 497 1653 523 κατ’
1671 495 1773 526 αὐτοὺς
1786 493 1831 519 ἐπὶ

1041 554 1089 588 τῆς
1115 552 1235 586 κεφαλῆς
1251 551 1350 581 κεῖται,
1373 547 1489 583 φανερὸν
1518 545 1595 572 τοῦτο
1610 542 1736 570 ποιοῦσιν
1755 541 1786 567 ἔκ
1800 549 1831 566 τε

1041 587 1088 626 τοῦ
1098 599 1186 632 λέγειν
1197 598 1241 624 τὸν
1251 597 1279 622 ὲν
1293 596 1364 630 ἄκρᾳ
1378 595 1410 629 τῇ
1426 593 1493 628 οὐρᾷ
1502 591 1548 618 τοῦ
1561 590 1715 626 Δράκοντος
1729 587 1832 621 ἀστέρα

1042 644 1147 672 κεῖσθαι
1161 643 1231 670 κατὰ
1243 641 1292 677 τὴν
1314 639 1433 674 κεφαλὴν
1447 638 1496 673 τῆς
1514 637 1644 673 Ἄρκτου.
1669 635 1728 661 Οὐκ
1753 632 1832 664 me;

1043 690 1096 726 γὰρ
1122 691 1210 717 κεῖται
1235 687 1323 722 ἀστὴρ
1350 685 1420 712 κατὰ
1443 684 1489 711 τὸν
1507 684 1534 710 ὲν
1556 682 1628 717 ἄκρᾳ
1642 682 1676 716 τῇ
1693 680 1765 715 οὐρᾷ
1784 679 1831 705 τοῦ

1044 724 1202 771 Δράκοντος,
1219 733 1274 760 ἀλλ’
1289 733 1303 758 6
1319 731 1485 766 βορειότερος
1501 729 1555 756 τῶν
1572 727 1733 763 ἡγουμένων
1751 725 1780 751 ὲν
1793 724 1832 758 τῷ

1044 781 1167 816 πλινθίον
1186 781 1200 806 ὸ
1217 779 1264 815 μὲν
1292 780 1345 814 γὰρ
1362 779 1390 804 ἐν
1404 778 1476 812 ἄκρᾳ
1490 777 1524 811 τῇ
1537 775 1605 812 οὐρᾷ
1618 773 1665 800 τοῦ
1680 772 1833 808 Δράκοντος

1044 826 1148 862 ἐπέχει,
1172 825 1210 857 ὡς
1232 823 1303 851 κατὰ
1324 821 1492 858 παράλληλον
1521 819 1629 850 κύκλον,
1654 817 1702 843 τοῦ
1718 817 1834 846 Λέοντος

1047 872 1102 908 μοί.
1118 876 1142 906 γ’
1152 881 1158 887 ·
1174 872 1187 898 ὁ
1201 871 1228 897 δὲ
1248 869 1390 906 εἰρημένος
1410 867 1496 902 ἀστὴρ
1515 867 1542 892 ὲν
1557 865 1595 900 τῷ
1612 864 1727 898 πλινθίῳ
1739 862 1835 908 ἐπέχει

1008 920 1029 947 Β
1043 905 1089 944 σοῦ
1098 905 1208 947 Λέοντος
1217 905 1308 950 μικρῷ
1326 913 1437 940 ἔλασσον
1447 911 1500 938 τῶν
1513 914 1537 944 γ’
1547 909 1657 946 μοιρῶν,
1674 909 1735 933 Ὀτι
1748 906 1778 932 δὲ
1789 905 1836 931 ἐπὶ

1045 963 1099 989 τῶν
1126 960 1300 997 ἐμπροσθίων
1328 958 1415 985 ποδῶν
1440 958 1526 983 κεῖται
1545 957 1559 982 6
1589 953 1750 988 νοτιώτερος
1780 951 1837 977 τῶν

1046 996 1205 1044 ἡγουμένων
1229 1008 1257 1033 ὲν
1276 1006 1315 1041 τῷ
1330 1004 1452 1039 πλινθίῳ,
1467 1002 1581 1038 φανερὸν
1597 1001 1669 1027 ποιεῖ
1682 1000 1697 1025 6
1713 999 1763 1034 μὲν
1784 996 1838 1024 Εὔα

1046 1042 1123 1085 δοξος
1137 1052 1224 1086 λέγων
1238 1050 1324 1082 οὕτως
1334 1059 1340 1065 ⁸
1359 1059 1367 1074 ι
1381 1049 1437 1084 Πρὸ
1447 1048 1474 1075 δὲ
1483 1047 1537 1074 τῶν
1553 1044 1725 1082 ἐμπροσθίων
1745 1042 1839 1069 ποδῶν

1046 1097 1096 1131 τῆς
1113 1097 1231 1131 Ἄρκτου
1250 1094 1336 1130 ἀστήρ
1350 1094 1408 1120 ἐστι
1420 1091 1544 1128 λαμπρός
1554 1099 1561 1106 ·
1578 1100 1587 1116 ι
1597 1091 1611 1116 ὁ
1627 1089 1656 1115 δὲ
1669 1089 1802 1123 Ἄρατος·

1046 1151 1114 1186 Οἷός
1130 1154 1156 1180 οὶ
1172 1152 1228 1185 πρὸ
1245 1151 1345 1178 ποδῶν
1360 1150 1477 1186 φέρεται
1490 1148 1586 1186 ualet;
1599 1155 1630 1174 τε
1645 1147 1740 1186 μέγας
1753 1152 1790 1171 τε

243 1202 278 1220 na
292 1194 396 1228 quidem
416 1181 462 1220 sub
478 1181 606 1226 Itum'eris,
619 1201 672 1220 una
690 1181 748 1219 ueTro
764 1181 851 1228 ίιιῃιῖο
866 1181 1000 1228 (enimide-

1054 1181 1170 1223 εἶς’μὲν
1183 1181 1232 1215 ὖπ*
1247 1181 1376 1222 ὡμαίωνῖ
1389 1181 1433 1217 sic
1446 1184 1470 1211 δ’
1487 1183 1605 1215 ιξυόθεν
1618 1181 1793 1209 κατιόντων.

795 1225 997 1262 [scendeutibus.

250 1284 318 1312 Nam
344 1285 534 1312 australiorem
561 1284 781 1312 antecedentium
809 1284 838 1310 in
867 1283 999 1311 laterculo

217 1329 345 1365 praecedit
357 1339 412 1357 una
424 1331 613 1358 tantummodo
625 1330 713 1357 lucida
731 1330 826 1363 stella;
838 1337 899 1364 qua:
912 1330 938 1356 in
952 1336 1000 1356 an-

218 1377 364 1404 terioribus
378 1378 505 1405 cruribus
517 1377 651 1412 hodieque
665 1380 843 1404 monstratur.

253 1423 350 1458 Atque,
361 1428 390 1450 ut
403 1424 529 1451 universe
540 1423 667 1456 dixerim,
680 1427 785 1450 veteres
794 1430 888 1449 omnes
897 1425 1000 1456 septem

219 1470 285 1496 solis
305 1469 391 1496 stellis
415 1469 514 1497 Ursam
535 1469 706 1504 configurare
728 1468 860 1496 solebant.
886 1467 928 1494 Fit
951 1475 1001 1494 au-

220 1521 284 1547 tem,
299 1515 371 1549 quod
386 1523 401 1541 a
419 1515 498 1542 nobis
511 1515 614 1542 dictum
631 1519 683 1549 est,
699 1516 726 1542 in
738 1515 842 1542 minore
859 1513 927 1541 Ursa
945 1521 1002 1540 ma-

222 1560 359 1587 nifestius.
375 1560 490 1588 Constat
504 1561 576 1588 enim
593 1565 675 1595 caput
692 1560 752 1594 ejus
767 1568 799 1586 ac
815 1559 897 1594 pedes
917 1560 943 1586 in
967 1559 1001 1586 iis

221 1609 340 1640 quatuor
352 1606 481 1632 collocari
492 1607 589 1638 stellis,
608 1614 669 1642 qua;
682 1606 844 1633 laterculum
863 1605 1000 1632 ambiunt:

221 1651 322 1686 quippe
348 1652 428 1678 nulla:
449 1651 517 1687 ipsis
537 1652 661 1687 adjacent
674 1652 734 1678 aliae
753 1651 910 1686 splendidae,
931 1651 1003 1677 velut

224 1697 319 1731 majori
343 1697 493 1731 laterculo;
511 1703 540 1724 ut
556 1698 629 1726 illius
654 1701 735 1732 caput
758 1704 789 1723 ac
811 1697 894 1732 pedes
913 1696 1004 1723 defor-

223 1747 307 1776 ment,
322 1751 382 1778 qua:
396 1743 526 1772 Draconis
549 1745 623 1779 spira
644 1743 809 1775 circumdat,
824 1746 854 1770 ut
876 1741 946 1770 idetn
960 1749 1004 1769 as-

224 1789 291 1816 serit
307 1797 313 1815 :

225 1889 258 1917 In
270 1891 342 1925 spira
358 1899 415 1918 vero
429 1889 568 1925 Cynosura
584 1894 661 1924 caput
676 1889 761 1917 habet.
778 1889 841 1960 {lux
853 1893 938 1930 autem
955 1891 1006 1916 cir-

790 1933 847 1951 cum
866 1933 953 1959 ipsum

790 1933 847 1951 cum
866 1933 953 1959 Ipsum

232 1960 351 1987 Volvitur
364 1964 459 1995 caput,
476 1960 549 1996 eique
563 1960 596 1987 ad
609 1959 698 1995 pedem
713 1959 793 1995 usque
809 1961 934 1994 pervenit.

262 2016 326 2050 Quae
338 2025 399 2044 cum
414 2017 451 2043 ita
467 2024 496 2044 se
512 2016 639 2049 habeant,
656 2016 702 2052 qui
725 2015 783 2043 ﬁeri
799 2019 898 2050 potest,
911 2018 940 2042 ut
956 2015 1008 2042 sub

227 2062 295 2090 Ursa
311 2062 417 2089 Gemini
445 2070 477 2089 ac
492 2062 595 2090 Cancer
607 2062 731 2097 jaceant,
747 2063 769 2090 si
789 2061 898 2096 quidem
927 2064 1009 2096 caput

227 2109 433 2143 anterioresque
446 2108 528 2143 pedes
540 2109 567 2135 in
582 2107 681 2135 Leonis
692 2111 769 2142 parte
784 2107 863 2134 tertia
872 2107 1008 2135 collocen-

227 2155 290 2182 tur?
315 2154 451 2187 Quocirca
473 2155 548 2182 solus
573 2154 624 2181 sub
640 2153 709 2180 Ursa
734 2152 788 2180 Leo
800 2151 1009 2179 constituendus

227 2205 278 2228 est.
298 2200 364 2227 Nam
374 2208 436 2235 quae
449 2200 476 2227 in
494 2200 690 2235 posterioribus
704 2199 774 2225 inest
787 2197 863 2226 Ursa!
882 2197 1008 2232 pedibus,

227 2246 256 2273 in
269 2246 370 2280 quibus
384 2245 533 2272 australior
550 2244 755 2272 succedentium
771 2243 798 2270 in
814 2243 945 2270 laterculo
956 2242 1009 2269 sita

227 2295 280 2324 est,
298 2291 396 2318 Leonis
417 2291 508 2318 minus
524 2290 629 2317 obtinet
644 2294 720 2324 parte
732 2289 777 2315 25.
793 2288 910 2315 Oumino
933 2295 1008 2320 vero,

229 2337 252 2364 si
281 2336 450 2371 propositum
476 2335 527 2361 hoc
550 2339 632 2367 esset,
653 2341 700 2368 per
722 2337 805 2360 totam
825 2332 921 2360 Ursam
937 2336 1010 2360 aste-

229 2381 330 2407 rismos
357 2380 428 2406 ullos
443 2379 604 2414 designare;
623 2379 675 2406 sub
686 2386 717 2406 ea
730 2377 869 2413 Virginem
891 2377 1010 2404 maxime

229 2432 330 2461 ponere
347 2425 489 2459 oportuit:
507 2424 561 2451 imo
580 2424 725 2451 Clielarum
749 2423 872 2458 profecto
893 2426 1008 2457 partem.

229 2471 337 2498 Etenim
350 2478 410 2505 quae
424 2474 465 2498 est
477 2470 503 2496 in
516 2475 637 2497 extrema
647 2469 722 2497 Ursa:
736 2469 832 2500 cauda,
848 2468 882 2496 de
895 2472 1009 2503 septem,

228 2524 289 2552 quae
304 2520 369 2544 sunt
393 2516 426 2543 ad
439 2516 583 2557 orientem,
598 2516 693 2542 ultima
704 2534 711 2547 ,
728 2515 876 2542 secundum
892 2514 1010 2549 paralle-

229 2563 284 2589 lum
300 2562 483 2598 aequinoctiali
500 2561 633 2589 circulum
648 2564 752 2595 partem
771 2561 915 2588 Chelarum
933 2558 1010 2594 105

228 2607 334 2634 obtinet
344 2611 470 2642 quartam
482 2615 489 2640 ;
499 2606 572 2641 quod
582 2607 622 2633 sic
638 2605 751 2640 intelligi
765 2605 836 2637 volo,
851 2608 881 2632 ut
895 2605 1010 2639 tropica,

230 2657 256 2680 ct
272 2653 475 2688 mquinoctialia
495 2656 595 2687 puncta
615 2652 642 2678 in
658 2651 797 2687 signorum
812 2650 954 2686 principiis
969 2650 1012 2676 lo.

231 2703 340 2726 centur.
357 2698 405 2726 Sin
420 2706 451 2726 ea
476 2705 539 2725 cum
555 2697 666 2724 Eudoxo
681 2696 779 2724 mediis
805 2695 890 2731 signis
915 2695 1013 2722 inscri-

267 2777 289 2791 "
307 2777 326 2810 f.
344 2777 358 2803 6
372 2777 434 2812 γάρ.

270 2852 325 2887 (55)
340 2854 373 2879 EI
382 2853 517 2887 μέντοιγε
535 2852 572 2879 τὰ
586 2850 733 2886 εἰρημένα.
752 2849 820 2887 Vide
835 2856 900 2887 (μιδῖ
909 2849 942 2876 de
953 2847 1005 2887 Ἐυ-

235 2886 299 2916 doni
315 2885 460 2921 Sententia,
485 2885 512 2915 et
533 2885 614 2916 mira
632 2885 779 2922 Hipparchi
804 2885 1013 2913 hallucinat'tone

1085 1277 1139 1304 Τοῦ
1154 1277 1208 1312 γὰρ
1216 1275 1374 1311 νοτιωτέρου
1388 1273 1441 1300 τῶν
1454 1271 1612 1308 ἡγουμένων
1628 1271 1657 1296 ὲν
1670 1269 1709 1304 τῷ
1723 1267 1840 1303 πλινθίῳ

1049 1321 1089 1356 εἷς
1113 1324 1193 1359 μόνος
1216 1323 1376 1358 προηγεῖται
1391 1320 1516 1356 λαμπρὸς
1528 1317 1624 1353 ἀστὴρ,
1641 1317 1656 1342 6
1673 1316 1720 1343 νῦν
1736 1316 1767 1341 ὲν
1782 1316 1840 1345 τοῖς

1049 1370 1227 1406 ἐμπροσθίοις
1242 1368 1349 1395 σκέλεσι
1362 1366 1450 1394 δεικνύ
1456 1373 1543 1401 μενος.

1086 1415 1208 1442 Καθόλου
1222 1423 1252 1441 τε
1267 1415 1289 1440 οἱ
1303 1414 1409 1449 ἀρχαῖοι
1425 1411 1523 1443 πάντες
1537 1410 1586 1444 τὴν
1599 1409 1716 1444 ’Λρκτον
1733 1408 1766 1433 ὲκ
1785 1406 1841 1432 τῶν

1051 1463 1072 1494 ζ’
1088 1462 1175 1498 μόνων
1189 1460 1310 1496 ἀστέρων
1318 1458 1469 1486 διετύπουν.
1482 1456 1598 1492 Φανερὸν
1609 1455 1638 1481 δὲ
1652 1454 1752 1490 μᾶλλον
1768 1453 1842 1486 γίνε-

1050 1518 1094 1535 ται
1109 1508 1140 1534 τὸ
1152 1507 1295 1543 λεγόμενον
1311 1507 1354 1540 ὑφ’
1374 1504 1451 1540 ἡμῶν
1470 1503 1515 1530 ἐπὶ
1528 1503 1578 1537 τῆς
1590 1502 1692 1536 μικρᾶς
1708 1501 1840 1534 Ἄρκτου.

1058 1552 1295 1589 Ὀμολογουμένως
1319 1551 1373 1586 γὰρ
1400 1550 1443 1576 ἐπ’
1465 1549 1571 1583 ἐκείνης
1588 1547 1605 1582 ἢ
1625 1555 1655 1572 τε
1672 1545 1782 1580 κεφαλὴ
1797 1545 1843 1570 καὶ

1015 1590 1036 1619 C
1053 1600 1077 1625 οἰ
1098 1598 1176 1629 πόδες
1191 1598 1220 1624 ὲν
1236 1598 1292 1628 τοῖς
1308 1596 1454 1630 ¹ιέσσοιρονιν
1469 1593 1512 1620 ὑπ’
1528 1591 1617 1618 αὐτῶν
1639 1590 1771 1620 τίθενται,
1787 1590 1843 1619 τοῖς

1053 1645 1084 1671 τὸ
1097 1643 1216 1670 πλινθίον
1230 1642 1414 1677 περιέχουσιν·
1432 1639 1505 1667 ἄλλοι
1529 1637 1583 1672 γὰρ
1603 1636 1695 1667 αὐτοῖς
1712 1635 1843 1668 ἐκφανεῖς

1054 1691 1083 1717 οὺ
1107 1689 1294 1724 παράκεινται,
1306 1686 1430 1720 καθάπερ
1443 1684 1481 1719 τῷ
1500 1682 1608 1718 μεγάλῳ
1623 1680 1751 1714 πλινθίῳ·
1773 1679 1843 1705 ὥστε

1055 1735 1257 1772 συσχηματίσαι
1273 1733 1323 1768 τὴν
1339 1731 1459 1766 κεφαλὴν
1478 1729 1561 1764 αὐτῆς
1588 1728 1635 1753 καὶ
1659 1726 1722 1757 τοὺς
1748 1725 1842 1755 πόδας,

1056 1780 1340 1817 περιλαμϐανομένους
1360 1777 1412 1804 ὑπὸ
1425 1776 1474 1811 τῆς
1490 1774 1603 1809 σπείρας
1617 1771 1664 1798 τοῦ
1679 1771 1841 1806 Δράκοντος·

1056 1827 1093 1859 ὥς
1109 1835 1175 1862 φησι
1185 1834 1192 1841 ο

1057 1884 1166 1917 sicalng
1188 1881 1214 1908 δ’
1240 1881 1275 1907 ἐν
1303 1879 1480 1911 Κυνόσουρα
1503 1875 1577 1910 κάρη
1597 1875 1677 1909 ἔχει’
1693 1873 1842 1944 {iugatas

1705 1916 1804 1934 αυτ-τη·

1056 1950 1184 1977 Εἱλεῖται
1199 1947 1346 1982 κεφαλὴν,
1359 1946 1409 1973 καί
1425 1948 1451 1973 οὶ
1463 1945 1555 1978 ποδὸς
1568 1917 1798 1979 ἔρχεται

1093 2005 1193 2032 Τούτου
1209 2004 1231 2031 δ’
1246 2003 1331 2034 οὕτως
1344 2002 1459 2037 ἔχοντος,
1472 2001 1529 2033 πῶς
1542 2002 1598 2027 ἐστι
1607 1999 1720 2026 δυνατὸν
1731 1998 1784 2025 ὑπὸ

1060 2053 1176 2088 ’Ἄρκτον
1189 2050 1251 2081 τούς
1267 2058 1295 2075 τε
1308 2049 1439 2083 Διδύμους
1454 2048 1501 2074 καὶ
1515 2047 1560 2073 τὸν
1576 2045 1713 2081 Καρκίνον
1728 2043 1844 2074 κεῖσθαι.

1059 2097 1137 2132 εἴπερ
1149 2096 1166 2130 ἦ
1181 2104 1210 2121 τε
1224 2094 1337 2129 κεφαλὴ,
1347 2094 1393 2119 καὶ
1410 2093 1435 2119 οἱ
1448 2090 1606 2127 ἐμπροσθιοι
1619 2090 1697 2121 πόδες
1709 2088 1784 2116 κατὰ
1800 2088 1845 2123 τὴν

1059 2147 1083 2177 γ’
1100 2142 1146 2170 τοῦ
1159 2142 1272 2172 Λέοντος
1292 2142 1394 2171 κεῖνται
1410 2140 1522 2174 μοῖραν;
1539 2138 1584 2163 Δεῖ
1594 2135 1640 2163 οὖν
1652 2136 1706 2163 ὑπὸ
1727 2135 1777 2171 μὲν
1799 2135 1846 2169 τὴν

1062 2189 1178 2224 ’Ἄρκτον
1192 2187 1236 2213 τὸν
1245 2186 1346 2213 Λέοντα
1368 2184 1445 2219 μόνον
1458 2183 1595 2218 τετάχθαι.
1612 2183 1645 2208 Ol
1654 2181 1739 2216 γὰρ⁵¹
1748 2181 1777 2206 ἐν
1793 2181 1846 2210 τοῖς

1061 2233 1192 2264 ὀπισθίοις
1205 2231 1288 2266 αὐτῆς
1302 2230 1391 2261 ποσὶν,
1402 2230 1443 2264 ὲφ⁴
1454 2226 1491 2255 ὧν
1509 2229 1581 2254 ἐστιν
1592 2229 1605 2254 6
1619 2227 1782 2262 νοτιώτερος
1795 2225 1847 2251 τῶν

1063 2279 1202 2314 ἑπομένων
1216 2279 1243 2304 ὲν
1259 2277 1298 2312 τῷ
1309 2275 1431 2310 πλινθίῳ,
1444 2275 1489 2301 τοῦ
1503 2274 1615 2304 Λέοντος
1629 2273 1723 2308 ἐπέχει
1737 2272 1848 2298 ἔλασσον

1061 2324 1116 2351 τῶν
1125 2327 1162 2350 κε’
1174 2322 1284 2359 μοιρῶν.
1299 2322 1360 2352 Τοῖς
1372 2320 1393 2347 δ’
1401 2320 1481 2351 ὅλοις,
1490 2319 1568 2354 εἴπερ
1577 2318 1721 2354 προέκειτο
1730 2317 1848 2356 σημῆναί

1062 2380 1122 2397 τινα
1133 2370 1215 2402 ζώδια
1223 2368 1355 2403 καθ’ὃλην
1371 2367 1419 2402 τὴν
1438 2366 1564 2402 Ἀρκτον,
1579 2364 1631 2391 ἔδει
1645 2363 1694 2399 τὴν
1711 2363 1848 2399 Παρθένον

1063 2418 1109 2444 ὑπ’
1124 2415 1208 2450 αὐτὴν
1227 2414 1316 2446 τάξαι,
1331 2413 1377 2440 καὶ
1394 2413 1426 2447 νὴ
1451 2412 1499 2438 Δία
1521 2411 1603 2446 μέρος
1619 2409 1675 2436 τῶν
1695 2409 1805 2444 Χηλῶν.
1822 2409 1848 2435 ὐ

1064 2463 1117 2498 γὰρ
1131 2463 1160 2489 ὲν
1174 2462 1246 2497 ἄκρᾳ
1264 2461 1296 2495 τῇ
1309 2459 1377 2494 οὐρᾷ
1392 2459 1440 2493 τῆς
1458 2458 1586 2492 Ἀρκτου,
1598 2456 1628 2487 ὃς
1647 2456 1722 2482 ἐστιν
1740 2455 1848 2489 ἔσχατος

1062 2510 1116 2536 τῶν
1131 2508 1198 2545 πρὸς
1215 2506 1344 2538 ἀνατολὰς
1354 2505 1406 2531 τῶν
1420 2504 1440 2536 ς’
1462 2503 1532 2530 κατὰ
1551 2501 1725 2538 παράλληλον
1740 2501 1778 2536 τῷ
1796 2502 1848 2535 ἰση-

1065 2554 1166 2591 μερινῷ
1188 2553 1290 2587 κύκλῳ,
1306 2551 1397 2586 ἐπέχει
1422 2549 1518 2585 Χηλῶν
1541 2549 1593 2584 μοῖ.
1608 2548 1643 2574 δ’·
1677 2547 1751 2582 λέγω
1771 2547 1798 2573 δὲ
1814 2546 1848 2577 ὡς

1064 2601 1118 2628 τῶν
1142 2599 1279 2636 τροπικῶν
1293 2598 1340 2624 καὶ
1361 2596 1523 2632 ἰσημερινῶν
1541 2594 1662 2629 mustum
1680 2594 1710 2620 ὲν
1727 2595 1787 2624 ταῖς
1802 2593 1847 2628 ἀρ-

1066 2649 1125 2683 χαῖς
1144 2646 1196 2673 τῶν
1219 2645 1320 2678 ζωδίων
1332 2642 1518 2678 ὑπαρχόντων.
1530 2641 1562 2667 El
1577 2640 1670 2675 μέντοι
1683 2649 1715 2673 γε
1732 2638 1767 2665 τὰ
1779 2640 1847 2672 εἰρη-

1068 2693 1136 2730 μένα
1153 2692 1210 2728 (55)
1225 2690 1295 2718 κατὰ
1320 2690 1390 2725 μέσα
1408 2688 1442 2715 τὰ
1459 2687 1541 2719 quam
1553 2687 1654 2716 κεῖται,
1674 2685 1713 2716 ὡς
1741 2683 1846 2715 Εςόοξός

1065 2847 1235 2881 disputamus
1247 2845 1327 2874 infra.
1341 2844 1396 2872 col.
1408 2843 1483 2871 ιω.
1495 2842 1642 2881 Depravata
1652 2845 1719 2881 sunt
1734 2847 1793 2875 qua
1807 2847 1844 2881 sev

1066 2873 1197 2917 quantur.
1219 2873 1374 2916 Legendum
1402 2886 1493 2907 assero
1518 2873 1590 2905 nono
1611 2877 1676 2905 inde
1704 2873 1784 2904 versu
1805 2873 1843 2902 τὸν
