1923 3137
220 112 287 140 1051

730 110 775 138 AD
793 109 930 140 EUSEBll
949 110 1149 139 CHRONICON
1166 110 1348 140 APPENDIX.

1782 116 1852 144 {0'52

218 178 264 198 res
282 174 346 198 sunt
360 169 394 198 iis
406 177 466 206 qure
485 175 547 197 sunt
563 169 590 196 in
617 164 797 197 Andromeda:
813 170 923 206 cingulo
945 179 951 197 :
971 178 1003 198 ac

1063 170 1183 207 πρότεροί
1200 173 1251 198 εἱσι
1270 172 1324 199 τῶν
1338 173 1367 198 ὲν
1381 172 1413 207 τῇ
1430 171 1502 208 ζώνῃ
1517 173 1565 208 τῆς
1581 172 1766 209 Ἀνδρομέδας
1778 182 1788 189 ο
1807 175 1853 208 ἐγ.

219 216 343 252 proxime
358 215 391 242 ad
405 223 450 243 eus
463 215 596 242 accedunt
612 222 672 249 qua:
702 216 729 242 in
752 216 891 252 triangulo
912 222 977 245 sunt
996 227 1002 244 :

219 265 250 289 ut
265 262 299 288 ab
312 261 351 288 eis
366 268 420 288 non
435 260 549 287 multum
562 264 742 294 superentur;
760 261 807 288 sed
825 265 852 288 et
880 261 925 289 illa
949 269 1006 296 prae

219 309 325 336 caeteris
342 307 489 341 conspicua
508 310 560 338 est,
586 313 647 341 quae
674 306 703 333 in
733 307 916 335 anterioribus
933 308 1007 335 illius

219 354 333 390 pedibus
348 356 390 380 est
401 353 499 388 posita.
513 352 595 380 Falso
614 353 727 388 insuper
742 356 769 380 et
789 353 857 380 illud
869 353 904 381 ab
923 353 1007 381 Arato

218 401 320 428 dictum
334 403 376 427 est
389 407 395 425 :

221 455 281 483 Illa:
292 463 351 482 vero
363 454 449 482 adhuc
462 456 596 488 anterius;
610 460 737 490 praeterea
750 460 836 482 autem
850 455 876 481 in
894 463 1006 490 procur-

787 490 868 526 [sibus
882 491 968 518 austri

219 526 347 554 Pisces...

253 572 321 600 Nam
337 580 509 607 nequaquam
533 573 613 600 ambo
628 576 692 600 sunt
705 572 798 600 Pisces
826 572 1006 600 australiores

218 618 330 651 Ariete,
346 619 393 646 sed
421 627 492 646 unus
514 619 646 646 duntaxat
664 619 785 647 illorum.
815 618 922 646 Etenim
946 627 1007 654 qua:

219 669 283 690 sunt
302 665 328 690 in
342 669 432 691 rostro
448 665 610 692 borealioris
622 664 753 696 Piscium,
772 664 853 698 paulo
870 672 931 691 cum
950 664 1007 691 sint

219 710 397 737 australiores
410 711 574 738 succedente
589 718 682 737 carum
695 717 755 745 quae
771 710 799 737 in
826 709 1007 737 Andromeda:

220 757 329 791 cingulo
340 764 354 783 a
369 751 574 790 septentrionali
593 757 654 791 polo
668 757 772 783 distant
801 756 925 791 partibus
949 755 983 782 70
997 765 1004 789 ;

219 802 385 829 antecedens
398 810 462 828 vero
474 810 567 829 earum
584 809 644 836 quae
655 806 719 828 sunt
735 802 762 828 in
781 801 867 828 cauda
883 801 966 828 distat
992 808 1007 828 a

1058 224 1139 250 γιστα
1150 216 1179 243 δὲ
1189 217 1236 243 καὶ
1252 217 1305 243 τῶν
1324 218 1353 243 ὲν
1365 217 1403 252 τῷ
1415 217 1539 254 τριγώνῳ
1565 219 1596 245 οὑ
1609 219 1678 246 πολὺ
1692 219 1854 254 λειπόμενοι

1058 261 1157 289 αὐτῶν.
1183 262 1280 294 Καλῶς
1299 263 1328 289 δέ
1350 263 1423 289 ἐστιν
1445 264 1564 300 ἐκφανὴς
1577 265 1625 291 καὶ
1643 266 1658 291 ὁ
1681 266 1710 291 ὲν
1734 267 1792 297 τοῖς
1806 267 1852 301 ἑμ-

1058 308 1197 344 προσθίοις
1213 309 1294 335 αὑτοῦ
1316 310 1378 336 ποσὶ
1398 309 1532 345 κείμενος.
1550 311 1666 342 Ψευδῶς
1690 311 1720 338 δὲ
1743 311 1853 345 λέγεται

1057 355 1105 381 καὶ
1117 355 1203 381 ταῦτα
1215 355 1267 382 ὑπὸ
1278 355 1325 382 τοῦ
1348 355 1462 391 ’Λράτου
1475 365 1481 371 ·

1059 458 1091 484 οι
1107 455 1133 483 δ’
1150 456 1194 490 ἆρ’
1209 457 1251 484 ἔτι
1263 456 1406 491 προτέρω·
1423 456 1467 483 ἔτι
1479 457 1504 483 δ’
1519 457 1554 484 ἐν
1566 457 1740 492 προϐολῇσι
1753 458 1852 485 mitam

1063 525 1182 560 Ἰχθύες.

1093 572 1129 599 Οὐ
1145 571 1198 607 γὰρ
1208 571 1356 607 ἀμφότεροι
1362 571 1515 606 νοτιώτεροί
1529 572 1581 597 εἱσι
1589 570 1637 598 τοῦ
1648 570 1750 606 Κριοῦ,
1768 571 1825 597 ἀλλ’
1837 573 1851 598 ὁ

1057 615 1097 650 εἷς
1113 619 1212 645 αὐτῶν.
1231 618 1283 644 Τοῦ
1307 618 1360 654 γὰρ
1376 618 1543 654 βορειοτέρου
1562 617 1663 653 Ἰχθύος
1683 618 1709 644 οἱ
1736 617 1785 652 μὲν
1805 617 1852 643 ἐπὶ

1056 664 1103 691 τοῦ
1125 664 1251 700 ῥύγχους,
1275 665 1365 700 μικρῷ
1387 664 1540 699 νοτιώτεροι
1556 665 1631 695 ὄντες
1647 663 1696 690 τοῦ
1716 663 1850 698 ἑπομένου

1057 710 1110 737 τῶν
1130 712 1158 737 ὲν
1176 712 1209 746 τῇ
1232 710 1303 746 ζώνῃ
1319 711 1369 745 τῆς
1388 710 1576 746 Ἀνδρομέδας,
1597 710 1651 737 ἀπὸ
1669 709 1718 736 τοῦ
1746 709 1850 745 βορείου

1058 756 1139 783 πόλου
1161 757 1290 791 ἀπέχουσι
1319 756 1372 792 μοί.
1391 756 1422 783 οἰ
1439 758 1453 782 ὁ
1474 757 1502 783 δὲ
1523 756 1675 792 ἡγούμενος
1697 756 1755 782 τῶν
1776 757 1804 782 ἐν
1817 757 1850 790 τῇ

1057 803 1125 839 οὐρᾷ
1137 803 1231 838 ἀπέχει
1243 803 1290 829 τοῦ
1307 802 1411 838 βορείου
1425 802 1506 828 πόλου
1521 802 1576 837 μοί.
1588 805 1642 836 οη¹·
1656 801 1712 828 τῶν
1728 801 1756 828 δὲ
1771 802 1800 827 ὲν
1813 801 1852 835 τῷ

219 849 282 883 polo
294 849 395 876 boreali
410 849 534 884 partibus
549 848 598 881 '78;
612 849 754 875 stellarum
770 856 852 883 porro
867 856 927 883 qum
943 852 1006 875 sunt

1063 849 1134 885 Κριῷ
1143 849 1287 885 ἀστέρωνό
1304 849 1351 884 μὲν
1364 849 1531 884 βορειότερος
1545 848 1591 874 καὶ
1602 848 1649 874 ἐπὶ
1667 847 1715 874 τοῦ
1733 847 1851 882 ῥύγχους

219 894 247 922 in
263 895 353 922 Ariete
368 895 504 922 borealior
517 896 544 921 in
562 898 652 921 rostro
671 894 723 921 sita
750 895 827 921 abest
841 901 856 920 a
872 894 934 929 polo
946 901 1008 928 par-

219 940 292 968 tibus
307 941 386 975 paulo
409 940 500 967 minus
519 939 551 966 78
579 949 586 967 :
605 940 645 966 sic
667 940 748 967 etiam
763 947 792 967 se
813 940 893 967 habet
912 947 1008 967 earum

220 995 280 1022 qua:
298 990 362 1013 sunt
381 986 409 1012 in
437 986 524 1013 cauda
542 986 688 1014 borcalior.
712 986 746 1013 At
760 993 820 1021 qua:
847 993 894 1021 per
921 989 1008 1012 totum

220 1040 320 1068 corpus
332 1032 433 1059 Arietis
448 1032 541 1058 insunt
557 1032 650 1063 stellae,
670 1039 765 1059 omnes
791 1031 845 1059 illis
864 1031 1008 1058 australio-

220 1086 263 1106 res
283 1082 356 1105 sunt.
372 1077 462 1110 Quare
477 1085 530 1104 non
546 1078 658 1105 dubium
668 1081 710 1105 est
724 1077 789 1113 quin
804 1076 924 1105 Piscium
942 1077 1009 1104 alter

221 1125 256 1152 sit
267 1124 359 1151 Ariete
371 1124 518 1151 borealinr.

255 1170 354 1199 Verum
381 1169 453 1205 quod
472 1169 504 1196 ad
520 1169 640 1197 Arietem
664 1169 785 1204 spectat,‘
807 1169 834 1196 in
862 1169 903 1196 his
920 1169 1007 1196 Altali

219 1218 311 1245 verbis
325 1218 410 1244 altera
422 1217 534 1252 insuper
549 1216 659 1243 inscitia
672 1219 725 1244 est.
741 1225 750 1241 ι
769 1215 837 1242 Cum
853 1215 926 1242 enim
948 1215 1008 1242 ani-

221 1263 404 1290 madverteret
417 1262 536 1289 Arietem
549 1269 636 1296 neque
651 1262 717 1289 salis
727 1268 859 1296 expresse
886 1260 1008 1288 delinea-

220 1313 289 1340 tum,
306 1316 392 1343 neque
408 1307 508 1334 lucidis
531 1307 619 1334 stellis
639 1314 700 1334 esse
716 1307 857 1341 praeditum
869 1327 876 1339 ,
893 1314 954 1341 qua:
965 1306 1007 1333 lu-

219 1359 297 1381 cente
311 1354 373 1380 luna
387 1353 493 1388 plenam
505 1353 613 1380 videndi
628 1352 670 1379 sui
687 1353 792 1388 copiam
809 1352 911 1379 faciant
924 1361 931 1385 ;
945 1358 1008 1380 cum

219 1400 462 1436 propinquioribus
478 1399 593 1427 estellis
618 1399 700 1426 situm
734 1399 842 1426 illarum
870 1399 1008 1434 explicare

220 1447 330 1480 nititur,
351 1451 408 1473 tum
424 1454 458 1473 ex
474 1446 507 1473 iis
525 1453 585 1480 quae
601 1447 628 1472 in
645 1445 740 1472 eodem
754 1453 817 1473 cum
833 1445 926 1473 Ariete
953 1446 1007 1472 cir-

219 1492 283 1519 cu-lo
301 1495 456 1518 moventur.
475 1500 484 1516 ›
506 1489 558 1518 Sed
575 1495 604 1517 ut
615 1490 739 1517 omittam
754 1489 860 1516 lucidas
875 1489 902 1516 in
916 1489 1007 1517 Ariete

219 1535 314 1563 stellas
329 1543 400 1567 esse,
412 1543 472 1570 quae
487 1539 561 1568 sunt,
588 1539 618 1561 ut
633 1535 764 1567 diximus,
779 1535 805 1560 in
821 1535 909 1569 capite
919 1555 926 1567 ,
958 1542 1008 1561 nec
1021 1528 1042 1556 c

220 1589 276 1608 non
291 1581 318 1608 in
331 1582 515 1609 anterioribus
533 1581 648 1616 pedibus
667 1590 673 1607 :
693 1581 758 1607 illud
771 1580 852 1608 etiam
865 1588 1006 1615 perperam

220 1626 359 1661 accepisse
379 1626 495 1659 videtur,
515 1627 675 1654 existimans
699 1626 782 1654 situm
798 1627 900 1654 Arietis
916 1625 1007 1653 decla-

220 1680 297 1700 rasse
308 1678 413 1707 poetam
430 1672 605 1708 perspicuum
627 1672 684 1700 fore
706 1673 740 1700 iis
755 1680 770 1700 e
784 1672 872 1700 stellis
896 1679 957 1708 quae
979 1673 1006 1699 in

220 1719 315 1746 eodem
331 1726 393 1746 cum
409 1719 467 1754 ipso
478 1719 581 1746 circulo
597 1718 723 1746 feruntur
737 1728 742 1745 :
759 1719 839 1753 cujus
859 1719 898 1745 rei
919 1719 1017 1754 gratia

219 1764 287 1792 illud
303 1765 439 1792 observat.
457 1763 558 1791 Verum
586 1765 660 1800 quod
684 1764 803 1792 Arietem
828 1765 1007 1800 consequitur

219 1819 368 1847 exponens,
382 1812 434 1838 ista
445 1811 558 1845 subiicit
575 1820 582 1837 :

255 1867 289 1895 1n
304 1867 388 1895 medio
403 1876 461 1895 vero
481 1869 540 1894 (erit
555 1869 644 1902 ingens
658 1867 751 1895 mlum
764 1875 773 1894 :
789 1868 834 1894 ubi
848 1872 972 1895 extrema:

256 1903 353 1936 Chelw,
367 1908 391 1930 et
408 1904 542 1938 cingulum
559 1904 644 1930 oritur
662 1903 782 1932 Orionis.

253 1961 323 1990 XIV.
335 1961 364 1990 In
383 1962 560 1997 sequentibus
578 1969 643 1989 vero
660 1961 732 1988 alius
760 1968 839 1988 error
858 1965 901 1988 est
916 1958 1005 1993 Arati,

219 2016 281 2036 cum
294 2009 328 2036 de
344 2008 444 2036 Perseo
456 2009 495 2036 sic
507 2009 627 2043 loquitur
645 2017 652 2035 :

254 2065 379 2094 Proxime
394 2074 452 2092 vero
466 2066 603 2093 sinistrum
619 2073 686 2100 genu
702 2064 848 2092 admodum
860 2072 948 2092 omnes

257 2101 378 2136 Vergilio;
393 2101 526 2135 feruntur.

253 2146 321 2173 Nam
346 2147 425 2182 longe
447 2147 523 2174 abest
542 2154 558 2173 a
584 2145 713 2181 Vergiliis
745 2145 888 2173 sinistrum
911 2144 1004 2172 Persei

1060 895 1183 930 κείμενος
1207 896 1303 931 ἀπέχει
1326 895 1424 931 μοίρας
1448 894 1538 930 μικρῷ
1558 895 1704 926 λειπούσας
1719 894 1775 920 τῶν
1791 898 1828 928 or;
1841 902 1851 909 ’

1060 941 1159 976 ὁμοίως
1171 942 1199 968 δὲ
1214 940 1300 977 τοῦτῳ
1321 942 1369 968 καὶ
1385 943 1399 968 ὁ
1416 942 1583 977 βορειότερος
1600 941 1653 968 τῶν
1669 942 1696 968 ὲν
1711 943 1745 976 τῇ
1771 941 1848 977 οὐρᾷ.

1060 987 1090 1014 Οἱ
1101 987 1132 1013 ’δὲ
1152 988 1180 1013 ἐν
1193 987 1245 1022 ὅλῳ
1266 986 1305 1022 τῷ
1319 987 1424 1022 σώματι
1447 988 1568 1022 κείμενοι
1583 986 1629 1013 τοῦ
1644 987 1731 1022 Κριοῦ
1751 987 1851 1018 πάντες

1060 1033 1114 1060 εἰσὶ
1135 1033 1288 1070 νοτιώτεροι
1309 1033 1421 1060 τούτων.
1438 1033 1521 1069 Δῆλον
1546 1031 1592 1060 οὖν
1618 1033 1658 1059 ὅτι
1680 1033 1850 1068 βορειότερός

1059 1078 1133 1104 ἐστιν
1148 1080 1162 1105 ὁ
1173 1076 1212 1110 εἷς
1224 1079 1278 1105 τῶν
1299 1078 1409 1114 Ἰχθύων
1425 1079 1472 1105 τοῦ
1486 1078 1582 1114 Κριοῦ.

1101 1169 1144 1195 Ἐν
1154 1168 1184 1195 δὲ
1199 1170 1255 1200 τοῖς
1268 1169 1332 1204 περὶ
1344 1170 1388 1196 τὸν
1406 1168 1490 1205 Κριὸν
1504 1171 1551 1196 καὶ
1565 1171 1578 1196 ὁ
1598 1171 1730 1202 Ἄτταλος
1746 1172 1848 1205 ἀγνοεῖ,

1059 1213 1145 1249 λέγων
1160 1213 1262 1247 οὕτως·
1282 1225 1290 1240 ι
1308 1216 1454 1242 Κατανοῶν
1464 1216 1495 1242 δὲ
1508 1216 1554 1242 τὸν
1575 1217 1660 1252 Κριὸν
1687 1217 1750 1243 οὗτε
1773 1219 1848 1252 ἀκρι-

1060 1259 1115 1291 ϐῶς
1127 1260 1371 1296 διατετυπωμένον,
1386 1261 1447 1288 οὗτε
1458 1262 1601 1297 λαμπροὺς
1611 1263 1729 1298 ἀστέρας
1743 1263 1847 1298 ἔχοντα,

1059 1306 1223 1341 δυναμένους
1245 1307 1273 1334 δὲ
1296 1308 1342 1334 καὶ
1358 1309 1386 1335 ἐν
1403 1308 1501 1345 σελήνῃ
1524 1309 1658 1344 λαμπρῶς
1678 1309 1849 1344 Θεωρείσῡαι,

1059 1352 1103 1379 διά
1115 1361 1145 1379 τε
1159 1353 1213 1379 τῶν
1221 1354 1430 1389 παρακειμένων
1446 1355 1568 1389 ἀστέρων
1577 1357 1704 1391 πειρᾶται
1717 1356 1768 1391 τὴν
1777 1356 1848 1382 eis”

1059 1397 1146 1424 αὐτῶν
1155 1398 1295 1433 διασαφεῖν
1306 1419 1314 1432 ,
1329 1399 1374 1426 καὶ
1386 1399 1430 1426 διὰ
1439 1399 1491 1426 τῶν
1507 1399 1551 1426 τον
1562 1401 1643 1427 αὐτὸν
1660 1401 1735 1435 αὐτῷ
1750 1401 1848 1427 κύκλον

1059 1445 1226 1480 φερομένων.
1244 1455 1253 1471 ι
1275 1446 1367 1481 Χωρὶς
1385 1446 1440 1481 γὰρ
1458 1446 1505 1473 τοῦ
1525 1446 1669 1482 λαμπροὺς
1681 1447 1762 1473 αὑτὸν
1780 1447 1848 1482 ἔχειν

1059 1490 1186 1525 ἀστέρας,
1199 1491 1263 1522 τοὺς
1278 1491 1305 1517 ἐν
1319 1492 1352 1525 τῇ
1368 1491 1483 1527 κεφαλῇ,
1497 1491 1535 1523 ὡς
1552 1492 1668 1526 ἔφαμεν,
1684 1493 1732 1518 καὶ
1745 1493 1809 1524 τοὺς
1821 1494 1849 1518 ἐν

1058 1536 1115 1567 τοῖς
1136 1537 1311 1572 ἐμπροσθίοις
1331 1537 1404 1569 ποσὶ,
1421 1538 1467 1564 καὶ
1484 1538 1682 1572 ἀπεκδέχεσθαί
1704 1547 1750 1573 μοι
1766 1539 1847 1569 δοκεῖ,

1060 1582 1257 1618 ὑπολαμϐάνων
1274 1583 1414 1618 διασαφεῖν
1436 1584 1517 1610 αὑτὸν
1537 1584 1586 1620 τὴν
1603 1584 1677 1611 θέσιν
1694 1584 1742 1611 τοῦ
1765 1585 1846 1619 Κριοξν

1059 1629 1178 1664 φανερὰν
1194 1629 1301 1656 ἔσεσθαι
1317 1629 1361 1656 διὰ
1378 1629 1431 1656 τῶν
1447 1630 1492 1656 τὸν
1505 1630 1586 1656 αὑτὸν
1606 1630 1706 1657 κύκλον
1720 1631 1759 1666 τῷ
1773 1631 1846 1666 Κρεῴ

1059 1675 1215 1710 φερομένων
1228 1684 1234 1690 ·
1251 1676 1298 1702 καὶ
1317 1675 1410 1702 τούτου
1424 1676 1503 1711 χάριν
1524 1677 1749 1711 ἐπισημαίνεται.
1770 1677 1846 1703 Ἀλλὲ

1057 1721 1088 1747 τὸ
1125 1721 1316 1757 παρεπόμενον
1342 1722 1381 1758 τῷ
1417 1722 1494 1758 Κριῷ
1527 1722 1687 1757 διασαφῶν,
1729 1723 1845 1757 ἐπιλέγει

1057 1777 1143 1800 ουτως
1152 1776 1160 1784 ·

1057 1868 1190 1895 Μεσσόθι
1209 1866 1243 1895 δὲ
1259 1868 1348 1904 τρίϐει
1363 1866 1458 1903 μένον
1470 1868 1609 1902 οὖρον-ὂν,
1623 1865 1676 1904 ᾗχί
1688 1876 1745 1903 περ
1762 1869 1845 1903 ἄκραι

1056 1903 1152 1938 Χηλαὶ
1168 1904 1215 1930 καὶ
1234 1903 1308 1938 ζώνη
1326 1904 1530 1938 περιτέλλεται
1555 1904 1705 1937 Ὠρίωνος.

1091 1959 1140 1986 1Δ’.
1161 1960 1205 1986 Ἐν
1222 1960 1250 1986 δὲ
1265 1961 1322 1992 τοῖς
1337 1959 1400 1995 ἑξῆς
1410 1960 1501 1994 ἀγνοεῖ
1514 1961 1528 1986 ὸ
1542 1960 1670 1995 1Ἄρατος,
1687 1960 1775 1995 λέγων
1787 1961 1847 1996 περὶ

1055 2005 1102 2031 τοῦ
1116 2005 1242 2041 Περσέως
1252 2012 1258 2019 ·

1093 2064 1174 2098 Ἀτχι
1189 2063 1222 2090 δέ
1236 2065 1262 2090 οὶ
1276 2063 1386 2098 σκαιῆς
1401 2062 1591 2097 ἐπιγουνίδος
1609 2062 1701 2096 ἤλιθα
1717 2061 1814 2090 πᾶσαι

1091 2098 1238 2133 Πληιάδες
1253 2099 1418 2134 φορέονται.

1091 2144 1161 2171 Πολὺ
1182 2145 1236 2180 γὰρ
1258 2145 1355 2179 ἀπέχει
1371 2144 1401 2170 τὸ
1418 2144 1559 2179 ἀριστερὸν
1573 2143 1639 2178 γόνυ
1659 2142 1706 2169 τοῦ
1721 2142 1846 2178 Περσέως

219 2200 298 2228 genu.
314 2193 422 2219 Attalus
444 2201 509 2220 vero
540 2193 621 2220 etiam
650 2192 812 2227 particulam
833 2192 897 2226 ἄγχι
922 2195 1003 2226 negat

1063 2190 1109 2217 hnb
1121 2190 1174 2216 τῶν
1190 2189 1341 2225 Πληϊάδων.
1369 2190 1397 2216 ’0
1410 2190 1437 2216 δὲ
1452 2189 1584 2221 Ἄτταλός
1605 2197 1672 2224 φησι
1691 2190 1759 2224 μηδὲ
1777 2189 1846 2215 ἐνδέ-

219 2239 346 2273 usurpari
358 2245 408 2272 pro
424 2245 456 2265 eo
469 2238 542 2273 quod
561 2243 601 2265 est
618 2245 712 2272 prope;
735 2237 783 2265 sed
799 2237 870 2264 idem
890 2245 952 2265 esse
972 2245 1003 2265 ac

218 2285 346 2318 proxime.
368 2283 448 2310 Putat
484 2284 557 2311 enim
588 2283 715 2319 Vergiliis
738 2283 1004 2318 propinquissimum

219 2330 340 2357 omnium
352 2329 489 2357 stellarum
499 2337 559 2357 esse
574 2337 642 2364 genu
652 2329 804 2357 sinistrum.
814 2328 895 2356 Falso
906 2329 931 2356 id
947 2328 1006 2364 qui-

218 2377 291 2404 dem.
302 2375 406 2403 Etenim
420 2375 592 2408 duaelucidaa,
604 2383 664 2410 quae
673 2377 773 2403 suntin
784 2376 897 2403 sinistro
909 2375 1003 2403 Persei

219 2421 297 2456 pede,
313 2425 372 2447 tum
388 2429 448 2456 qua:
475 2420 502 2447 in
532 2421 643 2448 sinistra
674 2421 750 2452 tibia,
776 2421 920 2456 propiores
940 2424 1004 2450 sunt

219 2466 346 2503 Vergiliis
356 2475 437 2502 quam
447 2475 518 2502 genu
531 2467 687 2494 sinistrum.

252 2556 301 2584 Est
317 2556 345 2583 id
359 2556 440 2584 etiam
453 2556 531 2583 Arati
545 2556 800 2592 falsum,Vergilias
818 2564 865 2584 sex
880 2560 1005 2584 tantum-

216 2602 299 2630 modo
313 2606 438 2630 constare
454 2602 551 2635 stellis,
563 2602 664 2638 quippe

253 2678 284 2694 τε.
300 2662 406 2693 septem.
421 2658 519 2694 inquit,
533 2659 587 2686 illa:
602 2664 689 2694 aperte
705 2664 842 2691 uocantur,

252 2693 305 2720 Sea:
319 2694 383 2721 εοιιε
393 2693 510 2729 quamvis
523 2695 651 2722 exsistant
668 2695 816 2730 conspicua:
830 2694 927 2723 oculis.

249 2748 302 2777 Sed
314 2750 364 2778 hoc
380 2751 456 2778 illum
469 2751 544 2787 fugit.
561 2751 628 2780 Nam
651 2754 674 2781 si
693 2754 756 2789 quis
771 2760 867 2793 serena
884 2756 910 2780 et
925 2752 1002 2779 illuni

217 2798 298 2822 nocte
320 2795 441 2828 intendat
461 2798 565 2830 oculos,
593 2803 695 2833 septem
725 2799 752 2825 in
779 2798 825 2826 illa
859 2797 1002 2825 constella-

217 2838 292 2867 tione
305 2840 389 2868 stellae
415 2842 546 2870 contineri
571 2843 706 2872 videatur.
726 2842 803 2872 Unde
829 2843 903 2872 subit
930 2843 998 2872 illud

1056 2235 1150 2272 χεσοαι
1183 2236 1213 2262 τὸ
1236 2235 1306 2270 ἄγχι
1331 2235 1391 2262 ἀντὶ
1407 2235 1454 2262 τοῦ
1485 2235 1592 2271 ἐγγὺς,
1624 2235 1681 2261 ἀλλ’
1709 2235 1773 2261 ἀντὶ
1802 2234 1846 2261 τοῦ

1054 2280 1215 2315 ἐγγυτάτω.
1241 2280 1368 2307 Βούλεται
1394 2281 1449 2316 γὰρ
1471 2280 1576 2315 λέγειν,
1609 2281 1703 2315 φησιν,
1731 2281 1845 2315 ἐγγυτά-

1054 2336 1092 2354 τω
1105 2327 1158 2353 τῶν
1178 2327 1319 2362 Πληϊάδων
1337 2327 1444 2353 κεῖσθαι
1457 2327 1487 2354 τὸ
1509 2327 1656 2362 ἀριστερὸν
1681 2327 1747 2361 γόνυ
1774 2327 1846 2362 παρὰ

1055 2373 1117 2404 τοὺς
1128 2371 1238 2404 λοιποὺς
1253 2372 1382 2408 ἀστέρας.
1395 2373 1452 2399 Οὐκ
1468 2370 1496 2399 εὖ
1509 2372 1537 2399 δὲ
1557 2372 1630 2406 λέγει
1647 2372 1740 2399 τοῦτο.
1754 2374 1785 2399 Οἱ
1796 2373 1846 2407 γὰρ

1056 2419 1084 2445 ὲν
1100 2417 1138 2453 τῷ
1161 2418 1296 2454 ἀριστερῷ
1313 2418 1373 2445 ποδὶ
1394 2418 1442 2444 τοῦ
1461 2418 1588 2453 Περσέως
1606 2417 1629 2452 β’
1648 2417 1785 2453 λαμπροὶ,
1803 2418 1847 2443 καὶ

1055 2463 1095 2489 ἔτι
1107 2464 1136 2490 ὲν
1154 2464 1187 2499 τῇ
1210 2463 1340 2498 ἀριστερᾷ
1359 2463 1462 2499 κνήμῃ,
1476 2462 1565 2497 πολλῷ
1578 2461 1703 2495 ἐγγίονές
1726 2463 1780 2488 εἰσι
1796 2461 1846 2487 τῶν

1055 2509 1195 2545 Πληῑὰδων
1207 2510 1278 2545 ἢπερ
1290 2510 1320 2536 τὸ
1334 2509 1476 2545 ἀριστερὸν
1488 2509 1564 2543 γόνυ.

1090 2555 1202 2587 Ψευδῶς
1220 2555 1249 2582 δὲ
1270 2555 1379 2590 λέγεται
1403 2555 1455 2582 ὑπὸ
1471 2554 1518 2581 τοῦ
1541 2555 1657 2591 Ἀράτου
1683 2556 1733 2582 καὶ
1750 2555 1780 2582 τδ
1801 2554 1844 2584 τὰς

1054 2601 1190 2638 Πληϊάδας
1203 2601 1232 2634 ἒξ
1249 2601 1328 2636 μόνον
1342 2601 1460 2636 ἀστέρας
1477 2600 1614 2636 περιέχειν
1624 2609 1632 2615 ·

1056 2657 1175 2693 ..ηὲπζὰ
1188 2658 1251 2692 γὰρ,
1268 2659 1359 2693 φησιν,
1371 2657 1482 2684 ἐκεῖνοι
1495 2656 1662 2691 ἐπιρῤήδηγ
1676 2657 1842 2686 καλέονται.

1058 2693 1112 2726 Ἓξ
1128 2691 1188 2720 οἶαι
1204 2691 1259 2726 πὲρ
1272 2691 1378 2720 ἐοῦσαι
1392 2693 1558 2726 (imm-ton...

1090 2750 1222 2777 Λανθάνει
1229 2749 1257 2776 δὲ
1269 2749 1359 2777 αὐτόν.
1372 2749 1417 2784 Τῷ
1426 2748 1480 2784 γὰρ
1488 2747 1642 2775 ἀτενίσαντι
1652 2748 1681 2775 ἐν
1691 2746 1839 2783 ,αἰθρίῳιαὶ

1055 2785 1176 2832 ἀσελήνῳ
1199 2797 1278 2824 νυκτὶ
1296 2795 1568 2831 φαίνονται-ἀστέρες
1588 2793 1610 2826 ζ’
1629 2795 1658 2821 ὲν
1682 2795 1752 2824 αὐτῆ
1769 2801 1838 2823 πρι-

1055 2841 1186 2878 εχόμενοι.
1216 2842 1283 2870 θῦεν
1300 2841 1348 2870 καὶ
1363 2840 1552 2876 διαπορήσειεν
1571 2839 1604 2866 ἄν
1619 2847 1662 2870 τις
1682 2839 1742 2870 πῶς
1755 2845 1768 2864 ο
1779 2837 1836 2863 ’λτη
