1923 3137
218 151 282 179 1047

705 147 751 174 ΑΙ)
770 144 905 174 EUSEBII
921 141 1117 171 CHRONICON
1137 140 1318 168 APPENDIX.

1767 132 1838 160 1048

217 209 263 236 sed
285 207 444 242 obscuriori]
455 214 486 237 ac
507 206 651 241 perexiguo
676 205 844 233 discrimine.
861 214 869 229 ι
894 202 994 229 Verum

1057 213 1059 224 ι
1074 200 1148 236 ἦλιος
1164 199 1321 234 ποιούμενος
1331 205 1338 212 ·
1355 197 1518 232 ἀδηλοτέραν
1538 195 1566 222 δὲ
1583 193 1686 228 πολλῷ,
1770 200 1841 242 παν-

216 253 269 280 hac
285 252 312 279 in
329 259 358 279 re
381 251 517 286 inscitiam
535 258 611 277 suam
635 250 787 284 prodidisse
803 248 868 276 mihi
893 247 997 275 videtur

217 298 334 328 Attalus,
352 305 412 330 cum
436 296 573 330 existimat
590 295 674 322 solem
695 295 831 322 interdum
851 294 997 321 australio-

219 352 281 374 res,
307 343 442 375 interdum
465 341 630 369 borealiores
660 341 759 368 habere
786 342 995 368 conversiones:

218 389 333 423 ideoque
348 388 417 422 latos
429 386 492 421 ﬁngi
510 386 630 414 circulos
641 378 894 420 oportere.Etenim
909 386 931 412 si
945 393 999 414 non

219 441 268 468 per
283 433 550 469 mediumpsignorum
562 432 694 458 circulum
708 432 748 459 sol
761 435 894 463 movetur,
908 430 956 458 sed
966 431 1000 457 ab

217 486 250 506 eo
263 478 380 511 declinat
398 478 423 504 in
441 478 652 514 septentrionem
674 477 716 504 vcl
736 477 887 509 meridiem,
902 484 998 511 quem-

219 524 364 558 admodum
386 525 450 551 luna
466 534 471 551 :
488 531 659 558 consequens
674 527 716 550 est
740 523 877 555 umbram,
903 530 962 557 qua:
984 530 999 549 a

221 576 292 603 terra
307 570 441 605 provenit,
458 570 551 601 eodem
574 569 654 598 modo
675 569 785 602 variari.
814 569 874 602 Quo
900 569 998 604 posito,

220 616 292 643 lume
316 615 434 650 dcliquia
460 615 605 650 plurimum
632 615 665 641 ab
689 615 885 649 astrologorum
904 614 1001 649 przcdi-

219 660 358 688 ctionibus
377 661 534 694 discrepare
555 667 667 687 necesse
681 660 726 691 sit,
753 667 815 687 cum
832 660 882 686 hoc
897 660 935 687 illi
954 667 1001 689 su-

219 709 295 731 mant
314 704 339 731 in
356 704 430 731 omni
448 704 605 739 operatione
625 711 674 731 sua
689 713 697 736 ;
714 704 831 732 medium
854 704 957 732 umbra:
973 703 1000 730 in

219 752 378 776 transeunte
392 756 439 783 per
453 748 541 775 media
560 749 638 784 signa
656 749 760 776 circulo
783 749 895 776 moveri.
919 750 1000 784 Atqui

219 802 274 821 non
287 794 349 829 plus
365 793 456 828 digitis
473 793 580 821 duobus
592 793 728 821 interdum
744 814 752 826 ,
768 793 849 828 idque
868 801 1001 828 perraro;

223 841 258 868 ab
270 839 495 877 exquisitissimis
507 839 660 867 ratiociniis
673 838 812 866 diﬁerunt.
828 839 925 867 Dicere
938 847 1002 866 vero

219 875 322 913 tantam
346 885 460 912 circulis
484 885 545 912 istis
569 885 660 912 inesse
684 885 865 918 latitudinem,
891 884 1004 919 perinde
1019 875 1040 902 Β

219 934 261 967 est
282 937 314 958 ac
335 930 486 958 latitudinis
509 923 640 965 expertes
660 929 749 958 facere
767 939 773 956 :
790 934 820 958 ut
845 930 912 957 illud
928 930 1004 957 omit-

220 979 287 1008 tam,
305 983 358 1002 non
376 975 443 1002 satis
457 979 592 1008 constare,
609 979 699 1002 utrum
708 984 741 1004 ex
753 975 820 1003 solis
838 983 874 1002 an
885 983 918 1002 ex
935 975 1004 1002 luna:

222 1024 297 1047 motu
310 1021 461 1055 contingat,
487 1020 560 1047 utin
583 1021 724 1048 lunaribus
748 1021 874 1056 deliquiis
900 1025 1003 1048 tantum

221 1066 361 1093 varietatis
376 1065 488 1093 incidat.
505 1066 544 1093 Ad
559 1066 617 1094 haec
631 1067 750 1102 tropicos
770 1060 903 1100 duntaxat
917 1067 1005 1095 circu-

222 1113 263 1140 los
279 1120 311 1140 ea
325 1113 358 1140 de
368 1120 450 1139 causa
460 1112 630 1139 latitudinem
641 1112 740 1140 habere
750 1116 804 1139 tam
813 1113 912 1143 Aratus
923 1120 1004 1147 quam

223 1157 405 1184 mathematici
420 1156 573 1189 ﬁnxerunt;
592 1157 810 1192 aequinoctialem
822 1148 887 1185 vero
902 1165 1005 1192 nequa-

223 1211 314 1239 quam.
331 1202 383 1230 Sed
395 1195 567 1231 ut'universe
584 1204 691 1238 loquar,
714 1204 921 1232 mathematicos
937 1204 1006 1232 istos

223 1256 328 1283 omnes,
352 1257 420 1284 quos
445 1248 512 1280 dixi.
532 1249 648 1276 arbitror
663 1250 765 1276 nullam
786 1250 898 1284 tropicis
915 1250 1005 1277 circu-

224 1296 268 1331 lis,
291 1301 339 1324 aut
361 1296 564 1331 :equinoctiali,
589 1300 636 1323 aut
662 1304 769 1332 semper
786 1298 938 1332 apparenti,
964 1298 1006 1327 vel

223 1349 331 1376 semper
344 1341 461 1373 occulto,
479 1340 648 1369 latitudinem
667 1342 805 1370 tribuisse.
833 1341 900 1369 Nam
917 1350 950 1370 ne
964 1351 1008 1370 co-

224 1387 335 1426 gitando
350 1387 459 1421 quidem
477 1387 541 1422 ﬁngi
563 1390 661 1426 potest.
680 1387 762 1414 ullam
790 1387 864 1422 ipsos
887 1387 1008 1415 latitudi-

224 1424 285 1460 nem
300 1434 409 1467 habere.
437 1433 476 1461 lta
501 1424 603 1468 quippe
625 1434 747 1468 singulos
771 1434 919 1462 informare
942 1442 1007 1461 con-

224 1480 380 1514 templando
394 1480 524 1513 solemus,
536 1484 566 1507 ut
583 1480 748 1515 cogitatione
765 1484 934 1509 constantem
949 1481 1007 1508 sola

226 1524 336 1555 lineam,
358 1531 407 1551 nec
427 1523 570 1554 latitudine
588 1524 728 1559 prmditam
745 1525 872 1552 habeant.
897 1524 1008 1552 Pneter-

224 1577 258 1603 ea
282 1577 342 1597 cum
369 1573 496 1597 asserunt
531 1570 746 1604 aequinoctialem
775 1573 803 1597 et
832 1569 973 1597 zodiacum
993 1578 1008 1597 c

226 1616 351 1651 maximis
367 1616 394 1643 in
419 1616 524 1651 sphaera
550 1617 663 1645 circulis
686 1623 758 1648 esse.
791 1621 817 1643 et
832 1616 867 1643 ab
892 1619 1008 1651 utroque

227 1661 350 1697 bipertiri
367 1662 499 1696 sphaeram
518 1672 525 1690 :
540 1667 596 1690 tum
615 1662 732 1693 zodiaci.
750 1662 907 1696 aequatoris,
935 1662 1009 1689 hori-

226 1704 315 1732 zontis
329 1709 355 1732 et
372 1705 515 1741 meridiani
532 1706 602 1734 idem
615 1714 678 1734 esse
694 1711 816 1735 centrum
833 1715 840 1739 ;
866 1706 1008 1734 zodiacum

227 1751 338 1785 insuper
353 1751 380 1778 in
409 1759 464 1778 uno
484 1756 585 1786 puncto
611 1752 730 1786 tropicos
756 1752 933 1787 contingere;
959 1759 1010 1779 nec

226 1802 282 1823 non
300 1794 435 1830 ejusmodi
459 1796 512 1825 alia
539 1797 666 1831 pleraque
685 1804 691 1823 :
709 1797 776 1830 satis
791 1797 919 1824 clunibus
943 1796 1010 1825 iisce

226 1842 414 1875 demonstrant
437 1842 555 1874 circulos
571 1842 630 1869 illos
654 1842 803 1870 latitudinis
823 1849 882 1880 esse
898 1850 1010 1877 prorsus

227 1891 361 1922 expertes.
385 1887 456 1914 Nihil
474 1887 546 1915 enim
567 1895 600 1914 ex
618 1887 651 1921 iis
671 1888 797 1915 omnibus
820 1891 893 1919 recte
918 1891 1010 1922 posset

227 1934 364 1968 usurpari.
379 1934 402 1961 si
418 1933 464 1959 lati
479 1938 570 1960 essent
586 1933 666 1960 iidem
691 1933 806 1967 circuli;
834 1941 883 1961 nec
908 1933 935 1960 in
956 1941 1009 1960 una

227 1983 331 2006 tantum
344 1979 398 2012 die,
411 1978 457 2006 sed
472 1978 595 2013 pluribus
607 1979 800 2013 arquinoctium
814 1978 1010 2013 ﬁeret.Quippe

226 2025 269 2052 sol
287 2025 403 2059 plurium
427 2025 453 2052 in
475 2025 657 2060 aequinoctiali
670 2025 777 2057 circulo.
790 2024 893 2051 dierum
907 2031 1009 2052 moram

228 2070 339 2102 faceret,
358 2070 381 2097 si
400 2071 423 2097 is
435 2071 578 2098 latitudine
593 2074 741 2098 constaret.
767 2070 835 2097 Tum
852 2071 878 2097 in
898 2077 1011 2105 gnomo-

227 2116 299 2152 nicis
320 2116 448 2149 omnibus
470 2117 646 2149 conﬁciendis
666 2116 820 2145 rationibus
843 2116 895 2142 hoc
913 2114 1011 2143 funda-

230 2162 312 2191 menti
325 2162 410 2189 instar
432 2162 593 2195 adhibetur;
615 2162 699 2190 latum
715 2161 828 2189 istorum
844 2161 1010 2190 circulorum

1050 245 1133 277 τελῶς
1152 245 1254 280 ὀλίγην.
1273 254 1282 269 ι
1308 245 1386 270 Δοκεῖ
1401 242 1432 277 δή
1452 250 1496 277 μοι
1515 240 1561 267 καὶ
1575 241 1604 267 ἐν
1619 239 1730 269 τούτοις
1743 238 1758 263 ὁ
1772 238 1840 263 Ἀτ-

1050 292 1128 323 ταλος
1143 292 1257 325 ἀγνοεῖν,
1277 288 1474 324 ὑπολαμϐάνων
1493 287 1538 313 τὸν
1550 287 1625 322 ἥλιον
1641 284 1709 312 ποτὲ
1727 283 1777 319 μὲν
1798 292 1841 308 νο-

1050 340 1127 367 τιωτέ
1133 349 1189 375 ρας,
1202 338 1266 365 ποτὲ
1280 338 1308 364 δὲ
1324 337 1492 373 βορειοτέρας
1506 334 1639 361 ποιεῖσθαι
1654 332 1706 364 τὰς
1720 330 1838 366 τροπάς·

1050 386 1097 412 καὶ
1111 386 1154 412 διὰ
1164 384 1242 411 τοῦτο
1252 383 1305 410 δεῖν
1318 384 1381 414 τοὺς
1393 382 1510 413 κύκλους
1523 380 1633 411 πλατεῖς
1647 377 1838 405 ὑποτίθεσθαι.

1051 430 1082 456 Et
1097 429 1150 465 γὰρ
1169 430 1205 464 μὴ
1219 429 1265 455 τὸν
1282 428 1325 455 διά
1347 428 1436 463 μέσων
1457 426 1511 454 τῶν
1530 425 1632 458 ζωδῐων
1650 424 1767 459 φέρεται
1790 424 1839 450 κύ-

1052 476 1113 503 κλον
1128 477 1142 502 ὁ
1156 476 1241 510 ἥλιος,
1257 474 1323 502 ἀλλά
1336 472 1520 509 παραλλάσσει
1531 470 1626 497 τούτου
1639 469 1711 506 πρὸς
1722 469 1841 504 ἄρκτους

1052 521 1098 548 καὶ
1115 520 1182 556 πρὸς
1201 518 1383 555 μεσημϐρίαν,
1401 517 1438 548 ὡς
1454 516 1500 542 καὶ
1514 516 1529 550 ἡ
1554 514 1654 549 σελήνη
1667 521 1673 526 ·
1692 512 1784 546 δῆλον,
1800 511 1839 537 ὅτι

1052 567 1098 594 καὶ
1112 568 1128 601 ἡ
1145 565 1198 592 ἀπὸ
1213 565 1262 600 τῆς
1283 565 1334 598 γῆς
1348 563 1412 590 σκιὰ
1425 562 1523 597 ὁμοίως
1536 562 1628 591 αὐτοῖς
1640 557 1837 594 παραλλάσσει.

1051 612 1151 639 Τούτου
1169 612 1197 638 δὲ
1210 610 1364 645 γινομένου,
1376 608 1428 635 ἔδει
1442 608 1491 639 τὰς
1509 607 1557 642 τῆς
1572 606 1690 640 σελήνης
1707 603 1840 636 ἐκλείψεις

1051 659 1119 685 πολὺ
1146 657 1289 691 διαφωνεῖν
1315 655 1383 690 πρὸς
1403 654 1453 686 τάς
1475 652 1700 687 συντασσομένας
1722 649 1776 676 ὑπὸ
1789 649 1840 675 τῶν

1052 704 1220 740 ἀστρολόγων
1234 702 1398 738 προρρήσεις
1410 709 1416 717 ·
1435 699 1636 734 ὑποτιθεμένων
1652 697 1686 732 δὴ
1705 696 1796 722 αὐτῶν
1813 695 1839 721 ἐν

1052 752 1111 782 ταῖς
1125 748 1325 785 πραγματείαις
1339 747 1370 774 τδ
1387 746 1467 782 μέσον
1482 745 1533 779 τῆς
1548 744 1626 774 σκιᾶς
1644 741 1783 777 φέρεσθαι
1800 741 1841 767 ἐπὶ

1052 796 1098 823 τοῦ
1112 795 1155 822 διὰ
1173 795 1261 830 μέσων
1275 793 1328 820 τῶν
1341 792 1443 824 ζωδίων
1457 790 1566 817 κύκλου.
1580 789 1617 815 Οὐ
1632 786 1804 821 διαφωνοῦσι
1816 787 1842 812 δὲ

1054 841 1133 868 πλέον
1149 841 1165 877 ἢ
1183 839 1322 870 δακτύλοις
1343 837 1413 870 δυσὶ,
1441 835 1560 866 σπανίως
1582 834 1611 860 δὲ
1634 833 1748 869 σφόδρα
1770 833 1842 863 ποτὲ,

1056 887 1124 922 πρδς
1143 887 1191 918 τὰς
1209 885 1374 922 χαριέστατα
1396 881 1611 917 συντεταγμένας
1637 878 1842 915 πραγματείας.

1056 933 1092 959 Τό
1106 941 1137 966 γε
1158 931 1209 967 μὴν
1223 931 1310 965 λέγειν
1327 928 1484 964 τηλικοῦτον
1499 927 1599 959 πλάτος
1619 926 1696 961 ἔχειν
1715 924 1766 951 καὶ
1786 923 1843 953 τοὺς

1057 977 1171 1008 κύκλους
1188 966 1244 1002 ἴσον
1259 975 1316 1001 ἐστὶ
1329 974 1368 1008 τῷ
1383 971 1512 1003 ἀπλατεῖς
1532 971 1628 1002 αὐτοὺς
1646 966 1841 997 ὑποτίθεσθαι·

1056 1023 1139 1058 χωρὶς
1155 1021 1200 1048 τοῦ
1216 1021 1261 1048 καὶ
1272 1019 1336 1046 αὐτὸ
1347 1017 1425 1045 τοῦτο
1436 1017 1531 1052 ἄδηλον
1543 1014 1622 1048 εἶναι,
1638 1015 1758 1049 πότερον
1774 1011 1844 1047 παρά

1056 1069 1106 1104 τὴν
1125 1068 1172 1094 τοῦ
1187 1067 1263 1102 ἡλίου
1288 1065 1395 1099 κίνησιν
1411 1064 1427 1099 ἢ
1446 1062 1521 1098 παρά
1540 1063 1589 1097 τὴν
1606 1062 1657 1096 τῆς
1679 1058 1846 1094 σελήνηςτά

1059 1113 1159 1150 μεγέθη
1173 1112 1225 1139 τῶν
1239 1111 1288 1146 τῆς
1302 1110 1415 1144 σελήνης
1428 1108 1573 1143 ἐκλείψεων
1587 1107 1634 1133 ἐπὶ
1648 1105 1780 1132 τοσοῦτον
1792 1104 1847 1130 δια⁸

1059 1160 1149 1195 φωνεῖ.
1164 1158 1277 1184 Ἔπειτα
1292 1156 1355 1187 τοὺς
1368 1155 1513 1190 τροπικοὺς
1530 1154 1608 1189 μόνον
1621 1152 1666 1178 διά
1680 1151 1764 1178 τοῦτο
1782 1150 1847 1176 πλα-

1057 1206 1113 1237 τεῖς
1127 1205 1141 1230 ὃ
1159 1213 1189 1229 τε
1205 1204 1321 1238 ¹Ἄρατος
1342 1201 1417 1236 ἔλεγε
1440 1200 1487 1227 καὶ
1506 1199 1530 1225 οί
1547 1197 1735 1234 μαθηματικοὶ
1758 1195 1847 1225 ὑπτί-

1059 1250 1149 1277 θεντο·
1163 1249 1209 1276 τὸν
1223 1249 1250 1275 δὲ
1268 1246 1420 1283 ἰσημερινὸν
1442 1246 1492 1272 οὐκ
1508 1244 1556 1271 ἔτι.
1574 1242 1696 1269 Καθόλου
1718 1250 1749 1267 τε
1770 1239 1847 1275 οἶμαι

1058 1294 1120 1324 τοὺς
1136 1291 1341 1327 μαθηματικοὺς
1358 1291 1479 1320 ἃπαντας
1495 1289 1557 1320 τοὺς
1570 1287 1734 1323 εἰρημένους
1758 1285 1847 1312 ἁπλα-

1058 1340 1114 1370 τεῖς
1128 1337 1300 1365 ὑποτίθεσθαι
1313 1337 1375 1368 τοὺς
1389 1335 1544 1371 τροπικοϋς,
1557 1333 1603 1361 καὶ
1615 1333 1661 1360 τὸν
1675 1330 1847 1367 ἱσημερινδν,

1059 1384 1164 1411 καὶτὸν
1186 1384 1229 1410 ἀεὶ
1244 1382 1369 1418 φανερὸν,
1388 1382 1434 1408 καὶ
1453 1380 1499 1407 τὸν
1518 1379 1560 1406 ἀεὶ
1575 1378 1676 1413 ἀφανῆ.
1702 1377 1772 1404 Οὐδὲ
1793 1376 1848 1410 γὰρ

1059 1431 1201 1465 ἐπινοῆσαι
1216 1429 1325 1456 δυνατόν
1345 1429 1402 1455 ἐστι
1422 1427 1531 1458 τούτους
1553 1426 1654 1456 πλάτος
1668 1424 1792 1459 ἔχοντας.
1810 1422 1849 1448 Τδ

1059 1477 1112 1513 γὰρ
1130 1476 1193 1504 [διον
1212 1475 1325 1502 ἑκάστου
1338 1472 1499 1510 περινοητὴν
1515 1472 1538 1487 ⁸⁰
1558 1471 1605 1498 καὶ
1627 1469 1736 1504 ἀπλατῆ
1755 1477 1849 1503 γραμ-

1062 1523 1114 1558 μὴν
1131 1522 1190 1557 ἕχον
1212 1520 1371 1557 θεωρεῖσθαι
1391 1518 1572 1554 συμϐέϐηκεν.
1587 1517 1646 1543 Ἔτι
1668 1515 1696 1542 δὲ
1714 1514 1762 1542 καὶ
1781 1515 1849 1540 ὅταν

1059 1567 1156 1602 λέγωσι
1181 1567 1225 1592 τὸν
1242 1565 1397 1601 ἰσημερινὸν
1411 1563 1458 1592 καὶ
1479 1562 1523 1589 τὸν
1539 1561 1669 1593 ζωδιακὸν
1688 1560 1743 1586 τῶν
1769 1559 1849 1595 μεγί-

1059 1621 1128 1645 στων
1141 1609 1209 1639 εἶναι
1225 1613 1253 1638 ὲν
1270 1612 1303 1646 τῇ
1321 1609 1422 1645 σφαίρᾳ
1442 1608 1559 1640 κύκλων,
1580 1607 1627 1634 καί
1642 1605 1848 1641 διχατομεῖσϐαι

1058 1658 1107 1695 τὴν
1125 1659 1242 1693 σφαῖραν
1257 1656 1301 1690 ὑφ’
1320 1655 1452 1690 ἐκατέρου
1467 1653 1565 1685 αὐτῶν,
1582 1655 1628 1679 καὶ
1644 1652 1674 1678 τὸ
1695 1650 1764 1677 αὐτὸ
1785 1651 1848 1677 κέν-

1059 1713 1121 1740 τρον
1134 1703 1181 1730 τοῦ
1199 1700 1343 1735 ζωδιακοῦ.
1356 1700 1404 1727 καὶ
1418 1699 1464 1726 τοῦ
1481 1697 1649 1735 ίσημερινοῦ,
1666 1697 1714 1725 καὶ
1727 1695 1779 1723 τοῠ
1791 1696 1850 1731 ὀρί-

1060 1750 1160 1783 ζοντος,
1174 1749 1221 1775 καὶ
1244 1747 1290 1774 τοῦ
1309 1745 1504 1782 μεσημϐρινοῦ,
1518 1743 1621 1771 καὶτὸν
1635 1742 1768 1775 ζῳδιακὸν
1781 1741 1850 1775 ἑψα-

1060 1796 1174 1823 πτεσθαι
1197 1794 1258 1828 τῶν,
1274 1793 1411 1830 τροπικῶν
1433 1793 1494 1819 καθ⁸
1513 1791 1541 1818 ἓν
1563 1791 1691 1826 σημεῖον·
1710 1788 1759 1818 καὶ
1781 1788 1850 1815 ἄλλα

1061 1843 1168 1870 πλείονα
1190 1840 1315 1868 τοιαῦτα·
1332 1840 1460 1870 ἀπλατεῖς
1487 1838 1583 1869 αὐτοὺς
1605 1837 1651 1863 καὶ
1674 1835 1721 1862 διὰ
1742 1834 1850 1861 τούτων

1062 1888 1246 1924 σημαίνουσιν.
1263 1886 1344 1912 Οὐδὲν
1361 1885 1414 1921 γὰρ
1426 1883 1479 1910 τῶν
1494 1882 1704 1919 προειρημένων
1713 1880 1800 1914 ὑγιῶς
1816 1880 1850 1905 ἂν

1060 1934 1173 1968 λέγοιτο,
1188 1933 1217 1960 τὸ
1230 1932 1330 1962 πλάτος
1344 1930 1431 1958 αὐτῶν
1443 1929 1557 1964 ἑχόντων
1569 1936 1575 1942 ·
1591 1926 1737 1962 ίσημερὶαν
1749 1934 1782 1952 τε
1799 1926 1850 1951 οὐκ

1061 1981 1094 2008 ἃν
1111 1982 1140 2007 ὲν
1156 1969 1204 2015 μιᾷ
1220 1978 1310 2014 ἡμέρᾳ
1326 1975 1402 2012 ἦγεν,
1419 1976 1475 2002 ἀλλ’
1492 1976 1521 2002 ὲν
1538 1974 1652 2001 πλείοσι.
1675 1973 1732 1999 Καὶ
1754 1971 1812 2006 γὰρ
1833 1972 1850 1997 ὁ

1058 2026 1135 2062 ἥλιος
1146 2025 1269 2055 πλείονας
1285 2024 1318 2050 ἂν
1328 2023 1378 2058 τῆς
1393 2023 1457 2057 μιᾶς
1475 2021 1581 2056 ἡμέρας
1594 2021 1622 2046 ὲν
1637 2019 1677 2054 τῷ
1695 2016 1850 2053 ἰσημερινῷ

1060 2073 1186 2104 ἐποιεῖτο,
1205 2070 1304 2101 πλάτος
1322 2077 1352 2103 γε
1365 2069 1396 2103 δὴ
1412 2068 1518 2103 ἔχοντος
1533 2065 1626 2093 αὑτοῦ.
1642 2065 1684 2092 Τά
1694 2073 1726 2091 τε
1741 2071 1851 2098 γνωμο-

1060 2116 1122 2144 me.
1136 2115 1301 2151 Θεωρήματα
1317 2114 1403 2141 πάντα
1417 2113 1575 2148 γράφουσιν,
1591 2110 1721 2141 ἀπλατεῖς
1743 2109 1849 2139 πάντας

1061 2164 1122 2194 τοὺς
1135 2161 1251 2192 κύκλους
1271 2159 1474 2194 ὑποτιθέμενοι*
1491 2157 1529 2189 ὡς
1546 2157 1578 2183 ἂν
1594 2156 1649 2183 τῶν
1664 2155 1715 2190 μὲν
1733 2155 1788 2181 ὑπὸ
1801 2153 1848 2180 τοῦ

229 2213 291 2239 esse
302 2206 416 2238 nullum,
432 2214 493 2233 cum
509 2208 607 2242 partim
623 2208 656 2234 ab
670 2207 729 2246 ipso
740 2212 835 2234 centro
850 2206 928 2238 solis,
946 2213 1005 2241 par-

1061 2208 1172 2243 κέντρου
1183 2206 1229 2233 τοῦ
1241 2206 1316 2241 ἡλίου
1329 2203 1517 2240 γραφομένων,
1534 2202 1587 2229 τῶν
1604 2201 1633 2228 δὲ
1648 2201 1700 2227 ὐπδ
1715 2201 1767 2236 τῆς
1778 2201 1848 2235 ἠμε-

231 2251 278 2277 Iim
300 2251 334 2277 ab
355 2252 435 2278 oculo
454 2252 654 2280 describantur.
674 2253 786 2279 Aratum
800 2259 876 2284 vero,
897 2252 1009 2287 perinde

230 2304 262 2324 ac
275 2297 490 2332 mathematicos,
507 2299 576 2325 citra
597 2298 766 2330 latitudinem
790 2297 872 2324 ullam
891 2297 1009 2327 circulos

230 2345 298 2377 istos
318 2344 471 2378 concipere,
501 2351 532 2370 ex
555 2351 588 2371 eo
612 2344 701 2379 quivis
723 2343 862 2379 intelliget,
883 2343 955 2378 quod
976 2342 1009 2370 de

227 2393 366 2425 mquatore
382 2389 492 2423 scripsit
510 2399 515 2416 :

249 2456 282 2483 In
300 2464 330 2483 eo
349 2464 408 2482 vero
419 2455 474 2482 dies
485 2455 603 2482 noctibus
620 2455 732 2490 mquales
745 2460 805 2482 sunt
819 2454 935 2488 utrisque

249 2491 388 2519 Desiuente
403 2495 510 2523 testate,
525 2491 562 2517 rel
574 2491 677 2517 iueunte
690 2498 755 2517 vere.

264 2558 331 2585 Nam
348 2558 448 2593 alioqui
464 2566 517 2585 non
541 2558 567 2584 in
589 2566 673 2585 unum
690 2558 823 2585 duntaxat
843 2557 913 2584 diem
934 2563 1007 2586 vere,

228 2608 424 2638 autumnoque,
442 2603 489 2630 sed
508 2604 534 2630 iu
551 2603 642 2638 plures
656 2603 848 2636 aequinoctium
875 2602 1008 2633 redderet,

230 2649 253 2678 si
275 2649 443 2676 latitudinem
462 2649 583 2676 haberet.
601 2648 714 2676 Constat
730 2649 794 2675 item
805 2655 837 2675 ex
852 2647 885 2675 iis
903 2654 963 2681 qua:
978 2646 1011 2673 de

230 2694 334 2729 tropico
348 2695 422 2721 canit
437 2704 443 2721 :

273 2802 298 2842 ξ’
317 2801 376 2837 Reg.
402 2803 599 2839 περινοητικήν.
638 2802 658 2818 ⁸¹
677 2811 720 2836 γρ.
740 2800 786 2827 τοῦ
798 2809 822 2827 τ.

1063 2256 1142 2290 τέρας
1158 2253 1254 2288 ὅψεως.
1269 2253 1328 2278 ’Ὁτι
1341 2251 1368 2277 δὲ
1382 2250 1429 2278 καὶ
1443 2250 1558 2285 Ἄρατος
1573 2249 1630 2279 τοῖς
1647 2247 1849 2282 μαθηματικοῖς

1063 2299 1214 2330 ἀκολούθως
1230 2298 1359 2329 ἀπλατεῖς
1382 2296 1480 2327 αὐτοὺς
1495 2296 1550 2321 νοεῖ
1566 2294 1749 2328 ὑπάρχοντας,
1769 2291 1847 2328 μάθοι

1063 2346 1095 2374 ἄν
1108 2353 1149 2378 τις
1161 2344 1192 2371 ἐκ
1204 2353 1233 2371 τε
1245 2343 1291 2371 τοῦ
1306 2342 1370 2379 περὶ
1385 2341 1432 2368 τοῦ
1450 2339 1605 2376 ἰσημερινοῦ
1620 2339 1710 2373 λέγειν
1719 2347 1726 2355 ι

1068 2454 1118 2480 Ἑν
1132 2451 1165 2480 δέ
1179 2452 1205 2478 οἱ
1220 2451 1318 2484 ἤματα
1332 2449 1420 2480 νυξὶν
1434 2449 1579 2484 Matrem;
1589 2446 1797 2484 ἀμφοτέρῃσιν

1062 2488 1221 2519 Φσίνογτος
1233 2482 1350 2519 Ὁέρεος,
1363 2484 1429 2511 τότε
1440 2483 1461 2499 ⁸⁸
1475 2483 1500 2509 δ’
1516 2483 1617 2517 εἴαρος
1628 2482 1810 2516 ἱσταμένοιο.

1063 2554 1099 2580 Οὐ
1120 2554 1175 2589 γὰρ
1191 2554 1236 2580 ὲπὶ
1260 2553 1322 2587 μίαν
1340 2552 1418 2586 μόνον
1438 2551 1546 2586 ἡμέραν
1573 2550 1719 2586 ίσημερῖαν
1738 2547 1803 2584 ἦγεν
1818 2550 1843 2576 εν

1062 2608 1091 2625 τε
1111 2598 1149 2634 τῷ
1174 2598 1233 2634 ἔαρι
1254 2599 1300 2628 καὶ
1322 2597 1360 2632 τῷ
1381 2595 1553 2632 φθινοπώρῳ,
1579 2595 1647 2622 ἀλλά
1669 2596 1805 2629 πλείονας,
1821 2597 1843 2622 εί

1062 2645 1162 2676 πλάτος
1186 2642 1251 2680 εἶχε.
1276 2644 1331 2676 Καὶ
1354 2643 1435 2670 πάλιν
1458 2644 1489 2669 ὲκ
1510 2641 1557 2668 τοῦ
1583 2642 1630 2668 ἐπὶ
1651 2641 1700 2668 τοῦ
1719 2641 1842 2678 τροπικοῦ

1063 2690 1151 2724 λέγειν
1163 2699 1172 2718 ον
