1923 3137
122 145 191 173 1049

125 205 181 232 τοῦ
195 204 253 238 μὲν

121 236 216 267 Πένίε
231 239 288 274 μὲν
304 238 387 264 ἐνδια
399 238 556 271 στρέφεται
579 237 626 263 καὶ
643 236 788 270 ὑπέρτερα
806 237 901 270 γαίης,

126 305 166 332 Τὰ
179 305 245 339 τρία
259 304 284 330 δ’
297 304 331 330 ἐν
345 302 467 336 περάτῃ.

123 361 228 393 Πλάτος
242 360 295 396 γὰρ
305 361 409 395 ἔχοντος
421 359 512 390 αὐτοῦ,
525 359 570 385 καὶ
583 357 759 394 διαιρεθέντος
771 358 810 389 εἰς
822 357 904 389 ὀκτὼ,

123 407 235 433 δυνατὸν
249 406 316 433 εἶναι
332 406 379 433 ὅλα
393 406 524 440 τμήματα
534 405 589 431 ἄνω
600 413 630 431 τε
641 404 688 430 καὶ
701 403 775 430 κάτω
788 403 906 437 ἐγκεκλι-

126 453 209 487 μένοι)
223 451 268 478 τοῦ
282 452 395 486 κόσμου.
416 450 494 476 Ἀλλὰ
508 450 560 485 μὴν
575 450 622 476 καὶ
636 449 700 484 περὶ
713 448 759 474 τοῦ
774 447 904 479 ζωδιακοῦ

124 498 212 532 λέγων
228 498 270 524 ὁτὲ
289 497 336 532 μὲν
351 497 436 528 οὕτως
448 505 454 512 ·

127 557 241 582 "Oa-trav
253 555 278 581 δ’
292 554 453 589 ὀφθαλμοῖο
465 551 761 589 βολῆς-ἀποτείνεται
777 551 808 589 ³¹Δ
817 549 905 589 αύγὴ,

132 589 253 623 Ἕξάκις
267 585 418 622 ἄν’τόσση
431 597 485 623 μιν
498 585 674 622 ὑποδράμοι·
692 586 784 619 αὐτὰρ
795 585 905 618 ἑκάστη

127 659 192 691 Ἵση
201 657 380 692 μετρηθήσα
391 656 451 683 δύω
463 655 664 690 περιτέμνεται
678 654 773 688 ἄστρα
784 662 791 670 ο

125 714 172 741 ὁτὲ
187 714 215 740 δὲ
228 713 323 745 οὕτως·

130 770 187 797 Τοῦ
201 769 226 797 δ’
242 769 338 797 ὅσσον
353 769 465 796 κοίλοιο
482 769 544 795 κατ’
562 767 708 794 Ὠκεανοῗο
723 766 837 801 δύηται,

130 839 248 866 Τόσσον
261 838 336 872 ὑπὲρ
351 838 436 873 γαίης
449 836 575 872 φέρεται·
591 837 674 871 πάσῃ
687 836 713 863 δ’
726 836 774 863 ἐπὶ
788 835 873 864 νυκτὶ

130 905 185 936 Ἓξ
195 905 249 930 alet
263 903 388 930 δύνουσι
402 902 585 935 δυωδεκάδες
597 903 730 929 κύκλοιο-

132 939 242 966 Τόσσαι
252 939 277 965 δ’
287 938 477 966 ἀντέλλουσι·
492 939 584 965 τόσον
593 938 618 964 δ’
633 938 680 964 ἐπὶ
689 937 786 972 μῆκος
796 936 908 971 ἑκάστη

128 1008 194 1040 Νὺξ
210 1008 265 1035 alel
282 1007 468 1038 τετάνυσται,
487 1007 561 1034 ὅσον
574 1006 605 1034 τέ
620 1013 674 1041 περ
690 1007 782 1041 ἣμισυ
796 1007 908 1034 κύκλου

136 1043 311 1078 Ἀρχομένης
322 1043 380 1069 ἀπὸ
395 1042 503 1075 νυκτὸς
519 1042 646 1075 ἀείρεται
662 1043 752 1076 ὑψόθι
768 1043 863 1076 γαίης·

128 1100 161 1126 οὐ
173 1098 271 1130 πλάτος
281 1100 384 1134 ἔχοντα,
394 1098 460 1125 ἀλλὰ
472 1098 624 1125 τούναντίον
632 1097 738 1132 ἀπλατῆ
747 1097 785 1124 διε
790 1097 909 1132 ιληφέναι

132 1153 177 1181 μοι
190 1144 270 1171 δοκεῖ.
286 1145 321 1170 Ἦ
339 1153 368 1171 τε
381 1145 434 1180 γὰρ
450 1144 512 1180 βολὴ
527 1144 573 1170 τοῦ
588 1143 725 1179 ὀφθαλμοῦ
737 1143 828 1170 εὐθεῖά
841 1145 908 1175 ἐστι,

130 1189 180 1217 καὶ
195 1190 261 1225 αὐτὴ
272 1189 363 1222 ἑξάκις
376 1190 541 1224 καταμετρεῖ
548 1189 593 1215 τὸν
607 1188 732 1223 μέγιστον
744 1187 790 1214 καὶ
803 1187 909 1222 ἀπλατῆ

131 1234 241 1267 κύκλον,
258 1234 314 1260 ἀλλ’
328 1235 387 1269 οὐχὶ
399 1234 444 1260 τὸν
456 1234 555 1264 πλάτος
567 1233 669 1268 ἔχοντα·
682 1231 727 1258 τοῦ
738 1241 766 1258 τε
778 1230 909 1263 ζωδιακοῦ

132 1279 193 1307 καθ’
207 1279 322 1315 ἑκάστην
334 1279 441 1315 ἡμέραν
456 1279 502 1306 καὶ
526 1278 610 1305 νύκτα
625 1277 787 1313 ἡμικύκλιον
801 1276 911 1304 ἀνατέλ-

130 1326 184 1356 λει,
204 1326 250 1352 καὶ
266 1325 348 1357 δύνει,
363 1324 409 1351 τοῦ
428 1324 503 1360 ἡλίου
526 1323 572 1350 ἐπὶ
589 1323 636 1349 τοῦ
653 1322 787 1354 ἀπλατοῦς
803 1322 849 1348 καὶ.
867 1321 910 1348 διὰ

133 1371 225 1407 μέσων
241 1371 294 1398 τῶν
311 1371 413 1403 ζωδίων
436 1370 595 1406 φερομένου·
616 1369 662 1395 ἐπὶ
679 1369 733 1404 γὰρ
749 1368 795 1395 τοῦ
811 1367 911 1405 πλάτος

130 1416 239 1452 ἔχοντος
255 1417 285 1444 οὐ
306 1416 415 1444 δυνατὸν
428 1415 506 1442 τοῦτο
526 1413 692 1449 συμϐαίνειν.
711 1414 765 1440 Καὶ
781 1413 810 1445 ἐξ
825 1413 911 1439 ἄλλων

130 1463 159 1489 δὲ
176 1462 304 1489 πλειόνων
324 1461 438 1497 φανερός
458 1461 531 1487 ἐστιν
544 1461 557 1487 ὁ
575 1460 690 1495 Ἄρατος
706 1458 833 1489 ἀπλατεῖς
850 1458 912 1489 τοὺς

129 1508 247 1539 κύκλους
265 1506 454 1542 ὑποτιθέμενος
467 1504 619 1537 ἀκολούθως
631 1506 686 1536 τοῖς
700 1504 909 1541 μαθηματικοῖς.

167 1645 230 1671 KB’.
257 1645 300 1671 Ἐν
312 1644 341 1672 δὲ
356 1646 411 1676 τοῖς
427 1644 490 1679 ἑξῆς
506 1644 569 1680 περὶ
582 1644 628 1671 τοῦ
657 1643 783 1679 γαλαξίου
811 1643 910 1670 κύκλου

131 1688 227 1720 εὶπὼν,
244 1689 383 1725 ἐπιφέρει,
400 1690 440 1716 ὅτι
466 1689 518 1716 τῶν
534 1690 555 1716 δ’
569 1690 674 1717 κύκλων
690 1689 736 1716 δύο
747 1689 847 1715 τούτων
860 1689 910 1715 ἴσοι

131 1733 209 1760 εἰσιν·
223 1734 247 1760 οἱ
259 1734 287 1760 δὲ
302 1734 348 1761 δύο
364 1735 452 1771 πολλῷ
469 1735 619 1768 ἐλάσσονες,
635 1735 720 1769 λέγων
732 1735 827 1766 οὕτως’

133 1789 179 1823 Τῷ
196 1790 232 1824 δή
246 1799 291 1817 τοι
309 1790 414 1825 χροιὴν
427 1792 485 1826 μὲν
500 1791 634 1826 ἀλίγκιος
648 1793 703 1819 οὐκ
722 1791 766 1818 ἔτι
782 1792 894 1824 κύκλος

130 1858 266 1886 Δινεῖται·
277 1858 312 1885 τὰ
320 1858 355 1894 δὲ
362 1858 455 1893 μέτρα
464 1860 557 1890 τόσοι,
569 1860 703 1892 πισύρων
712 1860 780 1894 παρ’
790 1860 910 1892 ἐόν-των,

132 1895 165 1921 οι
178 1893 242 1920 δύο-
256 1894 299 1920 τοι
313 1893 346 1920 δέ
360 1901 461 1928 σφεων
469 1894 545 1928 μέτα
554 1894 671 1928 μείονες
684 1893 879 1922 εἱλίσσονται.

166 1952 223 1978 Οὐκ
236 1949 265 1978 εὖ
282 1951 310 1978 δέ
323 1959 368 1985 μοι
382 1951 455 1978 δοκεῖ
467 1951 592 1985 λέγεσθαι
605 1951 664 1978 οὐδὲ
675 1951 762 1984 τοῦτο,
774 1952 814 1978 ὅτι
824 1952 912 1989 πολλῷ

130 1997 278 2028 ἐλάσσονές
300 1998 367 2023 εἰσιν
385 1997 409 2023 ol
424 1997 549 2033 τροπικοὶ
565 1997 611 2023 τοῦ
630 1997 787 2033 ἰσημερινοῦ
804 1999 850 2024 καὶ
865 1998 911 2024 τοῦ

130 2043 274 2076 ζωδιακοῦ·
289 2043 399 2070 ἔλασσον
413 2044 465 2079 γὰρ
480 2043 496 2078 ἢ
511 2043 549 2079 τῷ
565 2047 598 2070 ια’
611 2043 677 2079 (65‘)
688 2044 765 2080 μέρει
777 2044 912 2072 λείπονται

130 2089 231 2116 αὐτῶν.

167 2136 235 2171 Περὶ
250 2135 278 2162 δὲ
292 2135 349 2162 τῶν
360 2135 492 2171 ἀστέρων.
506 2135 530 2162 οἳ
546 2136 648 2162 κεῖνται
665 2136 706 2171 ἐφ’
719 2136 847 2171 ἐκατέρου
860 2136 913 2163 τῶν

129 2181 269 2218 τροπικῶν
282 2181 329 2208 καὶ
345 2181 390 2207 ἐπὶ
408 2180 454 2207 τοῦ
472 2181 637 2216 ἰσημερινοῦ,
651 2181 751 2217 γράφει
768 2183 782 2208 ὁ
799 2183 914 2217 Ἄρατος

129 2226 226 2254 τοῦτον
240 2225 284 2253 τὸν
299 2226 408 2261 τρόπον’

130 2293 200 2322 Τῶν
216 2296 232 2320 ὁ
245 2294 303 2328 μὲν
318 2295 442 2329 ἐγγύθεν
458 2294 523 2321 ἐστὶ
539 2294 755 2328 κατερχομένου
766 2295 894 2328 βορέοιο·

136 2330 191 2356 Ἐν
204 2329 237 2355 δέ
251 2331 276 2356 ol
293 2329 452 2363 ἀμφότεραι
466 2330 590 2363 κεφαλαὶ
605 2329 735 2363 Διδύμων
749 2330 912 2363 φορέονται·

137 2365 192 2391 “Ε’ν
204 2363 238 2392 δὲ
251 2364 287 2390 τὰ
303 2365 433 2398 γούνατα
448 2364 541 2391 κεῖται
555 2364 698 2398 ἀρηρότος
719 2365 870 2399 Ἡνιόχοιο.

129 2431 167 2458 Αἱ
184 2431 232 2466 μὲν
247 2428 293 2458 οὖν
309 2431 426 2466 κεφαλαὶ
439 2432 494 2458 τῶν
513 2432 635 2467 Διδύμων
649 2433 679 2459 οὐ
694 2433 796 2458 κεῖνται
810 2432 856 2458 ἐπὶ
868 2431 913 2458 τοῦ

131 2473 241 2512 Θερινοῦ
262 2477 404 2512 τροπικοῦ.
418 2478 446 2504 Ὀ
466 2478 515 2512 μὲν
533 2478 587 2513 γὰρ
603 2478 707 2513 θερινὸς
723 2477 851 2512 τροπικὸς
869 2478 914 2504 τοῦ

133 2523 180 2556 ἱση
186 2521 294 2558 μερινοῦ
301 2521 467 2558 βορειότερός
475 2523 532 2548 ἐστι
541 2523 595 2557 μοι.
602 2522 639 2553 ὡς
648 2522 761 2556 ἔγγιστα
769 2521 816 2548 κδ’·
827 2522 880 2548 τῶν
888 2522 916 2548 δὲ

132 2566 259 2602 Διδύμων
274 2568 290 2601 ἡ
308 2567 356 2602 μὲν
370 2567 489 2603 ἑπομένη
509 2567 612 2602 κεφαλὴ
628 2567 782 2603 βορειοτέρα
801 2568 858 2594 ἐστὶ
870 2567 916 2594 τοῦ

133 2613 295 2648 ἰσημερινῷ
309 2613 362 2648 μοί.
378 2613 398 2640 λ’
408 2621 415 2628 ·
429 2615 446 2649 ὴ
460 2613 488 2639 δὲ
503 2614 640 2648 ἡγουμένη
663 2614 717 2648 μοί.
731 2613 771 2648 λγ¹
783 2612 824 2639 St’.
838 2613 918 2639 Ὥστε

168 2690 190 2706 ¹¹
202 2698 245 2723 γρ.
260 2689 449 2725 ἀποτέμνεται.

173 2767 240 2802 (65')
259 2769 416 2795 ’Ἑλασσον
425 2767 479 2802 γὰρ
490 2768 509 2800 ἣ
526 2767 565 2800 τῷ
577 2770 622 2794 ια’.
638 2765 779 2794 Manifesta
789 2766 858 2792 ratio
866 2770 917 2802 est.

135 2801 220 2837 quam
237 2803 376 2836 attigimus
389 2801 482 2837 supra.
494 2803 542 2830 Est
564 2804 635 2830 enim
655 2802 748 2837 eadem
777 2801 916 2835 proportio

136 2836 249 2866 maximi
273 2838 367 2865 circuli
391 2836 591 2868 ad’trooicum,
614 2836 743 2868 gradibus
759 2840 876 2875 quatuor
891 2840 917 2864 et

622 143 802 171 HIPPARCRI
822 142 868 169 AD
887 140 1107 169 ΡΗᾸΞΝΟΜΕΝΑ
1127 140 1190 167 LIB.
1211 140 1229 166 l.

269 203 344 231 ὅσον
367 211 399 229 τε
421 202 554 236 μάλιστα
570 202 606 228 δι’
622 202 697 228 ὀκτὼ
708 200 905 236 μετρηθέντος

967 198 1016 236 [lae
1030 197 1174 236 quidemin
1188 201 1271 236 totum
1283 204 1328 236 per
1342 201 1398 236 octo
1413 202 1500 236 partes
1515 197 1631 223 dimenso

1668 140 1735 167 1050

958 233 1077 266 Quinque
1094 232 1124 259 de
1135 232 1176 259 Iris
1192 232 1218 258 in
1232 232 1360 266 superiori
1372 236 1446 264 parte
1458 232 1602 261 volvuntur,
1614 240 1645 258 ac
1655 241 1736 266 supra

1566 266 1675 303 [terram
1689 275 1698 300 ;

956 302 1019 329 Tres
1034 307 1121 329 autem
1138 302 1165 328 in
1182 302 1283 336 infima.

990 358 1067 390 Quod
1090 357 1112 385 si
1138 357 1251 384 latitudo
1276 356 1348 383 illius
1368 359 1440 383 esset
1462 357 1528 388 ulla,
1543 360 1570 383 ct
1593 357 1620 384 in
1645 361 1736 392 partes

955 409 1017 430 octo
1037 403 1211 433 tribueretur,
1239 402 1296 429 ﬁeri
1322 405 1424 436 posset.
1454 406 1483 428 ut
1510 405 1565 429 tota
1599 407 1737 437 segmenta

956 448 1044 476 forent
1055 456 1172 483 superne
1186 447 1353 482 inl‘erneque,
1367 448 1515 475 inclinante
1528 448 1638 475 mundo.
1653 448 1737 481 Quin-

955 494 1036 521 etiam
1044 494 1077 521 de
1089 494 1201 521 zodiaco
1213 494 1335 528 loquens.
1343 501 1405 520 cum
1415 493 1549 520 interdum
1558 493 1614 521 hmc
1622 493 1734 521 scribit:

957 551 1090 583 Quantum
1110 555 1196 577 autent
1214 550 1330 577 ocularis
1344 551 1414 578 risus
1429 550 1577 577 extenditur
1590 550 1694 582 radius,

957 587 1046 614 Sexies
1062 586 1221 612 tantumdem
1231 585 1409 620 subteripsum
1424 585 1651 620 meaverithorro
1666 594 1737 620 qua:-

956 657 998 682 Ea:
1012 663 1085 690 requa
1098 655 1215 683 dimensa
1231 655 1283 681 duo
1301 654 1432 683 abscindit
1448 619 1602 682 astra...[.l."
1615 625 1700 654 pomo

959 713 1036 747 113
1050 716 1077 740 et
1091 713 1158 741 alias
1173 714 1209 740 ita
1226 713 1344 748 loquitur
1358 720 1366 739 ι

959 767 1047 803 Hujus
1061 773 1147 796 autem
1170 774 1297 804 quantum
1313 776 1454 795 concavum
1479 768 1526 795 sub
1541 768 1672 804 Oceanum
1695 778 1741 798 oc-

1576 803 1686 839 [ciderit
1695 825 1703 837 ,

1480 845 1526 871 per
1553 847 1654 866 onmem
1681 848 1740 867 υϐΐυ

1583 873 1592 909 [
1603 879 1703 902 nectent

961 839 1073 866 Tantum
1100 846 1181 872 supra
1207 843 1303 866 terram
1334 838 1419 872 fertur
1443 844 1452 864 :

959 907 1012 935 Sea:
1028 909 1126 942 semper
1141 907 1260 934 occidunt
1276 906 1437 933 duodecima:
1453 907 1545 933 circuli
1559 914 1567 933 :

960 943 1079 970 Totidem
1094 943 1238 969 oriuntur:
1267 947 1367 968 tantam
1393 947 1478 968 autem
1494 942 1527 967 ad
1551 942 1739 971 longitudinem

1657 987 1677 998 ’ἰ

1624 987 1662 1004 μα’
1673 987 1687 1004 ιι

960 1011 1023 1039 Nox
1037 1020 1137 1046 semper
1149 1011 1306 1040 attenditur.
1322 1016 1447 1046 quantum
1462 987 1599 1039 dimidiunlt
1606 987 1705 1040 qcirclulsi

960 1046 1070 1074 Ineunte
1083 1047 1114 1074 ab
1131 1052 1204 1073 nocte
1222 1046 1354 1073 attollitur
1369 1054 1448 1080 supra
1469 1051 1622 1075 terram.....

960 1104 987 1131 in
1004 1104 1058 1135 his,
1076 1104 1200 1138 inquam,
1231 1103 1359 1130 omnibus
1392 1103 1469 1130 nulla
1491 1107 1662 1131 constantem
1679 1104 1741 1131 lati-

959 1149 1063 1180 tudine,
1076 1149 1123 1176 sed
1139 1149 1199 1182 ejus
1217 1152 1313 1175 contra
1330 1148 1438 1182 penitus
1451 1153 1590 1183 expertem
1604 1149 1742 1176 delineare

960 1195 1091 1222 circulum
1119 1194 1310 1229 mihiquidem
1324 1195 1432 1222 videtur
1457 1203 1465 1221 :
1488 1195 1622 1229 siquidem
1649 1194 1743 1230 conje-

960 1243 1020 1267 ctus
1035 1239 1106 1266 oculi
1124 1245 1216 1267 rectus
1231 1245 1292 1267 est:
1318 1240 1443 1274 idemque
1471 1242 1559 1267 sexies
1577 1240 1740 1272 maximum,

960 1289 985 1312 et
1005 1283 1146 1310 latitudine
1161 1288 1298 1311 carentem
1309 1304 1315 1316 ,
1332 1291 1386 1311 non
1407 1292 1439 1311 ea
1455 1285 1595 1318 praeditum
1609 1285 1741 1312 circulum

961 1330 1089 1358 metitur:
1106 1330 1210 1358 zodiaci
1232 1338 1339 1365 quoque
1360 1331 1475 1366 singulis
1501 1331 1614 1363 diebus,
1641 1339 1673 1358 ac
1690 1339 1741 1358 no-

960 1377 1049 1404 ctibus
1063 1376 1250 1404 semicirculus
1273 1377 1361 1404 oritur
1385 1381 1412 1404 et
1434 1376 1544 1409 occidit,
1562 1384 1624 1404 cum
1650 1377 1689 1405 sol
1710 1378 1740 1404 in

961 1421 1065 1448 circulo
1081 1429 1168 1456 neque
1192 1422 1246 1448 lato
1269 1427 1296 1449 et
1317 1421 1405 1449 media
1420 1422 1497 1457 signa
1519 1427 1673 1457 permeanle
1688 1423 1742 1450 for-

963 1471 1006 1494 tur
1021 1477 1027 1494 :
1045 1467 1117 1502 quod
1136 1467 1191 1495 ﬁeri
1207 1475 1263 1495 non
1279 1472 1382 1502 posset,
1395 1468 1417 1495 si
1430 1468 1581 1496 latitudinis
1601 1468 1625 1496 ei
1639 1468 1742 1495 circulo

963 1511 1064 1545 aliquid
1081 1511 1193 1539 inesset.
1218 1511 1311 1539 Potest
1327 1517 1353 1539 et
1373 1513 1434 1539 aliis
1449 1513 1636 1548 compluribus
1662 1520 1743 1548 argu-

964 1557 1062 1584 mentis
1074 1557 1200 1590 ostendi;
1219 1564 1271 1583 non
1297 1557 1377 1584 aliter
1395 1565 1426 1584 ac
1441 1558 1623 1586 mathematici
1638 1557 1743 1585 faciunt

963 1602 1104 1629 latitudine
1119 1608 1242 1630 carentes
1257 1603 1376 1630 circulos
1385 1603 1419 1630 ab
1433 1603 1516 1630 Arato
1533 1604 1672 1631 constitui.

999 1647 1082 1675 XXII.
1093 1648 1128 1676 De
1136 1648 1223 1676 lacteo
1232 1656 1295 1676 vero
1303 1648 1405 1675 circulo
1414 1648 1540 1683 deinceps
1549 1657 1630 1684 agens
1638 1649 1742 1680 scribit.

963 1702 979 1722 e
992 1695 1103 1722 circulis
1112 1699 1229 1729 quatuor
1243 1694 1312 1722 duos
1324 1695 1441 1729 mquales
1453 1702 1530 1728 esse;
1546 1696 1663 1731 reliquos
1674 1684 1743 1723 duos

963 1740 1035 1767 haud
1050 1740 1130 1775 paulo
1146 1741 1276 1772 minores,
1292 1740 1333 1767 his
1350 1740 1472 1767 versibus
1491 1749 1497 1766 :

966 1795 1036 1822 Huic
1060 1804 1137 1831 porro
1161 1796 1246 1823 colore
1264 1795 1368 1831 quidem
1390 1795 1484 1822 similis
1509 1794 1596 1856 nullulx
1617 1799 1743 1856 praeterea

1598 1838 1666 1856 ιιι-εκ
1681 1839 1710 1856 us

1598 1838 1666 1856 011⁵611

1598 1830 1697 1856 circnlu

970 1865 1112 1901 Versatur:
1123 1866 1167 1892 sed
1178 1865 1355 1901 magnitudine
1365 1865 1432 1892 tanti
1443 1870 1554 1900 quatuor
1564 1830 1744 1892 eicsistentiitm

966 1900 1041 1932 Duo;
1054 1902 1106 1927 duo
1119 1909 1177 1928 vero
1192 1900 1255 1935 ipSis
1272 1901 1346 1935 longe
1361 1902 1472 1927 minores
1484 1901 1630 1927 volvuntur.

1002 1957 1079 1991 Quod
1106 1958 1193 1993 ipsum
1218 1965 1252 1984 ne
1275 1965 1368 1984 carere
1398 1958 1505 1992 quidem
1534 1955 1745 1991 reprehensione

966 2003 1032 2030 mihi
1053 2002 1159 2030 videtur
1185 2002 1219 2029 ab
1245 2009 1277 2028 eo
1294 2002 1411 2032 dictum,
1438 2001 1523 2028 multo
1549 2001 1668 2028 minores
1684 2008 1746 2027 esse

966 2048 1085 2082 tropicos
1118 2046 1300 2082 aequinoctiali
1332 2053 1364 2072 ac
1399 2046 1528 2078 zodiaco;
1559 2045 1649 2073 minus
1672 2044 1744 2072 enim

967 2093 1110 2121 undecima
1125 2097 1201 2128 parte
1219 2092 1308 2120 abhis
1323 2092 1360 2119 illi
1379 2096 1552 2126 superantur.

1002 2139 1039 2166 De
1051 2139 1151 2169 stellis,
1173 2145 1233 2173 quae
1262 2138 1287 2164 in
1305 2141 1420 2172 utroque
1449 2138 1564 2172 tropico,
1582 2141 1609 2164 et
1624 2136 1744 2171 :equino-

967 2185 1041 2212 ctiali
1058 2185 1116 2213 sita:
1131 2187 1206 2215 sunt,
1223 2184 1296 2210 hunc
1312 2183 1339 2210 in
1354 2182 1463 2210 modum
1480 2183 1575 2210 scribit
1589 2182 1689 2210 Aratus
1701 2192 1710 2210 :

971 2296 1070 2322 Horum
1087 2295 1154 2322 alter
1169 2294 1270 2329 quidem
1284 2302 1362 2328 prope
1374 2298 1412 2329 est
1426 2291 1619 2329 descendentem
1631 2293 1691 2319 bore
1697 2300 1744 2318 tm.

968 2331 1000 2358 In
1017 2339 1046 2357 eo
1063 2339 1121 2357 vero
1137 2327 1274 2364 utrumque
1285 2327 1366 2362 caput
1386 2328 1553 2364 Geminorum
1572 2327 1656 2361 fertur
1667 2334 1677 2354 :

967 2365 1118 2400 Ibidemque
1133 2373 1216 2399 genua
1230 2362 1291 2391 sunt
1304 2364 1386 2398 optati
1401 2362 1537 2389 Heniochi.

1003 2432 1084 2467 Atqui
1115 2432 1289 2459 Geminorum
1314 2431 1403 2465 capita
1429 2438 1484 2457 non
1511 2434 1572 2457 sunt
1600 2429 1627 2456 in
1651 2428 1746 2455 aestivo

968 2478 1083 2512 tropico.
1106 2475 1245 2510 Siquidem
1279 2476 1402 2510 tropicus
1430 2475 1540 2501 aestivus
1565 2472 1745 2508 aequinoctiali

969 2523 1072 2551 circulo
1086 2522 1221 2549 borealior
1235 2525 1277 2548 est
1298 2520 1421 2555 partibus
1433 2519 1540 2546 circiter
1553 2518 1602 2550 24;
1619 2517 1747 2544 Gemino-

971 2576 1029 2595 rum
1045 2575 1109 2594 vero
1132 2566 1283 2594 succedens
1301 2569 1383 2600 caput
1403 2564 1538 2591 borealius
1564 2567 1605 2590 cst
1626 2561 1746 2596 :equino-

971 2613 1045 2640 ctiali
1062 2611 1184 2647 partibus
1200 2611 1251 2644 50;
1264 2610 1426 2638 antecedens
1444 2609 1566 2645 partibus
1579 2608 1615 2635 53
1631 2607 1693 2642 ιβ.
1709 2606 1747 2634 Ita

968 2765 1060 2800 viginti
1079 2766 1112 2792 ab
1126 2771 1159 2792 eo
1175 2763 1356 2796 recedentem,
1380 2767 1497 2800 qumhest
1511 2760 1655 2800 l.000.000
1670 2761 1747 2800 sinus

968 2796 1063 2832 toiius,
1080 2800 1113 2826 ad
1127 2800 1228 2831 9l,355
1242 2800 1331 2827 sinum
1341 2796 1416 2833 grai].
1433 2797 1477 2826 66.
1499 2796 1688 2858 contgletnenti
1705 2796 1748 2823 di-

968 2835 1073 2858 stantias.
1088 2835 1197 2858 trnnini.
1215 2835 1265 2858 hoc
1277 2838 1318 2858 est
1345 2837 1374 2858 ut
1397 2833 1425 2858 ll
1441 2831 1474 2858 ad
1493 2832 1524 2858 10
1544 2830 1559 2858 6
1579 2831 1748 2858 05ΑΟΟΟΟο.

967 2830 1073 2866 stantiae
1088 2830 1197 2868 tropici.
1215 2835 1265 2862 hoc
1277 2838 1318 2862 est
1342 2830 1374 2860 ῖιι
1397 2833 1425 2860 ll
1441 2831 1474 2859 ad
1493 2832 1524 2858 l0
1544 2830 1748 2866 6905/100000.
