  <div class='ocr_page' id='page_1' title='image "/cluster/home/n/w/nwhite01/storage/ocr_20150623/19/njp.32101077772463/604.png"; bbox 0 0 1898 3145; ppageno 0'>
   <div class='ocr_carea' id='block_1_1' title="bbox 85 124 157 151">
    <p class='ocr_par' dir='ltr' id='par_1_1' title="bbox 85 124 157 151">
     <span class='ocr_line' id='line_1_1' title="bbox 85 124 157 151; baseline 0.028 -2"><span class='ocrx_word' id='word_1_1' title='bbox 85 124 157 151; x_wconf 72' lang='grc'><strong>1655</strong></span> 
     </span>
    </p>
   </div>
   <div class='ocr_carea' id='block_1_2' title="bbox 598 129 1191 163">
    <p class='ocr_par' dir='ltr' id='par_1_2' title="bbox 598 129 1191 163">
     <span class='ocr_line' id='line_1_2' title="bbox 598 129 1191 163; baseline 0.008 -7"><span class='ocrx_word' id='word_1_2' title='bbox 598 129 779 159; x_wconf 79' lang='lat' dir='ltr'><strong>HIPPARCHI</strong></span> <span class='ocrx_word' id='word_1_3' title='bbox 796 131 841 158; x_wconf 78' lang='lat' dir='ltr'><strong>AD</strong></span> <span class='ocrx_word' id='word_1_4' title='bbox 856 131 1076 163; x_wconf 68' lang='lat' dir='ltr'><strong>Pll/ENOMENA</strong></span> <span class='ocrx_word' id='word_1_5' title='bbox 1094 133 1156 160; x_wconf 73' lang='grc' dir='ltr'><strong>[ΑΒ.</strong></span> <span class='ocrx_word' id='word_1_6' title='bbox 1171 133 1191 162; x_wconf 81' lang='grc'>1,</span> 
     </span>
    </p>
   </div>
   <div class='ocr_carea' id='block_1_3' title="bbox 1632 137 1698 164">
    <p class='ocr_par' dir='ltr' id='par_1_3' title="bbox 1632 137 1698 164">
     <span class='ocr_line' id='line_1_3' title="bbox 1632 137 1698 164; baseline 0.015 -1"><span class='ocrx_word' id='word_1_7' title='bbox 1632 137 1698 164; x_wconf 65' lang='grc'><strong>1054</strong></span> 
     </span>
    </p>
   </div>
   <div class='ocr_carea' id='block_1_4' title="bbox 79 182 834 229">
    <p class='ocr_par' dir='ltr' id='par_1_4' title="bbox 79 182 834 222">
     <span class='ocr_line' id='line_1_4' title="bbox 79 182 834 222; baseline 0.011 -16"><span class='ocrx_word' id='word_1_8' title='bbox 79 182 113 216; x_wconf 82' lang='grc' dir='ltr'>τῇ</span> <span class='ocrx_word' id='word_1_9' title='bbox 132 182 248 218; x_wconf 80' lang='grc' dir='ltr'><strong>πτέρυγι</strong></span> <span class='ocrx_word' id='word_1_10' title='bbox 264 182 430 219; x_wconf 80' lang='grc' dir='ltr'>βορειότερὸς</span> <span class='ocrx_word' id='word_1_11' title='bbox 443 185 501 210; x_wconf 86' lang='grc' dir='ltr'>ὲστι</span> <span class='ocrx_word' id='word_1_12' title='bbox 515 184 561 211; x_wconf 82' lang='grc' dir='ltr'>τοῦ</span> <span class='ocrx_word' id='word_1_13' title='bbox 578 186 732 221; x_wconf 76' lang='grc' dir='ltr'>ἰσημερινοῡ</span> <span class='ocrx_word' id='word_1_14' title='bbox 747 187 800 222; x_wconf 82' lang='grc' dir='ltr'><strong>μοί.</strong></span> <span class='ocrx_word' id='word_1_15' title='bbox 814 196 834 214; x_wconf 76' lang='grc' dir='ltr'>κ’</span> 
     </span>
    </p>
   </div>
   <div class='ocr_carea' id='block_1_5' title="bbox 896 182 1698 229">
    <p class='ocr_par' dir='ltr' id='par_1_5' title="bbox 896 190 1698 229">
     <span class='ocr_line' id='line_1_5' title="bbox 896 190 1698 229; baseline 0.007 -14"><span class='ocrx_word' id='word_1_16' title='bbox 896 201 903 218; x_wconf 63' lang='grc' dir='ltr'>λ</span> <span class='ocrx_word' id='word_1_17' title='bbox 918 191 946 214; x_wconf 86' lang='lat' dir='ltr'><strong>in</strong></span> <span class='ocrx_word' id='word_1_18' title='bbox 962 190 1130 217; x_wconf 68' lang='lat' dir='ltr'><strong>extremitate</strong></span> <span class='ocrx_word' id='word_1_19' title='bbox 1146 190 1204 220; x_wconf 64' lang='lat' dir='ltr'><strong>alae.</strong></span> <span class='ocrx_word' id='word_1_20' title='bbox 1220 190 1356 218; x_wconf 83' lang='lat' dir='ltr'><strong>boreaiior</strong></span> <span class='ocrx_word' id='word_1_21' title='bbox 1379 196 1419 218; x_wconf 91' lang='lat' dir='ltr'><strong>est</strong></span> <span class='ocrx_word' id='word_1_22' title='bbox 1438 191 1618 227; x_wconf 71' lang='lat' dir='ltr'><strong>arquinoctiali</strong></span> <span class='ocrx_word' id='word_1_23' title='bbox 1635 202 1698 229; x_wconf 83' lang='lat' dir='ltr'><strong>par-</strong></span> 
     </span>
    </p>
   </div>
   <div class='ocr_carea' id='block_1_6' title="bbox 77 226 865 268">
    <p class='ocr_par' dir='ltr' id='par_1_6' title="bbox 77 226 865 268">
     <span class='ocr_line' id='line_1_6' title="bbox 77 226 865 268; baseline 0.01 -16"><span class='ocrx_word' id='word_1_24' title='bbox 77 226 128 253; x_wconf 79' lang='grc' dir='ltr'><strong>τοῦ</strong></span> <span class='ocrx_word' id='word_1_25' title='bbox 145 226 174 253; x_wconf 81' lang='grc' dir='ltr'>δὲ</span> <span class='ocrx_word' id='word_1_26' title='bbox 191 227 317 263; x_wconf 81' lang='grc' dir='ltr'>Ὄρνιθος</span> <span class='ocrx_word' id='word_1_27' title='bbox 335 229 364 255; x_wconf 80' lang='grc' dir='ltr'>τὸ</span> <span class='ocrx_word' id='word_1_28' title='bbox 381 230 429 264; x_wconf 78' lang='grc' dir='ltr'>μὲν</span> <span class='ocrx_word' id='word_1_29' title='bbox 446 230 544 266; x_wconf 57' lang='grc' dir='ltr'>ῥύγχος</span> <span class='ocrx_word' id='word_1_30' title='bbox 563 231 728 268; x_wconf 76' lang='grc' dir='ltr'>βορειότερόν</span> <span class='ocrx_word' id='word_1_31' title='bbox 748 234 804 260; x_wconf 79' lang='grc' dir='ltr'>ἐστι</span> <span class='ocrx_word' id='word_1_32' title='bbox 819 234 865 260; x_wconf 81' lang='grc' dir='ltr'>τοῦ</span> 
     </span>
    </p>
   </div>
   <div class='ocr_carea' id='block_1_7' title="bbox 78 272 865 312">
    <p class='ocr_par' dir='ltr' id='par_1_7' title="bbox 78 272 865 312">
     <span class='ocr_line' id='line_1_7' title="bbox 78 272 865 312; baseline 0.009 -14"><span class='ocrx_word' id='word_1_33' title='bbox 78 272 242 308; x_wconf 69' lang='grc' dir='ltr'>ἰσημερινοῦ</span> <span class='ocrx_word' id='word_1_34' title='bbox 257 274 312 308; x_wconf 83' lang='grc' dir='ltr'>μοί.</span> <span class='ocrx_word' id='word_1_35' title='bbox 330 277 367 300; x_wconf 82' lang='grc' dir='ltr'>κε’</span> <span class='ocrx_word' id='word_1_36' title='bbox 384 275 431 300; x_wconf 79' lang='grc' dir='ltr'>καὶ</span> <span class='ocrx_word' id='word_1_37' title='bbox 445 278 498 309; x_wconf 64' lang='grc' dir='ltr'><strong>κγ’*</strong></span> <span class='ocrx_word' id='word_1_38' title='bbox 512 277 525 302; x_wconf 89' lang='grc' dir='ltr'><strong>ὁ</strong></span> <span class='ocrx_word' id='word_1_39' title='bbox 537 275 563 302; x_wconf 84' lang='grc' dir='ltr'>δὲ</span> <span class='ocrx_word' id='word_1_40' title='bbox 577 277 703 312; x_wconf 77' lang='grc' dir='ltr'><strong>ἐχόμενος</strong></span> <span class='ocrx_word' id='word_1_41' title='bbox 716 278 807 308; x_wconf 75' lang='grc' dir='ltr'>αὑτοῦ.</span> <span class='ocrx_word' id='word_1_42' title='bbox 820 279 865 305; x_wconf 70' lang='grc' dir='ltr'><strong>καὶ</strong></span> 
     </span>
    </p>
   </div>
   <div class='ocr_carea' id='block_1_8' title="bbox 75 319 865 358">
    <p class='ocr_par' dir='ltr' id='par_1_8' title="bbox 75 319 865 358">
     <span class='ocr_line' id='line_1_8' title="bbox 75 319 865 358; baseline 0.009 -14"><span class='ocrx_word' id='word_1_43' title='bbox 75 319 117 350; x_wconf 81' lang='grc' dir='ltr'>ὡς</span> <span class='ocrx_word' id='word_1_44' title='bbox 134 319 167 344; x_wconf 78' lang='grc' dir='ltr'><strong>ἂν</strong></span> <span class='ocrx_word' id='word_1_45' title='bbox 179 320 193 345; x_wconf 93' lang='grc' dir='ltr'>ὁ</span> <span class='ocrx_word' id='word_1_46' title='bbox 205 319 233 345; x_wconf 80' lang='grc' dir='ltr'>ἐν</span> <span class='ocrx_word' id='word_1_47' title='bbox 247 319 285 353; x_wconf 83' lang='grc' dir='ltr'>τῷ</span> <span class='ocrx_word' id='word_1_48' title='bbox 299 319 415 355; x_wconf 77' lang='grc' dir='ltr'>λάρυγγι</span> <span class='ocrx_word' id='word_1_49' title='bbox 429 322 563 355; x_wconf 80' lang='grc' dir='ltr'><strong>κείμενος,</strong></span> <span class='ocrx_word' id='word_1_50' title='bbox 575 322 738 358; x_wconf 77' lang='grc' dir='ltr'>βορειότερός</span> <span class='ocrx_word' id='word_1_51' title='bbox 750 325 805 351; x_wconf 81' lang='grc' dir='ltr'>ἐστι</span> <span class='ocrx_word' id='word_1_52' title='bbox 819 325 865 351; x_wconf 82' lang='grc' dir='ltr'><strong>τοῦ</strong></span> 
     </span>
    </p>
   </div>
   <div class='ocr_carea' id='block_1_9' title="bbox 77 363 864 405">
    <p class='ocr_par' dir='ltr' id='par_1_9' title="bbox 77 363 864 405">
     <span class='ocr_line' id='line_1_9' title="bbox 77 363 864 405; baseline 0.011 -16"><span class='ocrx_word' id='word_1_53' title='bbox 77 364 240 400; x_wconf 78' lang='grc' dir='ltr'>ἰσημερινοῦ</span> <span class='ocrx_word' id='word_1_54' title='bbox 255 365 310 399; x_wconf 76' lang='grc' dir='ltr'>μοί.</span> <span class='ocrx_word' id='word_1_55' title='bbox 325 366 375 391; x_wconf 87' lang='grc' dir='ltr'>λα’.</span> <span class='ocrx_word' id='word_1_56' title='bbox 391 366 474 400; x_wconf 81' lang='grc' dir='ltr'>Δῆλον</span> <span class='ocrx_word' id='word_1_57' title='bbox 487 365 542 397; x_wconf 81' lang='grc' dir='ltr'><strong>οὖν.</strong></span> <span class='ocrx_word' id='word_1_58' title='bbox 553 368 592 394; x_wconf 79' lang='grc' dir='ltr'>ὅτι</span> <span class='ocrx_word' id='word_1_59' title='bbox 605 368 665 395; x_wconf 72' lang='grc' dir='ltr'>οὔτε</span> <span class='ocrx_word' id='word_1_60' title='bbox 676 369 692 404; x_wconf 82' lang='grc' dir='ltr'><strong>ἡ</strong></span> <span class='ocrx_word' id='word_1_61' title='bbox 704 363 807 405; x_wconf 60' lang='grc' dir='ltr'>κεφαλὴ</span> <span class='ocrx_word' id='word_1_62' title='bbox 818 371 864 399; x_wconf 72' lang='grc' dir='ltr'><strong>τοῦ</strong></span> 
     </span>
    </p>
   </div>
   <div class='ocr_carea' id='block_1_10' title="bbox 76 409 863 452">
    <p class='ocr_par' dir='ltr' id='par_1_10' title="bbox 76 409 863 452">
     <span class='ocr_line' id='line_1_10' title="bbox 76 409 863 452; baseline 0.01 -17"><span class='ocrx_word' id='word_1_63' title='bbox 76 409 208 444; x_wconf 77' lang='grc' dir='ltr'><strong>Ὄρνιθος</strong></span> <span class='ocrx_word' id='word_1_64' title='bbox 227 410 289 437; x_wconf 78' lang='grc' dir='ltr'>οὔτε</span> <span class='ocrx_word' id='word_1_65' title='bbox 311 413 324 438; x_wconf 91' lang='lat'><strong>6</strong></span> <span class='ocrx_word' id='word_1_66' title='bbox 340 411 474 447; x_wconf 77' lang='grc' dir='ltr'><strong>τράχηλος</strong></span> <span class='ocrx_word' id='word_1_67' title='bbox 496 412 604 440; x_wconf 74' lang='grc' dir='ltr'>δύναται</span> <span class='ocrx_word' id='word_1_68' title='bbox 628 415 674 441; x_wconf 67' lang='grc' dir='ltr'><strong>ἐπὶ</strong></span> <span class='ocrx_word' id='word_1_69' title='bbox 689 415 735 441; x_wconf 86' lang='grc' dir='ltr'>τοῦ</span> <span class='ocrx_word' id='word_1_70' title='bbox 759 416 863 452; x_wconf 69' lang='grc' dir='ltr'>θερινοῖρ</span> 
     </span>
    </p>
   </div>
   <div class='ocr_carea' id='block_1_11' title="bbox 73 455 452 488">
    <p class='ocr_par' dir='ltr' id='par_1_11' title="bbox 73 455 452 488">
     <span class='ocr_line' id='line_1_11' title="bbox 73 455 452 488; baseline 0.008 -8"><span class='ocrx_word' id='word_1_71' title='bbox 73 455 210 488; x_wconf 84' lang='grc' dir='ltr'>τροπικοῦ</span> <span class='ocrx_word' id='word_1_72' title='bbox 226 455 329 487; x_wconf 79' lang='grc' dir='ltr'>κεῖσθαι</span> <span class='ocrx_word' id='word_1_73' title='bbox 344 456 452 485; x_wconf 79' lang='grc' dir='ltr'>κύκλου.</span> 
     </span>
    </p>
   </div>
   <div class='ocr_carea' id='block_1_12' title="bbox 119 499 349 535">
    <p class='ocr_par' dir='ltr' id='par_1_12' title="bbox 119 499 349 535">
     <span class='ocr_line' id='line_1_12' title="bbox 119 499 349 535; baseline 0.004 -9"><span class='ocrx_word' id='word_1_74' title='bbox 119 499 199 535; x_wconf 81' lang='grc' dir='ltr'><strong>Ἑξῆς</strong></span> <span class='ocrx_word' id='word_1_75' title='bbox 213 500 240 526; x_wconf 73' lang='grc' dir='ltr'>δέ</span> <span class='ocrx_word' id='word_1_76' title='bbox 258 509 349 535; x_wconf 78' lang='grc' dir='ltr'>φησιν.</span> 
     </span>
    </p>
   </div>
   <div class='ocr_carea' id='block_1_13' title="bbox 113 558 756 594">
    <p class='ocr_par' dir='ltr' id='par_1_13' title="bbox 113 558 756 594">
     <span class='ocr_line' id='line_1_13' title="bbox 113 558 756 594; baseline 0.011 -13"><span class='ocrx_word' id='word_1_77' title='bbox 113 576 121 582; x_wconf 92' lang='grc'>.</span> <span class='ocrx_word' id='word_1_78' title='bbox 182 576 193 594; x_wconf 38' lang='lat'>5</span> <span class='ocrx_word' id='word_1_79' title='bbox 211 576 217 582; x_wconf 96' lang='lat'>.</span> <span class='ocrx_word' id='word_1_80' title='bbox 231 575 246 594; x_wconf 79' lang='lat'><strong>_.</strong></span> <span class='ocrx_word' id='word_1_81' title='bbox 266 575 273 582; x_wconf 93' lang='lat'><em>.</em></span> <span class='ocrx_word' id='word_1_82' title='bbox 324 577 330 583; x_wconf 92' lang='lat'><strong><em>.</em></strong></span> <span class='ocrx_word' id='word_1_83' title='bbox 342 577 348 583; x_wconf 93' lang='lat'>.</span> <span class='ocrx_word' id='word_1_84' title='bbox 367 558 455 594; x_wconf 71' lang='grc' dir='ltr'>καλοί</span> <span class='ocrx_word' id='word_1_85' title='bbox 471 558 493 584; x_wconf 83' lang='grc' dir='ltr'><strong>τ’</strong></span> <span class='ocrx_word' id='word_1_86' title='bbox 517 559 675 594; x_wconf 69' lang='grc' dir='ltr'>Ὀφιούκεοι</span> <span class='ocrx_word' id='word_1_87' title='bbox 686 558 756 594; x_wconf 81' lang='grc' dir='ltr'>ὦμοι</span> 
     </span>
    </p>
   </div>
   <div class='ocr_carea' id='block_1_14' title="bbox 110 591 806 629">
    <p class='ocr_par' dir='ltr' id='par_1_14' title="bbox 110 591 806 629">
     <span class='ocr_line' id='line_1_14' title="bbox 110 591 806 629; baseline 0.01 -13"><span class='ocrx_word' id='word_1_88' title='bbox 110 591 211 617; x_wconf 75' lang='grc' dir='ltr'><strong>Αὐτὸν</strong></span> <span class='ocrx_word' id='word_1_89' title='bbox 225 591 391 618; x_wconf 83' lang='grc' dir='ltr'>δινεύονται</span> <span class='ocrx_word' id='word_1_90' title='bbox 408 591 586 628; x_wconf 62' lang='grc' dir='ltr'>ἑληλιιμέᾶεοι</span> <span class='ocrx_word' id='word_1_91' title='bbox 602 591 667 629; x_wconf 61' lang='grc' dir='ltr'>περὶ</span> <span class='ocrx_word' id='word_1_92' title='bbox 682 591 806 629; x_wconf 61' lang='grc' dir='ltr'>κῦκλοιιτ</span> 
     </span>
    </p>
   </div>
   <div class='ocr_carea' id='block_1_15' title="bbox 78 646 859 688">
    <p class='ocr_par' dir='ltr' id='par_1_15' title="bbox 78 646 859 688">
     <span class='ocr_line' id='line_1_15' title="bbox 78 646 859 688; baseline 0.008 -15"><span class='ocrx_word' id='word_1_93' title='bbox 78 647 127 673; x_wconf 83' lang='grc' dir='ltr'>Ἐν</span> <span class='ocrx_word' id='word_1_94' title='bbox 137 647 166 674; x_wconf 79' lang='grc' dir='ltr'><strong>δὲ</strong></span> <span class='ocrx_word' id='word_1_95' title='bbox 177 646 280 679; x_wconf 78' lang='grc' dir='ltr'><strong>τούτοις</strong></span> <span class='ocrx_word' id='word_1_96' title='bbox 291 648 390 680; x_wconf 73' lang='grc' dir='ltr'>τελέως</span> <span class='ocrx_word' id='word_1_97' title='bbox 404 649 504 682; x_wconf 81' lang='grc' dir='ltr'><strong>ἀγνοεῖ.</strong></span> <span class='ocrx_word' id='word_1_98' title='bbox 519 650 578 676; x_wconf 82' lang='grc' dir='ltr'>Τῶν</span> <span class='ocrx_word' id='word_1_99' title='bbox 589 650 642 686; x_wconf 75' lang='grc' dir='ltr'><strong>γὰρ</strong></span> <span class='ocrx_word' id='word_1_100' title='bbox 657 651 702 677; x_wconf 77' lang='grc' dir='ltr'><strong>τοῦ</strong></span> <span class='ocrx_word' id='word_1_101' title='bbox 719 652 859 688; x_wconf 72' lang='grc' dir='ltr'><strong>ὀφιούχου</strong></span> 
     </span>
    </p>
   </div>
   <div class='ocr_carea' id='block_1_16' title="bbox 70 688 858 733">
    <p class='ocr_par' dir='ltr' id='par_1_16' title="bbox 70 688 858 733">
     <span class='ocr_line' id='line_1_16' title="bbox 70 688 858 733; baseline 0.009 -15"><span class='ocrx_word' id='word_1_102' title='bbox 70 691 160 728; x_wconf 78' lang='grc' dir='ltr'>ὤμων</span> <span class='ocrx_word' id='word_1_103' title='bbox 177 693 190 719; x_wconf 84' lang='grc' dir='ltr'><strong>ὀ</strong></span> <span class='ocrx_word' id='word_1_104' title='bbox 207 688 259 728; x_wconf 82' lang='grc' dir='ltr'>μὲν</span> <span class='ocrx_word' id='word_1_105' title='bbox 271 693 356 726; x_wconf 73' lang='grc' dir='ltr'>δεξιὸς</span> <span class='ocrx_word' id='word_1_106' title='bbox 374 694 462 730; x_wconf 83' lang='grc' dir='ltr'>πολλῷ</span> <span class='ocrx_word' id='word_1_107' title='bbox 484 695 573 729; x_wconf 78' lang='grc' dir='ltr'><strong>ἔγγιον</strong></span> <span class='ocrx_word' id='word_1_108' title='bbox 593 698 680 724; x_wconf 85' lang='grc' dir='ltr'>κεῖται</span> <span class='ocrx_word' id='word_1_109' title='bbox 696 697 741 724; x_wconf 83' lang='grc' dir='ltr'>τοῦ</span> <span class='ocrx_word' id='word_1_110' title='bbox 762 699 858 733; x_wconf 83' lang='grc' dir='ltr'>ἰσημε-</span> 
     </span>
    </p>
   </div>
   <div class='ocr_carea' id='block_1_17' title="bbox 71 738 857 779">
    <p class='ocr_par' dir='ltr' id='par_1_17' title="bbox 71 738 857 779">
     <span class='ocr_line' id='line_1_17' title="bbox 71 738 857 779; baseline 0.006 -15"><span class='ocrx_word' id='word_1_111' title='bbox 71 738 151 773; x_wconf 75' lang='grc' dir='ltr'>ρινοῦ</span> <span class='ocrx_word' id='word_1_112' title='bbox 163 739 233 774; x_wconf 74' lang='grc' dir='ltr'>ἥπερ</span> <span class='ocrx_word' id='word_1_113' title='bbox 244 739 291 765; x_wconf 83' lang='grc' dir='ltr'>τοῦ</span> <span class='ocrx_word' id='word_1_114' title='bbox 306 739 448 775; x_wconf 80' lang='grc' dir='ltr'>τροπικοῦ·</span> <span class='ocrx_word' id='word_1_115' title='bbox 466 742 479 767; x_wconf 88' lang='lat'><strong>6</strong></span> <span class='ocrx_word' id='word_1_116' title='bbox 494 741 521 767; x_wconf 80' lang='grc' dir='ltr'><strong>δὲ</strong></span> <span class='ocrx_word' id='word_1_117' title='bbox 535 741 676 778; x_wconf 75' lang='grc' dir='ltr'><strong>ἀριστερὸς</strong></span> <span class='ocrx_word' id='word_1_118' title='bbox 687 743 769 778; x_wconf 81' lang='grc' dir='ltr'>τρίτῳ</span> <span class='ocrx_word' id='word_1_119' title='bbox 781 744 857 779; x_wconf 84' lang='grc' dir='ltr'>μέρει</span> 
     </span>
    </p>
   </div>
   <div class='ocr_carea' id='block_1_18' title="bbox 69 783 857 824">
    <p class='ocr_par' dir='ltr' id='par_1_18' title="bbox 69 783 857 824">
     <span class='ocr_line' id='line_1_18' title="bbox 69 783 857 824; baseline 0.008 -16"><span class='ocrx_word' id='word_1_120' title='bbox 69 783 133 814; x_wconf 71' lang='grc' dir='ltr'>ἑνὸς</span> <span class='ocrx_word' id='word_1_121' title='bbox 146 783 239 814; x_wconf 77' lang='grc' dir='ltr'><strong>ζωδίου</strong></span> <span class='ocrx_word' id='word_1_122' title='bbox 252 783 407 821; x_wconf 76' lang='grc' dir='ltr'>νοτιώτερός</span> <span class='ocrx_word' id='word_1_123' title='bbox 420 785 476 811; x_wconf 71' lang='grc' dir='ltr'>ἐστι</span> <span class='ocrx_word' id='word_1_124' title='bbox 489 785 534 812; x_wconf 83' lang='grc' dir='ltr'>τοῦ</span> <span class='ocrx_word' id='word_1_125' title='bbox 547 786 684 821; x_wconf 84' lang='grc' dir='ltr'>τροπικοῦ.</span> <span class='ocrx_word' id='word_1_126' title='bbox 703 787 731 813; x_wconf 81' lang='grc' dir='ltr'><strong>Ὀ</strong></span> <span class='ocrx_word' id='word_1_127' title='bbox 745 788 792 822; x_wconf 82' lang='grc' dir='ltr'>μὲν</span> <span class='ocrx_word' id='word_1_128' title='bbox 804 787 857 824; x_wconf 80' lang='grc' dir='ltr'><strong>γὰρ</strong></span> 
     </span>
    </p>
   </div>
   <div class='ocr_carea' id='block_1_19' title="bbox 920 234 1696 273">
    <p class='ocr_par' dir='ltr' id='par_1_19' title="bbox 920 234 1696 273">
     <span class='ocr_line' id='line_1_19' title="bbox 920 234 1696 273; baseline 0.008 -12"><span class='ocrx_word' id='word_1_129' title='bbox 920 234 992 262; x_wconf 86' lang='lat' dir='ltr'>libus</span> <span class='ocrx_word' id='word_1_130' title='bbox 1008 235 1058 269; x_wconf 69' lang='lat'><strong>95;</strong></span> <span class='ocrx_word' id='word_1_131' title='bbox 1080 239 1107 262; x_wconf 86' lang='lat' dir='ltr'><strong>at</strong></span> <span class='ocrx_word' id='word_1_132' title='bbox 1123 236 1206 271; x_wconf 76' lang='lat' dir='ltr'><strong>Cygni</strong></span> <span class='ocrx_word' id='word_1_133' title='bbox 1223 240 1341 263; x_wconf 79' lang='lat' dir='ltr'><strong>rostrum</strong></span> <span class='ocrx_word' id='word_1_134' title='bbox 1365 237 1499 265; x_wconf 87' lang='lat' dir='ltr'><strong>borealius</strong></span> <span class='ocrx_word' id='word_1_135' title='bbox 1518 242 1560 266; x_wconf 85' lang='lat' dir='ltr'><strong>est</strong></span> <span class='ocrx_word' id='word_1_136' title='bbox 1574 239 1696 273; x_wconf 71' lang='lat' dir='ltr'><strong>aequino—</strong></span> 
     </span>
    </p>
   </div>
   <div class='ocr_carea' id='block_1_20' title="bbox 918 280 1698 320">
    <p class='ocr_par' dir='ltr' id='par_1_20' title="bbox 918 280 1698 320">
     <span class='ocr_line' id='line_1_20' title="bbox 918 280 1698 320; baseline 0.006 -12"><span class='ocrx_word' id='word_1_137' title='bbox 918 280 992 308; x_wconf 81' lang='lat' dir='ltr'><strong>ctiali</strong></span> <span class='ocrx_word' id='word_1_138' title='bbox 1007 281 1042 309; x_wconf 75' lang='lat'><strong>25</strong></span> <span class='ocrx_word' id='word_1_139' title='bbox 1056 286 1083 309; x_wconf 90' lang='lat' dir='ltr'><strong>et</strong></span> <span class='ocrx_word' id='word_1_140' title='bbox 1097 282 1132 309; x_wconf 78' lang='lat'><strong>‘25</strong></span> <span class='ocrx_word' id='word_1_141' title='bbox 1147 292 1153 309; x_wconf 89' lang='lat'>:</span> <span class='ocrx_word' id='word_1_142' title='bbox 1171 282 1234 309; x_wconf 85' lang='lat' dir='ltr'><strong>huic</strong></span> <span class='ocrx_word' id='word_1_143' title='bbox 1249 283 1351 316; x_wconf 87' lang='lat' dir='ltr'><strong>citima,</strong></span> <span class='ocrx_word' id='word_1_144' title='bbox 1365 288 1390 310; x_wconf 90' lang='lat' dir='ltr'><strong>et</strong></span> <span class='ocrx_word' id='word_1_145' title='bbox 1407 283 1433 310; x_wconf 91' lang='lat' dir='ltr'><strong>in</strong></span> <span class='ocrx_word' id='word_1_146' title='bbox 1448 288 1555 320; x_wconf 74' lang='lat' dir='ltr'><strong>gutture</strong></span> <span class='ocrx_word' id='word_1_147' title='bbox 1570 285 1698 320; x_wconf 85' lang='lat' dir='ltr'><strong>quodam-</strong></span> 
     </span>
    </p>
   </div>
   <div class='ocr_carea' id='block_1_21' title="bbox 918 327 1696 366">
    <p class='ocr_par' dir='ltr' id='par_1_21' title="bbox 918 327 1696 366">
     <span class='ocr_line' id='line_1_21' title="bbox 918 327 1696 366; baseline 0.008 -13"><span class='ocrx_word' id='word_1_148' title='bbox 918 327 997 354; x_wconf 91' lang='lat' dir='ltr'><strong>modo</strong></span> <span class='ocrx_word' id='word_1_149' title='bbox 1021 329 1126 363; x_wconf 89' lang='lat' dir='ltr'><strong>posita,</strong></span> <span class='ocrx_word' id='word_1_150' title='bbox 1155 328 1290 356; x_wconf 87' lang='lat' dir='ltr'><strong>borealior</strong></span> <span class='ocrx_word' id='word_1_151' title='bbox 1310 335 1352 357; x_wconf 86' lang='lat' dir='ltr'><strong>est</strong></span> <span class='ocrx_word' id='word_1_152' title='bbox 1375 331 1555 364; x_wconf 64' lang='lat' dir='ltr'><strong>aequinoctiali</strong></span> <span class='ocrx_word' id='word_1_153' title='bbox 1574 332 1696 366; x_wconf 79' lang='lat' dir='ltr'><strong>partibus</strong></span> 
     </span>
    </p>
   </div>
   <div class='ocr_carea' id='block_1_22' title="bbox 915 373 1696 412">
    <p class='ocr_par' dir='ltr' id='par_1_22' title="bbox 915 373 1696 412">
     <span class='ocr_line' id='line_1_22' title="bbox 915 373 1696 412; baseline 0.006 -12"><span class='ocrx_word' id='word_1_154' title='bbox 915 373 959 400; x_wconf 80' lang='grc'><strong>51.</strong></span> <span class='ocrx_word' id='word_1_155' title='bbox 975 373 1062 406; x_wconf 81' lang='lat' dir='ltr'><strong>Quare</strong></span> <span class='ocrx_word' id='word_1_156' title='bbox 1079 374 1252 410; x_wconf 78' lang='lat' dir='ltr'><strong>perspicuum</strong></span> <span class='ocrx_word' id='word_1_157' title='bbox 1263 380 1303 402; x_wconf 88' lang='lat' dir='ltr'><strong>est</strong></span> <span class='ocrx_word' id='word_1_158' title='bbox 1313 383 1400 410; x_wconf 84' lang='lat' dir='ltr'><strong>neque</strong></span> <span class='ocrx_word' id='word_1_159' title='bbox 1414 381 1494 411; x_wconf 84' lang='lat' dir='ltr'><strong>caput</strong></span> <span class='ocrx_word' id='word_1_160' title='bbox 1504 375 1696 412; x_wconf 81' lang='lat' dir='ltr'><strong>Cygni,neque</strong></span> 
     </span>
    </p>
   </div>
   <div class='ocr_carea' id='block_1_23' title="bbox 915 420 1657 457">
    <p class='ocr_par' dir='ltr' id='par_1_23' title="bbox 915 420 1657 457">
     <span class='ocr_line' id='line_1_23' title="bbox 915 420 1657 457; baseline 0.007 -11"><span class='ocrx_word' id='word_1_161' title='bbox 915 420 1014 447; x_wconf 91' lang='lat' dir='ltr'><strong>collum</strong></span> <span class='ocrx_word' id='word_1_162' title='bbox 1033 420 1060 447; x_wconf 94' lang='lat' dir='ltr'><strong>in</strong></span> <span class='ocrx_word' id='word_1_163' title='bbox 1079 421 1184 455; x_wconf 84' lang='lat' dir='ltr'><strong>tropico</strong></span> <span class='ocrx_word' id='word_1_164' title='bbox 1203 421 1297 451; x_wconf 65' lang='lat' dir='ltr'><strong>aestivo</strong></span> <span class='ocrx_word' id='word_1_165' title='bbox 1313 422 1417 450; x_wconf 85' lang='lat' dir='ltr'><strong>circulo</strong></span> <span class='ocrx_word' id='word_1_166' title='bbox 1429 430 1508 457; x_wconf 84' lang='lat' dir='ltr'><strong>posse</strong></span> <span class='ocrx_word' id='word_1_167' title='bbox 1519 423 1657 452; x_wconf 73' lang='lat' dir='ltr'><strong>constitui.</strong></span> 
     </span>
    </p>
   </div>
   <div class='ocr_carea' id='block_1_24' title="bbox 949 506 1272 536">
    <p class='ocr_par' dir='ltr' id='par_1_24' title="bbox 949 506 1272 536">
     <span class='ocr_line' id='line_1_24' title="bbox 949 506 1272 536; baseline 0.003 -2"><span class='ocrx_word' id='word_1_168' title='bbox 949 506 1051 535; x_wconf 75' lang='lat' dir='ltr'><strong>Exinde</strong></span> <span class='ocrx_word' id='word_1_169' title='bbox 1066 509 1160 536; x_wconf 69' lang='lat' dir='ltr'><strong>scribit</strong></span> <span class='ocrx_word' id='word_1_170' title='bbox 1173 511 1272 536; x_wconf 82' lang='lat' dir='ltr'><strong>Aratus</strong></span> 
     </span>
    </p>
   </div>
   <div class='ocr_carea' id='block_1_25' title="bbox 949 565 1500 602">
    <p class='ocr_par' dir='ltr' id='par_1_25' title="bbox 949 565 1500 602">
     <span class='ocr_line' id='line_1_25' title="bbox 949 565 1500 602; baseline 0.005 -12"><span class='ocrx_word' id='word_1_171' title='bbox 949 584 964 602; x_wconf 87' lang='lat'><strong>._</strong></span> <span class='ocrx_word' id='word_1_172' title='bbox 997 584 1004 591; x_wconf 97' lang='lat'>.</span> <span class='ocrx_word' id='word_1_173' title='bbox 1042 583 1050 591; x_wconf 90' lang='lat'>.</span> <span class='ocrx_word' id='word_1_174' title='bbox 1077 565 1249 602; x_wconf 69' lang='lat' dir='ltr'><strong>prmelarique</strong></span> <span class='ocrx_word' id='word_1_175' title='bbox 1261 565 1389 602; x_wconf 69' lang='lat' dir='ltr'><strong>Qplu&#39;ucln&#39;</strong></span> <span class='ocrx_word' id='word_1_176' title='bbox 1400 566 1500 602; x_wconf 75' lang='lat' dir='ltr'><strong>humeri</strong></span> 
     </span>
    </p>
   </div>
   <div class='ocr_carea' id='block_1_26' title="bbox 950 599 1489 633">
    <p class='ocr_par' dir='ltr' id='par_1_26' title="bbox 950 599 1489 633">
     <span class='ocr_line' id='line_1_26' title="bbox 950 599 1489 633; baseline 0.002 -7"><span class='ocrx_word' id='word_1_177' title='bbox 950 599 1040 633; x_wconf 75' lang='lat' dir='ltr'><strong>Ipsum</strong></span> <span class='ocrx_word' id='word_1_178' title='bbox 1054 600 1190 627; x_wconf 77' lang='lat' dir='ltr'><strong>volvuntur</strong></span> <span class='ocrx_word' id='word_1_179' title='bbox 1204 599 1298 627; x_wconf 68' lang='lat' dir='ltr'><strong>agitati</strong></span> <span class='ocrx_word' id='word_1_180' title='bbox 1310 601 1380 627; x_wconf 85' lang='lat' dir='ltr'><strong>circa</strong></span> <span class='ocrx_word' id='word_1_181' title='bbox 1394 601 1489 628; x_wconf 88' lang='lat' dir='ltr'><strong>orbem.</strong></span> 
     </span>
    </p>
   </div>
   <div class='ocr_carea' id='block_1_27' title="bbox 946 653 1691 690">
    <p class='ocr_par' dir='ltr' id='par_1_27' title="bbox 946 653 1691 690">
     <span class='ocr_line' id='line_1_27' title="bbox 946 653 1691 690; baseline 0.007 -9"><span class='ocrx_word' id='word_1_182' title='bbox 946 653 975 681; x_wconf 91' lang='lat' dir='ltr'><strong>In</strong></span> <span class='ocrx_word' id='word_1_183' title='bbox 988 654 1088 689; x_wconf 90' lang='lat' dir='ltr'><strong>quibus</strong></span> <span class='ocrx_word' id='word_1_184' title='bbox 1104 655 1183 690; x_wconf 81' lang='lat' dir='ltr'><strong>plena</strong></span> <span class='ocrx_word' id='word_1_185' title='bbox 1196 659 1237 683; x_wconf 84' lang='lat' dir='ltr'><strong>est</strong></span> <span class='ocrx_word' id='word_1_186' title='bbox 1258 655 1332 683; x_wconf 90' lang='lat' dir='ltr'><strong>illius</strong></span> <span class='ocrx_word' id='word_1_187' title='bbox 1356 655 1475 683; x_wconf 84' lang='lat' dir='ltr'><strong>inscitia.</strong></span> <span class='ocrx_word' id='word_1_188' title='bbox 1502 656 1568 684; x_wconf 82' lang='lat' dir='ltr'><strong>Nam</strong></span> <span class='ocrx_word' id='word_1_189' title='bbox 1596 659 1691 686; x_wconf 77' lang='lat' dir='ltr'><strong>dexter</strong></span> 
     </span>
    </p>
   </div>
   <div class='ocr_carea' id='block_1_28' title="bbox 907 700 1688 739">
    <p class='ocr_par' dir='ltr' id='par_1_28' title="bbox 907 700 1688 739">
     <span class='ocr_line' id='line_1_28' title="bbox 907 700 1688 739; baseline 0.006 -12"><span class='ocrx_word' id='word_1_190' title='bbox 907 700 1037 728; x_wconf 85' lang='lat' dir='ltr'><strong>humerus</strong></span> <span class='ocrx_word' id='word_1_191' title='bbox 1058 701 1190 736; x_wconf 91' lang='lat' dir='ltr'><strong>Ophiuchi</strong></span> <span class='ocrx_word' id='word_1_192' title='bbox 1207 702 1284 737; x_wconf 75' lang='lat' dir='ltr'><strong>longe</strong></span> <span class='ocrx_word' id='word_1_193' title='bbox 1308 702 1486 738; x_wconf 90' lang='lat' dir='ltr'><strong>propinquior</strong></span> <span class='ocrx_word' id='word_1_194' title='bbox 1506 707 1548 731; x_wconf 87' lang='lat' dir='ltr'><strong>est</strong></span> <span class='ocrx_word' id='word_1_195' title='bbox 1569 705 1688 739; x_wconf 66' lang='lat' dir='ltr'><strong>aequino~</strong></span> 
     </span>
    </p>
   </div>
   <div class='ocr_carea' id='block_1_29' title="bbox 908 746 1688 786">
    <p class='ocr_par' dir='ltr' id='par_1_29' title="bbox 908 746 1688 786">
     <span class='ocr_line' id='line_1_29' title="bbox 908 746 1688 786; baseline 0.008 -14"><span class='ocrx_word' id='word_1_196' title='bbox 908 746 981 773; x_wconf 82' lang='lat' dir='ltr'><strong>ctiali</strong></span> <span class='ocrx_word' id='word_1_197' title='bbox 1007 754 1088 781; x_wconf 85' lang='lat' dir='ltr'><strong>quam</strong></span> <span class='ocrx_word' id='word_1_198' title='bbox 1115 748 1233 782; x_wconf 85' lang='lat' dir='ltr'><strong>tropico;</strong></span> <span class='ocrx_word' id='word_1_199' title='bbox 1264 748 1375 776; x_wconf 79' lang='lat' dir='ltr'><strong>sinister</strong></span> <span class='ocrx_word' id='word_1_200' title='bbox 1398 753 1488 776; x_wconf 85' lang='lat' dir='ltr'><strong>autem</strong></span> <span class='ocrx_word' id='word_1_201' title='bbox 1513 750 1593 777; x_wconf 85' lang='lat' dir='ltr'><strong>unius</strong></span> <span class='ocrx_word' id='word_1_202' title='bbox 1619 751 1688 786; x_wconf 76' lang='lat' dir='ltr'><strong>signi</strong></span> 
     </span>
    </p>
   </div>
   <div class='ocr_carea' id='block_1_30' title="bbox 907 792 1689 831">
    <p class='ocr_par' dir='ltr' id='par_1_30' title="bbox 907 792 1689 831">
     <span class='ocr_line' id='line_1_30' title="bbox 907 792 1689 831; baseline 0.008 -13"><span class='ocrx_word' id='word_1_203' title='bbox 907 792 1005 819; x_wconf 87' lang='lat' dir='ltr'><strong>triente</strong></span> <span class='ocrx_word' id='word_1_204' title='bbox 1028 794 1173 822; x_wconf 84' lang='lat' dir='ltr'><strong>australior</strong></span> <span class='ocrx_word' id='word_1_205' title='bbox 1199 798 1241 821; x_wconf 86' lang='lat' dir='ltr'><strong>est</strong></span> <span class='ocrx_word' id='word_1_206' title='bbox 1264 796 1378 829; x_wconf 87' lang='lat' dir='ltr'><strong>tropico.</strong></span> <span class='ocrx_word' id='word_1_207' title='bbox 1404 795 1508 831; x_wconf 86' lang='lat' dir='ltr'><strong>Quippe</strong></span> <span class='ocrx_word' id='word_1_208' title='bbox 1531 796 1624 824; x_wconf 77' lang='lat' dir='ltr'><strong>dexter</strong></span> <span class='ocrx_word' id='word_1_209' title='bbox 1639 797 1689 824; x_wconf 79' lang='lat' dir='ltr'><strong>bu—</strong></span> 
     </span>
    </p>
   </div>
   <div class='ocr_carea' id='block_1_31' title="bbox 68 825 834 876">
    <p class='ocr_par' dir='ltr' id='par_1_31' title="bbox 68 825 833 868">
     <span class='ocr_line' id='line_1_31' title="bbox 68 825 833 868; baseline 0.008 -15"><span class='ocrx_word' id='word_1_210' title='bbox 68 828 160 860; x_wconf 75' lang='grc' dir='ltr'>δεξιδς</span> <span class='ocrx_word' id='word_1_211' title='bbox 184 825 259 863; x_wconf 84' lang='grc' dir='ltr'>ὦμος</span> <span class='ocrx_word' id='word_1_212' title='bbox 285 828 452 865; x_wconf 75' lang='grc' dir='ltr'>βορειότερός</span> <span class='ocrx_word' id='word_1_213' title='bbox 474 831 530 858; x_wconf 77' lang='grc' dir='ltr'>ἐστι</span> <span class='ocrx_word' id='word_1_214' title='bbox 552 831 597 857; x_wconf 87' lang='grc' dir='ltr'>τοῦ</span> <span class='ocrx_word' id='word_1_215' title='bbox 623 832 778 868; x_wconf 71' lang='grc' dir='ltr'>ῑπημερινοῦ</span> <span class='ocrx_word' id='word_1_216' title='bbox 800 841 833 868; x_wconf 88' lang='grc' dir='ltr'><strong>μο</strong></span> 
     </span>
    </p>
   </div>
   <div class='ocr_carea' id='block_1_32' title="bbox 896 825 1686 876">
    <p class='ocr_par' dir='ltr' id='par_1_32' title="bbox 907 839 1686 876">
     <span class='ocr_line' id='line_1_32' title="bbox 907 839 1686 876; baseline 0.008 -12"><span class='ocrx_word' id='word_1_217' title='bbox 907 846 998 865; x_wconf 92' lang='lat' dir='ltr'><strong>merus</strong></span> <span class='ocrx_word' id='word_1_218' title='bbox 1009 839 1143 866; x_wconf 88' lang='lat' dir='ltr'><strong>borealior</strong></span> <span class='ocrx_word' id='word_1_219' title='bbox 1153 843 1194 866; x_wconf 86' lang='lat' dir='ltr'><strong>est</strong></span> <span class='ocrx_word' id='word_1_220' title='bbox 1204 841 1386 874; x_wconf 61' lang='lat' dir='ltr'><strong>aequinoctiali</strong></span> <span class='ocrx_word' id='word_1_221' title='bbox 1399 842 1521 876; x_wconf 84' lang='lat' dir='ltr'><strong>partibus</strong></span> <span class='ocrx_word' id='word_1_222' title='bbox 1533 842 1641 870; x_wconf 85' lang='lat' dir='ltr'><strong>circiter</strong></span> <span class='ocrx_word' id='word_1_223' title='bbox 1653 843 1668 869; x_wconf 92' lang='lat'>7</span> <span class='ocrx_word' id='word_1_224' title='bbox 1679 851 1686 876; x_wconf 83' lang='lat'><strong><em>;</em></strong></span> 
     </span>
    </p>
   </div>
   <div class='ocr_carea' id='block_1_33' title="bbox 68 873 773 912">
    <p class='ocr_par' dir='ltr' id='par_1_33' title="bbox 68 873 773 912">
     <span class='ocr_line' id='line_1_33' title="bbox 68 873 773 912; baseline 0.01 -14"><span class='ocrx_word' id='word_1_225' title='bbox 68 873 186 906; x_wconf 78' lang='grc' dir='ltr'>ἔγγιστα</span> <span class='ocrx_word' id='word_1_226' title='bbox 201 873 238 904; x_wconf 62' lang='grc' dir='ltr'><strong>ζτο</strong></span> <span class='ocrx_word' id='word_1_227' title='bbox 256 873 269 899; x_wconf 78' lang='grc' dir='ltr'>ὁ</span> <span class='ocrx_word' id='word_1_228' title='bbox 282 873 310 900; x_wconf 81' lang='grc' dir='ltr'>δὲ</span> <span class='ocrx_word' id='word_1_229' title='bbox 325 875 464 910; x_wconf 78' lang='grc' dir='ltr'>ἀριστερὸς</span> <span class='ocrx_word' id='word_1_230' title='bbox 480 875 517 908; x_wconf 82' lang='grc' dir='ltr'>ὡς</span> <span class='ocrx_word' id='word_1_231' title='bbox 531 876 643 910; x_wconf 79' lang='grc' dir='ltr'>ἔγγιστα</span> <span class='ocrx_word' id='word_1_232' title='bbox 660 878 713 912; x_wconf 82' lang='grc' dir='ltr'>μοί.</span> <span class='ocrx_word' id='word_1_233' title='bbox 734 881 773 905; x_wconf 85' lang='grc' dir='ltr'>ιε’.</span> 
     </span>
    </p>
   </div>
   <div class='ocr_carea' id='block_1_34' title="bbox 112 917 341 954">
    <p class='ocr_par' dir='ltr' id='par_1_34' title="bbox 112 917 341 954">
     <span class='ocr_line' id='line_1_34' title="bbox 112 917 341 954; baseline 0.004 -10"><span class='ocrx_word' id='word_1_234' title='bbox 112 917 192 953; x_wconf 80' lang='grc' dir='ltr'><strong>Ἑξῆς</strong></span> <span class='ocrx_word' id='word_1_235' title='bbox 206 918 234 945; x_wconf 81' lang='grc' dir='ltr'><strong>δέ</strong></span> <span class='ocrx_word' id='word_1_236' title='bbox 250 927 341 954; x_wconf 75' lang='grc' dir='ltr'>φησιν.</span> 
     </span>
    </p>
   </div>
   <div class='ocr_carea' id='block_1_35' title="bbox 73 972 818 1010">
    <p class='ocr_par' dir='ltr' id='par_1_35' title="bbox 73 972 818 1010">
     <span class='ocr_line' id='line_1_35' title="bbox 73 972 818 1010; baseline 0.009 -12"><span class='ocrx_word' id='word_1_237' title='bbox 73 973 106 1010; x_wconf 69' lang='grc' dir='ltr'><em>ᾙ</em></span> <span class='ocrx_word' id='word_1_238' title='bbox 119 972 149 1010; x_wconf 43' lang='grc' dir='ltr'>δῖ</span> <span class='ocrx_word' id='word_1_239' title='bbox 161 974 263 1010; x_wconf 48' lang='lat' dir='ltr'><strong>sitq-or</strong></span> <span class='ocrx_word' id='word_1_240' title='bbox 278 974 394 1008; x_wconf 62' lang='grc' dir='ltr'>φέρεται</span> <span class='ocrx_word' id='word_1_241' title='bbox 409 976 574 1010; x_wconf 77' lang='grc' dir='ltr'>νοτιωτέρη,</span> <span class='ocrx_word' id='word_1_242' title='bbox 588 977 650 1004; x_wconf 79' lang='grc' dir='ltr'><strong>οὐδ’</strong></span> <span class='ocrx_word' id='word_1_243' title='bbox 665 978 818 1006; x_wconf 66' lang='grc' dir='ltr'>ἐπιϐάλλει</span> 
     </span>
    </p>
   </div>
   <div class='ocr_carea' id='block_1_36' title="bbox 65 1007 853 1048">
    <p class='ocr_par' dir='ltr' id='par_1_36' title="bbox 65 1007 853 1048">
     <span class='ocr_line' id='line_1_36' title="bbox 65 1007 853 1048; baseline 0.01 -15"><span class='ocrx_word' id='word_1_244' title='bbox 65 1007 230 1041; x_wconf 79' lang='grc' dir='ltr'>Παρθένος,</span> <span class='ocrx_word' id='word_1_245' title='bbox 249 1007 328 1036; x_wconf 72' lang='grc' dir='ltr'><strong>ἀλλὰ</strong></span> <span class='ocrx_word' id='word_1_246' title='bbox 350 1009 432 1036; x_wconf 84' lang='grc' dir='ltr'><strong>Λέων</strong></span> <span class='ocrx_word' id='word_1_247' title='bbox 453 1011 502 1037; x_wconf 78' lang='grc' dir='ltr'>καὶ</span> <span class='ocrx_word' id='word_1_248' title='bbox 518 1007 673 1046; x_wconf 75' lang='grc' dir='ltr'><strong>Κάρκίνος·</strong></span> <span class='ocrx_word' id='word_1_249' title='bbox 690 1015 716 1040; x_wconf 78' lang='grc' dir='ltr'><strong>οἰ</strong></span> <span class='ocrx_word' id='word_1_250' title='bbox 733 1014 791 1047; x_wconf 83' lang='grc' dir='ltr'><strong>μὲν</strong></span> <span class='ocrx_word' id='word_1_251' title='bbox 806 1013 853 1048; x_wconf 74' lang='grc' dir='ltr'><strong>ἄρ’</strong></span> 
     </span>
    </p>
   </div>
   <div class='ocr_carea' id='block_1_37' title="bbox 71 1049 815 1116">
    <p class='ocr_par' dir='ltr' id='par_1_37' title="bbox 71 1049 815 1116">
     <span class='ocr_line' id='line_1_37' title="bbox 71 1049 815 1116; baseline 0.009 -12"><span class='ocrx_word' id='word_1_252' title='bbox 71 1077 187 1116; x_wconf 54' lang='grc' dir='ltr'><strong>Ἑξείης</strong></span> <span class='ocrx_word' id='word_1_253' title='bbox 201 1073 301 1116; x_wconf 45' lang='lat' dir='ltr'><strong>uectem</strong></span> <span class='ocrx_word' id='word_1_254' title='bbox 310 1079 517 1116; x_wconf 54' lang='lat' dir='ltr'><strong>ﬁeEome’ror</strong></span> <span class='ocrx_word' id='word_1_255' title='bbox 531 1082 623 1116; x_wconf 79' lang='grc' dir='ltr'>αὐτὰρ</span> <span class='ocrx_word' id='word_1_256' title='bbox 638 1084 654 1109; x_wconf 86' lang='lat' dir='ltr'><strong>d</strong></span> <span class='ocrx_word' id='word_1_257' title='bbox 669 1049 815 1115; x_wconf 47' lang='lat'><strong>21572354?“</strong></span> 
     </span>
    </p>
   </div>
   <div class='ocr_carea' id='block_1_38' title="bbox 67 1113 851 1152">
    <p class='ocr_par' dir='ltr' id='par_1_38' title="bbox 67 1113 851 1152">
     <span class='ocr_line' id='line_1_38' title="bbox 67 1113 851 1152; baseline 0.008 -13"><span class='ocrx_word' id='word_1_258' title='bbox 67 1113 127 1140; x_wconf 82' lang='grc' dir='ltr'><strong>Τὸν</strong></span> <span class='ocrx_word' id='word_1_259' title='bbox 135 1113 195 1146; x_wconf 76' lang='grc' dir='ltr'><strong>μὲν</strong></span> <span class='ocrx_word' id='word_1_260' title='bbox 209 1113 266 1139; x_wconf 74' lang='grc' dir='ltr'><strong>ὑπὸ</strong></span> <span class='ocrx_word' id='word_1_261' title='bbox 283 1113 392 1147; x_wconf 79' lang='grc' dir='ltr'><strong>στῆθος</strong></span> <span class='ocrx_word' id='word_1_262' title='bbox 409 1116 456 1141; x_wconf 79' lang='grc' dir='ltr'>καὶ</span> <span class='ocrx_word' id='word_1_263' title='bbox 471 1113 693 1151; x_wconf 54' lang='grc' dir='ltr'>γαστέραξμέχρι</span> <span class='ocrx_word' id='word_1_264' title='bbox 704 1113 851 1152; x_wconf 46' lang='lat' dir='ltr'><strong>amp-atad)</strong></span> 
     </span>
    </p>
   </div>
   <div class='ocr_carea' id='block_1_39' title="bbox 65 1190 750 1228">
    <p class='ocr_par' dir='ltr' id='par_1_39' title="bbox 65 1190 750 1228">
     <span class='ocr_line' id='line_1_39' title="bbox 65 1190 750 1228; baseline 0.01 -12"><span class='ocrx_word' id='word_1_265' title='bbox 65 1190 179 1228; x_wconf 61' lang='grc' dir='ltr'>Τέμνει,</span> <span class='ocrx_word' id='word_1_266' title='bbox 194 1191 291 1228; x_wconf 58' lang='grc' dir='ltr'><strong>τὸν.δέ</strong></span> <span class='ocrx_word' id='word_1_267' title='bbox 305 1191 462 1228; x_wconf 78' lang='grc' dir='ltr'><strong>διηνεκέως</strong></span> <span class='ocrx_word' id='word_1_268' title='bbox 473 1195 614 1228; x_wconf 73' lang='grc' dir='ltr'>ὑπένερθε</span> <span class='ocrx_word' id='word_1_269' title='bbox 628 1197 750 1223; x_wconf 71' lang='grc' dir='ltr'>ΧελεΙου</span> 
     </span>
    </p>
   </div>
   <div class='ocr_carea' id='block_1_40' title="bbox 62 1224 832 1265">
    <p class='ocr_par' dir='ltr' id='par_1_40' title="bbox 62 1224 832 1265">
     <span class='ocr_line' id='line_1_40' title="bbox 62 1224 832 1265; baseline 0.01 -15"><span class='ocrx_word' id='word_1_270' title='bbox 62 1224 436 1265; x_wconf 26' lang='grc' dir='ltr'><strong>ζίᾳρκζνοῖχῇχιᾼμᾴζιιᾳτα</strong></span> <span class='ocrx_word' id='word_1_271' title='bbox 450 1224 640 1264; x_wconf 63' lang='grc' dir='ltr'>διχαιόιὶενόν</span> <span class='ocrx_word' id='word_1_272' title='bbox 657 1239 690 1257; x_wconf 82' lang='grc' dir='ltr'><strong>κε</strong></span> <span class='ocrx_word' id='word_1_273' title='bbox 704 1233 832 1265; x_wconf 75' lang='grc' dir='ltr'><em>νοήσαις</em></span> 
     </span>
    </p>
   </div>
   <div class='ocr_carea' id='block_1_41' title="bbox 69 1261 794 1299">
    <p class='ocr_par' dir='ltr' id='par_1_41' title="bbox 69 1261 794 1299">
     <span class='ocr_line' id='line_1_41' title="bbox 69 1261 794 1299; baseline 0.01 -13"><span class='ocrx_word' id='word_1_274' title='bbox 69 1261 182 1294; x_wconf 75' lang='grc' dir='ltr'><strong>Ὀρθάν·</strong></span> <span class='ocrx_word' id='word_1_275' title='bbox 199 1262 237 1287; x_wconf 78' lang='grc' dir='ltr'><strong>ἵν’</strong></span> <span class='ocrx_word' id='word_1_276' title='bbox 251 1263 395 1296; x_wconf 65' lang='grc' dir='ltr'><strong>ὀφθαλμοὶ</strong></span> <span class='ocrx_word' id='word_1_277' title='bbox 412 1261 526 1291; x_wconf 71' lang='grc' dir='ltr'>κύκλου</span> <span class='ocrx_word' id='word_1_278' title='bbox 539 1261 696 1299; x_wconf 76' lang='grc' dir='ltr'>ἑκάτερθεν</span> <span class='ocrx_word' id='word_1_279' title='bbox 711 1261 794 1294; x_wconf 70' lang='grc' dir='ltr'>ἴοιεν.</span> 
     </span>
    </p>
   </div>
   <div class='ocr_carea' id='block_1_42' title="bbox 99 1316 849 1359">
    <p class='ocr_par' dir='ltr' id='par_1_42' title="bbox 99 1316 849 1359">
     <span class='ocr_line' id='line_1_42' title="bbox 99 1316 849 1359; baseline 0.011 -17"><span class='ocrx_word' id='word_1_280' title='bbox 99 1316 193 1343; x_wconf 73' lang='grc' dir='ltr'>Ταῦτά</span> <span class='ocrx_word' id='word_1_281' title='bbox 210 1326 254 1352; x_wconf 88' lang='grc' dir='ltr'><strong>μοι</strong></span> <span class='ocrx_word' id='word_1_282' title='bbox 269 1318 342 1345; x_wconf 83' lang='grc' dir='ltr'>δοκεῖ</span> <span class='ocrx_word' id='word_1_283' title='bbox 356 1319 508 1355; x_wconf 75' lang='grc' dir='ltr'>συμφώνως</span> <span class='ocrx_word' id='word_1_284' title='bbox 520 1322 575 1353; x_wconf 82' lang='grc' dir='ltr'>τοῖς</span> <span class='ocrx_word' id='word_1_285' title='bbox 592 1323 761 1357; x_wconf 79' lang='grc' dir='ltr'><strong>φαινομένοις</strong></span> <span class='ocrx_word' id='word_1_286' title='bbox 772 1324 849 1359; x_wconf 73' lang='grc' dir='ltr'>εἰρη-</span> 
     </span>
    </p>
   </div>
   <div class='ocr_carea' id='block_1_43' title="bbox 60 1363 846 1405">
    <p class='ocr_par' dir='ltr' id='par_1_43' title="bbox 60 1363 846 1405">
     <span class='ocr_line' id='line_1_43' title="bbox 60 1363 846 1405; baseline 0.01 -17"><span class='ocrx_word' id='word_1_287' title='bbox 60 1363 151 1388; x_wconf 79' lang='grc' dir='ltr'>κέναι.</span> <span class='ocrx_word' id='word_1_288' title='bbox 174 1363 232 1390; x_wconf 81' lang='grc' dir='ltr'><strong>Τῶν</strong></span> <span class='ocrx_word' id='word_1_289' title='bbox 251 1373 281 1391; x_wconf 84' lang='grc' dir='ltr'><strong>τε</strong></span> <span class='ocrx_word' id='word_1_290' title='bbox 302 1365 355 1402; x_wconf 73' lang='grc' dir='ltr'><strong>γὰρ</strong></span> <span class='ocrx_word' id='word_1_291' title='bbox 374 1366 403 1392; x_wconf 79' lang='grc' dir='ltr'><strong>ἐν</strong></span> <span class='ocrx_word' id='word_1_292' title='bbox 416 1366 454 1402; x_wconf 84' lang='grc' dir='ltr'>τῷ</span> <span class='ocrx_word' id='word_1_293' title='bbox 470 1366 561 1405; x_wconf 79' lang='grc' dir='ltr'>στήθει</span> <span class='ocrx_word' id='word_1_294' title='bbox 577 1367 623 1394; x_wconf 79' lang='grc' dir='ltr'><strong>τοῦ</strong></span> <span class='ocrx_word' id='word_1_295' title='bbox 638 1368 751 1400; x_wconf 83' lang='grc' dir='ltr'>Λέοντος</span> <span class='ocrx_word' id='word_1_296' title='bbox 767 1370 780 1395; x_wconf 87' lang='lat'><strong>6</strong></span> <span class='ocrx_word' id='word_1_297' title='bbox 798 1370 846 1405; x_wconf 85' lang='grc' dir='ltr'>μὲν</span> 
     </span>
    </p>
   </div>
   <div class='ocr_carea' id='block_1_44' title="bbox 60 1408 846 1452">
    <p class='ocr_par' dir='ltr' id='par_1_44' title="bbox 60 1408 846 1452">
     <span class='ocr_line' id='line_1_44' title="bbox 60 1408 846 1452; baseline 0.011 -19"><span class='ocrx_word' id='word_1_298' title='bbox 60 1408 223 1441; x_wconf 79' lang='grc' dir='ltr'>νοτιώτατος</span> <span class='ocrx_word' id='word_1_299' title='bbox 238 1410 284 1436; x_wconf 82' lang='grc' dir='ltr'>καὶ</span> <span class='ocrx_word' id='word_1_300' title='bbox 297 1410 494 1446; x_wconf 76' lang='grc' dir='ltr'>λαμπρότατος,</span> <span class='ocrx_word' id='word_1_301' title='bbox 511 1412 540 1439; x_wconf 72' lang='grc' dir='ltr'>ὃν</span> <span class='ocrx_word' id='word_1_302' title='bbox 555 1412 586 1448; x_wconf 87' lang='grc' dir='ltr'><strong>δή</strong></span> <span class='ocrx_word' id='word_1_303' title='bbox 600 1422 671 1444; x_wconf 82' lang='grc' dir='ltr'>τινες</span> <span class='ocrx_word' id='word_1_304' title='bbox 687 1416 715 1441; x_wconf 81' lang='grc' dir='ltr'><strong>ἐν</strong></span> <span class='ocrx_word' id='word_1_305' title='bbox 733 1417 766 1451; x_wconf 78' lang='grc' dir='ltr'>τῇ</span> <span class='ocrx_word' id='word_1_306' title='bbox 784 1424 846 1452; x_wconf 87' lang='grc' dir='ltr'>καρ-</span> 
     </span>
    </p>
   </div>
   <div class='ocr_carea' id='block_1_45' title="bbox 58 1454 844 1495">
    <p class='ocr_par' dir='ltr' id='par_1_45' title="bbox 58 1454 844 1495">
     <span class='ocr_line' id='line_1_45' title="bbox 58 1454 844 1495; baseline 0.011 -16"><span class='ocrx_word' id='word_1_307' title='bbox 58 1454 106 1489; x_wconf 62' lang='grc' dir='ltr'><strong>δίᾳ</strong></span> <span class='ocrx_word' id='word_1_308' title='bbox 123 1454 237 1485; x_wconf 76' lang='grc' dir='ltr'>τιθέασι,</span> <span class='ocrx_word' id='word_1_309' title='bbox 264 1456 353 1491; x_wconf 84' lang='grc' dir='ltr'>μικρῷ</span> <span class='ocrx_word' id='word_1_310' title='bbox 372 1457 527 1493; x_wconf 82' lang='grc' dir='ltr'>νοτιώτερός</span> <span class='ocrx_word' id='word_1_311' title='bbox 542 1459 600 1485; x_wconf 85' lang='grc' dir='ltr'>ὲστι</span> <span class='ocrx_word' id='word_1_312' title='bbox 613 1460 659 1486; x_wconf 77' lang='grc' dir='ltr'><strong>τοῦ</strong></span> <span class='ocrx_word' id='word_1_313' title='bbox 676 1461 815 1495; x_wconf 79' lang='grc' dir='ltr'>τροπικοῦ’</span> <span class='ocrx_word' id='word_1_314' title='bbox 830 1463 844 1488; x_wconf 98' lang='lat'><strong>6</strong></span> 
     </span>
    </p>
   </div>
   <div class='ocr_carea' id='block_1_46' title="bbox 906 884 1462 921">
    <p class='ocr_par' dir='ltr' id='par_1_46' title="bbox 906 884 1462 921">
     <span class='ocr_line' id='line_1_46' title="bbox 906 884 1462 921; baseline 0.007 -11"><span class='ocrx_word' id='word_1_315' title='bbox 906 884 1017 911; x_wconf 89' lang='lat' dir='ltr'><strong>sinister</strong></span> <span class='ocrx_word' id='word_1_316' title='bbox 1033 885 1157 919; x_wconf 84' lang='lat' dir='ltr'><strong>partibus</strong></span> <span class='ocrx_word' id='word_1_317' title='bbox 1175 892 1256 920; x_wconf 85' lang='lat' dir='ltr'><strong>quam</strong></span> <span class='ocrx_word' id='word_1_318' title='bbox 1279 887 1401 921; x_wconf 83' lang='lat' dir='ltr'><strong>proxime</strong></span> <span class='ocrx_word' id='word_1_319' title='bbox 1418 887 1462 914; x_wconf 80' lang='grc'><strong>15.</strong></span> 
     </span>
    </p>
   </div>
   <div class='ocr_carea' id='block_1_47' title="bbox 938 929 1176 959">
    <p class='ocr_par' dir='ltr' id='par_1_47' title="bbox 938 929 1176 959">
     <span class='ocr_line' id='line_1_47' title="bbox 938 929 1176 959; baseline 0.013 -3"><span class='ocrx_word' id='word_1_320' title='bbox 938 929 1043 958; x_wconf 77' lang='lat' dir='ltr'><strong>Rursus</strong></span> <span class='ocrx_word' id='word_1_321' title='bbox 1054 930 1152 959; x_wconf 75' lang='lat' dir='ltr'><strong>Aratus</strong></span> <span class='ocrx_word' id='word_1_322' title='bbox 1170 940 1176 959; x_wconf 92' lang='lat'>:</span> 
     </span>
    </p>
   </div>
   <div class='ocr_carea' id='block_1_48' title="bbox 906 987 1582 1025">
    <p class='ocr_par' dir='ltr' id='par_1_48' title="bbox 906 987 1582 1025">
     <span class='ocr_line' id='line_1_48' title="bbox 906 987 1582 1025; baseline 0.006 -12"><span class='ocrx_word' id='word_1_323' title='bbox 906 987 990 1025; x_wconf 54' lang='lat' dir='ltr'><strong>ﬂuuio</strong></span> <span class='ocrx_word' id='word_1_324' title='bbox 1010 992 1096 1025; x_wconf 63' lang='lat' dir='ltr'><strong>autent</strong></span> <span class='ocrx_word' id='word_1_325' title='bbox 1109 989 1194 1022; x_wconf 81' lang='lat' dir='ltr'><strong>fertur</strong></span> <span class='ocrx_word' id='word_1_326' title='bbox 1204 990 1366 1025; x_wconf 65' lang='lat' dir='ltr'><strong>australior;</strong></span> <span class='ocrx_word' id='word_1_327' title='bbox 1386 998 1465 1024; x_wconf 78' lang='lat' dir='ltr'><strong>neque</strong></span> <span class='ocrx_word' id='word_1_328' title='bbox 1475 990 1582 1025; x_wconf 78' lang='lat' dir='ltr'><strong>attingit</strong></span> 
     </span>
    </p>
   </div>
   <div class='ocr_carea' id='block_1_49' title="bbox 908 1021 1566 1060">
    <p class='ocr_par' dir='ltr' id='par_1_49' title="bbox 908 1021 1566 1060">
     <span class='ocr_line' id='line_1_49' title="bbox 908 1021 1566 1060; baseline 0.006 -12"><span class='ocrx_word' id='word_1_329' title='bbox 908 1021 986 1057; x_wconf 81' lang='lat' dir='ltr'><strong>Virgo</strong></span> <span class='ocrx_word' id='word_1_330' title='bbox 999 1031 1007 1049; x_wconf 92' lang='lat'><em>:</em></span> <span class='ocrx_word' id='word_1_331' title='bbox 1023 1023 1067 1050; x_wconf 81' lang='lat' dir='ltr'><strong>sed</strong></span> <span class='ocrx_word' id='word_1_332' title='bbox 1081 1021 1143 1056; x_wconf 78' lang='lat' dir='ltr'><strong>Leo,</strong></span> <span class='ocrx_word' id='word_1_333' title='bbox 1157 1029 1181 1051; x_wconf 83' lang='lat' dir='ltr'><strong>et</strong></span> <span class='ocrx_word' id='word_1_334' title='bbox 1197 1024 1316 1056; x_wconf 85' lang='lat' dir='ltr'><strong>Cancer;</strong></span> <span class='ocrx_word' id='word_1_335' title='bbox 1332 1024 1358 1051; x_wconf 80' lang='lat' dir='ltr'><strong>lii</strong></span> <span class='ocrx_word' id='word_1_336' title='bbox 1372 1021 1474 1060; x_wconf 74' lang='lat' dir='ltr'><strong>quidem</strong></span> <span class='ocrx_word' id='word_1_337' title='bbox 1490 1021 1566 1052; x_wconf 47' lang='lat' dir='ltr'><strong>ambvo</strong></span> 
     </span>
    </p>
   </div>
   <div class='ocr_carea' id='block_1_50' title="bbox 903 1099 1464 1135">
    <p class='ocr_par' dir='ltr' id='par_1_50' title="bbox 903 1099 1464 1135">
     <span class='ocr_line' id='line_1_50' title="bbox 903 1099 1464 1135; baseline 0.007 -9"><span class='ocrx_word' id='word_1_338' title='bbox 903 1099 944 1126; x_wconf 71' lang='lat' dir='ltr'><strong>Ea:</strong></span> <span class='ocrx_word' id='word_1_339' title='bbox 955 1101 1046 1128; x_wconf 81' lang='lat' dir='ltr'><strong>ordine</strong></span> <span class='ocrx_word' id='word_1_340' title='bbox 1057 1101 1147 1135; x_wconf 60' lang='lat' dir='ltr'><strong>jacznt</strong></span> <span class='ocrx_word' id='word_1_341' title='bbox 1164 1102 1256 1129; x_wconf 78' lang='lat' dir='ltr'><strong>inserti</strong></span> <span class='ocrx_word' id='word_1_342' title='bbox 1268 1111 1276 1129; x_wconf 95' lang='lat'><strong><em>:</em></strong></span> <span class='ocrx_word' id='word_1_343' title='bbox 1292 1102 1337 1129; x_wconf 74' lang='lat' dir='ltr'><strong>sed</strong></span> <span class='ocrx_word' id='word_1_344' title='bbox 1351 1103 1464 1130; x_wconf 79' lang='lat' dir='ltr'><strong>circulus</strong></span> 
     </span>
    </p>
   </div>
   <div class='ocr_carea' id='block_1_51' title="bbox 901 1135 1682 1173">
    <p class='ocr_par' dir='ltr' id='par_1_51' title="bbox 901 1135 1682 1173">
     <span class='ocr_line' id='line_1_51' title="bbox 901 1135 1682 1173; baseline 0.006 -12"><span class='ocrx_word' id='word_1_345' title='bbox 901 1135 1011 1162; x_wconf 80' lang='lat' dir='ltr'><strong>Leonem</strong></span> <span class='ocrx_word' id='word_1_346' title='bbox 1029 1137 1133 1172; x_wconf 79' lang='lat' dir='ltr'><strong>quidem</strong></span> <span class='ocrx_word' id='word_1_347' title='bbox 1159 1138 1205 1164; x_wconf 79' lang='lat' dir='ltr'><strong>sub</strong></span> <span class='ocrx_word' id='word_1_348' title='bbox 1228 1143 1329 1172; x_wconf 76' lang='lat' dir='ltr'><strong>pectore</strong></span> <span class='ocrx_word' id='word_1_349' title='bbox 1359 1143 1383 1165; x_wconf 85' lang='lat' dir='ltr'><strong>et</strong></span> <span class='ocrx_word' id='word_1_350' title='bbox 1415 1143 1528 1173; x_wconf 38' lang='lat' dir='ltr'><strong>venti-et</strong></span> <span class='ocrx_word' id='word_1_351' title='bbox 1544 1147 1625 1173; x_wconf 74' lang='lat' dir='ltr'><strong>usque</strong></span> <span class='ocrx_word' id='word_1_352' title='bbox 1648 1140 1682 1167; x_wconf 76' lang='lat' dir='ltr'><strong>ad</strong></span> 
     </span>
    </p>
   </div>
   <div class='ocr_carea' id='block_1_52' title="bbox 1520 1172 1646 1209">
    <p class='ocr_par' dir='ltr' id='par_1_52' title="bbox 1520 1172 1646 1209">
     <span class='ocr_line' id='line_1_52' title="bbox 1520 1172 1646 1209; baseline 0.016 -9"><span class='ocrx_word' id='word_1_353' title='bbox 1520 1172 1529 1209; x_wconf 96' lang='lat'><strong>[</strong></span> <span class='ocrx_word' id='word_1_354' title='bbox 1538 1172 1646 1209; x_wconf 76' lang='lat' dir='ltr'><strong>inguina</strong></span> 
     </span>
    </p>
   </div>
   <div class='ocr_carea' id='block_1_53' title="bbox 900 1203 1355 1235">
    <p class='ocr_par' dir='ltr' id='par_1_53' title="bbox 900 1203 1355 1235">
     <span class='ocr_line' id='line_1_53' title="bbox 900 1203 1355 1235; baseline 0 -4"><span class='ocrx_word' id='word_1_355' title='bbox 900 1204 996 1235; x_wconf 84' lang='lat' dir='ltr'><strong>Secat;</strong></span> <span class='ocrx_word' id='word_1_356' title='bbox 1013 1203 1132 1230; x_wconf 84' lang='lat' dir='ltr'><strong>continue</strong></span> <span class='ocrx_word' id='word_1_357' title='bbox 1145 1211 1203 1230; x_wconf 82' lang='lat' dir='ltr'><strong>vero</strong></span> <span class='ocrx_word' id='word_1_358' title='bbox 1215 1204 1261 1230; x_wconf 83' lang='lat' dir='ltr'><strong>sub</strong></span> <span class='ocrx_word' id='word_1_359' title='bbox 1277 1204 1355 1232; x_wconf 79' lang='lat' dir='ltr'><strong>Testa</strong></span> 
     </span>
    </p>
   </div>
   <div class='ocr_carea' id='block_1_54' title="bbox 899 1239 1592 1273">
    <p class='ocr_par' dir='ltr' id='par_1_54' title="bbox 899 1239 1592 1273">
     <span class='ocr_line' id='line_1_54' title="bbox 899 1239 1592 1273; baseline 0.01 -9"><span class='ocrx_word' id='word_1_360' title='bbox 899 1239 1029 1264; x_wconf 85' lang='lat' dir='ltr'><strong>Cancrum</strong></span> <span class='ocrx_word' id='word_1_361' title='bbox 1042 1246 1051 1264; x_wconf 88' lang='lat'><em>:</em></span> <span class='ocrx_word' id='word_1_362' title='bbox 1065 1239 1109 1264; x_wconf 86' lang='lat' dir='ltr'><strong>ubi</strong></span> <span class='ocrx_word' id='word_1_363' title='bbox 1121 1239 1234 1265; x_wconf 71' lang='lat' dir='ltr'><strong>maxime</strong></span> <span class='ocrx_word' id='word_1_364' title='bbox 1254 1239 1377 1273; x_wconf 78' lang='lat' dir='ltr'><strong>bifariam</strong></span> <span class='ocrx_word' id='word_1_365' title='bbox 1392 1246 1489 1268; x_wconf 79' lang='lat' dir='ltr'><strong>sectum</strong></span> <span class='ocrx_word' id='word_1_366' title='bbox 1504 1243 1592 1272; x_wconf 77' lang='lat' dir='ltr'><strong>videas</strong></span> 
     </span>
    </p>
   </div>
   <div class='ocr_carea' id='block_1_55' title="bbox 899 1274 1489 1310">
    <p class='ocr_par' dir='ltr' id='par_1_55' title="bbox 899 1274 1489 1310">
     <span class='ocr_line' id='line_1_55' title="bbox 899 1274 1489 1310; baseline 0.003 -10"><span class='ocrx_word' id='word_1_367' title='bbox 899 1274 991 1305; x_wconf 77' lang='lat' dir='ltr'><strong>Recte;</strong></span> <span class='ocrx_word' id='word_1_368' title='bbox 1011 1280 1039 1300; x_wconf 82' lang='lat' dir='ltr'><strong>ut</strong></span> <span class='ocrx_word' id='word_1_369' title='bbox 1055 1274 1123 1300; x_wconf 84' lang='lat' dir='ltr'><strong>oculi</strong></span> <span class='ocrx_word' id='word_1_370' title='bbox 1139 1282 1155 1300; x_wconf 79' lang='grc' dir='ltr'><strong>α</strong></span> <span class='ocrx_word' id='word_1_371' title='bbox 1166 1274 1264 1300; x_wconf 78' lang='lat' dir='ltr'><strong>circulo</strong></span> <span class='ocrx_word' id='word_1_372' title='bbox 1284 1279 1343 1301; x_wconf 83' lang='lat' dir='ltr'><strong>eant</strong></span> <span class='ocrx_word' id='word_1_373' title='bbox 1359 1276 1489 1310; x_wconf 84' lang='lat' dir='ltr'><strong>utrinque.</strong></span> 
     </span>
    </p>
   </div>
   <div class='ocr_carea' id='block_1_56' title="bbox 932 1330 1680 1365">
    <p class='ocr_par' dir='ltr' id='par_1_56' title="bbox 932 1330 1680 1365">
     <span class='ocr_line' id='line_1_56' title="bbox 932 1330 1680 1365; baseline 0.009 -8"><span class='ocrx_word' id='word_1_374' title='bbox 932 1330 994 1357; x_wconf 71' lang='lat' dir='ltr'><strong>Haec</strong></span> <span class='ocrx_word' id='word_1_375' title='bbox 1008 1331 1195 1365; x_wconf 79' lang='lat' dir='ltr'><strong>apparentium</strong></span> <span class='ocrx_word' id='word_1_376' title='bbox 1219 1330 1280 1358; x_wconf 80' lang='lat' dir='ltr'><strong>ﬁdei</strong></span> <span class='ocrx_word' id='word_1_377' title='bbox 1304 1331 1431 1359; x_wconf 81' lang='lat' dir='ltr'><strong>videntur</strong></span> <span class='ocrx_word' id='word_1_378' title='bbox 1451 1333 1485 1360; x_wconf 83' lang='lat' dir='ltr'><strong>ab</strong></span> <span class='ocrx_word' id='word_1_379' title='bbox 1501 1333 1547 1362; x_wconf 89' lang='lat' dir='ltr'><strong>illo</strong></span> <span class='ocrx_word' id='word_1_380' title='bbox 1564 1343 1680 1364; x_wconf 77' lang='lat' dir='ltr'><strong>consen-</strong></span> 
     </span>
    </p>
   </div>
   <div class='ocr_carea' id='block_1_57' title="bbox 896 1375 1677 1414">
    <p class='ocr_par' dir='ltr' id='par_1_57' title="bbox 896 1375 1677 1414">
     <span class='ocr_line' id='line_1_57' title="bbox 896 1375 1677 1414; baseline 0.01 -12"><span class='ocrx_word' id='word_1_381' title='bbox 896 1379 974 1404; x_wconf 85' lang='lat' dir='ltr'><strong>tanee</strong></span> <span class='ocrx_word' id='word_1_382' title='bbox 988 1377 1069 1404; x_wconf 83' lang='lat' dir='ltr'><strong>dicta.</strong></span> <span class='ocrx_word' id='word_1_383' title='bbox 1091 1375 1158 1403; x_wconf 85' lang='lat' dir='ltr'><strong>Nam</strong></span> <span class='ocrx_word' id='word_1_384' title='bbox 1181 1383 1275 1403; x_wconf 91' lang='lat' dir='ltr'><strong>earum</strong></span> <span class='ocrx_word' id='word_1_385' title='bbox 1299 1384 1359 1411; x_wconf 69' lang='lat' dir='ltr'><strong>quae</strong></span> <span class='ocrx_word' id='word_1_386' title='bbox 1384 1377 1411 1404; x_wconf 95' lang='lat' dir='ltr'><strong>in</strong></span> <span class='ocrx_word' id='word_1_387' title='bbox 1429 1383 1540 1412; x_wconf 84' lang='lat' dir='ltr'><strong>pectore</strong></span> <span class='ocrx_word' id='word_1_388' title='bbox 1564 1380 1677 1414; x_wconf 84' lang='lat' dir='ltr'><strong>Leonis.</strong></span> 
     </span>
    </p>
   </div>
   <div class='ocr_carea' id='block_1_58' title="bbox 895 1426 1678 1461">
    <p class='ocr_par' dir='ltr' id='par_1_58' title="bbox 895 1426 1678 1461">
     <span class='ocr_line' id='line_1_58' title="bbox 895 1426 1678 1461; baseline 0.004 -9"><span class='ocrx_word' id='word_1_389' title='bbox 895 1427 1106 1458; x_wconf 77' lang='lat' dir='ltr'><strong>australissnna,</strong></span> <span class='ocrx_word' id='word_1_390' title='bbox 1122 1433 1203 1460; x_wconf 88' lang='lat' dir='ltr'><strong>quam</strong></span> <span class='ocrx_word' id='word_1_391' title='bbox 1219 1426 1344 1453; x_wconf 88' lang='lat' dir='ltr'><strong>nonnulli</strong></span> <span class='ocrx_word' id='word_1_392' title='bbox 1360 1427 1386 1453; x_wconf 92' lang='lat' dir='ltr'><strong>in</strong></span> <span class='ocrx_word' id='word_1_393' title='bbox 1412 1426 1495 1453; x_wconf 84' lang='lat' dir='ltr'><strong>corde</strong></span> <span class='ocrx_word' id='word_1_394' title='bbox 1522 1427 1655 1455; x_wconf 81' lang='lat' dir='ltr'><strong>collocant</strong></span> <span class='ocrx_word' id='word_1_395' title='bbox 1668 1447 1678 1461; x_wconf 88' lang='grc'><strong>,</strong></span> 
     </span>
    </p>
   </div>
   <div class='ocr_carea' id='block_1_59' title="bbox 894 1472 1676 1508">
    <p class='ocr_par' dir='ltr' id='par_1_59' title="bbox 894 1472 1676 1508">
     <span class='ocr_line' id='line_1_59' title="bbox 894 1472 1676 1508; baseline 0.003 -10"><span class='ocrx_word' id='word_1_396' title='bbox 894 1472 975 1507; x_wconf 75' lang='lat' dir='ltr'><strong>paulo</strong></span> <span class='ocrx_word' id='word_1_397' title='bbox 992 1475 1034 1499; x_wconf 85' lang='lat' dir='ltr'><strong>est</strong></span> <span class='ocrx_word' id='word_1_398' title='bbox 1047 1472 1193 1499; x_wconf 83' lang='lat' dir='ltr'><strong>australior</strong></span> <span class='ocrx_word' id='word_1_399' title='bbox 1207 1472 1330 1506; x_wconf 87' lang='lat' dir='ltr'><strong>tropico;</strong></span> <span class='ocrx_word' id='word_1_400' title='bbox 1346 1480 1404 1507; x_wconf 81' lang='lat' dir='ltr'><strong>quae</strong></span> <span class='ocrx_word' id='word_1_401' title='bbox 1419 1481 1482 1500; x_wconf 88' lang='lat' dir='ltr'><strong>vero</strong></span> <span class='ocrx_word' id='word_1_402' title='bbox 1504 1477 1566 1507; x_wconf 86' lang='lat' dir='ltr'><strong>post</strong></span> <span class='ocrx_word' id='word_1_403' title='bbox 1588 1473 1676 1508; x_wconf 84' lang='lat' dir='ltr'><strong>ipsam</strong></span> 
     </span>
    </p>
   </div>
   <div class='ocr_carea' id='block_1_60' title="bbox 56 1499 834 1553">
    <p class='ocr_par' dir='ltr' id='par_1_60' title="bbox 56 1499 834 1544">
     <span class='ocr_line' id='line_1_60' title="bbox 56 1499 834 1544; baseline 0.013 -20"><span class='ocrx_word' id='word_1_404' title='bbox 56 1499 88 1525; x_wconf 79' lang='grc' dir='ltr'><strong>δὲ</strong></span> <span class='ocrx_word' id='word_1_405' title='bbox 114 1499 182 1533; x_wconf 78' lang='grc' dir='ltr'>μετὰ</span> <span class='ocrx_word' id='word_1_406' title='bbox 201 1500 294 1526; x_wconf 76' lang='grc' dir='ltr'>τοῦτον</span> <span class='ocrx_word' id='word_1_407' title='bbox 316 1501 382 1537; x_wconf 70' lang='grc' dir='ltr'>πρὸς</span> <span class='ocrx_word' id='word_1_408' title='bbox 402 1502 451 1534; x_wconf 66' lang='grc' dir='ltr'>τὰς</span> <span class='ocrx_word' id='word_1_409' title='bbox 471 1504 585 1539; x_wconf 80' lang='grc' dir='ltr'>ἄρκτους</span> <span class='ocrx_word' id='word_1_410' title='bbox 618 1506 700 1532; x_wconf 84' lang='grc' dir='ltr'>αὐτοῦ</span> <span class='ocrx_word' id='word_1_411' title='bbox 722 1507 834 1544; x_wconf 84' lang='grc' dir='ltr'>κείμενο.</span> 
     </span>
    </p>
   </div>
   <div class='ocr_carea' id='block_1_61' title="bbox 896 1499 1679 1553">
    <p class='ocr_par' dir='ltr' id='par_1_61' title="bbox 896 1499 1679 1553">
     <span class='ocr_line' id='line_1_61' title="bbox 896 1499 1679 1553; baseline 0.001 -8"><span class='ocrx_word' id='word_1_412' title='bbox 896 1499 928 1545; x_wconf 70' lang='lat' dir='ltr'><strong>ad</strong></span> <span class='ocrx_word' id='word_1_413' title='bbox 944 1517 1153 1552; x_wconf 79' lang='lat' dir='ltr'><strong>septentrionem</strong></span> <span class='ocrx_word' id='word_1_414' title='bbox 1169 1518 1400 1553; x_wconf 83' lang='lat' dir='ltr'><strong>positaest.paulo</strong></span> <span class='ocrx_word' id='word_1_415' title='bbox 1409 1522 1449 1545; x_wconf 88' lang='lat' dir='ltr'><strong>est</strong></span> <span class='ocrx_word' id='word_1_416' title='bbox 1465 1518 1609 1546; x_wconf 83' lang='lat' dir='ltr'><strong>australior</strong></span> <span class='ocrx_word' id='word_1_417' title='bbox 1621 1522 1679 1546; x_wconf 87' lang='lat' dir='ltr'><strong>tro-</strong></span> 
     </span>
    </p>
   </div>
   <div class='ocr_carea' id='block_1_62' title="bbox 58 1544 844 1584">
    <p class='ocr_par' dir='ltr' id='par_1_62' title="bbox 58 1544 844 1584">
     <span class='ocr_line' id='line_1_62' title="bbox 58 1544 844 1584; baseline 0.013 -15"><span class='ocrx_word' id='word_1_418' title='bbox 58 1544 155 1580; x_wconf 77' lang='grc' dir='ltr'>μικρῷ</span> <span class='ocrx_word' id='word_1_419' title='bbox 170 1545 336 1581; x_wconf 81' lang='grc' dir='ltr'>βορειότερος</span> <span class='ocrx_word' id='word_1_420' title='bbox 350 1547 395 1573; x_wconf 77' lang='grc' dir='ltr'>τοῦ</span> <span class='ocrx_word' id='word_1_421' title='bbox 412 1547 518 1584; x_wconf 77' lang='grc' dir='ltr'>θερινοῦ</span> <span class='ocrx_word' id='word_1_422' title='bbox 532 1551 671 1584; x_wconf 78' lang='grc' dir='ltr'>τροπικοῦ·</span> <span class='ocrx_word' id='word_1_423' title='bbox 686 1552 732 1578; x_wconf 78' lang='grc' dir='ltr'>καὶ</span> <span class='ocrx_word' id='word_1_424' title='bbox 746 1552 800 1579; x_wconf 73' lang='grc' dir='ltr'>τῶν</span> <span class='ocrx_word' id='word_1_425' title='bbox 816 1554 844 1580; x_wconf 79' lang='grc' dir='ltr'>ἐν</span> 
     </span>
    </p>
   </div>
   <div class='ocr_carea' id='block_1_63' title="bbox 55 1592 845 1633">
    <p class='ocr_par' dir='ltr' id='par_1_63' title="bbox 55 1592 845 1633">
     <span class='ocr_line' id='line_1_63' title="bbox 55 1592 845 1633; baseline 0.011 -17"><span class='ocrx_word' id='word_1_426' title='bbox 55 1592 117 1622; x_wconf 85' lang='grc' dir='ltr'>τοῖς</span> <span class='ocrx_word' id='word_1_427' title='bbox 135 1593 244 1627; x_wconf 67' lang='grc' dir='ltr'>μηροῖς,</span> <span class='ocrx_word' id='word_1_428' title='bbox 264 1593 310 1618; x_wconf 76' lang='grc' dir='ltr'><strong>καὶ</strong></span> <span class='ocrx_word' id='word_1_429' title='bbox 328 1593 433 1620; x_wconf 80' lang='grc' dir='ltr'>σκέλεσι</span> <span class='ocrx_word' id='word_1_430' title='bbox 449 1594 495 1621; x_wconf 80' lang='grc' dir='ltr'>τοῦ</span> <span class='ocrx_word' id='word_1_431' title='bbox 511 1595 624 1628; x_wconf 82' lang='grc' dir='ltr'>Λέοντος</span> <span class='ocrx_word' id='word_1_432' title='bbox 636 1597 657 1623; x_wconf 83' lang='grc' dir='ltr'><strong>δ’</strong></span> <span class='ocrx_word' id='word_1_433' title='bbox 674 1597 816 1633; x_wconf 76' lang='grc' dir='ltr'><strong>λαμπρῶν,</strong></span> <span class='ocrx_word' id='word_1_434' title='bbox 831 1600 845 1625; x_wconf 89' lang='lat'><strong>6</strong></span> 
     </span>
    </p>
   </div>
   <div class='ocr_carea' id='block_1_64' title="bbox 60 1636 844 1679">
    <p class='ocr_par' dir='ltr' id='par_1_64' title="bbox 60 1636 844 1679">
     <span class='ocr_line' id='line_1_64' title="bbox 60 1636 844 1679; baseline 0.011 -17"><span class='ocrx_word' id='word_1_435' title='bbox 60 1637 115 1672; x_wconf 79' lang='grc' dir='ltr'><strong>μὲν</strong></span> <span class='ocrx_word' id='word_1_436' title='bbox 135 1636 261 1673; x_wconf 71' lang='grc' dir='ltr'>δεύτερος</span> <span class='ocrx_word' id='word_1_437' title='bbox 282 1639 329 1665; x_wconf 79' lang='grc' dir='ltr'><strong>ἀπ’</strong></span> <span class='ocrx_word' id='word_1_438' title='bbox 359 1639 458 1674; x_wconf 81' lang='grc' dir='ltr'>ἄρκτου</span> <span class='ocrx_word' id='word_1_439' title='bbox 483 1641 511 1666; x_wconf 80' lang='grc' dir='ltr'>ἐν</span> <span class='ocrx_word' id='word_1_440' title='bbox 528 1642 583 1672; x_wconf 84' lang='grc' dir='ltr'>τοῖς</span> <span class='ocrx_word' id='word_1_441' title='bbox 606 1644 702 1677; x_wconf 78' lang='grc' dir='ltr'>μηροῖς</span> <span class='ocrx_word' id='word_1_442' title='bbox 721 1645 844 1679; x_wconf 75' lang='grc' dir='ltr'>κείμενος</span> 
     </span>
    </p>
   </div>
   <div class='ocr_carea' id='block_1_65' title="bbox 55 1682 843 1726">
    <p class='ocr_par' dir='ltr' id='par_1_65' title="bbox 55 1682 843 1726">
     <span class='ocr_line' id='line_1_65' title="bbox 55 1682 843 1726; baseline 0.011 -18"><span class='ocrx_word' id='word_1_443' title='bbox 55 1682 229 1718; x_wconf 73' lang='grc' dir='ltr'>βορειότερὸς</span> <span class='ocrx_word' id='word_1_444' title='bbox 247 1685 304 1710; x_wconf 76' lang='grc' dir='ltr'>ἐστι</span> <span class='ocrx_word' id='word_1_445' title='bbox 319 1685 365 1711; x_wconf 83' lang='grc' dir='ltr'>τοῦ</span> <span class='ocrx_word' id='word_1_446' title='bbox 387 1685 535 1720; x_wconf 79' lang='grc' dir='ltr'>τροπικοῦ·</span> <span class='ocrx_word' id='word_1_447' title='bbox 557 1688 571 1713; x_wconf 89' lang='lat'><strong>6</strong></span> <span class='ocrx_word' id='word_1_448' title='bbox 591 1687 620 1714; x_wconf 79' lang='grc' dir='ltr'>δὲ</span> <span class='ocrx_word' id='word_1_449' title='bbox 639 1689 739 1726; x_wconf 71' lang='grc' dir='ltr'>τρίτος,</span> <span class='ocrx_word' id='word_1_450' title='bbox 755 1691 801 1716; x_wconf 68' lang='grc' dir='ltr'><strong>καὶ</strong></span> <span class='ocrx_word' id='word_1_451' title='bbox 815 1691 843 1717; x_wconf 77' lang='grc' dir='ltr'>ὲν</span> 
     </span>
    </p>
   </div>
   <div class='ocr_carea' id='block_1_66' title="bbox 53 1728 841 1770">
    <p class='ocr_par' dir='ltr' id='par_1_66' title="bbox 53 1728 841 1770">
     <span class='ocr_line' id='line_1_66' title="bbox 53 1728 841 1770; baseline 0.01 -16"><span class='ocrx_word' id='word_1_452' title='bbox 53 1729 116 1762; x_wconf 79' lang='grc' dir='ltr'>τοῖς</span> <span class='ocrx_word' id='word_1_453' title='bbox 132 1728 239 1755; x_wconf 75' lang='grc' dir='ltr'>σκέλεσι</span> <span class='ocrx_word' id='word_1_454' title='bbox 251 1730 383 1765; x_wconf 80' lang='grc' dir='ltr'>κείμενος,</span> <span class='ocrx_word' id='word_1_455' title='bbox 400 1730 557 1767; x_wconf 83' lang='grc' dir='ltr'>νοτιώτερός</span> <span class='ocrx_word' id='word_1_456' title='bbox 569 1733 626 1759; x_wconf 76' lang='grc' dir='ltr'>ἑστι</span> <span class='ocrx_word' id='word_1_457' title='bbox 640 1734 686 1760; x_wconf 85' lang='grc' dir='ltr'>τοῦ</span> <span class='ocrx_word' id='word_1_458' title='bbox 701 1736 841 1770; x_wconf 84' lang='grc' dir='ltr'>τροπικοῦ.</span> 
     </span>
    </p>
   </div>
   <div class='ocr_carea' id='block_1_67' title="bbox 54 1773 840 1816">
    <p class='ocr_par' dir='ltr' id='par_1_67' title="bbox 54 1773 840 1816">
     <span class='ocr_line' id='line_1_67' title="bbox 54 1773 840 1816; baseline 0.01 -16"><span class='ocrx_word' id='word_1_459' title='bbox 54 1774 143 1810; x_wconf 76' lang='grc' dir='ltr'>Δῆλον</span> <span class='ocrx_word' id='word_1_460' title='bbox 159 1773 214 1806; x_wconf 78' lang='grc' dir='ltr'>οὖν,</span> <span class='ocrx_word' id='word_1_461' title='bbox 231 1776 270 1802; x_wconf 78' lang='grc' dir='ltr'>ὅτι</span> <span class='ocrx_word' id='word_1_462' title='bbox 286 1776 329 1803; x_wconf 82' lang='grc' dir='ltr'><strong>διὰ</strong></span> <span class='ocrx_word' id='word_1_463' title='bbox 344 1778 445 1812; x_wconf 78' lang='grc' dir='ltr'>μήκους</span> <span class='ocrx_word' id='word_1_464' title='bbox 467 1779 512 1805; x_wconf 69' lang='grc' dir='ltr'><strong>ὑπ’</strong></span> <span class='ocrx_word' id='word_1_465' title='bbox 529 1779 610 1805; x_wconf 77' lang='grc' dir='ltr'>αὑτοῦ</span> <span class='ocrx_word' id='word_1_466' title='bbox 627 1781 641 1805; x_wconf 90' lang='lat'><strong>6</strong></span> <span class='ocrx_word' id='word_1_467' title='bbox 657 1780 731 1807; x_wconf 86' lang='grc' dir='ltr'><strong>Λέων</strong></span> <span class='ocrx_word' id='word_1_468' title='bbox 746 1781 840 1816; x_wconf 84' lang='grc' dir='ltr'>τέμνε-</span> 
     </span>
    </p>
   </div>
   <div class='ocr_carea' id='block_1_68' title="bbox 52 1818 841 1863">
    <p class='ocr_par' dir='ltr' id='par_1_68' title="bbox 52 1818 841 1863">
     <span class='ocr_line' id='line_1_68' title="bbox 52 1818 841 1863; baseline 0.01 -17"><span class='ocrx_word' id='word_1_469' title='bbox 52 1818 103 1848; x_wconf 79' lang='grc' dir='ltr'><strong>ταὶ</strong></span> <span class='ocrx_word' id='word_1_470' title='bbox 120 1821 172 1848; x_wconf 78' lang='grc' dir='ltr'><strong>ὑπὸ</strong></span> <span class='ocrx_word' id='word_1_471' title='bbox 190 1822 220 1848; x_wconf 74' lang='grc' dir='ltr'>τὸ</span> <span class='ocrx_word' id='word_1_472' title='bbox 241 1822 338 1857; x_wconf 77' lang='grc' dir='ltr'>στῆθος</span> <span class='ocrx_word' id='word_1_473' title='bbox 356 1824 402 1852; x_wconf 78' lang='grc' dir='ltr'><strong>καὶ</strong></span> <span class='ocrx_word' id='word_1_474' title='bbox 423 1824 472 1860; x_wconf 86' lang='grc' dir='ltr'><strong>τὴν</strong></span> <span class='ocrx_word' id='word_1_475' title='bbox 498 1825 606 1860; x_wconf 82' lang='grc' dir='ltr'>λαγόνα.</span> <span class='ocrx_word' id='word_1_476' title='bbox 634 1826 693 1852; x_wconf 84' lang='grc' dir='ltr'>Τῶν</span> <span class='ocrx_word' id='word_1_477' title='bbox 717 1827 738 1853; x_wconf 79' lang='grc' dir='ltr'><strong>δ’</strong></span> <span class='ocrx_word' id='word_1_478' title='bbox 759 1829 787 1854; x_wconf 81' lang='grc' dir='ltr'>ὲν</span> <span class='ocrx_word' id='word_1_479' title='bbox 803 1828 841 1863; x_wconf 81' lang='grc' dir='ltr'>τῷ</span> 
     </span>
    </p>
   </div>
   <div class='ocr_carea' id='block_1_69' title="bbox 53 1868 841 1908">
    <p class='ocr_par' dir='ltr' id='par_1_69' title="bbox 53 1868 841 1908">
     <span class='ocr_line' id='line_1_69' title="bbox 53 1868 841 1908; baseline 0.009 -16"><span class='ocrx_word' id='word_1_480' title='bbox 53 1868 188 1903; x_wconf 81' lang='grc' dir='ltr'>Καρκίνῳ</span> <span class='ocrx_word' id='word_1_481' title='bbox 208 1868 339 1904; x_wconf 81' lang='grc' dir='ltr'>ἀστέρων,</span> <span class='ocrx_word' id='word_1_482' title='bbox 358 1869 411 1896; x_wconf 83' lang='grc' dir='ltr'><strong>τῶν</strong></span> <span class='ocrx_word' id='word_1_483' title='bbox 432 1871 496 1906; x_wconf 80' lang='grc' dir='ltr'>περὶ</span> <span class='ocrx_word' id='word_1_484' title='bbox 511 1871 541 1898; x_wconf 86' lang='grc' dir='ltr'><strong>τὸ</strong></span> <span class='ocrx_word' id='word_1_485' title='bbox 563 1871 683 1905; x_wconf 79' lang='grc' dir='ltr'>νεφέλιον</span> <span class='ocrx_word' id='word_1_486' title='bbox 709 1873 841 1908; x_wconf 85' lang='grc' dir='ltr'>κειμένων</span> 
     </span>
    </p>
   </div>
   <div class='ocr_carea' id='block_1_70' title="bbox 51 1913 840 1952">
    <p class='ocr_par' dir='ltr' id='par_1_70' title="bbox 51 1913 840 1952">
     <span class='ocr_line' id='line_1_70' title="bbox 51 1913 840 1952; baseline 0.008 -13"><span class='ocrx_word' id='word_1_487' title='bbox 51 1913 196 1949; x_wconf 76' lang='grc' dir='ltr'>τεσσάρων</span> <span class='ocrx_word' id='word_1_488' title='bbox 211 1915 226 1940; x_wconf 90' lang='lat'><strong>6</strong></span> <span class='ocrx_word' id='word_1_489' title='bbox 246 1914 293 1949; x_wconf 77' lang='grc' dir='ltr'><strong>μὲν</strong></span> <span class='ocrx_word' id='word_1_490' title='bbox 317 1914 474 1951; x_wconf 84' lang='grc' dir='ltr'>νοτιὼτερός</span> <span class='ocrx_word' id='word_1_491' title='bbox 497 1917 554 1942; x_wconf 78' lang='grc' dir='ltr'>ἐστι</span> <span class='ocrx_word' id='word_1_492' title='bbox 577 1916 624 1942; x_wconf 75' lang='grc' dir='ltr'><strong>τοῦ</strong></span> <span class='ocrx_word' id='word_1_493' title='bbox 645 1918 774 1952; x_wconf 75' lang='grc' dir='ltr'>τροπικοῦ</span> <span class='ocrx_word' id='word_1_494' title='bbox 791 1919 840 1945; x_wconf 78' lang='grc' dir='ltr'>οὐκ</span> 
     </span>
    </p>
   </div>
   <div class='ocr_carea' id='block_1_71' title="bbox 50 1958 840 2000">
    <p class='ocr_par' dir='ltr' id='par_1_71' title="bbox 50 1958 840 2000">
     <span class='ocr_line' id='line_1_71' title="bbox 50 1958 840 2000; baseline 0.008 -16"><span class='ocrx_word' id='word_1_495' title='bbox 50 1958 167 1985; x_wconf 76' lang='grc' dir='ltr'>ἐλασσον</span> <span class='ocrx_word' id='word_1_496' title='bbox 178 1958 194 1994; x_wconf 88' lang='grc' dir='ltr'>ἢ</span> <span class='ocrx_word' id='word_1_497' title='bbox 210 1959 263 1994; x_wconf 78' lang='grc' dir='ltr'>μοί.</span> <span class='ocrx_word' id='word_1_498' title='bbox 275 1962 313 1986; x_wconf 75' lang='grc' dir='ltr'>α⁷ο</span> <span class='ocrx_word' id='word_1_499' title='bbox 326 1961 340 1986; x_wconf 86' lang='lat'><strong>6</strong></span> <span class='ocrx_word' id='word_1_500' title='bbox 352 1960 380 1986; x_wconf 84' lang='grc' dir='ltr'><strong>δὲ</strong></span> <span class='ocrx_word' id='word_1_501' title='bbox 394 1960 560 1996; x_wconf 83' lang='grc' dir='ltr'>βορειότερος</span> <span class='ocrx_word' id='word_1_502' title='bbox 571 1962 660 1988; x_wconf 79' lang='grc' dir='ltr'>αὐτῶν</span> <span class='ocrx_word' id='word_1_503' title='bbox 673 1962 840 2000; x_wconf 79' lang='grc' dir='ltr'>βορειότερὸς</span> 
     </span>
    </p>
   </div>
   <div class='ocr_carea' id='block_1_72' title="bbox 50 2004 839 2044">
    <p class='ocr_par' dir='ltr' id='par_1_72' title="bbox 50 2004 839 2044">
     <span class='ocr_line' id='line_1_72' title="bbox 50 2004 839 2044; baseline 0.009 -14"><span class='ocrx_word' id='word_1_504' title='bbox 50 2005 112 2031; x_wconf 82' lang='grc' dir='ltr'>ἐστι</span> <span class='ocrx_word' id='word_1_505' title='bbox 127 2004 174 2031; x_wconf 80' lang='grc' dir='ltr'>τοῦ</span> <span class='ocrx_word' id='word_1_506' title='bbox 191 2005 319 2041; x_wconf 84' lang='grc' dir='ltr'>τροπικοῦ</span> <span class='ocrx_word' id='word_1_507' title='bbox 341 2006 447 2042; x_wconf 84' lang='grc' dir='ltr'>θερινοῦ</span> <span class='ocrx_word' id='word_1_508' title='bbox 465 2007 576 2034; x_wconf 80' lang='grc' dir='ltr'>ἔλασσον</span> <span class='ocrx_word' id='word_1_509' title='bbox 592 2009 608 2044; x_wconf 78' lang='grc' dir='ltr'>ἢ</span> <span class='ocrx_word' id='word_1_510' title='bbox 625 2010 680 2044; x_wconf 78' lang='grc' dir='ltr'>μοι.</span> <span class='ocrx_word' id='word_1_511' title='bbox 697 2013 720 2036; x_wconf 91' lang='grc' dir='ltr'>α’</span> <span class='ocrx_word' id='word_1_512' title='bbox 736 2010 768 2025; x_wconf 84' lang='grc'><strong>⁸⁵·</strong></span> <span class='ocrx_word' id='word_1_513' title='bbox 785 2010 839 2037; x_wconf 81' lang='grc' dir='ltr'>τῶν</span> 
     </span>
    </p>
   </div>
   <div class='ocr_carea' id='block_1_73' title="bbox 48 2051 838 2091">
    <p class='ocr_par' dir='ltr' id='par_1_73' title="bbox 48 2051 838 2091">
     <span class='ocr_line' id='line_1_73' title="bbox 48 2051 838 2091; baseline 0.006 -14"><span class='ocrx_word' id='word_1_514' title='bbox 48 2051 71 2077; x_wconf 76' lang='grc' dir='ltr'><strong>δ’</strong></span> <span class='ocrx_word' id='word_1_515' title='bbox 84 2051 133 2078; x_wconf 80' lang='grc' dir='ltr'><strong>ἀπ’</strong></span> <span class='ocrx_word' id='word_1_516' title='bbox 146 2051 277 2088; x_wconf 79' lang='grc' dir='ltr'>ἀνατολῆς</span> <span class='ocrx_word' id='word_1_517' title='bbox 287 2052 350 2088; x_wconf 85' lang='grc' dir='ltr'>περὶ</span> <span class='ocrx_word' id='word_1_518' title='bbox 362 2052 392 2079; x_wconf 79' lang='grc' dir='ltr'>τὸ</span> <span class='ocrx_word' id='word_1_519' title='bbox 402 2053 524 2088; x_wconf 83' lang='grc' dir='ltr'>νεφέλιον</span> <span class='ocrx_word' id='word_1_520' title='bbox 537 2054 670 2089; x_wconf 83' lang='grc' dir='ltr'>κειμένων</span> <span class='ocrx_word' id='word_1_521' title='bbox 683 2055 704 2090; x_wconf 52' lang='grc' dir='ltr'><strong>βξ</strong></span> <span class='ocrx_word' id='word_1_522' title='bbox 716 2055 838 2091; x_wconf 72' lang='grc' dir='ltr'>ἀστέρων</span> 
     </span>
    </p>
   </div>
   <div class='ocr_carea' id='block_1_74' title="bbox 47 2098 837 2138">
    <p class='ocr_par' dir='ltr' id='par_1_74' title="bbox 47 2098 837 2138">
     <span class='ocr_line' id='line_1_74' title="bbox 47 2098 837 2138; baseline 0.008 -15"><span class='ocrx_word' id='word_1_523' title='bbox 47 2098 62 2124; x_wconf 89' lang='lat'><strong>6</strong></span> <span class='ocrx_word' id='word_1_524' title='bbox 78 2098 130 2133; x_wconf 81' lang='grc' dir='ltr'>μὲν</span> <span class='ocrx_word' id='word_1_525' title='bbox 147 2098 304 2134; x_wconf 82' lang='grc' dir='ltr'>νοτιώτερος</span> <span class='ocrx_word' id='word_1_526' title='bbox 319 2099 362 2125; x_wconf 76' lang='grc' dir='ltr'><strong>ἐπ’</strong></span> <span class='ocrx_word' id='word_1_527' title='bbox 372 2099 454 2126; x_wconf 82' lang='grc' dir='ltr'>αὐτοῦ</span> <span class='ocrx_word' id='word_1_528' title='bbox 471 2100 564 2135; x_wconf 82' lang='grc' dir='ltr'>σχεδὸν</span> <span class='ocrx_word' id='word_1_529' title='bbox 579 2103 667 2128; x_wconf 81' lang='grc' dir='ltr'>κεῖται</span> <span class='ocrx_word' id='word_1_530' title='bbox 682 2101 729 2128; x_wconf 80' lang='grc' dir='ltr'><strong>τοῦ</strong></span> <span class='ocrx_word' id='word_1_531' title='bbox 743 2111 837 2138; x_wconf 87' lang='grc' dir='ltr'>τροπι-</span> 
     </span>
    </p>
   </div>
   <div class='ocr_carea' id='block_1_75' title="bbox 52 2144 836 2184">
    <p class='ocr_par' dir='ltr' id='par_1_75' title="bbox 52 2144 836 2184">
     <span class='ocr_line' id='line_1_75' title="bbox 52 2144 836 2184; baseline 0.006 -13"><span class='ocrx_word' id='word_1_532' title='bbox 52 2144 115 2172; x_wconf 77' lang='grc' dir='ltr'><strong>κοῦ·</strong></span> <span class='ocrx_word' id='word_1_533' title='bbox 133 2145 147 2171; x_wconf 81' lang='grc' dir='ltr'><strong><em>ὸ</em></strong></span> <span class='ocrx_word' id='word_1_534' title='bbox 165 2144 193 2171; x_wconf 82' lang='grc' dir='ltr'><strong>δὲ</strong></span> <span class='ocrx_word' id='word_1_535' title='bbox 211 2144 377 2181; x_wconf 83' lang='grc' dir='ltr'>βορειότερος</span> <span class='ocrx_word' id='word_1_536' title='bbox 406 2147 450 2174; x_wconf 72' lang='grc' dir='ltr'>καὶ</span> <span class='ocrx_word' id='word_1_537' title='bbox 472 2147 539 2183; x_wconf 82' lang='grc' dir='ltr'>πρὸς</span> <span class='ocrx_word' id='word_1_538' title='bbox 553 2147 602 2179; x_wconf 84' lang='grc' dir='ltr'>τὰς</span> <span class='ocrx_word' id='word_1_539' title='bbox 619 2147 736 2184; x_wconf 81' lang='grc' dir='ltr'>ἄρκτους</span> <span class='ocrx_word' id='word_1_540' title='bbox 754 2149 836 2176; x_wconf 82' lang='grc' dir='ltr'>αὐτοῦ</span> 
     </span>
    </p>
   </div>
   <div class='ocr_carea' id='block_1_76' title="bbox 46 2188 872 2227">
    <p class='ocr_par' dir='ltr' id='par_1_76' title="bbox 46 2188 872 2227">
     <span class='ocr_line' id='line_1_76' title="bbox 46 2188 872 2227; baseline 0.007 -12"><span class='ocrx_word' id='word_1_541' title='bbox 46 2189 149 2225; x_wconf 77' lang='grc' dir='ltr'>ἀπέχει</span> <span class='ocrx_word' id='word_1_542' title='bbox 168 2189 223 2225; x_wconf 86' lang='grc' dir='ltr'>μοί.</span> <span class='ocrx_word' id='word_1_543' title='bbox 239 2191 276 2222; x_wconf 87' lang='grc' dir='ltr'>ὡς</span> <span class='ocrx_word' id='word_1_544' title='bbox 291 2190 403 2226; x_wconf 70' lang='grc' dir='ltr'>ἔγγιστα</span> <span class='ocrx_word' id='word_1_545' title='bbox 421 2191 443 2226; x_wconf 85' lang='grc' dir='ltr'><strong>β’</strong></span> <span class='ocrx_word' id='word_1_546' title='bbox 459 2191 501 2220; x_wconf 88' lang='lat' dir='ltr'><strong>S&quot;.</strong></span> <span class='ocrx_word' id='word_1_547' title='bbox 517 2192 601 2227; x_wconf 84' lang='grc' dir='ltr'>Δῆλον</span> <span class='ocrx_word' id='word_1_548' title='bbox 621 2191 676 2223; x_wconf 84' lang='grc' dir='ltr'>οὖν,</span> <span class='ocrx_word' id='word_1_549' title='bbox 695 2193 735 2220; x_wconf 76' lang='grc' dir='ltr'><strong>ὃτι</strong></span> <span class='ocrx_word' id='word_1_550' title='bbox 749 2195 836 2221; x_wconf 75' lang='grc' dir='ltr'>καὶτὸ</span> <span class='ocrx_word' id='word_1_551' title='bbox 852 2188 872 2215; x_wconf 71' lang='grc' dir='ltr'><strong>ί)</strong></span> 
     </span>
    </p>
   </div>
   <div class='ocr_carea' id='block_1_77' title="bbox 47 2236 833 2273">
    <p class='ocr_par' dir='ltr' id='par_1_77' title="bbox 47 2236 833 2273">
     <span class='ocr_line' id='line_1_77' title="bbox 47 2236 833 2273; baseline 0.006 -11"><span class='ocrx_word' id='word_1_552' title='bbox 47 2237 114 2272; x_wconf 75' lang='grc' dir='ltr'>περὶ</span> <span class='ocrx_word' id='word_1_553' title='bbox 125 2236 171 2263; x_wconf 80' lang='grc' dir='ltr'>τὸν</span> <span class='ocrx_word' id='word_1_554' title='bbox 182 2237 316 2273; x_wconf 81' lang='grc' dir='ltr'>Καρκίνον</span> <span class='ocrx_word' id='word_1_555' title='bbox 328 2238 478 2273; x_wconf 81' lang='grc' dir='ltr'>συμφώνως</span> <span class='ocrx_word' id='word_1_556' title='bbox 490 2238 601 2273; x_wconf 70' lang='grc' dir='ltr'>ἔγγιστα</span> <span class='ocrx_word' id='word_1_557' title='bbox 613 2239 766 2267; x_wconf 84' lang='grc' dir='ltr'>ἀποδέδωκε</span> <span class='ocrx_word' id='word_1_558' title='bbox 777 2242 833 2272; x_wconf 63' lang='grc' dir='ltr'>τοῖν</span> 
     </span>
    </p>
   </div>
   <div class='ocr_carea' id='block_1_78' title="bbox 45 2283 230 2318">
    <p class='ocr_par' dir='ltr' id='par_1_78' title="bbox 45 2283 230 2318">
     <span class='ocr_line' id='line_1_78' title="bbox 45 2283 230 2318; baseline 0 -9"><span class='ocrx_word' id='word_1_559' title='bbox 45 2283 230 2318; x_wconf 67' lang='grc' dir='ltr'>φαινομένοις.</span> 
     </span>
    </p>
   </div>
   <div class='ocr_carea' id='block_1_79' title="bbox 81 2329 831 2368">
    <p class='ocr_par' dir='ltr' id='par_1_79' title="bbox 81 2329 831 2368">
     <span class='ocr_line' id='line_1_79' title="bbox 81 2329 831 2368; baseline 0.005 -13"><span class='ocrx_word' id='word_1_560' title='bbox 81 2329 248 2364; x_wconf 74' lang='grc' dir='ltr'>Διαληπτέον</span> <span class='ocrx_word' id='word_1_561' title='bbox 264 2329 354 2365; x_wconf 87' lang='grc' dir='ltr'>μέντοι</span> <span class='ocrx_word' id='word_1_562' title='bbox 371 2339 411 2364; x_wconf 91' lang='grc' dir='ltr'><strong>γε,</strong></span> <span class='ocrx_word' id='word_1_563' title='bbox 436 2331 476 2357; x_wconf 80' lang='grc' dir='ltr'><strong>ὅτι</strong></span> <span class='ocrx_word' id='word_1_564' title='bbox 497 2331 532 2357; x_wconf 80' lang='grc' dir='ltr'>τὰ</span> <span class='ocrx_word' id='word_1_565' title='bbox 554 2332 617 2368; x_wconf 82' lang='grc' dir='ltr'>περὶ</span> <span class='ocrx_word' id='word_1_566' title='bbox 631 2332 677 2359; x_wconf 76' lang='grc' dir='ltr'><strong>τοῦ</strong></span> <span class='ocrx_word' id='word_1_567' title='bbox 694 2333 831 2368; x_wconf 84' lang='grc' dir='ltr'>Καρκίνου</span> 
     </span>
    </p>
   </div>
   <div class='ocr_carea' id='block_1_80' title="bbox 44 2375 830 2412">
    <p class='ocr_par' dir='ltr' id='par_1_80' title="bbox 44 2375 830 2412">
     <span class='ocr_line' id='line_1_80' title="bbox 44 2375 830 2412; baseline 0.005 -10"><span class='ocrx_word' id='word_1_568' title='bbox 44 2376 94 2402; x_wconf 70' lang='grc' dir='ltr'>καὶ</span> <span class='ocrx_word' id='word_1_569' title='bbox 108 2375 156 2402; x_wconf 75' lang='grc' dir='ltr'>τοῦ</span> <span class='ocrx_word' id='word_1_570' title='bbox 171 2375 293 2407; x_wconf 82' lang='grc' dir='ltr'>Λέοντος,</span> <span class='ocrx_word' id='word_1_571' title='bbox 313 2376 360 2402; x_wconf 71' lang='grc' dir='ltr'><strong>καὶ</strong></span> <span class='ocrx_word' id='word_1_572' title='bbox 373 2376 520 2412; x_wconf 77' lang='grc' dir='ltr'>Παρθένον,</span> <span class='ocrx_word' id='word_1_573' title='bbox 534 2378 580 2404; x_wconf 73' lang='grc' dir='ltr'>καὶ</span> <span class='ocrx_word' id='word_1_574' title='bbox 595 2378 657 2410; x_wconf 75' lang='grc' dir='ltr'>τοὺς</span> <span class='ocrx_word' id='word_1_575' title='bbox 670 2379 717 2405; x_wconf 81' lang='grc' dir='ltr'>τοῦ</span> <span class='ocrx_word' id='word_1_576' title='bbox 731 2379 830 2406; x_wconf 82' lang='grc' dir='ltr'>Ἵππου</span> 
     </span>
    </p>
   </div>
   <div class='ocr_carea' id='block_1_81' title="bbox 43 2421 830 2459">
    <p class='ocr_par' dir='ltr' id='par_1_81' title="bbox 43 2421 830 2459">
     <span class='ocr_line' id='line_1_81' title="bbox 43 2421 830 2459; baseline 0.005 -12"><span class='ocrx_word' id='word_1_577' title='bbox 43 2422 140 2453; x_wconf 72' lang='grc' dir='ltr'>πόδας,</span> <span class='ocrx_word' id='word_1_578' title='bbox 155 2421 195 2448; x_wconf 75' lang='grc' dir='ltr'>ἔτι</span> <span class='ocrx_word' id='word_1_579' title='bbox 210 2421 238 2448; x_wconf 71' lang='grc' dir='ltr'><strong>δὲ</strong></span> <span class='ocrx_word' id='word_1_580' title='bbox 251 2421 297 2448; x_wconf 71' lang='grc' dir='ltr'><strong>καὶ</strong></span> <span class='ocrx_word' id='word_1_581' title='bbox 309 2422 342 2449; x_wconf 80' lang='grc' dir='ltr'>τὰ</span> <span class='ocrx_word' id='word_1_582' title='bbox 355 2422 418 2458; x_wconf 78' lang='grc' dir='ltr'>περὶ</span> <span class='ocrx_word' id='word_1_583' title='bbox 432 2423 477 2449; x_wconf 80' lang='grc' dir='ltr'>τὸν</span> <span class='ocrx_word' id='word_1_584' title='bbox 492 2423 608 2459; x_wconf 79' lang='grc' dir='ltr'>Περσέα,</span> <span class='ocrx_word' id='word_1_585' title='bbox 624 2424 670 2450; x_wconf 82' lang='grc' dir='ltr'><strong>καὶ</strong></span> <span class='ocrx_word' id='word_1_586' title='bbox 686 2423 720 2451; x_wconf 79' lang='grc' dir='ltr'>τὰ</span> <span class='ocrx_word' id='word_1_587' title='bbox 730 2425 830 2459; x_wconf 69' lang='grc' dir='ltr'>γόνατα</span> 
     </span>
    </p>
   </div>
   <div class='ocr_carea' id='block_1_82' title="bbox 42 2468 831 2507">
    <p class='ocr_par' dir='ltr' id='par_1_82' title="bbox 42 2468 831 2507">
     <span class='ocr_line' id='line_1_82' title="bbox 42 2468 831 2507; baseline 0.004 -13"><span class='ocrx_word' id='word_1_588' title='bbox 42 2468 92 2495; x_wconf 79' lang='grc' dir='ltr'><strong>τοῦ</strong></span> <span class='ocrx_word' id='word_1_589' title='bbox 110 2469 244 2503; x_wconf 85' lang='grc' dir='ltr'>Ἡνιόχου.</span> <span class='ocrx_word' id='word_1_590' title='bbox 256 2470 302 2495; x_wconf 84' lang='grc' dir='ltr'><strong>καὶ</strong></span> <span class='ocrx_word' id='word_1_591' title='bbox 311 2469 360 2501; x_wconf 87' lang='grc' dir='ltr'>τὰς</span> <span class='ocrx_word' id='word_1_592' title='bbox 370 2469 490 2504; x_wconf 77' lang='grc' dir='ltr'>κεφαλὰς</span> <span class='ocrx_word' id='word_1_593' title='bbox 500 2469 555 2496; x_wconf 83' lang='grc' dir='ltr'>τῶν</span> <span class='ocrx_word' id='word_1_594' title='bbox 566 2470 699 2505; x_wconf 83' lang='grc' dir='ltr'>Διδύμων,</span> <span class='ocrx_word' id='word_1_595' title='bbox 714 2471 754 2497; x_wconf 79' lang='grc' dir='ltr'>ἔτι</span> <span class='ocrx_word' id='word_1_596' title='bbox 766 2472 831 2507; x_wconf 74' lang='grc' dir='ltr'>πρό-</span> 
     </span>
    </p>
   </div>
   <div class='ocr_carea' id='block_1_83' title="bbox 41 2513 827 2552">
    <p class='ocr_par' dir='ltr' id='par_1_83' title="bbox 41 2513 827 2552">
     <span class='ocr_line' id='line_1_83' title="bbox 41 2513 827 2552; baseline 0.004 -12"><span class='ocrx_word' id='word_1_597' title='bbox 41 2523 123 2550; x_wconf 80' lang='grc' dir='ltr'>τερον</span> <span class='ocrx_word' id='word_1_598' title='bbox 144 2514 256 2550; x_wconf 78' lang='grc' dir='ltr'>Ἀράτου</span> <span class='ocrx_word' id='word_1_599' title='bbox 275 2515 386 2547; x_wconf 78' lang='grc' dir='ltr'>Εῠδοξος</span> <span class='ocrx_word' id='word_1_600' title='bbox 405 2515 604 2551; x_wconf 81' lang='grc' dir='ltr'>ἀναγέγραφεν·</span> <span class='ocrx_word' id='word_1_601' title='bbox 622 2513 644 2550; x_wconf 89' lang='grc' dir='ltr'>ᾧ</span> <span class='ocrx_word' id='word_1_602' title='bbox 659 2517 705 2543; x_wconf 77' lang='grc' dir='ltr'>καὶ</span> <span class='ocrx_word' id='word_1_603' title='bbox 720 2516 827 2552; x_wconf 85' lang='grc' dir='ltr'>νομίζο-</span> 
     </span>
    </p>
   </div>
   <div class='ocr_carea' id='block_1_84' title="bbox 43 2560 828 2598">
    <p class='ocr_par' dir='ltr' id='par_1_84' title="bbox 43 2560 828 2598">
     <span class='ocr_line' id='line_1_84' title="bbox 43 2560 828 2598; baseline 0.006 -13"><span class='ocrx_word' id='word_1_604' title='bbox 43 2568 94 2594; x_wconf 86' lang='grc' dir='ltr'><strong>μεν</strong></span> <span class='ocrx_word' id='word_1_605' title='bbox 112 2560 376 2596; x_wconf 77' lang='grc' dir='ltr'>κατηκολουοηκέναι</span> <span class='ocrx_word' id='word_1_606' title='bbox 399 2560 444 2588; x_wconf 81' lang='grc' dir='ltr'><strong>τὸν</strong></span> <span class='ocrx_word' id='word_1_607' title='bbox 465 2562 591 2597; x_wconf 79' lang='grc' dir='ltr'>Ἀρατον.</span> <span class='ocrx_word' id='word_1_608' title='bbox 614 2562 666 2589; x_wconf 80' lang='grc' dir='ltr'>Τοῦ</span> <span class='ocrx_word' id='word_1_609' title='bbox 689 2563 778 2598; x_wconf 86' lang='grc' dir='ltr'>μέντοι</span> <span class='ocrx_word' id='word_1_610' title='bbox 797 2571 828 2597; x_wconf 89' lang='grc' dir='ltr'>γε</span> 
     </span>
    </p>
   </div>
   <div class='ocr_carea' id='block_1_85' title="bbox 47 2606 826 2644">
    <p class='ocr_par' dir='ltr' id='par_1_85' title="bbox 47 2606 826 2644">
     <span class='ocr_line' id='line_1_85' title="bbox 47 2606 826 2644; baseline 0.004 -12"><span class='ocrx_word' id='word_1_611' title='bbox 47 2606 193 2641; x_wconf 75' lang='grc' dir='ltr'><strong>Ὀφιούχου</strong></span> <span class='ocrx_word' id='word_1_612' title='bbox 206 2607 255 2642; x_wconf 77' lang='grc' dir='ltr'>τὴν</span> <span class='ocrx_word' id='word_1_613' title='bbox 269 2607 398 2643; x_wconf 81' lang='grc' dir='ltr'>κεφαλὴν,</span> <span class='ocrx_word' id='word_1_614' title='bbox 416 2608 461 2634; x_wconf 81' lang='grc' dir='ltr'>καὶ</span> <span class='ocrx_word' id='word_1_615' title='bbox 480 2608 540 2643; x_wconf 65' lang='grc' dir='ltr'><strong>οὐχ).</strong></span> <span class='ocrx_word' id='word_1_616' title='bbox 557 2608 619 2639; x_wconf 81' lang='grc' dir='ltr'>τοὺς</span> <span class='ocrx_word' id='word_1_617' title='bbox 635 2607 726 2644; x_wconf 77' lang='grc' dir='ltr'>ὤμους</span> <span class='ocrx_word' id='word_1_618' title='bbox 746 2609 826 2644; x_wconf 80' lang='grc' dir='ltr'>φησὶν</span> 
     </span>
    </p>
   </div>
   <div class='ocr_carea' id='block_1_86' title="bbox 41 2651 826 2690">
    <p class='ocr_par' dir='ltr' id='par_1_86' title="bbox 41 2651 826 2690">
     <span class='ocr_line' id='line_1_86' title="bbox 41 2651 826 2690; baseline 0.006 -13"><span class='ocrx_word' id='word_1_619' title='bbox 41 2651 156 2684; x_wconf 79' lang='grc' dir='ltr'><strong>Εὔδοξος</strong></span> <span class='ocrx_word' id='word_1_620' title='bbox 169 2652 215 2678; x_wconf 75' lang='grc' dir='ltr'><strong>ἐπὶ</strong></span> <span class='ocrx_word' id='word_1_621' title='bbox 231 2653 277 2679; x_wconf 77' lang='grc' dir='ltr'>τοῦ</span> <span class='ocrx_word' id='word_1_622' title='bbox 291 2653 421 2688; x_wconf 82' lang='grc' dir='ltr'>τροπικοῢ</span> <span class='ocrx_word' id='word_1_623' title='bbox 433 2654 548 2681; x_wconf 78' lang='grc' dir='ltr'>κεῖσθαι·</span> <span class='ocrx_word' id='word_1_624' title='bbox 560 2655 627 2690; x_wconf 84' lang='grc' dir='ltr'>ὅπερ</span> <span class='ocrx_word' id='word_1_625' title='bbox 644 2655 702 2682; x_wconf 77' lang='grc' dir='ltr'>ἐστὶ</span> <span class='ocrx_word' id='word_1_626' title='bbox 720 2655 768 2690; x_wconf 75' lang='grc' dir='ltr'>μὲν</span> <span class='ocrx_word' id='word_1_627' title='bbox 780 2656 826 2682; x_wconf 83' lang='grc' dir='ltr'>καὶ</span> 
     </span>
    </p>
   </div>
   <div class='ocr_carea' id='block_1_87' title="bbox 40 2697 824 2738">
    <p class='ocr_par' dir='ltr' id='par_1_87' title="bbox 40 2697 824 2738">
     <span class='ocr_line' id='line_1_87' title="bbox 40 2697 824 2738; baseline 0.008 -15"><span class='ocrx_word' id='word_1_628' title='bbox 40 2697 107 2724; x_wconf 71' lang='grc' dir='ltr'>αὐτὸ</span> <span class='ocrx_word' id='word_1_629' title='bbox 119 2698 226 2732; x_wconf 75' lang='grc' dir='ltr'><strong>ψεῦδος·</strong></span> <span class='ocrx_word' id='word_1_630' title='bbox 242 2699 393 2733; x_wconf 77' lang='grc' dir='ltr'>συνεγγίξει</span> <span class='ocrx_word' id='word_1_631' title='bbox 406 2700 496 2732; x_wconf 84' lang='grc' dir='ltr'>μέντοι</span> <span class='ocrx_word' id='word_1_632' title='bbox 509 2701 548 2736; x_wconf 82' lang='grc' dir='ltr'>τῷ</span> <span class='ocrx_word' id='word_1_633' title='bbox 558 2701 679 2736; x_wconf 79' lang='grc' dir='ltr'>τροπικῷ</span> <span class='ocrx_word' id='word_1_634' title='bbox 690 2703 706 2737; x_wconf 83' lang='grc' dir='ltr'>ἡ</span> <span class='ocrx_word' id='word_1_635' title='bbox 720 2702 824 2738; x_wconf 77' lang='grc' dir='ltr'>κεφαλὴ</span> 
     </span>
    </p>
   </div>
   <div class='ocr_carea' id='block_1_88' title="bbox 43 2740 824 2782">
    <p class='ocr_par' dir='ltr' id='par_1_88' title="bbox 43 2740 824 2782">
     <span class='ocr_line' id='line_1_88' title="bbox 43 2740 824 2782; baseline 0.008 -15"><span class='ocrx_word' id='word_1_636' title='bbox 43 2742 142 2776; x_wconf 81' lang='grc' dir='ltr'>μᾶλλον</span> <span class='ocrx_word' id='word_1_637' title='bbox 158 2743 175 2777; x_wconf 86' lang='grc' dir='ltr'><strong>ἧ</strong></span> <span class='ocrx_word' id='word_1_638' title='bbox 192 2740 270 2778; x_wconf 76' lang='grc' dir='ltr'>ὦμοι·</span> <span class='ocrx_word' id='word_1_639' title='bbox 286 2744 432 2781; x_wconf 82' lang='grc' dir='ltr'>νοτιωτέρα</span> <span class='ocrx_word' id='word_1_640' title='bbox 447 2745 500 2780; x_wconf 81' lang='grc' dir='ltr'>γάρ</span> <span class='ocrx_word' id='word_1_641' title='bbox 520 2746 577 2772; x_wconf 70' lang='grc' dir='ltr'>ἐστι</span> <span class='ocrx_word' id='word_1_642' title='bbox 595 2745 640 2777; x_wconf 72' lang='grc' dir='ltr'>τοῦ</span> <span class='ocrx_word' id='word_1_643' title='bbox 657 2745 761 2782; x_wconf 85' lang='grc' dir='ltr'>θερινοῦ</span> <span class='ocrx_word' id='word_1_644' title='bbox 777 2747 824 2777; x_wconf 75' lang='grc' dir='ltr'><strong>τοῦ</strong></span> 
     </span>
    </p>
   </div>
   <div class='ocr_carea' id='block_1_89' title="bbox 76 2831 495 2867">
    <p class='ocr_par' dir='ltr' id='par_1_89' title="bbox 76 2831 495 2867">
     <span class='ocr_line' id='line_1_89' title="bbox 76 2831 495 2867; baseline 0.005 -9"><span class='ocrx_word' id='word_1_645' title='bbox 76 2831 97 2846; x_wconf 79' lang='grc'><strong>⁸“</strong></span> <span class='ocrx_word' id='word_1_646' title='bbox 113 2831 172 2866; x_wconf 70' lang='lat' dir='ltr'><strong>Reg.</strong></span> <span class='ocrx_word' id='word_1_647' title='bbox 194 2832 239 2858; x_wconf 73' lang='grc' dir='ltr'><strong>καὶ</strong></span> <span class='ocrx_word' id='word_1_648' title='bbox 255 2835 286 2859; x_wconf 85' lang='grc' dir='ltr'><strong>κ’.</strong></span> <span class='ocrx_word' id='word_1_649' title='bbox 325 2833 347 2848; x_wconf 80' lang='grc'><strong><em>⁸⁸</em></strong></span> <span class='ocrx_word' id='word_1_650' title='bbox 359 2842 401 2867; x_wconf 72' lang='grc' dir='ltr'>γρ,</span> <span class='ocrx_word' id='word_1_651' title='bbox 421 2837 455 2866; x_wconf 85' lang='grc' dir='ltr'>α’,</span> <span class='ocrx_word' id='word_1_652' title='bbox 471 2832 495 2860; x_wconf 83' lang='grc' dir='ltr'><strong>ι’.</strong></span> 
     </span>
    </p>
   </div>
   <div class='ocr_carea' id='block_1_90' title="bbox 896 1564 1673 1600">
    <p class='ocr_par' dir='ltr' id='par_1_90' title="bbox 896 1564 1673 1600">
     <span class='ocr_line' id='line_1_90' title="bbox 896 1564 1673 1600; baseline 0.003 -10"><span class='ocrx_word' id='word_1_653' title='bbox 896 1564 956 1598; x_wconf 83' lang='lat' dir='ltr'><strong>pico</strong></span> <span class='ocrx_word' id='word_1_654' title='bbox 967 1565 1071 1596; x_wconf 75' lang='lat' dir='ltr'><strong>aestivo,</strong></span> <span class='ocrx_word' id='word_1_655' title='bbox 1089 1567 1145 1590; x_wconf 93' lang='lat' dir='ltr'><strong>tum</strong></span> <span class='ocrx_word' id='word_1_656' title='bbox 1163 1571 1196 1591; x_wconf 81' lang='lat' dir='ltr'><strong>ex</strong></span> <span class='ocrx_word' id='word_1_657' title='bbox 1211 1564 1245 1591; x_wconf 83' lang='lat' dir='ltr'><strong>iis</strong></span> <span class='ocrx_word' id='word_1_658' title='bbox 1259 1571 1319 1598; x_wconf 63' lang='lat' dir='ltr'><strong>qua:</strong></span> <span class='ocrx_word' id='word_1_659' title='bbox 1332 1564 1365 1590; x_wconf 84' lang='lat' dir='ltr'><strong>ad</strong></span> <span class='ocrx_word' id='word_1_660' title='bbox 1381 1564 1493 1597; x_wconf 79' lang='lat' dir='ltr'><strong>femora,</strong></span> <span class='ocrx_word' id='word_1_661' title='bbox 1510 1573 1624 1600; x_wconf 62' lang='lat' dir='ltr'><strong>qumque</strong></span> <span class='ocrx_word' id='word_1_662' title='bbox 1645 1565 1673 1592; x_wconf 94' lang='lat' dir='ltr'><strong>in</strong></span> 
     </span>
    </p>
   </div>
   <div class='ocr_carea' id='block_1_91' title="bbox 896 1609 1678 1647">
    <p class='ocr_par' dir='ltr' id='par_1_91' title="bbox 896 1609 1678 1647">
     <span class='ocr_line' id='line_1_91' title="bbox 896 1609 1678 1647; baseline 0.004 -11"><span class='ocrx_word' id='word_1_663' title='bbox 896 1609 995 1637; x_wconf 86' lang='lat' dir='ltr'><strong>Leonis</strong></span> <span class='ocrx_word' id='word_1_664' title='bbox 1010 1610 1136 1637; x_wconf 85' lang='lat' dir='ltr'><strong>cruribus</strong></span> <span class='ocrx_word' id='word_1_665' title='bbox 1153 1614 1216 1637; x_wconf 90' lang='lat' dir='ltr'><strong>sunt</strong></span> <span class='ocrx_word' id='word_1_666' title='bbox 1230 1615 1347 1645; x_wconf 83' lang='lat' dir='ltr'><strong>quatuor</strong></span> <span class='ocrx_word' id='word_1_667' title='bbox 1358 1611 1452 1638; x_wconf 79' lang='lat' dir='ltr'><strong>lucida:</strong></span> <span class='ocrx_word' id='word_1_668' title='bbox 1463 1619 1469 1644; x_wconf 90' lang='lat'><strong>;</strong></span> <span class='ocrx_word' id='word_1_669' title='bbox 1481 1611 1604 1638; x_wconf 77' lang='lat' dir='ltr'><strong>secunda</strong></span> <span class='ocrx_word' id='word_1_670' title='bbox 1617 1612 1678 1647; x_wconf 88' lang='lat' dir='ltr'><strong>qui-</strong></span> 
     </span>
    </p>
   </div>
   <div class='ocr_carea' id='block_1_92' title="bbox 894 1654 1676 1692">
    <p class='ocr_par' dir='ltr' id='par_1_92' title="bbox 894 1654 1676 1692">
     <span class='ocr_line' id='line_1_92' title="bbox 894 1654 1676 1692; baseline 0.005 -11"><span class='ocrx_word' id='word_1_671' title='bbox 894 1654 955 1682; x_wconf 88' lang='lat' dir='ltr'><strong>dem</strong></span> <span class='ocrx_word' id='word_1_672' title='bbox 974 1663 988 1681; x_wconf 89' lang='lat' dir='ltr'><strong>a</strong></span> <span class='ocrx_word' id='word_1_673' title='bbox 1003 1656 1187 1690; x_wconf 81' lang='lat' dir='ltr'><strong>septentrione</strong></span> <span class='ocrx_word' id='word_1_674' title='bbox 1212 1656 1238 1682; x_wconf 96' lang='lat' dir='ltr'><strong>in</strong></span> <span class='ocrx_word' id='word_1_675' title='bbox 1263 1655 1411 1683; x_wconf 85' lang='lat' dir='ltr'><strong>femoribus</strong></span> <span class='ocrx_word' id='word_1_676' title='bbox 1436 1657 1525 1692; x_wconf 85' lang='lat' dir='ltr'><strong>posita</strong></span> <span class='ocrx_word' id='word_1_677' title='bbox 1542 1657 1676 1685; x_wconf 85' lang='lat' dir='ltr'><strong>borealior</strong></span> 
     </span>
    </p>
   </div>
   <div class='ocr_carea' id='block_1_93' title="bbox 893 1701 1674 1737">
    <p class='ocr_par' dir='ltr' id='par_1_93' title="bbox 893 1701 1674 1737">
     <span class='ocr_line' id='line_1_93' title="bbox 893 1701 1674 1737; baseline 0.001 -8"><span class='ocrx_word' id='word_1_678' title='bbox 893 1705 935 1729; x_wconf 86' lang='lat' dir='ltr'><strong>est</strong></span> <span class='ocrx_word' id='word_1_679' title='bbox 949 1701 1069 1736; x_wconf 80' lang='lat' dir='ltr'><strong>tropico;</strong></span> <span class='ocrx_word' id='word_1_680' title='bbox 1083 1702 1162 1729; x_wconf 85' lang='lat' dir='ltr'><strong>tertia</strong></span> <span class='ocrx_word' id='word_1_681' title='bbox 1174 1709 1248 1733; x_wconf 84' lang='lat' dir='ltr'><strong>vero.</strong></span> <span class='ocrx_word' id='word_1_682' title='bbox 1263 1710 1322 1737; x_wconf 67' lang='lat' dir='ltr'><strong>qua:</strong></span> <span class='ocrx_word' id='word_1_683' title='bbox 1338 1705 1380 1729; x_wconf 87' lang='lat' dir='ltr'><strong>est</strong></span> <span class='ocrx_word' id='word_1_684' title='bbox 1391 1702 1418 1729; x_wconf 91' lang='lat' dir='ltr'><strong>in</strong></span> <span class='ocrx_word' id='word_1_685' title='bbox 1432 1702 1568 1734; x_wconf 84' lang='lat' dir='ltr'><strong>cruribus,</strong></span> <span class='ocrx_word' id='word_1_686' title='bbox 1579 1702 1674 1731; x_wconf 90' lang='lat' dir='ltr'><strong>eodem</strong></span> 
     </span>
    </p>
   </div>
   <div class='ocr_carea' id='block_1_94' title="bbox 893 1746 1675 1781">
    <p class='ocr_par' dir='ltr' id='par_1_94' title="bbox 893 1746 1675 1781">
     <span class='ocr_line' id='line_1_94' title="bbox 893 1746 1675 1781; baseline 0.004 -9"><span class='ocrx_word' id='word_1_687' title='bbox 893 1747 997 1781; x_wconf 85' lang='lat' dir='ltr'><strong>tropico</strong></span> <span class='ocrx_word' id='word_1_688' title='bbox 1008 1752 1049 1774; x_wconf 89' lang='lat' dir='ltr'><strong>est</strong></span> <span class='ocrx_word' id='word_1_689' title='bbox 1062 1747 1217 1774; x_wconf 88' lang='lat' dir='ltr'><strong>australior.</strong></span> <span class='ocrx_word' id='word_1_690' title='bbox 1234 1746 1302 1774; x_wconf 90' lang='lat' dir='ltr'><strong>llinc</strong></span> <span class='ocrx_word' id='word_1_691' title='bbox 1314 1746 1424 1774; x_wconf 85' lang='lat' dir='ltr'><strong>evidens</strong></span> <span class='ocrx_word' id='word_1_692' title='bbox 1438 1751 1480 1774; x_wconf 86' lang='lat' dir='ltr'><strong>est</strong></span> <span class='ocrx_word' id='word_1_693' title='bbox 1494 1746 1611 1775; x_wconf 84' lang='lat' dir='ltr'><strong>Leonem</strong></span> <span class='ocrx_word' id='word_1_694' title='bbox 1631 1755 1675 1775; x_wconf 86' lang='lat' dir='ltr'><strong>se-</strong></span> 
     </span>
    </p>
   </div>
   <div class='ocr_carea' id='block_1_95' title="bbox 892 1792 1672 1828">
    <p class='ocr_par' dir='ltr' id='par_1_95' title="bbox 892 1792 1672 1828">
     <span class='ocr_line' id='line_1_95' title="bbox 892 1792 1672 1828; baseline 0.003 -10"><span class='ocrx_word' id='word_1_695' title='bbox 892 1792 1010 1819; x_wconf 88' lang='lat' dir='ltr'><strong>cundum</strong></span> <span class='ocrx_word' id='word_1_696' title='bbox 1024 1793 1218 1827; x_wconf 78' lang='lat' dir='ltr'><strong>longitudinem</strong></span> <span class='ocrx_word' id='word_1_697' title='bbox 1237 1793 1271 1820; x_wconf 86' lang='lat' dir='ltr'><strong>ab</strong></span> <span class='ocrx_word' id='word_1_698' title='bbox 1286 1793 1332 1820; x_wconf 92' lang='lat' dir='ltr'><strong>illo</strong></span> <span class='ocrx_word' id='word_1_699' title='bbox 1348 1793 1452 1820; x_wconf 85' lang='lat' dir='ltr'><strong>circulo</strong></span> <span class='ocrx_word' id='word_1_700' title='bbox 1469 1793 1521 1820; x_wconf 87' lang='lat' dir='ltr'><strong>sub</strong></span> <span class='ocrx_word' id='word_1_701' title='bbox 1546 1797 1672 1828; x_wconf 78' lang='lat' dir='ltr'><strong>pectore.</strong></span> 
     </span>
    </p>
   </div>
   <div class='ocr_carea' id='block_1_96' title="bbox 892 1839 1673 1874">
    <p class='ocr_par' dir='ltr' id='par_1_96' title="bbox 892 1839 1673 1874">
     <span class='ocr_line' id='line_1_96' title="bbox 892 1839 1673 1874; baseline 0 -8"><span class='ocrx_word' id='word_1_702' title='bbox 892 1839 1028 1874; x_wconf 88' lang='lat' dir='ltr'><strong>ilibusque</strong></span> <span class='ocrx_word' id='word_1_703' title='bbox 1045 1839 1137 1867; x_wconf 81' lang='lat' dir='ltr'><strong>dividi.</strong></span> <span class='ocrx_word' id='word_1_704' title='bbox 1167 1840 1299 1867; x_wconf 72' lang='lat' dir='ltr'><strong>Caeterum</strong></span> <span class='ocrx_word' id='word_1_705' title='bbox 1326 1840 1359 1867; x_wconf 90' lang='lat' dir='ltr'><strong>de</strong></span> <span class='ocrx_word' id='word_1_706' title='bbox 1383 1844 1501 1874; x_wconf 88' lang='lat' dir='ltr'><strong>quatuor</strong></span> <span class='ocrx_word' id='word_1_707' title='bbox 1526 1840 1560 1867; x_wconf 86' lang='lat' dir='ltr'><strong>iis</strong></span> <span class='ocrx_word' id='word_1_708' title='bbox 1587 1839 1673 1867; x_wconf 87' lang='lat' dir='ltr'><strong>stellis</strong></span> 
     </span>
    </p>
   </div>
   <div class='ocr_carea' id='block_1_97' title="bbox 891 1885 1672 1920">
    <p class='ocr_par' dir='ltr' id='par_1_97' title="bbox 891 1885 1672 1920">
     <span class='ocr_line' id='line_1_97' title="bbox 891 1885 1672 1920; baseline 0.003 -10"><span class='ocrx_word' id='word_1_709' title='bbox 891 1892 951 1920; x_wconf 66' lang='lat' dir='ltr'><strong>qua:</strong></span> <span class='ocrx_word' id='word_1_710' title='bbox 969 1889 1033 1912; x_wconf 91' lang='lat' dir='ltr'><strong>sunt</strong></span> <span class='ocrx_word' id='word_1_711' title='bbox 1046 1885 1073 1912; x_wconf 95' lang='lat' dir='ltr'><strong>in</strong></span> <span class='ocrx_word' id='word_1_712' title='bbox 1087 1885 1194 1912; x_wconf 85' lang='lat' dir='ltr'><strong>Cancro</strong></span> <span class='ocrx_word' id='word_1_713' title='bbox 1216 1885 1288 1913; x_wconf 78' lang='lat' dir='ltr'><strong>circa</strong></span> <span class='ocrx_word' id='word_1_714' title='bbox 1303 1885 1464 1913; x_wconf 86' lang='lat' dir='ltr'><strong>nubeculam</strong></span> <span class='ocrx_word' id='word_1_715' title='bbox 1476 1906 1484 1917; x_wconf 88' lang='lat'><strong>,</strong></span> <span class='ocrx_word' id='word_1_716' title='bbox 1501 1885 1553 1912; x_wconf 84' lang='lat' dir='ltr'><strong>alia</strong></span> <span class='ocrx_word' id='word_1_717' title='bbox 1569 1888 1610 1912; x_wconf 81' lang='lat' dir='ltr'><strong>est</strong></span> <span class='ocrx_word' id='word_1_718' title='bbox 1623 1892 1672 1912; x_wconf 77' lang='lat' dir='ltr'><strong>au-</strong></span> 
     </span>
    </p>
   </div>
   <div class='ocr_carea' id='block_1_98' title="bbox 891 1930 1672 1966">
    <p class='ocr_par' dir='ltr' id='par_1_98' title="bbox 891 1930 1672 1966">
     <span class='ocr_line' id='line_1_98' title="bbox 891 1930 1672 1966; baseline 0 -9"><span class='ocrx_word' id='word_1_719' title='bbox 891 1930 1001 1958; x_wconf 84' lang='lat' dir='ltr'><strong>stralior</strong></span> <span class='ocrx_word' id='word_1_720' title='bbox 1030 1930 1135 1965; x_wconf 90' lang='lat' dir='ltr'><strong>tropico</strong></span> <span class='ocrx_word' id='word_1_721' title='bbox 1155 1938 1209 1957; x_wconf 91' lang='lat' dir='ltr'><strong>non</strong></span> <span class='ocrx_word' id='word_1_722' title='bbox 1229 1931 1319 1958; x_wconf 85' lang='lat' dir='ltr'><strong>minus</strong></span> <span class='ocrx_word' id='word_1_723' title='bbox 1339 1935 1415 1965; x_wconf 88' lang='lat' dir='ltr'><strong>parte</strong></span> <span class='ocrx_word' id='word_1_724' title='bbox 1432 1931 1466 1964; x_wconf 75' lang='lat' dir='ltr'><strong>t;</strong></span> <span class='ocrx_word' id='word_1_725' title='bbox 1497 1938 1558 1966; x_wconf 67' lang='lat' dir='ltr'><strong>quae</strong></span> <span class='ocrx_word' id='word_1_726' title='bbox 1582 1934 1672 1958; x_wconf 87' lang='lat' dir='ltr'><strong>autem</strong></span> 
     </span>
    </p>
   </div>
   <div class='ocr_carea' id='block_1_99' title="bbox 890 1976 1672 2012">
    <p class='ocr_par' dir='ltr' id='par_1_99' title="bbox 890 1976 1672 2012">
     <span class='ocr_line' id='line_1_99' title="bbox 890 1976 1672 2012; baseline 0 -9"><span class='ocrx_word' id='word_1_727' title='bbox 890 1977 1027 2004; x_wconf 86' lang='lat' dir='ltr'><strong>borealior</strong></span> <span class='ocrx_word' id='word_1_728' title='bbox 1041 1981 1082 2004; x_wconf 86' lang='lat' dir='ltr'><strong>est</strong></span> <span class='ocrx_word' id='word_1_729' title='bbox 1097 1977 1270 2008; x_wconf 86' lang='lat' dir='ltr'><strong>earumdem,</strong></span> <span class='ocrx_word' id='word_1_730' title='bbox 1296 1977 1401 2012; x_wconf 89' lang='lat' dir='ltr'><strong>tropico</strong></span> <span class='ocrx_word' id='word_1_731' title='bbox 1416 1977 1519 2004; x_wconf 86' lang='lat' dir='ltr'><strong>circulo</strong></span> <span class='ocrx_word' id='word_1_732' title='bbox 1536 1976 1672 2004; x_wconf 83' lang='lat' dir='ltr'><strong>borealior</strong></span> 
     </span>
    </p>
   </div>
   <div class='ocr_carea' id='block_1_100' title="bbox 890 2020 1671 2056">
    <p class='ocr_par' dir='ltr' id='par_1_100' title="bbox 890 2020 1671 2056">
     <span class='ocr_line' id='line_1_100' title="bbox 890 2020 1671 2056; baseline 0.003 -9"><span class='ocrx_word' id='word_1_733' title='bbox 890 2023 931 2047; x_wconf 88' lang='lat' dir='ltr'><strong>est</strong></span> <span class='ocrx_word' id='word_1_734' title='bbox 950 2020 1040 2047; x_wconf 91' lang='lat' dir='ltr'><strong>minus</strong></span> <span class='ocrx_word' id='word_1_735' title='bbox 1054 2024 1129 2054; x_wconf 82' lang='lat' dir='ltr'><strong>parte</strong></span> <span class='ocrx_word' id='word_1_736' title='bbox 1143 2020 1154 2046; x_wconf 84' lang='grc'><strong>1</strong></span> <span class='ocrx_word' id='word_1_737' title='bbox 1171 2029 1178 2054; x_wconf 87' lang='grc'><strong>;</strong></span> <span class='ocrx_word' id='word_1_738' title='bbox 1195 2021 1335 2048; x_wconf 85' lang='lat' dir='ltr'><strong>ambarum</strong></span> <span class='ocrx_word' id='word_1_739' title='bbox 1350 2028 1425 2052; x_wconf 79' lang='lat' dir='ltr'><strong>vero,</strong></span> <span class='ocrx_word' id='word_1_740' title='bbox 1441 2028 1502 2056; x_wconf 64' lang='lat' dir='ltr'><strong>quae</strong></span> <span class='ocrx_word' id='word_1_741' title='bbox 1517 2021 1552 2049; x_wconf 89' lang='lat' dir='ltr'><strong>ab</strong></span> <span class='ocrx_word' id='word_1_742' title='bbox 1565 2021 1671 2049; x_wconf 87' lang='lat' dir='ltr'><strong>oriente</strong></span> 
     </span>
    </p>
   </div>
   <div class='ocr_carea' id='block_1_101' title="bbox 888 2066 1670 2103">
    <p class='ocr_par' dir='ltr' id='par_1_101' title="bbox 888 2066 1670 2103">
     <span class='ocr_line' id='line_1_101' title="bbox 888 2066 1670 2103; baseline 0.004 -11"><span class='ocrx_word' id='word_1_743' title='bbox 888 2066 962 2093; x_wconf 82' lang='lat' dir='ltr'><strong>circa</strong></span> <span class='ocrx_word' id='word_1_744' title='bbox 979 2066 1140 2093; x_wconf 85' lang='lat' dir='ltr'><strong>nubeculam</strong></span> <span class='ocrx_word' id='word_1_745' title='bbox 1161 2066 1219 2094; x_wconf 70' lang='lat' dir='ltr'><strong>sitae</strong></span> <span class='ocrx_word' id='word_1_746' title='bbox 1236 2071 1310 2098; x_wconf 82' lang='lat' dir='ltr'><strong>sunt,</strong></span> <span class='ocrx_word' id='word_1_747' title='bbox 1324 2067 1470 2094; x_wconf 84' lang='lat' dir='ltr'><strong>australior</strong></span> <span class='ocrx_word' id='word_1_748' title='bbox 1489 2067 1516 2094; x_wconf 92' lang='lat' dir='ltr'><strong>in</strong></span> <span class='ocrx_word' id='word_1_749' title='bbox 1538 2067 1596 2102; x_wconf 89' lang='lat' dir='ltr'><strong>ipso</strong></span> <span class='ocrx_word' id='word_1_750' title='bbox 1607 2075 1670 2103; x_wconf 88' lang='lat' dir='ltr'><strong>pro-</strong></span> 
     </span>
    </p>
   </div>
   <div class='ocr_carea' id='block_1_102' title="bbox 889 2111 1670 2147">
    <p class='ocr_par' dir='ltr' id='par_1_102' title="bbox 889 2111 1670 2147">
     <span class='ocr_line' id='line_1_102' title="bbox 889 2111 1670 2147; baseline 0.004 -8"><span class='ocrx_word' id='word_1_751' title='bbox 889 2120 921 2147; x_wconf 85' lang='lat' dir='ltr'><strong>pe</strong></span> <span class='ocrx_word' id='word_1_752' title='bbox 931 2111 1038 2147; x_wconf 86' lang='lat' dir='ltr'><strong>tropico</strong></span> <span class='ocrx_word' id='word_1_753' title='bbox 1052 2112 1184 2140; x_wconf 86' lang='lat' dir='ltr'><strong>collocata</strong></span> <span class='ocrx_word' id='word_1_754' title='bbox 1196 2116 1254 2145; x_wconf 90' lang='lat' dir='ltr'><strong>est;</strong></span> <span class='ocrx_word' id='word_1_755' title='bbox 1268 2112 1403 2141; x_wconf 86' lang='lat' dir='ltr'><strong>borealior</strong></span> <span class='ocrx_word' id='word_1_756' title='bbox 1418 2116 1519 2145; x_wconf 87' lang='lat' dir='ltr'><strong>autem,</strong></span> <span class='ocrx_word' id='word_1_757' title='bbox 1537 2117 1564 2140; x_wconf 89' lang='lat' dir='ltr'><strong>ct</strong></span> <span class='ocrx_word' id='word_1_758' title='bbox 1578 2113 1613 2140; x_wconf 84' lang='lat' dir='ltr'><strong>ad</strong></span> <span class='ocrx_word' id='word_1_759' title='bbox 1627 2122 1670 2142; x_wconf 84' lang='lat' dir='ltr'><strong>se-</strong></span> 
     </span>
    </p>
   </div>
   <div class='ocr_carea' id='block_1_103' title="bbox 888 2158 1668 2194">
    <p class='ocr_par' dir='ltr' id='par_1_103' title="bbox 888 2158 1668 2194">
     <span class='ocr_line' id='line_1_103' title="bbox 888 2158 1668 2194; baseline 0.004 -10"><span class='ocrx_word' id='word_1_760' title='bbox 888 2158 1054 2192; x_wconf 90' lang='lat' dir='ltr'><strong>ptentriones</strong></span> <span class='ocrx_word' id='word_1_761' title='bbox 1075 2165 1189 2193; x_wconf 76' lang='lat' dir='ltr'><strong>vergens</strong></span> <span class='ocrx_word' id='word_1_762' title='bbox 1203 2158 1280 2185; x_wconf 79' lang='lat' dir='ltr'><strong>abest</strong></span> <span class='ocrx_word' id='word_1_763' title='bbox 1304 2158 1338 2186; x_wconf 84' lang='lat' dir='ltr'><strong>ab</strong></span> <span class='ocrx_word' id='word_1_764' title='bbox 1351 2158 1445 2186; x_wconf 87' lang='lat' dir='ltr'><strong>eodem</strong></span> <span class='ocrx_word' id='word_1_765' title='bbox 1472 2159 1597 2194; x_wconf 84' lang='lat' dir='ltr'><strong>partibus</strong></span> <span class='ocrx_word' id='word_1_766' title='bbox 1611 2158 1668 2187; x_wconf 77' lang='lat' dir='ltr'><strong>fere</strong></span> 
     </span>
    </p>
   </div>
   <div class='ocr_carea' id='block_1_104' title="bbox 887 2203 1667 2241">
    <p class='ocr_par' dir='ltr' id='par_1_104' title="bbox 887 2203 1667 2241">
     <span class='ocr_line' id='line_1_104' title="bbox 887 2203 1667 2241; baseline 0.004 -11"><span class='ocrx_word' id='word_1_767' title='bbox 887 2203 905 2230; x_wconf 68' lang='lat'><strong>2</strong></span> <span class='ocrx_word' id='word_1_768' title='bbox 918 2203 979 2239; x_wconf 64' lang='lat'><strong>1/2.</strong></span> <span class='ocrx_word' id='word_1_769' title='bbox 996 2203 1092 2239; x_wconf 84' lang='lat' dir='ltr'><strong>Liquet</strong></span> <span class='ocrx_word' id='word_1_770' title='bbox 1108 2211 1172 2239; x_wconf 77' lang='lat' dir='ltr'><strong>ergo</strong></span> <span class='ocrx_word' id='word_1_771' title='bbox 1183 2204 1283 2239; x_wconf 72' lang='lat' dir='ltr'><strong>quaade</strong></span> <span class='ocrx_word' id='word_1_772' title='bbox 1296 2204 1402 2231; x_wconf 87' lang='lat' dir='ltr'><strong>Cancro</strong></span> <span class='ocrx_word' id='word_1_773' title='bbox 1422 2212 1437 2231; x_wconf 87' lang='lat' dir='ltr'><strong>a</strong></span> <span class='ocrx_word' id='word_1_774' title='bbox 1461 2209 1539 2241; x_wconf 86' lang='lat' dir='ltr'><strong>poeta</strong></span> <span class='ocrx_word' id='word_1_775' title='bbox 1561 2205 1667 2240; x_wconf 84' lang='lat' dir='ltr'><strong>prodita</strong></span> 
     </span>
    </p>
   </div>
   <div class='ocr_carea' id='block_1_105' title="bbox 886 2250 1667 2286">
    <p class='ocr_par' dir='ltr' id='par_1_105' title="bbox 886 2250 1667 2286">
     <span class='ocr_line' id='line_1_105' title="bbox 886 2250 1667 2286; baseline 0.004 -10"><span class='ocrx_word' id='word_1_776' title='bbox 886 2254 960 2281; x_wconf 87' lang='lat' dir='ltr'><strong>sunt,</strong></span> <span class='ocrx_word' id='word_1_777' title='bbox 975 2257 1056 2285; x_wconf 87' lang='lat' dir='ltr'><strong>quam</strong></span> <span class='ocrx_word' id='word_1_778' title='bbox 1078 2251 1201 2285; x_wconf 78' lang='lat' dir='ltr'><strong>proxime</strong></span> <span class='ocrx_word' id='word_1_779' title='bbox 1217 2250 1251 2277; x_wconf 86' lang='lat' dir='ltr'><strong>ad</strong></span> <span class='ocrx_word' id='word_1_780' title='bbox 1273 2251 1463 2286; x_wconf 85' lang='lat' dir='ltr'><strong>apparentium</strong></span> <span class='ocrx_word' id='word_1_781' title='bbox 1480 2251 1667 2286; x_wconf 82' lang='lat' dir='ltr'><strong>experimenta</strong></span> 
     </span>
    </p>
   </div>
   <div class='ocr_carea' id='block_1_106' title="bbox 885 2303 1046 2330">
    <p class='ocr_par' dir='ltr' id='par_1_106' title="bbox 885 2303 1046 2330">
     <span class='ocr_line' id='line_1_106' title="bbox 885 2303 1046 2330; baseline 0.012 -9"><span class='ocrx_word' id='word_1_782' title='bbox 885 2303 1046 2330; x_wconf 80' lang='lat' dir='ltr'><strong>congruere.</strong></span> 
     </span>
    </p>
   </div>
   <div class='ocr_carea' id='block_1_107' title="bbox 921 2340 1663 2375">
    <p class='ocr_par' dir='ltr' id='par_1_107' title="bbox 921 2340 1663 2375">
     <span class='ocr_line' id='line_1_107' title="bbox 921 2340 1663 2375; baseline 0.001 -7"><span class='ocrx_word' id='word_1_783' title='bbox 921 2340 966 2368; x_wconf 91' lang='lat' dir='ltr'><strong>Sic</strong></span> <span class='ocrx_word' id='word_1_784' title='bbox 977 2345 1019 2369; x_wconf 87' lang='lat' dir='ltr'><strong>est</strong></span> <span class='ocrx_word' id='word_1_785' title='bbox 1033 2345 1122 2369; x_wconf 83' lang='lat' dir='ltr'><strong>autem</strong></span> <span class='ocrx_word' id='word_1_786' title='bbox 1134 2341 1344 2369; x_wconf 79' lang='lat' dir='ltr'><strong>existimandum</strong></span> <span class='ocrx_word' id='word_1_787' title='bbox 1360 2341 1394 2369; x_wconf 89' lang='lat' dir='ltr'><strong>de</strong></span> <span class='ocrx_word' id='word_1_788' title='bbox 1412 2341 1534 2374; x_wconf 81' lang='lat' dir='ltr'><strong>Cancro,</strong></span> <span class='ocrx_word' id='word_1_789' title='bbox 1556 2342 1663 2375; x_wconf 88' lang='lat' dir='ltr'><strong>Leone,</strong></span> 
     </span>
    </p>
   </div>
   <div class='ocr_carea' id='block_1_108' title="bbox 885 2382 1667 2422">
    <p class='ocr_par' dir='ltr' id='par_1_108' title="bbox 885 2382 1667 2422">
     <span class='ocr_line' id='line_1_108' title="bbox 885 2382 1667 2422; baseline 0.003 -9"><span class='ocrx_word' id='word_1_790' title='bbox 885 2385 1006 2422; x_wconf 82' lang='lat' dir='ltr'><strong>Virgine,</strong></span> <span class='ocrx_word' id='word_1_791' title='bbox 1022 2382 1091 2422; x_wconf 81' lang='lat' dir='ltr'><strong>Equi</strong></span> <span class='ocrx_word' id='word_1_792' title='bbox 1107 2386 1221 2421; x_wconf 79' lang='lat' dir='ltr'><strong>pedibus</strong></span> <span class='ocrx_word' id='word_1_793' title='bbox 1237 2396 1244 2414; x_wconf 86' lang='lat'><strong>:</strong></span> <span class='ocrx_word' id='word_1_794' title='bbox 1260 2394 1366 2414; x_wconf 68' lang='lat' dir='ltr'><strong>necnon</strong></span> <span class='ocrx_word' id='word_1_795' title='bbox 1378 2386 1412 2414; x_wconf 91' lang='lat' dir='ltr'><strong>de</strong></span> <span class='ocrx_word' id='word_1_796' title='bbox 1423 2387 1533 2418; x_wconf 87' lang='lat' dir='ltr'><strong>Perseo.</strong></span> <span class='ocrx_word' id='word_1_797' title='bbox 1550 2387 1667 2422; x_wconf 73' lang='lat' dir='ltr'><strong>genibus</strong></span> 
     </span>
    </p>
   </div>
   <div class='ocr_carea' id='block_1_109' title="bbox 883 2430 1666 2467">
    <p class='ocr_par' dir='ltr' id='par_1_109' title="bbox 883 2430 1666 2467">
     <span class='ocr_line' id='line_1_109' title="bbox 883 2430 1666 2467; baseline 0.004 -10"><span class='ocrx_word' id='word_1_798' title='bbox 883 2430 1025 2462; x_wconf 81' lang='lat' dir='ltr'><strong>Heniochi,</strong></span> <span class='ocrx_word' id='word_1_799' title='bbox 1047 2430 1223 2459; x_wconf 88' lang='lat' dir='ltr'><strong>Geminorum</strong></span> <span class='ocrx_word' id='word_1_800' title='bbox 1243 2431 1394 2466; x_wconf 86' lang='lat' dir='ltr'><strong>capitibus,</strong></span> <span class='ocrx_word' id='word_1_801' title='bbox 1423 2433 1500 2467; x_wconf 86' lang='lat' dir='ltr'><strong>prius</strong></span> <span class='ocrx_word' id='word_1_802' title='bbox 1522 2431 1666 2460; x_wconf 85' lang='lat' dir='ltr'><strong>Eudoxum</strong></span> 
     </span>
    </p>
   </div>
   <div class='ocr_carea' id='block_1_110' title="bbox 882 2475 1664 2513">
    <p class='ocr_par' dir='ltr' id='par_1_110' title="bbox 882 2475 1664 2513">
     <span class='ocr_line' id='line_1_110' title="bbox 882 2475 1664 2513; baseline 0.004 -11"><span class='ocrx_word' id='word_1_803' title='bbox 882 2475 965 2503; x_wconf 88' lang='lat' dir='ltr'><strong>Arato</strong></span> <span class='ocrx_word' id='word_1_804' title='bbox 987 2477 1131 2511; x_wconf 84' lang='lat' dir='ltr'><strong>scripsisse</strong></span> <span class='ocrx_word' id='word_1_805' title='bbox 1146 2486 1153 2505; x_wconf 87' lang='lat'><strong>:</strong></span> <span class='ocrx_word' id='word_1_806' title='bbox 1171 2477 1239 2504; x_wconf 83' lang='lat' dir='ltr'><strong>adeo</strong></span> <span class='ocrx_word' id='word_1_807' title='bbox 1255 2482 1283 2504; x_wconf 89' lang='lat' dir='ltr'><strong>ut</strong></span> <span class='ocrx_word' id='word_1_808' title='bbox 1306 2477 1350 2505; x_wconf 90' lang='lat' dir='ltr'><strong>hic</strong></span> <span class='ocrx_word' id='word_1_809' title='bbox 1366 2478 1440 2505; x_wconf 92' lang='lat' dir='ltr'><strong>illum</strong></span> <span class='ocrx_word' id='word_1_810' title='bbox 1455 2498 1462 2510; x_wconf 87' lang='lat'><strong><em>,</em></strong></span> <span class='ocrx_word' id='word_1_811' title='bbox 1480 2486 1538 2506; x_wconf 90' lang='lat' dir='ltr'><strong>mea</strong></span> <span class='ocrx_word' id='word_1_812' title='bbox 1552 2478 1664 2513; x_wconf 88' lang='lat' dir='ltr'><strong>quidem</strong></span> 
     </span>
    </p>
   </div>
   <div class='ocr_carea' id='block_1_111' title="bbox 882 2522 1664 2559">
    <p class='ocr_par' dir='ltr' id='par_1_111' title="bbox 882 2522 1664 2559">
     <span class='ocr_line' id='line_1_111' title="bbox 882 2522 1664 2559; baseline 0.003 -11"><span class='ocrx_word' id='word_1_813' title='bbox 882 2522 1026 2554; x_wconf 82' lang='lat' dir='ltr'><strong>sententia,</strong></span> <span class='ocrx_word' id='word_1_814' title='bbox 1045 2522 1081 2550; x_wconf 89' lang='lat' dir='ltr'><strong>sit</strong></span> <span class='ocrx_word' id='word_1_815' title='bbox 1096 2528 1216 2550; x_wconf 91' lang='lat' dir='ltr'><strong>secutus.</strong></span> <span class='ocrx_word' id='word_1_816' title='bbox 1233 2522 1332 2551; x_wconf 82' lang='lat' dir='ltr'><strong>Verum</strong></span> <span class='ocrx_word' id='word_1_817' title='bbox 1348 2523 1480 2559; x_wconf 89' lang='lat' dir='ltr'><strong>Ophiuchi</strong></span> <span class='ocrx_word' id='word_1_818' title='bbox 1496 2528 1587 2559; x_wconf 81' lang='lat' dir='ltr'><strong>caput,</strong></span> <span class='ocrx_word' id='word_1_819' title='bbox 1607 2531 1664 2554; x_wconf 61' lang='lat' dir='ltr'><strong>non</strong></span> 
     </span>
    </p>
   </div>
   <div class='ocr_carea' id='block_1_112' title="bbox 881 2566 1658 2602">
    <p class='ocr_par' dir='ltr' id='par_1_112' title="bbox 881 2566 1658 2602">
     <span class='ocr_line' id='line_1_112' title="bbox 881 2566 1658 2602; baseline 0.004 -10"><span class='ocrx_word' id='word_1_820' title='bbox 881 2566 1009 2594; x_wconf 78' lang='lat' dir='ltr'><strong>humeros</strong></span> <span class='ocrx_word' id='word_1_821' title='bbox 1037 2567 1064 2594; x_wconf 93' lang='lat' dir='ltr'><strong>in</strong></span> <span class='ocrx_word' id='word_1_822' title='bbox 1086 2569 1189 2602; x_wconf 86' lang='lat' dir='ltr'><strong>tropico</strong></span> <span class='ocrx_word' id='word_1_823' title='bbox 1213 2576 1274 2597; x_wconf 88' lang='lat' dir='ltr'><strong>esse</strong></span> <span class='ocrx_word' id='word_1_824' title='bbox 1300 2570 1367 2598; x_wconf 87' lang='lat' dir='ltr'><strong>sitos</strong></span> <span class='ocrx_word' id='word_1_825' title='bbox 1382 2569 1510 2597; x_wconf 82' lang='lat' dir='ltr'><strong>Eudoxus</strong></span> <span class='ocrx_word' id='word_1_826' title='bbox 1542 2569 1658 2596; x_wconf 78' lang='lat' dir='ltr'><strong>asserit:</strong></span> 
     </span>
    </p>
   </div>
   <div class='ocr_carea' id='block_1_113' title="bbox 879 2613 1658 2650">
    <p class='ocr_par' dir='ltr' id='par_1_113' title="bbox 879 2613 1658 2650">
     <span class='ocr_line' id='line_1_113' title="bbox 879 2613 1658 2650; baseline 0.001 -11"><span class='ocrx_word' id='word_1_827' title='bbox 879 2613 950 2647; x_wconf 89' lang='lat' dir='ltr'><strong>quod</strong></span> <span class='ocrx_word' id='word_1_828' title='bbox 966 2617 992 2640; x_wconf 87' lang='lat' dir='ltr'><strong>et</strong></span> <span class='ocrx_word' id='word_1_829' title='bbox 1007 2614 1096 2648; x_wconf 89' lang='lat' dir='ltr'><strong>ipsum</strong></span> <span class='ocrx_word' id='word_1_830' title='bbox 1111 2618 1152 2642; x_wconf 88' lang='lat' dir='ltr'><strong>est</strong></span> <span class='ocrx_word' id='word_1_831' title='bbox 1169 2614 1277 2650; x_wconf 88' lang='lat' dir='ltr'><strong>quidem</strong></span> <span class='ocrx_word' id='word_1_832' title='bbox 1303 2615 1417 2648; x_wconf 84' lang='lat' dir='ltr'><strong>falsum;</strong></span> <span class='ocrx_word' id='word_1_833' title='bbox 1435 2615 1482 2642; x_wconf 89' lang='lat' dir='ltr'><strong>sed</strong></span> <span class='ocrx_word' id='word_1_834' title='bbox 1498 2619 1586 2642; x_wconf 87' lang='lat' dir='ltr'><strong>tamen</strong></span> <span class='ocrx_word' id='word_1_835' title='bbox 1603 2618 1658 2641; x_wconf 65' lang='grc' dir='ltr'>ιτορ</span> 
     </span>
    </p>
   </div>
   <div class='ocr_carea' id='block_1_114' title="bbox 878 2659 1660 2697">
    <p class='ocr_par' dir='ltr' id='par_1_114' title="bbox 878 2659 1660 2697">
     <span class='ocr_line' id='line_1_114' title="bbox 878 2659 1660 2697; baseline 0.004 -12"><span class='ocrx_word' id='word_1_836' title='bbox 878 2659 939 2694; x_wconf 87' lang='lat' dir='ltr'><strong>pico</strong></span> <span class='ocrx_word' id='word_1_837' title='bbox 953 2660 1070 2688; x_wconf 85' lang='lat' dir='ltr'><strong>vicinius</strong></span> <span class='ocrx_word' id='word_1_838' title='bbox 1091 2665 1133 2688; x_wconf 86' lang='lat' dir='ltr'><strong>est</strong></span> <span class='ocrx_word' id='word_1_839' title='bbox 1150 2661 1269 2689; x_wconf 84' lang='lat' dir='ltr'><strong>humeris</strong></span> <span class='ocrx_word' id='word_1_840' title='bbox 1284 2666 1375 2697; x_wconf 84' lang='lat' dir='ltr'><strong>caput.</strong></span> <span class='ocrx_word' id='word_1_841' title='bbox 1405 2661 1452 2689; x_wconf 86' lang='lat' dir='ltr'><strong>Est</strong></span> <span class='ocrx_word' id='word_1_842' title='bbox 1468 2661 1539 2688; x_wconf 88' lang='lat' dir='ltr'><strong>enim</strong></span> <span class='ocrx_word' id='word_1_843' title='bbox 1564 2660 1660 2688; x_wconf 59' lang='lat' dir='ltr'><strong>aestivo</strong></span> 
     </span>
    </p>
   </div>
   <div class='ocr_carea' id='block_1_115' title="bbox 879 2704 1656 2741">
    <p class='ocr_par' dir='ltr' id='par_1_115' title="bbox 879 2704 1656 2741">
     <span class='ocr_line' id='line_1_115' title="bbox 879 2704 1656 2741; baseline 0.004 -12"><span class='ocrx_word' id='word_1_844' title='bbox 879 2704 983 2739; x_wconf 88' lang='lat' dir='ltr'><strong>tropico</strong></span> <span class='ocrx_word' id='word_1_845' title='bbox 1000 2709 1104 2740; x_wconf 79' lang='lat' dir='ltr'><strong>septem</strong></span> <span class='ocrx_word' id='word_1_846' title='bbox 1122 2705 1177 2733; x_wconf 82' lang='lat' dir='ltr'><strong>iere</strong></span> <span class='ocrx_word' id='word_1_847' title='bbox 1193 2707 1317 2741; x_wconf 86' lang='lat' dir='ltr'><strong>partibus</strong></span> <span class='ocrx_word' id='word_1_848' title='bbox 1329 2706 1487 2734; x_wconf 86' lang='lat' dir='ltr'><strong>australius.</strong></span> <span class='ocrx_word' id='word_1_849' title='bbox 1502 2705 1588 2732; x_wconf 83' lang='lat' dir='ltr'><strong>Porro</strong></span> <span class='ocrx_word' id='word_1_850' title='bbox 1602 2704 1656 2741; x_wconf 84' lang='lat' dir='ltr'><strong>Cy-</strong></span> 
     </span>
    </p>
   </div>
   <div class='ocr_carea' id='block_1_116' title="bbox 879 2743 1656 2786">
    <p class='ocr_par' dir='ltr' id='par_1_116' title="bbox 879 2743 1656 2786">
     <span class='ocr_line' id='line_1_116' title="bbox 879 2743 1656 2786; baseline 0.004 -10"><span class='ocrx_word' id='word_1_851' title='bbox 879 2749 924 2783; x_wconf 71' lang='lat' dir='ltr'><strong>gni</strong></span> <span class='ocrx_word' id='word_1_852' title='bbox 946 2750 1096 2784; x_wconf 77' lang='lat' dir='ltr'><strong>collum,ct</strong></span> <span class='ocrx_word' id='word_1_853' title='bbox 1111 2743 1250 2780; x_wconf 82' lang='lat' dir='ltr'><strong>sinistram</strong></span> <span class='ocrx_word' id='word_1_854' title='bbox 1276 2752 1345 2779; x_wconf 86' lang='lat' dir='ltr'><strong>alam</strong></span> <span class='ocrx_word' id='word_1_855' title='bbox 1373 2752 1399 2779; x_wconf 91' lang='lat' dir='ltr'><strong>in</strong></span> <span class='ocrx_word' id='word_1_856' title='bbox 1424 2750 1528 2786; x_wconf 85' lang='lat' dir='ltr'><strong>tropico</strong></span> <span class='ocrx_word' id='word_1_857' title='bbox 1553 2750 1656 2779; x_wconf 57' lang='lat' dir='ltr'><strong>cii-cule</strong></span> 
     </span>
    </p>
   </div>
  </div>
