1923 3137
73 176 147 205 I051

571 176 752 205 HIPPABCHI
771 177 816 204 AD
836 177 1058 206 PUIENOMENA
1079 178 1142 206 LIB.
1163 179 1183 205 l.

1618 180 1628 206 Ι
1635 180 1685 208 058

109 233 268 267 Συνεγγίζει
283 233 311 259 δὲ
325 232 371 259 καὶ
385 232 470 259 ταῦτα
481 234 512 268 τῇ
522 233 644 269 ἀληοείᾳ.
660 234 689 261 Ὀ
697 235 726 261 δὲ
743 234 846 268 Εὔδοξοι

941 236 1005 269 Qum
1016 240 1079 262 sunt
1090 235 1195 262 veritati
1214 235 1345 270 proxima.
1360 234 1488 263 Eudoxus
1501 240 1589 264 autem
1600 257 1606 269 ,
1621 246 1682 264 cum

68 280 108 307 τὰ
123 280 173 315 μὲν
188 279 254 307 ἄλλα
275 279 373 314 ὁμοίως
388 280 480 315 εἴρηκε
491 288 497 294 ·
515 279 569 306 τῶν
584 279 611 306 δὲ
627 279 723 315 Χηλῶν
738 281 771 307 τὰ
785 281 855 316 μέσα

70 325 159 361 φησιν
174 326 220 352 ἐπὶ
229 325 275 352 τοῦ
291 325 447 361 ἰσημερινοῦ
460 324 576 356 κεῖσθαι,
590 326 636 352 τοῦ
649 335 678 353 τε
699 327 790 353 Ἀετοῦ
806 327 855 363 τὴν

69 369 222 407 ἀριστερὰν
235 370 366 406 πτέρυγα,
377 369 466 396 τοῦ”ὃὲ
477 369 574 397 Ἵππου
587 371 633 397 καὶ
644 371 692 406 τὴν
701 371 796 406 ὀσφὺν.
809 372 855 398 καὶ

68 418 114 445 ετι
130 417 186 444 τῶν
205 417 312 452 ’ἰχθύων
331 416 376 443 τὸν
405 416 569 452 βορειότερον
591 417 689 444 αὐτῶν.
710 417 777 444 Οὔτε
796 417 824 443 δὲ
840 418 854 443 ὁ

76 463 172 495 Ἀετὸς
183 462 320 489 ἐπιϐάλλει
333 462 372 498 τῷ
387 463 544 498 ἰσημερινῷ.
563 463 577 489 ὃ
590 471 619 490 τε
634 464 679 490 ἐπὶ
693 464 741 499 τῆς
756 464 854 498 ὀσφύος

67 509 120 536 τοῦ
137 509 235 535 Ἵππου
251 508 415 543 βορειότερός
431 510 488 534 ἐστι
501 508 547 535 τοῦ
564 508 719 544 ἰσημερινοῢ
731 509 821 536 πλεῖον
836 509 853 545 ἢ

70 555 129 590 μοι.
152 558 175 589 γ⁴
194 553 241 581 S"'
259 554 273 580 ὅ
296 562 327 588 γε
351 554 404 589 μὴν
427 553 591 590 βορειότε¹ρος
610 554 664 581 τῶν
685 554 792 590 Ἰχθύων
808 554 853 590 βο-

69 600 210 636 ρειότερός
225 601 282 626 ἐστι
301 599 348 626 τοῦ
367 599 524 635 ἰσημερινοῦ
539 599 650 633 ἔγγιστα
669 600 722 635 μοι.
736 603 760 626 ι’.
778 600 806 627 '0
823 600 852 627 δὲ

69 646 205 678 ’Δτταλος
224 646 287 681 περὶ
299 646 353 672 τῶν
367 646 396 672 ὲν
413 647 469 677 τοῖς
483 645 636 681 εἰρημένοις
652 646 760 677 κύκλοις
774 647 853 673 ἀστέ-

69 702 128 728 ρων
135 693 180 719 τὸν
190 693 238 728 μὲν
245 692 314 719 κατὰ
323 691 401 727 μέρος
409 691 487 725 λόγον
495 691 682 727 παραπέμπει*
690 691 745 727 (68)
751 693 851 728 γράφει

66 739 98 765 δὲ
111 738 214 766 ταῦτα·
230 747 238 763 ι
259 739 303 764 Ἐν
317 735 358 769 οἷς
378 737 406 764 δὲ
429 737 555 772 διασαφεῖ
572 737 614 763 διὰ
634 738 714 764 τίνων
731 738 850 773 ἀστέρων

66 785 186 816 ἕκαστος
199 783 252 811 τῶν
265 787 288 818 γ’
304 783 482 819 παραλλήλων
502 783 588 818 διήκει
604 782 626 808 δ’
643 783 658 809 ὃ
672 783 850 818 παραπέμπει

65 830 232 866 ὁλοσχερῶς,
245 831 274 857 οὐ
293 829 446 864 δυναμένων
461 828 614 864 διέρχεσθαι
630 827 683 855 τῶν
698 828 804 855 κύκλων
816 828 849 855 δι’

66 875 107 905 ὧν
124 886 206 913 φησιν
220 877 339 912 ἀστέρων
356 876 452 908 αὐτοὺς
465 875 578 911 διήκειν,
589 874 633 902 διὰ
644 875 674 901 τὸ
686 875 850 910 παρηκολου-

66 907 185 958 θηκέναι
207 931 247 954 σε,
266 907 310 948 διὰ
330 922 379 957 τῆς
401 907 528 956 διόπτρας
551 907 849 955 ἐπεσκεμμένον-αὑτὰ,
865 907 886 935 Β

66 969 183 1004 παρῆκα
201 968 247 995 νῦν
261 968 410 1002 διασαφεῖν.
427 977 435 992 ι
454 966 564 1002 Πρῶτον
587 966 636 1001 μὲν
656 963 703 992 οὖν
728 965 781 992 ἔδει
803 965 850 992 καὶ

65 1015 123 1042 τῶν
135 1014 234 1042 λοιπῶν
252 1015 330 1050 χάριν
345 1013 399 1040 τῶν
421 1012 653 1048 φιλομαθούντων,
677 1011 754 1046 εἴπερ
778 1019 849 1047 παρ-

64 1062 220 1099 nmio-5051,
236 1060 369 1093 ὑποδεῖξαι
385 1059 453 1091 τίνες
472 1067 501 1085 τε
523 1058 610 1085 αὐτῶν
632 1057 783 1092 νοτιώτεροι
803 1057 849 1083 καὶ

66 1108 188 1145 βσρειότε
194 1116 233 1143 ροι
243 1106 380 1141 ἐφαίνοντο
391 1104 437 1131 106
445 1103 549 1139 θερινοῦ
561 1102 700 1139 τροπικοῦ,
710 1103 756 1129 καὶ
764 1103 846 1137 πόσῳ·

65 1153 164 1179 ἔπειτα
178 1151 244 1187 πρὸς
261 1151 290 1176 τὸ
313 1149 378 1176 αὐτὸ
402 1149 479 1176 τοῦτο
503 1148 581 1184 μόνον
597 1148 770 1182 κατανοῆσαι,
782 1147 848 1174 διότι

65 1198 98 1224 οὑ
114 1197 241 1233 φέρονται
256 1195 348 1222 κύκλοι
370 1194 413 1221 διὰ
427 1193 480 1220 τῶν
499 1192 649 1229 εἰρημένων
670 1192 847 1228 dﬂigam/mo

64 1243 148 1278 χρεία
175 1242 312 1277 διόπτρας.
336 1239 429 1275 Πολλῷ
452 1238 506 1273 γὰρ
532 1237 585 1264 τῶν
611 1238 659 1272 μὲν
684 1237 848 1272 νοτιωτέρων

65 1287 255 1323 ὑπαρχόντων,
281 1285 334 1312 τῶν
351 1285 379 1311 δὲ
395 1283 579 1319 βορειοτὲρων,
602 1282 714 1308 αὐτόθεν
736 1281 848 1308 ἀναϐλέ-

63 1333 148 1369 ψαντι
166 1332 280 1368 φανερὸν
303 1331 417 1366 γίνεται,
433 1329 497 1356 διότι
512 1330 541 1356 οὺ
556 1329 666 1356 δυνατὸν
679 1328 723 1355 διὰ
738 1327 791 1354 τῶν
802 1327 847 1353 λε-

64 1378 190 1414 γομένων
200 1377 320 1413 ἀστέρων
330 1375 467 1411 γραφῆναι
478 1374 494 1410 ἢ
509 1375 553 1400 τὸν
573 1373 737 1409 ἰσημερινὸν,
750 1372 767 1408 ἢ
777 1381 846 1408 παρ-

63 1423 181 1459 άλληλόν
193 1431 254 1449 τινα
269 1421 369 1448 τούτων
384 1420 492 1447 κύκλον.

99 1470 173 1502 κεῖ.
190 1468 280 1503 Χωρίς
291 1467 318 1493 δὲ
331 1466 384 1493 τῶν
396 1465 546 1502 εἰρημένων
564 1467 587 1499 γ’
598 1463 702 1490 κύκλων
712 1463 726 1489 ὀ
737 1462 847 1495 Εὔδοξος

63 1515 115 1543 καὶ
126 1514 189 1545 τοὺς
205 1513 251 1540 ἐπὶ
264 1512 310 1539 τοῦ
322 1511 450 1548 ἀρκτικοῠ
467 1510 564 1538 κύκλου
579 1509 718 1544 κειμένους
732 1509 847 1543 ἀστέρας

62 1561 211 1595 διασαφεῖ·
229 1559 275 1586 καί
298 1567 380 1594 φησιν
398 1557 440 1584 ἐπ’
455 1556 535 1584 αὐτοῦ
550 1555 654 1583 κεῖσθαι
674 1555 719 1581 τόν
743 1563 771 1581 τε
787 1555 847 1590 ἀρι-

64 1608 162 1644 στερὸν
177 1603 250 1642 ὦμον
264 1605 310 1632 τοῦ
330 1604 554 1641 Ἀρκτοφύλακος,
575 1603 621 1629 καὶ
637 1602 670 1628 τὰ
684 1601 784 1629 ἄνωθεν
798 1600 844 1627 τοῦ

62 1653 214 1688 Στεφάνου,
236 1652 282 1679 καὶ
306 1651 353 1687 τὴν
375 1650 493 1685 κεφαλὴν
518 1648 564 1675 106
584 1648 628 1674 διὰ
650 1647 704 1673 τῶν
722 1647 846 1682 ’Λρκτων

66 1701 191 1735 Ὄφεως·
209 1699 257 1734 τῆς
274 1698 302 1725 δὲ
319 1697 409 1732 Δύρας
425 1696 472 1723 καὶ
489 1695 537 1731 τὴς
551 1694 639 1728 δεξιᾶς
654 1693 786 1729 πτέρυγος
799 1691 846 1719 τοῦ

66 1745 192 1782 Ὄρνιθος
204 1744 238 1771 τὰ
251 1743 351 1771 ἀνωθεν
363 1751 370 1759 ⁸
384 1742 431 1769 106
452 1742 479 1769 δὲ
490 1741 606 1776 Κηφέως
625 1740 655 1766 τὸ
669 1739 764 1775 στῆθος
775 1747 781 1753 '
798 1739 846 1774 τῆς

63 1792 95 1822 δὲ
114 1789 297 1821 Κασσιεπείας
318 1789 352 1816 τὰ
376 1787 485 1816 ἄνωθεν.
509 1785 574 1814 Εἶτα
595 1786 646 1812 ὑπὸ
667 1785 728 1818 τοὺς
744 1787 846 1820 ἐμπρο-

63 1838 159 1869 σθίους
175 1837 256 1868 πόδας
272 1836 322 1871 τῆς
338 1834 457 1870 μεγάλης
473 1833 589 1869 Ἄρκτου
605 1831 652 1858 καὶ
672 1831 718 1858 106
735 1830 846 1861 Λέοντος

63 1883 131 1922 ἄχρι.
147 1882 214 1918 πρὸς
228 1881 272 1908 τὸν
284 1878 358 1916 ὦμον
375 1878 421 1906 106
442 1877 666 1918 Ἀρκτοφύλακος,
682 1874 744 1922 (69)
754 1874 846 1922 νοτιω-

64 1928 144 1964 τερός
158 1930 215 1955 ἐστι
230 1927 277 1954 τοῦ
293 1927 335 1954 ἀεὶ
348 1924 463 1961 φανεροῦ
473 1924 520 1951 τοῦ
537 1925 566 1950 ὲν
578 1924 635 1954 τοῖς
647 1922 709 1957 περὶ
721 1921 770 1956 τὴν
788 1920 846 1947 Ἐλ-

64 1975 134 2002 λάδα
148 1974 250 2006 τόποις,
268 1973 357 2000 πλεῖον
373 1972 389 2008 ἢ
404 1971 458 2006 μοί,
475 1971 505 1997 δ’.
527 1969 593 1996 Ἀπὸ
609 1968 663 2003 γὰρ
677 1967 723 1994 τοῦ
739 1966 844 2002 βορείου

64 2020 149 2047 πόλου
170 2019 266 2054 ἀπέχει
283 2017 337 2053 μοι.
356 2016 405 2052 μδ,
418 2016 439 2042 δ’
454 2015 508 2050 (70)
520 2023 526 2030 ”
540 2015 554 2040 ὸ
567 2014 595 2040 δὲ
608 2014 651 2040 ἀεὶ
667 2012 782 2047 φανερὸς
794 2011 844 2038 κύ-

64 2066 130 2097 κλος
145 2065 240 2100 ἀπέχει
256 2063 310 2099 μοί.
323 2063 369 2095 λζ’.
388 2062 424 2088 Τὸ
433 2061 461 2088 δὲ
475 2060 576 2088 ἄνωθεν
589 2059 636 2086 τοῦ
652 2058 784 2092 Στεφάνου
798 2054 845 2084 καὶ

62 2113 116 2148 τῆς
135 2112 224 2147 Δύρας
244 2109 463 2145 ὸλοσχερὲστερον
480 2107 593 2142 εἴρηται.
617 2106 653 2132 οὐ
676 2104 730 2141 γὰρ
752 2112 846 2138 συνεγ-

64 2158 137 2194 γεζει
147 2158 230 2184 ταῦτα
245 2156 283 2192 τῷ
297 2156 419 2190 ἀειφανεῑ
433 2153 533 2188 κύκλῳ,
548 2153 604 2180 ἀλλ’
620 2152 746 2186 ἑκάτερον
756 2149 844 2178 αὐτῶν

65 2203 157 2239 πολλῷ
172 2202 327 2237 νοτιώτερόν
345 2203 426 2228 ἐστιν.
442 2200 470 2226 '0
488 2201 536 2235 μὲν
546 2200 600 2235 γὰρ
614 2198 779 2233 βορειότερος
790 2197 843 2223 τῶν

905 280 933 306 in
948 280 1057 314 reliquis
1069 288 1121 307 non
1134 280 1288 312 dissentiat.
1304 279 1449 307 Chelarum
1467 282 1586 308 medium
1602 283 1639 309 ait
1656 284 1683 311 in

903 326 1085 360 aequinoctiali
1095 326 1176 352 silum
1189 334 1267 358 esse;
1278 333 1332 352 una
1344 333 1405 352 cum
1420 326 1582 354 ala-sinistra
1597 328 1683 363 Aqui-

904 372 936 398 l.'e
950 381 956 398 :
975 378 1090 398 necnon
1105 371 1170 406 Equi
1183 372 1304 398 lumbum
1315 375 1342 398 et
1355 370 1473 398 Piscium
1490 372 1680 400 lorealiorem.

904 416 1002 445 Verum
1016 425 1066 444 nec
1084 417 1180 452 Aquila
1196 417 1328 452 contingit
1341 417 1568 452 mquinoctialem.
1581 423 1607 445 et
1622 427 1682 454 qua:

904 462 1035 489 in-lumbo
1047 466 1089 490 est
1108 462 1186 497 Equi,
1212 462 1347 489 borealior
1359 467 1400 490 est
1425 463 1541 497 amplius
1558 464 1682 498 partibus

903 508 920 535 5
933 508 994 543 l/2;
1012 508 1146 534 borealior
1154 515 1218 535 vero
1227 507 1343 535 Piscium
1352 508 1531 543 aequinoctiali
1550 509 1681 536 borealior

908 558 950 580 est
965 553 1087 588 partibus
1103 553 1212 580 circiter
1224 553 1266 581 10.
1282 553 1389 581 Attalus
1400 559 1487 581 atttem
1505 554 1604 583 omissa
1620 563 1681 590 par—

903 599 1013 626 ticulari
1025 599 1209 633 disputatione
1223 599 1257 626 de
1274 599 1315 626 his
1335 600 1430 630 stellis.
1446 607 1506 634 qua:
1521 600 1548 626 in
1568 601 1680 628 circulis

903 644 1008 676 insunt,
1024 652 1092 680 quos
1104 652 1186 680 supra
1199 645 1419 683 memoravimus,
1436 645 1473 672 ita
1488 645 1602 673 scribit:
1620 655 1628 671 ι
1644 646 1679 673 Ea

901 698 975 723 vero,
991 690 1018 717 iu
1030 689 1128 725 quibus
1139 690 1265 725 explicat.
1279 699 1326 725 per
1342 698 1472 725 quasnatn
1485 692 1575 718 stellas
1589 696 1679 719 trans-

899 740 942 763 eat
962 736 1074 771 quilibet
1095 736 1176 763 trium
1194 736 1383 771 parallelorum
1397 738 1440 748 "“
1453 744 1515 764 cum
1541 738 1558 764 ii
1581 738 1678 765 circuli

901 789 949 816 per
961 789 1007 809 eas
1024 781 1142 808 transire
1160 781 1252 809 stellas
1267 785 1412 816 nequeant,
1427 789 1495 816 quas
1512 781 1558 809 ille
1572 781 1677 809 descri-

901 827 951 860 bit,
964 835 1091 855 enarrare
1107 827 1210 854 idcirco
1232 828 1323 861 nolui;
1339 827 1410 863 quod
1431 835 1524 855 eorum
1545 833 1572 855 lu
1588 829 1678 856 scicn-

901 873 967 900 tiam
990 880 1022 900 ex
1038 881 1106 904 usu,
1133 873 1347 908 tractatinneque
1366 873 1480 907 dioptrae
1506 874 1543 901 sis
1565 881 1676 901 aSsecu-

901 922 954 945 tus.
971 927 981 944 ι
991 917 1092 945 Verum
1105 918 1131 944 id
1146 918 1172 945 in
1188 917 1284 950 primis
1299 918 1450 953 oportebat,
1461 919 1502 945 vel
1517 923 1676 946 cazterorum

899 963 959 996 eius
973 963 1104 991 doctrinae
1124 963 1309 990 studiosorum
1325 963 1422 997 gratia,
1439 960 1581 998 siquidem
1597 965 1676 991 intel—

900 1009 1009 1044 ligebat,
1024 1015 1170 1043 exponere.
1194 1016 1254 1043 quae
1276 1012 1413 1043 quantove
1426 1016 1459 1035 ex
1474 1008 1508 1035 iis
1527 1009 1612 1036 stellis
1627 1016 1677 1035 au-

898 1054 1047 1086 straliores,
1069 1054 1109 1080 vel
1134 1053 1300 1081 borealiores
1323 1061 1384 1081 esse
1403 1053 1560 1081 riderentur
1582 1055 1677 1081 aestivo

897 1100 1012 1135 tropico.
1029 1099 1138 1131 Deinde,
1155 1103 1184 1126 ut
1199 1099 1225 1126 id
1248 1099 1494 1134 comprehendatur
1514 1108 1609 1133 unum,
1628 1108 1677 1135 per

898 1153 944 1172 eas
957 1145 1059 1176 stellas,
1075 1153 1134 1180 qua:
1146 1146 1304 1180 percensitaz
1319 1148 1451 1177 snnt,non
1469 1145 1531 1172 dttci
1546 1146 1674 1179 circulos,

897 1191 965 1218 nihil
979 1199 1049 1226 opus
1066 1194 1109 1218 est
1128 1191 1245 1226 dioptra.
1261 1192 1327 1218 Cum
1342 1191 1414 1218 enim
1433 1192 1492 1218 alire
1507 1191 1577 1218 haud
1594 1192 1675 1226 paulo

897 1236 952 1263 sint
973 1236 1161 1268 attstraliores,
1180 1237 1240 1264 aliae.
1261 1236 1437 1265 borealiores.
1456 1236 1546 1263 statim
1561 1241 1672 1271 aspectu

897 1282 956 1316 ipso
974 1282 1148 1317 perspicuum
1165 1286 1218 1313 est,
1239 1289 1327 1316 neqtte
1343 1282 1475 1308 circulum
1498 1282 1675 1316 mquinoctia-

897 1329 959 1359 lem,
975 1335 1062 1363 neque
1075 1329 1188 1355 alterum
1203 1328 1431 1364 aequidistantiutn
1449 1335 1498 1363 per
1517 1329 1577 1357 illas
1598 1330 1672 1364 ipsas

895 1374 989 1402 stellas
1004 1381 1084 1409 posse
1095 1374 1216 1408 perduci.

926 1471 1020 1501 XXVI.
1028 1471 1127 1500 Prmth
1133 1472 1285 1508 superiores
1293 1473 1352 1501 illos
1359 1473 1475 1501 circulos
1481 1476 1537 1501 tres
1545 1473 1673 1501 Eudoxus

896 1526 942 1546 eas
955 1519 1047 1546 stellas
1061 1519 1203 1551 describit,
1215 1527 1274 1554 qua:
1289 1523 1351 1546 sunt
1362 1519 1388 1546 in
1397 1520 1499 1546 arctico
1507 1520 1610 1547 circulo
1624 1529 1631 1546 -.
1643 1519 1672 1546 in

896 1572 982 1600 eoque
996 1565 1077 1592 situm
1091 1565 1128 1591 ait
1140 1572 1200 1592 esse.
1213 1565 1352 1592 sinistrum
1360 1564 1566 1600 Arctophylacis
1578 1565 1671 1592 hume-

896 1618 956 1637 rum
973 1615 998 1637 et
1010 1610 1150 1644 superiora
1162 1610 1283 1643 Coronae,
1298 1618 1358 1637 cum
1369 1611 1458 1646 capite
1473 1610 1610 1645 Serpentis
1626 1619 1673 1646 per

897 1653 982 1684 llrsas
1005 1656 1172 1684 transeuntis
1187 1665 1193 1682 ε
1207 1656 1270 1682 item
1287 1655 1425 1686 Fidicula,
1450 1663 1482 1683 ac
1506 1656 1607 1683 dextra-
1623 1658 1672 1684 ala:

896 1701 981 1737 Cygni
1005 1701 1160 1736 superiores
1180 1705 1293 1736 partes:
1315 1701 1413 1736 Cephei
1430 1709 1538 1737 quoque
1561 1706 1670 1737 pectus;

895 1752 922 1775 et
950 1747 1089 1782 superiora
1111 1747 1271 1782 Cassiepeae.
1289 1746 1390 1774 Deinde
1414 1747 1465 1774 sub
1487 1748 1672 1775 anteriorihus

898 1794 977 1830 116
1001 1793 1112 1827 maioris
1130 1793 1205 1820 Ursa:
1227 1793 1341 1828 pedibus
1356 1800 1387 1820 ac
1406 1792 1521 1825 Leonis,
1539 1802 1625 1828 usque
1638 1795 1672 1821 ad

896 1839 1101 1875 Arctophylacis
1116 1838 1269 1871 humerum,
1284 1839 1430 1865 australior
1444 1843 1486 1866 est
1499 1846 1606 1874 semper
1622 1847 1671 1873 ap-

896 1888 1007 1920 parente
1019 1883 1123 1911 circulo
1136 1883 1246 1910 Grrecite
1258 1884 1380 1918 partibus
1396 1884 1511 1919 amplius
1523 1883 1557 1916 Η
1579 1892 1640 1911 nam
1656 1893 1671 1912 a

895 1929 996 1957 boreali
1009 1929 1071 1964 polo
1094 1928 1176 1956 distat
1196 1928 1319 1963 partibus
1333 1928 1438 1960 MJS’;
1462 1929 1581 1956 cireulus
1603 1937 1667 1956 vero

895 1983 1002 2010 semper
1015 1982 1147 2009 apparens
1155 1973 1231 2001 abest
1241 1974 1363 2008 partibus
1374 1974 1417 2001 57.
1430 1973 1515 2001 Porro
1529 1976 1669 2010 superiora

893 2021 1007 2049 Coronae
1037 2027 1069 2047 ac
1099 2018 1226 2046 Fidiculae
1252 2018 1342 2046 minus
1374 2023 1503 2046 accurate
1531 2020 1670 2055 designata

895 2071 969 2094 sunt.
983 2065 1043 2093 Non
1069 2066 1140 2093 enim
1158 2073 1264 2100 semper
1290 2065 1430 2099 apparenti
1454 2066 1556 2093 circulo
1581 2067 1670 2093 vicina

894 2113 947 2140 ista
960 2118 1040 2145 sunt;
1057 2111 1104 2139 sed
1120 2115 1264 2145 tttrtttnque
1279 2110 1356 2145 longe
1370 2114 1412 2138 est
1429 2112 1587 2138 australius.
1601 2111 1667 2139 Nam

894 2158 1029 2186 borcalior
1046 2164 1138 2184 cartttn
1156 2164 1214 2190 qua:
1231 2159 1293 2183 sunt
1306 2155 1332 2181 in
1345 2154 1476 2187 Fiulicula,
1487 2156 1569 2183 distat
1582 2164 1596 2183 a
1608 2158 1669 2191 polo

893 2202 996 2230 boreali
1026 2201 1147 2236 partibus
1167 2200 1216 2233 49;
1241 2204 1323 2235 caput
1345 2207 1409 2227 vero
1434 2201 1574 2236 Serpentis
1589 2201 1668 2229 Ursis

63 2252 94 2277 ὲν
108 2251 141 2285 τῇ
157 2249 232 2285 Λύρα
244 2249 338 2283 ἀπέχει
355 2247 407 2273 ἀπὸ
421 2247 466 2273 106
487 2245 590 2281 βορείου
608 2245 689 2271 πόλου
708 2243 761 2278 pol.
780 2242 821 2277 μθ¹
834 2250 841 2257 °

897 2248 1027 2282 interjecti
1046 2247 1192 2275 australius
1212 2247 1319 2281 quidem
1340 2250 1392 2279 est,
1423 2246 1469 2273 sed
1497 2255 1603 2281 semper
1621 2256 1670 2282 ap-

63 2298 82 2332 ή
96 2295 124 2322 δὲ
146 2295 249 2330 κεφαλὴ
274 2294 326 2329 (Ἡ)
346 2293 392 2320 τοῦ
416 2292 459 2318 διὰ
480 2291 533 2318 τῶν
549 2292 672 2326 Ἄρκτων
685 2290 790 2323 Ὄφεως
801 2297 844 2314 νο-

62 2341 181 2377 τιωτέρα
196 2341 253 2376 μὲν,
265 2341 346 2374 ἐγγὺς
360 2339 388 2365 δὲ
398 2338 444 2365 τοῦ
455 2337 597 2372 ἁειφανοῦς
608 2335 706 2362 κύκλου
720 2335 840 2370 φέρεται.

69 2388 100 2414 '0
118 2387 172 2422 γὰρ
192 2385 347 2421 νοτιὼτερος
369 2383 468 2416 αὐτῶν,
490 2383 536 2410 καὶ
556 2383 602 2408 ἐπὶ
629 2381 676 2407 τοῦ
698 2379 842 2416 ἀριστεροῦ

112 2459 156 2495 68)
171 2459 233 2486 "me
244 2463 316 2495 sunt
329 2459 484 2495 depravata.

111 2492 156 2531 69)
171 2495 260 2531 Deest,
275 2492 383 2531 opinor,
399 2492 511 2531 aliquid.

98 2526 156 2565 ('10)
170 2526 371 2563 Ἀπέχείμοί.
388 2526 451 2562 μδ¹ξ
467 2526 572 2565 Scribe,
589 2527 644 2565 μα’,
712 2526 778 2565 Nam
802 2526 841 2553 al-

63 2562 123 2592 tera
140 2562 221 2592 lectio
229 2562 356 2599 corrupta
370 2568 422 2596 est,
437 2567 467 2589 ut
478 2562 647 2597 Hipparchus
659 2563 717 2597 ipse
730 2563 841 2590 demon-

64 2604 155 2670 Ἧι)
180 2634 255 2661 Ἡδὲ
269 2631 396 2667 κεφαλή.
416 2632 475 2659 Non
504 2631 592 2670 89“!”
610 2632 768 2664 ¹¹¹εηά⁰⁵“³’
793 2633 839 2659 scd

62 2666 176 2696 mutilus
192 2671 273 2696 etiam
289 2666 332 2695 hic
348 2670 422 2694 locus
436 2671 488 2694 est.
517 2666 636 2693 Primum
658 2675 779 2701 pugnare
798 2675 841 2694 se-

62 2712 125 2731 cutn
143 2704 324 2738 Hipparchus.
337 2707 365 2729 ut
382 2711 411 2729 se
437 2702 517 2729 habet
532 2701 623 2738 modo,
640 2702 755 2738 videtur.
772 2701 838 2729 Nam

62 2744 146 2773 caput
158 2736 288 2765 Draconis
302 2738 450 2765 attstralius
467 2737 531 2763 facit
549 2737 652 2763 arctico
668 2736 777 2764 Grmcize
789 2738 839 2763 cir-

62 2772 142 2806 culo;
160 2777 187 2800 et
205 2773 275 2800 idem
288 2777 376 2800 tamen
392 2772 502 2807 praecise
516 2773 543 2799 in
553 2780 585 2799 eo
603 2772 707 2799 circulo
721 2773 837 2807 reponit.

61 2809 198 2843 siquidem
229 2811 373 2843 utrumque
401 2807 528 2841 gradibus
555 2812 656 2842 septem
676 2812 702 2834 et
728 2808 839 2842 triginta

61 2841 147 2871 distat
160 2850 175 2869 a
187 2843 258 2877 polo.
272 2841 404 2869 Praeterea
417 2849 479 2869 cum
493 2842 546 2868 duo
572 2841 661 2869 sidera
679 2841 839 2877 proposuis-

61 2883 114 2911 set,
130 2885 192 2914 quae
202 2878 237 2905 ab
254 2877 355 2906 arctico
369 2877 481 2910 circulo,
506 2877 549 2904 ubi
569 2885 600 2905 ea
618 2878 766 2905 collocarat
784 2877 837 2905 Eu-

894 2294 998 2329 parcnti
1023 2297 1111 2320 tamen
1143 2292 1244 2319 circulo
1269 2291 1389 2318 citimunt
1415 2295 1466 2318 est.
1493 2291 1597 2326 Quippe
1622 2300 1669 2318 au-

898 2339 1008 2366 stralior
1024 2338 1142 2368 illarum,
1155 2340 1180 2363 et
1198 2337 1223 2363 in
1245 2337 1355 2364 sinistro
1370 2337 1420 2364 sita
1433 2340 1553 2371 tempore
1564 2338 1640 2365 abest
1654 2346 1668 2364 ιι

893 2385 955 2420 polo
977 2384 1101 2419 partibus
1125 2382 1169 2415 5'1,
1184 2386 1249 2418 quot
1269 2390 1376 2417 semper
1391 2390 1525 2417 apparens
1549 2383 1669 2410 circulus

892 2462 991 2491 doxus.
1007 2461 1115 2496 longius
1130 2465 1207 2487 erant
1236 2461 1269 2487 ad
1299 2465 1422 2487 austrum
1441 2465 1555 2492 remota,
1587 2469 1668 2494 supe-

891 2499 963 2524 riora
977 2495 1089 2523 Coronsc
1099 2497 1208 2530 pariter.
1220 2503 1251 2522 ac
1265 2495 1357 2531 Lyra;
1371 2496 1413 2522 ubi
1422 2496 1455 2523 de
1464 2496 1596 2522 ambobus
1611 2497 1669 2531 sin-

891 2532 1003 2566 gillatim
1021 2529 1135 2565 probare
1145 2532 1225 2566 cmpit
1242 2549 1256 2566 ,γ
1275 2529 1355 2558 unius
1370 2530 1445 2565 LyrtP.
1471 2529 1667 2566 utetniititpde

891 2565 997 2594 Corona
1013 2574 1046 2592 ne
1066 2566 1180 2592 litteram
1194 2565 1302 2600 quidem
1315 2566 1388 2593 fecit.
1402 2566 1504 2592 Desunt
1518 2565 1598 2599 igitur
1610 2565 1666 2596 illa,

890 2603 989 2636 quibus
1006 2601 1204 2636 qttotpartibus
1218 2609 1231 2626 ιι
1249 2601 1310 2634 polo
1335 2601 1440 2628 Corona
1462 2600 1586 2630 distaret,
1604 2606 1667 2636 ape-

890 2633 955 2664 ruit.
969 2633 1051 2670 Fin—ge
1076 2633 1257 2669 Hipparchum
1288 2636 1323 2661 ita
1352 2635 1516 2669 scripsisse:
1537 2638 1596 2667 post
1613 2633 1666 2670 ista

890 2671 943 2698 ἀπὸ
953 2671 999 2697 τοῦ
1018 2667 1212 2706 βορείουπόλου
1232 2670 1285 2706 μοί,
1300 2670 1353 2705 μο”
1369 2667 1421 2706 ὁνδὲ
1431 2669 1599 2706 βορειρτερος
1612 2667 1666 2706 τῷν

889 2707 921 2744 ἐν
947 2706 985 2744 τῷ
1000 2702 1143 2739 Στεφάνῳ,
1166 2702 1354 2744 μοί.’νγ’.’λΗ
1379 2705 1407 2731 δὲ
1431 2702 1535 2744 κεφαλὴ
1553 2702 1600 2744 τοῦ
1623 2702 1668 2744 διὰ

888 2741 942 2766 τῶν
952 2737 1075 2776 ’Ᾱρκτυίν
1093 2737 1199 2773 Ὄφεως
1224 2737 1270 2766 ἐπὶ
1285 2740 1329 2766 τοῦ
1341 2740 1484 2774 ἁειφανοῦς
1504 2737 1604 2776 κύκλου
1620 2737 1666 2771 φέ-

908 2784 976 2802 εται.
989 2772 1252 2802 ΒοιιοιιΙίοΓὉονοιιιιι
1273 2772 1417 2809 llippu-cni
1437 2779 1557 2808 tempore
1580 2772 1668 2809 dista-

909 2814 935 2836 at.
953 2818 967 2836 a
986 2809 1046 2844 polo
1063 2810 1192 2844 gradibus
1204 2807 1378 2844 autpltus'55.
1392 2807 1504 2836 cxnostt
1514 2810 1536 2835 is
1554 2807 1665 2844 tabulis.

889 2842 1076 2907 siqtegl'Lyt-af
1085 2846 1220 2888 borealior
1235 2842 1358 2880 partibus
1374 2845 1409 2872 ab
1419 2845 1515 2872 eodem
1531 2843 1595 2880 polo
1619 2842 1667 2870 ab-

889 2888 919 2907 cr
998 2900 1005 2907 .

889 2883 948 2908 erat
961 2883 1005 2907 51.
1156 2886 1160 2888 “
