1923 3137
233 194 303 222 1059

724 186 771 213 AD
791 184 924 212 EUSEBII
943 181 1139 210 CHHUNICON
1160 180 1339 206 APPENDI).

1785 163 1848 193 1083

234 256 351 281 ronstat.
376 251 472 278 Pectus
495 252 584 275 autem
613 246 716 281 Cephei
737 249 883 280 apparente
907 250 1013 277 semper

1079 239 1198 276 ῑροτάφου
1215 239 1338 274 κείμενος
1363 236 1458 271 ἀπέχει
1483 234 1536 261 ἀπὸ
1554 233 1600 260 τοῦ
1620 232 1706 258 πόλου
1726 230 1784 265 μοί.
1806 230 1851 262 λζ’,

234 299 335 326 (ίιειιιο
351 302 391 324 est
418 295 576 325 australius,
592 297 620 320 ut
646 299 728 327 supra
754 290 1013 319 demonstravimus.

235 345 340 371 Dextra:
350 343 398 369 ala:
414 341 498 376 Cygni
514 339 670 375 superiores
685 342 789 373 partes,
806 341 832 364 et
844 344 892 371 pes
906 335 1015 363 Cassie-

236 398 291 425 peae
314 391 340 416 in
364 393 510 423 apparente
525 386 629 414 circulo
658 386 791 413 feruntur.
822 383 929 410 Etenim
964 381 1015 408 bo-

236 437 333 463 realior
348 441 451 465 earum,
468 441 528 467 quae
541 433 569 459 in
583 437 703 459 extrema
716 434 779 458 sunt
795 430 836 456 aia
851 430 957 459 dextra,
975 427 1017 454 di-

234 485 313 508 stata
326 480 429 507 boreali
446 478 510 514 polo
540 477 663 512 partibus
681 475 733 508 40-,
757 474 891 502 borealior
910 479 1016 503 earum,

234 534 294 561 quae
304 530 368 554 sunt
381 525 408 552 in
428 525 585 558 Cassiepca,
600 526 626 549 et
641 522 668 548 in
684 521 801 556 pedibus
814 521 876 550 sita,
891 518 968 545 abest
983 517 1017 543 ab

233 571 328 599 eodem
348 571 409 605 polo
421 569 551 604 gradibus
566 567 610 595 '58.
631 566 703 600 Quin
718 569 745 593 et
755 565 867 600 majoris
878 562 954 591 Ursae
968 570 1016 597 pe—

234 617 282 644 des
296 616 462 643 borealiores
480 615 606 641 feruntur
618 620 724 647 semper
742 614 889 647 apparente
902 609 1017 636 circulo.

235 662 374 698 Siquidem
388 660 553 688 antecedens
569 659 677 686 illorum
700 667 715 685 a
729 657 831 685 boreali
849 656 911 691 polo
929 662 1019 682 remo-

236 713 313 737 vetur
333 707 456 743 partibus
477 706 532 734 fere
548 705 601 739 24;
626 705 775 732 succedens
787 725 793 737 ,
811 702 935 738 partibus
963 701 1019 728 fere

235 754 280 782 25.
302 753 370 781 Vere
396 754 488 787 itaque
504 750 690 786 pronuntiavit
715 752 892 785 apparentem
912 754 1020 782 semper

236 800 370 827 circulum
385 798 503 825 transire
518 797 589 824 inter
604 795 702 823 Ursam
719 803 751 823 ac
766 795 895 822 Leonem.

271 930 330 958 Jam
358 930 385 956 in
409 937 441 957 eo
466 928 581 961 circulo,
599 927 644 963 qui
660 934 801 962 nunquam
821 929 942 961 apparet,
957 933 1017 960 quae
1034 922 1053 949 Β

237 977 330 1005 insunt
345 979 429 1008 astra,
445 983 501 1001 non
513 973 638 1001 videntur
648 974 771 1000 omnino.
789 972 916 998 Proxime
930 976 1018 998 autem

238 1024 348 1056 absunt,
369 1022 469 1056 inquit,
481 1021 515 1048 ab
531 1029 563 1048 eo
579 1025 707 1047 extremae
725 1024 815 1054 partes
829 1025 905 1053 aqua:
920 1016 1017 1044 Flumi-

238 1071 300 1104 nis;
325 1073 352 1097 et
382 1069 494 1096 fundum
516 1068 609 1099 Navis,
635 1076 666 1095 ac
695 1067 926 1094 Gubernaculum.
951 1065 1019 1091 Tum

238 1116 321 1150 Fera;
340 1124 389 1144 nec
403 1124 457 1143 non
472 1116 534 1141 Ara.
551 1114 617 1142 Item
633 1113 773 1149 Sagittarii
796 1120 860 1139 crus
876 1111 1019 1142 dextrum;

239 1172 299 1199 qum
321 1167 410 1190 autem
438 1162 543 1189 videtur
564 1170 597 1189 ex
623 1160 743 1195 [Egypto
765 1158 853 1190 stella,
871 1158 897 1184 in
924 1156 1020 1184 eodem

239 1211 405 1243 continetur.
433 1208 472 1235 Ex
499 1208 542 1235 bis
569 1214 629 1241 qua:
657 1211 797 1240 utcunque
821 1207 886 1231 sunt
911 1201 1020 1230 veritati

239 1257 374 1292 proxima,
391 1259 467 1283 extra
480 1253 696 1281 controversiam
721 1251 876 1286 seponenda
891 1253 966 1277 sunt.
982 1248 1019 1276 De

239 1310 271 1330 ea
287 1310 351 1329 vero
367 1302 455 1333 stella,
477 1308 536 1335 qua:
548 1299 677 1334 Canopus
694 1298 808 1330 dicitur,
823 1305 876 1324 non
891 1299 964 1323 recte
979 1302 1023 1322 as-

241 1348 307 1375 serit
329 1348 417 1381 ipsam
445 1347 473 1373 in
497 1349 645 1380 apparente
667 1351 804 1378 nunquam
826 1342 930 1370 circulo
946 1341 1021 1368 ferri.

241 1393 289 1420 Est
301 1394 372 1419 enim
388 1392 445 1418 haec
458 1390 603 1418 australior
616 1397 709 1416 earum
723 1396 783 1424 quae
796 1392 860 1415 sunt
873 1388 900 1414 in
920 1386 1024 1413 Guber-

244 1439 353 1470 naculo,
380 1443 462 1472 atque
480 1436 570 1463 lucida
586 1445 592 1462 :
609 1443 669 1470 qua:
683 1442 698 1461 a
721 1435 783 1470 polo
806 1434 888 1461 distat
901 1433 1024 1468 partibus

241 1486 276 1513 58
290 1485 352 1521 ΗΞ.
367 1486 401 1511 At
415 1492 520 1519 semper
532 1490 666 1519 apparens
686 1482 797 1509 Athenis
811 1481 929 1508 circulus
948 1481 1025 1507 abest

243 1540 258 1559 a
276 1532 339 1567 polo
365 1531 487 1566 partibus
506 1530 558 1562 '57;
579 1530 605 1556 in
621 1528 717 1555 Rhodo
738 1535 812 1560 vero,
831 1527 954 1562 partibus
976 1526 1022 1553 56.

243 1579 358 1605 Constat
383 1577 466 1612 igitur
486 1576 606 1603 eamdem
631 1575 736 1602 stellam
759 1574 936 1601 borealiorem
963 1580 1025 1600 esse

245 1631 385 1658 nunquam
399 1626 546 1657 apparente
560 1621 670 1648 Graeci-.13
685 1620 798 1651 circulo,
818 1627 849 1646 ac
862 1627 944 1654 supra
970 1623 1025 1646 ter-

245 1677 303 1697 ram
325 1669 411 1696 videri
431 1676 522 1704 passe,
540 1672 569 1695 ut
582 1668 663 1695 etiam
681 1667 754 1694 circa
773 1666 898 1693 Rhodum
916 1665 1027 1702 prospi-

245 1716 326 1742 citur.

282 1759 386 1788 XXVII.
403 1760 494 1795 Pergit
504 1759 634 1786 Eudoxus
647 1767 693 1786 eas
706 1759 842 1794 explicare
854 1759 958 1792 stellas,
968 1762 1029 1794 qua!

246 1807 272 1834 in
290 1807 393 1834 coluris
418 1807 523 1836 insunt,
541 1813 572 1832 ac
586 1805 665 1832 docet
684 1805 710 1831 in
726 1805 822 1831 horum
837 1805 924 1831 altero
943 1805 1026 1832 situm

245 1859 306 1878 esse
319 1851 437 1878 medium
455 1851 530 1878 Ursa:
546 1849 656 1882 majoris
669 1853 695 1875 et
710 1848 824 1881 Cancri;
842 1856 890 1874 nec
907 1855 960 1874 non
974 1847 1030 1882 Hy-

246 1898 288 1924 dri
304 1896 416 1929 collum,
432 1899 458 1922 et
476 1895 509 1923 de
534 1894 600 1922 Navi
614 1897 684 1930 quod
703 1902 817 1930 puppem
843 1895 914 1921 inter
928 1898 954 1921 et
970 1902 1029 1921 ma-

247 1944 303 1970 lum
316 1941 469 1969 intercedit.
490 1940 592 1968 Deinde
617 1947 678 1976 post
692 1948 799 1976 semper
822 1941 950 1967 latentem
978 1948 1029 1975 po-

247 1989 313 2020 lum,
324 1986 438 2015 caudam
448 1987 575 2014 australis
589 1985 686 2018 Piscis,
696 1992 722 2013 ct
738 1986 853 2014 medium
868 1985 1029 2022 Capricorni

248 2036 349 2070 pariter
365 2042 396 2060 ac
422 2033 541 2068 Sagittae.
567 2032 698 2060 Eumdem
722 2037 851 2068 praeterea
874 2040 920 2067 per
944 2032 1029 2068 Cygni

248 2078 360 2110 collum,
375 2078 500 2112 alamque
514 2077 649 2109 dextram.
666 2084 697 2104 ac
716 2085 763 2112 per
775 2078 914 2105 sinistram
930 2076 1029 2112 Cephei

250 2130 360 2149 manum
375 2122 509 2155 describi;
527 2126 583 2149 tum
602 2130 653 2157 per
665 2122 763 2149 ﬂexum
778 2122 928 2157 Serpentis,
941 2129 974 2150 ac
986 2130 1031 2150 se-

250 2169 368 2195 cundum
392 2168 505 2195 minoris
526 2166 603 2194 Ursa:
630 2168 753 2194 caudam.

285 2298 430 2326 Enimvero
446 2299 479 2326 de
501 2298 570 2327 Ursa
587 2300 695 2334 penitus
715 2301 833 2327 aberrat.
851 2299 939 2335 Hujus
959 2301 1031 2328 enim

253 2345 437 2380 prazcedentes
455 2345 482 2372 in
499 2346 597 2380 capite,
621 2351 647 2373 et
662 2354 721 2381 qua:
743 2347 769 2373 in
786 2347 968 2374 anterioribus
987 2355 1033 2382 pe—

253 2391 344 2422 dibus,
361 2392 389 2418 in
404 2391 502 2418 Leonis
517 2392 734 2419 dodecatemorio
749 2396 813 2420 sunt
831 2393 899 2421 sitae.
915 2393 1031 2426 Quinam

253 2446 318 2473 crgo
335 2437 392 2465 ﬁeri
407 2438 503 2472 possit.
518 2442 548 2464 ut
562 2438 680 2465 medium
697 2438 773 2466 Ursze
790 2440 816 2466 in
840 2439 942 2467 Cancri
954 2440 1032 2474 prin-

254 2484 326 2519 cipio
352 2484 520 2511 collocetur?
533 2485 567 2510 At
582 2484 763 2518 praecedentes
781 2486 808 2512 in
834 2485 918 2521 Hydri
946 2486 1034 2522 capite

291 2563 411 2599 (72)Kal
425 2564 451 2599 οἱ
472 2562 617 2599 πόδεςῌδέ.
636 2562 725 2599 Falso.

291 2597 522 2635 (73)lAIEéXI-It§é
534 2597 631 2630 οὗτος.
648 2598 775 2635 Canobus
795 2598 900 2625 Eudoxi
928 2599 1039 2630 saeculo,

255 2633 339 2661 ut'et
357 2633 515 2668 Hipparchi,
540 2634 652 2668 prmcise
673 2633 792 2660 distabat
808 2641 823 2659 a
843 2635 904 2668 polo
928 2634 1041 2661 australi

256 2670 379 2704 partibus
389 2669 433 2700 58,
445 2668 495 2700 50⁸,
506 2677 538 2696 ex
550 2668 651 2696 nostris
663 2668 772 2695 tabulis.

291 2703 356 2737 Qua:
371 2705 499 2739 deinceps
511 2705 536 2730 in
553 2704 659 2731 duobus
675 2704 752 2730 libris
768 2704 913 2730 traduntur
924 2704 958 2730 ab
975 2703 1040 2738 Hip-

257 2740 358 2774 parcho
368 2740 401 2766 de
413 2738 611 2769 συνανατολαῖς,
634 2742 659 2765 et
681 2738 909 2772 συγκαταδύσεσι.
930 2746 962 2765 ea
980 2739 1040 2772 plus

258 2774 459 2809 ntiioperzeque
482 2776 636 2809 postulant,
661 2777 690 2799 ut
710 2774 742 2799 ad
761 2779 914 2804 nostrarum
934 2774 1041 2801 tabula-

259 2815 319 2844 rum
337 2809 414 2835 tidem
426 2808 578 2844 exigantur,
593 2808 671 2841 cujus
686 2808 725 2835 rei
745 2816 807 2835 cum
826 2809 852 2835 in
875 2809 968 2835 multis
980 2809 1040 2844 jam

260 2843 410 2876 periculum
427 2843 597 2873 fecissemus.
617 2843 692 2876 plura
713 2850 762 2870 nos
783 2845 924 2870 elaborare
944 2843 1040 2870 inﬁniti

262 2884 293 2903 ac
305 2877 410 2905 molesti
432 2879 522 2913 operis
546 2877 703 2914 magnitudo
719 2878 859 2906 deterruit.
877 2878 943 2905 Nam
962 2882 988 2907 et
1008 2879 1042 2907 iis

1066 286 1130 317 ὅσας
1147 285 1193 312 καὶ
1203 285 1217 310 ὁ
1234 283 1364 318 ἀειφανὴς
1377 281 1482 312 κύκλος.
1500 279 1552 306 Τοῦ
1569 279 1598 305 δὲ
1612 277 1736 313 Κηφέως
1750 276 1782 302 τὺ
1794 277 1854 311 στῆς

1067 331 1111 363 θος
1124 330 1279 365 νοτιώτερόν
1296 330 1355 355 ἐστι
1369 327 1416 354 τοῦ
1442 325 1585 361 ἀειφανοῦς
1602 323 1717 356 κύκλου,
1740 322 1780 353 ὡς
1793 323 1854 357 πρό-

1066 385 1143 412 τερον
1160 375 1377 409 ὑποδεδείχαμεν.
1397 374 1453 409 Τῆς
1468 372 1555 404 δεξιᾶς
1571 370 1708 405 πτέρυγος
1726 367 1778 394 τοῦ
1794 368 1855 402 ὐρ-

1066 423 1137 455 νιθος
1154 423 1188 450 τὰ
1209 422 1323 454 ἄνωθεν,
1336 420 1382 447 καὶ
1403 419 1453 454 τῆς
1468 416 1654 447 Κασσιεπείας
1674 416 1690 441 ὁ
1710 414 1792 446 ποῦς,
1812 414 1855 440 ἐπὶ

1065 468 1112 495 τοῦ
1130 467 1245 503 φανεροῦ
1261 466 1359 493 κύκλου
1375 464 1496 500 φέρεται.
1510 463 1539 488 ὐ
1556 462 1604 497 μὲν
1618 461 1673 496 γὰρ
1685 459 1856 494 βορειότερος

1067 514 1119 540 τῶν
1133 514 1162 540 ὲν
1178 513 1251 548 ἄκρα
1273 513 1306 548 τῇ
1330 510 1404 546 δεξιᾷ
1423 509 1538 544 πτέρυγι
1559 507 1655 542 ἀπέχει
1674 505 1730 532 ἀπὸ
1745 504 1793 531 τοῦ
1815 504 1856 538 βο-

1068 559 1141 595 ρείου
1161 558 1260 585 κύκλου
1284 557 1337 592 μοι.
1358 559 1401 591 μ’”
1419 556 1433 581 ὁ
1454 555 1482 581 δὲ
1504 552 1672 589 βορειότερος
1696 550 1751 577 τῶν
1775 551 1804 575 ἐν
1824 551 1855 584 τῇ

1068 604 1247 639 Κασσιεπείᾳ.
1263 603 1292 635 ὃς
1310 604 1383 630 ἐστιν
1400 604 1428 629 ἐν
1443 603 1500 633 τοῖς
1522 601 1610 631 ποσὶν,
1627 598 1725 633 ἀπέχει
1739 597 1794 623 ἀπὸ
1810 596 1856 622 τοῦ

1068 649 1149 675 πόλου
1166 648 1220 684 μοίε
1243 648 1292 683 λη’.
1309 648 1364 674 Καὶ
1386 647 1411 674 οἱ
1436 646 1514 677 πόδες
1537 645 1565 672 δὲ
1586 644 1642 680 (7‘2)
1658 643 1709 677 τῆς
1735 641 1855 677 μεγάλης

1070 695 1187 730 ’Ἄρκτου
1205 693 1368 729 βορειότεροι
1383 692 1509 727 φέρονται
1520 689 1567 716 τοῦ
1580 687 1728 723 ὰειφανοῦς
1743 686 1854 712 κύκλου.

1073 739 1103 766 Ὀ
1120 740 1168 775 μὲν
1182 740 1236 775 γὰρ
1246 739 1396 774 ἡγούμενος
1409 737 1499 764 αὐτῶν
1513 736 1608 771 ἀπέχει
1620 734 1674 761 ἀπὸ
1689 733 1736 760 τοῦ
1752 731 1855 768 βορείου

1069 787 1151 813 πόλου
1166 787 1229 822 περὶ
1244 786 1298 821 μοι.
1325 785 1379 812 κδ’·
1400 786 1414 811 ὁ
1436 785 1464 811 δὲ
1487 783 1618 818 ἑπόμενος
1642 780 1708 817 περλ⁵
1730 780 1787 815 μοι.
1807 781 1856 804 κε’.

1070 833 1193 867 Εὐλόγως
1209 830 1255 859 οὖν
1272 841 1338 867 φησι
1353 832 1397 859 τὸν
1414 830 1529 865 ἀειφανῆ
1547 828 1675 865 φέρεσθαι
1692 826 1795 863 μεταξὺ
1810 826 1857 860 τῆς

1072 880 1190 915 Ἄρκτου
1208 880 1254 906 καὶ
1266 879 1311 906 τοῦ
1326 879 1450 909 Λέοντος.

1108 926 1169 952 Ἐπὶ
1187 926 1215 952 δὲ
1231 926 1276 952 τοῦ
1291 926 1335 952 ἀεὶ
1352 924 1471 959 ἀφανοῦς
1485 923 1583 950 κύκλου
1601 922 1634 949 τὰ
1654 921 1703 958 μὲν
1718 921 1763 947 ἐπ’
1778 918 1858 947 αὑτοῦ

1069 972 1206 1007 φερόμενα
1230 972 1317 1007 ἄστρα
1340 972 1388 1006 οὐχ
1414 971 1519 1006 ὁρᾶται.
1542 969 1698 1003 Ἐγγυτάτω
1712 967 1752 999 δὲ,
1768 966 1858 1001 φησὶν,

1069 1018 1151 1045 αὑτοῦ
1166 1019 1223 1044 ἐστι
1239 1018 1286 1044 τοῦ
1306 1027 1334 1044 τε
1353 1017 1449 1048 ὓδατος
1460 1017 1506 1042 τοῦ
1524 1014 1649 1050 Ποταμοῦ
1672 1013 1706 1040 τὰ
1721 1013 1797 1048 ἂκρα
1815 1013 1860 1038 διαὶ

1069 1065 1119 1100 τῆς
1141 1064 1254 1099 ⁸Αργοῦς
1277 1064 1307 1090 τὸ
1335 1064 1441 1098 ἔδαφος,
1468 1063 1514 1089 καὶ
1536 1061 1566 1088 τὸ
1589 1060 1738 1096 Πηδάλιον·
1757 1057 1818 1085 εἶτα
1832 1058 1861 1084 τὸ

1070 1111 1170 1147 Θηριον
1196 1111 1243 1137 καὶ
1263 1111 1293 1137 τὸ
1311 1111 1493 1146 Θυμιατήριον
1506 1118 1513 1124 “
1535 1108 1574 1135 ἔτι
1588 1107 1616 1134 δὲ
1636 1107 1683 1133 τοῦ
1701 1106 1818 1139 Τοξότου
1828 1104 1861 1131 τὰ

1070 1157 1144 1190 δεξιὰ
1159 1157 1251 1191 σκέλη.
1267 1157 1296 1183 '0
1309 1156 1335 1182 δὲ
1347 1156 1375 1188 ἐξ
1388 1156 1524 1189 Αἰγύπτου
1533 1154 1670 1188 ὁρώμενος
1682 1152 1774 1187 ἀστήρ
1789 1152 1861 1177 ἐστιν

1072 1203 1100 1229 ἐν
1111 1201 1193 1236 αὐτῷ.
1211 1201 1318 1228 Τούτων
1336 1201 1363 1227 δὲ
1379 1202 1413 1227 τὰ
1429 1201 1476 1236 μὲν
1492 1199 1568 1231 ἄλλα,
1579 1198 1639 1225 ἐπεὶ
1652 1198 1722 1224 κατὰ
1737 1197 1783 1223 τὰ·
1801 1205 1861 1222 συν-

1073 1248 1204 1283 εγγισμὸν
1226 1248 1342 1283 εἴρηται,
1362 1247 1411 1272 οὐκ
1428 1246 1460 1272 ἂν
1476 1245 1626 1276 διστάζοιτο
1639 1253 1645 1258 ·
1660 1245 1674 1270 ὁ
1684 1244 1714 1269 δὲ
1728 1242 1863 1277 καλούμε-

1073 1302 1117 1325 νος
1134 1293 1266 1325 Κάνωπος
1282 1293 1330 1319 οὐκ
1347 1291 1434 1328 ὀρθῶς
1452 1291 1557 1326 λέγεται
1574 1291 1602 1316 ὲν
1618 1289 1692 1324 αύτῷ
1710 1288 1750 1324 τῷ
1766 1288 1863 1322 ἀφανεῖ

1074 1340 1165 1375 κύκλῳ
1181 1338 1319 1374 φέρεσθαι.
1338 1339 1414 1365 Ἔστι
1432 1338 1485 1373 γὰρ
1507 1334 1582 1368 οὗτος
1596 1338 1610 1363 ὁ
1628 1335 1790 1370 νοτιώτερος
1812 1334 1863 1360 τῶν

1075 1387 1103 1413 ἐν
1115 1386 1153 1421 τῷ
1168 1385 1303 1420 Πηδαλίῳ,
1324 1386 1370 1410 καὶ
1395 1384 1527 1419 λαμπρός.
1547 1383 1655 1418 Ἀπέχει
1672 1383 1699 1409 δὲ
1715 1379 1796 1413 οὗτος
1811 1381 1863 1415 (75)

1075 1432 1128 1459 ἀπὸ
1146 1432 1192 1459 τοῦ
1215 1432 1296 1458 πόλου
1314 1432 1377 1467 περὶ
1401 1431 1455 1466 μοι.
1476 1431 1516 1465 λη’
1534 1430 1575 1456 S".
1597 1430 1625 1455 '0
1643 1429 1672 1455 δὲ
1688 1430 1719 1455 ἐν
1738 1429 1865 1464 Ἀθήναις

1076 1476 1207 1511 ἀειφανὴς
1224 1475 1321 1507 κύκλος
1345 1475 1441 1510 ἀπέχει
1464 1474 1516 1501 ἀπὸ
1542 1473 1587 1501 τοῦ
1613 1474 1695 1500 πόλου
1723 1474 1792 1509 περὶ
1812 1473 1864 1508 μοι.

1076 1519 1114 1552 λς’
1125 1529 1131 1535 ·
1147 1521 1160 1546 ὁ
1182 1519 1210 1545 δὲ
1228 1521 1256 1545 ὲν
1274 1520 1355 1554 Ῥόδῳ
1376 1520 1439 1555 περὶ
1464 1519 1517 1554 μοί.
1542 1519 1595 1551 λς’.
1611 1519 1695 1553 Δῆλον
1712 1517 1773 1550 οὖν,
1800 1519 1840 1545 ὅτι
1854 1520 1866 1544 6

1077 1565 1163 1601 ἀστὴρ
1175 1564 1250 1597 οὗτος
1262 1565 1427 1601 βορειότερός
1441 1567 1498 1591 ἐστι
1512 1565 1558 1591 τοῦ
1573 1566 1601 1591 ὲν
1620 1567 1653 1600 τῇ
1676 1565 1785 1591 Ἐλλάδι
1799 1565 1866 1598 ἁφα-

1050 1619 1060 1628 ⁴
1077 1612 1139 1643 νοῦς
1153 1612 1263 1645 κύκλου,
1279 1612 1326 1638 καὶ
1344 1611 1453 1638 δύναται
1478 1612 1547 1647 ὑπὲρ
1565 1611 1615 1647 γῆς
1636 1611 1792 1646 φερόμενος
1811 1611 1865 1646 βλέ-

1078 1658 1192 1684 πεσθαιί
1209 1659 1256 1685 καὶ
1269 1658 1301 1693 δὴ
1318 1658 1365 1684 καὶ
1385 1658 1525 1693 θεωρεῖται
1542 1658 1570 1683 ὲν
1585 1659 1641 1689 τοῖς
1662 1657 1727 1692 περί
1742 1658 1795 1693 τὴν
1811 1657 1865 1685 Ῥό-

1077 1704 1120 1730 δον
1137 1704 1238 1735 τόποις.

1114 1751 1176 1777 KZ’.
1189 1751 1272 1777 Πάλιν
1287 1750 1315 1777 δὲ
1329 1752 1342 1777 ὁ
1358 1749 1469 1782 Εὔδοξος
1484 1750 1607 1784 διασαφεῖ
1620 1750 1666 1776 καὶ
1678 1749 1744 1782 τοὺς
1756 1749 1805 1776 ἐπὶ
1820 1750 1865 1776 τῶν

1079 1797 1214 1832 κολούρων
1229 1797 1382 1833 λεγομένων
1397 1797 1503 1824 κύκλων
1519 1797 1660 1831 κειμένους
1676 1798 1810 1833 ἀστέρας,
1825 1798 1866 1824 καί

1080 1851 1161 1878 φησιν
1175 1843 1221 1869 ἐπὶ
1239 1844 1287 1878 μὲν
1302 1843 1349 1869 τοῦ
1368 1843 1426 1874 ἐνὸς
1443 1843 1531 1869 αὐτῶν
1546 1842 1651 1869 κεῖσθαι
1671 1842 1702 1869 τὸ
1723 1844 1810 1877 μέσον
1823 1843 1867 1878 τῆς

1081 1888 1200 1923 μεγάλης
1215 1889 1343 1924 Ἄρκτου,
1372 1889 1417 1915 καὶ
1436 1888 1482 1914 τοῦ
1505 1888 1643 1924 Καρκίνου
1667 1888 1698 1914 τὸ
1715 1889 1812 1923 μέσον,
1826 1889 1868 1914 καὶ

1079 1934 1124 1960 τὸν
1137 1934 1235 1969 αὐχένα
1254 1934 1299 1960 τοῦ
1316 1933 1425 1969 Ὕδρου,
1446 1934 1493 1960 καὶ
1509 1933 1558 1968 τῆς
1579 1933 1693 1968 Ἀργοῦς
1717 1933 1748 1959 τὸ
1770 1933 1867 1968 μεταξὺ

1079 1980 1127 2015 τῆς
1143 1989 1172 2006 τε
1186 1979 1311 2015 πρύμνης
1326 1980 1372 2006 καὶ
1386 1980 1431 2006 τοῦ
1447 1980 1529 2007 ἱστοῦ.
1549 1977 1613 2005 Εἶτα
1630 1979 1700 2014 μετὰ
1720 1979 1767 2006 τὸν
1782 1979 1867 2013 ἀφανῆ

1081 2026 1160 2052 πόλον
1183 2026 1233 2061 τὴν
1259 2026 1340 2061 οὐρὰν
1362 2025 1408 2052 τοῦ
1431 2026 1518 2052 νοτίου
1539 2026 1649 2061 Ἰχθύος,
1673 2025 1721 2052 καὶ
1737 2025 1769 2052 τδ
1791 2026 1867 2061 μέσον

1080 2069 1126 2096 τοῦ
1152 2071 1301 2105 Αἰγόκερων
1327 2071 1373 2096 καὶ
1398 2071 1428 2097 τὸ
1453 2070 1534 2106 μέσον
1562 2071 1609 2097 τοῦ
1631 2071 1759 2097 Ὀἳστοῦ-
1775 2071 1822 2098 τοι]
1843 2072 1868 2097 δὲ

1084 2115 1207 2151 Ὄρνιθος
1223 2116 1267 2142 διὰ
1281 2116 1326 2142 τοῦ
1347 2116 1468 2151 αὐχένος,
1483 2117 1529 2143 καὶ
1545 2116 1594 2151 τῆς
1615 2117 1705 2150 δεξιᾶς
1725 2110 1869 2153 τπέρυγος,

1081 2162 1129 2188 καὶ
1143 2162 1187 2188 διὰ
1196 2162 1246 2196 τῆς
1256 2163 1401 2197 ἀριστερᾶς
1415 2163 1504 2197 χειρὸς
1522 2162 1566 2189 τοῦ
1584 2163 1701 2197 Κηφέως
1716 2164 1869 2199 γράφεσθαι

1082 2209 1172 2241 αὺτὸν,
1189 2209 1235 2235 καὶ
1256 2209 1299 2235 διὰ
1323 2209 1372 2244 τῆς
1395 2209 1507 2244 καμπῆς
1529 2208 1575 2235 τοῦ
1592 2210 1709 2243 Ὄφεως,
1728 2211 1778 2237 καὶ
1799 2211 1869 2246 παρὰ

1083 2255 1133 2290 τὴν
1146 2254 1228 2289 οὐρὰν
1241 2255 1289 2289 τῆς
1306 2255 1406 2289 μικρᾶς
1421 2254 1549 2289 Ἄρκτου.

1122 2304 1188 2339 Περὶ
1196 2304 1244 2338 μὲν
1260 2301 1306 2329 οὖν
1319 2303 1368 2338 τῆς
1380 2303 1495 2337 Ἄρκτου
1506 2302 1654 2338 ὁλοσχερῶς
1663 2304 1769 2338 ἀγνοεῖ.
1780 2306 1812 2332 οε
1822 2306 1870 2340 γὰρ

1086 2349 1284 2386 προηγούμενοι
1297 2351 1389 2386 αὐτῆς,
1407 2348 1431 2378 οἶ
1445 2353 1473 2378 ἐν
1489 2353 1521 2387 τῇ
1540 2351 1653 2386 κεφαλῇ.
1670 2351 1717 2377 καὶ
1734 2352 1761 2377 οἱ
1780 2353 1809 2378 ὲν
1821 2353 1869 2382 τῦῖς

1086 2396 1260 2431 ἐμπροσθίοις
1274 2398 1360 2429 ποσὶν,
1376 2398 1522 2433 ἀμφότεροι
1536 2398 1564 2423 ἐν
1581 2397 1620 2432 τῷ
1634 2396 1681 2422 τοῦ
1694 2397 1811 2430 Λέοντος
1826 2398 1869 2424 δω-

1087 2441 1274 2478 δεκατημορίῳ
1289 2443 1398 2469 κεῖνται.
1418 2442 1479 2475 Πῶς
1492 2441 1537 2469 οὖν
1557 2442 1667 2469 δυνατὸν
1687 2443 1718 2469 τὸ
1731 2443 1816 2478 μέσον
1826 2443 1869 2478 τῆς

1090 2488 1207 2523 Ἄρκτου
1228 2489 1256 2515 ἐν
1274 2490 1307 2524 τῇ
1329 2489 1399 2524 ἀρχῇ
1421 2489 1468 2515 τοῦ
1489 2489 1625 2523 Καρκίνου
1641 2489 1765 2523 κεῖσθαις
1782 2490 1831 2525 τῆς
1845 2490 1868 2515 δὲ

1094 2564 1162 2599 ipsis
1180 2565 1207 2591 in
1223 2564 1319 2596 stellis,
1337 2573 1405 2598 quas
1420 2565 1545 2600 designat
1561 2565 1749 2600 Hipparchus.
1760 2565 1868 2593 inresti-

1094 2600 1480 2636 gandisaatqueel’tolemazi,
1506 2605 1552 2627 aut
1575 2600 1716 2636 Tychonis
1743 2601 1867 2628 laterculo

1095 2635 1240 2669 seligendis
1258 2642 1310 2661 non
1327 2643 1422 2670 parum
1440 2637 1539 2670 negotii
1556 2635 1612 2667 est;
1624 2641 1662 2666 et.
1682 2637 1729 2663 ubi
1742 2637 1810 2663 certi
1824 2636 1867 2663 ali-

1094 2671 1159 2705 quid
1176 2671 1362 2703 extricaveris,
1378 2671 1585 2698 innumerabilis
1610 2676 1724 2698 ortuum
1746 2676 1774 2698 et
1797 2678 1867 2698 occa-

1093 2713 1172 2732 suum
1199 2705 1365 2741 expedienda
1389 2706 1524 2739 varietas;
1554 2714 1615 2741 quae
1639 2707 1682 2733 vel
1710 2706 1865 2733 acerrimum

1092 2741 1239 2776 quemlibet
1258 2740 1522 2775 cupidissimumque
1533 2740 1670 2776 frangere,
1688 2749 1721 2769 ac
1735 2741 1866 2776 delassare

1092 2776 1189 2810 possit.
1208 2775 1257 2802 Hic
1270 2776 1353 2810 igitur
1363 2775 1694 2804 commentationisiistius
1713 2777 1822 2803 modum
1832 2775 1866 2801 Ια-

1092 2809 1205 2847 ciemus,
1222 2815 1319 2847 caetera
1333 2809 1508 2846 Hipparchea:
1524 2812 1664 2843 doctrinae,
1680 2819 1744 2847 quae
1766 2810 1864 2846 quidem

1092 2845 1163 2872 scire
1178 2845 1323 2880 plurimum
1336 2853 1369 2872 ex
1380 2847 1507 2874 omnibus
1522 2847 1639 2879 intersit,
1655 2845 1713 2875 fere
1729 2848 1758 2874 in
1774 2845 1865 2874 nostris

1095 2879 1336 2908 Dissertationibus
1347 2881 1481 2916 explicata
1493 2882 1622 2915 reperies.
