1898 3145
120 160 188 187 1061

603 163 785 192 HIPPARCHI
801 164 845 190 AD
866 164 1089 193 PHIENOMENX
1112 165 1175 193 LIB.
1199 166 1218 192 l.

1670 169 1739 198 1069

118 219 240 255 κεφαλῆς
260 219 306 246 τοῦ
324 220 422 255 ’Υδρου
447 221 592 256 ἡγούμενοι
615 222 743 257 ἐπέχουσι
771 221 908 257 Καρκίνου

963 222 1058 251 Cancri
1074 224 1198 252 obtinent
1212 229 1305 260 partes
1318 225 1435 259 amplius
1451 226 1556 253 decem.
1566 225 1682 253 Planum
1698 232 1740 255 est

119 265 212 292 πλεῖον
232 265 248 300 ἢ
273 265 328 299 μοι.
347 269 372 292 ι’.
393 266 476 301 Δῆλον
500 265 556 299 οὖν,
571 267 612 293 ὅτι
634 267 722 303 πολλῷ
737 267 827 294 πλεῖον
842 269 907 294 ὑπο-

117 311 241 338 λείπεται
257 311 303 338 τοῦ
323 313 467 347 εἰρημένου
491 312 589 339 κύκλου
607 314 621 339 ὁ
637 313 721 349 αὐχὴν
735 314 781 340 τοῦ
797 314 905 349 Ὕδρου.

155 359 222 384 KH’.
236 358 304 393 Περὶ
315 358 343 384 δὲ
356 359 405 393 τῆς
426 359 538 394 Ἀργοῦς
550 359 599 395 οὐχ
614 359 696 394 ὑγιῶς
715 361 832 396 εἴρηται.
846 361 907 387 Τῶν

117 404 142 431 δ’
158 404 186 430 ὲν
200 405 232 439 τῇ
248 404 316 440 οὐρᾷ
328 404 375 430 τοῦ
402 405 488 431 νοτίου
511 405 609 441 Ἰχθύος
629 406 746 441 μάλιστα
761 407 776 432 ὁ
791 406 908 442 ἡγούμε-

117 459 165 482 νος
185 450 280 486 ἀπέχει
305 450 351 476 τοῦ
373 454 397 477 α’
415 451 505 478 πλεῖον
521 451 536 487 ἢ
553 452 607 486 μοί.
629 455 682 486 κγ’.
705 452 836 479 Τοσοῦτον
853 453 907 488 ἄρα

118 497 296 524 ὑπολείπεται
316 496 363 523 τοῦ
384 497 583 533 προειρημένου
605 497 714 529 κύκλου,
735 498 782 525 καὶ
800 498 850 525 οὐκ
863 498 906 525 ἐπ’

118 542 202 569 αὑτοῦ
225 542 345 579 φέρεται.
367 543 394 569 ’0
412 543 440 569 δὲ
460 543 561 576 ὐἳστὺς
583 543 642 575 ὅλος
665 544 838 571 ὑπολείπεται
859 544 906 571 τοῦ

119 589 320 625 προειρημένου
338 589 449 620 κύκλου,
461 590 507 616 καὶ
522 590 551 616 οὺ
565 590 608 617 διὰ
624 590 706 625 μέσου
717 591 845 626 τέμνεται
861 591 906 617 ὑπ’

117 636 214 662 αὑτοῦ.
232 636 261 662 '0
277 635 331 670 γὰρ
350 636 499 671 ἡγούμενος
513 637 542 662 ἐν
553 636 627 672 αὐτῷ
643 637 730 673 ἀστὴρ
741 638 839 672 ἀπέχει
854 637 907 664 ἀπὸ

120 682 178 718 μοι.
196 685 219 708 α’
234 682 267 708 "°.
284 682 340 707 υὺκ
356 681 410 717 ἄρα
425 681 535 708 δυνατὸν
548 682 747 718 διχοτομεῖσθαι
760 683 841 709 αὑτὸν
856 682 908 709 ὑπὸ

117 727 168 754 τοῦ
189 726 388 762 προειρημένου
408 726 518 754 κύκλου.
544 727 656 762 Ὁμοίως
671 729 699 755 δὲ
717 729 764 755 καὶ
785 730 798 755 ὁ
814 730 908 764 Ὄρνις

117 773 181 805 ὅλος
197 773 264 809 πρὸς
288 773 419 805 ἀνατολὰς
440 774 525 800 κεῖται
550 774 596 800 τοῦ
623 775 766 810 εἰρημένου
795 774 907 801 κύκλου.

125 818 156 846 ’0
183 819 237 855 γὰρ
262 818 411 854 ἡγούμενος
439 819 482 845 ἐπ’
507 820 589 846 αὐτοῦ
618 821 665 846 καὶ
689 822 731 847 ἐπ’
755 821 839 856 ἄκρου
860 820 907 847 τοῦ

120 866 237 902 ῥύγχους
254 865 349 901 ἀπέχει
365 866 419 900 μοί.
439 869 463 892 α’
477 865 519 892 S".
538 866 599 893 Τῶν
611 866 638 892 δὲ
652 868 680 893 ἐν
700 867 772 902 ἄκρᾳ
787 869 820 902 τῇ
834 868 908 903 δεξιᾷ

119 913 263 948 πτέρυγιὸ
279 912 394 948 μάλιστα
412 913 479 948 πρὸς
502 912 577 939 δύσιν
594 913 717 948 κείμενος
741 914 836 948 ἀπέχει
860 914 907 940 τοῦ

117 961 144 985 α’
163 958 192 984 ού
208 957 314 992 πλέονῆ
337 958 392 992 μοί.
411 961 437 990 ς’
451 958 493 985 S".
508 959 564 985 Ούκ
583 959 636 994 ἄρα
657 959 768 985 δυνατὸν
786 959 845 986 οὐδὲ
863 960 908 986 τὸν

118 1004 224 1040 αὐχένα
234 1004 281 1031 τοῦ
299 1003 422 1039 Ὄρνιθος
441 1003 502 1031 οὗτε
516 1005 564 1040 τὴν
581 1004 670 1037 δεξιὰν
686 1005 807 1040 πτέρυγα
825 1005 908 1033 αὑτοῦ

118 1051 169 1077 ἐπὶ
184 1050 230 1076 τοῦ
244 1040 389 1086 εἰρημένου
401 1049 500 1077 κύκλου
513 1050 629 1077 κεῖσθαι.

156 1095 208 1123 Τοῦ
226 1105 256 1130 γε
273 1096 326 1132 μὴν
346 1096 461 1130 Κηφέως
483 1097 499 1132 ἡ
520 1096 651 1132 ἀριστερὰ
673 1097 732 1132 χεὶρ
755 1096 821 1123 πολὺ
841 1096 909 1128 ὅλως

118 1141 306 1177 παραλλάσσει
321 1142 367 1169 τὸν
390 1141 533 1178 εἰρημένον
557 1141 655 1169 κύκλον
675 1143 744 1177 πρὸς
765 1142 906 1174 ἀνατολάς.

117 1190 176 1216 Καὶ
191 1189 245 1224 γὰρ
259 1190 284 1215 οἰ
300 1190 328 1215 ὲν
341 1191 373 1224 τῇ
391 1189 494 1224 κεφαλῇ
508 1188 601 1220 αὑτοῦ,
615 1189 640 1214 οἰ
666 1189 810 1224 ἡγούμενοι
829 1189 908 1224 μάλι-

119 1243 182 1266 στα,
201 1234 248 1261 τοῦ
267 1235 408 1271 ’Υδροχόου
426 1235 553 1270 ἐπέχουσι
573 1235 663 1262 πλεῖον
679 1235 695 1271 ἢ
712 1236 765 1270 μοῖ.
785 1239 810 1263 ι’.
831 1236 861 1262 '0
880 1236 908 1263 δὲ

118 1281 150 1307 ὲν
162 1281 195 1316 τῇ
208 1281 337 1316 ἀριστερᾷ
351 1281 423 1316 χειρί
440 1280 564 1316 λαμπρὸς
580 1280 678 1316 ἀστὴρ,
698 1282 712 1307 ὁ
733 1282 761 1307 ὲν
776 1281 815 1316 τῷ
831 1280 908 1317 ὤμῳ,

118 1328 150 1354 ὂν
177 1335 249 1359 τινες
270 1326 394 1359 τιθέασι,
423 1326 470 1353 τοῦ
490 1326 631 1363 Ὑδροχόου
656 1327 747 1363 ἐπέχει
778 1329 832 1363 poi.
859 1328 907 1355 κε’.

118 1374 200 1409 Παρὰ
216 1373 312 1409 μικρὸν
324 1371 370 1400 οὖν
387 1372 409 1408 β’
426 1373 507 1405 ζώδια
523 1373 717 1408 παραλλάσσει.
733 1374 800 1409 Περὶ
819 1374 908 1409 μέντοι

117 1420 170 1454 τῆς
193 1419 305 1454 καμπῆς
319 1419 365 1445 τοῦ
382 1419 487 1453 Ὄφεως
513 1419 559 1445 καὶ
574 1419 624 1454 τῆς
640 1420 723 1454 οὐρᾶς
743 1420 792 1455 τῆς
810 1421 909 1455 μικρᾶς

119 1466 242 1500 ’Δρκτου
258 1464 345 1501 ὀρθῶς
359 1466 523 1500 ἀπεφήνατο.

157 1510 222 1537 ΚΘΗ
241 1511 284 1538 Ἐν
300 1511 329 1537 δὲ
341 1510 379 1546 τῷ
391 1511 475 1546 ἑτέρῳ
489 1511 609 1547 κολούρῳ
630 1512 695 1547 φησί
713 1511 820 1538 κεῖσθαι
831 1513 845 1539 ὁ
861 1512 909 1547 μὲν

117 1557 173 1592 τὴν
186 1557 331 1593 ἀριστερὰν
347 1559 425 1592 χεῖρα
438 1557 485 1583 τοῦ
506 1557 729 1593 Ἀρκτοφύλακος,
744 1558 790 1584 καὶ
802 1558 824 1573 ⁷¹
838 1558 910 1593 μέσα
923 1565 944 1593 c

117 1604 204 1632 αὐτοῦ
222 1603 292 1630 κατά
315 1604 399 1639 μῆκος
410 1613 417 1619 ·
432 1602 490 1631 εἶτα
508 1604 542 1630 τὰ
560 1604 630 1639 μέσα
650 1604 704 1631 τῶν
726 1604 822 1640 Χηλῶν
841 1605 910 1632 κατὰ

118 1650 238 1682 πλάεέος·
252 1651 299 1677 καὶ
315 1650 360 1676 τοῦ
375 1650 529 1686 Κενταύρου
541 1650 589 1685 τὴν
600 1649 689 1682 δεξιὰν
701 1651 789 1685 χεῖρα,
808 1651 854 1677 καὶ
876 1651 914 1678 τὰ

118 1696 277 1732 ἑμπρόσθια
291 1696 408 1730 γόνατα·
422 1697 489 1731 μετὰ
503 1692 541 1722 ’δὲ
562 1695 607 1721 τὸν
622 1695 714 1730 ἀφανῆ
734 1695 824 1727 πόλον,
839 1703 911 1730 καμ-

117 1743 177 1778 πήν
195 1750 225 1769 τε
239 1742 285 1768 τοῦ
306 1741 443 1777 Ποταμοῦ,
459 1742 505 1768 καὶ
524 1741 629 1776 Κήτους
646 1741 695 1776 τὴν
718 1741 848 1776 κεφαλὴν,
865 1741 912 1768 καὶ

117 1788 170 1815 τοῦ
184 1788 269 1824 Κριοῦ
287 1788 320 1815 τὰ
332 1787 403 1814 νῶτα
424 1787 494 1814 κατὰ
515 1787 626 1818 πλάτος,
650 1787 697 1813 καὶ
718 1787 765 1814 τοῦ
784 1787 911 1822 Περσέως

118 1834 172 1870 τὴν
187 1834 305 1870 κεφαλὴν
321 1834 369 1861 καέι
385 1834 433 1869 τὴν
447 1833 535 1867 δεξιὰν
551 1834 639 1869 χεῖρα.

163 1879 197 1906 Ἦ
223 1880 272 1914 μὲν
297 1877 343 1906 οὖν
372 1879 501 1915 ἀριστερὰ
529 1881 588 1915 χεὶρ
618 1879 667 1906 τοῦ
694 1879 911 1915 Ἀρκτοφύλακος

119 1926 298 1954 ὑπολείπεται
316 1926 363 1953 τοῦ
378 1925 522 1962 εἰρημένου
546 1925 644 1952 κύκλου
666 1925 703 1957 ὡς
720 1925 805 1960 ἥμισυ
829 1926 912 1961 μέρος

119 1973 231 2006 ζωδίου,
249 1973 295 1999 καί
308 1973 358 1999 οὐκ
372 1973 415 1999 ἐπ’
427 1972 509 1999 αὑτοῦ
525 1971 635 2007 φέρεται
655 1971 702 1998 τοῦ
722 1971 766 1998 διὰ
780 1971 834 1997 τῶν
852 1972 910 2006 ἰση-

120 2019 244 2055 μερινῶν
265 2019 384 2054 σημείων
405 2018 516 2049 κύκλου,
529 2017 566 2049 ὡς
580 2017 693 2049 Εὔδοξός
708 2025 800 2052 φησιν.
817 2017 845 2044 Ὀ
857 2017 911 2053 γὰρ

119 2065 272 2101 ἡγούμενος
291 2063 344 2090 τῶν
369 2065 397 2090 ὲν
417 2064 484 2099 αὐτῇ
497 2064 590 2098 ἐπέχει
608 2062 705 2098 Χηλῶν
722 2062 840 2098 πλεῖονῆ
855 2064 910 2098 μοῖ.

120 2113 171 2145 ιγ’.
188 2110 291 2144 Ἀγνοεῖ
305 2109 334 2135 δὲ
346 2109 392 2135 καὶ
408 2109 487 2144 μέσον
501 2108 584 2134 αὑτοῦ
598 2108 629 2134 τὸ
644 2108 723 2143 σῶμα
739 2107 809 2134 κατὰ
826 2108 912 2143 μῆκος

120 2157 178 2184 ὑπὸ
188 2156 234 2182 τοῦ
247 2155 391 2191 εἰρημένου
406 2154 505 2182 κύκλου
516 2154 661 2190 τέμνεσθαι
670 2154 765 2189 λέγων·
775 2155 788 2181 ό
798 2154 848 2189 μὲν
858 2154 912 2190 γὰρ

119 2204 172 2230 ἐπὶ
185 2203 234 2238 τῆς
250 2202 369 2237 κεφαλῆς
388 2201 475 2237 ἀστὴρ
494 2201 584 2236 ἐπέχει
599 2200 695 2237 Χηλῶν
709 2201 772 2237 περὶ
793 2202 847 2236 μοῖ.
874 2203 911 2233 ις’

958 269 1041 304 igitur
1060 270 1159 296 collum
1186 270 1271 306 Hydri
1286 270 1402 306 longiori
1428 270 1517 298 adhuc
1538 271 1572 299 ab
1588 279 1621 299 eo
1638 272 1742 300 circulo

958 314 1046 348 spatio
1059 314 1174 342 distare.

993 359 1111 388 XXVlll.
1129 359 1197 387 Nam
1213 360 1247 388 de
1260 361 1333 396 Argo
1353 361 1423 390 falsa
1440 367 1504 389 sunt
1524 371 1585 398 quae
1607 363 1678 391 idem
1697 363 1743 391 ille

958 408 1079 442 scripsit.
1097 409 1126 435 ln
1146 409 1277 436 australis
1291 417 1355 436 vero
1374 409 1461 436 Piscis
1476 410 1562 437 cauda
1584 410 1742 445 praecedens

959 454 1077 482 maxime
1087 455 1172 482 distat
1181 463 1195 482 ει
1205 457 1291 490 primo
1299 456 1422 491 partibus
1429 456 1545 491 amplius
1552 456 1598 484 25.
1610 456 1742 483 Tantum-

959 499 1021 526 dem
1035 506 1101 534 ergo
1114 499 1233 527 abestab
1247 508 1279 527 co
1293 508 1373 535 quem
1389 500 1444 528 dixi
1459 501 1573 533 circulo,
1591 508 1641 528 nec
1660 501 1687 528 in
1709 509 1742 528 eo

958 549 1092 572 movetur.
1109 547 1143 572 At
1172 546 1279 581 Sagitta
1305 550 1407 581 quanta
1427 550 1529 581 quanta
1548 551 1590 574 est
1608 547 1691 574 distat
1708 547 1742 574 ab

958 591 1053 618 eodem
1067 592 1184 624 circulo,
1201 600 1252 620 nec
1267 593 1302 620 ab
1317 600 1348 620 eo
1361 593 1450 620 media
1465 597 1584 620 secatur.
1595 592 1662 619 Nam
1673 600 1743 629 prae-

958 634 1059 662 cedens
1075 635 1104 662 in
1122 635 1180 670 ipsa
1199 636 1279 663 stella
1293 635 1380 663 distat
1394 639 1472 671 parte
1487 643 1552 662 una.
1567 634 1658 668 Quare
1670 635 1742 663 bifa-

958 681 1028 707 riam
1039 681 1073 708 ab
1090 682 1137 708 illo
1155 682 1259 709 circulo
1280 682 1365 709 dividi
1381 689 1435 709 non
1452 686 1550 716 potest.
1569 681 1702 709 Similiter
1716 685 1744 709 et

958 726 1068 762 Cygnus
1082 731 1157 755 totus
1173 729 1208 755 ad
1231 727 1365 755 orientem
1381 728 1514 755 obversus
1525 732 1567 755 est
1584 728 1608 754 ei
1626 728 1742 756 circulo.

959 772 1047 807 llujus
1064 774 1137 800 enim
1151 774 1319 809 praecedens,
1335 778 1362 801 et
1379 775 1406 801 in
1428 779 1552 802 extremo
1566 778 1658 802 rostro
1678 775 1742 806 sita,

959 819 1043 846 distat
1057 825 1133 854 parte
1150 819 1162 845 1
1180 820 1242 855 1/2.
1252 820 1352 847 Earum
1366 821 1445 856 117
1453 828 1527 853 vero,
1541 828 1602 856 quae
1614 821 1641 848 in
1652 826 1743 849 extre-

959 865 1055 892 mitate
1063 869 1128 892 sunt
1143 865 1192 893 alat
1201 866 1314 898 dextrae,
1324 874 1384 901 quae
1395 867 1428 893 ad
1440 867 1610 895 occidentem
1625 868 1744 896 maxime

959 912 1076 943 spectat,
1089 911 1167 937 abest
1177 917 1191 936 a
1207 911 1291 945 priori
1301 916 1378 945 parte
1391 919 1446 939 non
1457 913 1575 947 amplius
1583 912 1600 939 6
1612 913 1672 948 l/‘Z.
1683 913 1742 941 Non

960 957 1050 988 potest
1060 953 1142 988 igitur
1151 962 1186 981 ne
1200 955 1301 982 collum
1316 955 1425 990 quidem
1435 955 1532 992 Cygni,
1544 965 1634 993 neque
1648 959 1743 986 dextra

958 1000 1019 1034 ejus
1034 1000 1076 1027 ala
1089 1000 1118 1027 in
1129 1001 1176 1028 illo
1192 1001 1296 1029 circulo
1312 1002 1450 1032 collocari.

993 1089 1053 1117 Jam
1073 1091 1185 1119 sinistra
1204 1092 1304 1128 Cephei
1323 1101 1421 1122 manus
1438 1094 1517 1130 longe
1530 1095 1563 1123 ab
1579 1101 1675 1123 eodem
1689 1096 1744 1124 cir-

959 1137 1023 1163 culo
1041 1137 1161 1164 declinat
1180 1138 1213 1165 ad
1235 1140 1379 1167 orientem.
1400 1140 1468 1168 Nam
1484 1149 1545 1176 qua:
1565 1146 1630 1169 sunt
1655 1143 1683 1170 in
1709 1143 1744 1170 il-

959 1182 1012 1209 lius
1030 1184 1128 1218 capite,
1151 1186 1300 1218 praesertim
1320 1187 1523 1220 antecedentes,
1543 1188 1654 1223 Aquarii
1680 1186 1744 1225 par;

959 1232 1013 1255 tem
1030 1229 1154 1257 obtinent
1170 1231 1288 1266 amplius
1310 1228 1454 1259 decimam.
1472 1232 1574 1261 Lucida
1591 1243 1664 1266 vero.
1683 1243 1745 1270 qua

959 1280 1000 1301 est
1016 1275 1042 1301 in
1058 1275 1169 1303 sinistra
1187 1285 1279 1308 manu,
1302 1286 1385 1313 quam
1403 1280 1517 1307 humero
1537 1281 1647 1315 quidam
1667 1284 1745 1310 attri-

960 1321 1058 1354 buunt,
1087 1322 1200 1356 Aquarii
1221 1324 1327 1351 obtinet
1349 1330 1454 1360 partem
1470 1326 1516 1354 25.
1544 1326 1743 1362 Propemodum

959 1375 1024 1402 ergo
1058 1368 1198 1403 signorum
1229 1370 1345 1397 duorum
1373 1372 1517 1400 intervallo
1549 1372 1676 1401 declinat.
1706 1374 1744 1402 De

959 1413 1028 1441 ﬂexu
1050 1413 1189 1450 Serpentis
1206 1421 1233 1443 et
1259 1417 1345 1444 cauda
1373 1418 1486 1447 minoris
1505 1419 1580 1447 Ursa:
1600 1424 1673 1448 recte
1699 1422 1745 1449 ille

960 1460 1064 1487 statuit.

996 1503 1090 1531 XXIX.
1104 1503 1132 1531 ln
1141 1506 1225 1532 altero
1236 1506 1329 1534 coluro
1340 1507 1418 1535 sitam
1430 1517 1491 1537 esse
1502 1512 1597 1539 scribit
1606 1512 1744 1540 sinistram

960 1547 1168 1585 Arctophylacis
1182 1559 1301 1585 manum,
1318 1560 1349 1579 ac
1363 1562 1412 1588 per
1427 1555 1545 1583 medium
1560 1557 1649 1592 ipsum
1659 1561 1746 1585 trans-

961 1595 1001 1623 ire
1037 1597 1186 1624 secundum
1222 1599 1436 1635 longitudinem;
1468 1602 1566 1630 deinde
1597 1603 1744 1632 Chelarum

960 1642 1078 1669 medium
1092 1643 1241 1672 secundum
1262 1646 1445 1675 latitudinem.
1462 1648 1591 1676 Centauri
1613 1655 1746 1685 prmterea

961 1687 1084 1715 dextram
1106 1697 1215 1716 manum
1248 1694 1275 1719 ct
1301 1693 1438 1720 anteriora
1462 1701 1560 1728 genua.
1587 1694 1651 1723 Post
1675 1705 1746 1725 nun-

961 1741 1042 1768 quam
1059 1741 1233 1770 apparentem
1251 1738 1353 1772 poluxn,
1368 1739 1466 1766 Ilexum
1489 1739 1632 1773 Fluminis,
1646 1746 1673 1770 et
1685 1743 1744 1771 Ceti

959 1784 1050 1814 caput,
1063 1783 1089 1807 et
1107 1780 1208 1808 Arietis
1223 1786 1297 1817 terga
1313 1785 1463 1811 secundum
1486 1785 1670 1820 latitudinem,
1683 1787 1745 1816 Per-

961 1824 999 1852 sei
1019 1830 1102 1860 caput
1121 1834 1183 1853 cum
1201 1827 1296 1855 dextra
1316 1837 1409 1858 manu.

995 1870 1077 1907 Atqui
1094 1872 1159 1899 laeva
1185 1881 1282 1902 manus
1308 1876 1514 1912 Arctophylacis
1531 1878 1607 1906 abest
1632 1879 1668 1906 ab
1691 1880 1745 1908 isto

960 1918 1062 1945 circulo
1082 1919 1224 1947 intervallo
1253 1921 1309 1948 fere
1325 1922 1429 1950 dimidii
1448 1924 1536 1959 signi;
1569 1933 1619 1952 nec
1644 1925 1671 1953 in
1686 1927 1746 1962 ipso

961 1965 1066 1992 circulo
1076 1966 1128 1993 sita
1142 1970 1195 1997 est,
1208 1967 1253 2002 qui
1264 1975 1311 2002 per
1319 1969 1519 2004 aaquinoctialia
1536 1975 1637 2005 puncta
1652 1975 1743 2000 trans-

961 2011 1002 2044 it,
1029 2015 1058 2038 ut
1082 2011 1210 2040 Eudoxus
1233 2013 1356 2043 ailirmat.
1382 2015 1489 2043 Etenim
1515 2017 1681 2045 antecedens
1698 2026 1744 2046 ea—

961 2065 1032 2087 rum.
1053 2066 1113 2093 quas
1133 2059 1161 2086 in
1181 2059 1226 2086 illa
1247 2064 1321 2092 sunt,
1339 2060 1484 2089 Clielarum
1509 2063 1615 2090 obtinet
1639 2068 1745 2099 partem

962 2104 1078 2138 amplius
1103 2105 1146 2132 15.
1171 2104 1304 2133 Praeterea
1322 2107 1348 2133 in
1370 2115 1402 2134 eo
1425 2115 1535 2143 quoque
1561 2108 1747 2138 hallucinatus

961 2154 1013 2183 est,
1034 2150 1106 2185 quod
1133 2151 1251 2178 medium
1273 2159 1372 2187 corpus
1394 2153 1478 2186 illius,
1494 2154 1644 2182 secundum
1660 2155 1745 2190 longi-

963 2196 1095 2229 tudinem,
1112 2197 1147 2225 ab
1167 2205 1198 2224 eo
1218 2205 1298 2232 quem
1323 2198 1442 2227 diximus
1466 2200 1554 2227 secari
1576 2200 1680 2228 circulo
1695 2209 1746 2236 pu-

119 2248 174 2277 καὶ
192 2248 327 2284 δίμοιρον·
349 2249 363 2274 ὁ
382 2247 409 2274 δὲ
426 2248 455 2273 ὲν
469 2247 508 2282 τῷ
526 2246 605 2282 δεξιῷ
628 2247 688 2273 ποδὶ
707 2247 798 2282 ὲπέχει
813 2246 909 2282 Χηλῶν

963 2246 1010 2270 tat.
1028 2242 1134 2270 Etenim
1149 2251 1209 2278 qua:
1223 2248 1264 2270 est
1279 2244 1305 2271 in
1318 2244 1378 2278 cjus
1395 2245 1482 2279 capite
1495 2245 1585 2277 stella,
1598 2245 1747 2274 Chelarum

119 2295 189 2330 περὶ
205 2295 260 2330 μοῖ.
272 2293 308 2320 κδ’
321 2293 364 2326 S",
379 2293 398 2319 δ’
408 2302 414 2308 ·
428 2294 441 2320 ὁ
461 2292 488 2319 δὲ
500 2294 528 2319 ἐν
545 2294 577 2328 τῇ
595 2292 666 2328 ζώνῃ
680 2292 804 2327 λαμπρὸς
818 2292 912 2327 ἐπέχει

119 2340 221 2376 Χηλῶν
237 2340 300 2375 περὶ
318 2341 370 2375 μοῖ.
396 2339 425 2365 ιδ’
442 2340 488 2366 καὶ
502 2338 540 2373 γ’·
558 2340 572 2365 ὁ
590 2339 618 2365 δὲ
638 2339 666 2364 ὲν
687 2339 720 2373 τῇ
742 2338 818 2373 δεξιᾷ
841 2338 911 2374 χειρὶ

118 2386 172 2414 τοῦ
197 2385 351 2421 Κενταύρου
375 2385 546 2411 ὑπολείπεται
573 2384 619 2411 τοῦ
644 2384 788 2419 εἰρημένου
813 2383 911 2410 κύκλου

120 2432 189 2467 περὶ
205 2431 225 2457 δ’
244 2432 324 2467 μέρος
348 2431 451 2463 ζωδίου.
477 2431 581 2466 Ἑπέχει
608 2430 661 2466 γὰρ
684 2429 780 2465 Χηλῶν
797 2431 852 2465 μοῖ.
875 2434 909 2465 η’.

125 2479 162 2505 Ἦ
177 2478 205 2504 δὲ
218 2478 321 2513 κεφαλὴ
334 2478 380 2504 τοῦ
398 2478 503 2512 Κήτους
522 2476 696 2503 ὑπολείπεται
716 2477 764 2511 μὲν
784 2476 831 2502 τοῦ
847 2485 912 2511 προ-

120 2524 270 2560 ειρημένου
283 2523 382 2550 κύκλου
392 2532 398 2538 ·
413 2523 443 2549 ού
457 2523 523 2550 πολὺ
535 2523 574 2549 δέ.
592 2523 620 2549 '0
633 2523 687 2557 γὰρ
699 2522 845 2557 σύνδεσμος
859 2522 912 2549 τῶν

127 2569 252 2605 Ἰχθύων,
276 2570 305 2600 ὃς
329 2571 417 2596 κεῖται
442 2568 511 2604 μετὰ
531 2569 580 2604 τὴν
606 2568 726 2604 κεφαλὴν
744 2561 791 2594 τοῦ
809 2568 913 2603 Κήτους

121 2616 173 2643 ἐπὶ
187 2616 236 2650 τῆς
249 2615 344 2650 λοφίας
362 2614 456 2646 αὐτοῦ,
472 2614 564 2650 ὲπέχει
583 2614 668 2650 Κριοῦ
685 2615 739 2649 μοί.
755 2617 789 2648 γ’,
806 2613 836 2642 δ’.
858 2614 912 2640 Καὶ

124 2663 182 2699 μὴν
197 2662 256 2689 οὐδὲ
270 2661 316 2688 τοῦ
336 2661 422 2697 Κριοῦ
435 2661 470 2688 τὰ
491 2661 562 2688 νῶτα
579 2661 624 2687 ἐπὶ
643 2659 689 2687 τοῦ
704 2660 848 2696 εἰρημένου
863 2660 911 2686 κύ-

121 2709 190 2736 κλου
208 2710 312 2735 κεῖται·
333 2707 400 2734 ἀλλὰ
420 2707 593 2734 ὑπολείπεται
617 2707 706 2734 πλεῖον
721 2707 738 2744 ἧ
756 2706 848 2742 τρίτον
866 2706 913 2741 μέ-

124 2761 174 2790 ρος
190 2752 295 2785 mare...
319 2753 347 2779 '0
364 2752 417 2788 γὰρ
432 2753 461 2778 ὲν
477 2751 552 2787 μέσῳ
572 2751 610 2786 τῷ
631 2751 708 2786 νώτῳ
724 2749 805 2777 αὑτοῦ
822 2750 914 2786 κείμε-

123 2808 172 2831 νος
185 2799 271 2835 ἀστὴρ
285 2800 377 2835 ἐπέχει
392 2798 477 2833 Κριοῦ
497 2800 550 2833 μοϊ.
570 2802 605 2825 ια’
626 2798 668 2824 S".
691 2798 804 2833 Ὁμοίως
826 2797 912 2824 δὲκαὶ

163 2878 187 2894 ⁷⁸
204 2885 247 2914 7p.
266 2877 319 2904 ἀπὸ
331 2878 384 2905 τῶν
400 2881 432 2904 α’.
472 2879 491 2893 τ’
507 2878 526 2912 f.
548 2877 593 2903 καὶ
607 2877 651 2903 τά.

961 2293 1066 2324 partem
1080 2289 1185 2317 obtinet
1198 2290 1308 2317 circiter
1321 2290 1354 2317 16
1369 2291 1423 2326 2/5
1433 2300 1440 2324 ;
1452 2299 1513 2326 quae
1526 2293 1552 2319 in
1564 2293 1659 2320 dextro
1667 2293 1748 2329 pede,

961 2335 1105 2362 Chelarum
1123 2335 1232 2362 circiter
1245 2335 1290 2367 24,
1305 2336 1363 2367 4ἰι’;
1383 2344 1443 2371 quae
1458 2337 1484 2363 in
1502 2345 1571 2364 zona
1587 2343 1629 2366 cst
1645 2339 1749 2372 lucida,

961 2380 1106 2408 Cbelarum
1127 2381 1183 2408 fere
1197 2386 1299 2415 partem
1315 2382 1357 2413 M,
1369 2382 1411 2408 20’
1421 2391 1428 2416 ;
1449 2390 1509 2417 quae
1522 2384 1548 2410 in
1565 2384 1663 2412 dextra.
1676 2385 1746 2413 Cen-

963 2426 1033 2453 tauri
1047 2434 1137 2459 manu,
1155 2427 1232 2454 abest
1243 2427 1276 2454 ab
1292 2428 1337 2454 illo
1352 2428 1620 2463 circulo‘quadranle
1636 2430 1750 2458 circiter

963 2473 1045 2508 signi.
1055 2472 1122 2499 Nam
1133 2472 1278 2500 Chelaruni
1295 2477 1398 2508 partem
1408 2475 1512 2502 obtinet
1521 2476 1547 2502 8.
1560 2476 1648 2510 Caput
1663 2484 1749 2511 porro

962 2518 1019 2545 Ceti
1049 2519 1132 2546 distat
1156 2520 1264 2554 quidem
1291 2521 1325 2547 ab
1356 2521 1449 2548 eodem
1478 2522 1595 2554 circulo;
1621 2523 1668 2550 sed
1690 2531 1748 2550 non:

963 2571 1061 2599 magno
1079 2565 1177 2599 spatio.
1192 2565 1296 2601 Quippe
1312 2567 1400 2594 nodus
1413 2566 1543 2599 Piscium,
1565 2569 1610 2602 qui
1623 2572 1684 2602 post
1699 2576 1748 2595 cn—

963 2615 1011 2644 put
1026 2609 1085 2637 Ceti
1114 2611 1221 2645 positus
1240 2617 1291 2642 est,
1321 2613 1348 2639 in
1365 2613 1480 2647 ejusque
1496 2609 1611 2644 cervice,
1641 2613 1745 2641 obtinet

963 2656 1063 2684 Arietis
1078 2662 1180 2692 partem
1203 2658 1229 2690 5,
1246 2658 1295 2685 l5’.
1316 2658 1368 2686 Sed
1386 2667 1434 2686 nec
1450 2659 1550 2686 Arietis
1565 2664 1640 2694 terga
1655 2659 1682 2686 in
1698 2659 1747 2687 illo

963 2703 1058 2730 eodem
1073 2704 1177 2731 circulo
1197 2704 1356 2732 collocanda
1375 2709 1448 2732 sunt.
1473 2705 1493 2731 A
1509 2713 1563 2740 quo
1578 2706 1694 2740 amplius
1707 2706 1745 2733 si-

963 2749 1008 2785 gni
1024 2750 1124 2778 triente
1139 2750 1251 2779 distant.
1272 2750 1340 2778 Nam
1354 2759 1414 2786 quae
1433 2751 1511 2779 stella
1530 2751 1600 2779 inest
1611 2752 1637 2778 in
1656 2751 1746 2780 medio

964 2797 1037 2825 illius
1046 2801 1132 2832 tergo,
1147 2798 1246 2825 Arietis
1267 2798 1371 2824 obtinet
1386 2801 1490 2832 partem
1509 2798 1623 2832 amplius
1635 2798 1664 2825 Η
1682 2798 1744 2834 1/2.
