1898 3145
102 170 173 198 1065

576 165 760 192 lllPl’ARCH‘l
775 164 819 191 AD
833 163 1058 191 ΡΗᾸΞΝΟΜΕΝΑ
1074 165 1136 191 LlB.
1155 165 1190 192 11.

1652 166 1719 193 1035

100 228 190 254 (ἰαίνει
209 226 339 262 διαφορὰν
361 227 390 252 ὲν
410 227 470 258 ταῖς
491 225 631 256 ἀνατολαῖς
653 225 706 251 τῶν
728 224 760 259 ιβ’
777 223 877 255 ξωδίων

941 226 998 250 tum
1017 223 1163 251 discrimen
1177 228 1218 251 est
1231 224 1258 250 in
1279 223 1423 251 duodecim
1439 225 1578 259 signorum
1595 224 1718 251 ortibus:

101 272 230 307 ἀγνοήσει
248 271 298 306 τὴν
319 270 369 305 τῆς
393 270 488 301 νυκτὸς
510 269 583 305 ὤραν
603 270 618 294 ό
639 268 677 304 τῷ
700 267 889 303 προειρημένῳ

102 316 276 352 συλλογισμῷ
291 315 441 351 χρώμενος.
459 315 581 342 Μάλιστα
596 315 618 341 δ’
632 315 664 341 ἀν
686 323 726 345 τις
737 312 889 348 θαυμάσειε

101 361 162 393 πῶς
190 361 238 388 καὶ
261 362 275 388 ό
293 360 424 392 ’Ἄτταλος
447 359 671 394 συγκατατίθεται
697 358 794 393 τούτῳ.
809 357 888 391 Λέγει

101 407 159 443 γὰρ
173 407 218 434 τὸν
229 407 328 442 τρόπον
342 406 451 433 τοῦτον·
468 416 478 431 ι
501 406 544 432 Ἑν
562 406 591 432 δὲ
608 406 664 437 τοῖς
676 404 813 440 ἐχομένοις
829 412 888 430 πει-

103 454 185 489 ρᾶται
199 452 395 484 ὑποδεικνύειν,
414 451 473 484 πῶς
488 452 520 479 ἄν
534 460 576 483 τις
591 451 636 477 διὰ
653 450 707 478 τῶν
720 451 826 486 ἄστρων
844 449 889 475 δύ-

101 508 177 527 ναιτο
191 499 239 535 τὴν
252 498 325 534 ὥραν
342 498 392 533 τῆς
404 498 499 529 νυκτὸς
512 497 729 532 ἐπιγιγνώσκειν.
746 496 822 523 Ἐπεὶ
834 496 888 531 γάρ

98 546 176 572 ἐστιν
190 544 262 580 ἀρχὴ
275 544 369 575 νυκτὸς
380 543 456 579 ἡλίου
469 543 544 575 δύσις
553 552 559 558 ·
577 544 592 569 ό
604 543 632 569 δὲ
646 543 721 578 ἥλιος
734 542 777 569 ἀεὶ
789 542 817 568 ἐν
836 550 888 567 τινι

99 591 156 617 τῶν
168 590 201 626 ιβ’
215 590 316 622 ζωδίων
329 590 386 616 ἐστι
396 599 402 605 ·
419 589 507 624 δῆλον,
519 589 559 616 ὅτι
572 588 610 624 τῷ
621 587 782 623 γινώσκοντι
795 588 824 613 ὲν
836 587 887 614 τίνι

97 645 129 663 τε
141 636 227 671 ζωδίῳ
237 637 251 662 ό
262 636 337 671 ἥλιός
350 636 418 666 ἐστι,
429 636 474 661 καὶ
487 635 516 661 ὲν
530 634 616 671 πόστῃ
629 634 709 669 μοίρᾳ
721 633 767 660 τοῦ
781 633 886 666 ζωδίου,

99 683 192 718 ῥᾴδιόν
210 683 281 708 ἐστιν
296 681 452 715 ἐπιγνῶναι,
477 681 524 707 καὶ
548 682 622 706 ποῖον
646 679 739 712 ζώδιον
766 680 795 705 ὲν
816 680 886 714 ἀρχῇ

95 729 149 763 τῆς
164 728 258 759 νυκτὸς
274 727 422 759 ἀνατέλλει,
438 726 484 752 καὶ
504 726 567 761 ποίᾳ
591 725 681 761 μοίρᾳ.
701 725 740 760 Τῇ
763 725 817 760 γὰρ
836 725 887 751 ὑπὸ

97 775 146 801 τοῦ
162 774 236 810 ἡλίου
251 773 419 808 κατεχομένη
439 772 520 807 μοίρᾳ
541 773 558 807 ἡ
582 771 652 798 κατά
669 771 812 806 διάμετρον
831 779 887 797 κει-

100 822 171 857 μένη
184 820 233 856 τὴν
246 820 377 855 ἀνατολὴν
395 819 466 845 κατὰ
475 818 523 853 τὴν
539 817 626 853 ἀρχὴν
640 818 690 852 τῆς
700 816 797 848 νυκτὸς
809 817 888 851 ποιή-

100 877 152 894 σει.
169 867 252 894 Τοῦτο
271 867 299 893 δὲ
320 865 525 902 προῖστορηκὼς
541 865 587 892 καὶ
602 863 774 898 ἐπεγνωκὼς,
795 863 835 889 ὃτι
857 863 886 889 ὲν

98 915 174 949 πάσῃ
197 914 274 940 νυκτὶ
294 916 320 945 ς’
346 911 428 944 ζώδια
452 911 521 947 πρὸς
542 912 574 946 τῇ
596 909 709 945 ἀνατολῇ
735 909 885 943 ἀνίσχουσι,

97 959 232 993 γνώσεται
260 959 305 985 καὶ
330 958 411 984 πόσον
430 958 479 992 τῆς
497 956 590 989 νυκτὸς
611 954 795 991 παρεληλυθός
816 955 884 986 ἐστι,

95 1006 147 1032 καὶ
158 1006 240 1031 πόσον
256 1005 286 1031 τὸ
297 1005 387 1031 λοιπὸν
398 1004 450 1035 ἕως
466 1004 514 1038 τῆς
526 1002 573 1029 τοῦ
591 1002 665 1037 ἡλίου
681 1001 820 1036 ἀνατολῆς.
837 1010 846 1026 ι

136 1095 212 1122 Μετὰ
233 1095 260 1121 δὲ
283 1093 367 1120 ταῦτα
380 1093 491 1128 λέληθεν
512 1092 684 1128 ἀμφοτέρους
705 1091 821 1123 αὐτοὺς,
842 1090 884 1116 ὅτι

92 1142 154 1168 οὐδ’
167 1141 200 1167 av
210 1140 276 1167 αὐτὸ
287 1140 317 1167 τὸ
332 1139 425 1171 ζώδιον
442 1139 526 1174 βλέπῃ
540 1147 581 1170 τις
597 1137 788 1168 ἀνατεταλκδς,
805 1136 884 1162 δυνα-

97 1188 144 1219 τός
159 1188 233 1213 ἐστιν
248 1185 369 1220 ἀκριῦὧς
381 1186 430 1221 τὴν
454 1184 528 1220 ὥραν
542 1184 592 1218 τῆς
609 1183 705 1214 νυκτὸς
726 1182 883 1216 συλλογίσα-

99 1234 162 1260 σΘαι
188 1230 258 1259 κατά
281 1232 326 1258 τὸν
351 1230 550 1267 προειρημένον
576 1229 684 1265 τρόπον.
706 1228 738 1254 El
761 1228 809 1263 μὲν
828 1227 883 1263 γὰρ

96 1281 214 1306 ἕκαστον
235 1278 290 1305 τῶν
304 1277 506 1313 ὴστερισμένων
523 1276 572 1303 καὶ
588 1275 762 1311 βλεπομένων
779 1273 881 1305 ζωδίων

97 1323 300 1359 συνεπληροῦτο
313 1322 374 1349 καθ’
388 1322 417 1348 ἓν
431 1321 665 1356 δωδεκατημόριον
682 1319 731 1346 τοῦ
749 1318 881 1350 ζωδιακοῦ

96 1371 210 1402 κύκλου,
222 1369 286 1406 παρ’
299 1369 382 1405 αὐτὴν
399 1369 482 1404 μόνην
496 1367 545 1403 τὴν
559 1367 588 1393 ὲν
601 1368 660 1397 ταῖς
672 1365 815 1396 ἀνατολαῖς
828 1363 882 1391 τῶν

92 1417 201 1453 ,χρόνων
223 1415 368 1450 ἀνισότητα
392 1413 583 1448 διεπίπτομενο
609 1412 670 1438 ἐπεὶ
690 1411 717 1437 δὲ
741 1410 802 1436 οὐδὲ
825 1411 881 1441 τοῖς

93 1462 342 1498 δωδεκατημορίοις
361 1462 407 1488 ἴσα
419 1461 477 1487 ἐστὶ
493 1459 528 1486 τὰ
548 1458 698 1494 φαινόμενα
715 1456 807 1489 ζώδια,
826 1455 880 1482 οὒτ’

95 1512 126 1537 ὲν
141 1511 198 1541 τοῖς
218 1509 292 1539 ἰδίοις
308 1509 394 1534 κεῖται
415 1506 508 1536 τόποις
529 1505 635 1532 ἅπαντα
647 1513 653 1518 ·
669 1503 738 1530 ἀλλὰ
757 1503 817 1529 τινὰ
832 1503 880 1537 μὲν

95 1555 187 1583 αὐτῶν
199 1553 332 1581 ἐλάσσονά
356 1554 412 1579 ἐστι
431 1551 478 1579 τοῦ
494 1549 728 1585 δωδεκατημορίου
740 1570 747 1581 ,
771 1548 830 1576 τινὰ
851 1548 879 1574 δὲ

84 1601 188 1636 ’πολλῷ
214 1600 341 1636 μείζονα”
357 1598 482 1633 καθάπερ
503 1596 603 1628 εὐθέως
627 1597 641 1622 ὁ
669 1596 718 1631 μὲν
744 1595 880 1630 Καρκίνος

90 1648 157 1674 οὐδὲ
169 1647 199 1673 τὺ
218 1647 307 1681 τρίτον
330 1645 412 1680 μέρος
427 1644 519 1679 ἐπέχει
532 1643 578 1670 τοῦ
594 1642 829 1676 δωδεκατημορίου
839 1648 845 1655 ·
862 1640 878 1675 ή

94 1693 125 1719 δὲ
138 1692 276 1727 Παρθένος
294 1692 340 1716 καὶ
353 1690 398 1716 τοῦ
418 1689 540 1720 Λέοντος,
560 1688 608 1714 καὶ
629 1686 682 1713 τῶν
703 1685 800 1721 Χηλῶν
820 1685 879 1711 ἐπι-

96 1738 249 1774 λαμϐάνει’
266 1736 320 1762 τῶν
332 1736 360 1762 δὲ
378 1734 486 1770 Ἰχθύων
502 1735 516 1760 ό
532 1732 689 1767 νοτιώτερος
707 1732 766 1763 ὃλος
786 1731 878 1766 σχεδὸν

95 1786 125 1811 ὲν
138 1783 177 1819 τῷ
194 1783 239 1809 τοῦ
255 1782 394 1817 Ὑδροχόου
415 1782 500 1807 κεῖται
514 1778 755 1814 δωδεκατημορίῳ·
773 1777 830 1808 πῶς
845 1777 877 1803 ἃν

93 1831 138 1865 εἴη
155 1829 267 1856 δυνατὸν
294 1829 326 1854 ὲκ
347 1828 396 1863 τῆς
418 1825 545 1861 τοιαύτης
566 1825 620 1852 τῶν
645 1824 748 1851 δώδεκα
776 1823 878 1855 ζωδίων

93 1876 223 1911 ὲπιτολῆς
239 1875 288 1910 τῆς
302 1874 397 1906 νυκτὸς
417 1873 491 1909 ὦραν
507 1870 712 1906 συλλογίσασθαι
725 1878 731 1902 ;
748 1869 832 1896 Ὅταν
849 1868 878 1894 δέ

93 1932 157 1950 τινα
169 1921 259 1949 αὐτῶν
278 1921 343 1956 μηδὲ
359 1921 386 1946 ὲν
403 1919 440 1955 τῷ
454 1917 577 1953 ζωδιακῷ
591 1916 683 1952 κύκλῳ
698 1915 817 1950 τυγχάνῃ
830 1914 878 1941 ὅλα

93 1971 220 2005 κείμενα,
238 1968 305 1995 ἀλλὰ
318 1966 405 2001 πολλῷ
425 1964 590 2001 βορειότερα,
609 1962 733 1997 καθάπερ
750 1961 805 1996 ἔχει
821 1961 834 1987 ὃ
847 1969 877 1986 τε

90 2017 171 2044 Λέων
199 2014 246 2041 καὶ
270 2015 284 2040 ὁ
309 2012 474 2049 βορειότερος
497 2010 551 2037 τῶν
577 2009 705 2045 Ἰχθύων
722 2007 811 2043 δῆλον,
838 2007 878 2034 ὅτι

93 2061 187 2096 πολλῷ
201 2060 298 2096 μᾶλλον
313 2060 438 2093 ἀγνοήσει
453 2056 503 2091 τὴν
517 2056 591 2092 ὣραν
609 2056 623 2081 ὁ
637 2056 669 2081 ἐκ
685 2055 734 2090 τῆς
745 2053 878 2089 ἀνατολῆς

91 2109 150 2136 τῶν
170 2106 338 2142 φαινομένων
355 2104 456 2136 ζωδίων
475 2101 651 2137 συλλογισμὸς
668 2101 768 2128 αὐτῶν.

130 2154 239 2184 Εὐθέως
253 2150 298 2178 οὖν
317 2151 363 2177 τοῦ
375 2150 398 2167 τι
414 2149 608 2185 ὴστερισμένου
625 2148 763 2183 Καρκίνου
781 2148 878 2174 ἀνατε-

90 2199 262 2234 ταλκότος,ή
278 2197 324 2224 τοῦ
348 2197 460 2227 Λέοντος
474 2194 578 2230 κεφαλὴ
603 2194 766 2229 ἀναφέρεται
790 2194 818 2220 ἐν
834 2193 877 2229 ,τῷ

902 893 923 921 Β

92 2245 268 2280 ὑποκειμένῳ
288 2243 420 2279 ὁρίζοντι,
439 2241 682 2275 συνανατελὶούσης
698 2241 765 2276 αὐτῇ
787 2241 835 2276 τῆς
851 2244 875 2276 η’
891 2234 914 2262 Ῑ)

92 2291 193 2328 μοίρας
207 2289 254 2316 τοῦ
274 2287 422 2324 Καρκίνου.
438 2287 467 2313 Ὀ
491 2287 607 2322 Ἄρατος
632 2286 740 2321 θεωρῶν
761 2287 810 2322 τὴν
829 2295 875 2313 κε-

90 2337 182 2373 φαλὴν
195 2335 242 2362 τοῦ
261 2335 372 2365 Λέοντος
388 2332 593 2364 ἀνατέλλουσαν,
608 2333 654 2359 καὶ
676 2333 875 2368 ὑπολαμϐάνων

88 2384 122 2410 τὸ
148 2381 217 2409 κατὰ
236 2381 281 2407 τὸν
303 2380 404 2407 Λέοντα
429 2378 659 2414 δωδεκατημόριον
679 2379 873 2415 ἀναφέρεσθαι,

89 2428 181 2464 τρισὶν
197 2427 267 2457 ὅλοις
282 2425 424 2460 ἡμιωρίοις
435 2420 572 2458 ἀγνοήσειῖ
590 2424 674 2451 Πάλιν
693 2426 707 2450 ό
724 2424 773 2459 μὲν
792 2425 876 2461 Σκορ-

91 2475 157 2506 πίος
169 2475 282 2509 ἄρχεται
297 2471 345 2507 μὲν
363 2471 450 2497 δύνειν
462 2470 658 2505 ἀνατελλούσης
674 2471 759 2506 Κριοῦ
777 2471 874 2507 μοίρας

89 2518 318 2556 τρισκαιδεκάτης
349 2517 450 2552 μέσηςσ
475 2516 534 2548 ὅλος
557 2517 586 2543 δὲ
608 2517 659 2543 ὑπὸ
686 2517 731 2543 τὸν
751 2517 874 2553 ὁρίζοντα

89 2566 199 2601 γίνεται
216 2563 411 2598 ἀνατελλούσης
427 2562 476 2596 τῆς
491 2565 516 2594 ς’
535 2562 588 2597 μοί.
604 2562 649 2589 τοῦ
665 2562 786 2598 Ταύρου’
807 2564 877 2590 ἀπο-

88 2610 253 2645 δεδείχαμεν
269 2609 323 2644 γὰρ
336 2608 370 2635 τὰ
390 2609 502 2634 τοιαῦτα
519 2608 608 2634 πάντα
623 2609 652 2634 ὲν
668 2610 723 2640 τοῖς
742 2609 806 2644 περὶ
821 2610 875 2636 τῶν

90 2655 291 2684 συνανατολῶν.
311 2655 395 2690 Δῆλον
408 2653 464 2685 οὖν⁷
487 2655 527 2681 ὅτι
550 2655 633 2690 χωρὶς
655 2655 701 2681 τοῦ
718 2655 747 2681 ὲν
773 2655 877 2687 ἀνίσοις

88 2703 200 2739 χρόνοις
215 2701 250 2727 τὰ
261 2701 293 2736 ιβ’
311 2700 392 2732 ζώδια
406 2699 597 2736 ἀναφέρεσθαι,
614 2699 659 2726 διὰ
672 2699 702 2726 τὸ
718 2700 764 2726 καὶ
781 2700 874 2726 ἀνισο-

91 2748 198 2785 μεγὲθη
212 2746 280 2774 εἶναι
293 2746 326 2774 τὰ
342 2746 434 2778 ζώδια,
453 2746 500 2772 καὶ
515 2746 638 2778 ἀτάκτως
653 2745 768 2777 κεῖπθαι,
788 2745 875 2772 πολλὰ

88 2793 307 2830 διαμαρτήσεται
324 2793 356 2828 τῇ
372 2792 430 2828 ὥρᾳ
442 2792 456 2817 ὁ
470 2791 537 2827 πρὸς
554 2792 599 2819 τὸν
618 2785 878 2827 φαινόμενον“’ἀστεῖ

128 2869 156 2885 ⁷⁸
175 2867 195 2896 Ῑ.
210 2868 272 2897 ἐπεὶ
290 2867 347 2894 τοῦ.

215 2915 352 2945 Parnm.
376 2913 434 2945 Gn.
458 2913 545 2945 XIX.

939 269 985 303 qui
998 269 1103 296 ratione
1113 270 1157 296 illa
1175 270 1213 296 uti
1223 270 1295 300 velit,
1311 269 1404 296 horam
1420 270 1509 296 noctis
1520 270 1628 304 assequi
1647 270 1722 297 nullo

940 314 1019 341 modo
1038 315 1149 349 poterit.
1177 314 1229 341 Sed
1250 315 1315 341 illud
1349 314 1442 341 mirari
1473 314 1556 346 subit,
1585 315 1723 349 quomodo

940 359 1002 387 huic
1019 360 1101 387 etiam
1129 360 1260 388 doctrinae
1283 361 1453 396 subscriptor
1473 360 1580 388 Attalus
1600 360 1720 388 accedat.

938 403 978 431 Ita
1005 405 1105 439 quippe
1123 405 1262 439 loquitur:
1282 414 1292 430 ‹
1312 404 1342 432 ln
1361 405 1539 440 sequentibus
1562 413 1646 440 porro
1674 405 1724 432 de-

939 455 1092 478 monstrare
1105 456 1222 478 conatur
1237 459 1292 487 qua
1311 452 1417 479 ratione
1439 451 1574 486 quispiam
1594 459 1609 479 e
1623 451 1721 478 sideri-

939 496 991 523 bus
1003 499 1165 524 nooturnam
1183 497 1277 524 horam
1291 497 1440 532 coniectari
1455 496 1564 532 poterit.
1577 495 1645 524 Nam
1656 503 1723 523 cum

939 542 976 570 sit
989 542 1078 570 noctis
1092 543 1204 571 initium
1224 543 1291 571 solis
1306 551 1433 576 occasus,
1448 543 1490 571 sol
1503 547 1596 570 autem
1618 542 1722 570 duode-

938 589 991 616 cim
1011 589 1150 624 signorum
1172 597 1281 624 semper
1302 589 1328 616 in
1352 590 1443 624 aliquo
1459 593 1604 623 versetur;
1620 590 1722 625 perspi-

937 641 1020 661 cuum
1043 639 1094 666 est,
1112 635 1159 670 qui
1171 635 1198 662 id
1212 636 1381 670 cognoverit,
1403 637 1430 663 in
1448 643 1502 671 quo
1525 636 1602 671 signo
1616 637 1658 664 sol
1673 643 1722 671 po-

938 681 1007 708 situs
1025 682 1070 713 sit,
1094 685 1121 709 et
1150 689 1203 716 qua
1225 681 1284 716 ejus
1304 682 1374 716 signi
1394 685 1480 717 parte,
1501 681 1579 710 facile
1597 683 1722 708 animad-

938 734 1081 754 versurum
1106 734 1185 758 esse.
1210 727 1281 762 quod
1304 727 1422 762 signum,
1446 732 1473 754 et
1498 735 1552 762 qua
1579 727 1659 762 119
1677 728 1721 754 sui

937 775 1014 806 parte
1030 773 1083 800 sub
1105 773 1212 800 initium
1238 773 1327 800 noctis
1345 774 1461 800 oriatur.
1483 773 1588 808 Quippe
1604 780 1667 808 pars
1683 774 1719 804 ei.

937 825 1019 852 quam
1034 819 1074 846 sol
1088 819 1203 850 obtinet,
1219 827 1252 846 ex
1265 819 1399 846 diametro
1413 819 1592 854 respondens,
1608 820 1721 846 ineunte

938 868 1018 891 nocte
1038 864 1215 892 conscendet.
1237 864 1293 892 lloc
1313 865 1437 899 quisquis
1454 870 1518 892 ante
1537 864 1673 897 didicerit,
1691 869 1720 892 et

937 909 1072 943 cognorit,
1097 909 1124 936 in
1139 911 1213 937 omni
1232 915 1311 938 nocte
1325 918 1372 938 sex
1390 911 1424 938 ab
1443 911 1547 938 oriente
1564 911 1641 946 signa
1652 919 1719 938 con-

936 963 1058 990 surgere,
1076 963 1129 982 non
1156 955 1294 990 ignorabit
1318 960 1420 990 quanta
1442 963 1506 991 pars
1523 956 1612 983 noctis
1628 960 1719 983 trans—

936 1005 996 1028 acta
1010 1001 1103 1034 fuerit,
1116 1005 1143 1029 et
1160 1006 1292 1037 quantum
1303 1010 1335 1029 ex
1353 1010 1383 1029 ea
1399 1002 1433 1029 ad
1448 1006 1538 1029 ortum
1552 1010 1638 1037 usque
1652 1003 1718 1030 solis

936 1048 1065 1082 supersit.
1081 1057 1090 1073 ν

970 1093 1101 1120 l’raaterea
1119 1092 1171 1120 hoc
1187 1093 1266 1120 ambo
1281 1093 1319 1120 illi
1332 1101 1503 1129 nequaquam
1518 1095 1717 1122 animadverte-

934 1142 1014 1169 runt,
1038 1139 1147 1166 tametsi
1174 1138 1240 1166 illud
1269 1139 1356 1174 ipsum
1383 1141 1490 1175 signum
1510 1147 1635 1168 exortum
1659 1141 1718 1176 jam

933 1191 994 1211 esse
1018 1184 1116 1212 viderit
1141 1185 1287 1220 quispiam,
1308 1193 1363 1213 non
1391 1194 1471 1221 posse
1495 1190 1585 1214 tamen
1612 1187 1717 1215 ratione

934 1229 998 1262 ista,
1011 1237 1092 1265 quam
1111 1230 1247 1263 diximus,
1263 1236 1364 1259 certato
1390 1233 1478 1260 noctis
1499 1233 1593 1260 horam
1614 1241 1716 1269 cogno-

933 1281 1021 1302 scere.
1039 1273 1143 1302 Etenim
1164 1276 1186 1303 si
1202 1276 1436 1307 constellatarum.
1458 1281 1484 1303 et
1508 1278 1714 1311 aspectabilium

933 1320 1080 1356 imaginum
1104 1321 1230 1356 qumlibet
1250 1325 1327 1356 parte
1351 1329 1404 1348 una
1427 1322 1586 1350 duodecima
1609 1323 1715 1351 zodiaci

932 1366 1100 1397 deliniretur,
1116 1367 1174 1394 sola
1190 1371 1342 1401 temporum
1363 1368 1389 1394 in
1414 1367 1520 1395 ortibus
1544 1368 1715 1403 inaqualitas

931 1419 1051 1440 errorem
1075 1412 1154 1439 nobis
1175 1412 1293 1440 och-rret.
1317 1413 1369 1440 Sed
1390 1414 1517 1448 quoniam
1539 1422 1626 1449 neque
1650 1423 1713 1442 cum

932 1458 1079 1492 segmentis
1099 1458 1164 1493 ipsis
1187 1457 1364 1492 autequantur
1377 1466 1437 1493 quae
1457 1466 1472 1485 a
1497 1460 1575 1487 nobis
1597 1468 1715 1487 cernun-

932 1506 977 1529 tur
1003 1502 1145 1538 imagines,
1165 1511 1253 1538 neque
1279 1504 1396 1539 propriis
1420 1504 1446 1531 in
1473 1505 1539 1532 locis
1565 1506 1623 1533 sitae
1649 1511 1713 1534 sunt

893 1559 914 1588 ε
931 1556 1037 1581 omnes,
1062 1550 1108 1578 scd
1129 1550 1252 1585 quaedam
1270 1550 1487 1580 dodecatemorio
1505 1560 1555 1580 suo
1576 1554 1712 1586 minores.

930 1595 1052 1629 quaedam
1077 1596 1195 1630 majores
1218 1596 1303 1623 multo
1326 1602 1390 1624 sunt
1408 1608 1414 1624 :
1432 1602 1461 1625 ut
1482 1600 1597 1634 exempli
1616 1607 1712 1633 causa,

929 1641 1035 1669 Cancer
1061 1650 1095 1669 ne
1121 1643 1228 1670 tertiam
1251 1643 1360 1678 quidem
1389 1646 1521 1679 segmenti
1537 1645 1589 1673 sui.
1607 1651 1711 1681 partem

929 1694 1060 1723 occupat;
1075 1692 1170 1716 contra
1192 1689 1272 1725 Virgo
1287 1689 1319 1717 de
1332 1689 1422 1717 Leone
1438 1698 1470 1718 ac
1485 1690 1576 1718 Chelis
1592 1692 1713 1727 decerpit

930 1734 1042 1769 aliquid,
1060 1734 1180 1762 Piscium
1209 1736 1353 1763 australior
1374 1740 1447 1763 totus
1473 1736 1528 1764 fere
1549 1737 1577 1764 in
1598 1738 1710 1773 Aquarii

929 1780 1147 1808 dodecatemorio
1169 1783 1274 1816 positus
1290 1786 1331 1810 est
1347 1792 1353 1809 :
1372 1784 1418 1818 qui
1439 1782 1497 1810 ﬁeri
1510 1786 1609 1818 potest,
1626 1788 1655 1811 ut
1676 1792 1711 1812 ex

928 1826 1062 1860 ejusmodi
1087 1827 1225 1862 signoruni
1250 1828 1392 1856 duodecim
1413 1835 1509 1856 exortu
1532 1831 1621 1858 noctis
1643 1831 1709 1858 hora

928 1872 1090 1906 colligatur?
1101 1873 1169 1900 Cum
1182 1877 1271 1900 autem
1284 1882 1317 1900 ex
1329 1874 1383 1902 illis
1397 1875 1478 1902 etiam
1495 1875 1583 1910 aliqua
1599 1877 1710 1904 zodiaco

928 1918 1032 1946 circulo
1046 1926 1099 1945 non
1111 1922 1169 1945 tota
1183 1920 1386 1952 contineantur,
1399 1920 1446 1948 sed
1459 1921 1545 1948 multo
1556 1921 1709 1949 borealiora

928 1963 993 1995 sint,
1010 1963 1081 1990 velut
1103 1963 1157 1991 Leo
1178 1969 1204 1991 et
1226 1963 1346 1992 Piscium
1372 1964 1519 1997 horealior,
1537 1965 1649 1993 evidens
1668 1972 1710 1993 est

929 2008 1037 2035 illorum
1053 2008 1184 2036 rationem
1208 2009 1243 2036 ab
1267 2013 1329 2036 ortu
1352 2010 1539 2045 apparentitnn
1561 2011 1709 2047 imaginum

927 2054 1115 2082 aberraturam
1132 2062 1192 2082 esse
1206 2055 1322 2090 longius.

964 2145 1082 2172 Primum
1096 2146 1168 2173 enim
1184 2147 1289 2173 stellata
1300 2145 1398 2173 Cancri
1411 2147 1528 2181 imagine
1536 2147 1592 2182 jam
1603 2152 1708 2182 exorta,

928 2193 1026 2221 Leonis
1040 2198 1122 2229 eaput
1136 2194 1162 2221 in
1180 2202 1214 2222 eo
1227 2203 1307 2229 quem
1327 2195 1470 2222 statuimus
1486 2196 1628 2223 horizonte
1641 2204 1709 2224 con-

928 2240 1033 2267 scendit
1051 2248 1105 2267 una
1125 2248 1187 2267 cum
1209 2245 1304 2267 octava
1326 2244 1402 2275 parte
1416 2240 1525 2268 Cancri.
1542 2241 1625 2277 Igitur
1641 2242 1710 2269 Ara-

929 2290 973 2313 tus
988 2286 1086 2314 Leonis
1100 2291 1182 2322 caput
1204 2287 1270 2314 oriri
1292 2287 1473 2322 prospiciens,
1490 2295 1521 2314 ac
1540 2287 1640 2315 Leonis
1660 2289 1710 2315 do—

928 2334 1139 2361 decatemorium
1160 2337 1258 2368 putans
1282 2333 1438 2364 ascendere,
1457 2333 1617 2368 sesquihora
1640 2334 1710 2360 inte-

928 2385 975 2413 gra
991 2377 1107 2404 lalletur.
1125 2378 1189 2404 ltem
1208 2377 1337 2411 Scorpius
1350 2377 1473 2405 occidere
1495 2378 1591 2412 incipit
1605 2379 1710 2406 oriente

927 2429 1006 2459 parte
1019 2424 1053 2451 15
1066 2424 1153 2451 Inedia
1169 2424 1283 2455 Arietis;
1306 2427 1378 2451 lotus
1393 2431 1457 2451 vero
1472 2425 1524 2451 sub
1540 2425 1709 2452 horizontem

928 2471 1054 2498 conditur
1074 2470 1178 2498 oriente
1194 2473 1269 2497 sexta
1286 2468 1368 2496 Tauri
1387 2474 1473 2505 parte.
1491 2470 1557 2502 Qua:
1581 2478 1630 2497 nos
1652 2477 1708 2497 Olli-

927 2517 972 2544 nia
997 2518 1026 2543 in
1049 2521 1143 2543 nostra
1166 2516 1201 2543 de
1223 2516 1363 2543 courtibus
1389 2516 1572 2551 disputatione
1597 2515 1710 2541 demon-

927 2563 1085 2590 stravimus.
1109 2562 1227 2597 Apparet
1249 2569 1313 2597 ergo
1332 2570 1387 2589 non
1409 2562 1496 2589 solum
1515 2561 1587 2596 quod
1606 2560 1714 2588 duoo'e-Z

926 2610 981 2637 cim
1003 2610 1135 2645 imagines
1157 2610 1334 2644 inaequalibus
1358 2609 1526 2644 temporibus
1546 2607 1707 2636 ascendunt.

925 2655 974 2683 sed
992 2655 1074 2682 etiam
1091 2655 1163 2690 quod
1178 2655 1238 2682 aliis
1253 2657 1313 2682 alia;
1329 2655 1417 2690 maius
1434 2654 1550 2689 spatium
1563 2657 1708 2688 occupant,

927 2704 954 2728 et
975 2701 1034 2728 sine
1052 2700 1147 2727 ordine
1163 2701 1301 2728 collocata:
1324 2705 1403 2732 sunt;
1419 2699 1566 2734 plurimum
1590 2697 1709 2725 intesti-

926 2744 1026 2772 manda
1045 2745 1112 2772 hora
1125 2745 1266 2780 deceptum
1288 2745 1332 2776 iri,
1345 2745 1391 2780 qui
1407 2753 1440 2772 ex
1462 2745 1654 2779 apparentibus
1670 2753 1709 2771 Sl-

927 2791 1056 2820 mulacris
1079 2791 1220 2828 signorum
1243 2790 1387 2819 duodecim
1410 2791 1557 2826 conjectari
1579 2791 1706 2826 voluerit.

1551 2918 1590 2948 34
