1898 3145
193 137 260 165 1067

683 128 727 155 AD
748 124 880 154 EUSEBII
898 122 1096 151 CHRONICON
1121 122 1303 150 APPENDlx.

1749 119 1815 148 1063

193 196 294 222 noram
307 195 398 228 itaque
413 191 500 219 noctis
513 197 563 217 nec
573 193 668 217 exacte
685 195 775 224 posse,
787 193 876 220 neque
885 183 977 219 proxi-

1035 183 1127 218 οισμὸν
1137 183 1191 209 τῶν
1210 182 1241 217 ιβ’
1260 182 1361 214 ζωδίων
1382 182 1427 208 τὸν
1450 180 1628 216 συλλογισμὸν
1643 178 1814 215 ποιούμενος.

193 249 237 269 me
255 238 431 276 deprehendi,
449 238 471 265 si
491 237 608 263 ortivum
631 235 738 270 signum
762 233 926 262 intueamur,
944 237 977 257 ex

194 287 229 315 iis
240 294 301 322 qua:
315 290 379 313 sunt
393 285 466 311 dicta
479 282 584 317 liquido
595 284 712 308 constat.

230 363 273 390 111.
290 362 422 396 Deinceps
437 360 530 395 igitur,
546 363 574 386 ut
586 359 638 385 hoc
653 364 804 387 sumamus,
816 359 925 382 coortus
944 354 979 381 ab

196 409 243 436 illo
267 414 397 438 smerum,
419 405 614 440 oppositasque
637 403 786 430 descensus
811 402 844 428 ad
874 400 978 428 zodiaci

196 453 292 481 circuli
316 457 464 487 segmenta,
481 459 538 478 non
559 450 593 477 ad
619 449 741 477 stellatas
766 447 899 482 imagines
918 453 979 473 esse

195 501 364 535 descriptos;
380 498 521 525 videamus
536 495 665 532 quidnam
680 495 709 522 in
722 495 783 521 istis
796 495 979 520 consentanee

195 547 229 574 iis
255 555 315 582 qua:
335 546 469 580 videntur_
490 545 517 571 in
542 543 654 574 mundo.
676 542 717 569 vel
743 541 917 567 dissentanee
944 537 979 565 sit

194 593 309 619 dictum.
333 590 363 618 In
389 598 443 624 quo
468 590 584 625 primum
609 586 676 614 illud
701 585 904 620 intelligendum
925 586 978 614 est,

194 637 298 664 zodiaci
315 636 410 663 circuli
428 634 600 670 partitionem
615 633 648 659 ab
661 632 743 658 Arato
758 631 798 658 sic
815 628 932 661 institui,
951 630 980 654 ut

195 691 211 711 a
232 684 346 718 trnpicis
368 686 395 709 et
414 679 650 716 mquinoctialibus
668 678 778 713 punctis
797 675 919 709 incipiat,
934 682 980 702 ea-

195 738 249 765 que
265 730 319 757 sint
336 728 412 756 initia
430 728 580 762 signorum.
601 725 730 752 Eudoxus
751 727 841 750 autem
858 722 895 748 ita
910 721 980 748 divi-

195 776 245 808 dit,
259 780 289 802 ut
305 775 350 801 illa
364 777 466 809 puncta
479 772 566 799 media
584 771 648 802 sint,
665 770 711 797 illa
728 769 826 796 Cancri
844 773 870 795 et
885 767 981 802 Capri-

195 822 284 854 corni,
301 821 359 848 haec
382 819 483 846 Arietis
506 822 532 845 et
549 817 704 845 Chelarum.
719 815 797 848 Quod
815 814 849 841 ad
865 814 979 840 Aratum

195 871 311 903 spectat,
321 866 388 894 satis
404 873 437 893 ex
450 865 484 892 iis
498 863 616 891 ostendit
631 871 661 890 se
672 862 718 888 illa
734 865 834 896 puncta
848 860 875 886 in
888 859 981 893 signo-

193 921 256 940 rum
276 919 387 940 suorum
405 911 490 938 initiis
508 917 626 945 ponere;
643 907 715 943 quod
731 907 765 934 de
783 905 894 933 circulis
913 912 981 940 qua-

193 964 258 988 tuor
278 959 428 990 disserens,
450 957 562 992 tropicis
581 955 706 982 videlicet
725 952 842 983 duobus,
858 951 981 986 aequino-

194 1006 270 1034 ctiali
292 1009 319 1033 et
340 1004 462 1035 lodiaeo,
478 1007 534 1029 tres
554 1001 664 1037 quidem
679 1000 788 1027 illorum
808 997 875 1025 oriri
889 1001 916 1024 et
932 1003 980 1024 oc-

195 1052 287 1080 cidere
303 1051 447 1086 parallelos
461 1049 577 1076 invicem
595 1046 708 1079 scribit;
725 1049 752 1073 et
772 1045 869 1071 horum
885 1043 977 1078 singu-

195 1100 239 1127 los
258 1099 287 1125 in
310 1104 365 1124 uno
388 1096 538 1129 eodemque
560 1096 662 1128 puncto
685 1090 753 1117 oriri
777 1089 814 1116 ait
838 1092 885 1115 aut
907 1087 980 1115 occi-

197 1144 280 1177 dere;
297 1142 436 1170 zodiacum
465 1144 554 1167 autem
585 1139 612 1166 in
641 1141 717 1164 tanto
739 1134 889 1163 horizontis
914 1141 980 1160 arcu

197 1193 274 1217 ortus
297 1185 587 1222 occasusque~ffacere,
602 1187 723 1219 quantus
747 1182 781 1209 ab
802 1185 864 1208 ortu
884 1179 980 1215 Capri-

197 1235 275 1262 corni
297 1234 331 1261 ad
354 1237 443 1260 ortum
467 1231 566 1259 Cancri
588 1230 723 1266 pertinet;
741 1227 815 1264 quod
832 1227 868 1255 iis
887 1226 979 1254 verbis

197 1281 315 1317 explicat
333 1289 339 1307 :

197 1457 280 1491 Atque
295 1455 315 1482 ii
334 1454 437 1490 quidem
458 1454 637 1488 oriunturque,
657 1457 681 1480 et
702 1460 734 1479 ex
754 1452 980 1523 adqerse'dinfeme

810 1496 863 1514 οισι
885 1493 930 1514 unt

810 1493 930 1514 occidunt

1031 228 1092 254 ’Ότι
1110 228 1159 263 μὲν
1174 225 1221 254 οὖν
1244 227 1372 254 ἀδύνατον
1389 226 1525 262 ἀκριδῶς,
1539 226 1556 261 ἦ
1569 226 1606 257 ὡς
1625 225 1751 259 ἔγγιστα,
1770 225 1817 260 τὴν

1028 274 1078 308 τῆς
1095 273 1192 305 νυκτὸς
1209 273 1284 309 ὥραν
1300 272 1448 306 ἐπιγνῶναι
1462 273 1502 303 είς
1520 273 1550 298 τὸ
1568 271 1636 307 πρὸς
1650 273 1684 306 τῇ
1701 271 1816 307 ἀνατολῇ

1029 318 1122 350 ζώδιον
1134 318 1346 353 ἀναϐλέψαντας,
1356 319 1388 345 ὲκ
1396 318 1450 344 τῶν
1459 317 1610 353 εἰρημένων
1621 317 1679 343 ἐστὶ
1689 316 1815 352 φανερόν.

1065 365 1100 392 Γ¹.
1132 365 1282 400 Ἐχομένως
1303 365 1331 391 δὲ
1358 364 1520 399 ὑποθέμενοι
1547 363 1596 394 τὰς
1633 362 1817 392 συνανατολὰς

1029 410 1103 446 αὐτῷ
1120 411 1167 437 καὶ
1184 410 1234 442 τὰς
1258 409 1481 441 ἀντικαταδύσεις
1499 409 1553 435 τῶν
1576 409 1684 445 ἄστρων
1703 407 1772 444 πρὸς
1785 407 1817 434 τὰ

1029 457 1248 492 δωδεκατημόρια
1277 457 1323 493 τοῦ
1355 456 1486 488 ζωδιακοῦ
1522 455 1620 482 κύκλον
1641 462 1819 490 πεπραγμα-

1030 502 1153 534 τεῦσθαι,
1166 503 1213 530 καὶ
1225 503 1261 538 μὴ
1276 502 1343 538 πρὸς
1355 502 1389 528 τὰ
1400 501 1593 537 ἡστερισμένα,
1602 500 1817 536 ἐπισκεψώμεθα

1031 548 1079 574 καὶ
1093 549 1124 574 τὸ
1142 549 1170 575 ὲν
1185 548 1280 578 αὑταῖς
1300 547 1453 583 συμφώνως
1470 547 1486 582 ἢ
1510 545 1651 581 διαφώνως
1670 546 1818 582 λεγόμενον

1031 593 1099 628 πρὸς
1113 593 1146 619 τὰ
1167 594 1195 620 ἐν
1214 592 1253 628 τῷ
1275 593 1370 627 κόσμῳ
1390 592 1550 626 φαινόμενα.
1565 590 1771 626 Προδιειλήφθω
1790 590 1817 616 δὲ

1031 639 1149 675 πρῶτον,
1175 639 1215 666 ὅτι
1239 639 1288 674 τὴν
1303 639 1433 675 διαίρεσιν
1456 638 1502 664 τοῦ
1527 636 1657 670 ζωδιακοῦ
1682 636 1784 663 κύκλου
1804 638 1818 662 ὁ

1033 684 1082 719 μὲν
1101 684 1219 719 ΪΛρατος
1237 685 1382 719 πεποίηται
1403 683 1457 710 ἀπὸ
1476 683 1530 709 τῶν
1557 682 1696 718 τροπικῶν
1717 690 1748 707 τε
1771 681 1819 707 καὶ

1034 730 1199 765 ἱσημερινῶν
1228 730 1349 764 σημείων
1377 729 1545 764 ἀρχόμενος·
1569 728 1639 754 ὣστε
1666 727 1757 754 ταῦτα
1784 727 1817 753 τὰ

1033 776 1133 810 σημεῖα
1156 774 1242 810 ἀρχὰς
1266 772 1334 800 εἶναι
1363 773 1481 806 ζωδίων·
1509 774 1523 799 ὁ
1547 773 1576 799 δὲ
1603 772 1719 804 Εὔδοξος
1747 772 1818 799 οὕτω

1031 820 1166 856 διῄρηται,
1190 819 1260 846 ὥστε
1274 818 1308 845 τὰ
1328 819 1460 854 εἰρημένα
1476 820 1576 854 σημεῖα
1593 818 1662 853 μέσα
1680 816 1770 844 εἶναι·
1785 817 1817 844 τὰ

996 853 1017 880 Β
1093 853 1139 891 τοῦ
1152 864 1290 900 Καρκίνου
1303 864 1350 890 καὶ
1360 863 1408 889 τοῦ
1420 853 1560 897 Δίγὸκερω
1571 870 1577 877 ·
1589 862 1622 888 τὰ
1631 861 1659 888 δὲ
1673 860 1721 888 τοῦ
1730 859 1817 896 Κριοῦ

1032 911 1078 938 καὶ
1092 909 1145 936 τῶν
1159 909 1265 944 Χηλῶν.
1285 909 1314 935 '0
1331 908 1379 944 μὲν
1391 906 1438 935 οὖν
1455 908 1572 943 Ἄρατος
1583 907 1628 934 διὰ
1643 907 1749 933 τούτων
1769 906 1819 941 μά-

1030 956 1109 982 λιστα
1125 954 1239 990 φανερὸς
1257 954 1360 988 γίνεται
1375 953 1410 980 τὰ
1432 953 1565 989 εἰρημένα
1586 954 1686 988 σημεῖα
1712 953 1743 978 ἐν
1759 953 1818 983 ταῖς

1030 1001 1125 1038 ἀρχαῖς
1138 1001 1222 1032 τιθεὶς
1233 1001 1288 1026 τῶν
1300 999 1370 1026 κατὰ
1383 999 1469 1026 ταῦτα
1480 999 1737 1034 δωδεκατημορίων.
1750 998 1819 1033 Περὶ

1030 1046 1085 1081 γὰρ
1098 1044 1152 1071 τῶν
1170 1045 1190 1071 δ’
1209 1044 1316 1071 κύκλων
1341 1044 1437 1078 λέγων,
1452 1043 1498 1070 δύο
1516 1043 1571 1069 τῶν
1596 1042 1737 1078 τροπικῶν
1750 1062 1757 1074 ,
1773 1043 1818 1068 καὶ

1030 1091 1076 1118 τοῦ
1091 1090 1259 1126 ίσημερινοῦ,
1275 1090 1382 1117 καὶτοῦ
1398 1089 1541 1121 ζωδιακοῦ,
1552 1090 1615 1121 τοὺς
1634 1089 1683 1123 μὲν
1697 1091 1722 1123 γ’
1737 1096 1818 1122 φησιν

1030 1137 1184 1164 ἀνατέλλειν
1200 1145 1230 1163 τε
1252 1136 1300 1163 καὶ
1315 1136 1403 1163 δύνειν
1422 1135 1601 1172 παραλλήλως
1624 1135 1751 1166 ἑαυτοῖς⁸
1776 1134 1819 1160 καὶ

1029 1184 1144 1210 ἕκαστον
1170 1183 1258 1210 αὐτῶν
1283 1183 1342 1209 καθ’
1357 1182 1386 1209 ἓν
1405 1183 1452 1209 καὶ
1473 1183 1504 1208 τὸ
1527 1182 1592 1208 αὐτὸ
1615 1182 1729 1217 σημεῖον
1754 1181 1818 1207 ἀνα-

1028 1230 1148 1262 τέλλειν,
1167 1230 1213 1256 καὶ
1233 1229 1312 1256 πάλιν
1342 1227 1446 1255 δύνειν·
1464 1229 1509 1255 τὸν
1525 1229 1553 1255 δὲ
1569 1227 1701 1260 ζωδιακὸν
1726 1229 1758 1254 ἐν
1783 1227 1815 1262 τῇ

1028 1275 1142 1312 τοιαύτῃ
1156 1275 1319 1311 περιφερείᾳ
1336 1274 1384 1300 τοῦ
1395 1274 1532 1310 ὁρίζοντος
1553 1273 1602 1304 τὰς
1620 1272 1757 1304 ἀνατολὰς
1771 1273 1817 1299 καὶ

1028 1321 1119 1353 δύσεις
1135 1320 1282 1354 ποιεῖσθαι,
1297 1320 1395 1356 ἡλίκην
1419 1320 1579 1356 παραχωρεί
1605 1319 1635 1344 ὲν
1663 1318 1740 1354 αξιτῷ
1765 1318 1816 1345 ἀπὸ

1028 1368 1078 1404 τῆς
1088 1367 1135 1394 τοῦ
1154 1366 1295 1401 Δίγόκερω
1313 1365 1443 1401 ἀνατολῆς
1457 1365 1509 1396 ἓως
1530 1365 1579 1399 τῆς
1602 1364 1650 1390 τοῦ
1673 1365 1814 1400 Καρκίνον

1027 1411 1175 1446 ἀνατολῆς·
1193 1411 1266 1445 λέγει
1282 1409 1309 1436 δὲ
1322 1410 1407 1441 οὕτως
1417 1419 1423 1424 -

1027 1458 1083 1485 Καὶ
1100 1457 1136 1484 τὰ
1152 1457 1210 1492 μὲν
1228 1456 1367 1484 ἀντέλλει
1384 1463 1425 1489 τε,
1444 1456 1493 1482 καὶ
1510 1455 1597 1483 ἀντία
1612 1455 1706 1482 νειόθι
1720 1453 1814 1486 δύνει,

199 1526 294 1563 Omnes
319 1524 516 1560 tequidistanter
529 1531 539 1551 :
554 1531 621 1550 unus
637 1527 724 1550 autem
744 1528 783 1550 est
799 1522 978 1563 ipsorumeu-

1035 1526 1129 1553 Πάντα
1141 1523 1337 1560 παραϐλήδην
1347 1532 1354 1539 ·
1364 1524 1419 1560 μία
1430 1523 1463 1550 δέ
1477 1523 1577 1558 σφεών
1586 1523 1672 1549 ἐστιν
1684 1522 1815 1549 ἑκάστου

863 1566 942 1586 tuwu

199 1595 350 1623 Ordinatim
364 1594 485 1628 utrinque
503 1593 639 1621 descensus
656 1601 837 1628 accensusque.
851 1558 863 1594 L

202 1630 299 1658 Verum
312 1631 360 1658 iste
372 1629 469 1656 Oceani
484 1633 584 1655 tantum
599 1629 741 1663 pertransit
756 1637 862 1663 aquam,

199 1666 335 1698 Quantum
352 1674 368 1691 ιι
384 1664 542 1698 Capricorno
561 1666 713 1690 ascendente
728 1663 843 1690 maxime

198 1700 330 1728 Cancrum
346 1700 379 1726 ad
397 1699 575 1726 ascendentem
594 1698 714 1726 volvitur.

232 1754 272 1781 Ex
289 1754 331 1781 bis
350 1754 434 1790 liquet
453 1752 558 1787 tr0pica
575 1756 676 1787 puncta
692 1752 721 1779 in
736 1752 877 1787 signorum
892 1751 978 1781 initiis

198 1800 232 1827 ab
257 1799 303 1827 illo
329 1799 469 1830 constitui,
489 1799 604 1825 alterum
633 1797 659 1824 in
684 1798 793 1830 Cancri,
811 1798 925 1826 alterum
950 1801 977 1826 in

197 1845 356 1881 Capricorni
391 1844 537 1879 principio.
567 1843 672 1879 Quippe
698 1844 827 1871 zodiacus
852 1845 979 1873 exoriens

197 1889 350 1916 liorizontis
367 1895 461 1915 arcum
482 1887 517 1915 ab
536 1886 569 1915 iis
589 1887 697 1922 punctis
716 1887 743 1915 in
760 1889 867 1915 illorum
888 1889 980 1924 signo-

197 1941 260 1962 rum
285 1935 390 1962 ortibus
413 1933 553 1962 deﬁnitum
579 1939 708 1968 permeat.
727 1934 797 1961 ldem
825 1935 906 1962 etiam
930 1936 978 1962 de-

198 1981 303 2008 clarare
326 1979 434 2008 videtur
456 1979 500 2006 his
525 1979 659 2012 versibus,
677 1987 745 2014 quos
769 1980 802 2007 de
820 1979 912 2008 Leone
934 1988 979 2008 ce-

198 2027 265 2054 cinit
283 2037 289 2053 :

200 2072 242 2100 Ibi
255 2073 358 2108 quidem
372 2073 435 2100 solis
449 2073 627 2100 ardentissimi
640 2077 702 2100 sunt
718 2081 820 2101 cursus.

198 2109 236 2134 Ac
249 2112 301 2134 tum
314 2109 394 2142 spicis
411 2116 492 2134 vacua
507 2113 648 2134 cernuntur
661 2117 735 2140 arva,

199 2143 260 2172 Sole
271 2144 385 2177 primum
396 2143 430 2169 ad
442 2142 554 2169 Leonem
570 2143 713 2170 accedente.

1035 1594 1148 1626 Ἑξείης
1163 1592 1300 1626 ἑκάτερθε
1314 1592 1483 1625 κατηλυσίῃ
1498 1591 1606 1623 ἅνοδός
1619 1599 1662 1618 τε.

1027 1629 1125 1662 Αὐτὰρ
1137 1627 1347 1662 ὅγ’,Ὠκεανοῐο
1359 1627 1452 1653 τόσον
1466 1627 1676 1662 παραμείϐεται
1689 1626 1780 1662 ὕδωρ,

1030 1661 1143 1690 Ὄσσον
1155 1662 1205 1690 ἀπ’
1221 1662 1399 1697 Αὶγ-οκερῆος
1408 1662 1619 1723 ἀνερέομέννοιο
1633 1661 1777 1696 μάλιστα

1030 1699 1180 1723 Καοκίνον
1191 1699 1234 1723 sic
1249 1699 1373 1723 ἀνιόντα
1387 1699 1477 1723 κυλιν
1496 1705 1569 1723 εται.
1580 1715 1588 1723 .
1599 1716 1606 1723 .
1618 1716 1625 1723 .

1029 1699 1180 1733 Καρκίνον
1191 1699 1234 1731 εὶς
1249 1699 1373 1725 ἀνιόντα
1387 1697 1569 1724 κυλίνδεται.
1580 1715 1588 1723 .
1599 1716 1606 1723 .
1618 1716 1625 1723 .

1065 1755 1148 1790 Δῆλον
1167 1751 1213 1781 οὖν
1228 1753 1261 1780 ἐκ
1276 1753 1388 1785 τούτων,
1405 1753 1446 1779 ὅτι
1462 1753 1495 1779 τὰ
1517 1752 1636 1787 τροπικὰ
1661 1754 1766 1788 σημεῖα
1788 1753 1815 1778 ἐν

1029 1800 1088 1831 ταῖς
1103 1801 1200 1835 ἀρχαῖς
1215 1798 1371 1825 ὑποτίθεται
1381 1807 1388 1814 ·
1403 1799 1432 1825 τὸ
1450 1799 1498 1834 μὲν
1509 1800 1537 1825 ὲν
1552 1800 1585 1834 τῇ
1599 1797 1646 1824 τοῦ
1665 1799 1814 1834 Καρκίνου,

1029 1846 1060 1872 τὸ
1074 1846 1095 1871 δ’
1107 1847 1135 1872 ὲν
1150 1846 1183 1881 τῇ
1203 1845 1248 1871 τοῦ
1266 1845 1416 1880 Δίγόκερω.
1432 1845 1486 1880 Τὴν
1501 1845 1555 1880 γὰρ
1573 1844 1625 1870 ὑπὸ
1641 1844 1748 1871 τούτων
1764 1845 1816 1871 τῶν

1031 1890 1151 1926 σημείων
1166 1891 1194 1917 ὲν
1204 1892 1263 1921 ταῖς
1275 1889 1415 1921 ἀνατολαῖς
1430 1890 1516 1916 αὐτῶν
1528 1890 1754 1926 ἀποτεμνομένην
1771 1889 1815 1916 τοῦ

1029 1937 1166 1972 ὁρίζοντος
1191 1935 1366 1971 περιφέρειαν
1389 1937 1403 1962 ὁ
1426 1935 1555 1967 ζωδιακὸς
1578 1935 1734 1963 ἀνατέλλων
1757 1937 1816 1963 ὲπι-

1031 1982 1186 2019 πορεύεται.
1204 1982 1282 2021 Δόξαι
1305 1982 1327 2008 δ’
1345 1983 1376 2008 ἂν
1394 1982 1536 2017 ἐμφαίνειν
1556 1980 1636 2007 τοῦτο
1660 1981 1709 2008 καὶ.
1729 1982 1760 2016 ἐξ
1781 1979 1816 2009 ὧν

1031 2030 1095 2066 περὶ
1107 2029 1154 2055 τοῦ
1170 2028 1283 2060 Λέοντος
1297 2027 1383 2062 λέγων
1398 2027 1480 2063 φησίν
1490 2035 1497 2042 α

1032 2075 1122 2101 Ἔνθα
1132 2075 1190 2109 μὲν
1203 2074 1315 2108 ἠελίοιο
1330 2073 1492 2107 θερείταταί
1505 2075 1563 2100 εἱσι
1579 2074 1728 2102 κέλευθοι.

1028 2111 1060 2137 Δί
1073 2110 1106 2136 δέ
1122 2117 1181 2136 που
1195 2109 1356 2144 ἀσταχύων
1373 2110 1470 2135 κενεαὶ
1484 2109 1640 2142 φαίνονται
1660 2109 1799 2144 ἄρουραι,

1036 2145 1151 2172 Ἠελίου
1165 2144 1200 2170 τὰ
1215 2143 1316 2177 πρῶτα
1332 2144 1564 2178 συνερχομένοιο
1575 2144 1694 2171 Λέοντι.

234 2198 340 2227 Etenim
356 2199 406 2227 sub
422 2203 546 2227 exortum
558 2199 639 2227 Canis
650 2203 733 2227 aestus
747 2199 908 2227 intenditur.
922 2199 979 2227 Ori-

1035 2201 1099 2236 [Ιερὶ
1114 2201 1167 2236 γὰρ
1184 2200 1232 2235 τὴν
1247 2199 1294 2226 τοῦ
1313 2199 1400 2231 Κυνὸς
1415 2199 1546 2235 ἀνατολὴν
1569 2200 1616 2226 καὶ
1637 2201 1673 2227 τὰ
1689 2202 1818 2237 καύματα

200 2250 243 2272 tur
257 2253 322 2272 vero
338 2250 399 2280 post
417 2245 451 2272 50
472 2245 581 2272 circiter
603 2246 662 2272 dies
685 2246 719 2272 ab
742 2246 835 2273 mstivo
851 2246 979 2274 solstitio.

199 2291 291 2324 Quare
311 2295 374 2326 post
397 2291 511 2318 totidem
534 2291 602 2323 dies,
619 2299 652 2318 ex
679 2292 752 2319 illius
776 2292 913 2327 opinione,
940 2293 980 2320 sol

199 2337 299 2365 Leonis
311 2337 391 2372 120
400 2337 506 2364 initium
518 2337 629 2365 obtinet.
641 2337 670 2365 In
683 2339 776 2366 eodem
788 2347 853 2375 ergo
864 2339 982 2368 solstitio

199 2384 297 2410 Cancri
315 2384 480 2418 principium
498 2388 579 2412 tenet.
595 2385 682 2419 Atque
701 2385 751 2413 hac
770 2386 875 2413 ratione
890 2387 982 2413 zodia-

199 2437 261 2456 cum
285 2429 419 2457 circulum
446 2431 630 2458 mathematici
653 2436 757 2460 veteres
783 2434 979 2468 propemodum

199 2483 305 2508 omnes,
322 2479 369 2502 aut
380 2475 513 2511 plerique,
530 2478 621 2511 partiti
638 2483 711 2506 sunt.

235 2554 366 2582 Eudoxus
380 2563 444 2583 vero
457 2557 562 2591 tropica
576 2562 676 2592 puncta
691 2565 720 2585 se
739 2558 767 2585 in
787 2559 883 2586 mediis
898 2559 981 2586 collo-

199 2607 263 2628 care
279 2601 364 2636 signis
381 2601 409 2628 in
423 2602 480 2629 haec
495 2603 577 2630 verba
598 2608 712 2631 testatur
730 2613 737 2631 :
757 2614 766 2629 ‹
783 2604 924 2633 Secundus
941 2610 983 2634 est

199 2647 330 2680 circulus,
346 2647 373 2674 in
390 2655 444 2682 quo
469 2649 660 2676 conversiones
681 2649 782 2677 aestivae
799 2651 877 2677 ﬁunt.
899 2650 929 2677 In
949 2658 982 2678 eo

200 2693 283 2719 situm
303 2697 345 2721 est
366 2694 484 2721 medium
503 2693 611 2721 Cancri.
632 2704 641 2720 ι
661 2694 726 2722 Item
744 2704 750 2721 :
769 2705 777 2720 ι
795 2695 914 2727 Tertius.
933 2697 981 2728 ait,

199 2745 242 2767 est
260 2740 390 2771 circulus.
405 2741 432 2767 in
449 2749 504 2775 quo
528 2741 597 2768 ﬁunt
617 2742 790 2776 aequinoctia.
808 2742 838 2770 In
857 2751 889 2770 eo
905 2744 980 2778 posi-

199 2791 258 2812 tum
273 2791 314 2814 est
329 2787 429 2815 Arietis
448 2792 475 2815 et
496 2787 642 2816 Cltelarum
657 2788 785 2816 medium.
806 2789 937 2823 Quartus,
953 2791 981 2818 in

198 2838 255 2865 quo
272 2833 463 2862 conversiones
480 2834 599 2862 hibernae
618 2834 754 2864 accidunt.
778 2835 809 2864 In
834 2844 866 2865 eo
886 2836 981 2872 Capri-

1033 2247 1150 2282 μάλιστα
1164 2245 1279 2279 γίνεται.
1295 2244 1368 2280 Αὕτη
1389 2245 1417 2271 δὲ
1439 2245 1543 2279 γίνεται
1562 2246 1632 2280 μετὰ
1654 2245 1678 2272 λ’
1703 2247 1818 2282 ἔγγιστα

1031 2292 1136 2328 ἡμέρας
1150 2291 1202 2317 ἀπὺ
1216 2291 1265 2326 τῆς
1277 2290 1384 2326 θερινῆς
1401 2290 1514 2325 τροπῆς.
1526 2290 1603 2317 Μετὰ
1617 2292 1758 2325 τοσαύτας
1768 2294 1817 2328 ἄρα

1032 2337 1137 2373 ἡμέρας
1160 2336 1273 2371 ἔγγιστα
1294 2336 1355 2363 κατ’
1370 2336 1449 2362 αὑτὸν
1464 2336 1477 2362 ὁ
1492 2335 1567 2370 ἥλιος
1578 2336 1607 2362 ὲν
1623 2338 1657 2372 τῇ
1683 2337 1758 2373 ἀρχῇ
1774 2338 1817 2364 τοῦ

1032 2383 1144 2414 Λέοντος
1171 2382 1286 2415 γίνεται.
1310 2382 1353 2408 Ἐν
1378 2381 1463 2416 ταύτῃ
1488 2383 1520 2417 τῇ
1545 2383 1634 2417 τροπῇ
1657 2383 1752 2410 τοίνυν
1774 2384 1818 2419 τὴν

1032 2427 1119 2462 ἀρχὴν
1134 2426 1225 2461 ἐπέχει
1251 2426 1297 2452 τοῦ
1313 2426 1462 2460 Καρκίνου.
1481 2427 1536 2453 Καὶ
1555 2427 1608 2453 ὑπὸ
1626 2427 1683 2454 τῶν
1696 2429 1818 2464 ἀρχαίων

1032 2473 1061 2499 δὲ
1082 2471 1279 2508 μαθηματικῶν
1302 2472 1409 2498 πάντων
1430 2472 1570 2508 σχεδὸν,ῆ
1593 2473 1648 2499 τῶν
1665 2474 1816 2506 πλείστων,

1032 2517 1126 2544 τοῦτον
1143 2517 1188 2543 τὸν
1201 2517 1300 2552 τρόπον
1312 2519 1326 2543 ὀ
1339 2517 1469 2549 ζωδιακὸς
1483 2516 1581 2550 κύκλος
1591 2518 1720 2554 διῄρητο.

1069 2564 1129 2589 Ὅτι
1140 2563 1168 2588 δὲ
1183 2562 1295 2595 Εὔδοξος
1307 2562 1339 2589 τὰ
1357 2563 1475 2598 τροπικὰ
1490 2565 1590 2598 σημεῖα
1603 2564 1675 2602 κατὰ
1695 2566 1767 2600 μέσα
1784 2565 1815 2591 τὰ

1033 2608 1116 2641 ζώδια
1131 2609 1230 2644 τίθησι,
1249 2608 1327 2644 δῆλον
1343 2610 1415 2635 ποιεῖ
1432 2609 1476 2635 διὰ
1491 2609 1591 2636 τούτων
1602 2619 1608 2626 ·
1624 2611 1776 2647 «Δεύτερος
1789 2610 1820 2637 δέ’

1032 2655 1091 2680 ἐστι
1102 2653 1210 2685 κύκλος,
1225 2655 1254 2680 ὲν
1266 2650 1288 2687 ᾧ
1300 2653 1403 2689 θεριναὶ
1414 2654 1513 2689 τροπαὶ
1526 2655 1656 2688 γίνονται.
1665 2656 1745 2682 Ἔστι
1756 2656 1778 2682 δ’
1788 2656 1815 2681 ἑν

1031 2699 1119 2734 τούτῳ
1139 2699 1173 2725 τὰ
1195 2699 1265 2733 μέσα
1289 2698 1337 2725 τοῦ
1358 2698 1506 2734 Καρκίνου.
1520 2708 1530 2725 ›
1554 2700 1609 2726 Καὶ
1627 2699 1710 2726 πάλιν
1736 2699 1814 2735 φησί’

1036 2755 1045 2772 ι
1057 2744 1153 2781 Τρίτος
1166 2745 1188 2771 δ’
1204 2745 1260 2771 ἐστὶ
1273 2745 1383 2779 κύκλος,
1401 2747 1431 2773 ὲν
1446 2743 1468 2780 ᾧ
1481 2747 1507 2772 at
1524 2745 1664 2781 ἰσημερίαι
1686 2747 1812 2780 γίνονται.

1034 2793 1113 2819 Ἐστι
1127 2793 1149 2819 δ’
1163 2794 1192 2819 ἐν
1206 2792 1291 2828 τούτῳ
1307 2793 1341 2820 τά
1356 2801 1385 2819 τε
1402 2792 1449 2819 τοῦ
1465 2792 1550 2828 Κριοῦ
1567 2793 1639 2827 μέσα
1654 2793 1701 2820 ἰαὶ
1715 2793 1749 2819 τὰ
1763 2792 1814 2818 τῶν

1032 2837 1141 2874 Χηλῶν.
1160 2839 1294 2874 Τέταρτος
1309 2839 1392 2882 Si]?
1404 2835 1426 2874 ᾧ
1441 2839 1596 2875 χειμεριναὶ
1615 2840 1716 2875 τροπαὶ
1730 2839 1814 2874 γενον-
