1898 3145
179 128 244 156 11171

666 126 713 152 AD
727 124 859 153 EUSEBII
877 124 1073 152 CHRONICON
1086 125 1265 154 APPENDIX.

1721 126 1798 156 5072

179 187 216 214 ris
241 189 334 220 tenus;
356 190 520 221 serpentem,
537 189 618 219 quem
637 183 796 219 Ophiuchus
819 188 906 221 tenet,
927 193 953 211 at

1018 185 1056 211 τὸν
1069 185 1098 211 δὲ
1118 185 1257 220 Ὸφιοῦχον
1281 185 1332 216 ἕως
1351 185 1404 212 τῶν
1422 165 1524 220 ,ὤμωνι
1543 185 1588 211 τὸν
1605 184 1634 211 δὲ
1654 185 1746 219 Ὄφιν,
1763 185 1797 212 δν

178 241 266 268 usque
283 233 398 266 collum;
413 231 618 267 Arctophylacis
637 231 754 266 amplius
777 235 853 266 parte
877 231 959 258 dimi-

177 279 232 306 dia.
249 278 289 305 Ad
308 279 364 305 haec
379 285 474 305 zonam
491 276 599 304 Orionis
615 276 763 303 secundum
780 277 907 304 humeros
922 276 960 302 ait

177 324 289 351 exoriri.
310 322 444 356 Quocirca
468 323 690 350 constellationes
717 323 777 349 istze
799 330 904 354 omnes,
931 326 959 348 ut

177 368 222 395 ille
238 371 340 398 censet,
357 375 418 394 cum
434 366 555 394 Geminis
581 367 679 401 partim
703 367 839 398 oriuntur,
859 367 958 401 partim

176 422 208 441 ex
233 414 346 441 adverso
363 413 500 440 occidunt.
524 414 558 440 At
576 413 705 440 Eudoxus
723 420 817 440 omnes
837 412 897 440 illas
917 419 959 439 rc-

175 467 301 491 censens,
319 467 379 494 quae
394 459 445 486 sub
462 459 568 486 initium
586 459 736 486 occidentis
749 459 848 486 Cancri
875 465 959 493 supra

176 510 276 532 terram
297 505 428 537 eminent,
443 505 481 531 ait
506 509 592 534 totum
617 505 800 540 lngeniculum
816 512 876 532 esse
893 511 959 531 con-

174 551 299 585 spicuum
316 559 322 576 :
339 551 472 576 Coronam
499 558 608 584 quoque
627 550 786 582 dimidiam;
811 549 958 584 Arctophy-

175 597 242 624 lacis
253 601 279 623 et
291 595 425 631 Ophiuehi
437 596 543 631 capita;
561 602 688 627 una'etun
711 596 796 623 cauda
811 595 956 630 serpentis,

174 643 220 679 qui
234 651 315 670 manu
329 646 463 677 gcslalur.
478 642 546 669 Tum
559 643 592 678 ad
610 647 731 670 austrum
745 642 872 669 Orionem
888 642 958 668 inte-

175 696 263 723 grum,
278 693 305 715 et
321 687 355 715 de
374 689 486 715 australi
505 687 584 717 Pisce
598 688 671 724 quod
685 692 727 715 est
746 687 896 715 secundum
910 694 957 714 ea-

175 739 232 768 put.

208 782 248 807 Ac
268 780 301 807 de
322 779 428 807 Corona
451 779 560 814 quidem
585 782 769 805 consentanea
788 778 894 805 veritati
914 782 956 805 est

175 826 248 854 Arati
268 826 410 857 sententia,
428 825 561 860 siquidem
586 824 614 851 in
636 823 746 851 Grazciae
768 828 857 851 tractu
882 823 955 850 occi-

173 872 237 899 dere
249 871 344 906 incipit
359 872 463 898 oriente
474 870 509 897 23
522 874 598 904 parte
611 869 785 896 Geminorum
797 878 804 901 ;
820 873 876 896 tota
890 877 955 896 vero

172 917 314 945 descendit
328 917 432 944 oriente
447 919 543 951 quarta
557 915 656 943 Cancri
682 920 767 949 parte.
784 913 836 942 Sed
850 914 955 942 Eudoxi

173 963 244 990 ratio
272 962 414 998 perspicue
443 962 606 997 discrepat:
627 962 703 996 121
734 961 954 996 quandoquidem

173 1009 280 1036 initium
303 1009 336 1035 ab
350 1016 383 1035 eo
399 1008 497 1035 Cancri
523 1008 550 1034 in
576 1008 666 1034 medio
681 1007 856 1035 Geminorum
878 1007 955 1042 signo

173 1055 293 1091 ponitur.
308 1054 385 1088 Quod
407 1058 436 1080 ut
457 1054 566 1082 assidue
582 1054 660 1081 nobis
674 1061 889 1081 commemorare
908 1061 955 1081 ne-

173 1109 250 1129 cesse
273 1109 328 1130 non
353 1101 398 1132 sit,
420 1101 487 1127 illud
511 1101 638 1128 universe
661 1100 807 1128 tenendum
826 1105 877 1132 est,
893 1107 954 1127 cum

173 1154 229 1173 non
254 1146 348 1173 eodem
373 1150 486 1180 uterque
511 1145 592 1173 modo
619 1146 695 1180 signa
721 1145 875 1177 describat,
899 1153 954 1172 non

173 1197 253 1224 posse
267 1197 329 1216 cum
342 1189 474 1217 ambobus
487 1190 674 1225 apparentium
688 1190 875 1224 experimenta
889 1198 954 1217 con-

172 1243 279 1271 gruere.
296 1235 364 1263 Illud
381 1236 493 1272 insuper
508 1237 659 1266 habendum
675 1242 726 1267 est.
742 1244 802 1271 qua:
823 1237 856 1264 ad
877 1241 954 1264 ortus

173 1281 318 1316 pertinent,
331 1281 426 1315 paucis
440 1281 570 1317 exceptis,
586 1282 680 1309 eodem
697 1282 731 1308 ab
746 1286 863 1318 utroque
874 1283 955 1310 modo

173 1327 316 1361 perscribi.
339 1326 439 1354 Aratus
464 1327 534 1354 enim
558 1327 664 1355 Eudoxi
690 1329 811 1363 vestigiis
831 1329 953 1356 inhaeret.

174 1371 273 1400 Verum
287 1372 320 1399 ad
331 1372 456 1400 Arateam
470 1373 574 1400 zodiaci
588 1374 761 1408 partitionem
773 1374 860 1409 magis
872 1382 953 1409 quam

172 1417 206 1445 ad
221 1417 387 1451 Eudoxeam,
402 1423 545 1445 eoortuum
567 1419 602 1446 ab
628 1419 682 1447 illis
701 1419 865 1447 traditorum
884 1421 954 1447 ratio

171 1463 299 1491 convenit
318 1473 324 1490 :
343 1463 414 1498 quod
430 1471 463 1490 ex
480 1463 514 1491 iis
533 1463 578 1491 [iet
604 1464 735 1498 apertius,
753 1472 814 1499 qua!
836 1464 870 1492 de
894 1464 954 1492 istis

172 1509 331 1544 singillatim
346 1509 553 1544 explicabimus.

208 1587 360 1614 Australem
382 1594 463 1622 porro
475 1587 580 1616 Piscem
600 1588 704 1623 majore
720 1588 761 1616 sui
775 1593 853 1622 parte
869 1596 952 1624 supra

173 1637 273 1659 terram
299 1637 405 1667 oportet
426 1639 543 1666 exstare,
559 1643 613 1662 non
636 1643 666 1662 ea
688 1634 875 1662 tantummodo
893 1642 953 1669 qua:

172 1684 237 1705 sunt
251 1678 339 1706 vicina
351 1679 444 1714 capiti,
459 1683 488 1705 ut
505 1678 559 1705 illis
574 1679 685 1713 placuit.
702 1678 807 1706 Etenim
826 1679 952 1706 occidere

172 1724 268 1758 incipit
285 1724 327 1751 ille
344 1723 519 1751 Geminorum
538 1724 644 1752 oriente
664 1724 681 1751 4
695 1730 796 1761 parte;
814 1729 951 1760 postremo

172 1769 242 1796 idem
258 1768 357 1796 occidit
368 1770 472 1797 oriente
487 1770 585 1797 Cancri
603 1771 646 1798 18.

206 1815 355 1851 lngeniculi
383 1824 448 1844 vero
483 1816 571 1844 solum
597 1817 653 1852 jam
679 1821 760 1852 caput
783 1818 893 1849 occidit,
924 1822 951 1845 ct

170 1861 264 1888 dexter
292 1861 421 1889 humerus
448 1869 511 1890 cum
540 1870 646 1896 manu;
669 1864 781 1891 sinister
809 1864 949 1896 humerus,

171 1907 358 1942 reliquumque
372 1915 472 1943 corpus
494 1915 575 1943 supra
598 1914 696 1936 terram
719 1909 808 1936 adhuc
832 1910 949 1937 exsistit.

169 1952 236 1980 Nam
259 1953 401 1982 occidente
424 1954 519 1983 dextro
535 1955 659 1988 humero,
675 1955 710 1982 27
735 1964 799 1991 pars
821 1956 950 1984 Gemino-

170 2006 230 2026 rum
257 1999 370 2033 oritur;
399 2001 513 2028 sinistro
542 2009 607 2028 vero
636 2002 827 2035 descendente,
862 2003 951 2029 oritur

168 2049 264 2073 octava
288 2054 353 2082 pars
377 2047 496 2080 Cancri,
528 2051 555 2074 et
588 2055 648 2082 qua:
676 2052 740 2075 sunt
766 2048 793 2075 in
819 2048 950 2076 lateribus

169 2094 230 2126 post
255 2090 380 2118 dextrum
411 2092 553 2119 humerum
583 2093 671 2120 adhuc
704 2093 839 2120 oriuntur.
869 2092 950 2120 Falso

169 2137 260 2170 itaque
272 2137 340 2163 dixit
356 2137 456 2164 Aratus
474 2138 529 2172 jam
552 2138 625 2166 illius
640 2142 744 2174 partem
759 2146 774 2165 a
789 2143 882 2166 ventre
900 2148 949 2166 ea-

168 2182 224 2216 pite
237 2185 318 2209 tenus
332 2182 477 2210 oecidisse.

205 2227 241 2255 De
256 2226 398 2262 Ophiucho
418 2233 491 2256 recte
507 2230 627 2257 sentiunt
641 2230 742 2258 Aratus
761 2235 788 2259 et
806 2230 946 2259 Eudoxus.

167 2273 272 2308 Quippe
291 2273 397 2302 humeri
412 2283 446 2302 ex
459 2276 573 2303 adverso
596 2276 771 2314 Geminorum
797 2278 925 2305 occidunt
940 2288 948 2312 ;

167 2326 228 2354 qua:
243 2327 308 2346 vero
321 2323 363 2346 est
387 2320 415 2347 in
432 2321 530 2356 capite,
551 2323 651 2350 occidit
674 2323 779 2351 oriente
806 2325 948 2352 undecima

167 2364 265 2391 Cancri
279 2369 369 2399 parte.

204 2453 359 2488 Serpentis,
381 2463 461 2490 quem
487 2460 559 2484 tenet
582 2455 756 2492 Ophiuchus,
781 2460 839 2486 sola
864 2468 948 2494 supra

126 2497 132 2502 “
167 2502 267 2526 terram
289 2500 386 2532 cauda,
413 2505 443 2527 ut
457 2501 540 2528 sentit
556 2501 695 2536 Eudoxus,
711 2511 776 2535 n0",
798 2509 826 2531 ut
839 2505 947 2538 Aratus,

166 2548 249 2578 caput
262 2545 378 2573 exsistit.
396 2545 501 2573 Etenim
522 2552 603 2582 caput
621 2549 706 2584 ipsius
724 2549 823 2577 occidit
849 2551 946 2579 mediis

166 2590 223 2618 fere
241 2590 363 2618 Geminis
385 2592 536 2622 orientibus
563 2604 570 2621 :
597 2603 657 2630 qua:
681 2599 770 2622 autem
793 2600 834 2624 est
854 2598 882 2625 in
897 2606 947 2625 ex-

167 2640 252 2663 trema
267 2637 364 2670 cauda,
378 2639 479 2666 occidit
493 2640 596 2668 oriente
610 2645 687 2676 parte
701 2641 799 2669 Cancri
817 2643 843 2670 9.

202 2725 244 2754 Vl.
255 2727 291 2756 De
303 2729 498 2766 Aretophylace
510 2739 624 2767 prorsus
635 2732 848 2762 hallucinantur.
863 2735 946 2763 Asse-

220 2816 242 2832 "
254 2817 275 2852 ι.
291 2818 373 2856 ᾗπερ.

1011 230 1065 265 ἔχει
1077 232 1091 257 ὁ
1113 231 1262 266 Ὀφιοῦχος,
1278 231 1330 262 ἕως
1347 232 1393 258 τοῦ
1416 231 1543 266 αὐχένος·
1562 230 1608 257 τοῦ
1628 231 1656 257 δὲ
1682 231 1797 266 Ἀρκτο-

1010 276 1128 312 φύλακος
1154 277 1234 304 πλέον
1260 277 1341 312 μέρος
1364 277 1380 312 ῆ
1403 277 1433 303 τὸ
1457 277 1552 312 ἥμισυ.
1575 276 1742 304 Ἀνατέλλειν
1767 276 1797 302 δέ

1009 331 1074 358 φησι
1087 323 1133 350 τοῦ
1153 323 1277 358 Ὠρίωνος
1292 323 1340 358 τὴν
1362 322 1451 357 ζώνην
1469 323 1537 349 κατὰ
1552 323 1615 353 τοὺς
1628 322 1732 358 ὤμους.
1753 322 1797 348 Τὰ

1009 368 1139 403 εἰρημένα
1153 368 1243 394 τοίνυν
1263 367 1350 402 ἄστρα
1367 368 1424 398 τοῖς
1442 367 1566 402 Διδύμοις
1582 368 1642 393 κατ’
1659 367 1741 393 αὑτὸν
1752 387 1760 398 ,
1779 367 1798 393 ἃ

1010 414 1058 448 μὲν
1074 413 1271 445 συνανατέλλει,
1283 412 1300 439 ἃ
1311 413 1338 439 δὲ
1355 413 1569 440 ἀντικαταδύνει,
1582 413 1612 439 '0
1623 412 1650 438 δὲ
1667 411 1796 444 Εὔδοξος,

1009 459 1237 495 ἐξαριθμούμενος
1261 459 1312 486 ὅσα
1329 459 1404 485 ἐστὶν
1419 459 1489 494 ὑπὲρ
1504 459 1564 492 γῆς,
1581 458 1628 484 τοῦ
1654 458 1798 493 Καρκίνου

1008 504 1156 539 ἀρχομένου
1180 503 1350 535 ἀνατέλλειν,
1368 504 1434 539 φησὶ
1461 503 1506 530 τὸν
1532 504 1575 530 Ἐν
1599 503 1712 537 γόνασιν
1733 503 1797 530 ὅλον

1008 547 1076 576 εἶναι
1091 550 1219 585 φανερόν·
1238 549 1284 576 τοῦ
1297 550 1325 576 δὲ
1348 549 1482 584 Στεφάνου
1498 549 1528 576 τὸ
1550 550 1651 584 ἥμισυ·
1675 550 1724 575 καὶ
1744 550 1796 584 τὴν

1008 594 1054 621 τοῦ
1072 595 1290 630 Ἀρκτοφύλακος
1301 594 1435 630 κεφαλήν·
1454 595 1500 620 καὶ
1516 594 1564 629 τὴν
1579 593 1626 620 τοῦ
1648 594 1795 629 Ὀφιούχου

1008 639 1142 675 κεφαλήν
1161 640 1208 666 καὶ
1222 640 1270 674 τὴν
1291 639 1374 675 οὐρὰν
1391 639 1438 665 τοῦ
1458 639 1585 674 ἐχομένου
1605 640 1731 673 Ὄφεως·
1749 640 1796 665 τὸν

1007 686 1035 712 δὲ
1050 686 1118 721 πρὸς
1131 686 1206 712 νότον
1232 686 1346 720 Ὠρίωνα
1359 685 1431 712 ὅλον·
1451 685 1497 712 καὶ
1515 684 1561 711 τοῦ
1579 685 1667 712 νοτίου
1690 685 1796 720 Ἰχθύος

1007 731 1037 758 τὸ
1054 731 1121 766 πρὸς
1137 731 1185 766 τὴν
1202 731 1333 766 κεφαλήν.

1047 777 1076 804 '0
1094 777 1143 812 μὲν
1156 775 1201 804 οὖν
1218 778 1351 811 Στέφανος
1371 777 1441 804 κατὰ
1465 777 1511 804 τὸν
1536 777 1652 812 Ἀρατον
1678 777 1796 811 ἔγγιστα

1008 824 1164 858 συμφωνεῖ·
1188 824 1216 849 ὲν
1240 823 1294 858 γὰρ
1320 824 1376 854 τοῖς
1407 823 1472 858 περὶ
1493 823 1542 858 τὴν
1559 823 1671 850 Ἐλλάδα
1699 823 1794 855 τόποις

1005 869 1118 905 ἄρχεται
1134 870 1183 904 μὲν
1197 868 1283 895 δτῖνειν
1306 868 1501 904 ἀνατελλούσης
1515 872 1539 903 γ’
1553 869 1601 896 καὶ
1619 873 1642 895 κ’
1661 869 1718 904 μοί.
1739 870 1795 895 τῶν

1004 916 1128 950 Διδύμων
1139 924 1145 930 ·
1161 915 1220 947 ὂλος
1233 915 1262 941 δὲ
1275 915 1347 942 δύνει
1360 915 1556 950 ἀνατελλούσης
1573 916 1621 950 τῆς
1633 915 1653 941 δ’
1671 916 1729 950 μοί.
1745 916 1794 942 τοῦ

1005 961 1154 996 Καρκίνου.
1180 960 1258 987 Κατὰ
1285 960 1409 995 μέντοιγε
1435 961 1480 987 τὸν
1500 960 1613 994 Εὔδοξον
1635 961 1726 996 δῆλον,
1753 962 1794 988 δτι

1004 1006 1146 1040 διαφωνεῖ·
1163 1005 1279 1040 ἐπείπερ
1297 1006 1313 1040 ἠ
1334 1006 1404 1041 ἀρχὴ
1418 1005 1464 1032 τοῦ
1481 1006 1619 1042 Καρκίνου
1634 1008 1694 1034 κατ’
1711 1009 1794 1034 αὐτὸν

1005 1051 1074 1078 κατὰ
1084 1052 1166 1086 μέσον
1177 1051 1234 1078 ἐστὶ
1243 1050 1287 1077 τοῦ
1296 1051 1476 1086 τῶνΔιδύμων
1483 1051 1794 1089 δωδεκατημορίου.’1νσ

1004 1095 1032 1121 δὲ
1046 1095 1082 1130 μὴ
1098 1095 1243 1126 διαπαντὸς
1257 1096 1502 1131 ὲπισημαινώμεθα
1518 1097 1612 1130 τοῦτο,
1629 1098 1794 1133 διαληπτέον

1005 1141 1128 1173 καθόλου,
1140 1141 1206 1168 διότι
1225 1142 1262 1177 μὴ
1282 1142 1383 1177 ὁμοίως
1403 1142 1606 1178 ἀναγράφουσιν
1624 1144 1794 1179 ἀμφοτέροις

1004 1187 1034 1214 οὐ
1048 1186 1159 1214 δυνατὸν
1176 1187 1297 1223 ἑκατέρῳ
1309 1187 1399 1213 αὐτῶν
1410 1190 1565 1223 συμφωνεῖν
1577 1190 1606 1216 τὸ
1616 1190 1792 1225 φαινόμενον.

1004 1234 1048 1260 Δεῖ
1070 1233 1097 1259 δὲ
1114 1234 1224 1260 κάκεῖνο
1247 1234 1424 1269 διειληφέναι,
1437 1235 1503 1262 διότι
1528 1236 1616 1263 πάντα
1638 1236 1700 1271 μὲν,
1721 1236 1793 1272 πλὴν

1003 1279 1099 1314 ὀλίγων
1118 1280 1213 1313 τινῶν,
1245 1281 1344 1316 ὁμοίως
1374 1282 1522 1318 ἀμφότεροι
1546 1282 1736 1318 ἀναγράφουσι
1758 1283 1794 1310 τὰ

1005 1327 1068 1362 περὶ
1083 1326 1132 1358 τὰς
1149 1327 1289 1359 ἀνατολάς.
1317 1328 1344 1354 ’0
1371 1327 1426 1364 γὰρ
1445 1330 1562 1364 Ἄρατος
1586 1331 1642 1361 τοῖς
1666 1330 1721 1357 ὑπὸ
1745 1331 1792 1357 τοῦ

1004 1370 1116 1403 Εὐδόξου
1128 1371 1283 1406 λεγομένοις
1297 1373 1473 1409 ἠκολούθηκε.
1490 1373 1666 1409 Συμφωνοῦσι
1683 1374 1792 1410 μέντοιο

1004 1425 1035 1451 γε
1058 1418 1085 1444 αἱ
1110 1418 1155 1444 ὑπ’
1179 1418 1268 1445 αὐτῶν
1286 1419 1527 1455 ἀναγεγραμμέναι
1555 1420 1736 1447 συνανατολαὶ
1758 1422 1792 1456 τῇ

1004 1463 1073 1490 κατὰ
1094 1463 1141 1490 τὺν
1159 1465 1276 1500 Ἄρατον
1295 1465 1394 1501 μᾶλλον
1415 1465 1462 1493 τοῦ
1487 1466 1620 1498 ζωδιακοῦ
1647 1467 1791 1502 διαιρέσει,

1004 1508 1082 1544 εἴπερ
1092 1509 1114 1525 ⁷⁸
1134 1511 1204 1537 κατά
1230 1511 1275 1539 τδν
1289 1511 1416 1544 Εὔδοξον·
1433 1512 1508 1538 ἔσται
1528 1512 1556 1538 δὲ
1578 1512 1657 1539 τοῦτο
1674 1513 1791 1548 φανερὸν

1003 1554 1035 1581 ἐκ
1050 1554 1104 1581 τῶν
1117 1556 1186 1582 κατὰ
1203 1557 1286 1592 μέρος
1302 1557 1365 1592 περὶ
1379 1557 1468 1584 αὐτῶν
1488 1557 1693 1593 ῥηθησομένων.

1037 1600 1089 1627 Τοῦ
1109 1601 1137 1627 δὲ
1151 1602 1237 1628 νοτίου
1255 1602 1353 1637 Ἰχθύος
1369 1603 1400 1629 το
1420 1603 1544 1630 πλεῖστον
1563 1604 1645 1638 μέρος
1659 1603 1702 1629 δεῖ
1719 1603 1791 1640 ὑπὲρ

1001 1647 1052 1682 γῆν
1065 1644 1144 1679 εἶναι,
1158 1649 1204 1675 καὶ
1219 1649 1276 1683 οὐχὶ
1288 1649 1318 1675 τὸ
1332 1649 1399 1684 πρὸς
1411 1651 1443 1684 τῇ
1459 1649 1562 1684 κεφαλῇ
1577 1650 1667 1684 μόνον.
1684 1650 1722 1682 ὥς
1740 1659 1791 1684 φα-

1002 1701 1053 1720 σιν.
1072 1693 1200 1729 ’Λρχεται
1222 1694 1270 1729 μὲν
1286 1694 1340 1730 γὰρ
1357 1695 1454 1727 δύνειν,
1478 1696 1678 1732 ἀνατελλούσης
1694 1697 1714 1723 δ’
1733 1698 1790 1733 μοί.

1001 1738 1140 1774 Διδύμωνα
1166 1740 1277 1774 ἔσχατον
1298 1740 1327 1767 δὲ
1349 1739 1431 1774 δύνει,
1455 1741 1652 1778 ἀνατελλούσης
1678 1743 1728 1778 τῆς
1757 1743 1790 1779 ιη’

1004 1784 1058 1819 μοι.
1075 1785 1121 1811 τοῦ
1138 1785 1286 1821 Καρκίνου.

1036 1831 1089 1857 Τοῦ
1103 1831 1125 1858 δ’
1145 1832 1189 1858 Ἑν
1201 1832 1310 1866 γόνασιν
1327 1833 1344 1869 ἡ
1367 1833 1470 1869 κεφαλὴ
1489 1835 1568 1869 μόνον
1589 1835 1694 1867 δέδυκε,
1712 1836 1760 1862 καὶ
1776 1836 1790 1862 ὁ

999 1876 1084 1910 ἄξιὸς
1097 1874 1171 1912 ὦμος
1186 1878 1234 1904 σὺν
1246 1880 1279 1914 τῇ
1295 1878 1365 1914 χειρί
1376 1887 1382 1894 '
1405 1881 1419 1906 δ
1441 1879 1463 1905 δ’
1480 1880 1623 1915 ἀριστερὸς
1642 1878 1718 1916 ὦμος
1741 1883 1788 1908 καὶ

999 1921 1029 1947 τὸ
1042 1921 1132 1948 λοιπὸν
1146 1922 1224 1957 σῶμα
1239 1922 1278 1949 ἔτι
1298 1923 1372 1950 ἐστὶν
1383 1924 1452 1960 ὑπὲρ
1467 1925 1528 1960 γῆν.
1543 1925 1596 1952 Τοῦ
1608 1926 1658 1961 μὲν
1673 1927 1731 1963 γὰρ
1746 1928 1790 1954 δε-

1001 1967 1056 2000 ξιοῦ
1082 1966 1156 2003 ὤμου
1183 1967 1305 2001 δύνοντος
1325 1969 1463 1996 ἀνατέλλει
1476 1971 1492 2005 ἡ
1507 1969 1529 2003 ζ’
1546 1972 1592 1997 καὶ
1617 1975 1642 1998 κ’
1663 1974 1721 2007 μοῖ.
1736 1974 1790 2000 τῶν

1001 2012 1138 2048 Διδύμων·
1157 2013 1204 2039 τοῦ
1222 2013 1249 2040 δὲ
1265 2014 1411 2050 ἀριστεροῦ
1431 2015 1506 2050 ὤμου
1524 2016 1657 2049 δύνοντος,
1676 2018 1790 2045 ἀνατέλ-

1000 2058 1039 2084 λει
1055 2060 1071 2094 ἡ
1092 2062 1116 2094 η’
1130 2060 1183 2094 μοῖ.
1201 2058 1247 2085 τοῦ
1260 2060 1397 2096 Καρκίνου
1408 2069 1414 2076 ·
1438 2061 1485 2087 τοῦ
1504 2062 1531 2088 δὲ
1545 2062 1632 2096 δεξιοῦ
1646 2063 1724 2098 ὤμου
1750 2065 1790 2091 ἐτι

1001 2104 1111 2138 ὕστερον
1127 2103 1249 2130 δύνουσιν
1272 2105 1296 2131 οἰ
1313 2106 1342 2131 ἑν
1357 2107 1417 2138 ταῖς
1441 2107 1581 2143 πλευραῖς,
1604 2109 1662 2135 Οὐκ
1678 2110 1736 2144 ἄρα
1761 2110 1790 2137 τὸ

1000 2148 1055 2175 ἀπὸ
1068 2149 1116 2184 τῆς
1133 2150 1250 2185 γαστρὸς
1266 2151 1346 2186 μέρος
1364 2153 1446 2179 αὐτοῦ
1461 2153 1514 2186 ἕως
1528 2154 1577 2188 τῆς
1599 2155 1725 2191 κεφαλῆς
1745 2157 1788 2184 δέω

964 2194 986 2222 D
999 2194 1087 2226 δυκεν,
1105 2195 1142 2226 ὼς
1157 2196 1274 2231 ’Ἄρατός
1287 2205 1364 2232 φησι.

1035 2240 1074 2267 Τὰ
1096 2241 1124 2267 δὲ
1143 2242 1208 2277 περὶ
1225 2242 1270 2269 τὸν
1292 2244 1430 2279 Ὀφιοῦχον
1452 2245 1604 2280 συμφώνως
1629 2247 1789 2275 ἀποδιδόασι

999 2284 1037 2319 τῷ
1053 2286 1206 2329 φαινομένῳ
1220 2287 1235 2313 ὃ
1256 2295 1286 2313 τε
1309 2289 1425 2323 Ἀρατος
1440 2291 1486 2316 καὶ
1500 2292 1514 2317 δ
1531 2289 1655 2323 Εὔδοξος.
1681 2293 1714 2319 Οἱ
1739 2295 1788 2329 μὲν

998 2329 1052 2364 γὰρ
1068 2326 1138 2364 ὦμοι
1157 2332 1212 2363 τοῖς
1233 2332 1357 2368 Διδύμοις
1376 2335 1648 2363 ἀντικαταδύνουσινο
1670 2339 1684 2364 ὁ
1706 2326 1745 2365 δὲ⁷
1761 2341 1788 2366 ὲν

998 2375 1030 2410 τῇ
1048 2375 1149 2411 κεφαλῇ
1163 2376 1246 2411 δύνει,
1260 2379 1456 2415 ἀνατελλούσης
1471 2381 1520 2416 τῆς
1537 2385 1569 2408 ια’
1581 2382 1638 2416 μοι.
1652 2383 1702 2410 τοῦ
1717 2385 1788 2420 Καρ-

998 2430 1014 2447 κ
1019 2421 1084 2449 ἔνου.

1033 2467 1086 2494 Τοῦ
1099 2468 1127 2495 δὲ
1143 2469 1259 2503 Ὄφεως,
1273 2470 1303 2497 ὃν
1317 2470 1373 2506 ἔχει
1389 2472 1404 2498 ὁ
1426 2472 1575 2507 Ὀφιοῦχος,
1591 2473 1608 2508 ἡ
1619 2473 1690 2510 οὐρὰ
1705 2475 1786 2509 μόνον

998 2513 1068 2549 ὑπὲρ
1082 2515 1133 2550 γῆς
1149 2515 1233 2548 ἐστιν,
1250 2515 1288 2548 ὡς
1308 2517 1322 2543 ὁ
1345 2517 1457 2550 Εὔδοξός
1477 2527 1554 2553 φησι,
1572 2519 1620 2546 καὶ
1633 2520 1684 2555 οὐχ
1705 2522 1722 2556 ἡ
1739 2531 1784 2548 κε-

998 2559 1079 2596 φαλὴ,
1092 2559 1129 2592 ὡς
1145 2561 1159 2587 ὁ
1177 2561 1304 2597 Ἄρατος.
1325 2561 1357 2589 Ἦ
1375 2563 1424 2598 μὲν
1440 2563 1493 2599 γὰρ
1506 2564 1612 2600 κεφαλὴ
1630 2565 1716 2592 αὑτοῦ
1737 2566 1783 2593 δύο

997 2614 1047 2637 νει,
1065 2606 1262 2634 ἀνατελλόντων
1286 2608 1374 2643 μέσων
1391 2609 1508 2644 μάλιστα
1530 2609 1584 2636 τῶν
1606 2610 1733 2646 Διδύμων
1745 2620 1753 2628 ⁸
1769 2613 1782 2638 ό

997 2649 1024 2676 δὲ
1040 2652 1068 2677 ὲν
1089 2651 1161 2688 ἄκρᾳ
1175 2654 1207 2688 τῇ
1222 2653 1290 2689 οὐρᾷ
1305 2654 1386 2687 δύνει,
1404 2655 1601 2691 ἀνατελλούσης
1619 2657 1671 2692 τῆς
1687 2657 1710 2683 θ’
1726 2656 1777 2692 μοΞ.

996 2695 1041 2721 τοῦ
1058 2696 1205 2732 Καρκίνου.

1031 2744 1075 2776 ς’.
1091 2744 1157 2779 Περὶ
1168 2744 1196 2771 δὲ
1207 2745 1254 2772 τοῦ
1276 2746 1492 2782 ’Λρκτοφύλακος
1506 2749 1658 2785 ολοσχερῶς
1674 2749 1775 2776 δοκοῦσί
