1898 3145
184 156 255 185 4075
380 174 388 189 γε

186 231 195 240 .
208 233 216 240 .
232 233 239 240 .
255 212 288 239 At
301 212 343 239 hic
354 219 413 239 cum
426 205 484 238 luce
499 215 613 238 satiatus
630 211 733 247 fuerit,
826 211 931 247 {benti}.

191 247 300 282 Vespere
321 249 383 274 item
403 247 518 273 continet
540 254 549 272 :
569 247 628 280 plus
650 246 760 273 dimidio
786 247 869 273 noctis
892 247 933 272 ta-

220 305 289 331 Cum
309 304 381 331 enim
403 302 529 330 occidere
545 310 608 330 cum
623 302 715 330 Chelis
738 303 845 337 incipit,
860 303 916 331 sole
933 303 969 330 ibi

186 354 323 381 versante,
350 356 404 384 quo
424 353 546 383 tempore
571 348 635 375 facit
658 357 797 381 occasum,
825 355 919 378 noctes
941 350 969 376 in

186 397 303 425 Arcturo
328 396 475 429 dicuntur;
496 395 606 430 quando
634 401 660 422 et
684 403 765 430 supra
788 400 888 423 terram
913 399 969 426 tota

186 443 230 470 die
247 442 351 473 fertur;
380 442 508 476 quoniam
533 442 623 469 oritur
644 449 706 468 cum
729 441 850 477 Virgine.
875 446 902 470 et
923 450 971 469 oc-

162 496 165 498 ·
186 487 301 516 cidendo
322 488 384 522 plus
402 487 515 514 dimidia
535 492 614 514 nocte
630 487 779 518 consumit,
799 487 970 522 quandoqui-

185 533 246 561 dem
265 540 326 559 cum
345 533 432 568 signis
451 537 569 568 quatuor
587 533 696 560 occidit.
713 532 790 565 Quod
811 536 900 560 autem
916 540 970 559 una

185 587 248 606 cum
271 578 383 614 Virgine
403 579 571 607 conscendat
592 587 624 606 ex
647 579 722 605 Arati
745 579 889 610 sententia,
913 579 970 606 haec

185 625 272 663 ipsius
283 625 365 652 verba
377 625 531 652 declarant:

187 681 244 711 Nec
258 682 402 708 morientes
417 680 514 711 Cltelw,
535 689 565 707 ac
579 682 689 707 tenuiter
705 681 817 707 lucentes

188 717 290 750 Ignotu'
306 717 478 750 prirterit'rint
492 725 500 748 ;
513 717 635 750 quoniam
650 718 738 750 ingens
753 717 824 742 sidus
841 715 934 742 Bootes

210 752 327 785 antertus
346 752 441 782 oritur,
457 751 637 778 interstinctus
649 752 770 777 Arcturo.

226 808 279 836 Vll.
297 809 336 835 Ac
355 816 408 836 non
430 810 528 835 Aratus
545 808 695 839 duntaxat,
711 814 738 836 et
763 809 901 841 Eudoxus,
922 809 969 836 sed

187 854 269 882 etiam
286 854 381 889 reliqui
404 862 499 881 omnes
523 854 578 881 fere
601 855 795 886 mathematici,
817 855 970 889 quicunque

187 900 221 927 de
246 900 330 927 Boote
354 900 539 935 disputarunt.
571 900 598 926 in
622 900 717 926 eodem
739 904 802 927 sunt.
825 908 887 926 cum
916 901 969 927 illis

187 953 281 973 errore
307 945 418 978 versati,
454 945 619 972 arbitrantes
651 948 769 979 quatuor
800 945 874 971 illum
908 952 970 972 cum

187 992 274 1026 signis
295 992 429 1019 occidere.
455 992 561 1018 Attalus
577 999 643 1018 vero
665 998 780 1018 occasus
804 991 846 1018 sui
871 990 971 1025 princi-

189 1037 282 1072 pium,
301 1044 354 1064 non
377 1044 438 1064 cum
465 1036 594 1071 Scorpio,
619 1040 649 1063 ut
668 1036 895 1067 ostendebamus,
924 1036 970 1063 sed

189 1091 251 1110 cum
265 1083 357 1110 Chelis
372 1082 460 1110 facere
474 1087 633 1110 constanter
648 1086 790 1110 asseverat
804 1083 847 1110 his
861 1083 968 1110 vcrbis:

192 1139 201 1154 ι
221 1129 335 1161 Quidam
356 1128 426 1156 enim
450 1136 538 1163 neque
555 1129 742 1163 apparentium
766 1128 880 1155 scientia
901 1135 970 1164 prae-

189 1175 249 1206 diti,
266 1182 354 1209 neque
377 1178 462 1208 poetae
481 1179 596 1202 mentem
621 1175 751 1206 assecuti,
776 1174 849 1201 varie
871 1173 904 1200 de
925 1173 970 1201 illo

189 1220 409 1255 pronuntiarunt.
426 1220 465 1248 Ae
483 1224 548 1248 sunt
567 1219 701 1253 nonnulli,
724 1219 770 1255 qui
785 1227 846 1247 cum
860 1219 970 1255 Virgine

189 1258 306 1299 primum
324 1264 447 1292 Occidere
469 1265 544 1292 illum
563 1265 684 1292 sentiunt
700 1274 707 1297 ;
725 1265 825 1292 deinde
845 1272 907 1291 cum
922 1265 971 1292 tri-

188 1309 240 1337 bus
255 1309 462 1344 insequentibus
490 1310 599 1345 signis;
626 1309 672 1336 alii
700 1309 807 1336 initium
828 1309 971 1337 occidendi

188 1357 222 1384 ab
242 1356 356 1392 Scorpio
373 1357 472 1388 facere,
491 1362 519 1383 et
541 1356 567 1388 in
583 1355 732 1390 Aquarium
752 1355 876 1383 desinere
894 1365 900 1382 :
917 1363 969 1390 qua

188 1403 284 1430 imbuti
302 1402 428 1437 opinione
444 1402 634 1437 aliqui.coram
645 1405 672 1429 te
684 1402 801 1429 convicti
813 1409 828 1429 a
841 1401 929 1433 nobis,
939 1409 971 1429 ac

187 1448 293 1477 dedocti
309 1449 343 1476 de
362 1449 496 1476 sententia
521 1449 717 1476 discesserunt.
741 1448 839 1483 Atque,
863 1452 893 1475 ut
915 1455 970 1475 uno

187 1495 272 1523 verbo
295 1495 395 1527 dicam,
410 1502 472 1522 cum
492 1499 519 1522 et
533 1503 566 1522 ex
586 1495 781 1530 apparentibus
804 1495 831 1522 id
851 1499 968 1527 constet,

682 157 725 184 AD
745 156 879 184 EUSEBII
898 154 1098 184 CHBONICON
1116 146 1299 187 APPENDIX;

1735 157 1803 187 1076

983 211 1005 239 Α
1022 231 1029 238 .
1048 231 1055 238 .
1072 233 1078 239 .
1099 233 1107 240 .
1131 213 1161 249 'Q
1172 213 1210 246 6‘,
1224 214 1302 248 ἐπὴν
1319 213 1411 248 φάεος
1425 215 1592 249 κσρέσηται,

1021 248 1166 291 Beatam}
1182 249 1292 283 ἐπέχει,
1307 250 1413 276 πλεῖον
1428 250 1498 285 δίχα
1510 251 1618 283 νυκτὸς
1634 251 1750 284 ἰούσης.

1057 304 1140 330 Ὅταν
1151 303 1207 339 γὰρ
1216 306 1273 336 ταῖς
1286 304 1387 340 Χηλαῖς
1398 304 1515 340 ἄρχηται
1529 306 1804 340 συγκαταδύνειν,τοΰ

1019 349 1095 384 ἡλίου
1108 351 1136 376 ἐν
1152 350 1247 389 αὐταῖς
1261 350 1344 382 ὖντος,
1360 351 1388 377 ἑν
1411 347 1432 384 ᾧ
1448 351 1587 378 χαταδύνει
1604 351 1703 387 καιρῷ,
1718 352 1748 378 αἱ
1762 353 1805 379 νύ-

1020 404 1083 426 κτες
1105 396 1148 422 ἐπ’
1170 397 1325 433 Ἀρχτούρῳ
1338 395 1460 430 λέγονται
1469 406 1476 412 ·
1491 397 1534 423 ὅτε
1551 397 1614 432 ὃλην
1628 406 1658 423 τε
1672 398 1722 432 τὴν
1736 398 1804 433 ἡμέ-

1024 450 1074 477 ραν
1092 443 1161 478 ὑπὲρ
1183 443 1234 478 γῆς
1251 442 1371 477 φέρεται,
1388 442 1432 468 διὰ
1458 443 1488 469 τὸ
1511 444 1544 478 τῇ
1569 443 1700 478 Παρθένῳ
1724 444 1804 470 αὑτὸν

1021 489 1226 515 συνανατέλλειν
1236 508 1243 520 ,
1262 489 1309 515 καὶ
1319 488 1391 514 δύνει
1406 489 1516 516 πλείονα
1531 489 1624 524 χρόνον
1637 489 1653 524 ἢ
1670 490 1703 516 τὺ
1719 490 1804 525 ἥμισυ

1021 535 1070 570 τῆς
1084 534 1190 566 νυκτὸς,
1205 535 1250 560 ἐπὶ
1262 534 1286 550 ⁷⁸
1300 535 1356 566 τοῖς
1372 534 1500 571 τέσσαρσι
1513 534 1617 567 ζωδίοις
1637 536 1805 571 συγκαταδὺ-

1020 590 1068 608 νει.
1088 581 1147 608 ’Ότι
1169 581 1196 607 δὲ
1222 582 1254 616 τῇ
1274 580 1403 616 Παρθένῳ
1419 582 1480 607 κατ’
1503 581 1582 608 αὐτδν
1605 582 1804 615 συνανατὲλὶει,

1020 626 1134 661 φανερὸν
1151 618 1221 652 ποιεί
1237 627 1265 652 ὲν
1280 625 1398 657 τούτοιςσ

1022 682 1090 710 οὐδ’
1105 683 1143 709 ἂν
1155 683 1348 716 ἐπερχόμεναι
1365 682 1471 714 Χηλαῖ,
1491 683 1539 709 καὶ
1555 683 1648 709 λεπτὰ
1660 683 1804 717 φᾱοικναι,

1023 720 1179 753 Ἄφραστοι
1194 718 1326 751 πίιρΙοιεν
1336 726 1342 732 ’
1357 718 1419 743 ἐπεὶ
1432 718 1508 752 μέγα
1521 717 1602 751 σῆμα
1616 718 1737 752 Βοώτης

1026 752 1139 787 Ἀθρόος
1158 753 1294 779 ἀντέλλει
1308 752 1510 787 ,βεϐολημένος
1529 753 1737 787 Ἀρκτσίιροιο.ι

1055 810 1090 836 Ζ’.
1108 809 1144 835 Οὐ
1162 808 1241 844 μόνον
1256 808 1284 834 δὲ
1296 808 1310 833 ὁ
1324 808 1438 843 Ἄρατος
1452 808 1498 834 καὶ
1510 808 1524 834 ὁ
1536 807 1659 840 Εὔδοξος,
1677 808 1749 835 ἀλλὰ
1762 810 1806 836 καὶ

1019 856 1044 882 of.
1059 855 1146 882 λοιποὶ
1168 855 1351 890 μαθηματικοὶ
1366 854 1464 885 πάντες
1481 854 1582 889 σχεδὸν,
1597 855 1654 880 ὅσοι
1678 855 1743 889 περὶ
1761 855 1805 882 τοῦ

1021 900 1132 927 Βοώτεω
1154 900 1231 934 λόγον
1255 900 1425 934 πεποίηνται,
1449 900 1548 934 ὁμοίως
1573 899 1677 931 τούτοις
1702 901 1807 927 ἀποπι-

1021 945 1180 980 πλάνηνται,
1192 946 1345 981 νομίζοντες
1359 945 1487 980 τέσσαρσι
1499 945 1603 976 ζωδίοις
1612 945 1696 971 αὐτὸν
1708 954 1807 979 wsz-

1020 991 1153 1018 ταδύνειν.
1170 990 1299 1022 Ἄτταλος
1320 990 1348 1016 δὲ
1367 990 1414 1017 καὶ
1434 990 1498 1025 περὶ
1516 989 1562 1016 τοῦ
1582 990 1630 1025 τὴν
1652 991 1742 1025 ἀρχὴν
1760 991 1807 1025 τῆς

1020 1037 1121 1069 δύσεως
1145 1037 1225 1064 αὐτὸν
1243 1037 1386 1068 ποιεῖσθαι,
1403 1038 1440 1073 μὴ
1460 1037 1498 1073 τῷ
1519 1037 1644 1072 Σκορπίῳ
1668 1046 1807 1071 συγκατα-

1020 1082 1179 1117 φερόμενον,
1198 1082 1236 1113 ὠς
1257 1083 1337 1117 ἡμεῖς
1352 1082 1518 1117 ἐδείκνυμεν,
1536 1081 1602 1108 ἀλλὰ
1615 1083 1675 1113 ταῖς
1691 1082 1805 1117 Χηλαῐς,

1022 1127 1122 1159 ἱκανῶς
1145 1127 1356 1159 διαϐεϐαιοῦται,
1382 1127 1467 1162 λέγων
1498 1128 1542 1155 τὸν
1567 1128 1668 1163 τρόπον
1696 1128 1805 1154 τοῦτον·

1024 1181 1032 1197 ι
1051 1172 1136 1199 Ἔνιοι
1153 1172 1207 1208 γὰρ
1228 1172 1288 1199 οὒτε
1308 1174 1363 1204 τοῖς
1380 1173 1552 1208 φαινομένοις
1571 1171 1807 1207 παρακολουθοῦν-

1019 1226 1077 1250 τες,
1104 1218 1164 1244 οὔτε
1188 1218 1221 1246 τὰ
1243 1219 1294 1245 ὑπὸ
1309 1219 1355 1244 τοῦ
1373 1218 1483 1253 ποιητοῦ
1509 1218 1641 1253 λεγόμενα
1661 1218 1806 1252 δυνάμενοι

1021 1266 1152 1296 συνεῖναι,
1166 1264 1311 1300 διαφόρους
1325 1264 1475 1298 ἀποφάσεις
1496 1263 1656 1300 πεποίηνται
1674 1264 1740 1299 περὶ
1759 1264 1806 1290 αὑ-

1020 1311 1076 1337 τοῦ.
1093 1311 1147 1338 Καί
1162 1312 1231 1342 τινές
1252 1320 1316 1345 φασι
1333 1311 1382 1346 μὲν
1403 1310 1484 1339 αὑτὸν
1504 1312 1537 1346 τῇ
1551 1310 1682 1346 Παρθένῳ
1696 1310 1804 1345 πρῶτον

1021 1357 1151 1392 ἄρχεσθαι
1166 1357 1375 1392 συγκαταδύνειν
1386 1365 1392 1372 ·
1415 1355 1474 1383 εἶτα
1492 1358 1520 1383 ὲν
1539 1357 1594 1386 τοῖς
1609 1356 1710 1391 ἑφεξῆς
1733 1356 1804 1391 τρισὶ

1021 1403 1125 1435 ζωδίοις
1137 1412 1144 1419 ’
1163 1403 1226 1430 ἔνιοι
1242 1403 1270 1430 δὲ
1291 1402 1422 1438 ἄρχεσθαι
1446 1403 1494 1437 μὲν
1514 1402 1567 1429 ἀπὺ
1587 1401 1634 1427 τοῦ
1657 1402 1804 1436 Σκορπίου,

1020 1449 1112 1484 λήγειν
1124 1449 1152 1476 δὲ
1166 1449 1211 1476 ἐπὶ
1221 1449 1266 1475 τὸν
1285 1449 1433 1485 Ὑδροχόον,
1451 1445 1488 1475 ὧν
1503 1456 1558 1474 τισι
1572 1447 1619 1474 καὶ
1632 1448 1665 1474 σὺ
1684 1448 1805 1484 πειρατέ-

1020 1503 1117 1530 τευχας
1137 1494 1321 1530 ἐλεγχομένοις
1341 1495 1385 1529 ὑφ’
1405 1494 1492 1530 ἡμῶν,
1510 1495 1556 1521 καὶ
1573 1495 1805 1530 μετατιθεμένοις.

187 1544 214 1568 et
234 1545 314 1576 poeta
333 1540 436 1576 liquido
450 1543 574 1573 testetur,
590 1545 677 1567 totum
700 1540 844 1573 occidisse,
863 1548 925 1568 cum
942 1541 966 1568 in

1023 1541 1141 1567 Καθόλου
1160 1540 1188 1567 δὲ
1211 1540 1258 1567 καὶ
1277 1539 1323 1566 τοῦ
1344 1541 1505 1576 φαινομένου
1520 1540 1597 1567 τοῦτο
1614 1540 1805 1572 summary-mc,

187 1587 292 1613 oriente
307 1586 376 1613 situs
388 1590 428 1613 est
439 1585 501 1617 Leo.
515 1593 643 1614 occasum
659 1589 748 1612 autem
762 1585 892 1620 incipere,
908 1593 970 1613 cum

188 1631 269 1659 Tauri
295 1633 376 1659 instat
395 1637 521 1665 exortus;
545 1632 654 1667 quando
669 1635 695 1659 et
716 1632 857 1666 oppositus
877 1631 915 1658 illi
937 1639 971 1658 ex

188 1679 303 1706 adverso
325 1677 454 1714 Scorpius
477 1679 505 1706 in
528 1685 628 1706 occasu
642 1678 748 1713 positus
761 1681 802 1704 est
819 1686 826 1709 ;
842 1682 869 1704 ct
881 1677 971 1704 Chela:

187 1733 284 1752 recens
300 1725 469 1756 occiderunt,
494 1724 593 1759 quibus
613 1732 675 1751 curn
693 1723 858 1751 descendere
875 1722 970 1757 incipit

187 1771 369 1806 Arctophylax
383 1780 390 1803 ;
409 1770 581 1797 manifestum
593 1777 653 1798 esse
669 1770 788 1797 arbitror
802 1777 850 1796 eos
864 1776 969 1801 omnes,

187 1817 234 1852 qui
247 1816 281 1843 de
293 1817 344 1843 hac
355 1824 384 1844 re
398 1816 562 1843 dissentiunt
576 1823 591 1842 a
605 1815 696 1847 nobis,
707 1815 894 1850 apparentium
910 1822 970 1842 esse

189 1863 311 1890 funditus
327 1863 446 1898 ignaros.
465 1872 475 1887 ι

220 1999 303 2035 Atqui
331 1999 439 2027 beasset
462 2006 523 2030 nos,
539 1997 562 2026 si
577 2005 632 2025 non
652 1997 748 2027 solam.
769 1997 836 2025 citra
858 1996 970 2023 demon-

185 2046 345 2073 strationem
368 2044 529 2072 sententiam
553 2043 643 2071 dicere
667 2047 813 2070 contentus
835 2046 970 2070 assereret

183 2090 326 2118 convictos
343 2098 357 2116 a
374 2098 404 2118 se
426 2090 473 2124 qui
497 2092 592 2116 contra
612 2089 744 2116 sentirent
761 2089 890 2123 opinione
907 2095 969 2115 ces-

184 2137 268 2168 sisse,
297 2136 344 2163 sed
364 2135 428 2162 dicti
444 2142 552 2170 quoque
570 2134 613 2162 sui
631 2133 818 2169 probationem
840 2133 968 2160 mandas-

185 2185 228 2209 set
257 2181 373 2213 litteris;
401 2184 431 2206 ut
457 2183 485 2206 et
509 2179 616 2206 caeteris
644 2179 678 2205 ab
708 2185 740 2205 eo
771 2177 967 2205 dissidentibus

184 2227 344 2264 persuaderi
367 2229 468 2261 posset,
494 2233 555 2252 cum
573 2224 675 2258 Chelis,
691 2232 745 2251 non
769 2231 831 2251 cum
854 2223 968 2258 Scorpio
984 2221 1006 2248 D

184 2275 261 2302 iHum
281 2272 421 2300 occidendi
439 2271 614 2307 primordium
633 2270 742 2298 habere.
764 2269 896 2303 Quoniam
917 2268 968 2304 igi-

183 2325 229 2348 tur
246 2320 297 2347 hoc
313 2319 347 2346 ab
361 2326 394 2346 eo
409 2318 622 2353 praetermissum
636 2322 687 2349 est,
705 2324 760 2344 non
781 2316 876 2343 inutile
895 2315 967 2342 lutu-

183 2373 246 2393 rum
271 2365 390 2392 arbitror
417 2363 511 2399 paucis
541 2363 706 2395 admonere,
734 2363 834 2398 quibus
862 2362 965 2389 inducti

184 2410 338 2439 rationibus
373 2409 555 2440 arbitremur,
591 2416 652 2435 cum
696 2407 811 2443 Scorpio
848 2407 966 2442 primum

184 2456 309 2484 occidere
328 2454 449 2482 Bootem.
465 2453 532 2480 Nam
553 2453 734 2488 copiosiorem
751 2453 802 2480 hac
819 2453 853 2480 de
867 2460 897 2480 re
913 2460 968 2481 ser-

183 2509 292 2530 monem
315 2504 415 2528 nostra:
431 2499 469 2526 illi
484 2499 517 2527 de
535 2498 675 2526 coortibus
693 2498 870 2532 disputationi
887 2505 967 2533 sepo-

184 2548 299 2577 suimus.
310 2545 457 2581 Fingamus
470 2545 561 2579 itaque
576 2544 691 2572 modoin
700 2543 839 2571 horizonte
851 2544 967 2571 occiduo

184 2593 410 2622 australissimam
427 2592 532 2619 stellam
549 2598 655 2621 carum,
672 2597 731 2625 qua:
742 2594 804 2617 sunt
816 2591 842 2617 in
855 2590 966 2617 sinistro

184 2638 252 2674 pede
274 2635 491 2671 Arctophylacis.
508 2634 555 2661 Est
576 2641 608 2660 ea
631 2633 767 2660 borealior
785 2633 965 2667 aequinoctiali

184 2685 288 2712 circulo
302 2683 426 2718 partibus
437 2681 482 2714 27,
496 2689 527 2707 ac
540 2680 639 2707 triente
654 2689 661 2713 ;
679 2679 831 2711 cuiusmodi
846 2679 966 2705 circulus

186 2737 233 2765 per
249 2729 325 2763 polos
338 2727 474 2754 transiens
489 2729 596 2752 constat
610 2725 671 2752 560.
685 2725 726 2752 Oh
746 2724 771 2751 id
790 2725 967 2759 aequidistans

185 2774 369 2810 a'quinoctiali
391 2773 511 2801 circulus
534 2780 581 2808 per
603 2773 675 2800 illam
701 2774 805 2801 stellam
830 2774 966 2801 transiens

221 2851 242 2869 τ’
295 2851 365 2881 ἐκεί,

1021 1587 1069 1613 καὶ
1080 1587 1127 1613 τοῦ
1141 1586 1252 1622 ποιητοῦ
1269 1587 1360 1620 σαφῶς
1375 1587 1509 1621 λέγοντος,
1523 1588 1564 1614 ᾶτι
1581 1587 1641 1618 ὅλος
1665 1587 1716 1622 μὲν
1733 1588 1807 1614 δεδυ-

1021 1631 1076 1663 κὼς
1090 1632 1203 1666 γίνεται,
1220 1631 1332 1663 Λέοντος
1346 1632 1414 1667 πρὸς
1433 1632 1563 1663 ἀνατολὰς
1581 1631 1657 1663 ὄντος
1667 1641 1673 1646 ·
1693 1632 1806 1667 ἄρχεται

1020 1678 1048 1704 δὲ
1064 1678 1183 1710 δύεσθαι,
1201 1679 1239 1705 ὅτ’
1255 1679 1287 1707 ἂν
1301 1679 1315 1704 6
1329 1678 1433 1714 Ταῦρος
1449 1678 1531 1714 μέλλῃ
1546 1678 1717 1705 ἀνατέλλειν
1734 1679 1764 1705 τὸ
1779 1679 1806 1704 δὲ

1021 1724 1090 1751 κατὰ
1111 1724 1255 1760 διάμετρον
1276 1725 1357 1751 αὐτοῦ
1374 1726 1499 1759 κείμενον
1522 1724 1616 1756 ζῴδιον
1638 1726 1653 1751 6
1672 1726 1806 1760 Σκορπίος

1021 1771 1087 1806 πρὸς
1100 1772 1133 1806 τῇ
1150 1771 1224 1798 δύσει
1239 1771 1382 1806 ὑπάρχων·
1399 1772 1427 1799 αἱ
1444 1771 1472 1797 δὲ
1492 1771 1579 1806 Χηλαὶ
1594 1771 1697 1806 ἀρτίως
1711 1779 1806 1798 κατεν-

1020 1817 1167 1853 ηνεγμέναι
1189 1814 1264 1848 ὦσιν,
1288 1814 1331 1848 αἷς
1349 1817 1406 1852 ἅμα
1421 1815 1676 1852 συγκαταφέρεσῦαι
1693 1817 1806 1851 ἄρχεται

1020 1864 1034 1889 6
1051 1863 1245 1898 ’Λρκτοφύλαξ,
1263 1863 1377 1899 φανερὸν
1392 1861 1460 1889 εἶναι
1473 1863 1584 1898 νομίζω,
1597 1863 1665 1889 διότι
1685 1864 1750 1894 τοὺς
1762 1864 1808 1889 ἁν-

1020 1909 1188 1942 τιδοξοῦντας
1203 1910 1267 1945 ἡμῖν
1284 1910 1348 1945 περὶ
1363 1909 1456 1935 τούτου
1472 1907 1611 1939 παντελῶς
1621 1907 1756 1944 ἀπείρους
1768 1905 1807 1934 εἷ-

1021 1963 1064 1985 ναι
1079 1955 1133 1982 τῶν
1146 1955 1314 1989 φαινομένων
1331 1955 1513 1990 συμῧέϐηκεν.
1537 1963 1546 1979 ι

1036 2001 1151 2032 ιΚαλῶς
1175 2001 1224 2036 μὲν
1242 1999 1288 2027 οὖν
1305 1998 1387 2035 εἶχεν,
1409 2001 1432 2026 εἰ
1454 1999 1490 2035 μὴ
1506 2000 1594 2034 μόνον,
1618 2000 1808 2034 ἀναποδείκτῳ

1021 2047 1101 2082 φάσει
1114 2046 1261 2082 χρώμενος,
1276 2046 1351 2080 ἔλεγε
1364 2047 1426 2078 τοὺς
1444 2045 1644 2077 ἀντιδοξοῦντας
1658 2046 1807 2082 ἐλεγχομέ-

1020 2103 1080 2125 νους
1090 2094 1134 2120 ὑπ’
1149 2092 1230 2120 αὑτοῦ
1245 2091 1445 2128 μετατίθεσθαι,
1454 2091 1520 2119 ἀλλὰ
1531 2091 1576 2119 καὶ
1587 2092 1634 2118 νῦν
1649 2092 1808 2128 ἓγγραπτον

1020 2140 1102 2167 ἐτίθει
1118 2140 1167 2175 τὴν
1183 2139 1317 2173 ἀπόδειξιν
1327 2148 1333 2154 ·
1354 2139 1397 2165 ἵνα
1418 2140 1464 2165 καὶ
1483 2140 1507 2165 οἱ
1523 2138 1609 2165 λοιποὶ
1624 2139 1679 2165 τῶν
1702 2140 1810 2166 ἀντιδου

1021 2186 1136 2219 ξούντων
1149 2184 1305 2216 πεισθῶσιν,
1323 2185 1363 2211 ὃτι
1383 2185 1443 2215 ταῖς
1462 2184 1564 2217 Χηλαῖς
1576 2183 1690 2218 ἄρχεται
1706 2193 1810 2218 συγκα-

1019 2232 1151 2263 ταδὺνειν,
1167 2231 1212 2257 καὶ
1225 2231 1255 2257 οὑ
1267 2230 1304 2265 τῷ
1318 2230 1444 2264 Σκορπίῳ
1453 2237 1459 2242 ·
1475 2229 1543 2264 πλὴν
1556 2230 1616 2256 ἐπεὶ
1630 2227 1709 2261 οὗτος
1724 2238 1810 2264 παρα-

1021 2278 1151 2307 λέλοιπεν,
1164 2277 1214 2303 οὺκ
1229 2276 1362 2311 ἄχρηστον
1378 2274 1410 2301 ἂν
1428 2275 1469 2309 εἴη
1485 2274 1528 2300 διὰ
1543 2274 1667 2310 βραχέων
1681 2275 1810 2310 ὑπομνῆ-

1021 2333 1076 2356 σαι,
1092 2324 1124 2350 δι’
1146 2319 1184 2349 ὧν
1206 2321 1353 2357 πειθόμεθα
1370 2321 1408 2356 τῷ
1432 2321 1556 2356 Σκορπίῳ
1581 2320 1700 2356 πρώτως
1726 2321 1809 2347 αὐτὸν

1021 2369 1240 2404 συγκαταδύνειν.
1258 2368 1310 2394 Τὺν
1331 2367 1380 2402 μὲν
1392 2366 1446 2401 γὰρ
1469 2366 1514 2392 ἐπὶ
1529 2365 1620 2392 πλεῖον
1642 2367 1707 2401 πρὶ
1724 2367 1808 2393 αὐτοῦ

1019 2416 1095 2451 λόγον
1108 2417 1136 2442 ἐν
1149 2416 1181 2451 τῇ
1193 2414 1245 2441 τῶν
1265 2412 1449 2440 συνανατολῶν
1460 2412 1635 2447 πραγματείᾳ.
1647 2421 1810 2448 κατακεχωη

1021 2462 1152 2497 ρίκαμεν·
1168 2458 1280 2486 νοείσθω
1300 2458 1328 2484 δὲ
1345 2457 1393 2484 νῦν
1410 2457 1456 2483 ἐπὶ
1469 2455 1515 2482 τοῦ
1535 2456 1673 2492 ὁρίζοντος
1686 2457 1758 2492 πρὸς
1775 2459 1806 2494 τῇ

1019 2507 1093 2534 δύσει
1107 2505 1230 2540 κείμενος
1251 2505 1265 2530 6
1286 2502 1443 2533 νοτιώτατος
1457 2501 1544 2537 ἀστὴρ
1565 2501 1619 2527 τῶν
1641 2503 1671 2528 ὲν
1691 2502 1731 2537 τῷ
1746 2503 1807 2538 ἀρι-

1020 2551 1108 2588 στερῴ
1125 2551 1184 2578 ποδὶ
1204 2549 1251 2577 τοῦ
1267 2549 1504 2585 ’Δρκτοφύλακος.-
1517 2548 1586 2574 Ἀλλ’
1602 2548 1676 2574 ἔστιν
1693 2545 1772 2579 οὗτος
1794 2549 1808 2574 ὁ

1019 2599 1108 2634 ἀστὴρ
1131 2597 1297 2633 βορειότερος
1317 2595 1363 2622 τοῦ
1382 2594 1537 2630 ῐσημερινοῦ
1561 2594 1662 2620 κύκλου
1688 2595 1744 2629 μοί.
1767 2594 1806 2625 κζ’

1021 2645 1067 2671 καὶ
1079 2647 1103 2678 γ’
1118 2644 1196 2679 μέρει
1211 2643 1317 2678 μοίρας,
1331 2642 1393 2668 οἵων
1406 2641 1479 2667 ἐστὶν
1494 2641 1508 2666 6
1520 2640 1564 2667 διὰ
1584 2640 1639 2666 τῶν
1656 2641 1745 2667 πόλων
1760 2640 1807 2666 κὺ-

1021 2690 1082 2720 κλος
1101 2697 1154 2724 μοι.
1172 2687 1219 2719 τξ.
1234 2686 1282 2713 Διὰ
1299 2687 1330 2721 δὴ
1345 2685 1424 2712 τοῦτο
1445 2686 1458 2712 ὁ
1477 2685 1650 2720 γραφόμενος
1668 2685 1806 2720 παράλλη-

1020 2736 1064 2767 λος
1077 2735 1114 2770 τῷ
1130 2734 1276 2770 ἰσημερινῷ
1289 2732 1385 2763 κύκλος
1399 2731 1442 2758 διὰ
1453 2731 1499 2757 τοῦ
1513 2731 1715 2766 προειρημένου
1729 2730 1806 2757 ἀστέ-

1023 2791 1066 2817 ρος
1082 2781 1131 2816 τὴν
1144 2780 1214 2816 ὑπὲρ
1228 2780 1279 2815 γῆς
1290 2779 1463 2815 περιφέρειαν
1479 2778 1531 2812 ἔχει
1552 2777 1680 2804 τοιούτοιν
1697 2776 1805 2814 τμημά-
