1898 3145
103 157 168 186 1077

586 155 769 184 HIPPARCHI
785 155 830 183 AD
846 153 1071 183 ΡΗΑΞΝΟΜΕΝᾹ
1089 154 1152 182 LIB.
1174 155 1205 182 11.

1648 156 1722 184 Ι¹078’

101 227 151 244 των
162 219 192 243 ιε’
212 216 357 244 λείπουσαν
370 219 394 243 κ’
409 217 484 253 μέρει
502 216 539 249 ὡς
551 217 671 252 ἔγγιστα,
693 218 756 244 οἴων
773 217 845 243 ἐστὶν
864 217 878 242 ὁ

934 223 1024 242 arcum
1055 223 1138 250 supra
1163 220 1263 242 terram
1284 215 1367 242 habet
1391 213 1503 243 totidem
1527 215 1645 250 partium
1671 217 1715 249 15,

101 263 142 289 διὰ
154 262 207 288 τῶν
223 262 310 288 πόλων
328 263 425 294 κύκλος
444 263 593 298 τμημάτων
610 263 657 289 κδ’.
672 263 708 289 Τὸ
727 263 811 297 ἥμισυ
827 262 880 297 ἄρα

100 309 146 343 τῆς
156 307 302 343 εἰρημένης
319 308 503 343 περιφερείας,
519 308 550 334 τὺ
562 308 614 335 ἀπὸ
627 307 672 335 τοῦ
695 307 879 344 μεσημϐρινοῦ

100 353 149 385 ἕως
169 352 281 386 δύσεως,
293 352 346 379 τῶν
368 352 456 379 αὐτῶν
476 353 626 388 τμημάτων
646 353 703 380 ἐστὶ
724 353 756 385 ζ’,
776 353 824 378 καὶ
843 353 881 383 ὡς

100 398 210 432 ἔγγιστα
220 398 344 433 ἡμίσους.
364 399 433 425 Ἀλλ’
444 401 457 426 ὁ
470 400 613 434 εἰρημένος
628 400 715 434 ἀστὴρ
728 400 825 430 κεῖται,
843 399 880 430 ὡς

100 443 167 471 κατά
183 444 353 479 παράλληλον
375 444 483 477 κύκλον,
502 446 564 480 περὶ
581 444 604 472 α’
629 446 682 479 μοί.
699 445 752 471 τῶν
773 445 878 480 Χηλῶν.

99 489 224 521 Δύνοντος
239 489 293 524 ἄρα
309 489 401 522 αὐτοῦ,
421 490 461 516 δεῖ
480 492 665 526 μεσουρανεῖν,
680 491 716 523 ὡς
727 491 798 518 κατὰ
811 499 882 527 παρ-

99 535 210 571 άλληλον
227 535 335 568 κύκλον,
350 536 399 571 τὴν
414 539 457 562 κα¹
469 536 489 562 δ’
507 537 561 572 μοῖ.
576 536 623 562 τοῦ
639 537 779 572 Αἰγόκερω
792 545 798 552 ·
814 537 880 563 ταύ-

98 590 146 617 της
160 581 189 608 δὲ
211 581 257 607 ἐπὶ
280 581 326 608 τοῦ
345 581 516 617 παραλλήλου
541 582 769 618 μεσουρανούσης,
790 583 830 609 δεῖ
852 585 881 609 ὲν

98 627 135 662 τῷ
150 626 274 662 ζωδιακῷ
292 629 466 663 μεσουρανεῠ
478 627 527 663 τὴν
540 628 678 663 δευτέραν,
693 628 739 654 καὶ
756 629 881 664 εἰκοστὴν

100 675 194 709 μοῖραν
210 673 256 700 τοῦ
279 673 429 708 Λῑγόκερω.
449 673 517 700 Ἀλλ’
541 676 569 700 ὲν
592 674 630 709 τῷ
652 675 774 710 ζωδιακῴ
796 675 844 710 τῆς
860 675 881 709 β’

98 719 143 746 καὶ
158 719 282 754 εἰκοστῆς
305 719 351 745 τοῦ
374 719 512 756 Αἱγόκερω
533 721 628 755 μοίρας
652 720 880 757 μεσουρανούσης.

99 765 126 791 ὲν
135 764 174 799 τῷ
188 764 359 800 ὑποκειμένῳ
373 765 489 800 ὁρίζοντι
505 765 544 791 δεῖ
555 766 707 792 ἀνατέλλειν
719 766 767 801 τὴν
785 770 810 798 ς’
830 767 881 801 μά-

98 810 175 838 λιστα
193 812 247 846 μοί.
260 810 308 837 τοῦ
320 810 442 846 Ταύρου·
463 812 576 838 ἕκαστον
588 812 642 847 γὰρ
662 812 716 838 τῶν
731 813 882 848 εἰρημένων

98 856 288 884 ἀποδείκνυται
300 857 343 883 διὰ
356 857 410 883 τῶν
422 857 558 893 γραμμῶν
576 859 605 885 ὲν
616 860 674 890 ταῖς
690 858 802 885 καθόλου
819 860 882 895 περὶ

98 903 150 930 τῶν
170 903 297 930 τοιούτων
323 905 388 938 ἡμῖν
415 904 641 939 συντεταγμέναις
670 906 880 940 πραγματείαις.

103 949 132 975 '0
146 948 201 984 ἄρα
218 948 360 984 ἀριστερὸς
374 949 440 979 ποῦς
455 949 502 975 τοῦ
516 949 622 976 Βοώτου
634 950 836 977 ἀντικαταδύνει
848 953 881 987 τῇ

100 994 126 1027 ς’
142 995 198 1030 μοί.
212 994 260 1021 τοῦ
276 995 392 1030 Ταύρου.
410 996 470 1022 ’Ὁτι
486 996 515 1022 δὲ
530 996 577 1022 καὶ
592 997 698 1032 πρῶτος
714 998 728 1023 ὁ
741 997 883 1033 ἀριστερὸς

101 1039 164 1070 ποῦς
180 1038 227 1066 τοῦ
250 1039 354 1066 Βοὼτου
378 1039 460 1071 δύνει,
478 1041 561 1075 χωρὶς
577 1041 671 1067 τούτου
694 1042 882 1068 ἀποδέδεικται

100 1086 126 1113 ἐν
137 1085 177 1121 τῷ
192 1085 256 1121 περὶ
268 1085 349 1112 αὑτοῦ
364 1086 445 1122 λόγῳ.
457 1087 574 1122 Φανερδν
589 1087 611 1113 δ’
627 1088 660 1114 ἂν
676 1087 718 1122 εἴη
730 1088 778 1114 καὶ
791 1087 820 1120 ἐξ
833 1088 882 1114 αὑ-

100 1131 146 1166 τῆς
160 1132 212 1167 τῆς
229 1132 328 1164 θέσεως
343 1133 389 1159 τοῦ
408 1132 524 1159 Βοώτου.
543 1133 635 1169 Ὀρθδς
653 1133 706 1168 γὰρ
728 1133 849 1169 βεϐηκὼς
869 1136 883 1160 ὁ

84 1177 218 1214 ςΒοιῖιτης,
231 1177 348 1211 ὲγκλίνει
360 1178 393 1212 τῇ
406 1177 479 1204 θέσει
491 1177 585 1209 οὕτως.
603 1178 672 1204 ὣστε
684 1178 728 1204 τὴν
741 1179 882 1214 ἀριστερὸν

101 1223 166 1250 πόδα
188 1222 277 1258 πολλῷ
294 1223 450 1260 νοτιώτερον
464 1223 527 1249 ὄντα
541 1223 590 1257 τῆς
606 1224 735 1259 κεφαλῆς,
756 1226 882 1259 προηγεῖ-

101 1268 160 1296 σθαι
179 1269 226 1296 τοῦ
248 1269 292 1296 διὰ
314 1269 368 1296 τῶν
389 1269 488 1301 πόλων,
513 1269 560 1296 καὶ
583 1271 630 1305 τῆς
657 1271 775 1306 κεφαλῆς
800 1271 880 1298 αὐτοῦ

102 1315 272 1351 γραφομένου
292 1315 391 1342 κύκλου
417 1315 507 1342 πλεῖον
520 1315 604 1350 ἥμισυ
626 1317 673 1342 καὶ
691 1315 817 1352 τέταρτον
833 1317 882 1352 μέ-

101 1369 144 1397 ρος
161 1361 270 1394 ζωδίου.
287 1361 354 1397 Περὶ
369 1361 398 1388 δὲ
409 1361 456 1388 τοῦ
476 1361 599 1396 Ὠρίωνος
615 1363 753 1397 συμφωνεῖ
768 1363 782 1388 ὁ
796 1363 880 1398 Ἀρα-

101 1416 153 1440 tog,
171 1406 370 1443 ὑπολαμωνων
386 1406 465 1433 αὑτὸν
479 1406 538 1432 ὅλον
557 1407 612 1438 τοῖς
628 1407 752 1442 Διδύμοις
769 1416 883 1434 συνανα-

101 1453 211 1481 τέλλειν.

132 1500 176 1530 H’.
194 1499 247 1526 Τοῦ
262 1499 290 1526 δὲ
311 1499 421 1531 Λέοντος
443 1500 592 1535 ἀρχομένου
617 1501 779 1534 ἀνατέλλειν,
796 1501 810 1528 ό
835 1502 883 1537 μὲν

101 1544 218 1580 Ἄρατός
234 1552 299 1578 φησι
314 1544 350 1570 τά
364 1552 393 1570 τε
410 1545 456 1571 σὺν
469 1545 506 1580 τῷ
522 1545 649 1581 Καρκίνῳ
666 1546 803 1573 δεδυκέναι
815 1555 821 1562 ·
835 1547 881 1573 τοῦ

99 1588 120 1614 δ’
140 1589 186 1615 Ἐν
202 1589 311 1622 γόνασιν
324 1589 363 1615 ἔτι
373 1589 417 1616 τὸν
428 1590 568 1625 ἀριστερὸν
580 1591 655 1622 πόδα,
670 1591 716 1617 καὶ
735 1592 798 1626 γόνυ
816 1592 881 1619 ἀπο-

99 1633 255 1660 λείπεσθαι·
271 1633 304 1659 τὰ
321 1634 349 1660 δὲ
363 1633 442 1660 λοιπὰ
455 1634 608 1660 δεδυκὲναι·
625 1635 778 1661 ἀνατέλλειν
791 1635 818 1662 δὲ
833 1636 881 1671 τὴν

98 1679 219 1714 κεφαλὴν
231 1679 277 1705 τοῦ
293 1679 404 1714 ”Υδρου,
418 1680 464 1706 καὶ
483 1680 527 1706 τὸν
544 1681 664 1714 Λαγωδν,
683 1682 729 1707 καὶ
750 1681 793 1708 τὸν
814 1682 883 1717 Πρό-

99 1733 178 1757 κυνα,
195 1725 244 1751 καὶ
258 1725 320 1755 τοὺς
333 1725 513 1761 ἐμπροσθίους
526 1726 607 1758 πόδας
624 1726 670 1753 τοῦ
689 1728 787 1759 Κυνός.
801 1727 845 1763 Τῷ
854 1728 882 1754 δὲ

103 1770 211 1806 Ἀράτῳ
224 1770 323 1804 ὁμοίως
339 1771 386 1797 καὶ
400 1771 415 1797 ὁ
437 1771 549 1804 Εῠδοξος
571 1772 759 1807 ἀποφαίνεται.
778 1773 818 1800 Τά
837 1772 883 1801 οὖν

98 1815 231 1852 εἰρημένα
243 1815 329 1851 ἄστρα
341 1816 420 1850 δῆλον
440 1816 480 1843 ὅτι
496 1816 534 1852 τῷ
549 1817 677 1853 Καρκίνῳ
690 1818 748 1845 κατ’
759 1818 856 1849 αὐτοὺς
866 1818 884 1845 ἃ

99 1861 147 1896 μὲν
168 1862 368 1894 συνανατέλλει,
383 1861 400 1889 ἃ
422 1862 450 1888 δὲ
465 1863 678 1890 ἀντικαταδύνει.
694 1864 749 1890 Καὶ
763 1865 810 1891 ἐπὶ
830 1864 884 1892 τῶν

98 1907 187 1934 ἄλλων
203 1907 305 1940 ζωδίων
321 1908 352 1934 τὸ
370 1907 435 1934 αὐτὸ
456 1908 688 1944 διαλαμϐανέσθω.
712 1909 756 1936 Ἐν
773 1910 823 1944 μὲν
838 1908 885 1936 οὖν

97 1955 152 1986 ’τοῖς
168 1954 272 1985 λοιποῖς
288 1954 460 1990 συμφωνοῦσι
474 1955 529 1986 τοῖς
542 1955 726 1990 φαινομένοιςθ
741 1955 787 1982 τοῦ
801 1956 822 1982 δ’
841 1957 884 1982 Ἑν

96 2000 210 2032 γόνασιν
225 2001 255 2026 οὐ
280 2000 358 2035 μόνον
372 2000 402 2026 τὸ
423 1999 566 2035 ἀριστερὸν
582 2001 644 2035 γόνυ
663 2001 710 2027 καὶ
732 2003 746 2028 ὁ
764 2002 831 2033 ποῦς
845 2002 884 2029 ἔτι

98 2044 168 2081 ὑπὲρ
184 2045 235 2080 γῆς
254 2046 337 2077 ἐστιν,
354 2045 421 2071 ἀλλὰ
433 2046 479 2072 καὶ
495 2045 525 2071 τὺ
545 2045 629 2078 δεξιὸν
646 2046 720 2079 γόνυ.
738 2047 814 2073 Δύνει
831 2047 885 2083 γὰρ
902 2082 904 2085 Ι

97 2091 177 2118 τοῦτο
191 2090 386 2126 ἀνατελλούσης
405 2091 455 2125 τῆς
474 2091 520 2117 τοῦ
536 2092 647 2123 Λέοντος
671 2093 724 2127 μοί.
744 2097 791 2125 ις’.
812 2094 840 2120 '0
857 2094 885 2120 δὲ

98 2136 214 2171 Λαγωδς
223 2137 253 2163 οὐ
269 2136 347 2172 μόνον
358 2136 396 2171 τῷ
407 2137 536 2173 Καρκίνῳ
548 2138 745 2171 συνανατέλλει,
756 2139 793 2170 ὡς
806 2140 887 2175 Ἀρα-

97 2189 143 2213 τος
157 2181 353 2217 ὑπολαμωνει,
367 2181 433 2208 ἀλλὰ
452 2183 499 2208 καὶ
518 2184 573 2214 τοῖς
592 2183 727 2218 Διδύμοις.
752 2185 882 2220 Ἀρχεται

100 2226 149 2262 μὲν
166 2227 223 2263 γὰρ
239 2227 401 2259 ἀνατέλλειν,
417 2228 465 2263 τῆς
481 2227 502 2260 ζ’
517 2228 562 2254 καὶ
577 2231 600 2254 κ’
623 2229 676 2263 μοί.
693 2230 746 2256 τῶν
762 2231 879 2266 Διδύμωκ

939 2231 1075 2258 minorum
1106 2229 1220 2269 septima
1251 2234 1277 2257 et
1306 2230 1433 2256 vicesima

97 2272 306 2309 ἀναφερομένης
316 2281 323 2289 ⁸
338 2273 415 2308 λήγει
426 2273 455 2299 δὲ
468 2274 629 2306 ἀνατέλλων,
643 2276 886 2311 συνανατελλούσης

98 2318 174 2354 αὐτῷ
189 2318 325 2354 Καρκίνου
339 2319 394 2353 μοι.
410 2318 442 2353 ιβ’
457 2318 498 2346 S".
514 2319 542 2345 '0
555 2319 583 2345 δὲ
597 2319 676 2346 Κύων
692 2321 751 2352 ὅλος
764 2321 801 2355 τῷ
816 2322 886 2356 Καρ-

97 2364 167 2399 κίνῳ
188 2363 385 2396 συνανατέλλει,
399 2364 468 2399 πλὴν
484 2364 538 2390 τῶν
555 2366 583 2390 ὲν
604 2366 636 2400 τῇ
658 2365 741 2400 οὑρᾷ’
765 2367 810 2392 καὶ
825 2367 884 2401 οὐχ,

98 2409 137 2441 ὡς
149 2409 164 2435 ὀ
178 2410 306 2445 Ἄρατος,
321 2410 346 2436 ot
364 2403 523 2445 ἐμπρόοθιοι
540 2411 619 2445 μόνον
636 2411 717 2438 αὑτοῦ
734 2412 813 2444 πόδες
827 2421 886 2440 συν-

98 2455 277 2482 ανιτέλλουσι
293 2455 331 2490 τῷ
348 2455 486 2491 Καρκίνῳ.

133 2513 174 2539 Θν.
189 2512 244 2548 Τῆς
258 2512 286 2539 δὲ
301 2512 438 2549 Παρθένου
456 2513 611 2550 ἀρχομένης
627 2514 805 2548 ἀνατέλλεινγ
874 2517 902 2550 μ

174 2582 255 2615 Λύρη
273 2582 350 2612 τότε,
367 2581 442 2616 φησὶ,
455 2582 629 2615 Κυλληναίη

98 2617 155 2643 Καὶ
171 2616 279 2652 Δελφὶς
296 2615 498 2652 δύνουσιηκαὶ
514 2618 670 2650 sono/nm;-
689 2618 814 2652 ‘OZ‘otdc.

97 2652 163 2691 {ip-
169 2651 233 2691 τοῖς
249 2652 381 2691 ’ρρζιθος
395 2650 493 2691 πρῶτα
507 2653 598 2691 πτερὰ
611 2651 704 2691 μέσςρι
717 2650 886 2689 παρ’ὰὺτὴν

99 2686 214 2720 οὐρὴν.
230 2686 278 2712 καὶ
292 2686 437 2720 Ποταμοῖο
450 2687 605 2720 παρηορίαι
620 2688 790 2715 σκιόωνται.

96 2721 226 2758 Δῴνειβ³
246 2721 360 2758 Van-tetri
373 2721 488 2758 κεφαλή
499 2721 601 2758 (eum
665 2722 713 2749 καὶ
731 2724 841 2758 αὐχήν.

103 2755 259 2792 ’Δγτέελλει
269 2756 295 2782 δ’
309 2756 394 2790 ’Ύδρη
402 2756 516 2792 mea!
529 2756 624 2783 πλέον
635 2757 703 2791 ἄχρι
713 2755 886 2792 παρτὰὐτὸν

96 2791 250 2825 Κρητῆριι.
271 2792 422 2826 Φθάμενος
438 2790 470 2817 δὲ
485 2791 570 2818 Κύων
590 2790 681 2825 πόδας
697 2790 814 2820 ali-brat
831 2795 884 2822 £qu

800 2832 882 2862 .lovc,

99 2860 224 2887 '5‘wa
240 2860 377 2893 ἐξόπιθεν
393 2862 530 2897 πρύμναν
541 2863 728 2897 πολυτεφέος

932 262 1024 289 minus
1053 266 1128 296 parte
1160 262 1289 288 vicesima
1319 261 1439 294 circiter,
1467 265 1534 296 quot
1565 269 1614 296 per
1639 262 1716 296 polos

931 308 1086 342 descriptus
1119 307 1238 334 circulus
1266 307 1348 334 habet
1379 307 1425 335 24.
1455 307 1544 340 Quare
1573 307 1714 334 dimidium

932 353 1158 380 circumferentire
1181 353 1262 384 illius.
1286 354 1357 387 quod
1378 360 1394 379 a
1413 352 1566 380 meridiano
1585 353 1617 379 ad
1635 360 1716 380 ocea-

931 407 991 426 sum
1014 399 1141 434 pertinet,
1160 399 1317 427 earumdem
1342 398 1398 426 fere
1417 399 1533 433 partium
1556 403 1598 426 est
1621 399 1714 434 71/2.

930 445 1013 480 Atqui
1037 445 1131 472 eadem
1155 445 1199 472 illa
1225 445 1314 476 stella,
1330 443 1479 471 secundum
1500 443 1714 479 mquidislantem

932 491 1076 522 circulum,
1089 491 1140 517 sita
1156 494 1198 517 est
1214 491 1240 516 in
1253 494 1330 525 parte
1341 489 1484 517 Chelarum
1498 489 1606 516 circiter
1616 489 1724 524 prima.-

932 537 969 563 Ea
987 537 1067 571 igitur
1084 536 1224 563 occidente
1235 555 1243 568 ,
1261 536 1410 562 culminare
1428 535 1572 570 oportetin
1587 535 1716 569 parallelo

931 583 1035 609 circulo
1062 581 1108 614 21,
1134 582 1173 609 15’
1197 585 1301 616 partem
1333 581 1517 616 Capricorni;
1541 588 1595 615 qua
1618 588 1715 608 rursus

932 627 1106 659 culminante,
1133 634 1246 654 necesse
1267 630 1307 654 est
1329 627 1356 653 in
1377 626 1489 653 zodiaco
1511 626 1662 653 culminare
1680 626 1716 652 22

931 673 1104 708 Capricorni.
1119 673 1205 700 Porro
1216 672 1317 699 cum~in
1333 673 1445 700 zodiaco
1456 673 1583 700 vicesima
1595 673 1714 699 secunda

934 727 996 754 pars
1012 720 1172 755 Capricorni
1189 720 1330 751 culminat,
1353 721 1379 746 in
1403 727 1446 748 eo.
1462 723 1542 754 quem
1559 721 1714 752 statuimus,

934 764 1074 792 liorizonte
1101 768 1177 792 sexta
1195 764 1250 791 fere
1274 772 1337 799 pars
1357 764 1438 791 Tauri
1461 764 1540 792 debet
1561 773 1713 800 assurgere.

933 810 996 838 Haec
1020 810 1092 837 enim
1117 811 1210 837 omnia
1234 810 1390 845 singillatim
1420 818 1468 845 per
1494 811 1581 838 lineas
1605 811 1716 838 demon—

934 861 1056 884 strantur
1071 857 1097 883 in
1110 864 1192 891 opere
1213 857 1258 882 illo
1276 864 1329 891 quo
1342 857 1493 890 generalem
1510 857 1543 883 de
1560 856 1620 884 istis
1634 857 1715 884 rebus

935 902 1123 929 tractationem
1146 902 1325 929 instituimus.
1351 901 1531 934 Quamobrem
1553 902 1644 930 Bootae
1667 911 1714 937 pes

934 947 1046 975 sinister
1068 947 1168 975 occidit
1189 948 1294 975 oriente
1324 952 1399 974 sexta
1426 952 1502 982 parte
1526 947 1618 975 Tauri.
1648 948 1715 975 Nam

933 995 1077 1022 sinistrum
1094 994 1186 1021 Bootte
1207 995 1301 1029 pedem
1322 995 1439 1029 primum
1455 995 1581 1022 occidere
1602 994 1716 1022 demon-

933 1045 1049 1069 stratum
1071 1043 1113 1068 est
1137 1041 1249 1075 insuper
1273 1041 1301 1067 in
1320 1040 1450 1076 peculiari
1466 1040 1500 1068 de
1523 1041 1570 1067 ilio
1591 1041 1715 1076 disputa-

932 1087 1007 1115 tione
1027 1097 1033 1114 :
1052 1087 1124 1122 quod
1138 1091 1164 1114 et
1178 1095 1211 1114 ex
1233 1087 1292 1122 ipso
1312 1087 1386 1114 illius
1400 1087 1490 1122 positu
1511 1087 1624 1122 intelligi
1642 1087 1716 1115 nullo

933 1134 1041 1169 negotio
1055 1137 1154 1168 potest.
1172 1132 1239 1160 Cum
1260 1133 1331 1160 enim
1347 1137 1438 1161 rectus
1457 1134 1588 1161 consistat
1607 1133 1714 1166 Bootes,

932 1179 969 1206 ita
986 1183 1075 1206 tamen
1091 1183 1131 1206 est
1155 1179 1294 1214 paululum
1314 1179 1445 1206 inclinato
1461 1179 1526 1212 situ,
1541 1187 1588 1214 pes
1605 1183 1634 1206 ut
1655 1180 1715 1214 ejus

933 1226 1045 1253 sinister
1056 1225 1135 1260 longe
1149 1225 1296 1252 australior
1308 1224 1408 1259 capite.
1421 1225 1552 1251 circulum
1566 1233 1613 1259 per
1627 1226 1714 1259 polos,

932 1276 958 1298 ct.
975 1271 1062 1306 ipsius
1079 1275 1162 1306 caput
1175 1270 1340 1305 descriptum
1360 1271 1478 1304 amplius
1497 1270 1629 1298 dodrante
1645 1271 1714 1306 signi

934 1316 1015 1344 unius
1031 1316 1183 1344 antecedat.
1204 1315 1262 1342 Jam
1279 1316 1311 1343 de
1327 1316 1426 1342 Orione
1446 1323 1506 1343 cum
1524 1317 1715 1351 apparentibus

932 1363 1016 1390 Arato
1028 1364 1164 1395 convenit,
1181 1367 1316 1398 quatenus
1331 1366 1417 1389 totum
1433 1362 1507 1389 illum
1521 1370 1582 1389 cum
1594 1361 1714 1390 Geminis

933 1409 998 1436 oriri
1011 1409 1120 1438 asserit.

971 1498 1037 1526 VIII.
1054 1499 1089 1526 At
1104 1498 1193 1527 Leone
1206 1499 1321 1534 primum
1335 1499 1485 1530 exoriente,
1496 1499 1595 1526 Aratus
1605 1499 1642 1525 ait
1656 1506 1716 1534 qua:

935 1548 999 1571 sunt
1020 1552 1081 1571 cum
1096 1544 1213 1575 Cancro,
1235 1544 1290 1577 jam
1314 1543 1468 1577 occidisse;
1485 1543 1631 1578 lngeniculi
1652 1550 1716 1570 vero

934 1590 1076 1618 sinistrum
1094 1590 1183 1618 adhuc
1198 1590 1275 1624 123
1290 1589 1397 1624 pedem,
1419 1597 1450 1617 ac
1463 1597 1533 1625 genu
1554 1597 1714 1624 superesse;

933 1637 1038 1664 caeteris
1055 1636 1110 1671 jam
1136 1636 1162 1663 in
1186 1643 1313 1662 occasum
1330 1635 1468 1670 depressis
1482 1644 1489 1663 :
1506 1636 1571 1662 oriri
1585 1639 1715 1670 przetere:

934 1686 1016 1716 caput
1029 1681 1124 1717 Hydri,
1146 1681 1286 1716 Leporem,
1303 1681 1464 1716 Procynem,
1479 1685 1510 1708 et.
1525 1681 1715 1709 antecedentes

933 1727 1015 1754 Canis
1038 1727 1129 1762 pedes.
1149 1727 1249 1754 Eadem
1273 1735 1335 1753 cum
1353 1727 1435 1753 Arato
1457 1726 1553 1757 scibit
1574 1726 1713 1754 Eudoxus.

934 1772 1066 1805 Quocirca
1080 1773 1170 1800 sidera
1184 1773 1240 1799 lucc
1251 1773 1341 1799 omnia
1358 1773 1466 1807 planum
1478 1776 1520 1800 est
1533 1779 1593 1799 cum
1609 1773 1715 1799 Cancro

935 1826 966 1844 ex
981 1818 1088 1845 illorum
1108 1818 1236 1852 opinione
1255 1819 1352 1852 partim
1376 1817 1454 1849 oriri,
1473 1817 1570 1852 partim
1584 1825 1616 1844 ex
1629 1826 1715 1853 oppo-

935 1865 988 1891 sito
1004 1864 1179 1891 descendere.
1196 1863 1268 1891 Idem
1284 1864 1317 1891 de
1332 1864 1437 1891 caeteris
1455 1871 1563 1899 quoque
1574 1864 1660 1898 signis
1671 1864 1716 1898 ju—

935 1911 1035 1937 dicium
1049 1918 1110 1938 csse
1125 1910 1197 1937 volo.
1218 1910 1300 1945 Atqui
1320 1913 1349 1936 ut
1365 1911 1390 1936 in
1405 1910 1517 1944 reliquis
1534 1909 1568 1936 ab
1580 1917 1715 1944 apparen-

936 1958 1001 1984 tium
1014 1957 1205 1992 experimentis
1216 1956 1327 1983 minime
1337 1956 1510 1991 discrepant;
1521 1956 1560 1983 sic
1569 1955 1715 1991 ingeniculi

935 2011 989 2030 non
1009 2003 1149 2030 sinistrum
1170 2002 1251 2030 modo
1273 2009 1352 2037 genu,
1381 2010 1482 2037 pesque
1508 2010 1590 2037 supra
1615 2007 1715 2029 terram

936 2048 1024 2076 adhuc
1038 2048 1149 2080 eminet,
1166 2048 1213 2075 sed
1225 2048 1306 2074 etiam
1327 2047 1451 2074 dextrum
1467 2055 1547 2082 genu.
1572 2047 1629 2074 Hoc
1642 2048 1715 2075 enim

936 2094 1035 2122 occidit
1046 2094 1150 2121 oriente
1158 2093 1257 2120 Leonis
1270 2097 1345 2128 parte
1358 2094 1399 2120 16.
1414 2093 1447 2119 At
1458 2092 1546 2128 Lepus
1560 2102 1613 2120 non
1628 2094 1715 2121 solum

936 2148 998 2167 cum
1012 2139 1118 2167 Cancro
1134 2139 1231 2172 oritur,
1255 2139 1293 2165 uti
1307 2139 1394 2166 visum
1407 2142 1449 2165 est
1464 2138 1557 2172 Arato,
1576 2139 1622 2166 sed
1633 2139 1716 2166 etiam

935 2193 997 2212 cum
1015 2185 1147 2213 Geminis.
1170 2185 1241 2212 Oriri
1260 2185 1360 2220 quippe
1375 2185 1468 2220 incipit
1486 2192 1547 2211 cum
1570 2190 1646 2220 parte
1665 2184 1717 2212 Gc-

1464 2239 1470 2256 :
1496 2229 1595 2256 desinit
1628 2233 1717 2256 autem

937 2275 1101 2302 ascendente
1111 2282 1172 2302 cum
1187 2275 1244 2309 ipso
1255 2274 1352 2301 Caneri
1366 2274 1400 2300 12
1412 2274 1473 2309 1/2.
1486 2274 1568 2302 Canis
1578 2282 1642 2302 vero
1654 2282 1715 2301 cum

939 2322 1044 2348 Cancro
1060 2324 1133 2348 totus
1147 2321 1244 2352 oritur,
1255 2320 1355 2355 iisquae
1368 2320 1393 2347 in
1403 2319 1488 2347 cauda
1502 2324 1565 2347 sunt
1578 2321 1714 2355 exceptis;

938 2375 1035 2402 neque,
1052 2371 1082 2394 ut
1095 2367 1179 2394 Arato
1194 2367 1292 2402 placet,
1308 2367 1459 2394 anteriores
1476 2374 1539 2394 cum
1550 2367 1655 2394 Cancro
1674 2375 1718 2400 pe.

936 2414 984 2441 dcs
999 2413 1130 2440 duntaxat
1145 2414 1278 2440 oriuntur.

973 2515 1018 2542 lX.
1038 2514 1124 2541 Porro
1137 2514 1276 2541 exoriente
1291 2513 1412 2548 Virgine,

974 2605 980 2611 .
999 2605 1006 2611 .
1025 2604 1030 2611 .
1050 2583 1120 2618 Lyra
1138 2588 1208 2613 tunc,
1226 2582 1272 2613 ait,
1287 2582 1420 2618 Cytlenea,

937 2619 970 2646 Ει
989 2614 1096 2653 Delphin
1116 2619 1246 2649 occidunt,
1260 2624 1282 2644 et
1300 2614 1446 2650 fabrefacta
1463 2614 1576 2650 Sagitta.

937 2655 1003 2681 Cum
1017 2650 1110 2690 quibus
1127 2653 1209 2690 Cygni
1224 2654 1350 2690 primores
1365 2659 1454 2686 penum
1470 2659 1549 2690 usque
1565 2650 1599 2676 ad
1616 2651 1699 2682 ipsum

937 2686 1070 2719 Cuuddm.
1086 2694 1109 2715 ct
1124 2686 1196 2723 ﬂuuii
1212 2687 1388 2714 extremitates
1402 2686 1575 2723 occultantur.

939 2725 1041 2751 Occidit
1059 2721 1143 2751 autem
1160 2724 1227 2759 Equi
1242 2728 1334 2756 caput;
1349 2721 1442 2748 occidit
1453 2726 1482 2759 et
1499 2721 1594 2759 cervix.

939 2761 1031 2787 Oritur
1044 2768 1102 2787 vero
1121 2755 1212 2794 Hydra
1227 2755 1339 2791 amplius
1351 2765 1433 2794 itaque
1448 2755 1486 2794 ad.
1497 2756 1581 2794 insunt

939 2796 1086 2826 Craterem;
1100 2790 1256 2829 prmi-ueniens
1270 2790 1327 2820 i'cro
1344 2790 1423 2819 Canis
1439 2790 1513 2825 prdes
1526 2791 1619 2825 arripit
1639 2790 1717 2822 «lies,

941 2863 1054 2891 T'rahcns
1071 2872 1085 2890 α
1103 2867 1172 2898 (ergo
1185 2862 1288 2896 puppim
1302 2861 1413 2888 stellam;
1429 2861 1522 2896 Argus.
