1898 3145
92 152 160 182 MS!

583 156 767 188 HIPP'ARCIH
784 160 829 188 AD
848 160 1070 193 PEA‘INOMENA
1089 166 1153 195 LIB.
1169 168 1200 196 Il.

1638 175 1708 204 1082

93 213 141 265 τῆς
155 213 299 266 ἀριστερᾶς
320 204 419 249 χειὲὺς,
437 215 478 242 ἔτι
497 216 550 243 ὒπὺ
563 218 614 253 γῆν
629 215 707 252 εἶναι,
724 220 769 247 τοῦ
786 222 852 258 Σκορ

904 241 908 253 ι
923 232 1043 258 manum,
1062 227 1149 255 adhuc
1164 236 1225 257 esse
1243 229 1294 257 sub
1309 233 1391 259 terra.
1406 230 1516 265 quando
1528 230 1658 266 Scorpius
1680 234 1707 261 in

92 258 153 285 πίου
179 258 246 294 πρὸς
272 261 305 295 τῇ
338 261 452 297 ἀνατολῇ
474 262 569 295 ὄντος·
602 265 651 300 τὴν
676 265 703 292 δὲ
725 267 870 303 ἀριστερὰν

91 305 168 340 χεῖρα
183 305 230 331 καὶ
243 305 292 340 τὴν
304 306 424 342 κεφαλὴν
442 308 580 344 μετέωροιἸ
591 310 742 344 φαίνεσθαι,
761 312 808 338 τοῦ
820 312 871 338 Το-

91 349 165 383 ξὸτου
181 350 379 383 ἀνατέλλοντος.
403 353 570 381 Ἀνατέλλειν
589 355 617 382 δέ
634 365 714 391 φησιν
736 357 794 393 ἅμα
811 360 871 390 ταῖς

89 396 189 431 Χηλαῖς
201 396 248 423 καὶ
259 398 288 424 τὺ
299 398 383 433 ἥμισυ
396 399 442 427 τοῦ
456 401 600 435 Στεφάνου,
614 403 660 430 καὶ
671 403 719 439 τὴν
730 404 812 439 οὐρὰν
823 405 869 432 τοῦ

88 442 243 478 Κενταύρου
256 451 263 458 ·
279 443 365 470 δὺνειν
378 445 406 472 δὲ
427 447 506 473 πάλιν
523 448 552 474 τό
564 457 593 474 τε
610 448 688 483 σῶμα
707 449 753 475 τοῦ
771 450 868 476 Ἵππου

87 488 155 520 ὅλον,
175 489 221 514 καὶ
233 489 283 524 τὴν
305 490 386 525 οὐρὰν
401 491 447 518 τοῦ
465 493 597 527 Ὄρνιθος,
611 495 658 520 καὶ
680 495 729 530 τὴν
747 497 868 532 κεφαλὴν

86 533 134 568 τῆς
154 534 340 570 Ἀνδρομέδας,
356 537 402 562 καὶ
419 537 464 563 τοῦ
484 539 590 573 Κήτους
608 539 638 566 τὸ
657 540 709 566 ἀπὸ
723 541 772 576 τῆς
786 542 868 577 ούρᾶς

86 579 136 610 ἕως
160 581 209 615 τῆς
229 579 338 614 λοφίας·
364 582 410 608 τοῦ
433 583 462 609 δὲ
482 584 598 618 Κηφέως
621 586 740 621 κεφαλήν
763 595 802 617 τε,
821 588 867 614 καὶ

85 625 171 659 χεῖρα,
190 625 237 651 καὶ
255 625 355 661 ὤμους,
371 628 417 654 καὶ
431 628 462 654 τὸ
482 629 605 656 πλεῖστον
621 630 703 666 μέρος
721 632 767 658 τοῦ
781 633 866 659 Ποτα-

86 671 134 706 μοῦ
148 680 153 686 ·
166 672 265 707 ὁμοίως
281 673 309 699 δὲ
328 674 356 700 ἐν
366 674 468 706 τούτοις
481 676 527 702 καὶ
539 677 553 702 ὁ
568 677 684 712 ’Ἄρατος
700 679 865 713 τρόποντινὰ

83 718 295 753 παραγέγραῳεν
310 718 345 746 τὰ
361 720 407 746 τοῦ
424 721 548 753 Εὐδόξου.

116 787 155 813 Τὰ
168 787 218 821 μὲν
234 785 280 814 οὖν
295 788 375 815 λοιπὰ
392 789 436 815 ὑπ’
453 789 541 816 αὐτῶν
560 791 643 824 ὑγιῶς
657 791 776 827 εἴρηται·
801 793 864 828 περὶ

80 833 107 860 δὲ
122 833 170 860 τοῦ
190 834 347 871 Κενταύρου
362 835 510 871 ὁλοσχερῶς
526 837 701 872 ἠγνοήκασιν.
719 839 786 864 υῠτε
809 839 863 874 γὰρ

922 272 1025 301 oriente
1043 278 1168 302 versatur
1183 284 1189 302 :
1206 275 1345 303 sinistram
1360 283 1441 311 porro
1457 284 1565 303 manum
1583 285 1644 304 cum
1660 286 1706 305 ca-

920 319 976 354 pite
1000 321 1144 349 sublimem
1164 322 1249 349 videri
1273 323 1378 350 oriente
1399 322 1554 358 Sagittario.
1573 324 1706 352 Cazteruiu

920 373 973 392 una
985 373 1045 393 cum
1059 366 1152 394 Chelis
1166 368 1231 395 oriri
1246 367 1380 395 Coronam
1396 368 1536 395 dimidiam
1551 371 1659 401 asserit,
1674 378 1711 397 ac~

919 408 1048 436 Centauri
1068 410 1200 445 caudam;
1223 412 1372 446 eodemque
1392 416 1512 447 tempore
1529 421 1561 440 ex
1581 415 1706 448 opposito

918 454 1083 483 descendere
1096 456 1230 492 integrum
1242 465 1342 492 corpus
1354 457 1422 493 Equi
1436 463 1462 486 et
1475 458 1589 485 caudam
1602 459 1702 494 Cygni;

918 505 1000 535 caput
1020 501 1208 535 Andromedae,
1230 503 1325 530 Cetum
1345 511 1360 530 a
1382 504 1469 531 cauda
1485 504 1590 531 cervice
1606 508 1702 538 tenus;

918 545 1017 581 Cephei
1043 552 1123 583 caput
1152 553 1179 576 et
1199 557 1309 576 manum
1331 557 1393 576 cum
1418 550 1549 582 humeris,
1576 558 1607 577 ac
1629 549 1702 577 ﬂuvii

916 594 1060 620 maximam
1084 599 1198 629 partem.
1219 595 1249 622 ln
1271 596 1372 631 quibus
1392 596 1516 624 similiter
1534 596 1634 624 Aratus
1648 596 1703 623 Eu—

916 635 978 662 doxi
1005 637 1103 671 locum,
1126 640 1300 667 commutatis
1327 640 1427 673 verbis,
1452 641 1480 668 in
1504 641 1602 668 librum
1621 649 1700 669 suum

916 683 1064 710 transtulit.

947 782 987 810 Ae
1009 788 1106 811 extera
1124 784 1233 819 quidem
1247 785 1281 812 ab
1300 785 1433 813 ambobus
1450 785 1599 813 suntdicta
1617 787 1700 814 veris-

913 830 981 857 sime
995 839 1002 863 ;
1021 831 1048 857 in
1063 831 1200 858 Centauro
1215 832 1293 866 plane
1310 832 1414 866 decepti
1432 836 1505 859 sunt.
1521 832 1587 860 Nam
1609 841 1698 868 neque

80 879 177 915 ἡοὺρὰ
190 880 283 912 αὑτοῦ,
304 880 364 907 οὕτε
385 881 496 908 καθόλου
517 882 551 908 τὰ
568 883 676 910 ὀπίσθια
696 885 783 910 πάντα
795 885 852 910 ἀνα-

913 876 998 902 cauda
1019 876 1114 911 ipsius,
1138 885 1226 912 neque
1249 879 1415 912 posteriores
1431 886 1526 906 omnes
1546 882 1646 913 partes,
1668 883 1697 905 ut

79 925 176 958 τέλλει,
199 926 266 953 ἀλλὰ
278 927 292 953 ὁ
309 927 450 963 ἀριστερὸς
464 925 553 963 ὦμος·
574 929 662 964 πολλῷ
675 930 727 964 γάρ
744 931 801 956 ἐστι
819 930 861 964 βο-

80 972 230 1008 ρειότεροςι
245 972 307 999 οὕτε
324 975 356 1008 τῇ
372 973 501 1010 Παρθένῳ
521 975 631 1010 ἄρχεται
648 977 858 1009 πνανατέλλειν,

78 1017 114 1049 ὥς
126 1026 219 1053 φησιν,
233 1017 301 1045 ἀλλὰ
312 1020 370 1050 ταῖς
381 1019 491 1054 Χηλαῖς.
514 1020 542 1046 '0
558 1020 611 1055 γὰρ
634 1021 774 1057 ἀριστερὸς
785 1019 859 1057 ὦμος

78 1063 157 1090 αὑτοῦ
183 1064 371 1091 συνανατέλλει
390 1066 422 1100 τῇ
440 1069 473 1093 ια’
491 1066 546 1100 μοί.
562 1066 616 1093 τῶν
633 1067 739 1103 Χηλῶν.
761 1069 814 1103 Τῆς
831 1068 858 1095 δὲ

83 1108 260 1144 Ἀνδρομέδας
271 1110 300 1136 οὺ
315 1110 394 1145 μόνον
415 1111 430 1146 ή
448 1111 552 1147 κεφαλὴ
565 1112 667 1144 δέδυκε,
688 1113 742 1139 τῶν
762 1113 858 1148 Χηλῶν

76 1156 142 1192 πρὸς
158 1158 192 1191 τῇ
205 1157 318 1193 ἀνατολῇ
338 1157 435 1190 οὐσῶν,
453 1158 520 1185 ἀλλὰ
535 1159 582 1185 καὶ
594 1160 620 1185 αἱ
636 1161 723 1195 χεῖρες
740 1160 857 1195 ἀμφότε-

77 1209 130 1235 ραι.
145 1200 184 1227 Τὸ
202 1201 229 1227 δὲ
244 1201 331 1235 Κῆτος
347 1202 376 1227 οὐ
392 1203 426 1237 τῇ
440 1202 568 1238 Παρθένῳ
582 1203 695 1239 ἄρχεται
713 1205 852 1230 ἀντικατα-

74 1246 171 1278 δύνειν,
184 1247 222 1279 ὡς
235 1243 307 1274 οὗτοί
322 1257 413 1281 φασιν,
430 1249 498 1276 ἀλλὰ
518 1249 556 1284 τῷ
571 1250 673 1276 Λέοντι.
688 1250 747 1276 Τῶν
760 1251 814 1286 γὰρ
827 1253 856 1278 ὲν

73 1295 105 1329 τῇ
115 1294 185 1329 οὐρᾷ
198 1294 279 1321 αὐτοῦ
296 1294 316 1329 β’
334 1295 466 1330 λαμπρῶν
480 1296 494 1321 ὁ
509 1295 557 1330 μὲν
572 1295 729 1332 νοτιώτερος
747 1297 856 1324 ἀντικα-

73 1339 179 1366 ταδύνει
195 1340 263 1375 μέσῃ
277 1341 310 1375 τῇ
329 1339 351 1372 ζ’
371 1341 417 1366 καὶ
433 1341 458 1367 x’
473 1341 527 1376 μοι.
542 1341 588 1368 τοῦ
604 1342 730 1373 Λέοντος·
746 1343 776 1369 τὸ
791 1343 855 1377 μέν·

72 1393 142 1420 τοιγε
161 1385 255 1412 λοιπὸν
274 1386 351 1421 σῶμα
366 1386 412 1413 τοῦ
431 1387 538 1422 Κήτους
552 1388 600 1422 οὐχ
612 1388 670 1414 ὅλον
681 1389 713 1423 τῇ
726 1387 855 1424 Παρθένῳ

72 1431 284 1464 ἀντικαταδύνει,
304 1433 361 1458 ἀλλ’
378 1433 429 1464 ἕως
452 1433 501 1467 τῆς
524 1433 628 1467 λοφίας,
652 1433 689 1464 ὼς
709 1434 723 1459 ὁ
739 1433 854 1468 ’Δρατός

72 1485 161 1512 φησιν.
182 1477 234 1503 Τοῦ
250 1478 279 1504 δὲ
298 1478 415 1512 Κηφέως
431 1479 447 1513 ἡ
463 1478 566 1514 κεφαλὴ
583 1479 661 1513 μόνον
681 1478 768 1505 δύνει·
785 1479 810 1505 οἱ
825 1479 854 1505 δὲ

70 1519 137 1558 ὦμοι
149 1523 233 1550 αὑτοῦ
244 1525 273 1550 ὲν
285 1524 324 1559 τῷ
335 1524 458 1558 ἀειφανεῖ
467 1525 589 1560 τμήματι
603 1527 714 1557 κεῖνται,
729 1525 853 1562 καθάπερ

912 924 1038 950 universe
1062 924 1168 958 loquar,
1183 928 1307 951 exortum
1324 924 1439 958 faciunt;
1456 925 1504 952 sed
1519 925 1630 952 sinister
1646 925 1696 952 hu-

910 977 1013 1002 merus,
1026 971 1071 1005 qui
1087 971 1173 998 multo
1187 972 1322 999 b01‘t'ail0l'
1335 977 1387 1004 est,
1399 981 1486 1007 neque
1497 981 1557 1000 cum
1574 973 1697 1009 Virgine,

909 1019 940 1042 ut
959 1015 1004 1044 ille
1028 1016 1104 1047 dicit,
1120 1017 1168 1044 sed
1183 1025 1245 1044 cum
1263 1017 1353 1045 Chelis
1369 1019 1434 1045 oriri
1451 1019 1555 1053 incipit.
1572 1019 1639 1046 Nam
1658 1020 1695 1046 si-

908 1061 995 1089 nister
1017 1062 1146 1090 humerus
1173 1063 1259 1098 ipsius
1279 1065 1366 1092 oritur
1381 1073 1442 1092 cum
1460 1070 1536 1100 parte
1548 1065 1695 1093 Clielarum

908 1106 1060 1134 undecima.
1081 1108 1115 1134 At
1135 1107 1313 1136 Andromeda:
1333 1118 1386 1137 non
1411 1111 1498 1138 solum
1515 1115 1597 1146 caput
1614 1120 1694 1140 occa-

908 1158 967 1178 sum
981 1151 1036 1185 jam
1055 1151 1129 1184 fecit,
1146 1154 1255 1188 quando
1271 1154 1360 1182 Chcla:
1378 1161 1442 1182 sunt
1458 1156 1484 1182 in
1507 1157 1623 1189 oriente,
1645 1158 1692 1185 sed

906 1197 987 1224 etiam
1003 1205 1099 1225 manus
1113 1202 1236 1234 utraque.
1252 1200 1334 1227 Cctus
1348 1208 1455 1235 quoque
1470 1209 1534 1235 non,
1551 1207 1580 1230 ut
1592 1203 1629 1230 illi
1645 1211 1690 1230 ar-
1725 1234 1737 1243 ~

906 1240 1052 1273 bitrantur,
1081 1243 1186 1270 oriente
1206 1242 1316 1279 Virgine
1338 1252 1372 1271 ex
1394 1245 1509 1273 adverso
1526 1247 1693 1275 descendere

905 1287 1009 1322 incipit,
1027 1288 1075 1316 sed
1091 1288 1191 1316 Leone.
1204 1289 1270 1316 Nam
1286 1298 1301 1317 e
1317 1290 1415 1318 lucidis
1427 1291 1544 1325 duabus,
1560 1300 1628 1327 quas
1641 1293 1691 1320 ha-

904 1333 949 1361 bet
964 1334 992 1361 in
1008 1335 1105 1366 cauda.
1122 1336 1267 1363 australior
1281 1337 1376 1364 mediae
1391 1337 1490 1366 Leonis
1507 1339 1540 1366 27
1555 1340 1626 1374 parti
1641 1340 1690 1367 ad-

903 1387 982 1407 versa
1004 1380 1118 1415 occidit;
1141 1382 1274 1417 reliquum
1289 1382 1347 1410 Ceti
1368 1391 1467 1418 corpus
1484 1392 1537 1411 non
1556 1385 1690 1420 integrum

903 1425 1042 1454 descendit
1064 1429 1204 1456 exoriente
1217 1429 1338 1465 Virgine.
1361 1431 1407 1458 sed
1429 1431 1535 1458 cervice
1555 1436 1643 1464 tenus,
1660 1437 1689 1459 ut

902 1474 1002 1501 Aratus
1016 1475 1122 1502 scribit.
1137 1475 1172 1502 At
1185 1475 1283 1511 Cephei
1300 1477 1388 1504 solum
1405 1481 1487 1512 caput
1503 1477 1617 1511 occidit;
1635 1479 1688 1506 hu—

902 1521 970 1547 meri
993 1517 1077 1556 ipsius
1100 1522 1128 1549 in
1151 1529 1258 1557 semper
1278 1528 1424 1557 apparente
1446 1529 1584 1558 segmento
1607 1525 1689 1559 positi

69 1570 282 1606 προειρήκαμεν.
296 1571 334 1597 Οὐ
348 1570 427 1605 μόνον
435 1571 462 1597 δὲ
475 1572 605 1598 κατάύτὸ
617 1572 768 1606 ἀγνοοῦσιν,
785 1571 852 1599 ἀλλὰ

904 1571 976 1600 sunt,
1001 1573 1030 1595 ut
1049 1569 1106 1603 jam
1127 1569 1255 1597 diximus.
1274 1569 1367 1605 Neque
1382 1578 1445 1598 vero
1461 1575 1564 1598 tantum
1585 1572 1611 1598 in
1636 1572 1688 1599 hoc

69 1616 128 1643 καθ’
144 1617 157 1643 ὃ
176 1624 240 1650 φασι
256 1618 289 1652 τῇ
316 1617 446 1652 Παρθένῳ
470 1617 688 1645 ὰντικαταδύνειν
703 1617 753 1654 τὴν
769 1627 853 1653 κειρα-

67 1664 114 1700 λὴν
129 1665 226 1691 αὑτοῦ.
251 1666 286 1691 Οὺ
307 1665 359 1701 γὰρ
373 1667 406 1701 τῇ
422 1666 561 1701 Παρθένῳ,
586 1666 652 1694 ἀλλὰ
675 1668 734 1698 ταῖς
749 1666 851 1702 Χηλαίς

69 1711 179 1746 ἄρχεται
196 1711 426 1739 ἀντικαταδύνειν.
450 1712 479 1738 Ὁ
498 1712 551 1748 γὰρ
573 1712 731 1748 νοτιώτερος
753 1712 807 1739 τῶν
823 1713 851 1739 ὲν

67 1758 99 1792 τῇ
121 1757 227 1792 κεφαλῇ
251 1757 333 1790 δύνει,
351 1758 547 1793 ἀνατελλούσης
567 1758 621 1785 τῶν
644 1759 740 1794 Χηλῶν
756 1759 850 1794 ὀγδόης

69 1802 122 1837 μοι.
134 1803 184 1838 τῆς
197 1803 294 1838 μέσης.

100 1902 148 1929 1Α¹.
163 1902 217 1929 Τοῦ
226 1902 253 1929 δὲ
262 1902 394 1938 Σκορπίου
406 1903 555 1938 ἀρχομένου
564 1903 726 1934 ἀνατέλλειν,
737 1903 799 1929 θάτε
804 1903 850 1938 ρός

66 1956 129 1983 φησι
146 1948 235 1975 δύνειν
252 1948 299 1983 μὲν
315 1949 350 1975 τά
363 1957 393 1974 τε
407 1948 487 1975 λοιπὰ
505 1949 575 1984 μέρη
588 1948 635 1975 τοῦ
651 1949 787 1984 Ππαμοῦ,
801 1950 848 1976 καὶ

65 1993 97 2019 τὰ
117 1993 198 2020 λοιπὰ
224 1993 294 2028 μέρη
315 1993 364 2028 τῆς
385 1993 570 2029 Ἀνδρομέδας,
587 1995 633 2020 καὶ
655 1993 702 2021 τοῦ
728 1995 852 2035 Κήτους,

65 2039 110 2065 καὶ
121 2039 168 2065 τοῦ
184 2039 302 2074 Κηφέως
314 2039 344 2065 τὺ
355 2039 408 2066 ἀπὺ
420 2040 473 2066 τῶν
487 2039 569 2076 ὤμων
583 2040 662 2076 μέχρι
676 2041 725 2076 τῆς
739 2040 827 2076 ζώνης
837 2049 844 2056 -

65 2086 109 2112 καὶ
124 2086 173 2121 τὴν
189 2086 375 2112 Κασσιέπειαν
390 2086 464 2121 ὅλην,
480 2085 549 2121 πλὴν
571 2086 601 2113 τὸ
615 2086 669 2113 ἀπὸ
681 2086 735 2113 τῶν
758 2086 846 2114 ποδῶν

63 2131 113 2163 ἕως
129 2132 183 2159 τῶν
197 2133 327 2166 γονάτων.
350 2133 516 2160 Ἀνατέλλειν
529 2133 559 2159 τέ
572 2142 654 2168 φησιν
667 2133 697 2160 τό
710 2142 739 2159 τε
754 2133 845 2160 λοιπὸν

62 2178 107 2204 τοῦ
130 2179 278 2213 Στεφάνου,
295 2179 341 2206 καὶ
364 2179 413 2214 τὴν
429 2179 513 2214 οὐρὰν
534 2179 580 2206 τοῦ
599 2179 708 2215 ”Υδρου,
728 2180 775 2206 καὶ
797 2179 845 2206 τοῦ

62 2225 217 2262 Κενταύρου
231 2226 261 2252 τὸ
281 2226 373 2253 λοιπὸν
394 2227 483 2261 σῶμα,
505 2227 573 2262 πλὴν
598 2227 651 2252 τῶν
674 2227 845 2263 ἐμπροσθίων
860 2237 882 2264 ι)
896 2226 1016 2260 exceptis

61 2273 146 2299 πηδῶν
157 2281 164 2287 ·
191 2272 347 2300 ἀνατέλλειν
367 2273 396 2300 δέ
411 2281 476 2308 φησι
493 2273 539 2299 καὶ
554 2273 584 2300 τὸ
601 2272 708 2308 Θηρίον,
723 2273 737 2300 ὃ
761 2273 816 2309 ἔχει
830 2275 844 2300 ὁ

60 2317 213 2354 Κένταυρος
224 2327 231 2334 ·
247 2319 294 2346 καὶ
310 2318 356 2346 τοῦ
379 2319 520 2354 Ὀφιούχου
539 2319 590 2354 τὴν
602 2319 722 2355 κεφαλὴν
735 2320 781 2345 καὶ
793 2320 842 2351 τὰς

59 2365 159 2399 χεῖρας·
177 2363 282 2391 καὶτοῦ
293 2366 408 2399 Ὄφεως,
425 2364 454 2392 ὃν
466 2364 522 2400 ἔχει
536 2366 550 2391 ὀ
570 2365 718 2400 Ὀφιοῦχος,
734 2365 783 2401 τὴν
796 2374 840 2392 κε-

57 2409 143 2445 φαλὴν
157 2409 211 2441 ἓως
224 2410 274 2444 τῆς
289 2409 398 2445 πρώτης
413 2410 543 2446 σπείραςί
559 2411 605 2438 καὶ
621 2410 667 2437 τοῦ
690 2411 732 2437 ‘Ev
747 2411 840 2444 γόνασι

56 2454 89 2481 τὰ
103 2455 195 2485 λοιπὰ,
211 2455 279 2491 πλὴν
290 2456 340 2492 τῆς
354 2456 474 2491 κεφαλῆς
493 2457 540 2483 καὶ
554 2457 604 2492 τῆς
623 2457 769 2492 ἀριστερᾶς
783 2465 840 2492 χει-

57 2501 112 2536 ρός.
135 2501 166 2528 '0
177 2501 207 2528 δὲ
223 2501 336 2536 Εὔδοξος
349 2502 384 2529 τὰ
402 2502 451 2538 μὲν
463 2503 542 2529 λοιπὰ
553 2503 652 2538 ὁμοίως
666 2503 819 2538 ἀναγράφει
830 2511 837 2518 ’

55 2545 102 2581 τὴν
117 2545 147 2572 δὲ
164 2546 284 2581 κεφαλὴν
300 2547 347 2574 τοῦ
368 2546 508 2582 Ὀφιούχου
522 2547 621 2582 γράφει
632 2546 837 2578 ἀνατέλλουσαν,

55 2592 101 2618 καὶ
117 2593 169 2627 τὴν
184 2592 331 2628 ἀριστερὰν
346 2593 424 2628 μόνον
436 2594 527 2628 χεῖρα·
543 2593 591 2629 τὴν
602 2593 631 2619 δὲ
646 2592 738 2628 ἄλλην.
750 2593 796 2619 καὶ
808 2593 838 2619 τὸ

53 2635 162 2671 Θηριον,
176 2637 206 2662 οὐ
226 2636 273 2663 τοῦ
293 2638 436 2673 Σκορτιίου,
452 2637 519 2664 ἀλλὰ
532 2637 579 2664 τοῦ
594 2637 706 2670 Τοξότου
723 2638 836 2665 ἀνατέλ-

53 2680 153 2713 λοντος,
172 2681 243 2717 ὑπὲρ
266 2683 316 2717 γῆν
332 2683 377 2710 καὶ
402 2683 553 2718 φαίνεσθαι.
571 2684 625 2710 Καὶ
646 2684 680 2710 τὰ
705 2685 754 2719 μὲν
770 2685 837 2712 ἄλλα

53 2727 205 2762 συμφώνως
221 2730 428 2764 παραγράφουσι
445 2732 499 2762 τοῖς
516 2730 687 2765 φαινομένοις
704 2731 742 2747 ⁷⁹·
761 2731 791 2757 τὸ
808 2731 836 2758 δὲ

52 2772 161 2808 Θηρίον,
179 2774 240 2800 οὔτε
256 2777 315 2807 ταῖς
330 2776 440 2811 Χηὶαῖς.
457 2777 493 2803 Τὸ
504 2777 531 2803 δὲ
544 2777 634 2804 λοιπὸν
650 2777 688 2812 τῷ
703 2778 834 2813 Σκορπίου

84 2873 107 2888 ⁷⁸
128 2873 196 2901 ΙΙϊσ
222 2875 346 2903 mendosa
365 2882 435 2903 sunt.

902 1613 1061 1640 hallucinati
1082 1618 1160 1648 sunt;
1182 1615 1229 1642 sed
1248 1615 1274 1642 in
1291 1622 1324 1642 eo
1337 1623 1444 1650 quoque
1461 1617 1532 1650 quod
1555 1617 1626 1645 illius
1642 1625 1688 1644 ca-

902 1663 950 1694 put
977 1668 1011 1686 ex
1039 1660 1155 1688 adverso
1177 1660 1296 1696 Virginis
1322 1662 1398 1688 aiunt
1428 1662 1602 1690 descendere.
1627 1662 1688 1690 Non

901 1705 973 1732 enim
988 1705 1104 1741 Virgini,
1122 1707 1168 1734 sed
1181 1707 1272 1735 Chelis
1285 1708 1439 1742 oppositum
1453 1707 1542 1735 facere
1558 1716 1686 1736 occasum

900 1751 1004 1787 incipit.
1020 1752 1124 1788 Quippe
1138 1754 1279 1782 stellarum
1295 1762 1355 1789 qua:
1369 1754 1395 1780 in
1412 1754 1498 1789 ipsius
1512 1755 1599 1788 capite
1610 1759 1686 1786 sunt,

900 1800 1045 1826 australior
1059 1800 1160 1827 occidit
1182 1801 1287 1828 oriente
1307 1800 1395 1828 media
1414 1804 1509 1827 octava
1526 1803 1602 1835 parte
1616 1800 1686 1828 Che-

899 1846 996 1872 larum.

933 1901 980 1930 XI.
991 1903 1059 1930 Cum
1075 1904 1142 1931 oriri
1156 1903 1285 1939 Scorpius
1301 1904 1406 1939 incipit,
1414 1904 1556 1931 amborum
1572 1904 1685 1938 scripto—

898 1956 958 1975 rum
975 1949 1063 1983 placet
1075 1949 1163 1983 alteri,
1175 1950 1294 1985 reliquas
1306 1949 1381 1976 ﬂuvii
1389 1954 1480 1984 partes
1489 1949 1623 1981 occidere,
1633 1957 1685 1976 nec

897 2002 951 2022 non
966 1995 1144 2023 Andromedae
1159 2003 1190 2023 ac
1200 1995 1277 2029 Ceti;
1292 1999 1320 2022 et
1334 1995 1433 2030 Cephei
1447 1994 1578 2030 quidquid
1592 2001 1634 2022 est
1649 1995 1684 2021 ali

896 2041 1017 2068 humeris
1036 2041 1070 2068 ad
1088 2041 1226 2077 cingulum
1242 2051 1249 2068 :
1265 2041 1329 2068 item
1347 2041 1518 2076 Cassiepeam
1538 2041 1681 2076 integram.

896 2092 1075 2122 praeterquam
1094 2095 1125 2115 ea
1140 2095 1200 2123 quae
1215 2094 1231 2114 a
1247 2087 1362 2123 pedibus
1375 2087 1408 2115 ad
1429 2095 1514 2122 genua
1534 2087 1681 2122 pertinent.

895 2133 977 2161 Addit
990 2134 1042 2167 his,
1053 2134 1119 2161 oriri
1134 2133 1248 2162 Coronae
1262 2133 1406 2168 reliquum,
1419 2137 1445 2160 et
1457 2132 1541 2168 Hydri
1554 2132 1681 2164 caudam,

895 2188 927 2208 ac
941 2180 1071 2207 Centauri
1085 2180 1220 2215 reliquum
1239 2187 1349 2214 c0rpus,
1368 2180 1550 2207 anterioribus
1566 2179 1683 2215 pedibus

1046 2236 1052 2254 :
1083 2226 1117 2254 ad
1147 2226 1206 2254 haec
1229 2225 1365 2261 Ophiuchi
1395 2229 1485 2261 caput,
1514 2231 1541 2253 et
1566 2233 1681 2260 manus;

896 2276 922 2300 et
949 2273 1092 2307 serpentis,
1121 2280 1200 2307 quem
1228 2276 1316 2308 gestat
1343 2271 1512 2307 Ophiuchus,
1538 2276 1620 2307 caput
1646 2273 1680 2300 ad

895 2319 1012 2354 priorem
1031 2327 1118 2354 usque
1136 2319 1252 2354 spiram;
1271 2319 1373 2353 reliqua
1388 2320 1497 2354 insuper
1521 2319 1680 2354 lngeniculi,

894 2368 1008 2399 excepto
1024 2365 1112 2400 capite
1126 2373 1157 2392 ac
1173 2365 1284 2392 sinistra
1300 2372 1394 2392 manu.
1422 2365 1456 2391 At
1474 2365 1601 2392 Eudoxus
1617 2372 1679 2392 cum

895 2410 922 2437 in
936 2410 1042 2438 caeteris
1056 2410 1218 2442 consentiat,
1234 2409 1368 2445 Ophiuchi
1383 2415 1474 2444 caput.
1492 2418 1524 2437 ac
1541 2410 1679 2437 sinistram

893 2456 1024 2483 duntaxat
1041 2463 1150 2483 manum
1169 2455 1270 2483 exoriri
1290 2456 1403 2489 asserit;
1424 2456 1537 2482 alteram
1558 2464 1678 2488 manum,

893 2507 923 2529 ut
942 2506 969 2529 et
990 2502 1085 2534 feram,
1103 2509 1158 2529 non
1177 2502 1283 2529 oriente
1303 2501 1428 2536 Scorpio,
1449 2502 1496 2529 sed
1520 2501 1677 2536 Sagittario,
1699 2530 1700 2533 η

893 2557 974 2583 supra
1000 2554 1099 2577 terram
1122 2553 1240 2576 exstare.
1262 2549 1351 2584 Atque
1374 2549 1402 2576 in
1427 2550 1540 2576 aliorum
1568 2549 1678 2583 quidem

891 2595 1075 2630 descriptione
1097 2603 1158 2623 cum
1184 2595 1378 2630 apparentibus
1394 2595 1474 2622 ambo
1499 2593 1676 2621 conveniunt.

893 2641 1030 2676 Scdquod
1046 2641 1079 2668 ad
1097 2641 1181 2669 feram
1197 2642 1302 2668 attinet.
1335 2662 1341 2668 .
1382 2661 1389 2668 .
1430 2661 1437 2667 .
1478 2661 1484 2666 .
1525 2659 1532 2665 .
1572 2659 1579 2666 .
1619 2659 1626 2666 .
1667 2660 1674 2666 .

893 2709 899 2714 .
940 2708 945 2714 ι
987 2709 991 2714 .
1034 2707 1040 2715 ο
1081 2707 1088 2715 .
1129 2707 1135 2713 ι
1177 2707 1184 2713 .
1226 2707 1232 2713 ο
1274 2707 1280 2713 .
1322 2707 1328 2712 .
1369 2707 1375 2714 .
1415 2704 1422 2711 ι
1460 2704 1468 2710 ι
1508 2705 1515 2712 .
1556 2704 1562 2710 .
1609 2705 1615 2710 .

891 2753 898 2760 ο
939 2754 947 2762 .
988 2755 994 2761 ι
1035 2755 1041 2761 Ι
1082 2754 1089 2761 .
1130 2755 1136 2760 .
1177 2755 1183 2759 -
1224 2753 1230 2759 .
1272 2754 1278 2759 .
1327 2753 1332 2760 .
1373 2753 1380 2759 ι
1420 2751 1426 2758 ι
1478 2751 1484 2757 ι
1526 2751 1533 2757 -
1574 2753 1580 2758 .
1618 2750 1624 2756 -
1667 2751 1672 2757 ι

890 2781 1008 2816 Apparet
1036 2788 1100 2816 ergo
1126 2787 1186 2808 cum
1209 2780 1300 2808 Chelis
1320 2783 1422 2813 partem
1439 2777 1524 2812 ipsius
1554 2777 1673 2811 aiiquam
