  <div class='ocr_page' id='page_1' title='image "/cluster/home/n/w/nwhite01/storage/ocr_20150623/19/njp.32101077772463/619.png"; bbox 0 0 1898 3145; ppageno 0'>
   <div class='ocr_carea' id='block_1_1' title="bbox 177 174 247 202">
    <p class='ocr_par' dir='ltr' id='par_1_1' title="bbox 177 174 247 202">
     <span class='ocr_line' id='line_1_1' title="bbox 177 174 247 202; baseline 0.014 -1"><span class='ocrx_word' id='word_1_1' title='bbox 177 174 247 202; x_wconf 70' lang='grc'><strong>1085</strong></span> 
     </span>
    </p>
   </div>
   <div class='ocr_carea' id='block_1_2' title="bbox 672 159 1273 196">
    <p class='ocr_par' dir='ltr' id='par_1_2' title="bbox 672 159 1273 196">
     <span class='ocr_line' id='line_1_2' title="bbox 672 159 1273 196; baseline -0.017 0"><span class='ocrx_word' id='word_1_2' title='bbox 672 168 715 196; x_wconf 83' lang='lat' dir='ltr'><strong>AD</strong></span> <span class='ocrx_word' id='word_1_3' title='bbox 734 161 1075 195; x_wconf 76' lang='lat' dir='ltr'><strong>EUSEBHCHRONICON</strong></span> <span class='ocrx_word' id='word_1_4' title='bbox 1094 159 1273 188; x_wconf 78' lang='lat' dir='ltr'><strong>APPENDIX.</strong></span> 
     </span>
    </p>
   </div>
   <div class='ocr_carea' id='block_1_3' title="bbox 1728 155 1804 185">
    <p class='ocr_par' dir='ltr' id='par_1_3' title="bbox 1728 155 1804 185">
     <span class='ocr_line' id='line_1_3' title="bbox 1728 155 1804 185; baseline 0.013 -1"><span class='ocrx_word' id='word_1_5' title='bbox 1728 157 1742 184; x_wconf 73' lang='grc'><strong>1</strong></span> <span class='ocrx_word' id='word_1_6' title='bbox 1747 155 1804 185; x_wconf 58' lang='grc'><strong>084</strong></span> 
     </span>
    </p>
   </div>
   <div class='ocr_carea' id='block_1_4' title="bbox 175 207 976 267">
    <p class='ocr_par' dir='ltr' id='par_1_4' title="bbox 175 222 962 267">
     <span class='ocr_line' id='line_1_4' title="bbox 175 222 962 267; baseline -0.014 -7"><span class='ocrx_word' id='word_1_7' title='bbox 175 235 302 267; x_wconf 87' lang='lat' dir='ltr'><strong>oportere</strong></span> <span class='ocrx_word' id='word_1_8' title='bbox 313 222 324 264; x_wconf 22' lang='lat'><strong>,4</strong></span> <span class='ocrx_word' id='word_1_9' title='bbox 347 229 418 266; x_wconf 87' lang='lat' dir='ltr'><strong>quod</strong></span> <span class='ocrx_word' id='word_1_10' title='bbox 447 229 484 256; x_wconf 87' lang='lat' dir='ltr'><strong>&#39;et</strong></span> <span class='ocrx_word' id='word_1_11' title='bbox 501 226 631 255; x_wconf 82' lang='lat' dir='ltr'><strong>&#39;Eudoxo</strong></span> <span class='ocrx_word' id='word_1_12' title='bbox 659 226 770 261; x_wconf 81' lang='lat' dir='ltr'><strong>placet,</strong></span> <span class='ocrx_word' id='word_1_13' title='bbox 805 223 962 251; x_wconf 76' lang='lat' dir='ltr'><strong>ascendere.</strong></span> 
     </span>
    </p>
   </div>
   <div class='ocr_carea' id='block_1_5' title="bbox 1041 207 1803 267">
    <p class='ocr_par' dir='ltr' id='par_1_5' title="bbox 1041 207 1803 254">
     <span class='ocr_line' id='line_1_5' title="bbox 1041 207 1803 254; baseline -0.009 -8"><span class='ocrx_word' id='word_1_14' title='bbox 1041 219 1120 254; x_wconf 74' lang='grc' dir='ltr'>ὒματι</span> <span class='ocrx_word' id='word_1_15' title='bbox 1135 219 1194 249; x_wconf 81' lang='grc' dir='ltr'><strong>ταῖς</strong></span> <span class='ocrx_word' id='word_1_16' title='bbox 1208 217 1309 252; x_wconf 80' lang='grc' dir='ltr'><strong>Χηλαῖς</strong></span> <span class='ocrx_word' id='word_1_17' title='bbox 1327 207 1603 251; x_wconf 67' lang='grc' dir='ltr'>συναναφέρεται,’ὥς</span> <span class='ocrx_word' id='word_1_18' title='bbox 1611 207 1670 240; x_wconf 62' lang='grc' dir='ltr'><strong>ἶαὶ</strong></span> <span class='ocrx_word' id='word_1_19' title='bbox 1684 212 1803 249; x_wconf 66' lang='grc' dir='ltr'>Εὔδοξός</span> 
     </span>
    </p>
   </div>
   <div class='ocr_carea' id='block_1_6' title="bbox 177 261 1462 313">
    <p class='ocr_par' dir='ltr' id='par_1_6' title="bbox 177 261 1462 313">
     <span class='ocr_line' id='line_1_6' title="bbox 177 261 1462 313; baseline -0.015 -8"><span class='ocrx_word' id='word_1_20' title='bbox 177 261 244 313; x_wconf 50' lang='grc' dir='ltr'><strong>φῖησι</strong></span> <span class='ocrx_word' id='word_1_21' title='bbox 255 286 262 293; x_wconf 89' lang='grc'>·</span> <span class='ocrx_word' id='word_1_22' title='bbox 279 261 366 312; x_wconf 45' lang='grc' dir='ltr'>δῆλονξ</span> <span class='ocrx_word' id='word_1_23' title='bbox 385 276 425 302; x_wconf 77' lang='grc' dir='ltr'><strong>ὅτι</strong></span> <span class='ocrx_word' id='word_1_24' title='bbox 447 274 494 302; x_wconf 82' lang='grc' dir='ltr'><strong>καὶ</strong></span> <span class='ocrx_word' id='word_1_25' title='bbox 508 275 566 305; x_wconf 85' lang='grc' dir='ltr'>ταῖς</span> <span class='ocrx_word' id='word_1_26' title='bbox 579 273 682 308; x_wconf 83' lang='grc' dir='ltr'><strong>Χηλαίς</strong></span> <span class='ocrx_word' id='word_1_27' title='bbox 696 272 729 308; x_wconf 86' lang='grc' dir='ltr'>μέ</span> <span class='ocrx_word' id='word_1_28' title='bbox 735 281 778 308; x_wconf 87' lang='grc' dir='ltr'><strong>ρος</strong></span> <span class='ocrx_word' id='word_1_29' title='bbox 792 280 817 297; x_wconf 76' lang='grc' dir='ltr'><strong>τι</strong></span> <span class='ocrx_word' id='word_1_30' title='bbox 832 269 912 298; x_wconf 78' lang='grc' dir='ltr'>αὑτοῦ</span> <span class='ocrx_word' id='word_1_31' title='bbox 927 269 966 295; x_wconf 84' lang='grc' dir='ltr'><strong>δεῖ</strong></span> <span class='ocrx_word' id='word_1_32' title='bbox 979 265 1048 294; x_wconf 82' lang='grc' dir='ltr'>κατὰ</span> <span class='ocrx_word' id='word_1_33' title='bbox 1061 265 1106 291; x_wconf 78' lang='grc' dir='ltr'><strong>τὸν</strong></span> <span class='ocrx_word' id='word_1_34' title='bbox 1121 263 1234 295; x_wconf 79' lang='grc' dir='ltr'>Εῠδοξον</span> <span class='ocrx_word' id='word_1_35' title='bbox 1251 261 1462 289; x_wconf 68' lang='grc' dir='ltr'>ωνανατὲλλειν.</span> 
     </span>
    </p>
   </div>
   <div class='ocr_carea' id='block_1_7' title="bbox 213 326 959 367">
    <p class='ocr_par' dir='ltr' id='par_1_7' title="bbox 213 326 959 367">
     <span class='ocr_line' id='line_1_7' title="bbox 213 326 959 367; baseline -0.012 -6"><span class='ocrx_word' id='word_1_36' title='bbox 213 333 314 361; x_wconf 80' lang='lat' dir='ltr'><strong>Verum</strong></span> <span class='ocrx_word' id='word_1_37' title='bbox 339 334 366 360; x_wconf 92' lang='lat' dir='ltr'><strong>in</strong></span> <span class='ocrx_word' id='word_1_38' title='bbox 396 330 539 367; x_wconf 86' lang='lat' dir='ltr'><strong>Ophiucho</strong></span> <span class='ocrx_word' id='word_1_39' title='bbox 563 333 692 364; x_wconf 66' lang='lat' dir='ltr'><strong>praeterea</strong></span> <span class='ocrx_word' id='word_1_40' title='bbox 722 328 824 354; x_wconf 82' lang='lat' dir='ltr'><strong>fallitur</strong></span> <span class='ocrx_word' id='word_1_41' title='bbox 848 326 959 353; x_wconf 78' lang='lat' dir='ltr'><strong>Aratus.</strong></span> 
     </span>
    </p>
   </div>
   <div class='ocr_carea' id='block_1_8' title="bbox 179 369 961 413">
    <p class='ocr_par' dir='ltr' id='par_1_8' title="bbox 179 369 961 413">
     <span class='ocr_line' id='line_1_8' title="bbox 179 369 961 413; baseline -0.015 -7"><span class='ocrx_word' id='word_1_42' title='bbox 179 379 283 413; x_wconf 85' lang='lat' dir='ltr'><strong>Quippe</strong></span> <span class='ocrx_word' id='word_1_43' title='bbox 301 376 411 404; x_wconf 87' lang='lat' dir='ltr'><strong>sinistra</strong></span> <span class='ocrx_word' id='word_1_44' title='bbox 429 378 535 402; x_wconf 88' lang='lat' dir='ltr'><strong>tantum</strong></span> <span class='ocrx_word' id='word_1_45' title='bbox 565 373 650 408; x_wconf 85' lang='lat' dir='ltr'><strong>ipsius</strong></span> <span class='ocrx_word' id='word_1_46' title='bbox 671 379 767 398; x_wconf 88' lang='lat' dir='ltr'><strong>manus</strong></span> <span class='ocrx_word' id='word_1_47' title='bbox 784 378 844 397; x_wconf 90' lang='lat' dir='ltr'><strong>cum</strong></span> <span class='ocrx_word' id='word_1_48' title='bbox 870 369 961 396; x_wconf 86' lang='lat' dir='ltr'><strong>Chelis</strong></span> 
     </span>
    </p>
   </div>
   <div class='ocr_carea' id='block_1_9' title="bbox 178 414 873 456">
    <p class='ocr_par' dir='ltr' id='par_1_9' title="bbox 178 414 873 456">
     <span class='ocr_line' id='line_1_9' title="bbox 178 414 873 456; baseline -0.016 -5"><span class='ocrx_word' id='word_1_49' title='bbox 178 424 283 456; x_wconf 83' lang='lat' dir='ltr'><strong>oritur;</strong></span> <span class='ocrx_word' id='word_1_50' title='bbox 296 424 388 456; x_wconf 86' lang='lat' dir='ltr'><strong>caput,</strong></span> <span class='ocrx_word' id='word_1_51' title='bbox 404 424 432 448; x_wconf 92' lang='lat' dir='ltr'><strong>et</strong></span> <span class='ocrx_word' id='word_1_52' title='bbox 449 426 547 446; x_wconf 89' lang='lat' dir='ltr'><strong>manus</strong></span> <span class='ocrx_word' id='word_1_53' title='bbox 563 418 657 445; x_wconf 81' lang='lat' dir='ltr'><strong>dextra</strong></span> <span class='ocrx_word' id='word_1_54' title='bbox 672 424 732 443; x_wconf 87' lang='lat' dir='ltr'><strong>cum</strong></span> <span class='ocrx_word' id='word_1_55' title='bbox 751 414 873 449; x_wconf 87' lang='lat' dir='ltr'><strong>Scorpio.</strong></span> 
     </span>
    </p>
   </div>
   <div class='ocr_carea' id='block_1_10' title="bbox 215 501 964 542">
    <p class='ocr_par' dir='ltr' id='par_1_10' title="bbox 215 501 964 542">
     <span class='ocr_line' id='line_1_10' title="bbox 215 501 964 542; baseline -0.013 -5"><span class='ocrx_word' id='word_1_56' title='bbox 215 509 270 538; x_wconf 74' lang='grc' dir='ltr'><strong>χιι.</strong></span> <span class='ocrx_word' id='word_1_57' title='bbox 288 508 460 536; x_wconf 81' lang='lat' dir='ltr'><strong>Ascendente</strong></span> <span class='ocrx_word' id='word_1_58' title='bbox 486 506 642 542; x_wconf 75' lang='lat' dir='ltr'><strong>Sagittario.</strong></span> <span class='ocrx_word' id='word_1_59' title='bbox 654 508 731 540; x_wconf 88' lang='lat' dir='ltr'><strong>putat</strong></span> <span class='ocrx_word' id='word_1_60' title='bbox 743 503 840 530; x_wconf 79' lang='lat' dir='ltr'><strong>Aratus</strong></span> <span class='ocrx_word' id='word_1_61' title='bbox 858 501 964 536; x_wconf 85' lang='lat' dir='ltr'><strong>Ingeni—</strong></span> 
     </span>
    </p>
   </div>
   <div class='ocr_carea' id='block_1_11' title="bbox 179 549 964 591">
    <p class='ocr_par' dir='ltr' id='par_1_11' title="bbox 179 549 964 591">
     <span class='ocr_line' id='line_1_11' title="bbox 179 549 964 591; baseline -0.014 -7"><span class='ocrx_word' id='word_1_62' title='bbox 179 557 231 585; x_wconf 89' lang='lat' dir='ltr'><strong>culi</strong></span> <span class='ocrx_word' id='word_1_63' title='bbox 238 559 318 591; x_wconf 86' lang='lat' dir='ltr'><strong>caput</strong></span> <span class='ocrx_word' id='word_1_64' title='bbox 327 563 357 582; x_wconf 87' lang='lat' dir='ltr'><strong>ac</strong></span> <span class='ocrx_word' id='word_1_65' title='bbox 365 554 500 581; x_wconf 81' lang='lat' dir='ltr'><strong>sinistram</strong></span> <span class='ocrx_word' id='word_1_66' title='bbox 509 559 617 580; x_wconf 85' lang='lat' dir='ltr'><strong>manum</strong></span> <span class='ocrx_word' id='word_1_67' title='bbox 626 555 745 578; x_wconf 80' lang='lat' dir='ltr'><strong>exortam</strong></span> <span class='ocrx_word' id='word_1_68' title='bbox 756 549 839 576; x_wconf 80' lang='lat' dir='ltr'><strong>fuisse</strong></span> <span class='ocrx_word' id='word_1_69' title='bbox 847 557 852 575; x_wconf 93' lang='lat'>:</span> <span class='ocrx_word' id='word_1_70' title='bbox 861 555 964 574; x_wconf 79' lang='lat' dir='ltr'><strong>necnon</strong></span> 
     </span>
    </p>
   </div>
   <div class='ocr_carea' id='block_1_12' title="bbox 180 595 966 637">
    <p class='ocr_par' dir='ltr' id='par_1_12' title="bbox 180 595 966 637">
     <span class='ocr_line' id='line_1_12' title="bbox 180 595 966 637; baseline -0.011 -9"><span class='ocrx_word' id='word_1_71' title='bbox 180 600 316 637; x_wconf 89' lang='lat' dir='ltr'><strong>Ophiuchi</strong></span> <span class='ocrx_word' id='word_1_72' title='bbox 335 606 444 634; x_wconf 85' lang='lat' dir='ltr'><strong>corpus,</strong></span> <span class='ocrx_word' id='word_1_73' title='bbox 458 598 626 631; x_wconf 80' lang='lat' dir='ltr'><strong>caudamque</strong></span> <span class='ocrx_word' id='word_1_74' title='bbox 643 595 786 630; x_wconf 72' lang='lat' dir='ltr'><strong>serpentis,</strong></span> <span class='ocrx_word' id='word_1_75' title='bbox 802 601 881 629; x_wconf 84' lang='lat' dir='ltr'><strong>quem</strong></span> <span class='ocrx_word' id='word_1_76' title='bbox 894 597 966 620; x_wconf 89' lang='lat' dir='ltr'><strong>tenet</strong></span> 
     </span>
    </p>
   </div>
   <div class='ocr_carea' id='block_1_13' title="bbox 180 638 966 682">
    <p class='ocr_par' dir='ltr' id='par_1_13' title="bbox 180 638 966 682">
     <span class='ocr_line' id='line_1_13' title="bbox 180 638 966 682; baseline -0.013 -8"><span class='ocrx_word' id='word_1_77' title='bbox 180 646 341 682; x_wconf 83' lang='lat' dir='ltr'><strong>Ophiuchus</strong></span> <span class='ocrx_word' id='word_1_78' title='bbox 353 654 360 678; x_wconf 86' lang='lat'>;</span> <span class='ocrx_word' id='word_1_79' title='bbox 372 644 520 671; x_wconf 85' lang='lat' dir='ltr'><strong>Fidiculam</strong></span> <span class='ocrx_word' id='word_1_80' title='bbox 535 649 658 677; x_wconf 86' lang='lat' dir='ltr'><strong>quoque;</strong></span> <span class='ocrx_word' id='word_1_81' title='bbox 675 647 780 667; x_wconf 84' lang='lat' dir='ltr'><strong>necnon</strong></span> <span class='ocrx_word' id='word_1_82' title='bbox 794 638 893 673; x_wconf 75' lang='lat' dir='ltr'><strong>Cephei</strong></span> <span class='ocrx_word' id='word_1_83' title='bbox 905 644 966 672; x_wconf 72' lang='lat' dir='ltr'><strong>quae</strong></span> 
     </span>
    </p>
   </div>
   <div class='ocr_carea' id='block_1_14' title="bbox 180 683 965 727">
    <p class='ocr_par' dir='ltr' id='par_1_14' title="bbox 180 683 965 727">
     <span class='ocr_line' id='line_1_14' title="bbox 180 683 965 727; baseline -0.013 -7"><span class='ocrx_word' id='word_1_84' title='bbox 180 700 196 719; x_wconf 87' lang='lat' dir='ltr'><strong>a</strong></span> <span class='ocrx_word' id='word_1_85' title='bbox 215 693 304 727; x_wconf 88' lang='lat' dir='ltr'><strong>capite</strong></span> <span class='ocrx_word' id='word_1_86' title='bbox 327 691 361 718; x_wconf 88' lang='lat' dir='ltr'><strong>ad</strong></span> <span class='ocrx_word' id='word_1_87' title='bbox 387 694 480 725; x_wconf 84' lang='lat' dir='ltr'><strong>pectus</strong></span> <span class='ocrx_word' id='word_1_88' title='bbox 502 688 648 723; x_wconf 76' lang='lat' dir='ltr'><strong>pertinent.</strong></span> <span class='ocrx_word' id='word_1_89' title='bbox 673 686 803 713; x_wconf 86' lang='lat' dir='ltr'><strong>Occidere</strong></span> <span class='ocrx_word' id='word_1_90' title='bbox 820 692 899 720; x_wconf 91' lang='lat' dir='ltr'><strong>porro</strong></span> <span class='ocrx_word' id='word_1_91' title='bbox 914 683 965 710; x_wconf 88' lang='lat' dir='ltr'><strong>Ca-</strong></span> 
     </span>
    </p>
   </div>
   <div class='ocr_carea' id='block_1_15' title="bbox 182 730 964 772">
    <p class='ocr_par' dir='ltr' id='par_1_15' title="bbox 182 730 964 772">
     <span class='ocr_line' id='line_1_15' title="bbox 182 730 964 772; baseline -0.013 -7"><span class='ocrx_word' id='word_1_92' title='bbox 182 746 244 766; x_wconf 85' lang='lat' dir='ltr'><strong>nem</strong></span> <span class='ocrx_word' id='word_1_93' title='bbox 269 738 422 772; x_wconf 82' lang='lat' dir='ltr'><strong>integrum,</strong></span> <span class='ocrx_word' id='word_1_94' title='bbox 441 735 580 764; x_wconf 78' lang='lat' dir='ltr'><strong>Orionem.</strong></span> <span class='ocrx_word' id='word_1_95' title='bbox 594 733 742 767; x_wconf 82' lang='lat' dir='ltr'><strong>Leporem;</strong></span> <span class='ocrx_word' id='word_1_96' title='bbox 761 730 928 758; x_wconf 81' lang='lat' dir='ltr'><strong>Henioehum</strong></span> <span class='ocrx_word' id='word_1_97' title='bbox 949 737 964 755; x_wconf 88' lang='lat' dir='ltr'><strong>a</strong></span> 
     </span>
    </p>
   </div>
   <div class='ocr_carea' id='block_1_16' title="bbox 182 775 965 819">
    <p class='ocr_par' dir='ltr' id='par_1_16' title="bbox 182 775 965 819">
     <span class='ocr_line' id='line_1_16' title="bbox 182 775 965 819; baseline -0.013 -8"><span class='ocrx_word' id='word_1_98' title='bbox 182 783 298 819; x_wconf 83' lang='lat' dir='ltr'><strong>pedibus</strong></span> <span class='ocrx_word' id='word_1_99' title='bbox 314 782 346 809; x_wconf 90' lang='lat' dir='ltr'><strong>ad</strong></span> <span class='ocrx_word' id='word_1_100' title='bbox 365 789 461 809; x_wconf 86' lang='lat' dir='ltr'><strong>zonam</strong></span> <span class='ocrx_word' id='word_1_101' title='bbox 477 787 580 814; x_wconf 85' lang='lat' dir='ltr'><strong>usque;</strong></span> <span class='ocrx_word' id='word_1_102' title='bbox 597 779 712 812; x_wconf 86' lang='lat' dir='ltr'><strong>Capram</strong></span> <span class='ocrx_word' id='word_1_103' title='bbox 727 785 806 808; x_wconf 70' lang='lat' dir='ltr'><strong>vero,</strong></span> <span class='ocrx_word' id='word_1_104' title='bbox 826 783 886 802; x_wconf 90' lang='lat' dir='ltr'><strong>cum</strong></span> <span class='ocrx_word' id='word_1_105' title='bbox 902 775 965 802; x_wconf 75' lang='grc' dir='ltr'><strong>Πω-</strong></span> 
     </span>
    </p>
   </div>
   <div class='ocr_carea' id='block_1_17' title="bbox 182 821 964 864">
    <p class='ocr_par' dir='ltr' id='par_1_17' title="bbox 182 821 964 864">
     <span class='ocr_line' id='line_1_17' title="bbox 182 821 964 864; baseline -0.013 -9"><span class='ocrx_word' id='word_1_106' title='bbox 182 829 243 862; x_wconf 86' lang='lat' dir='ltr'><strong>dis;</strong></span> <span class='ocrx_word' id='word_1_107' title='bbox 258 837 273 856; x_wconf 89' lang='lat' dir='ltr'><strong>e</strong></span> <span class='ocrx_word' id='word_1_108' title='bbox 287 828 386 864; x_wconf 86' lang='lat' dir='ltr'><strong>quibus</strong></span> <span class='ocrx_word' id='word_1_109' title='bbox 404 827 449 853; x_wconf 84' lang='lat' dir='ltr'><strong>illa</strong></span> <span class='ocrx_word' id='word_1_110' title='bbox 466 827 492 852; x_wconf 91' lang='lat' dir='ltr'><strong>in</strong></span> <span class='ocrx_word' id='word_1_111' title='bbox 506 826 619 852; x_wconf 83' lang='lat' dir='ltr'><strong>humero</strong></span> <span class='ocrx_word' id='word_1_112' title='bbox 636 827 676 850; x_wconf 87' lang='lat' dir='ltr'><strong>est</strong></span> <span class='ocrx_word' id='word_1_113' title='bbox 689 821 818 849; x_wconf 73' lang='lat' dir='ltr'><strong>Heniochi</strong></span> <span class='ocrx_word' id='word_1_114' title='bbox 834 821 964 847; x_wconf 82' lang='lat' dir='ltr'><strong>sinistro:</strong></span> 
     </span>
    </p>
   </div>
   <div class='ocr_carea' id='block_1_18' title="bbox 182 867 1004 905">
    <p class='ocr_par' dir='ltr' id='par_1_18' title="bbox 182 867 1004 905">
     <span class='ocr_line' id='line_1_18' title="bbox 182 867 1004 905; baseline -0.015 -3"><span class='ocrx_word' id='word_1_115' title='bbox 182 875 209 903; x_wconf 88' lang='lat' dir='ltr'><strong>hi</strong></span> <span class='ocrx_word' id='word_1_116' title='bbox 226 875 252 902; x_wconf 93' lang='lat' dir='ltr'><strong>in</strong></span> <span class='ocrx_word' id='word_1_117' title='bbox 272 882 353 902; x_wconf 89' lang='lat' dir='ltr'><strong>manu</strong></span> <span class='ocrx_word' id='word_1_118' title='bbox 378 873 507 905; x_wconf 86' lang='lat' dir='ltr'><strong>sinistra;</strong></span> <span class='ocrx_word' id='word_1_119' title='bbox 529 875 586 897; x_wconf 92' lang='lat' dir='ltr'><strong>tum</strong></span> <span class='ocrx_word' id='word_1_120' title='bbox 602 872 692 904; x_wconf 74' lang='lat' dir='ltr'><strong>caput.</strong></span> <span class='ocrx_word' id='word_1_121' title='bbox 714 876 745 894; x_wconf 83' lang='lat' dir='ltr'><strong>ac</strong></span> <span class='ocrx_word' id='word_1_122' title='bbox 761 867 882 894; x_wconf 83' lang='lat' dir='ltr'><strong>dextram</strong></span> <span class='ocrx_word' id='word_1_123' title='bbox 908 873 964 891; x_wconf 84' lang='lat' dir='ltr'><strong>tna-</strong></span> <span class='ocrx_word' id='word_1_124' title='bbox 984 877 1004 903; x_wconf 64' lang='grc' dir='ltr'><strong>Β</strong></span> 
     </span>
    </p>
   </div>
   <div class='ocr_carea' id='block_1_19' title="bbox 184 912 966 953">
    <p class='ocr_par' dir='ltr' id='par_1_19' title="bbox 184 912 966 953">
     <span class='ocr_line' id='line_1_19' title="bbox 184 912 966 953; baseline -0.013 -5"><span class='ocrx_word' id='word_1_125' title='bbox 184 929 261 953; x_wconf 89' lang='lat' dir='ltr'><strong>num,</strong></span> <span class='ocrx_word' id='word_1_126' title='bbox 274 921 378 947; x_wconf 88' lang='lat' dir='ltr'><strong>oriente</strong></span> <span class='ocrx_word' id='word_1_127' title='bbox 391 918 537 953; x_wconf 78' lang='lat' dir='ltr'><strong>Sagittario</strong></span> <span class='ocrx_word' id='word_1_128' title='bbox 559 915 734 946; x_wconf 83' lang='lat' dir='ltr'><strong>descendere,</strong></span> <span class='ocrx_word' id='word_1_129' title='bbox 761 922 821 948; x_wconf 75' lang='lat' dir='ltr'><strong>quze</strong></span> <span class='ocrx_word' id='word_1_130' title='bbox 837 913 869 939; x_wconf 86' lang='lat' dir='ltr'><strong>ad</strong></span> <span class='ocrx_word' id='word_1_131' title='bbox 884 912 966 946; x_wconf 87' lang='lat' dir='ltr'><strong>pedes</strong></span> 
     </span>
    </p>
   </div>
   <div class='ocr_carea' id='block_1_20' title="bbox 184 957 967 998">
    <p class='ocr_par' dir='ltr' id='par_1_20' title="bbox 184 957 967 998">
     <span class='ocr_line' id='line_1_20' title="bbox 184 957 967 998; baseline -0.014 -4"><span class='ocrx_word' id='word_1_132' title='bbox 184 969 259 998; x_wconf 76' lang='lat' dir='ltr'><strong>sunt.</strong></span> <span class='ocrx_word' id='word_1_133' title='bbox 274 966 381 993; x_wconf 86' lang='lat' dir='ltr'><strong>oriente</strong></span> <span class='ocrx_word' id='word_1_134' title='bbox 396 963 519 998; x_wconf 84' lang='lat' dir='ltr'><strong>Scorpio.</strong></span> <span class='ocrx_word' id='word_1_135' title='bbox 535 962 616 988; x_wconf 83' lang='lat' dir='ltr'><strong>Addit</strong></span> <span class='ocrx_word' id='word_1_136' title='bbox 640 960 764 987; x_wconf 82' lang='lat' dir='ltr'><strong>occidere</strong></span> <span class='ocrx_word' id='word_1_137' title='bbox 782 965 889 993; x_wconf 77' lang='lat' dir='ltr'><strong>quoque</strong></span> <span class='ocrx_word' id='word_1_138' title='bbox 902 957 967 984; x_wconf 85' lang='lat' dir='ltr'><strong>Pcr-</strong></span> 
     </span>
    </p>
   </div>
   <div class='ocr_carea' id='block_1_21' title="bbox 185 1006 967 1045">
    <p class='ocr_par' dir='ltr' id='par_1_21' title="bbox 185 1006 967 1045">
     <span class='ocr_line' id='line_1_21' title="bbox 185 1006 967 1045; baseline -0.014 -6"><span class='ocrx_word' id='word_1_139' title='bbox 185 1019 274 1043; x_wconf 83' lang='lat' dir='ltr'><strong>seum,</strong></span> <span class='ocrx_word' id='word_1_140' title='bbox 287 1014 399 1045; x_wconf 83' lang='lat' dir='ltr'><strong>excepto</strong></span> <span class='ocrx_word' id='word_1_141' title='bbox 413 1017 482 1044; x_wconf 79' lang='lat' dir='ltr'><strong>genu</strong></span> <span class='ocrx_word' id='word_1_142' title='bbox 497 1008 602 1038; x_wconf 63' lang='lat' dir='ltr'><strong>dextro,</strong></span> <span class='ocrx_word' id='word_1_143' title='bbox 619 1015 650 1033; x_wconf 86' lang='lat' dir='ltr'><strong>ac</strong></span> <span class='ocrx_word' id='word_1_144' title='bbox 666 1006 733 1041; x_wconf 83' lang='lat' dir='ltr'><strong>pede</strong></span> <span class='ocrx_word' id='word_1_145' title='bbox 746 1025 752 1035; x_wconf 86' lang='grc'>,</span> <span class='ocrx_word' id='word_1_146' title='bbox 777 1009 967 1039; x_wconf 84' lang='lat' dir='ltr'><strong>postremoque</strong></span> 
     </span>
    </p>
   </div>
   <div class='ocr_carea' id='block_1_22' title="bbox 185 1053 968 1093">
    <p class='ocr_par' dir='ltr' id='par_1_22' title="bbox 185 1053 968 1093">
     <span class='ocr_line' id='line_1_22' title="bbox 185 1053 968 1093; baseline -0.013 -9"><span class='ocrx_word' id='word_1_147' title='bbox 185 1057 297 1093; x_wconf 89' lang='lat' dir='ltr'><strong>puppim</strong></span> <span class='ocrx_word' id='word_1_148' title='bbox 314 1057 412 1091; x_wconf 82' lang='lat' dir='ltr'><strong>Argus.</strong></span> <span class='ocrx_word' id='word_1_149' title='bbox 429 1055 458 1082; x_wconf 87' lang='lat' dir='ltr'><strong>In</strong></span> <span class='ocrx_word' id='word_1_150' title='bbox 472 1055 514 1082; x_wconf 89' lang='lat' dir='ltr'><strong>his</strong></span> <span class='ocrx_word' id='word_1_151' title='bbox 529 1059 624 1082; x_wconf 59' lang='lat' dir='ltr'><strong>cetera</strong></span> <span class='ocrx_word' id='word_1_152' title='bbox 638 1053 746 1087; x_wconf 90' lang='lat' dir='ltr'><strong>quidem</strong></span> <span class='ocrx_word' id='word_1_153' title='bbox 762 1059 822 1078; x_wconf 88' lang='lat' dir='ltr'><strong>cum</strong></span> <span class='ocrx_word' id='word_1_154' title='bbox 838 1057 968 1084; x_wconf 79' lang='lat' dir='ltr'><strong>apparen-</strong></span> 
     </span>
    </p>
   </div>
   <div class='ocr_carea' id='block_1_23' title="bbox 185 1095 968 1131">
    <p class='ocr_par' dir='ltr' id='par_1_23' title="bbox 185 1095 968 1131">
     <span class='ocr_line' id='line_1_23' title="bbox 185 1095 968 1131; baseline -0.013 0"><span class='ocrx_word' id='word_1_155' title='bbox 185 1104 261 1131; x_wconf 85' lang='lat' dir='ltr'><strong>tibus</strong></span> <span class='ocrx_word' id='word_1_156' title='bbox 286 1102 463 1130; x_wconf 82' lang='lat' dir='ltr'><strong>concordant.</strong></span> <span class='ocrx_word' id='word_1_157' title='bbox 493 1100 591 1128; x_wconf 86' lang='lat' dir='ltr'><strong>Verum</strong></span> <span class='ocrx_word' id='word_1_158' title='bbox 610 1100 720 1127; x_wconf 87' lang='lat' dir='ltr'><strong>sinistra</strong></span> <span class='ocrx_word' id='word_1_159' title='bbox 739 1105 835 1124; x_wconf 85' lang='lat' dir='ltr'><strong>manus</strong></span> <span class='ocrx_word' id='word_1_160' title='bbox 862 1095 968 1128; x_wconf 75' lang='lat' dir='ltr'><strong>Ingeni-</strong></span> 
     </span>
    </p>
   </div>
   <div class='ocr_carea' id='block_1_24' title="bbox 187 1141 968 1178">
    <p class='ocr_par' dir='ltr' id='par_1_24' title="bbox 187 1141 968 1178">
     <span class='ocr_line' id='line_1_24' title="bbox 187 1141 968 1178; baseline -0.012 -2"><span class='ocrx_word' id='word_1_161' title='bbox 187 1150 242 1177; x_wconf 86' lang='lat' dir='ltr'><strong>culi</strong></span> <span class='ocrx_word' id='word_1_162' title='bbox 258 1157 318 1176; x_wconf 90' lang='lat' dir='ltr'><strong>cum</strong></span> <span class='ocrx_word' id='word_1_163' title='bbox 332 1149 422 1176; x_wconf 84' lang='lat' dir='ltr'><strong>Chelis</strong></span> <span class='ocrx_word' id='word_1_164' title='bbox 445 1147 550 1177; x_wconf 86' lang='lat' dir='ltr'><strong>oritur,</strong></span> <span class='ocrx_word' id='word_1_165' title='bbox 573 1154 626 1173; x_wconf 88' lang='lat' dir='ltr'><strong>non</strong></span> <span class='ocrx_word' id='word_1_166' title='bbox 644 1154 704 1172; x_wconf 84' lang='lat' dir='ltr'><strong>cum</strong></span> <span class='ocrx_word' id='word_1_167' title='bbox 723 1144 844 1178; x_wconf 82' lang='lat' dir='ltr'><strong>Scorpio.</strong></span> <span class='ocrx_word' id='word_1_168' title='bbox 863 1141 968 1168; x_wconf 80' lang='lat' dir='ltr'><strong>Etenim</strong></span> 
     </span>
    </p>
   </div>
   <div class='ocr_carea' id='block_1_25' title="bbox 189 1190 968 1229">
    <p class='ocr_par' dir='ltr' id='par_1_25' title="bbox 189 1190 968 1229">
     <span class='ocr_line' id='line_1_25' title="bbox 189 1190 968 1229; baseline -0.012 -8"><span class='ocrx_word' id='word_1_169' title='bbox 189 1195 302 1222; x_wconf 85' lang='lat' dir='ltr'><strong>sinister</strong></span> <span class='ocrx_word' id='word_1_170' title='bbox 319 1194 376 1229; x_wconf 85' lang='lat' dir='ltr'><strong>ipse</strong></span> <span class='ocrx_word' id='word_1_171' title='bbox 392 1194 465 1221; x_wconf 89' lang='lat' dir='ltr'><strong>illius</strong></span> <span class='ocrx_word' id='word_1_172' title='bbox 487 1193 628 1222; x_wconf 78' lang='lat' dir='ltr'><strong>humerus.</strong></span> <span class='ocrx_word' id='word_1_173' title='bbox 644 1192 722 1225; x_wconf 81' lang='lat' dir='ltr'><strong>longe</strong></span> <span class='ocrx_word' id='word_1_174' title='bbox 737 1190 858 1216; x_wconf 80' lang='lat' dir='ltr'><strong>anterior</strong></span> <span class='ocrx_word' id='word_1_175' title='bbox 871 1195 968 1218; x_wconf 81' lang='lat' dir='ltr'><strong>manu,</strong></span> 
     </span>
    </p>
   </div>
   <div class='ocr_carea' id='block_1_26' title="bbox 187 1235 970 1275">
    <p class='ocr_par' dir='ltr' id='par_1_26' title="bbox 187 1235 970 1275">
     <span class='ocr_line' id='line_1_26' title="bbox 187 1235 970 1275; baseline -0.011 -7"><span class='ocrx_word' id='word_1_176' title='bbox 187 1243 318 1275; x_wconf 86' lang='lat' dir='ltr'><strong>tanquam</strong></span> <span class='ocrx_word' id='word_1_177' title='bbox 340 1240 417 1266; x_wconf 86' lang='lat' dir='ltr'><strong>ulnas</strong></span> <span class='ocrx_word' id='word_1_178' title='bbox 439 1243 611 1274; x_wconf 78' lang='lat' dir='ltr'><strong>exporrectas</strong></span> <span class='ocrx_word' id='word_1_179' title='bbox 637 1237 744 1267; x_wconf 83' lang='lat' dir='ltr'><strong>habeat,</strong></span> <span class='ocrx_word' id='word_1_180' title='bbox 769 1235 840 1270; x_wconf 82' lang='lat' dir='ltr'><strong>quod</strong></span> <span class='ocrx_word' id='word_1_181' title='bbox 870 1235 970 1260; x_wconf 86' lang='lat' dir='ltr'><strong>Aratus</strong></span> 
     </span>
    </p>
   </div>
   <div class='ocr_carea' id='block_1_27' title="bbox 189 1278 968 1318">
    <p class='ocr_par' dir='ltr' id='par_1_27' title="bbox 189 1278 968 1318">
     <span class='ocr_line' id='line_1_27' title="bbox 189 1278 968 1318; baseline -0.012 -5"><span class='ocrx_word' id='word_1_182' title='bbox 189 1286 271 1313; x_wconf 87' lang='lat' dir='ltr'><strong>etiam</strong></span> <span class='ocrx_word' id='word_1_183' title='bbox 287 1285 392 1317; x_wconf 88' lang='lat' dir='ltr'><strong>scribit,</strong></span> <span class='ocrx_word' id='word_1_184' title='bbox 407 1293 468 1312; x_wconf 88' lang='lat' dir='ltr'><strong>cum</strong></span> <span class='ocrx_word' id='word_1_185' title='bbox 485 1284 564 1312; x_wconf 89' lang='lat' dir='ltr'><strong>tertia</strong></span> <span class='ocrx_word' id='word_1_186' title='bbox 583 1288 660 1318; x_wconf 88' lang='lat' dir='ltr'><strong>parte</strong></span> <span class='ocrx_word' id='word_1_187' title='bbox 677 1281 781 1316; x_wconf 77' lang='lat' dir='ltr'><strong>Scorpii</strong></span> <span class='ocrx_word' id='word_1_188' title='bbox 798 1281 894 1307; x_wconf 91' lang='lat' dir='ltr'><strong>oritur.</strong></span> <span class='ocrx_word' id='word_1_189' title='bbox 909 1278 968 1305; x_wconf 88' lang='lat' dir='ltr'><strong>Non</strong></span> 
     </span>
    </p>
   </div>
   <div class='ocr_carea' id='block_1_28' title="bbox 190 1327 811 1366">
    <p class='ocr_par' dir='ltr' id='par_1_28' title="bbox 190 1327 811 1366">
     <span class='ocr_line' id='line_1_28' title="bbox 190 1327 811 1366; baseline -0.006 -8"><span class='ocrx_word' id='word_1_190' title='bbox 190 1339 255 1366; x_wconf 77' lang='lat' dir='ltr'><strong>ergo</strong></span> <span class='ocrx_word' id='word_1_191' title='bbox 271 1339 332 1358; x_wconf 91' lang='lat' dir='ltr'><strong>cum</strong></span> <span class='ocrx_word' id='word_1_192' title='bbox 352 1330 466 1366; x_wconf 89' lang='lat' dir='ltr'><strong>Scorpio</strong></span> <span class='ocrx_word' id='word_1_193' title='bbox 481 1331 567 1358; x_wconf 90' lang='lat' dir='ltr'><strong>solum</strong></span> <span class='ocrx_word' id='word_1_194' title='bbox 586 1333 666 1364; x_wconf 91' lang='lat' dir='ltr'><strong>caput</strong></span> <span class='ocrx_word' id='word_1_195' title='bbox 679 1327 811 1356; x_wconf 82' lang='lat' dir='ltr'><strong>ascendit.</strong></span> 
     </span>
    </p>
   </div>
   <div class='ocr_carea' id='block_1_29' title="bbox 1053 315 1802 356">
    <p class='ocr_par' dir='ltr' id='par_1_29' title="bbox 1053 315 1802 356">
     <span class='ocr_line' id='line_1_29' title="bbox 1053 315 1802 356; baseline -0.009 -8"><span class='ocrx_word' id='word_1_196' title='bbox 1053 321 1082 348; x_wconf 92' lang='lat'><strong>&#39;0</strong></span> <span class='ocrx_word' id='word_1_197' title='bbox 1099 321 1127 347; x_wconf 78' lang='grc' dir='ltr'><strong>δὲ</strong></span> <span class='ocrx_word' id='word_1_198' title='bbox 1144 322 1261 356; x_wconf 81' lang='grc' dir='ltr'>’Δρατος</span> <span class='ocrx_word' id='word_1_199' title='bbox 1276 319 1365 354; x_wconf 84' lang='grc' dir='ltr'>ἀγνοεῖ</span> <span class='ocrx_word' id='word_1_200' title='bbox 1385 319 1413 344; x_wconf 80' lang='grc' dir='ltr'>ὲν</span> <span class='ocrx_word' id='word_1_201' title='bbox 1429 319 1484 350; x_wconf 81' lang='grc' dir='ltr'>τοῖς</span> <span class='ocrx_word' id='word_1_202' title='bbox 1503 317 1565 353; x_wconf 70' lang='lat' dir='ltr'><strong>napi</strong></span> <span class='ocrx_word' id='word_1_203' title='bbox 1580 317 1625 343; x_wconf 82' lang='grc' dir='ltr'><strong>τὸν</strong></span> <span class='ocrx_word' id='word_1_204' title='bbox 1643 315 1802 350; x_wconf 75' lang='grc' dir='ltr'>Ὀφιοῦχον.</span> 
     </span>
    </p>
   </div>
   <div class='ocr_carea' id='block_1_30' title="bbox 1019 362 1804 402">
    <p class='ocr_par' dir='ltr' id='par_1_30' title="bbox 1019 362 1804 402">
     <span class='ocr_line' id='line_1_30' title="bbox 1019 362 1804 402; baseline -0.009 -9"><span class='ocrx_word' id='word_1_205' title='bbox 1019 367 1051 393; x_wconf 87' lang='lat' dir='ltr'><strong>&#39;H</strong></span> <span class='ocrx_word' id='word_1_206' title='bbox 1067 366 1121 402; x_wconf 84' lang='grc' dir='ltr'><strong>γὰρ</strong></span> <span class='ocrx_word' id='word_1_207' title='bbox 1131 365 1260 402; x_wconf 83' lang='grc' dir='ltr'><strong>ἀριστερὰ</strong></span> <span class='ocrx_word' id='word_1_208' title='bbox 1279 365 1338 400; x_wconf 77' lang='grc' dir='ltr'>χεὶρ</span> <span class='ocrx_word' id='word_1_209' title='bbox 1353 363 1433 391; x_wconf 77' lang='grc' dir='ltr'>αὐτοῦ</span> <span class='ocrx_word' id='word_1_210' title='bbox 1451 364 1529 398; x_wconf 82' lang='grc' dir='ltr'>μόνον</span> <span class='ocrx_word' id='word_1_211' title='bbox 1542 365 1602 394; x_wconf 82' lang='grc' dir='ltr'><strong>ταῖς</strong></span> <span class='ocrx_word' id='word_1_212' title='bbox 1616 362 1721 397; x_wconf 83' lang='grc' dir='ltr'><strong>Χηλαίς</strong></span> <span class='ocrx_word' id='word_1_213' title='bbox 1741 370 1804 387; x_wconf 76' lang='grc' dir='ltr'>συν-</span> 
     </span>
    </p>
   </div>
   <div class='ocr_carea' id='block_1_31' title="bbox 1013 407 1806 447">
    <p class='ocr_par' dir='ltr' id='par_1_31' title="bbox 1013 407 1806 447">
     <span class='ocr_line' id='line_1_31' title="bbox 1013 407 1806 447; baseline -0.01 -8"><span class='ocrx_word' id='word_1_214' title='bbox 1013 412 1152 439; x_wconf 80' lang='grc' dir='ltr'>ανατέλλει</span> <span class='ocrx_word' id='word_1_215' title='bbox 1164 421 1170 427; x_wconf 89' lang='grc'><strong>·</strong></span> <span class='ocrx_word' id='word_1_216' title='bbox 1189 412 1206 447; x_wconf 78' lang='grc' dir='ltr'>ὴ</span> <span class='ocrx_word' id='word_1_217' title='bbox 1221 411 1247 437; x_wconf 82' lang='grc' dir='ltr'><strong>δὲ</strong></span> <span class='ocrx_word' id='word_1_218' title='bbox 1265 409 1369 445; x_wconf 79' lang='grc' dir='ltr'>κεφαλὴ</span> <span class='ocrx_word' id='word_1_219' title='bbox 1386 409 1432 435; x_wconf 84' lang='lat' dir='ltr'><strong>xui</strong></span> <span class='ocrx_word' id='word_1_220' title='bbox 1448 410 1464 444; x_wconf 85' lang='grc' dir='ltr'><strong>ἡ</strong></span> <span class='ocrx_word' id='word_1_221' title='bbox 1480 408 1554 441; x_wconf 81' lang='grc' dir='ltr'>δεξιὰ</span> <span class='ocrx_word' id='word_1_222' title='bbox 1579 408 1640 443; x_wconf 78' lang='grc' dir='ltr'><strong>χεὶρ</strong></span> <span class='ocrx_word' id='word_1_223' title='bbox 1656 407 1698 441; x_wconf 79' lang='grc' dir='ltr'><strong>τῷ</strong></span> <span class='ocrx_word' id='word_1_224' title='bbox 1717 407 1806 440; x_wconf 79' lang='grc' dir='ltr'>Σκορ-</span> 
     </span>
    </p>
   </div>
   <div class='ocr_carea' id='block_1_32' title="bbox 1014 459 1078 484">
    <p class='ocr_par' dir='ltr' id='par_1_32' title="bbox 1014 459 1078 484">
     <span class='ocr_line' id='line_1_32' title="bbox 1014 459 1078 484; baseline 0 0"><span class='ocrx_word' id='word_1_225' title='bbox 1014 459 1078 484; x_wconf 83' lang='grc' dir='ltr'><strong>πίω.</strong></span> 
     </span>
    </p>
   </div>
   <div class='ocr_carea' id='block_1_33' title="bbox 1050 485 1807 537">
    <p class='ocr_par' dir='ltr' id='par_1_33' title="bbox 1050 485 1807 537">
     <span class='ocr_line' id='line_1_33' title="bbox 1050 485 1807 537; baseline -0.011 -7"><span class='ocrx_word' id='word_1_226' title='bbox 1050 485 1100 530; x_wconf 72' lang='lat' dir='ltr'><strong>iB’.</strong></span> <span class='ocrx_word' id='word_1_227' title='bbox 1117 502 1170 530; x_wconf 73' lang='grc' dir='ltr'><strong>Τοῦ</strong></span> <span class='ocrx_word' id='word_1_228' title='bbox 1181 503 1208 530; x_wconf 79' lang='grc' dir='ltr'>δὲ</span> <span class='ocrx_word' id='word_1_229' title='bbox 1221 501 1334 534; x_wconf 82' lang='grc' dir='ltr'>Τοξότου</span> <span class='ocrx_word' id='word_1_230' title='bbox 1352 500 1494 537; x_wconf 86' lang='grc' dir='ltr'>μέλλοντος</span> <span class='ocrx_word' id='word_1_231' title='bbox 1508 499 1672 529; x_wconf 76' lang='grc' dir='ltr'><strong>ἀνατέλλειν,</strong></span> <span class='ocrx_word' id='word_1_232' title='bbox 1685 499 1700 524; x_wconf 86' lang='grc' dir='ltr'>ὀ</span> <span class='ocrx_word' id='word_1_233' title='bbox 1716 498 1807 532; x_wconf 84' lang='grc' dir='ltr'><strong>Ἀρα-</strong></span> 
     </span>
    </p>
   </div>
   <div class='ocr_carea' id='block_1_34' title="bbox 1015 543 1804 584">
    <p class='ocr_par' dir='ltr' id='par_1_34' title="bbox 1015 543 1804 584">
     <span class='ocr_line' id='line_1_34' title="bbox 1015 543 1804 584; baseline -0.01 -8"><span class='ocrx_word' id='word_1_234' title='bbox 1015 550 1060 581; x_wconf 82' lang='grc' dir='ltr'><strong>τός</strong></span> <span class='ocrx_word' id='word_1_235' title='bbox 1076 558 1142 584; x_wconf 80' lang='grc' dir='ltr'><strong>φησι</strong></span> <span class='ocrx_word' id='word_1_236' title='bbox 1166 549 1214 584; x_wconf 84' lang='grc' dir='ltr'><strong>τὴν</strong></span> <span class='ocrx_word' id='word_1_237' title='bbox 1230 547 1349 583; x_wconf 78' lang='grc' dir='ltr'>κεφαλὴν</span> <span class='ocrx_word' id='word_1_238' title='bbox 1366 546 1413 573; x_wconf 71' lang='grc' dir='ltr'>τοῦ</span> <span class='ocrx_word' id='word_1_239' title='bbox 1435 547 1477 573; x_wconf 82' lang='grc' dir='ltr'>Ἐν</span> <span class='ocrx_word' id='word_1_240' title='bbox 1499 545 1594 580; x_wconf 80' lang='grc' dir='ltr'>γόνασι</span> <span class='ocrx_word' id='word_1_241' title='bbox 1607 545 1654 571; x_wconf 81' lang='grc' dir='ltr'>καὶ</span> <span class='ocrx_word' id='word_1_242' title='bbox 1669 543 1719 578; x_wconf 82' lang='grc' dir='ltr'><strong>τὴν</strong></span> <span class='ocrx_word' id='word_1_243' title='bbox 1742 544 1804 578; x_wconf 79' lang='grc' dir='ltr'><strong>ἀρι-</strong></span> 
     </span>
    </p>
   </div>
   <div class='ocr_carea' id='block_1_35' title="bbox 1016 589 1805 631">
    <p class='ocr_par' dir='ltr' id='par_1_35' title="bbox 1016 589 1805 631">
     <span class='ocr_line' id='line_1_35' title="bbox 1016 589 1805 631; baseline -0.01 -9"><span class='ocrx_word' id='word_1_244' title='bbox 1016 595 1113 631; x_wconf 84' lang='grc' dir='ltr'>στερὰν</span> <span class='ocrx_word' id='word_1_245' title='bbox 1125 596 1203 630; x_wconf 80' lang='grc' dir='ltr'>χεῖρα</span> <span class='ocrx_word' id='word_1_246' title='bbox 1218 593 1436 625; x_wconf 82' lang='grc' dir='ltr'>ἀνατεταλκέναι,</span> <span class='ocrx_word' id='word_1_247' title='bbox 1448 591 1529 619; x_wconf 76' lang='grc' dir='ltr'>καὶτὸ</span> <span class='ocrx_word' id='word_1_248' title='bbox 1537 590 1618 625; x_wconf 66' lang='grc' dir='ltr'>σῶμα</span> <span class='ocrx_word' id='word_1_249' title='bbox 1630 590 1676 616; x_wconf 76' lang='grc' dir='ltr'><strong>τοῦ</strong></span> <span class='ocrx_word' id='word_1_250' title='bbox 1695 589 1805 622; x_wconf 61' lang='grc' dir='ltr'>Ὀφιού-</span> 
     </span>
    </p>
   </div>
   <div class='ocr_carea' id='block_1_36' title="bbox 1016 634 1805 676">
    <p class='ocr_par' dir='ltr' id='par_1_36' title="bbox 1016 634 1805 676">
     <span class='ocr_line' id='line_1_36' title="bbox 1016 634 1805 676; baseline -0.01 -9"><span class='ocrx_word' id='word_1_251' title='bbox 1016 650 1075 676; x_wconf 86' lang='grc' dir='ltr'><strong>χου,</strong></span> <span class='ocrx_word' id='word_1_252' title='bbox 1091 640 1137 666; x_wconf 93' lang='lat' dir='ltr'><strong>xui</strong></span> <span class='ocrx_word' id='word_1_253' title='bbox 1152 640 1200 674; x_wconf 79' lang='grc' dir='ltr'><strong>τὴν</strong></span> <span class='ocrx_word' id='word_1_254' title='bbox 1213 639 1295 675; x_wconf 73' lang='grc' dir='ltr'>οὐρὰν</span> <span class='ocrx_word' id='word_1_255' title='bbox 1312 638 1358 664; x_wconf 81' lang='grc' dir='ltr'><strong>τοῦ</strong></span> <span class='ocrx_word' id='word_1_256' title='bbox 1373 639 1489 671; x_wconf 84' lang='grc' dir='ltr'><strong>Ὄφεως,</strong></span> <span class='ocrx_word' id='word_1_257' title='bbox 1503 636 1532 662; x_wconf 81' lang='grc' dir='ltr'>ὃν</span> <span class='ocrx_word' id='word_1_258' title='bbox 1545 636 1599 670; x_wconf 59' lang='grc' dir='ltr'><strong>ἔχει</strong></span> <span class='ocrx_word' id='word_1_259' title='bbox 1613 636 1627 661; x_wconf 87' lang='grc' dir='ltr'>ὀ</span> <span class='ocrx_word' id='word_1_260' title='bbox 1648 634 1805 668; x_wconf 68' lang='grc' dir='ltr'>Ὀφιοῦχος,</span> 
     </span>
    </p>
   </div>
   <div class='ocr_carea' id='block_1_37' title="bbox 1017 679 1806 720">
    <p class='ocr_par' dir='ltr' id='par_1_37' title="bbox 1017 679 1806 720">
     <span class='ocr_line' id='line_1_37' title="bbox 1017 679 1806 720; baseline -0.009 -9"><span class='ocrx_word' id='word_1_261' title='bbox 1017 686 1063 712; x_wconf 87' lang='lat' dir='ltr'><strong>xui</strong></span> <span class='ocrx_word' id='word_1_262' title='bbox 1079 685 1128 720; x_wconf 83' lang='grc' dir='ltr'><strong>τὴν</strong></span> <span class='ocrx_word' id='word_1_263' title='bbox 1141 684 1242 719; x_wconf 68' lang='grc' dir='ltr'>Λύραν,</span> <span class='ocrx_word' id='word_1_264' title='bbox 1252 684 1298 710; x_wconf 85' lang='lat' dir='ltr'><strong>xui</strong></span> <span class='ocrx_word' id='word_1_265' title='bbox 1309 682 1356 709; x_wconf 80' lang='grc' dir='ltr'><strong>τοῦ</strong></span> <span class='ocrx_word' id='word_1_266' title='bbox 1372 682 1488 716; x_wconf 74' lang='grc' dir='ltr'><strong>Κηφέως</strong></span> <span class='ocrx_word' id='word_1_267' title='bbox 1499 680 1534 707; x_wconf 79' lang='grc' dir='ltr'>τὰ</span> <span class='ocrx_word' id='word_1_268' title='bbox 1545 680 1598 706; x_wconf 81' lang='grc' dir='ltr'><strong>ἀπὸ</strong></span> <span class='ocrx_word' id='word_1_269' title='bbox 1612 680 1663 714; x_wconf 81' lang='grc' dir='ltr'><strong>τῆς</strong></span> <span class='ocrx_word' id='word_1_270' title='bbox 1681 679 1806 714; x_wconf 45' lang='lat' dir='ltr'><strong>ﬁguli;</strong></span> 
     </span>
    </p>
   </div>
   <div class='ocr_carea' id='block_1_38' title="bbox 1017 724 1804 763">
    <p class='ocr_par' dir='ltr' id='par_1_38' title="bbox 1017 724 1804 763">
     <span class='ocr_line' id='line_1_38' title="bbox 1017 724 1804 763; baseline -0.009 -7"><span class='ocrx_word' id='word_1_271' title='bbox 1017 730 1069 760; x_wconf 74' lang='grc' dir='ltr'>ἓως</span> <span class='ocrx_word' id='word_1_272' title='bbox 1084 729 1130 755; x_wconf 81' lang='grc' dir='ltr'><strong>τοῦ</strong></span> <span class='ocrx_word' id='word_1_273' title='bbox 1148 728 1271 763; x_wconf 74' lang='grc' dir='ltr'><strong>στήθους.</strong></span> <span class='ocrx_word' id='word_1_274' title='bbox 1295 727 1386 753; x_wconf 77' lang='grc' dir='ltr'>Δύνειν</span> <span class='ocrx_word' id='word_1_275' title='bbox 1400 727 1429 752; x_wconf 78' lang='grc' dir='ltr'><strong>δέ</strong></span> <span class='ocrx_word' id='word_1_276' title='bbox 1446 735 1510 761; x_wconf 75' lang='grc' dir='ltr'><strong>φησι</strong></span> <span class='ocrx_word' id='word_1_277' title='bbox 1528 725 1571 751; x_wconf 76' lang='grc' dir='ltr'><strong>τόν</strong></span> <span class='ocrx_word' id='word_1_278' title='bbox 1587 732 1615 750; x_wconf 83' lang='grc' dir='ltr'>τε</span> <span class='ocrx_word' id='word_1_279' title='bbox 1638 724 1717 750; x_wconf 76' lang='grc' dir='ltr'>Κύνα</span> <span class='ocrx_word' id='word_1_280' title='bbox 1734 724 1804 755; x_wconf 73' lang='grc' dir='ltr'>ὅλον,</span> 
     </span>
    </p>
   </div>
   <div class='ocr_carea' id='block_1_39' title="bbox 1018 769 1805 809">
    <p class='ocr_par' dir='ltr' id='par_1_39' title="bbox 1018 769 1805 809">
     <span class='ocr_line' id='line_1_39' title="bbox 1018 769 1805 809; baseline -0.006 -8"><span class='ocrx_word' id='word_1_281' title='bbox 1018 776 1064 802; x_wconf 77' lang='grc' dir='ltr'><strong>καὶ</strong></span> <span class='ocrx_word' id='word_1_282' title='bbox 1078 775 1123 801; x_wconf 64' lang='grc' dir='ltr'><strong>τὸν</strong></span> <span class='ocrx_word' id='word_1_283' title='bbox 1145 774 1267 809; x_wconf 69' lang='grc' dir='ltr'><strong>Ὠρίωνα,</strong></span> <span class='ocrx_word' id='word_1_284' title='bbox 1285 773 1330 800; x_wconf 86' lang='lat' dir='ltr'><strong>xui</strong></span> <span class='ocrx_word' id='word_1_285' title='bbox 1343 773 1386 799; x_wconf 76' lang='grc' dir='ltr'><strong>τὸν</strong></span> <span class='ocrx_word' id='word_1_286' title='bbox 1408 771 1529 806; x_wconf 78' lang='grc' dir='ltr'>Λαγωδν,</span> <span class='ocrx_word' id='word_1_287' title='bbox 1544 771 1589 797; x_wconf 79' lang='lat' dir='ltr'><strong>xui</strong></span> <span class='ocrx_word' id='word_1_288' title='bbox 1608 769 1654 796; x_wconf 78' lang='grc' dir='ltr'><strong>τοῦ</strong></span> <span class='ocrx_word' id='word_1_289' title='bbox 1681 770 1805 804; x_wconf 68' lang='grc' dir='ltr'>Ἡνιόχον</span> 
     </span>
    </p>
   </div>
   <div class='ocr_carea' id='block_1_40' title="bbox 1017 815 1807 854">
    <p class='ocr_par' dir='ltr' id='par_1_40' title="bbox 1017 815 1807 854">
     <span class='ocr_line' id='line_1_40' title="bbox 1017 815 1807 854; baseline -0.009 -6"><span class='ocrx_word' id='word_1_290' title='bbox 1017 822 1051 848; x_wconf 86' lang='grc' dir='ltr'><strong>τὰ</strong></span> <span class='ocrx_word' id='word_1_291' title='bbox 1065 821 1118 848; x_wconf 78' lang='grc' dir='ltr'><strong>ἀπὸ</strong></span> <span class='ocrx_word' id='word_1_292' title='bbox 1130 821 1184 847; x_wconf 84' lang='grc' dir='ltr'><strong>τῶν</strong></span> <span class='ocrx_word' id='word_1_293' title='bbox 1200 820 1287 846; x_wconf 80' lang='grc' dir='ltr'><strong>ποδῶν</strong></span> <span class='ocrx_word' id='word_1_294' title='bbox 1300 820 1351 851; x_wconf 74' lang='grc' dir='ltr'><strong>ἕως</strong></span> <span class='ocrx_word' id='word_1_295' title='bbox 1361 819 1410 853; x_wconf 80' lang='grc' dir='ltr'><strong>τῆς</strong></span> <span class='ocrx_word' id='word_1_296' title='bbox 1422 818 1508 854; x_wconf 80' lang='grc' dir='ltr'><strong>ζώνης</strong></span> <span class='ocrx_word' id='word_1_297' title='bbox 1526 818 1594 853; x_wconf 77' lang='grc' dir='ltr'>μέρη</span> <span class='ocrx_word' id='word_1_298' title='bbox 1605 826 1612 832; x_wconf 91' lang='grc'>·</span> <span class='ocrx_word' id='word_1_299' title='bbox 1628 817 1678 852; x_wconf 74' lang='grc' dir='ltr'><strong>τὴν</strong></span> <span class='ocrx_word' id='word_1_300' title='bbox 1692 817 1723 844; x_wconf 73' lang='grc' dir='ltr'><strong>δὲ</strong></span> <span class='ocrx_word' id='word_1_301' title='bbox 1738 815 1807 850; x_wconf 69' lang='grc' dir='ltr'><strong>Αἶγὰ</strong></span> 
     </span>
    </p>
   </div>
   <div class='ocr_carea' id='block_1_41' title="bbox 1020 862 1806 902">
    <p class='ocr_par' dir='ltr' id='par_1_41' title="bbox 1020 862 1806 902">
     <span class='ocr_line' id='line_1_41' title="bbox 1020 862 1806 902; baseline -0.009 -8"><span class='ocrx_word' id='word_1_302' title='bbox 1020 876 1085 902; x_wconf 81' lang='grc' dir='ltr'><strong>φησι</strong></span> <span class='ocrx_word' id='word_1_303' title='bbox 1099 868 1146 893; x_wconf 81' lang='lat' dir='ltr'><strong>xui</strong></span> <span class='ocrx_word' id='word_1_304' title='bbox 1159 867 1221 898; x_wconf 82' lang='grc' dir='ltr'>τοὺς</span> <span class='ocrx_word' id='word_1_305' title='bbox 1235 866 1370 902; x_wconf 64' lang='grc' dir='ltr'><strong>Ἐρίφους,</strong></span> <span class='ocrx_word' id='word_1_306' title='bbox 1385 862 1421 891; x_wconf 84' lang='grc' dir='ltr'>ὧν</span> <span class='ocrx_word' id='word_1_307' title='bbox 1431 865 1505 890; x_wconf 78' lang='grc' dir='ltr'><strong>ἐστιν</strong></span> <span class='ocrx_word' id='word_1_308' title='bbox 1523 865 1538 899; x_wconf 89' lang='grc' dir='ltr'>ἡ</span> <span class='ocrx_word' id='word_1_309' title='bbox 1557 864 1604 898; x_wconf 81' lang='grc' dir='ltr'>μὲν</span> <span class='ocrx_word' id='word_1_310' title='bbox 1620 863 1666 888; x_wconf 75' lang='grc' dir='ltr'><strong>ἐπὶ</strong></span> <span class='ocrx_word' id='word_1_311' title='bbox 1680 862 1730 888; x_wconf 75' lang='grc' dir='ltr'><strong>τοῦ</strong></span> <span class='ocrx_word' id='word_1_312' title='bbox 1745 863 1806 897; x_wconf 81' lang='grc' dir='ltr'><strong>ἀρι-</strong></span> 
     </span>
    </p>
   </div>
   <div class='ocr_carea' id='block_1_42' title="bbox 1020 909 1808 948">
    <p class='ocr_par' dir='ltr' id='par_1_42' title="bbox 1020 909 1808 948">
     <span class='ocr_line' id='line_1_42' title="bbox 1020 909 1808 948; baseline -0.006 -9"><span class='ocrx_word' id='word_1_313' title='bbox 1020 913 1114 948; x_wconf 75' lang='grc' dir='ltr'>στεροῦ</span> <span class='ocrx_word' id='word_1_314' title='bbox 1132 912 1217 947; x_wconf 76' lang='grc' dir='ltr'>ὤμου,</span> <span class='ocrx_word' id='word_1_315' title='bbox 1230 913 1253 938; x_wconf 79' lang='grc' dir='ltr'>οἱ</span> <span class='ocrx_word' id='word_1_316' title='bbox 1271 912 1293 938; x_wconf 78' lang='grc' dir='ltr'><strong>δ’</strong></span> <span class='ocrx_word' id='word_1_317' title='bbox 1307 913 1335 937; x_wconf 84' lang='grc' dir='ltr'>ὲν</span> <span class='ocrx_word' id='word_1_318' title='bbox 1349 913 1381 946; x_wconf 86' lang='grc' dir='ltr'><strong>τῇ</strong></span> <span class='ocrx_word' id='word_1_319' title='bbox 1398 911 1529 946; x_wconf 78' lang='grc' dir='ltr'><strong>ἀριστερᾷ</strong></span> <span class='ocrx_word' id='word_1_320' title='bbox 1544 910 1624 945; x_wconf 72' lang='grc' dir='ltr'><strong>χειρὶ,</strong></span> <span class='ocrx_word' id='word_1_321' title='bbox 1640 909 1681 935; x_wconf 74' lang='grc' dir='ltr'><strong>ἔτι</strong></span> <span class='ocrx_word' id='word_1_322' title='bbox 1703 909 1734 935; x_wconf 79' lang='grc' dir='ltr'><strong>δὲ</strong></span> <span class='ocrx_word' id='word_1_323' title='bbox 1759 910 1808 944; x_wconf 78' lang='grc' dir='ltr'><strong>τὴν</strong></span> 
     </span>
    </p>
   </div>
   <div class='ocr_carea' id='block_1_43' title="bbox 1020 955 1808 993">
    <p class='ocr_par' dir='ltr' id='par_1_43' title="bbox 1020 955 1808 993">
     <span class='ocr_line' id='line_1_43' title="bbox 1020 955 1808 993; baseline -0.005 -9"><span class='ocrx_word' id='word_1_324' title='bbox 1020 957 1139 993; x_wconf 72' lang='grc' dir='ltr'>κεφαλὴν</span> <span class='ocrx_word' id='word_1_325' title='bbox 1152 958 1198 984; x_wconf 84' lang='lat' dir='ltr'><strong>xui</strong></span> <span class='ocrx_word' id='word_1_326' title='bbox 1211 957 1259 992; x_wconf 82' lang='grc' dir='ltr'><strong>τὴν</strong></span> <span class='ocrx_word' id='word_1_327' title='bbox 1276 955 1365 990; x_wconf 77' lang='grc' dir='ltr'>δεξιὰν</span> <span class='ocrx_word' id='word_1_328' title='bbox 1388 958 1466 991; x_wconf 88' lang='grc' dir='ltr'>χεῖρα</span> <span class='ocrx_word' id='word_1_329' title='bbox 1481 955 1520 990; x_wconf 81' lang='grc' dir='ltr'><strong>τῷ</strong></span> <span class='ocrx_word' id='word_1_330' title='bbox 1536 955 1636 990; x_wconf 73' lang='grc' dir='ltr'><strong>Τοξύτῃ</strong></span> <span class='ocrx_word' id='word_1_331' title='bbox 1660 955 1808 981; x_wconf 81' lang='grc' dir='ltr'>ἀντικατα-</span> 
     </span>
    </p>
   </div>
   <div class='ocr_carea' id='block_1_44' title="bbox 1019 1000 1810 1038">
    <p class='ocr_par' dir='ltr' id='par_1_44' title="bbox 1019 1000 1810 1038">
     <span class='ocr_line' id='line_1_44' title="bbox 1019 1000 1810 1038; baseline -0.006 -8"><span class='ocrx_word' id='word_1_332' title='bbox 1019 1003 1122 1030; x_wconf 79' lang='grc' dir='ltr'>δύνειν·</span> <span class='ocrx_word' id='word_1_333' title='bbox 1141 1003 1173 1029; x_wconf 78' lang='grc' dir='ltr'><strong>τὰ</strong></span> <span class='ocrx_word' id='word_1_334' title='bbox 1195 1003 1222 1028; x_wconf 76' lang='grc' dir='ltr'><strong>δὲ</strong></span> <span class='ocrx_word' id='word_1_335' title='bbox 1240 1002 1308 1038; x_wconf 68' lang='grc' dir='ltr'>πρὸς</span> <span class='ocrx_word' id='word_1_336' title='bbox 1322 1002 1385 1033; x_wconf 76' lang='grc' dir='ltr'>τοὺς</span> <span class='ocrx_word' id='word_1_337' title='bbox 1400 1001 1481 1032; x_wconf 76' lang='grc' dir='ltr'>πόδας</span> <span class='ocrx_word' id='word_1_338' title='bbox 1505 1000 1542 1035; x_wconf 81' lang='grc' dir='ltr'><strong>τῷ</strong></span> <span class='ocrx_word' id='word_1_339' title='bbox 1555 1001 1694 1036; x_wconf 78' lang='grc' dir='ltr'><strong>Σκορπίῳ.</strong></span> <span class='ocrx_word' id='word_1_340' title='bbox 1712 1001 1810 1026; x_wconf 78' lang='grc' dir='ltr'>Δύνειν</span> 
     </span>
    </p>
   </div>
   <div class='ocr_carea' id='block_1_45' title="bbox 1021 1046 1809 1084">
    <p class='ocr_par' dir='ltr' id='par_1_45' title="bbox 1021 1046 1809 1084">
     <span class='ocr_line' id='line_1_45' title="bbox 1021 1046 1809 1084; baseline -0.001 -10"><span class='ocrx_word' id='word_1_341' title='bbox 1021 1048 1049 1074; x_wconf 81' lang='grc' dir='ltr'>δέ</span> <span class='ocrx_word' id='word_1_342' title='bbox 1066 1057 1131 1084; x_wconf 79' lang='grc' dir='ltr'><strong>φησι</strong></span> <span class='ocrx_word' id='word_1_343' title='bbox 1146 1049 1248 1075; x_wconf 73' lang='grc' dir='ltr'>καὶτὸν</span> <span class='ocrx_word' id='word_1_344' title='bbox 1261 1048 1367 1083; x_wconf 77' lang='grc' dir='ltr'>Περσέα</span> <span class='ocrx_word' id='word_1_345' title='bbox 1381 1047 1463 1082; x_wconf 71' lang='grc' dir='ltr'><strong>χωρὶς</strong></span> <span class='ocrx_word' id='word_1_346' title='bbox 1475 1047 1520 1073; x_wconf 82' lang='grc' dir='ltr'><strong>τοῦ</strong></span> <span class='ocrx_word' id='word_1_347' title='bbox 1534 1046 1619 1078; x_wconf 77' lang='grc' dir='ltr'><strong>δεξιοῦ</strong></span> <span class='ocrx_word' id='word_1_348' title='bbox 1634 1047 1751 1081; x_wconf 77' lang='grc' dir='ltr'><strong>γόνατος</strong></span> <span class='ocrx_word' id='word_1_349' title='bbox 1763 1047 1809 1073; x_wconf 83' lang='lat' dir='ltr'><strong>xui</strong></span> 
     </span>
    </p>
   </div>
   <div class='ocr_carea' id='block_1_46' title="bbox 1021 1093 1809 1129">
    <p class='ocr_par' dir='ltr' id='par_1_46' title="bbox 1021 1093 1809 1129">
     <span class='ocr_line' id='line_1_46' title="bbox 1021 1093 1809 1129; baseline -0.003 -9"><span class='ocrx_word' id='word_1_350' title='bbox 1021 1094 1067 1120; x_wconf 83' lang='grc' dir='ltr'><strong>τοῦ</strong></span> <span class='ocrx_word' id='word_1_351' title='bbox 1090 1093 1170 1125; x_wconf 72' lang='grc' dir='ltr'>ποδός</span> <span class='ocrx_word' id='word_1_352' title='bbox 1183 1103 1189 1110; x_wconf 80' lang='lat'><strong>&#39;</strong></span> <span class='ocrx_word' id='word_1_353' title='bbox 1207 1095 1253 1120; x_wconf 80' lang='lat' dir='ltr'><strong>xui</strong></span> <span class='ocrx_word' id='word_1_354' title='bbox 1275 1094 1323 1128; x_wconf 77' lang='grc' dir='ltr'><strong>τῆς</strong></span> <span class='ocrx_word' id='word_1_355' title='bbox 1345 1093 1457 1128; x_wconf 81' lang='grc' dir='ltr'>Ἀργοῦς</span> <span class='ocrx_word' id='word_1_356' title='bbox 1480 1093 1529 1129; x_wconf 78' lang='grc' dir='ltr'><strong>τὴν</strong></span> <span class='ocrx_word' id='word_1_357' title='bbox 1553 1093 1692 1128; x_wconf 80' lang='grc' dir='ltr'>πρύμναν.</span> <span class='ocrx_word' id='word_1_358' title='bbox 1721 1093 1766 1119; x_wconf 82' lang='grc' dir='ltr'>Ἐν</span> <span class='ocrx_word' id='word_1_359' title='bbox 1782 1093 1809 1118; x_wconf 70' lang='grc' dir='ltr'><strong>δὲ</strong></span> 
     </span>
    </p>
   </div>
   <div class='ocr_carea' id='block_1_47' title="bbox 1021 1136 1809 1175">
    <p class='ocr_par' dir='ltr' id='par_1_47' title="bbox 1021 1136 1809 1175">
     <span class='ocr_line' id='line_1_47' title="bbox 1021 1136 1809 1175; baseline -0.001 -9"><span class='ocrx_word' id='word_1_360' title='bbox 1021 1136 1133 1171; x_wconf 46' lang='lat' dir='ltr'><strong>ratirati</strong></span> <span class='ocrx_word' id='word_1_361' title='bbox 1144 1140 1177 1166; x_wconf 77' lang='grc' dir='ltr'><strong>τὰ</strong></span> <span class='ocrx_word' id='word_1_362' title='bbox 1196 1140 1244 1175; x_wconf 85' lang='grc' dir='ltr'>μὲν</span> <span class='ocrx_word' id='word_1_363' title='bbox 1266 1140 1332 1166; x_wconf 80' lang='grc' dir='ltr'>ἄλλα</span> <span class='ocrx_word' id='word_1_364' title='bbox 1346 1141 1487 1174; x_wconf 80' lang='grc' dir='ltr'>συμφωνεῖ</span> <span class='ocrx_word' id='word_1_365' title='bbox 1505 1141 1562 1171; x_wconf 79' lang='grc' dir='ltr'><strong>τοῖς</strong></span> <span class='ocrx_word' id='word_1_366' title='bbox 1583 1140 1775 1174; x_wconf 77' lang='grc' dir='ltr'>φαινομένοις·</span> <span class='ocrx_word' id='word_1_367' title='bbox 1793 1141 1809 1173; x_wconf 72' lang='grc' dir='ltr'><strong>ἠ</strong></span> 
     </span>
    </p>
   </div>
   <div class='ocr_carea' id='block_1_48' title="bbox 1022 1186 1810 1222">
    <p class='ocr_par' dir='ltr' id='par_1_48' title="bbox 1022 1186 1810 1222">
     <span class='ocr_line' id='line_1_48' title="bbox 1022 1186 1810 1222; baseline -0.001 -10"><span class='ocrx_word' id='word_1_368' title='bbox 1022 1187 1049 1213; x_wconf 76' lang='grc' dir='ltr'>δὲ</span> <span class='ocrx_word' id='word_1_369' title='bbox 1067 1186 1197 1222; x_wconf 73' lang='grc' dir='ltr'><strong>ἀριστερὰ</strong></span> <span class='ocrx_word' id='word_1_370' title='bbox 1213 1186 1272 1222; x_wconf 81' lang='grc' dir='ltr'>χεὶρ</span> <span class='ocrx_word' id='word_1_371' title='bbox 1291 1186 1338 1212; x_wconf 79' lang='grc' dir='ltr'><strong>τοῦ</strong></span> <span class='ocrx_word' id='word_1_372' title='bbox 1359 1187 1403 1213; x_wconf 87' lang='grc' dir='ltr'>Ἐν</span> <span class='ocrx_word' id='word_1_373' title='bbox 1425 1186 1518 1220; x_wconf 82' lang='grc' dir='ltr'><strong>γόνασι</strong></span> <span class='ocrx_word' id='word_1_374' title='bbox 1546 1188 1605 1217; x_wconf 83' lang='grc' dir='ltr'>ταῖς</span> <span class='ocrx_word' id='word_1_375' title='bbox 1621 1186 1728 1221; x_wconf 75' lang='grc' dir='ltr'><strong>Χηὶαίς</strong></span> <span class='ocrx_word' id='word_1_376' title='bbox 1750 1195 1810 1211; x_wconf 72' lang='grc' dir='ltr'><strong>ςυν-</strong></span> 
     </span>
    </p>
   </div>
   <div class='ocr_carea' id='block_1_49' title="bbox 1022 1232 1807 1268">
    <p class='ocr_par' dir='ltr' id='par_1_49' title="bbox 1022 1232 1807 1268">
     <span class='ocr_line' id='line_1_49' title="bbox 1022 1232 1807 1268; baseline -0.003 -9"><span class='ocrx_word' id='word_1_377' title='bbox 1022 1233 1169 1265; x_wconf 77' lang='grc' dir='ltr'>ανατὲλλει,</span> <span class='ocrx_word' id='word_1_378' title='bbox 1185 1233 1231 1259; x_wconf 82' lang='grc' dir='ltr'>καὶ</span> <span class='ocrx_word' id='word_1_379' title='bbox 1244 1233 1274 1259; x_wconf 84' lang='grc' dir='ltr'>οὐ</span> <span class='ocrx_word' id='word_1_380' title='bbox 1285 1232 1324 1267; x_wconf 79' lang='grc' dir='ltr'><strong>τῷ</strong></span> <span class='ocrx_word' id='word_1_381' title='bbox 1338 1232 1472 1268; x_wconf 82' lang='grc' dir='ltr'><strong>Σκορπὶῳ.</strong></span> <span class='ocrx_word' id='word_1_382' title='bbox 1485 1233 1539 1259; x_wconf 73' lang='grc' dir='ltr'>Καὶ</span> <span class='ocrx_word' id='word_1_383' title='bbox 1553 1232 1606 1267; x_wconf 83' lang='grc' dir='ltr'>γὰρ</span> <span class='ocrx_word' id='word_1_384' title='bbox 1618 1232 1700 1263; x_wconf 73' lang='grc' dir='ltr'>αὐτὸς</span> <span class='ocrx_word' id='word_1_385' title='bbox 1715 1233 1731 1258; x_wconf 83' lang='grc' dir='ltr'>ὁ</span> <span class='ocrx_word' id='word_1_386' title='bbox 1749 1233 1807 1266; x_wconf 77' lang='grc' dir='ltr'><strong>ἀρι-</strong></span> 
     </span>
    </p>
   </div>
   <div class='ocr_carea' id='block_1_50' title="bbox 1024 1276 1807 1314">
    <p class='ocr_par' dir='ltr' id='par_1_50' title="bbox 1024 1276 1807 1314">
     <span class='ocr_line' id='line_1_50' title="bbox 1024 1276 1807 1314; baseline -0.003 -9"><span class='ocrx_word' id='word_1_387' title='bbox 1024 1279 1117 1312; x_wconf 78' lang='grc' dir='ltr'><strong>στερὸς</strong></span> <span class='ocrx_word' id='word_1_388' title='bbox 1131 1276 1205 1313; x_wconf 83' lang='grc' dir='ltr'>ὦμος</span> <span class='ocrx_word' id='word_1_389' title='bbox 1227 1279 1308 1305; x_wconf 75' lang='grc' dir='ltr'>αὐτοῦ</span> <span class='ocrx_word' id='word_1_390' title='bbox 1330 1278 1395 1305; x_wconf 80' lang='grc' dir='ltr'>πολὺ</span> <span class='ocrx_word' id='word_1_391' title='bbox 1413 1278 1615 1314; x_wconf 74' lang='grc' dir='ltr'><strong>προηγούμενος</strong></span> <span class='ocrx_word' id='word_1_392' title='bbox 1631 1278 1683 1312; x_wconf 75' lang='grc' dir='ltr'><strong>τῆς</strong></span> <span class='ocrx_word' id='word_1_393' title='bbox 1706 1278 1807 1312; x_wconf 63' lang='grc' dir='ltr'>χειρδς,</span> 
     </span>
    </p>
   </div>
   <div class='ocr_carea' id='block_1_51' title="bbox 1022 1324 1809 1361">
    <p class='ocr_par' dir='ltr' id='par_1_51' title="bbox 1022 1324 1809 1361">
     <span class='ocr_line' id='line_1_51' title="bbox 1022 1324 1809 1361; baseline 0 -10"><span class='ocrx_word' id='word_1_394' title='bbox 1022 1325 1122 1352; x_wconf 75' lang='grc' dir='ltr'>ὡσανεὶ</span> <span class='ocrx_word' id='word_1_395' title='bbox 1138 1325 1357 1361; x_wconf 80' lang='grc' dir='ltr'>διωργυιωμὲνου</span> <span class='ocrx_word' id='word_1_396' title='bbox 1380 1325 1472 1356; x_wconf 84' lang='grc' dir='ltr'>αὐτοῦ,</span> <span class='ocrx_word' id='word_1_397' title='bbox 1490 1325 1615 1360; x_wconf 76' lang='grc' dir='ltr'>καθάπερ</span> <span class='ocrx_word' id='word_1_398' title='bbox 1635 1325 1683 1351; x_wconf 87' lang='lat' dir='ltr'><strong>xui</strong></span> <span class='ocrx_word' id='word_1_399' title='bbox 1698 1325 1714 1350; x_wconf 80' lang='grc' dir='ltr'>ὁ</span> <span class='ocrx_word' id='word_1_400' title='bbox 1729 1324 1809 1356; x_wconf 66' lang='grc' dir='ltr'><strong>αὐτὸς</strong></span> 
     </span>
    </p>
   </div>
   <div class='ocr_carea' id='block_1_52' title="bbox 191 1370 1810 1414">
    <p class='ocr_par' dir='ltr' id='par_1_52' title="bbox 191 1370 1810 1414">
     <span class='ocr_line' id='line_1_52' title="bbox 191 1370 1810 1414; baseline -0.005 -10"><span class='ocrx_word' id='word_1_401' title='bbox 191 1377 307 1414; x_wconf 71' lang='grc' dir='ltr'><strong>Ἄρατός</strong></span> <span class='ocrx_word' id='word_1_402' title='bbox 324 1385 415 1413; x_wconf 82' lang='grc' dir='ltr'>φησιν,</span> <span class='ocrx_word' id='word_1_403' title='bbox 427 1378 495 1413; x_wconf 81' lang='grc' dir='ltr'><strong>τῇγ¹</strong></span> <span class='ocrx_word' id='word_1_404' title='bbox 518 1376 573 1413; x_wconf 83' lang='grc' dir='ltr'>μοί.</span> <span class='ocrx_word' id='word_1_405' title='bbox 590 1375 636 1402; x_wconf 81' lang='grc' dir='ltr'><strong>τοῦ</strong></span> <span class='ocrx_word' id='word_1_406' title='bbox 649 1374 783 1412; x_wconf 81' lang='grc' dir='ltr'>Σκορπίου</span> <span class='ocrx_word' id='word_1_407' title='bbox 807 1371 1005 1400; x_wconf 80' lang='grc' dir='ltr'>συνανατέλλει.</span> <span class='ocrx_word' id='word_1_408' title='bbox 1026 1372 1080 1407; x_wconf 80' lang='grc' dir='ltr'>οὐχ</span> <span class='ocrx_word' id='word_1_409' title='bbox 1106 1373 1123 1407; x_wconf 86' lang='grc' dir='ltr'>ἠ</span> <span class='ocrx_word' id='word_1_410' title='bbox 1149 1372 1252 1407; x_wconf 72' lang='grc' dir='ltr'>κεφαλὴ</span> <span class='ocrx_word' id='word_1_411' title='bbox 1269 1370 1315 1399; x_wconf 84' lang='grc' dir='ltr'>οὖν</span> <span class='ocrx_word' id='word_1_412' title='bbox 1342 1372 1420 1406; x_wconf 85' lang='grc' dir='ltr'>μόνον</span> <span class='ocrx_word' id='word_1_413' title='bbox 1446 1371 1484 1406; x_wconf 83' lang='grc' dir='ltr'><strong>τῷ</strong></span> <span class='ocrx_word' id='word_1_414' title='bbox 1509 1371 1634 1406; x_wconf 80' lang='grc' dir='ltr'><strong>Σκορπῐῳ</strong></span> <span class='ocrx_word' id='word_1_415' title='bbox 1657 1370 1810 1404; x_wconf 53' lang='lat' dir='ltr'><strong>manes—</strong></span> 
     </span>
    </p>
   </div>
   <div class='ocr_carea' id='block_1_53' title="bbox 191 1434 277 1461">
    <p class='ocr_par' dir='ltr' id='par_1_53' title="bbox 191 1434 277 1461">
     <span class='ocr_line' id='line_1_53' title="bbox 191 1434 277 1461; baseline 0 -9"><span class='ocrx_word' id='word_1_416' title='bbox 191 1434 277 1461; x_wconf 85' lang='grc' dir='ltr'>ρεται.</span> 
     </span>
    </p>
   </div>
   <div class='ocr_carea' id='block_1_54' title="bbox 226 1475 973 1515">
    <p class='ocr_par' dir='ltr' id='par_1_54' title="bbox 226 1475 973 1515">
     <span class='ocr_line' id='line_1_54' title="bbox 226 1475 973 1515; baseline -0.004 -9"><span class='ocrx_word' id='word_1_417' title='bbox 226 1479 372 1515; x_wconf 87' lang='lat' dir='ltr'><strong>Propterea</strong></span> <span class='ocrx_word' id='word_1_418' title='bbox 387 1479 420 1507; x_wconf 90' lang='lat' dir='ltr'><strong>de</strong></span> <span class='ocrx_word' id='word_1_419' title='bbox 434 1485 496 1507; x_wconf 89' lang='lat' dir='ltr'><strong>ortu</strong></span> <span class='ocrx_word' id='word_1_420' title='bbox 513 1479 618 1515; x_wconf 91' lang='lat' dir='ltr'><strong>Scorpii</strong></span> <span class='ocrx_word' id='word_1_421' title='bbox 636 1480 662 1507; x_wconf 91' lang='lat' dir='ltr'><strong>in</strong></span> <span class='ocrx_word' id='word_1_422' title='bbox 677 1478 900 1507; x_wconf 81' lang='lat' dir='ltr'><strong>antecedentibus</strong></span> <span class='ocrx_word' id='word_1_423' title='bbox 913 1475 973 1504; x_wconf 87' lang='lat' dir='ltr'><strong>hal-</strong></span> 
     </span>
    </p>
   </div>
   <div class='ocr_carea' id='block_1_55' title="bbox 191 1527 540 1555">
    <p class='ocr_par' dir='ltr' id='par_1_55' title="bbox 191 1527 540 1555">
     <span class='ocr_line' id='line_1_55' title="bbox 191 1527 540 1555; baseline 0.003 -2"><span class='ocrx_word' id='word_1_424' title='bbox 191 1527 329 1554; x_wconf 83' lang='lat' dir='ltr'><strong>lucinatur</strong></span> <span class='ocrx_word' id='word_1_425' title='bbox 344 1528 380 1553; x_wconf 90' lang='lat' dir='ltr'><strong>ita</strong></span> <span class='ocrx_word' id='word_1_426' title='bbox 397 1527 520 1555; x_wconf 89' lang='lat' dir='ltr'><strong>scribens</strong></span> <span class='ocrx_word' id='word_1_427' title='bbox 534 1537 540 1554; x_wconf 91' lang='lat'>:</span> 
     </span>
    </p>
   </div>
   <div class='ocr_carea' id='block_1_56' title="bbox 247 1595 774 1629">
    <p class='ocr_par' dir='ltr' id='par_1_56' title="bbox 247 1595 774 1629">
     <span class='ocr_line' id='line_1_56' title="bbox 247 1595 774 1629; baseline 0.004 -8"><span class='ocrx_word' id='word_1_428' title='bbox 247 1613 256 1621; x_wconf 88' lang='lat'><strong>.</strong></span> <span class='ocrx_word' id='word_1_429' title='bbox 295 1613 301 1621; x_wconf 88' lang='lat'><strong>.</strong></span> <span class='ocrx_word' id='word_1_430' title='bbox 338 1614 346 1622; x_wconf 86' lang='lat'><strong>.</strong></span> <span class='ocrx_word' id='word_1_431' title='bbox 385 1615 393 1622; x_wconf 93' lang='lat'><strong>.</strong></span> <span class='ocrx_word' id='word_1_432' title='bbox 412 1595 524 1629; x_wconf 72' lang='lat' dir='ltr'><strong>Capita,</strong></span> <span class='ocrx_word' id='word_1_433' title='bbox 539 1601 562 1622; x_wconf 78' lang='lat' dir='ltr'><strong>et</strong></span> <span class='ocrx_word' id='word_1_434' title='bbox 580 1596 665 1622; x_wconf 83' lang='lat' dir='ltr'><strong>altera</strong></span> <span class='ocrx_word' id='word_1_435' title='bbox 680 1604 774 1623; x_wconf 69' lang='lat' dir='ltr'><strong>manus</strong></span> 
     </span>
    </p>
   </div>
   <div class='ocr_carea' id='block_1_57' title="bbox 248 1629 671 1665">
    <p class='ocr_par' dir='ltr' id='par_1_57' title="bbox 248 1629 671 1665">
     <span class='ocr_line' id='line_1_57' title="bbox 248 1629 671 1665; baseline 0.002 -9"><span class='ocrx_word' id='word_1_436' title='bbox 248 1629 314 1656; x_wconf 83' lang='lat' dir='ltr'><strong>Cum</strong></span> <span class='ocrx_word' id='word_1_437' title='bbox 327 1629 472 1665; x_wconf 75' lang='lat' dir='ltr'><strong>Sagittario</strong></span> <span class='ocrx_word' id='word_1_438' title='bbox 485 1631 671 1658; x_wconf 74' lang='lat' dir='ltr'><strong>conscendunt.</strong></span> 
     </span>
    </p>
   </div>
   <div class='ocr_carea' id='block_1_58' title="bbox 194 1685 592 1720">
    <p class='ocr_par' dir='ltr' id='par_1_58' title="bbox 194 1685 592 1720">
     <span class='ocr_line' id='line_1_58' title="bbox 194 1685 592 1720; baseline 0 -7"><span class='ocrx_word' id='word_1_439' title='bbox 194 1685 224 1713; x_wconf 73' lang='lat' dir='ltr'><strong>In</strong></span> <span class='ocrx_word' id='word_1_440' title='bbox 236 1693 290 1720; x_wconf 84' lang='lat' dir='ltr'><strong>quo</strong></span> <span class='ocrx_word' id='word_1_441' title='bbox 304 1686 426 1719; x_wconf 85' lang='lat' dir='ltr'><strong>sequitur</strong></span> <span class='ocrx_word' id='word_1_442' title='bbox 441 1686 592 1714; x_wconf 81' lang='lat' dir='ltr'><strong>Eudoxum.</strong></span> 
     </span>
    </p>
   </div>
   <div class='ocr_carea' id='block_1_59' title="bbox 231 1741 978 1778">
    <p class='ocr_par' dir='ltr' id='par_1_59' title="bbox 231 1741 978 1778">
     <span class='ocr_line' id='line_1_59' title="bbox 231 1741 978 1778; baseline 0.003 -10"><span class='ocrx_word' id='word_1_443' title='bbox 231 1742 310 1777; x_wconf 73' lang='lat'><strong>125</strong></span> <span class='ocrx_word' id='word_1_444' title='bbox 331 1741 390 1768; x_wconf 87' lang='lat' dir='ltr'><strong>Non</strong></span> <span class='ocrx_word' id='word_1_445' title='bbox 409 1742 500 1769; x_wconf 88' lang='lat' dir='ltr'><strong>minus</strong></span> <span class='ocrx_word' id='word_1_446' title='bbox 519 1743 552 1770; x_wconf 87' lang='lat' dir='ltr'><strong>ab</strong></span> <span class='ocrx_word' id='word_1_447' title='bbox 573 1743 740 1778; x_wconf 85' lang='lat' dir='ltr'><strong>apparentiis</strong></span> <span class='ocrx_word' id='word_1_448' title='bbox 759 1742 785 1770; x_wconf 96' lang='lat' dir='ltr'><strong>in</strong></span> <span class='ocrx_word' id='word_1_449' title='bbox 800 1743 906 1778; x_wconf 87' lang='lat' dir='ltr'><strong>Cepheo</strong></span> <span class='ocrx_word' id='word_1_450' title='bbox 921 1743 978 1770; x_wconf 91' lang='lat' dir='ltr'><strong>dis-</strong></span> 
     </span>
    </p>
   </div>
   <div class='ocr_carea' id='block_1_60' title="bbox 196 1788 980 1824">
    <p class='ocr_par' dir='ltr' id='par_1_60' title="bbox 196 1788 980 1824">
     <span class='ocr_line' id='line_1_60' title="bbox 196 1788 980 1824; baseline 0.001 -9"><span class='ocrx_word' id='word_1_451' title='bbox 196 1793 318 1823; x_wconf 80' lang='lat' dir='ltr'><strong>crepant.</strong></span> <span class='ocrx_word' id='word_1_452' title='bbox 336 1788 404 1816; x_wconf 79' lang='lat' dir='ltr'><strong>Nam</strong></span> <span class='ocrx_word' id='word_1_453' title='bbox 428 1789 516 1816; x_wconf 91' lang='lat' dir='ltr'><strong>solum</strong></span> <span class='ocrx_word' id='word_1_454' title='bbox 537 1793 618 1823; x_wconf 88' lang='lat' dir='ltr'><strong>caput</strong></span> <span class='ocrx_word' id='word_1_455' title='bbox 638 1789 725 1824; x_wconf 90' lang='lat' dir='ltr'><strong>ipsius</strong></span> <span class='ocrx_word' id='word_1_456' title='bbox 740 1789 857 1822; x_wconf 85' lang='lat' dir='ltr'><strong>occidit,</strong></span> <span class='ocrx_word' id='word_1_457' title='bbox 873 1793 900 1817; x_wconf 91' lang='lat' dir='ltr'><strong>et</strong></span> <span class='ocrx_word' id='word_1_458' title='bbox 925 1790 980 1816; x_wconf 90' lang='lat' dir='ltr'><strong>ori-</strong></span> 
     </span>
    </p>
   </div>
   <div class='ocr_carea' id='block_1_61' title="bbox 196 1835 982 1872">
    <p class='ocr_par' dir='ltr' id='par_1_61' title="bbox 196 1835 982 1872">
     <span class='ocr_line' id='line_1_61' title="bbox 196 1835 982 1872; baseline 0.003 -10"><span class='ocrx_word' id='word_1_459' title='bbox 196 1839 257 1869; x_wconf 87' lang='lat' dir='ltr'><strong>tur;</strong></span> <span class='ocrx_word' id='word_1_460' title='bbox 281 1835 387 1863; x_wconf 84' lang='lat' dir='ltr'><strong>humeri</strong></span> <span class='ocrx_word' id='word_1_461' title='bbox 412 1843 443 1862; x_wconf 86' lang='lat' dir='ltr'><strong>ac</strong></span> <span class='ocrx_word' id='word_1_462' title='bbox 457 1839 553 1870; x_wconf 86' lang='lat' dir='ltr'><strong>pectus</strong></span> <span class='ocrx_word' id='word_1_463' title='bbox 568 1835 593 1862; x_wconf 94' lang='lat' dir='ltr'><strong>in</strong></span> <span class='ocrx_word' id='word_1_464' title='bbox 618 1843 725 1871; x_wconf 88' lang='lat' dir='ltr'><strong>semper</strong></span> <span class='ocrx_word' id='word_1_465' title='bbox 749 1842 895 1872; x_wconf 86' lang='lat' dir='ltr'><strong>apparente</strong></span> <span class='ocrx_word' id='word_1_466' title='bbox 921 1844 982 1871; x_wconf 79' lang='lat' dir='ltr'><strong>seg-</strong></span> 
     </span>
    </p>
   </div>
   <div class='ocr_carea' id='block_1_62' title="bbox 198 1880 981 1917">
    <p class='ocr_par' dir='ltr' id='par_1_62' title="bbox 198 1880 981 1917">
     <span class='ocr_line' id='line_1_62' title="bbox 198 1880 981 1917; baseline 0.001 -9"><span class='ocrx_word' id='word_1_467' title='bbox 198 1884 290 1909; x_wconf 88' lang='lat' dir='ltr'><strong>mento</strong></span> <span class='ocrx_word' id='word_1_468' title='bbox 310 1881 444 1909; x_wconf 79' lang='lat' dir='ltr'><strong>feruntur.</strong></span> <span class='ocrx_word' id='word_1_469' title='bbox 470 1880 604 1909; x_wconf 63' lang='lat' dir='ltr'><strong>Praeterea</strong></span> <span class='ocrx_word' id='word_1_470' title='bbox 622 1882 778 1913; x_wconf 77' lang='lat' dir='ltr'><strong>stellarum,</strong></span> <span class='ocrx_word' id='word_1_471' title='bbox 801 1890 862 1917; x_wconf 76' lang='lat' dir='ltr'><strong>quze</strong></span> <span class='ocrx_word' id='word_1_472' title='bbox 877 1882 904 1909; x_wconf 91' lang='lat' dir='ltr'><strong>in</strong></span> <span class='ocrx_word' id='word_1_473' title='bbox 922 1882 981 1916; x_wconf 87' lang='lat' dir='ltr'><strong>ejus</strong></span> 
     </span>
    </p>
   </div>
   <div class='ocr_carea' id='block_1_63' title="bbox 199 1925 982 1962">
    <p class='ocr_par' dir='ltr' id='par_1_63' title="bbox 199 1925 982 1962">
     <span class='ocr_line' id='line_1_63' title="bbox 199 1925 982 1962; baseline 0.001 -9"><span class='ocrx_word' id='word_1_474' title='bbox 199 1926 289 1961; x_wconf 82' lang='lat' dir='ltr'><strong>capite</strong></span> <span class='ocrx_word' id='word_1_475' title='bbox 314 1930 389 1958; x_wconf 84' lang='lat' dir='ltr'><strong>sunt,</strong></span> <span class='ocrx_word' id='word_1_476' title='bbox 414 1926 570 1961; x_wconf 82' lang='lat' dir='ltr'><strong>praecedens</strong></span> <span class='ocrx_word' id='word_1_477' title='bbox 591 1934 653 1953; x_wconf 90' lang='lat' dir='ltr'><strong>cum</strong></span> <span class='ocrx_word' id='word_1_478' title='bbox 682 1925 787 1961; x_wconf 89' lang='lat' dir='ltr'><strong>Scorpii</strong></span> <span class='ocrx_word' id='word_1_479' title='bbox 813 1929 890 1962; x_wconf 76' lang='lat' dir='ltr'><strong>partu</strong></span> <span class='ocrx_word' id='word_1_480' title='bbox 909 1926 982 1954; x_wconf 88' lang='lat' dir='ltr'><strong>vice-</strong></span> 
     </span>
    </p>
   </div>
   <div class='ocr_carea' id='block_1_64' title="bbox 200 1972 981 2008">
    <p class='ocr_par' dir='ltr' id='par_1_64' title="bbox 200 1972 981 2008">
     <span class='ocr_line' id='line_1_64' title="bbox 200 1972 981 2008; baseline 0.001 -9"><span class='ocrx_word' id='word_1_481' title='bbox 200 1972 270 1999; x_wconf 88' lang='lat' dir='ltr'><strong>sima</strong></span> <span class='ocrx_word' id='word_1_482' title='bbox 298 1977 393 2000; x_wconf 85' lang='lat' dir='ltr'><strong>octava</strong></span> <span class='ocrx_word' id='word_1_483' title='bbox 414 1973 520 2006; x_wconf 84' lang='lat' dir='ltr'><strong>oritur;</strong></span> <span class='ocrx_word' id='word_1_484' title='bbox 542 1980 603 2008; x_wconf 66' lang='lat' dir='ltr'><strong>qua;</strong></span> <span class='ocrx_word' id='word_1_485' title='bbox 618 1977 707 2000; x_wconf 88' lang='lat' dir='ltr'><strong>autem</strong></span> <span class='ocrx_word' id='word_1_486' title='bbox 726 1977 862 2008; x_wconf 87' lang='lat' dir='ltr'><strong>postrema</strong></span> <span class='ocrx_word' id='word_1_487' title='bbox 883 1973 981 2005; x_wconf 85' lang='lat' dir='ltr'><strong>oritur,</strong></span> 
     </span>
    </p>
   </div>
   <div class='ocr_carea' id='block_1_65' title="bbox 201 2018 982 2054">
    <p class='ocr_par' dir='ltr' id='par_1_65' title="bbox 201 2018 982 2054">
     <span class='ocr_line' id='line_1_65' title="bbox 201 2018 982 2054; baseline 0.001 -9"><span class='ocrx_word' id='word_1_488' title='bbox 201 2022 229 2045; x_wconf 90' lang='lat' dir='ltr'><strong>et</strong></span> <span class='ocrx_word' id='word_1_489' title='bbox 242 2019 269 2045; x_wconf 91' lang='lat' dir='ltr'><strong>in</strong></span> <span class='ocrx_word' id='word_1_490' title='bbox 287 2019 376 2053; x_wconf 87' lang='lat' dir='ltr'><strong>capite</strong></span> <span class='ocrx_word' id='word_1_491' title='bbox 395 2018 509 2046; x_wconf 90' lang='lat' dir='ltr'><strong>sitarum</strong></span> <span class='ocrx_word' id='word_1_492' title='bbox 525 2019 672 2046; x_wconf 86' lang='lat' dir='ltr'><strong>anstralior</strong></span> <span class='ocrx_word' id='word_1_493' title='bbox 692 2022 746 2051; x_wconf 86' lang='lat' dir='ltr'><strong>est,</strong></span> <span class='ocrx_word' id='word_1_494' title='bbox 765 2027 826 2046; x_wconf 90' lang='lat' dir='ltr'><strong>cum</strong></span> <span class='ocrx_word' id='word_1_495' title='bbox 844 2019 982 2054; x_wconf 78' lang='lat' dir='ltr'><strong>Sagittarii</strong></span> 
     </span>
    </p>
   </div>
   <div class='ocr_carea' id='block_1_66' title="bbox 202 2063 983 2098">
    <p class='ocr_par' dir='ltr' id='par_1_66' title="bbox 202 2063 983 2098">
     <span class='ocr_line' id='line_1_66' title="bbox 202 2063 983 2098; baseline 0 -8"><span class='ocrx_word' id='word_1_496' title='bbox 202 2067 278 2090; x_wconf 79' lang='lat' dir='ltr'><strong>sexta</strong></span> <span class='ocrx_word' id='word_1_497' title='bbox 289 2067 365 2098; x_wconf 88' lang='lat' dir='ltr'><strong>parte</strong></span> <span class='ocrx_word' id='word_1_498' title='bbox 381 2063 468 2092; x_wconf 84' lang='lat' dir='ltr'><strong>media</strong></span> <span class='ocrx_word' id='word_1_499' title='bbox 488 2065 585 2097; x_wconf 82' lang='lat' dir='ltr'><strong>oritur,</strong></span> <span class='ocrx_word' id='word_1_500' title='bbox 600 2068 629 2090; x_wconf 90' lang='lat' dir='ltr'><strong>ut</strong></span> <span class='ocrx_word' id='word_1_501' title='bbox 651 2071 704 2091; x_wconf 92' lang='lat' dir='ltr'><strong>non</strong></span> <span class='ocrx_word' id='word_1_502' title='bbox 721 2065 809 2091; x_wconf 88' lang='lat' dir='ltr'><strong>solum</strong></span> <span class='ocrx_word' id='word_1_503' title='bbox 823 2072 884 2091; x_wconf 92' lang='lat' dir='ltr'><strong>cum</strong></span> <span class='ocrx_word' id='word_1_504' title='bbox 900 2063 983 2092; x_wconf 88' lang='lat' dir='ltr'><strong>Scor-</strong></span> 
     </span>
    </p>
   </div>
   <div class='ocr_carea' id='block_1_67' title="bbox 201 2107 985 2144">
    <p class='ocr_par' dir='ltr' id='par_1_67' title="bbox 201 2107 985 2144">
     <span class='ocr_line' id='line_1_67' title="bbox 201 2107 985 2144; baseline 0 -7"><span class='ocrx_word' id='word_1_505' title='bbox 201 2108 259 2143; x_wconf 81' lang='lat' dir='ltr'><strong>pio.</strong></span> <span class='ocrx_word' id='word_1_506' title='bbox 280 2107 327 2136; x_wconf 86' lang='lat' dir='ltr'><strong>sed</strong></span> <span class='ocrx_word' id='word_1_507' title='bbox 343 2109 424 2136; x_wconf 86' lang='lat' dir='ltr'><strong>etiam</strong></span> <span class='ocrx_word' id='word_1_508' title='bbox 439 2117 501 2137; x_wconf 91' lang='lat' dir='ltr'><strong>cum</strong></span> <span class='ocrx_word' id='word_1_509' title='bbox 520 2109 668 2144; x_wconf 76' lang='lat' dir='ltr'><strong>Sagittario</strong></span> <span class='ocrx_word' id='word_1_510' title='bbox 681 2110 780 2144; x_wconf 89' lang='lat' dir='ltr'><strong>Cephei</strong></span> <span class='ocrx_word' id='word_1_511' title='bbox 797 2117 894 2138; x_wconf 87' lang='lat' dir='ltr'><strong>manus</strong></span> <span class='ocrx_word' id='word_1_512' title='bbox 913 2110 985 2137; x_wconf 87' lang='lat' dir='ltr'><strong>oria-</strong></span> 
     </span>
    </p>
   </div>
   <div class='ocr_carea' id='block_1_68' title="bbox 1062 1470 1811 1508">
    <p class='ocr_par' dir='ltr' id='par_1_68' title="bbox 1062 1470 1811 1508">
     <span class='ocr_line' id='line_1_68' title="bbox 1062 1470 1811 1508; baseline -0.003 -10"><span class='ocrx_word' id='word_1_513' title='bbox 1062 1472 1108 1498; x_wconf 79' lang='grc' dir='ltr'><strong>Διὸ</strong></span> <span class='ocrx_word' id='word_1_514' title='bbox 1122 1471 1168 1498; x_wconf 80' lang='lat' dir='ltr'><strong>xui</strong></span> <span class='ocrx_word' id='word_1_515' title='bbox 1190 1473 1218 1498; x_wconf 82' lang='grc' dir='ltr'>ὲν</span> <span class='ocrx_word' id='word_1_516' title='bbox 1235 1473 1290 1503; x_wconf 79' lang='grc' dir='ltr'>τοῖς</span> <span class='ocrx_word' id='word_1_517' title='bbox 1315 1471 1445 1507; x_wconf 74' lang='grc' dir='ltr'>πρότερον</span> <span class='ocrx_word' id='word_1_518' title='bbox 1460 1471 1523 1508; x_wconf 73' lang='grc' dir='ltr'>περὶ</span> <span class='ocrx_word' id='word_1_519' title='bbox 1541 1471 1590 1507; x_wconf 79' lang='grc' dir='ltr'><strong>τὴν</strong></span> <span class='ocrx_word' id='word_1_520' title='bbox 1611 1470 1657 1497; x_wconf 73' lang='grc' dir='ltr'><strong>τοῦ</strong></span> <span class='ocrx_word' id='word_1_521' title='bbox 1676 1470 1811 1506; x_wconf 66' lang='grc' dir='ltr'>Σκορπίοο</span> 
     </span>
    </p>
   </div>
   <div class='ocr_carea' id='block_1_69' title="bbox 986 1510 1379 1554">
    <p class='ocr_par' dir='ltr' id='par_1_69' title="bbox 986 1510 1379 1554">
     <span class='ocr_line' id='line_1_69' title="bbox 986 1510 1379 1554; baseline 0.003 -10"><span class='ocrx_word' id='word_1_522' title='bbox 986 1510 1007 1539; x_wconf 78' lang='lat' dir='ltr'><strong><em>C</em></strong></span> <span class='ocrx_word' id='word_1_523' title='bbox 1024 1517 1155 1554; x_wconf 81' lang='grc' dir='ltr'>ἀνατολὴν</span> <span class='ocrx_word' id='word_1_524' title='bbox 1171 1519 1262 1553; x_wconf 82' lang='grc' dir='ltr'>ἀγνοεῖ</span> <span class='ocrx_word' id='word_1_525' title='bbox 1275 1519 1360 1553; x_wconf 79' lang='grc' dir='ltr'>λέγων</span> <span class='ocrx_word' id='word_1_526' title='bbox 1373 1527 1379 1534; x_wconf 94' lang='grc'><strong>·</strong></span> 
     </span>
    </p>
   </div>
   <div class='ocr_carea' id='block_1_70' title="bbox 1167 1594 1713 1630">
    <p class='ocr_par' dir='ltr' id='par_1_70' title="bbox 1167 1594 1713 1630">
     <span class='ocr_line' id='line_1_70' title="bbox 1167 1594 1713 1630; baseline -0.005 -6"><span class='ocrx_word' id='word_1_527' title='bbox 1271 1596 1351 1630; x_wconf 60' lang='grc' dir='ltr'><strong>Κάίγνι</strong></span> <span class='ocrx_word' id='word_1_528' title='bbox 1369 1595 1394 1622; x_wconf 78' lang='grc' dir='ltr'><strong>δ’</strong></span> <span class='ocrx_word' id='word_1_529' title='bbox 1407 1596 1510 1630; x_wconf 79' lang='grc' dir='ltr'><strong>ἑτέρης</strong></span> <span class='ocrx_word' id='word_1_530' title='bbox 1525 1594 1599 1629; x_wconf 81' lang='grc' dir='ltr'><strong>μετὰ</strong></span> <span class='ocrx_word' id='word_1_531' title='bbox 1614 1595 1713 1630; x_wconf 65' lang='grc' dir='ltr'>χειρές</span> 
     </span>
    </p>
   </div>
   <div class='ocr_carea' id='block_1_71' title="bbox 1169 1631 1448 1665">
    <p class='ocr_par' dir='ltr' id='par_1_71' title="bbox 1169 1631 1448 1665">
     <span class='ocr_line' id='line_1_71' title="bbox 1169 1631 1448 1665; baseline 0 -7"><span class='ocrx_word' id='word_1_532' title='bbox 1169 1632 1247 1664; x_wconf 82' lang='grc' dir='ltr'><strong>Τόξῳ</strong></span> <span class='ocrx_word' id='word_1_533' title='bbox 1262 1631 1448 1665; x_wconf 73' lang='grc' dir='ltr'><strong>ἀνέρχονται.</strong></span> 
     </span>
    </p>
   </div>
   <div class='ocr_carea' id='block_1_72' title="bbox 1028 1686 1724 1724">
    <p class='ocr_par' dir='ltr' id='par_1_72' title="bbox 1028 1686 1724 1724">
     <span class='ocr_line' id='line_1_72' title="bbox 1028 1686 1724 1724; baseline -0.001 -9"><span class='ocrx_word' id='word_1_534' title='bbox 1028 1688 1269 1724; x_wconf 77' lang='grc' dir='ltr'>Κατηκολούοηκεν</span> <span class='ocrx_word' id='word_1_535' title='bbox 1281 1688 1309 1714; x_wconf 81' lang='grc' dir='ltr'><strong>δὲ</strong></span> <span class='ocrx_word' id='word_1_536' title='bbox 1323 1688 1368 1714; x_wconf 82' lang='lat' dir='ltr'><strong>xui.</strong></span> <span class='ocrx_word' id='word_1_537' title='bbox 1381 1687 1451 1714; x_wconf 76' lang='grc' dir='ltr'><strong>κατὰ</strong></span> <span class='ocrx_word' id='word_1_538' title='bbox 1462 1687 1541 1713; x_wconf 80' lang='grc' dir='ltr'>τοῦτο</span> <span class='ocrx_word' id='word_1_539' title='bbox 1551 1687 1589 1722; x_wconf 83' lang='grc' dir='ltr'><strong>τῷ</strong></span> <span class='ocrx_word' id='word_1_540' title='bbox 1605 1686 1724 1722; x_wconf 79' lang='grc' dir='ltr'><strong>Εὐδόξῳ.</strong></span> 
     </span>
    </p>
   </div>
   <div class='ocr_carea' id='block_1_73' title="bbox 1064 1743 1816 1780">
    <p class='ocr_par' dir='ltr' id='par_1_73' title="bbox 1064 1743 1816 1780">
     <span class='ocr_line' id='line_1_73' title="bbox 1064 1743 1816 1780; baseline -0.004 -8"><span class='ocrx_word' id='word_1_541' title='bbox 1064 1745 1229 1780; x_wconf 69' lang='grc' dir='ltr'><strong>Διαφωνοῦσι</strong></span> <span class='ocrx_word' id='word_1_542' title='bbox 1244 1744 1272 1770; x_wconf 81' lang='grc' dir='ltr'><strong>δὲ</strong></span> <span class='ocrx_word' id='word_1_543' title='bbox 1286 1744 1352 1780; x_wconf 69' lang='grc' dir='ltr'><strong>πρὸς</strong></span> <span class='ocrx_word' id='word_1_544' title='bbox 1365 1744 1394 1771; x_wconf 82' lang='grc' dir='ltr'><strong>τὸ</strong></span> <span class='ocrx_word' id='word_1_545' title='bbox 1408 1743 1567 1779; x_wconf 83' lang='grc' dir='ltr'>φαινόμενον</span> <span class='ocrx_word' id='word_1_546' title='bbox 1579 1744 1626 1770; x_wconf 87' lang='lat' dir='ltr'><strong>xui</strong></span> <span class='ocrx_word' id='word_1_547' title='bbox 1639 1744 1668 1769; x_wconf 76' lang='grc' dir='ltr'>ὲν</span> <span class='ocrx_word' id='word_1_548' title='bbox 1680 1745 1738 1774; x_wconf 82' lang='grc' dir='ltr'>τοῖς</span> <span class='ocrx_word' id='word_1_549' title='bbox 1755 1744 1816 1778; x_wconf 73' lang='grc' dir='ltr'>περὶ</span> 
     </span>
    </p>
   </div>
   <div class='ocr_carea' id='block_1_74' title="bbox 1029 1788 1813 1825">
    <p class='ocr_par' dir='ltr' id='par_1_74' title="bbox 1029 1788 1813 1825">
     <span class='ocr_line' id='line_1_74' title="bbox 1029 1788 1813 1825; baseline -0.003 -8"><span class='ocrx_word' id='word_1_550' title='bbox 1029 1790 1075 1817; x_wconf 80' lang='grc' dir='ltr'><strong>τοῦ</strong></span> <span class='ocrx_word' id='word_1_551' title='bbox 1090 1791 1216 1825; x_wconf 78' lang='grc' dir='ltr'><strong>Κηφέως.</strong></span> <span class='ocrx_word' id='word_1_552' title='bbox 1232 1790 1269 1817; x_wconf 81' lang='grc' dir='ltr'><em>’Ἡ</em></span> <span class='ocrx_word' id='word_1_553' title='bbox 1289 1799 1319 1816; x_wconf 85' lang='grc' dir='ltr'>τε</span> <span class='ocrx_word' id='word_1_554' title='bbox 1339 1789 1393 1824; x_wconf 83' lang='grc' dir='ltr'>γὰρ</span> <span class='ocrx_word' id='word_1_555' title='bbox 1409 1789 1514 1824; x_wconf 76' lang='grc' dir='ltr'>κεφαλὴ</span> <span class='ocrx_word' id='word_1_556' title='bbox 1530 1788 1612 1816; x_wconf 76' lang='grc' dir='ltr'>αὐτοῦ</span> <span class='ocrx_word' id='word_1_557' title='bbox 1631 1789 1711 1824; x_wconf 84' lang='grc' dir='ltr'>μόνον</span> <span class='ocrx_word' id='word_1_558' title='bbox 1728 1788 1813 1818; x_wconf 77' lang='grc' dir='ltr'>δύνει,</span> 
     </span>
    </p>
   </div>
   <div class='ocr_carea' id='block_1_75' title="bbox 1030 1832 1814 1870">
    <p class='ocr_par' dir='ltr' id='par_1_75' title="bbox 1030 1832 1814 1870">
     <span class='ocr_line' id='line_1_75' title="bbox 1030 1832 1814 1870; baseline -0.004 -7"><span class='ocrx_word' id='word_1_559' title='bbox 1030 1837 1077 1863; x_wconf 82' lang='lat' dir='ltr'><strong>xui</strong></span> <span class='ocrx_word' id='word_1_560' title='bbox 1093 1835 1245 1863; x_wconf 76' lang='grc' dir='ltr'><strong>ἀνατέλλει·</strong></span> <span class='ocrx_word' id='word_1_561' title='bbox 1267 1835 1291 1862; x_wconf 76' lang='grc' dir='ltr'>οἱ</span> <span class='ocrx_word' id='word_1_562' title='bbox 1306 1835 1334 1862; x_wconf 77' lang='grc' dir='ltr'><strong>δὲ</strong></span> <span class='ocrx_word' id='word_1_563' title='bbox 1354 1832 1422 1870; x_wconf 79' lang='grc' dir='ltr'>ὦμοι</span> <span class='ocrx_word' id='word_1_564' title='bbox 1441 1835 1488 1862; x_wconf 80' lang='grc' dir='ltr'>καὶ</span> <span class='ocrx_word' id='word_1_565' title='bbox 1503 1835 1533 1861; x_wconf 76' lang='grc' dir='ltr'><strong>τὸ</strong></span> <span class='ocrx_word' id='word_1_566' title='bbox 1554 1835 1650 1870; x_wconf 81' lang='grc' dir='ltr'><strong>στῆθος</strong></span> <span class='ocrx_word' id='word_1_567' title='bbox 1668 1836 1697 1861; x_wconf 79' lang='grc' dir='ltr'>ὲν</span> <span class='ocrx_word' id='word_1_568' title='bbox 1714 1834 1755 1869; x_wconf 80' lang='grc' dir='ltr'>τῷ</span> <span class='ocrx_word' id='word_1_569' title='bbox 1773 1835 1814 1860; x_wconf 67' lang='grc' dir='ltr'><strong>ἀεὶ</strong></span> 
     </span>
    </p>
   </div>
   <div class='ocr_carea' id='block_1_76' title="bbox 1031 1880 1815 1918">
    <p class='ocr_par' dir='ltr' id='par_1_76' title="bbox 1031 1880 1815 1918">
     <span class='ocr_line' id='line_1_76' title="bbox 1031 1880 1815 1918; baseline -0.003 -10"><span class='ocrx_word' id='word_1_570' title='bbox 1031 1881 1140 1918; x_wconf 82' lang='grc' dir='ltr'><strong>φανερῷ</strong></span> <span class='ocrx_word' id='word_1_571' title='bbox 1151 1883 1274 1917; x_wconf 82' lang='grc' dir='ltr'>τμήματι</span> <span class='ocrx_word' id='word_1_572' title='bbox 1287 1881 1424 1917; x_wconf 82' lang='grc' dir='ltr'>φέρονται.</span> <span class='ocrx_word' id='word_1_573' title='bbox 1441 1881 1532 1917; x_wconf 85' lang='grc' dir='ltr'>Χωρις</span> <span class='ocrx_word' id='word_1_574' title='bbox 1552 1889 1581 1907; x_wconf 86' lang='grc' dir='ltr'>τε</span> <span class='ocrx_word' id='word_1_575' title='bbox 1599 1880 1702 1907; x_wconf 78' lang='grc' dir='ltr'><strong>τούτων</strong></span> <span class='ocrx_word' id='word_1_576' title='bbox 1719 1880 1774 1907; x_wconf 78' lang='grc' dir='ltr'>τῶν</span> <span class='ocrx_word' id='word_1_577' title='bbox 1788 1881 1815 1906; x_wconf 74' lang='grc' dir='ltr'>ὲν</span> 
     </span>
    </p>
   </div>
   <div class='ocr_carea' id='block_1_77' title="bbox 1031 1926 1816 1963">
    <p class='ocr_par' dir='ltr' id='par_1_77' title="bbox 1031 1926 1816 1963">
     <span class='ocr_line' id='line_1_77' title="bbox 1031 1926 1816 1963; baseline -0.004 -8"><span class='ocrx_word' id='word_1_578' title='bbox 1031 1929 1064 1963; x_wconf 82' lang='grc' dir='ltr'>τῇ</span> <span class='ocrx_word' id='word_1_579' title='bbox 1079 1928 1181 1963; x_wconf 72' lang='grc' dir='ltr'>κεφαλῇ</span> <span class='ocrx_word' id='word_1_580' title='bbox 1201 1927 1282 1954; x_wconf 84' lang='grc' dir='ltr'>αὑτοῦ</span> <span class='ocrx_word' id='word_1_581' title='bbox 1295 1927 1417 1962; x_wconf 78' lang='grc' dir='ltr'><strong>ἀστέρων</strong></span> <span class='ocrx_word' id='word_1_582' title='bbox 1430 1928 1444 1954; x_wconf 85' lang='grc' dir='ltr'>ὁ</span> <span class='ocrx_word' id='word_1_583' title='bbox 1460 1927 1508 1962; x_wconf 83' lang='grc' dir='ltr'>μὲν</span> <span class='ocrx_word' id='word_1_584' title='bbox 1524 1926 1730 1962; x_wconf 78' lang='grc' dir='ltr'><strong>προηγούμενος</strong></span> <span class='ocrx_word' id='word_1_585' title='bbox 1745 1928 1777 1961; x_wconf 81' lang='grc' dir='ltr'>τῇ</span> <span class='ocrx_word' id='word_1_586' title='bbox 1794 1929 1816 1961; x_wconf 69' lang='grc' dir='ltr'><strong>η’</strong></span> 
     </span>
    </p>
   </div>
   <div class='ocr_carea' id='block_1_78' title="bbox 1032 1971 1818 2008">
    <p class='ocr_par' dir='ltr' id='par_1_78' title="bbox 1032 1971 1818 2008">
     <span class='ocr_line' id='line_1_78' title="bbox 1032 1971 1818 2008; baseline -0.001 -9"><span class='ocrx_word' id='word_1_587' title='bbox 1032 1973 1079 2000; x_wconf 84' lang='lat' dir='ltr'><strong>xui</strong></span> <span class='ocrx_word' id='word_1_588' title='bbox 1103 1976 1127 2000; x_wconf 81' lang='grc' dir='ltr'><strong>κ’</strong></span> <span class='ocrx_word' id='word_1_589' title='bbox 1143 1972 1197 2008; x_wconf 84' lang='grc' dir='ltr'>μοι.</span> <span class='ocrx_word' id='word_1_590' title='bbox 1213 1971 1260 1999; x_wconf 83' lang='grc' dir='ltr'><strong>τοῦ</strong></span> <span class='ocrx_word' id='word_1_591' title='bbox 1279 1973 1412 2008; x_wconf 79' lang='grc' dir='ltr'><strong>Σκορπίου</strong></span> <span class='ocrx_word' id='word_1_592' title='bbox 1430 1972 1619 2005; x_wconf 82' lang='grc' dir='ltr'>συνανατέλλει</span> <span class='ocrx_word' id='word_1_593' title='bbox 1632 1979 1640 1987; x_wconf 92' lang='grc'><strong>·</strong></span> <span class='ocrx_word' id='word_1_594' title='bbox 1657 1972 1672 1997; x_wconf 86' lang='grc' dir='ltr'>ὀ</span> <span class='ocrx_word' id='word_1_595' title='bbox 1691 1972 1722 1998; x_wconf 77' lang='grc' dir='ltr'><strong>δὲ</strong></span> <span class='ocrx_word' id='word_1_596' title='bbox 1739 1971 1818 2007; x_wconf 74' lang='grc' dir='ltr'><strong>ἔσχα-</strong></span> 
     </span>
    </p>
   </div>
   <div class='ocr_carea' id='block_1_79' title="bbox 1032 2018 1819 2055">
    <p class='ocr_par' dir='ltr' id='par_1_79' title="bbox 1032 2018 1819 2055">
     <span class='ocr_line' id='line_1_79' title="bbox 1032 2018 1819 2055; baseline -0.003 -9"><span class='ocrx_word' id='word_1_597' title='bbox 1032 2028 1077 2051; x_wconf 82' lang='grc' dir='ltr'><strong>τος</strong></span> <span class='ocrx_word' id='word_1_598' title='bbox 1089 2019 1303 2055; x_wconf 79' lang='grc' dir='ltr'>ἀναφερόμενος,</span> <span class='ocrx_word' id='word_1_599' title='bbox 1319 2020 1367 2046; x_wconf 77' lang='grc' dir='ltr'><strong>καὶ</strong></span> <span class='ocrx_word' id='word_1_600' title='bbox 1382 2019 1539 2054; x_wconf 75' lang='grc' dir='ltr'>νοτιώτερος</span> <span class='ocrx_word' id='word_1_601' title='bbox 1554 2018 1592 2044; x_wconf 86' lang='grc' dir='ltr'>ὣν</span> <span class='ocrx_word' id='word_1_602' title='bbox 1607 2018 1661 2044; x_wconf 78' lang='grc' dir='ltr'><strong>τῶν</strong></span> <span class='ocrx_word' id='word_1_603' title='bbox 1678 2019 1709 2045; x_wconf 84' lang='grc' dir='ltr'>ἐν</span> <span class='ocrx_word' id='word_1_604' title='bbox 1727 2019 1760 2053; x_wconf 84' lang='grc' dir='ltr'><strong>τῇ</strong></span> <span class='ocrx_word' id='word_1_605' title='bbox 1776 2027 1819 2045; x_wconf 77' lang='grc' dir='ltr'><strong>κε-</strong></span> 
     </span>
    </p>
   </div>
   <div class='ocr_carea' id='block_1_80' title="bbox 1033 2063 1819 2100">
    <p class='ocr_par' dir='ltr' id='par_1_80' title="bbox 1033 2063 1819 2100">
     <span class='ocr_line' id='line_1_80' title="bbox 1033 2063 1819 2100; baseline -0.003 -9"><span class='ocrx_word' id='word_1_606' title='bbox 1033 2064 1104 2100; x_wconf 84' lang='grc' dir='ltr'>φαλῇ</span> <span class='ocrx_word' id='word_1_607' title='bbox 1126 2064 1312 2091; x_wconf 77' lang='grc' dir='ltr'>συνανατέλλει</span> <span class='ocrx_word' id='word_1_608' title='bbox 1331 2063 1371 2099; x_wconf 77' lang='grc' dir='ltr'><strong>τῷ</strong></span> <span class='ocrx_word' id='word_1_609' title='bbox 1391 2063 1491 2099; x_wconf 83' lang='grc' dir='ltr'><strong>Τοξότῃ</strong></span> <span class='ocrx_word' id='word_1_610' title='bbox 1512 2067 1537 2095; x_wconf 81' lang='grc' dir='ltr'><strong>ς’</strong></span> <span class='ocrx_word' id='word_1_611' title='bbox 1554 2063 1608 2098; x_wconf 67' lang='grc' dir='ltr'>μοι.</span> <span class='ocrx_word' id='word_1_612' title='bbox 1630 2063 1702 2098; x_wconf 77' lang='grc' dir='ltr'><strong>μέσῃ</strong></span> <span class='ocrx_word' id='word_1_613' title='bbox 1715 2071 1724 2078; x_wconf 90' lang='grc'><strong>·</strong></span> <span class='ocrx_word' id='word_1_614' title='bbox 1752 2063 1819 2089; x_wconf 75' lang='grc' dir='ltr'><strong>ὥστε</strong></span> 
     </span>
    </p>
   </div>
   <div class='ocr_carea' id='block_1_81' title="bbox 1036 2107 1820 2146">
    <p class='ocr_par' dir='ltr' id='par_1_81' title="bbox 1036 2107 1820 2146">
     <span class='ocr_line' id='line_1_81' title="bbox 1036 2107 1820 2146; baseline -0.005 -9"><span class='ocrx_word' id='word_1_615' title='bbox 1036 2111 1073 2146; x_wconf 88' lang='grc' dir='ltr'>μὴ</span> <span class='ocrx_word' id='word_1_616' title='bbox 1094 2110 1173 2146; x_wconf 88' lang='grc' dir='ltr'>μόνον</span> <span class='ocrx_word' id='word_1_617' title='bbox 1196 2109 1234 2145; x_wconf 79' lang='grc' dir='ltr'><strong>τῷ</strong></span> <span class='ocrx_word' id='word_1_618' title='bbox 1259 2110 1385 2145; x_wconf 82' lang='grc' dir='ltr'><strong>Σκορπίῳ</strong></span> <span class='ocrx_word' id='word_1_619' title='bbox 1410 2109 1459 2145; x_wconf 85' lang='grc' dir='ltr'><strong>τὴν</strong></span> <span class='ocrx_word' id='word_1_620' title='bbox 1485 2108 1603 2144; x_wconf 80' lang='grc' dir='ltr'>κεφαλὴν</span> <span class='ocrx_word' id='word_1_621' title='bbox 1626 2107 1675 2134; x_wconf 81' lang='grc' dir='ltr'><strong>τοῦ</strong></span> <span class='ocrx_word' id='word_1_622' title='bbox 1702 2108 1820 2143; x_wconf 72' lang='grc' dir='ltr'><strong>Κηφέως</strong></span> 
     </span>
    </p>
   </div>
   <div class='ocr_carea' id='block_1_82' title="bbox 202 2153 976 2190">
    <p class='ocr_par' dir='ltr' id='par_1_82' title="bbox 202 2153 976 2190">
     <span class='ocr_line' id='line_1_82' title="bbox 202 2153 976 2190; baseline 0.003 -10"><span class='ocrx_word' id='word_1_623' title='bbox 202 2157 258 2181; x_wconf 88' lang='lat' dir='ltr'><strong>tur.</strong></span> <span class='ocrx_word' id='word_1_624' title='bbox 272 2153 307 2180; x_wconf 83' lang='lat' dir='ltr'><strong>At</strong></span> <span class='ocrx_word' id='word_1_625' title='bbox 323 2153 439 2183; x_wconf 85' lang='lat' dir='ltr'><strong>Perseus</strong></span> <span class='ocrx_word' id='word_1_626' title='bbox 460 2163 520 2182; x_wconf 89' lang='lat' dir='ltr'><strong>cum</strong></span> <span class='ocrx_word' id='word_1_627' title='bbox 535 2154 649 2190; x_wconf 90' lang='lat' dir='ltr'><strong>Scorpio</strong></span> <span class='ocrx_word' id='word_1_628' title='bbox 666 2159 740 2183; x_wconf 90' lang='lat' dir='ltr'><strong>totus</strong></span> <span class='ocrx_word' id='word_1_629' title='bbox 750 2164 781 2182; x_wconf 79' lang='lat' dir='ltr'><strong>ex</strong></span> <span class='ocrx_word' id='word_1_630' title='bbox 798 2156 915 2183; x_wconf 87' lang='lat' dir='ltr'><strong>adverso</strong></span> <span class='ocrx_word' id='word_1_631' title='bbox 935 2155 976 2183; x_wconf 84' lang='lat' dir='ltr'><strong>de-</strong></span> 
     </span>
    </p>
   </div>
   <div class='ocr_carea' id='block_1_83' title="bbox 1041 2153 1821 2190">
    <p class='ocr_par' dir='ltr' id='par_1_83' title="bbox 1041 2153 1821 2190">
     <span class='ocr_line' id='line_1_83' title="bbox 1041 2153 1821 2190; baseline -0.004 -8"><span class='ocrx_word' id='word_1_632' title='bbox 1041 2154 1247 2187; x_wconf 74' lang='grc' dir='ltr'>ςυνανατέλλειν,</span> <span class='ocrx_word' id='word_1_633' title='bbox 1265 2154 1331 2181; x_wconf 74' lang='grc' dir='ltr'>ἀλλὰ</span> <span class='ocrx_word' id='word_1_634' title='bbox 1351 2154 1398 2181; x_wconf 85' lang='lat' dir='ltr'><strong>xui</strong></span> <span class='ocrx_word' id='word_1_635' title='bbox 1413 2154 1452 2190; x_wconf 83' lang='grc' dir='ltr'><strong>τῷ</strong></span> <span class='ocrx_word' id='word_1_636' title='bbox 1471 2153 1582 2190; x_wconf 79' lang='grc' dir='ltr'><strong>Τοξότῃ.</strong></span> <span class='ocrx_word' id='word_1_637' title='bbox 1603 2154 1632 2180; x_wconf 87' lang='grc' dir='ltr'><strong>Ὀ</strong></span> <span class='ocrx_word' id='word_1_638' title='bbox 1651 2153 1680 2179; x_wconf 86' lang='grc' dir='ltr'>δὲ</span> <span class='ocrx_word' id='word_1_639' title='bbox 1698 2155 1821 2189; x_wconf 71' lang='grc' dir='ltr'>Περσεὺς</span> 
     </span>
    </p>
   </div>
   <div class='ocr_carea' id='block_1_84' title="bbox 204 2189 976 2238">
    <p class='ocr_par' dir='ltr' id='par_1_84' title="bbox 204 2189 976 2236">
     <span class='ocr_line' id='line_1_84' title="bbox 204 2189 976 2236; baseline 0.001 -8"><span class='ocrx_word' id='word_1_640' title='bbox 204 2200 311 2228; x_wconf 80' lang='lat' dir='ltr'><strong>scendit</strong></span> <span class='ocrx_word' id='word_1_641' title='bbox 326 2210 332 2227; x_wconf 94' lang='lat'>:</span> <span class='ocrx_word' id='word_1_642' title='bbox 351 2208 416 2234; x_wconf 86' lang='lat' dir='ltr'><strong>non,</strong></span> <span class='ocrx_word' id='word_1_643' title='bbox 431 2205 460 2228; x_wconf 87' lang='lat' dir='ltr'><strong>ut</strong></span> <span class='ocrx_word' id='word_1_644' title='bbox 471 2201 525 2228; x_wconf 85' lang='lat' dir='ltr'><strong>illis</strong></span> <span class='ocrx_word' id='word_1_645' title='bbox 537 2189 656 2234; x_wconf 78' lang='lat' dir='ltr'><strong>videtur,</strong></span> <span class='ocrx_word' id='word_1_646' title='bbox 672 2201 768 2228; x_wconf 85' lang='lat' dir='ltr'><strong>dexter</strong></span> <span class='ocrx_word' id='word_1_647' title='bbox 783 2209 831 2236; x_wconf 89' lang='lat' dir='ltr'><strong>pes</strong></span> <span class='ocrx_word' id='word_1_648' title='bbox 845 2201 976 2229; x_wconf 83' lang='lat' dir='ltr'><strong>dextrum-</strong></span> 
     </span>
    </p>
   </div>
   <div class='ocr_carea' id='block_1_85' title="bbox 1041 2189 1822 2238">
    <p class='ocr_par' dir='ltr' id='par_1_85' title="bbox 1041 2189 1822 2238">
     <span class='ocr_line' id='line_1_85' title="bbox 1041 2189 1822 2238; baseline -0.006 -8"><span class='ocrx_word' id='word_1_649' title='bbox 1041 2203 1094 2234; x_wconf 71' lang='grc' dir='ltr'>Ξλος</span> <span class='ocrx_word' id='word_1_650' title='bbox 1115 2201 1154 2238; x_wconf 86' lang='grc' dir='ltr'><strong>τῷ</strong></span> <span class='ocrx_word' id='word_1_651' title='bbox 1183 2202 1308 2238; x_wconf 76' lang='grc' dir='ltr'>Σκορπιῳ</span> <span class='ocrx_word' id='word_1_652' title='bbox 1331 2189 1598 2228; x_wconf 51' lang='grc' dir='ltr'>συναντιδιαταδύνει·</span> <span class='ocrx_word' id='word_1_653' title='bbox 1627 2200 1675 2226; x_wconf 77' lang='grc' dir='ltr'><strong>καὶ</strong></span> <span class='ocrx_word' id='word_1_654' title='bbox 1694 2200 1763 2235; x_wconf 68' lang='grc' dir='ltr'><strong>οἰχ,</strong></span> <span class='ocrx_word' id='word_1_655' title='bbox 1786 2200 1822 2231; x_wconf 80' lang='grc' dir='ltr'><strong>ὡς</strong></span> 
     </span>
    </p>
   </div>
   <div class='ocr_carea' id='block_1_86' title="bbox 204 2247 771 2282">
    <p class='ocr_par' dir='ltr' id='par_1_86' title="bbox 204 2247 771 2282">
     <span class='ocr_line' id='line_1_86' title="bbox 204 2247 771 2282; baseline 0.002 -8"><span class='ocrx_word' id='word_1_656' title='bbox 204 2254 257 2282; x_wconf 89' lang='lat' dir='ltr'><strong>que</strong></span> <span class='ocrx_word' id='word_1_657' title='bbox 272 2254 340 2281; x_wconf 77' lang='lat' dir='ltr'><strong>genu</strong></span> <span class='ocrx_word' id='word_1_658' title='bbox 355 2247 460 2274; x_wconf 86' lang='lat' dir='ltr'><strong>oriente</strong></span> <span class='ocrx_word' id='word_1_659' title='bbox 471 2247 618 2282; x_wconf 79' lang='lat' dir='ltr'><strong>Sagittario</strong></span> <span class='ocrx_word' id='word_1_660' title='bbox 635 2247 771 2275; x_wconf 88' lang='lat' dir='ltr'><strong>conditur.</strong></span> 
     </span>
    </p>
   </div>
   <div class='ocr_carea' id='block_1_87' title="bbox 242 2335 988 2373">
    <p class='ocr_par' dir='ltr' id='par_1_87' title="bbox 242 2335 988 2373">
     <span class='ocr_line' id='line_1_87' title="bbox 242 2335 988 2373; baseline 0.001 -10"><span class='ocrx_word' id='word_1_661' title='bbox 242 2335 343 2364; x_wconf 83' lang='lat' dir='ltr'><strong>Praeter</strong></span> <span class='ocrx_word' id='word_1_662' title='bbox 362 2337 420 2364; x_wconf 69' lang='lat' dir='ltr'><strong>haec</strong></span> <span class='ocrx_word' id='word_1_663' title='bbox 437 2337 464 2364; x_wconf 93' lang='lat' dir='ltr'><strong>in</strong></span> <span class='ocrx_word' id='word_1_664' title='bbox 480 2337 553 2373; x_wconf 88' lang='lat' dir='ltr'><strong>Argo</strong></span> <span class='ocrx_word' id='word_1_665' title='bbox 571 2338 640 2373; x_wconf 79' lang='lat' dir='ltr'><strong>fugit</strong></span> <span class='ocrx_word' id='word_1_666' title='bbox 655 2337 716 2366; x_wconf 90' lang='lat' dir='ltr'><strong>illos</strong></span> <span class='ocrx_word' id='word_1_667' title='bbox 736 2337 816 2365; x_wconf 86' lang='lat' dir='ltr'><strong>ratio.</strong></span> <span class='ocrx_word' id='word_1_668' title='bbox 833 2336 897 2364; x_wconf 75' lang='lat' dir='ltr'><strong>Haec</strong></span> <span class='ocrx_word' id='word_1_669' title='bbox 915 2336 988 2364; x_wconf 89' lang='lat' dir='ltr'><strong>enim</strong></span> 
     </span>
    </p>
   </div>
   <div class='ocr_carea' id='block_1_88' title="bbox 206 2382 988 2418">
    <p class='ocr_par' dir='ltr' id='par_1_88' title="bbox 206 2382 988 2418">
     <span class='ocr_line' id='line_1_88' title="bbox 206 2382 988 2418; baseline -0.003 -7"><span class='ocrx_word' id='word_1_670' title='bbox 206 2390 240 2411; x_wconf 79' lang='lat' dir='ltr'><strong>ex</strong></span> <span class='ocrx_word' id='word_1_671' title='bbox 260 2383 383 2418; x_wconf 83' lang='lat' dir='ltr'><strong>oppOsita</strong></span> <span class='ocrx_word' id='word_1_672' title='bbox 399 2387 475 2416; x_wconf 85' lang='lat' dir='ltr'><strong>parte</strong></span> <span class='ocrx_word' id='word_1_673' title='bbox 489 2383 590 2412; x_wconf 86' lang='lat' dir='ltr'><strong>cadere</strong></span> <span class='ocrx_word' id='word_1_674' title='bbox 605 2383 711 2418; x_wconf 89' lang='lat' dir='ltr'><strong>incipit,</strong></span> <span class='ocrx_word' id='word_1_675' title='bbox 732 2383 884 2411; x_wconf 89' lang='lat' dir='ltr'><strong>orientibus</strong></span> <span class='ocrx_word' id='word_1_676' title='bbox 897 2382 988 2410; x_wconf 85' lang='lat' dir='ltr'><strong>Chelis</strong></span> 
     </span>
    </p>
   </div>
   <div class='ocr_carea' id='block_1_89' title="bbox 208 2428 988 2464">
    <p class='ocr_par' dir='ltr' id='par_1_89' title="bbox 208 2428 988 2464">
     <span class='ocr_line' id='line_1_89' title="bbox 208 2428 988 2464; baseline -0.004 -7"><span class='ocrx_word' id='word_1_677' title='bbox 208 2429 315 2460; x_wconf 88' lang='lat' dir='ltr'><strong>mediis,</strong></span> <span class='ocrx_word' id='word_1_678' title='bbox 337 2437 391 2456; x_wconf 91' lang='lat' dir='ltr'><strong>non</strong></span> <span class='ocrx_word' id='word_1_679' title='bbox 421 2428 545 2464; x_wconf 88' lang='lat' dir='ltr'><strong>Scorpio.</strong></span> <span class='ocrx_word' id='word_1_680' title='bbox 569 2429 717 2464; x_wconf 86' lang='lat' dir='ltr'><strong>Oportebat</strong></span> <span class='ocrx_word' id='word_1_681' title='bbox 737 2437 801 2464; x_wconf 79' lang='lat' dir='ltr'><strong>ergo</strong></span> <span class='ocrx_word' id='word_1_682' title='bbox 815 2428 988 2456; x_wconf 86' lang='lat' dir='ltr'><strong>commodum</strong></span> 
     </span>
    </p>
   </div>
   <div class='ocr_carea' id='block_1_90' title="bbox 208 2474 988 2512">
    <p class='ocr_par' dir='ltr' id='par_1_90' title="bbox 208 2474 988 2512">
     <span class='ocr_line' id='line_1_90' title="bbox 208 2474 988 2512; baseline 0 -10"><span class='ocrx_word' id='word_1_683' title='bbox 208 2474 315 2503; x_wconf 89' lang='lat' dir='ltr'><strong>oriente</strong></span> <span class='ocrx_word' id='word_1_684' title='bbox 333 2474 458 2510; x_wconf 81' lang='lat' dir='ltr'><strong>Scorpio,</strong></span> <span class='ocrx_word' id='word_1_685' title='bbox 477 2476 533 2510; x_wconf 75' lang='lat' dir='ltr'><strong>jam</strong></span> <span class='ocrx_word' id='word_1_686' title='bbox 549 2475 638 2510; x_wconf 81' lang='lat' dir='ltr'><strong>Argus</strong></span> <span class='ocrx_word' id='word_1_687' title='bbox 663 2475 774 2512; x_wconf 83' lang='lat' dir='ltr'><strong>puppim</strong></span> <span class='ocrx_word' id='word_1_688' title='bbox 797 2475 931 2503; x_wconf 84' lang='lat' dir='ltr'><strong>occidisse</strong></span> <span class='ocrx_word' id='word_1_689' title='bbox 945 2474 988 2502; x_wconf 87' lang='lat' dir='ltr'><strong>di-</strong></span> 
     </span>
    </p>
   </div>
   <div class='ocr_carea' id='block_1_91' title="bbox 207 2521 853 2555">
    <p class='ocr_par' dir='ltr' id='par_1_91' title="bbox 207 2521 853 2555">
     <span class='ocr_line' id='line_1_91' title="bbox 207 2521 853 2555; baseline 0.002 -7"><span class='ocrx_word' id='word_1_690' title='bbox 207 2528 282 2552; x_wconf 85' lang='lat' dir='ltr'><strong>cere,</strong></span> <span class='ocrx_word' id='word_1_691' title='bbox 295 2528 349 2548; x_wconf 91' lang='lat' dir='ltr'><strong>non</strong></span> <span class='ocrx_word' id='word_1_692' title='bbox 364 2521 529 2549; x_wconf 85' lang='lat' dir='ltr'><strong>ascendente</strong></span> <span class='ocrx_word' id='word_1_693' title='bbox 543 2522 699 2555; x_wconf 66' lang='lat' dir='ltr'><strong>Sagittario.</strong></span> <span class='ocrx_word' id='word_1_694' title='bbox 850 2549 853 2553; x_wconf 35' lang='grc' dir='ltr'>λ</span> 
     </span>
    </p>
   </div>
   <div class='ocr_carea' id='block_1_92' title="bbox 244 2566 991 2603">
    <p class='ocr_par' dir='ltr' id='par_1_92' title="bbox 244 2566 991 2603">
     <span class='ocr_line' id='line_1_92' title="bbox 244 2566 991 2603; baseline 0 -9"><span class='ocrx_word' id='word_1_695' title='bbox 244 2566 312 2594; x_wconf 80' lang='lat' dir='ltr'><strong>Xlll.</strong></span> <span class='ocrx_word' id='word_1_696' title='bbox 323 2566 429 2595; x_wconf 75' lang='lat' dir='ltr'><strong>Rursus</strong></span> <span class='ocrx_word' id='word_1_697' title='bbox 444 2567 610 2603; x_wconf 85' lang='lat' dir='ltr'><strong>Capricorno</strong></span> <span class='ocrx_word' id='word_1_698' title='bbox 623 2569 649 2595; x_wconf 94' lang='lat' dir='ltr'><strong>in</strong></span> <span class='ocrx_word' id='word_1_699' title='bbox 664 2569 769 2596; x_wconf 85' lang='lat' dir='ltr'><strong>oriente</strong></span> <span class='ocrx_word' id='word_1_700' title='bbox 782 2568 882 2603; x_wconf 80' lang='lat' dir='ltr'><strong>pesito,</strong></span> <span class='ocrx_word' id='word_1_701' title='bbox 895 2567 991 2595; x_wconf 85' lang='lat' dir='ltr'><strong>adver-</strong></span> 
     </span>
    </p>
   </div>
   <div class='ocr_carea' id='block_1_93' title="bbox 209 2614 992 2650">
    <p class='ocr_par' dir='ltr' id='par_1_93' title="bbox 209 2614 992 2650">
     <span class='ocr_line' id='line_1_93' title="bbox 209 2614 992 2650; baseline -0.003 -8"><span class='ocrx_word' id='word_1_702' title='bbox 209 2621 269 2642; x_wconf 85' lang='lat' dir='ltr'><strong>sam</strong></span> <span class='ocrx_word' id='word_1_703' title='bbox 284 2614 408 2642; x_wconf 86' lang='lat' dir='ltr'><strong>occidere</strong></span> <span class='ocrx_word' id='word_1_704' title='bbox 430 2614 576 2649; x_wconf 80' lang='lat' dir='ltr'><strong>Sagittario</strong></span> <span class='ocrx_word' id='word_1_705' title='bbox 592 2616 687 2643; x_wconf 87' lang='lat' dir='ltr'><strong>dicunt</strong></span> <span class='ocrx_word' id='word_1_706' title='bbox 703 2616 777 2650; x_wconf 86' lang='lat' dir='ltr'><strong>Argo</strong></span> <span class='ocrx_word' id='word_1_707' title='bbox 799 2615 948 2649; x_wconf 79' lang='lat' dir='ltr'><strong>integram.</strong></span> <span class='ocrx_word' id='word_1_708' title='bbox 965 2618 992 2641; x_wconf 88' lang='lat' dir='ltr'><strong>et</strong></span> 
     </span>
    </p>
   </div>
   <div class='ocr_carea' id='block_1_94' title="bbox 211 2658 990 2696">
    <p class='ocr_par' dir='ltr' id='par_1_94' title="bbox 211 2658 990 2696">
     <span class='ocr_line' id='line_1_94' title="bbox 211 2658 990 2696; baseline -0.001 -11"><span class='ocrx_word' id='word_1_709' title='bbox 211 2658 375 2694; x_wconf 80' lang='lat' dir='ltr'><strong>Procynem;</strong></span> <span class='ocrx_word' id='word_1_710' title='bbox 387 2659 451 2686; x_wconf 93' lang='lat' dir='ltr'><strong>oriri</strong></span> <span class='ocrx_word' id='word_1_711' title='bbox 463 2665 552 2688; x_wconf 89' lang='lat' dir='ltr'><strong>autem</strong></span> <span class='ocrx_word' id='word_1_712' title='bbox 562 2661 665 2696; x_wconf 84' lang='lat' dir='ltr'><strong>pariter</strong></span> <span class='ocrx_word' id='word_1_713' title='bbox 676 2660 809 2695; x_wconf 82' lang='lat' dir='ltr'><strong>Cygnum,</strong></span> <span class='ocrx_word' id='word_1_714' title='bbox 819 2663 846 2686; x_wconf 90' lang='lat' dir='ltr'><strong>et</strong></span> <span class='ocrx_word' id='word_1_715' title='bbox 854 2658 990 2693; x_wconf 83' lang='lat' dir='ltr'><strong>Aquilam,</strong></span> 
     </span>
    </p>
   </div>
   <div class='ocr_carea' id='block_1_95' title="bbox 211 2703 992 2740">
    <p class='ocr_par' dir='ltr' id='par_1_95' title="bbox 211 2703 992 2740">
     <span class='ocr_line' id='line_1_95' title="bbox 211 2703 992 2740; baseline 0 -10"><span class='ocrx_word' id='word_1_716' title='bbox 211 2703 343 2740; x_wconf 77' lang='lat' dir='ltr'><strong>Sagittam</strong></span> <span class='ocrx_word' id='word_1_717' title='bbox 358 2705 601 2734; x_wconf 83' lang='lat' dir='ltr'><strong>acIThuribulum.</strong></span> <span class='ocrx_word' id='word_1_718' title='bbox 632 2706 670 2733; x_wconf 78' lang='lat' dir='ltr'><strong>Ex</strong></span> <span class='ocrx_word' id='word_1_719' title='bbox 696 2706 740 2732; x_wconf 91' lang='lat' dir='ltr'><strong>his</strong></span> <span class='ocrx_word' id='word_1_720' title='bbox 759 2709 856 2732; x_wconf 71' lang='lat' dir='ltr'><strong>caetera</strong></span> <span class='ocrx_word' id='word_1_721' title='bbox 882 2704 992 2739; x_wconf 89' lang='lat' dir='ltr'><strong>quidem</strong></span> 
     </span>
    </p>
   </div>
   <div class='ocr_carea' id='block_1_96' title="bbox 212 2750 991 2785">
    <p class='ocr_par' dir='ltr' id='par_1_96' title="bbox 212 2750 991 2785">
     <span class='ocr_line' id='line_1_96' title="bbox 212 2750 991 2785; baseline 0 -9"><span class='ocrx_word' id='word_1_722' title='bbox 212 2751 406 2784; x_wconf 81' lang='lat' dir='ltr'><strong>apparentibus</strong></span> <span class='ocrx_word' id='word_1_723' title='bbox 419 2757 602 2780; x_wconf 84' lang='lat' dir='ltr'><strong>consentanea</strong></span> <span class='ocrx_word' id='word_1_724' title='bbox 615 2752 754 2779; x_wconf 86' lang='lat' dir='ltr'><strong>dicuntur.</strong></span> <span class='ocrx_word' id='word_1_725' title='bbox 765 2751 802 2778; x_wconf 90' lang='lat' dir='ltr'><strong>De</strong></span> <span class='ocrx_word' id='word_1_726' title='bbox 817 2750 911 2785; x_wconf 85' lang='lat' dir='ltr'><strong>Cygno</strong></span> <span class='ocrx_word' id='word_1_727' title='bbox 931 2757 991 2777; x_wconf 88' lang='lat' dir='ltr'><strong>cum</strong></span> 
     </span>
    </p>
   </div>
   <div class='ocr_carea' id='block_1_97' title="bbox 214 2794 994 2830">
    <p class='ocr_par' dir='ltr' id='par_1_97' title="bbox 214 2794 994 2830">
     <span class='ocr_line' id='line_1_97' title="bbox 214 2794 994 2830; baseline 0 -9"><span class='ocrx_word' id='word_1_728' title='bbox 214 2799 328 2830; x_wconf 89' lang='lat' dir='ltr'><strong>uterque</strong></span> <span class='ocrx_word' id='word_1_729' title='bbox 344 2797 527 2825; x_wconf 87' lang='lat' dir='ltr'><strong>hallucinatus</strong></span> <span class='ocrx_word' id='word_1_730' title='bbox 541 2801 594 2830; x_wconf 78' lang='lat' dir='ltr'><strong>est,</strong></span> <span class='ocrx_word' id='word_1_731' title='bbox 628 2801 683 2823; x_wconf 78' lang='lat' dir='ltr'><strong>tum</strong></span> <span class='ocrx_word' id='word_1_732' title='bbox 703 2796 790 2823; x_wconf 88' lang='lat' dir='ltr'><strong>multo</strong></span> <span class='ocrx_word' id='word_1_733' title='bbox 800 2795 911 2830; x_wconf 79' lang='lat' dir='ltr'><strong>gravius</strong></span> <span class='ocrx_word' id='word_1_734' title='bbox 925 2794 994 2821; x_wconf 83' lang='lat' dir='ltr'><strong>Ara-</strong></span> 
     </span>
    </p>
   </div>
   <div class='ocr_carea' id='block_1_98' title="bbox 213 2841 991 2878">
    <p class='ocr_par' dir='ltr' id='par_1_98' title="bbox 213 2841 991 2878">
     <span class='ocr_line' id='line_1_98' title="bbox 213 2841 991 2878; baseline 0.001 -11"><span class='ocrx_word' id='word_1_735' title='bbox 213 2843 270 2868; x_wconf 82' lang='lat' dir='ltr'><strong>tus.</strong></span> <span class='ocrx_word' id='word_1_736' title='bbox 293 2841 359 2869; x_wconf 80' lang='lat' dir='ltr'><strong>Nam</strong></span> <span class='ocrx_word' id='word_1_737' title='bbox 381 2842 510 2870; x_wconf 74' lang='lat' dir='ltr'><strong>Eudoxus</strong></span> <span class='ocrx_word' id='word_1_738' title='bbox 528 2843 651 2871; x_wconf 80' lang='lat' dir='ltr'><strong>dextram</strong></span> <span class='ocrx_word' id='word_1_739' title='bbox 669 2843 738 2870; x_wconf 80' lang='lat' dir='ltr'><strong>alam</strong></span> <span class='ocrx_word' id='word_1_740' title='bbox 755 2842 839 2878; x_wconf 83' lang='lat' dir='ltr'><strong>Cygni</strong></span> <span class='ocrx_word' id='word_1_741' title='bbox 861 2842 991 2870; x_wconf 88' lang='lat' dir='ltr'><strong>orientem</strong></span> 
     </span>
    </p>
   </div>
   <div class='ocr_carea' id='block_1_99' title="bbox 1036 2244 1823 2281">
    <p class='ocr_par' dir='ltr' id='par_1_99' title="bbox 1036 2244 1823 2281">
     <span class='ocr_line' id='line_1_99' title="bbox 1036 2244 1823 2281; baseline -0.003 -8"><span class='ocrx_word' id='word_1_742' title='bbox 1036 2244 1109 2274; x_wconf 76' lang='grc' dir='ltr'>οὗτοί</span> <span class='ocrx_word' id='word_1_743' title='bbox 1126 2255 1218 2281; x_wconf 81' lang='grc' dir='ltr'>φασιν,</span> <span class='ocrx_word' id='word_1_744' title='bbox 1231 2248 1245 2274; x_wconf 82' lang='grc' dir='ltr'><strong>ό</strong></span> <span class='ocrx_word' id='word_1_745' title='bbox 1259 2246 1344 2280; x_wconf 76' lang='grc' dir='ltr'>δεξιὸς</span> <span class='ocrx_word' id='word_1_746' title='bbox 1357 2246 1424 2278; x_wconf 80' lang='grc' dir='ltr'><strong>ποῦς</strong></span> <span class='ocrx_word' id='word_1_747' title='bbox 1437 2246 1482 2272; x_wconf 77' lang='grc' dir='ltr'><strong>καὶ</strong></span> <span class='ocrx_word' id='word_1_748' title='bbox 1495 2245 1524 2272; x_wconf 82' lang='grc' dir='ltr'><strong>τὸ</strong></span> <span class='ocrx_word' id='word_1_749' title='bbox 1539 2244 1622 2278; x_wconf 77' lang='grc' dir='ltr'>δεξιὸν</span> <span class='ocrx_word' id='word_1_750' title='bbox 1635 2245 1700 2279; x_wconf 83' lang='grc' dir='ltr'>γόνυ</span> <span class='ocrx_word' id='word_1_751' title='bbox 1716 2245 1758 2280; x_wconf 82' lang='grc' dir='ltr'><strong>τῷ</strong></span> <span class='ocrx_word' id='word_1_752' title='bbox 1774 2246 1823 2272; x_wconf 85' lang='lat' dir='ltr'><strong>Tc-</strong></span> 
     </span>
    </p>
   </div>
   <div class='ocr_carea' id='block_1_100' title="bbox 1038 2291 1369 2327">
    <p class='ocr_par' dir='ltr' id='par_1_100' title="bbox 1038 2291 1369 2327">
     <span class='ocr_line' id='line_1_100' title="bbox 1038 2291 1369 2327; baseline -0.003 -9"><span class='ocrx_word' id='word_1_753' title='bbox 1038 2291 1102 2327; x_wconf 79' lang='grc' dir='ltr'><strong>ξότῃ</strong></span> <span class='ocrx_word' id='word_1_754' title='bbox 1115 2291 1369 2326; x_wconf 67' lang='grc' dir='ltr'>ἀπικαταφέρεται.</span> 
     </span>
    </p>
   </div>
   <div class='ocr_carea' id='block_1_101' title="bbox 1079 2334 1824 2372">
    <p class='ocr_par' dir='ltr' id='par_1_101' title="bbox 1079 2334 1824 2372">
     <span class='ocr_line' id='line_1_101' title="bbox 1079 2334 1824 2372; baseline -0.007 -8"><span class='ocrx_word' id='word_1_755' title='bbox 1079 2337 1242 2372; x_wconf 80' lang='grc' dir='ltr'>Ἦγνοήκασι</span> <span class='ocrx_word' id='word_1_756' title='bbox 1261 2336 1348 2362; x_wconf 78' lang='grc' dir='ltr'><strong>δὲκαὶ</strong></span> <span class='ocrx_word' id='word_1_757' title='bbox 1371 2335 1405 2362; x_wconf 85' lang='grc' dir='ltr'><strong>τὰ</strong></span> <span class='ocrx_word' id='word_1_758' title='bbox 1424 2335 1488 2372; x_wconf 79' lang='grc' dir='ltr'>περὶ</span> <span class='ocrx_word' id='word_1_759' title='bbox 1504 2335 1551 2370; x_wconf 81' lang='grc' dir='ltr'><strong>τὴν</strong></span> <span class='ocrx_word' id='word_1_760' title='bbox 1574 2334 1672 2370; x_wconf 67' lang='grc' dir='ltr'>Ἀργώ.</span> <span class='ocrx_word' id='word_1_761' title='bbox 1692 2335 1824 2369; x_wconf 77' lang='grc' dir='ltr'><strong>’Δρχεται</strong></span> 
     </span>
    </p>
   </div>
   <div class='ocr_carea' id='block_1_102' title="bbox 1038 2380 1824 2418">
    <p class='ocr_par' dir='ltr' id='par_1_102' title="bbox 1038 2380 1824 2418">
     <span class='ocr_line' id='line_1_102' title="bbox 1038 2380 1824 2418; baseline -0.004 -9"><span class='ocrx_word' id='word_1_762' title='bbox 1038 2382 1092 2418; x_wconf 89' lang='grc' dir='ltr'>γὰρ</span> <span class='ocrx_word' id='word_1_763' title='bbox 1118 2382 1336 2409; x_wconf 84' lang='grc' dir='ltr'>ἀντικαταδύνειν</span> <span class='ocrx_word' id='word_1_764' title='bbox 1364 2382 1394 2408; x_wconf 84' lang='grc' dir='ltr'>οὐ</span> <span class='ocrx_word' id='word_1_765' title='bbox 1415 2382 1454 2417; x_wconf 71' lang='grc' dir='ltr'><strong>τῷ</strong></span> <span class='ocrx_word' id='word_1_766' title='bbox 1474 2381 1610 2416; x_wconf 81' lang='grc' dir='ltr'><strong>Σκορπίῳ,</strong></span> <span class='ocrx_word' id='word_1_767' title='bbox 1633 2380 1703 2407; x_wconf 83' lang='grc' dir='ltr'>ἀλλὰ</span> <span class='ocrx_word' id='word_1_768' title='bbox 1731 2380 1824 2415; x_wconf 68' lang='grc' dir='ltr'>μέσας</span> 
     </span>
    </p>
   </div>
   <div class='ocr_carea' id='block_1_103' title="bbox 1039 2424 1825 2463">
    <p class='ocr_par' dir='ltr' id='par_1_103' title="bbox 1039 2424 1825 2463">
     <span class='ocr_line' id='line_1_103' title="bbox 1039 2424 1825 2463; baseline -0.005 -9"><span class='ocrx_word' id='word_1_769' title='bbox 1039 2429 1097 2459; x_wconf 75' lang='grc' dir='ltr'><strong>ταῖς</strong></span> <span class='ocrx_word' id='word_1_770' title='bbox 1111 2427 1223 2463; x_wconf 84' lang='grc' dir='ltr'><strong>Χηλαῖς.</strong></span> <span class='ocrx_word' id='word_1_771' title='bbox 1235 2427 1306 2453; x_wconf 82' lang='grc' dir='ltr'>Ἔδει</span> <span class='ocrx_word' id='word_1_772' title='bbox 1320 2424 1376 2460; x_wconf 79' lang='grc' dir='ltr'>οὖν,</span> <span class='ocrx_word' id='word_1_773' title='bbox 1391 2427 1540 2462; x_wconf 79' lang='grc' dir='ltr'>ἀρχομένου</span> <span class='ocrx_word' id='word_1_774' title='bbox 1553 2425 1598 2452; x_wconf 82' lang='grc' dir='ltr'><strong>τοῦ</strong></span> <span class='ocrx_word' id='word_1_775' title='bbox 1612 2425 1750 2461; x_wconf 73' lang='grc' dir='ltr'>Σκορπίου</span> <span class='ocrx_word' id='word_1_776' title='bbox 1763 2425 1825 2451; x_wconf 76' lang='grc' dir='ltr'>ἀνα-</span> 
     </span>
    </p>
   </div>
   <div class='ocr_carea' id='block_1_104' title="bbox 1039 2471 1823 2509">
    <p class='ocr_par' dir='ltr' id='par_1_104' title="bbox 1039 2471 1823 2509">
     <span class='ocr_line' id='line_1_104' title="bbox 1039 2471 1823 2509; baseline -0.006 -8"><span class='ocrx_word' id='word_1_777' title='bbox 1039 2474 1152 2506; x_wconf 76' lang='grc' dir='ltr'>τέλλειν,</span> <span class='ocrx_word' id='word_1_778' title='bbox 1170 2474 1258 2508; x_wconf 84' lang='grc' dir='ltr'>λέγειν</span> <span class='ocrx_word' id='word_1_779' title='bbox 1274 2474 1323 2509; x_wconf 81' lang='grc' dir='ltr'><strong>τὴν</strong></span> <span class='ocrx_word' id='word_1_780' title='bbox 1339 2473 1390 2508; x_wconf 76' lang='grc' dir='ltr'><strong>τῆς</strong></span> <span class='ocrx_word' id='word_1_781' title='bbox 1409 2472 1521 2508; x_wconf 77' lang='grc' dir='ltr'>Ἀργοῦς</span> <span class='ocrx_word' id='word_1_782' title='bbox 1535 2471 1661 2508; x_wconf 79' lang='grc' dir='ltr'>πρύμναν</span> <span class='ocrx_word' id='word_1_783' title='bbox 1674 2471 1823 2503; x_wconf 74' lang='grc' dir='ltr'><strong>δεδυκένςιι,</strong></span> 
     </span>
    </p>
   </div>
   <div class='ocr_carea' id='block_1_105' title="bbox 1041 2518 1559 2556">
    <p class='ocr_par' dir='ltr' id='par_1_105' title="bbox 1041 2518 1559 2556">
     <span class='ocr_line' id='line_1_105' title="bbox 1041 2518 1559 2556; baseline -0.006 -9"><span class='ocrx_word' id='word_1_784' title='bbox 1041 2521 1086 2547; x_wconf 80' lang='lat' dir='ltr'><strong>xui</strong></span> <span class='ocrx_word' id='word_1_785' title='bbox 1104 2520 1140 2556; x_wconf 82' lang='grc' dir='ltr'>μὴ</span> <span class='ocrx_word' id='word_1_786' title='bbox 1156 2519 1202 2546; x_wconf 82' lang='grc' dir='ltr'><strong>τοῦ</strong></span> <span class='ocrx_word' id='word_1_787' title='bbox 1217 2519 1331 2551; x_wconf 78' lang='grc' dir='ltr'>Τοξότου</span> <span class='ocrx_word' id='word_1_788' title='bbox 1347 2518 1559 2554; x_wconf 76' lang='grc' dir='ltr'>ἀναφερομένου.</span> 
     </span>
    </p>
   </div>
   <div class='ocr_carea' id='block_1_106' title="bbox 1076 2563 1822 2599">
    <p class='ocr_par' dir='ltr' id='par_1_106' title="bbox 1076 2563 1822 2599">
     <span class='ocr_line' id='line_1_106' title="bbox 1076 2563 1822 2599; baseline -0.005 -7"><span class='ocrx_word' id='word_1_789' title='bbox 1076 2567 1126 2595; x_wconf 85' lang='lat' dir='ltr'><strong>II&quot;.</strong></span> <span class='ocrx_word' id='word_1_790' title='bbox 1139 2565 1223 2592; x_wconf 80' lang='grc' dir='ltr'>Πάλιν</span> <span class='ocrx_word' id='word_1_791' title='bbox 1236 2565 1264 2591; x_wconf 85' lang='grc' dir='ltr'><strong>δὲ</strong></span> <span class='ocrx_word' id='word_1_792' title='bbox 1279 2564 1326 2591; x_wconf 85' lang='grc' dir='ltr'><strong>τοῦ</strong></span> <span class='ocrx_word' id='word_1_793' title='bbox 1341 2564 1480 2599; x_wconf 82' lang='grc' dir='ltr'><strong>Αῐγόκερω</strong></span> <span class='ocrx_word' id='word_1_794' title='bbox 1491 2563 1559 2598; x_wconf 80' lang='grc' dir='ltr'>πρὸς</span> <span class='ocrx_word' id='word_1_795' title='bbox 1572 2564 1605 2598; x_wconf 81' lang='grc' dir='ltr'><strong>τῇ</strong></span> <span class='ocrx_word' id='word_1_796' title='bbox 1615 2563 1732 2598; x_wconf 79' lang='grc' dir='ltr'>ἀνατολῇ</span> <span class='ocrx_word' id='word_1_797' title='bbox 1742 2563 1822 2594; x_wconf 54' lang='grc' dir='ltr'>ὄντοςλ</span> 
     </span>
    </p>
   </div>
   <div class='ocr_carea' id='block_1_107' title="bbox 1041 2608 1822 2647">
    <p class='ocr_par' dir='ltr' id='par_1_107' title="bbox 1041 2608 1822 2647">
     <span class='ocr_line' id='line_1_107' title="bbox 1041 2608 1822 2647; baseline -0.005 -9"><span class='ocrx_word' id='word_1_798' title='bbox 1041 2612 1080 2647; x_wconf 85' lang='grc' dir='ltr'><strong>τῷ</strong></span> <span class='ocrx_word' id='word_1_799' title='bbox 1098 2611 1200 2647; x_wconf 77' lang='grc' dir='ltr'><strong>Τοξότῃ</strong></span> <span class='ocrx_word' id='word_1_800' title='bbox 1215 2611 1296 2645; x_wconf 64' lang='grc' dir='ltr'>φασιν</span> <span class='ocrx_word' id='word_1_801' title='bbox 1312 2609 1529 2637; x_wconf 82' lang='grc' dir='ltr'>ἀντικαταδύνειν</span> <span class='ocrx_word' id='word_1_802' title='bbox 1545 2609 1593 2644; x_wconf 83' lang='grc' dir='ltr'><strong>τήν</strong></span> <span class='ocrx_word' id='word_1_803' title='bbox 1608 2617 1638 2635; x_wconf 84' lang='grc' dir='ltr'>τε</span> <span class='ocrx_word' id='word_1_804' title='bbox 1660 2608 1753 2643; x_wconf 75' lang='grc' dir='ltr'>Ἀργὼ</span> <span class='ocrx_word' id='word_1_805' title='bbox 1765 2609 1822 2641; x_wconf 76' lang='grc' dir='ltr'>ὃλην</span> 
     </span>
    </p>
   </div>
   <div class='ocr_carea' id='block_1_108' title="bbox 1043 2651 1820 2691">
    <p class='ocr_par' dir='ltr' id='par_1_108' title="bbox 1043 2651 1820 2691">
     <span class='ocr_line' id='line_1_108' title="bbox 1043 2651 1820 2691; baseline -0.008 -8"><span class='ocrx_word' id='word_1_806' title='bbox 1043 2656 1146 2683; x_wconf 79' lang='grc' dir='ltr'>καὶτὸν</span> <span class='ocrx_word' id='word_1_807' title='bbox 1158 2655 1283 2691; x_wconf 79' lang='grc' dir='ltr'>Πρόκυνα</span> <span class='ocrx_word' id='word_1_808' title='bbox 1296 2663 1302 2669; x_wconf 84' lang='grc'><strong>”</strong></span> <span class='ocrx_word' id='word_1_809' title='bbox 1321 2653 1524 2681; x_wconf 78' lang='grc' dir='ltr'>συνανατὲλλειν</span> <span class='ocrx_word' id='word_1_810' title='bbox 1540 2653 1568 2680; x_wconf 81' lang='grc' dir='ltr'><strong>δὲ</strong></span> <span class='ocrx_word' id='word_1_811' title='bbox 1591 2653 1637 2679; x_wconf 82' lang='grc' dir='ltr'><strong>τόν</strong></span> <span class='ocrx_word' id='word_1_812' title='bbox 1653 2661 1683 2678; x_wconf 81' lang='grc' dir='ltr'>τε</span> <span class='ocrx_word' id='word_1_813' title='bbox 1701 2651 1820 2687; x_wconf 75' lang='grc' dir='ltr'>Ὄρνιθα.</span> 
     </span>
    </p>
   </div>
   <div class='ocr_carea' id='block_1_109' title="bbox 1043 2697 1819 2733">
    <p class='ocr_par' dir='ltr' id='par_1_109' title="bbox 1043 2697 1819 2733">
     <span class='ocr_line' id='line_1_109' title="bbox 1043 2697 1819 2733; baseline -0.006 -5"><span class='ocrx_word' id='word_1_814' title='bbox 1043 2702 1090 2728; x_wconf 84' lang='lat' dir='ltr'><strong>xui</strong></span> <span class='ocrx_word' id='word_1_815' title='bbox 1105 2701 1149 2728; x_wconf 80' lang='grc' dir='ltr'><strong>τὸν</strong></span> <span class='ocrx_word' id='word_1_816' title='bbox 1171 2701 1271 2732; x_wconf 71' lang='grc' dir='ltr'><strong>Ἀετὸν,</strong></span> <span class='ocrx_word' id='word_1_817' title='bbox 1289 2701 1338 2727; x_wconf 59' lang='grc' dir='ltr'>καὶ</span> <span class='ocrx_word' id='word_1_818' title='bbox 1357 2699 1402 2726; x_wconf 69' lang='grc' dir='ltr'>τὸν</span> <span class='ocrx_word' id='word_1_819' title='bbox 1427 2700 1539 2731; x_wconf 77' lang='grc' dir='ltr'><strong>Ὀῑστὺν,</strong></span> <span class='ocrx_word' id='word_1_820' title='bbox 1564 2699 1612 2725; x_wconf 80' lang='lat' dir='ltr'><strong>xui</strong></span> <span class='ocrx_word' id='word_1_821' title='bbox 1633 2698 1665 2724; x_wconf 78' lang='grc' dir='ltr'>τὸ</span> <span class='ocrx_word' id='word_1_822' title='bbox 1687 2697 1819 2733; x_wconf 69' lang='grc' dir='ltr'><strong>Θυμιατήσ</strong></span> 
     </span>
    </p>
   </div>
   <div class='ocr_carea' id='block_1_110' title="bbox 1045 2743 1838 2784">
    <p class='ocr_par' dir='ltr' id='par_1_110' title="bbox 1045 2743 1838 2784">
     <span class='ocr_line' id='line_1_110' title="bbox 1045 2743 1838 2784; baseline -0.009 -9"><span class='ocrx_word' id='word_1_823' title='bbox 1045 2757 1111 2784; x_wconf 87' lang='grc' dir='ltr'>ριον.</span> <span class='ocrx_word' id='word_1_824' title='bbox 1126 2747 1165 2774; x_wconf 82' lang='grc' dir='ltr'><strong>Τὰ</strong></span> <span class='ocrx_word' id='word_1_825' title='bbox 1186 2747 1234 2783; x_wconf 81' lang='grc' dir='ltr'>μὲν</span> <span class='ocrx_word' id='word_1_826' title='bbox 1248 2745 1293 2774; x_wconf 75' lang='grc' dir='ltr'>οὖν</span> <span class='ocrx_word' id='word_1_827' title='bbox 1314 2746 1379 2773; x_wconf 70' lang='grc' dir='ltr'>ἄλλα</span> <span class='ocrx_word' id='word_1_828' title='bbox 1394 2745 1543 2780; x_wconf 68' lang='grc' dir='ltr'><strong>συμφώνως</strong></span> <span class='ocrx_word' id='word_1_829' title='bbox 1558 2745 1602 2771; x_wconf 75' lang='grc' dir='ltr'><strong>ὑπ’</strong></span> <span class='ocrx_word' id='word_1_830' title='bbox 1615 2744 1707 2770; x_wconf 82' lang='grc' dir='ltr'>αὐτῶν</span> <span class='ocrx_word' id='word_1_831' title='bbox 1722 2743 1819 2777; x_wconf 74' lang='grc' dir='ltr'>λέγεται</span> <span class='ocrx_word' id='word_1_832' title='bbox 1832 2764 1838 2774; x_wconf 83' lang='grc'><strong><em>,</em></strong></span> 
     </span>
    </p>
   </div>
   <div class='ocr_carea' id='block_1_111' title="bbox 1044 2789 1818 2828">
    <p class='ocr_par' dir='ltr' id='par_1_111' title="bbox 1044 2789 1818 2828">
     <span class='ocr_line' id='line_1_111' title="bbox 1044 2789 1818 2828; baseline -0.009 -8"><span class='ocrx_word' id='word_1_833' title='bbox 1044 2795 1099 2826; x_wconf 82' lang='grc' dir='ltr'><strong>τοῖς</strong></span> <span class='ocrx_word' id='word_1_834' title='bbox 1117 2793 1285 2828; x_wconf 76' lang='grc' dir='ltr'>φαινομένοις</span> <span class='ocrx_word' id='word_1_835' title='bbox 1297 2801 1303 2807; x_wconf 87' lang='grc'><strong>·</strong></span> <span class='ocrx_word' id='word_1_836' title='bbox 1320 2792 1354 2819; x_wconf 64' lang='grc' dir='ltr'><strong>τὰ</strong></span> <span class='ocrx_word' id='word_1_837' title='bbox 1368 2792 1395 2818; x_wconf 77' lang='grc' dir='ltr'><strong>δὲ</strong></span> <span class='ocrx_word' id='word_1_838' title='bbox 1414 2791 1484 2818; x_wconf 80' lang='grc' dir='ltr'>κατὰ</span> <span class='ocrx_word' id='word_1_839' title='bbox 1501 2791 1545 2817; x_wconf 76' lang='grc' dir='ltr'><strong>τὸν</strong></span> <span class='ocrx_word' id='word_1_840' title='bbox 1563 2790 1678 2825; x_wconf 77' lang='grc' dir='ltr'>Ὀρνιθα</span> <span class='ocrx_word' id='word_1_841' title='bbox 1697 2789 1818 2824; x_wconf 71' lang='grc' dir='ltr'>ἠγνόηται</span> 
     </span>
    </p>
   </div>
   <div class='ocr_carea' id='block_1_112' title="bbox 1047 2833 1818 2874">
    <p class='ocr_par' dir='ltr' id='par_1_112' title="bbox 1047 2833 1818 2874">
     <span class='ocr_line' id='line_1_112' title="bbox 1047 2833 1818 2874; baseline -0.006 -8"><span class='ocrx_word' id='word_1_842' title='bbox 1047 2839 1095 2874; x_wconf 83' lang='grc' dir='ltr'>μὲν</span> <span class='ocrx_word' id='word_1_843' title='bbox 1112 2840 1156 2866; x_wconf 79' lang='grc' dir='ltr'><strong>ὑπ’</strong></span> <span class='ocrx_word' id='word_1_844' title='bbox 1174 2839 1345 2874; x_wconf 73' lang='grc' dir='ltr'><strong>ἀμφοτέρων,</strong></span> <span class='ocrx_word' id='word_1_845' title='bbox 1365 2838 1462 2873; x_wconf 60' lang='grc' dir='ltr'>μᾶλλον</span> <span class='ocrx_word' id='word_1_846' title='bbox 1477 2837 1504 2864; x_wconf 79' lang='grc' dir='ltr'><strong>δὲ</strong></span> <span class='ocrx_word' id='word_1_847' title='bbox 1521 2836 1573 2863; x_wconf 67' lang='grc' dir='ltr'><strong>ὑπὸ</strong></span> <span class='ocrx_word' id='word_1_848' title='bbox 1587 2836 1633 2862; x_wconf 74' lang='grc' dir='ltr'><strong>τοῦ</strong></span> <span class='ocrx_word' id='word_1_849' title='bbox 1651 2835 1774 2871; x_wconf 73' lang='grc' dir='ltr'><strong>Ἃρὰτου.</strong></span> <span class='ocrx_word' id='word_1_850' title='bbox 1794 2833 1818 2857; x_wconf 79' lang='grc' dir='ltr'><strong>ὐ</strong></span> 
     </span>
    </p>
   </div>
  </div>
