1898 3145
83 173 145 204 1085

560 169 742 198 HIPPARCHI
757 169 802 196 AD
821 169 1042 198 PlixENOMENA
1060 171 1123 199 LIB.
1139 171 1172 200 ΙΙ.

1617 173 1685 204 1086

83 232 127 269 μὲν
148 229 201 263 γὰρ
221 226 334 259 Εὔδοξος
355 225 394 262 τῷ
416 225 541 261 Σκορπίῳ
561 226 642 261 φησὶν
657 225 854 252 συνανατέλλειν

913 226 976 254 iacit
1000 234 1061 254 cum
1078 227 1193 262 Scorpio
1209 236 1217 254 ι
1231 234 1293 255 cum
1312 227 1457 263 Sagittario
1474 229 1607 264 reliquum
1625 239 1687 258 cor-

82 277 126 311 τὴν
139 274 224 307 δεξιὰν
240 273 361 308 πτέρυγα
382 271 430 298 τοῦ
450 271 573 307 Ὄρνιθος
585 280 592 286 ·
610 271 648 306 τῷ
664 272 691 297 δὲ
706 271 807 307 Τοξότῃ
827 270 857 296 τὸ

81 320 164 348 λοιπὸν
178 318 260 346 αὑτοῦ
273 318 352 353 σῶμα
363 326 370 332 θ
384 317 414 350 εξ
428 313 465 343 ὧν
479 317 568 351 δῆλον.
581 317 622 343 ὃτι
632 316 680 351 τὴν
692 316 779 348 δεξιὰν
794 315 857 342 πτέ-

83 375 146 407 ρυγα
160 366 205 393 τοῦ
222 365 346 402 Ὄρνιθος
361 364 433 391 κατὰ
451 364 497 390 τὸν
513 363 624 396 Εῠδοξον
644 363 682 389 δεῖ
706 364 762 394 τοῖς
777 363 857 397 ἐσχά-

81 422 132 444 τοις
156 411 250 447 μέρεσι
277 409 324 437 τοῦ
357 409 489 444 Σκορπίου
520 407 766 442 συναναφέρεσθαι·
793 408 807 433 ὁ
828 407 857 433 δὲ

84 455 192 491 ’Ἄρατός
205 462 270 489 φησι
285 453 323 489 τῷ
338 453 438 488 Τοξότῃ
457 453 534 488 μόνον
551 451 752 478 συνανατέλλειν
765 451 855 480 αὐτόν.

82 502 118 538 Τῇ
130 501 157 528 δὲ
170 500 283 536 ἀληθείᾳ
299 500 322 526 οἱ
344 499 393 534 μὲν
408 499 436 525 ὲν
454 499 525 533 ἄκρᾳ
542 499 575 532 τῇ
591 497 665 532 δεξιᾷ
680 496 793 532 πτέρυγι
810 495 856 522 τοῦ

85 546 203 582 Ὄρνιθος
223 547 278 577 τοῖς
294 545 417 580 ἐσχάτοις
438 544 532 579 μέρεσι
555 543 608 569 τῶν
629 542 725 577 Χηλῶν
743 549 857 567 συνανα-

81 592 211 618 τέλλουσιν
224 599 230 605 ·
243 592 257 617 ὁ
276 590 304 617 δὲ
323 591 352 616 ἐν
364 590 436 625 ἄκρᾳ
448 591 480 624 τῇ
497 589 627 624 ἀριστερᾷ
644 587 766 622 πτέρυγι,
781 586 810 617 ὃς
824 585 856 620 δὴ

82 638 125 664 καὶ
138 637 249 672 ἔσχατος
261 635 411 667 ἀνατέλλει,
426 636 458 670 τῇ
476 635 498 669 β’
510 635 557 660 καὶ
574 637 596 660 κ’
613 634 667 668 μοὶ.
681 632 727 659 τοῦ
743 632 857 665 Τοξότου

82 682 299 716 συναναφέρεται.

113 729 159 755 ΙΔ’.
180 727 232 753 Τοῦ
247 727 275 752 δὲ
296 726 435 761 ’Υδροχόου
458 724 606 760 ἀρχομένου
622 722 774 749 ἀνατέλλειν
790 722 856 756 φησὶ

82 772 333 799 συνανατεταλκὲναι
349 771 387 806 τῷ
407 770 545 804 Λίγόκερῳ
562 768 607 795 τοῦ
630 769 727 793 Ἵππου
743 767 791 802 τὴν
812 775 856 793 κε-

81 819 161 853 φαλὴν
176 818 223 845 καὶ
236 817 298 849 τοὺς
314 816 393 847 πόδας
402 824 409 831 ’
424 815 511 842 δύνειν
525 814 553 840 δὲ
570 813 602 840 τὰ
615 812 724 839 ὀπίσθια
733 812 779 838 τοῦ
792 813 857 838 Κεν-

78 863 185 898 ταύρου,
204 863 249 889 καὶ
263 861 308 888 τοῦ
322 861 418 896 Ὕδρου
432 861 461 886 τὸ
476 859 527 886 ἀπὸ
541 861 588 894 τῆς
603 857 722 892 κεφαλῆς
738 857 790 888 ἓως
805 856 855 891 τῆς

77 908 185 944 πρώτης
209 908 330 942 σπείρας.
351 907 379 932 '0
394 906 421 932 δὲ
442 905 552 938 Εὓδοξός
570 914 634 939 φησι
652 905 697 930 καὶ
715 904 763 939 τὴν
778 904 853 929 Κασ-

79 955 196 980 σιέπειαν
221 953 373 980 ἀνατέλλειν
397 952 442 978 καὶ
465 951 508 977 τὸν
535 951 657 985 Δελφίνα.
679 950 712 975 *Α
737 949 784 984 μὲν
809 946 854 974 οὖν

77 1000 148 1034 κοινῇ
167 999 312 1034 εἰρήκασι,
326 998 416 1032 σχεδὸν
433 997 570 1031 συμφωνεῖ
586 997 642 1026 τοῖς
663 995 832 1030 φαινομένοις
846 1002 853 1009 °

77 1044 142 1079 πλὴν
159 1045 200 1070 ὅτι
215 1045 231 1079 ἡ
250 1043 353 1079 κεφαλὴ
374 1043 418 1069 τοῦ
431 1043 530 1078 ’Ύδρου
549 1043 604 1072 τοῖς
621 1041 744 1075 ἐσχάτοις
762 1040 854 1074 μέρεσι

77 1089 120 1115 τοῦ
135 1088 247 1121 Τοξότου
265 1089 376 1124 ἄρχεται
390 1086 619 1118 ἁντικαταδύνειν,
637 1086 683 1112 καὶ
703 1086 733 1111 οὐ
755 1084 794 1119 τῷ
809 1085 855 1110 Αι-

77 1135 188 1170 γόκερῳ.
214 1134 266 1160 Τοῦ
289 1134 317 1160 δὲ
331 1134 427 1160 Ἵππου
447 1133 476 1159 οὺ
504 1132 581 1167 μόνον
603 1133 619 1167 ἡ
643 1130 746 1165 κεφαλὴ
767 1131 811 1156 καὶ
831 1130 855 1155 οἱ

76 1179 151 1210 πόδες
162 1179 385 1210 ἀνατετάλκασιν,
399 1178 465 1204 ἀλλὰ
477 1179 523 1204 καὶ
534 1178 558 1203 οι
569 1174 638 1212 ὦμοι
650 1176 696 1202 καὶ
707 1175 737 1202 τὸ
749 1175 854 1210 στῆθος.

109 1225 226 1260 Παρὲχει
251 1224 278 1250 δέ
303 1233 373 1250 τισιν
397 1224 536 1250 ἐπίστασιν
553 1223 611 1254 πῶς
632 1222 677 1248 ἐπὶ
700 1221 753 1247 τῶν
770 1220 856 1247 ἄλλων

77 1271 174 1303 ζωδίων
185 1273 200 1298 ὁ
219 1272 336 1307 Ἀρατος
349 1271 397 1302 τὰς
411 1270 496 1306 ἀρχὰς
519 1270 565 1296 ἐπὶ
580 1271 628 1304 τῆς
645 1269 774 1303 ἀνατολῆς
790 1269 856 1294 ὑπο-

77 1317 223 1352 τιθέμενος,
239 1317 285 1343 καὶ
302 1316 386 1348 οὕτως
396 1316 444 1347 τὰς
461 1316 515 1341 τῶν
531 1315 616 1342 ἄλλων
638 1315 742 1348 ἄστρων
763 1314 857 1340 ἀνατο-

77 1362 123 1394 λὰς
138 1363 185 1390 καὶ
207 1362 296 1393 δύσεις
312 1361 460 1396 διασαφῶν,
475 1361 520 1387 τὸν
541 1360 681 1397 ’Υδροχόον
695 1360 776 1395 μέσον
795 1360 858 1385 ἀνα.

76 1408 175 1435 τέλλειν
195 1407 362 1440 ὑποτίθεται,
380 1407 466 1442 λέγων
482 1406 567 1438 οὕτως
577 1414 584 1421 ·

108 1509 215 1543 Ἵππος
231 1509 256 1536 δ’
276 1509 445 1543 ’Υδροχόοιο
459 1508 556 1543 μέσον
568 1505 834 1541 περιτελλομένοιο,

108 1546 210 1572 Ποσσι
228 1553 258 1571 τε
272 1545 320 1572 καὶ
334 1543 451 1578 κεφαλῇ
464 1543 664 1570 avellere-emt.

74 1600 159 1627 Τοῦτο
169 1601 191 1626 δ’
208 1600 318 1635 ἀπορῶν
332 1600 345 1626 ὁ
362 1599 500 1632 Ἄτταλος,
516 1599 596 1634 φησιν
607 1598 758 1633 ἁμάρτημα
771 1594 838 1623 εἶναι
850 1604 856 1610 ·

75 1645 129 1676 δεῖν
144 1646 173 1672 δὲ
184 1646 303 1681 γράφειν
319 1645 404 1676 οὕτως
417 1652 424 1659 ·

109 1703 215 1736 Ἵππος
229 1701 254 1728 δ’
279 1701 447 1735 Ὑδροχόοιο
466 1699 537 1727 νέον
556 1698 823 1734 περιτελλομένοιο.

72 1769 208 1797 Λανθάνει
232 1768 260 1795 δὲ
283 1767 327 1794 τόν
354 1776 383 1794 τε
399 1765 540 1797 Ἄτταλον,
561 1765 608 1791 καὶ
630 1765 692 1796 τοὺς
713 1763 809 1795 ἄλλους
831 1763 860 1790 τὸ

76 1815 199 1851 βούλημα
225 1814 272 1841 τοῦ
298 1813 408 1848 ποιητοῦ
422 1821 428 1827 ·
449 1813 518 1847 τάχα
537 1811 564 1838 δὲ
582 1811 628 1837 καὶ
644 1810 674 1836 τὺ
690 1809 858 1844 φαινόμενον.

79 1859 108 1885 '0
120 1860 176 1895 γὰρ
191 1858 344 1893 ’Υδροχόος,
354 1859 386 1892 τῇ
402 1857 473 1883 θέσει
485 1856 609 1891 κείμενος
622 1855 675 1881 ἀπὸ
690 1854 861 1890 μεσημϐρίας

72 1905 141 1940 πρὸς
160 1906 297 1941 ἄρκτους,
314 1904 348 1930 τὰ
364 1904 412 1938 μὲν
435 1903 505 1930 κατὰ
524 1902 554 1928 τὸ
574 1901 670 1936 στῆθος
689 1901 735 1928 καὶ
755 1901 803 1935 τὴν
817 1908 862 1926 κε-

73 1949 161 1986 φαλήν
179 1951 256 1986 μέρη
273 1949 339 1976 πολὺ
355 1948 520 1975 ἐκπίπτοντα
539 1947 585 1973 τοῦ
608 1946 739 1978 ζωδιακοῦ
763 1945 861 1972 κύκλου

73 1997 112 2028 εἰς
129 1997 160 2022 τὸ
185 1995 256 2031 πρὸς
275 1996 390 2031 ἄρκτους
416 1994 497 2029 μέρος
520 1993 589 2028 ἔχει,
613 1993 648 2019 τὰ
669 1992 697 2019 δὲ
716 1991 786 2018 κατὰ
801 1992 862 2023 τοὺς

73 2041 158 2073 πόδας
174 2040 326 2075 νστιώτερα
337 2041 383 2066 τοῦ
404 2039 535 2071 ζωδιακοῦ
550 2038 649 2065 κύκλου
660 2046 666 2053 ·
679 2039 709 2064 ἐν
719 2037 747 2064 δὲ
760 2036 798 2072 τῷ
810 2037 863 2074 ςωτ

72 2087 159 2123 διακῷ
176 2088 213 2114 τὰ
233 2087 303 2122 μέσα
323 2086 403 2113 αὐτοῦ
426 2087 523 2112 κεῖται.
545 2085 621 2112 Ἐπεὶ
634 2082 680 2111 οὖν
698 2083 732 2110 τὰ
745 2083 862 2123 δωδεκα-

72 2119 194 2171 τημόρια
218 2119 266 2161 τοῦ
286 2133 417 2165 ζωδιακοῦ
440 2132 538 2159 κύκλου
559 2131 712 2158 ὑποτίθεται
731 2119 863 2165 ἀναῖρερό-

74 2187 161 2214 μενα,
178 2179 225 2206 διὰ
251 2178 329 2205 τοῦτο
353 2178 366 2203 ὁ
389 2178 505 2213 Ἀρατος
521 2177 593 2211 λέγει
607 2185 613 2191 ·
632 2176 687 2202 Τοῦ
704 2175 863 2210 Ὑδροχόου

907 279 957 307 pus
973 272 1060 306 ipsius
1077 280 1084 297 :
1106 273 1178 299 unde
1202 272 1287 307 liquet
1302 272 1371 299 alam
1389 272 1474 308 Cygni
1500 274 1622 301 dextram
1643 283 1686 302 se-

907 318 1023 344 cundum
1037 317 1179 344 Eudoxum
1194 322 1319 353 oportere
1336 326 1398 345 cum
1414 320 1559 354 postremis
1580 320 1686 354 Scorpii

906 363 1030 398 partibus
1048 364 1204 391 ascendere.
1229 363 1331 390 Aratus
1362 371 1428 391 vero
1450 371 1512 391 cum
1542 363 1687 400 Sagittario

906 409 1039 436 duntaxat
1061 410 1188 436 occidere
1209 408 1298 443 ipsum
1316 410 1427 437 asserit.
1443 409 1495 437 Res
1510 417 1592 445 porro
1606 411 1641 437 ita
1657 419 1686 438 se

905 455 1003 482 habet:
1019 462 1080 489 quae
1096 455 1123 481 in
1139 459 1258 482 extrema
1273 458 1337 482 sunt
1353 455 1395 481 ala
1407 455 1502 482 dextra
1513 455 1608 490 Cygni,
1623 463 1686 482 cum

906 499 1035 526 extremis
1051 499 1195 526 Chelarum
1213 499 1336 534 partibus
1350 499 1493 528 oriuntur:
1513 507 1572 534 quae
1593 500 1620 525 in
1639 507 1688 526 ex-

905 546 1042 573 tremitate
1068 546 1117 572 alte
1143 545 1259 572 ειιιὶειηε
1285 550 1341 576 est,
1370 549 1396 572 et
1424 549 1558 579 postrema
1587 545 1684 575 oritur,

905 599 967 618 cum
990 591 1119 618 vicesima
1143 590 1263 618 secunda
1292 590 1431 626 Sagittarii
1455 593 1531 625 parte
1552 597 1687 617 conscen-

905 636 955 664 dit.

940 727 1009 755 XIV.
1018 728 1072 754 Sub
1083 728 1189 755 initium
1198 731 1309 755 exortus
1318 727 1440 762 Aquarii,
1449 732 1571 754 exortum
1581 727 1617 753 ait
1625 734 1687 754 csse

905 781 966 800 cum
993 774 1159 808 Capricorno
1188 773 1255 808 Equi
1284 778 1366 808 caput
1394 781 1426 800 ac.
1442 773 1540 808 pedes;
1561 773 1687 799 occidere

905 827 969 846 vero
998 821 1146 855 posteriora
1164 820 1302 852 Centauri,
1330 829 1361 847 ac
1388 820 1422 848 de
1446 820 1537 856 Hydro
1554 820 1686 855 quidquid

906 873 920 891 a
936 866 1023 899 capite
1047 870 1088 892 est
1104 865 1137 892 ad
1152 865 1266 900 primam
1281 866 1394 900 spiram.
1419 866 1452 892 At
1474 866 1603 892 Eudoxus
1618 866 1686 892 Cas-

907 911 1024 945 siepeam
1050 911 1162 946 insuper
1182 912 1259 944 oriri,
1283 919 1314 938 ac
1337 911 1497 945 Delphinum
1517 912 1625 938 asserit.
1657 911 1687 938 In

905 956 947 983 his
972 963 1035 982 vero
1062 963 1122 990 qua:
1143 957 1177 983 ab
1192 956 1323 983 ambobus
1343 956 1525 982 communiter
1547 956 1687 987 dicuntur,

905 1000 1098 1035 propemodum
1125 1001 1321 1035 apparentium-
1343 1000 1402 1027 ﬁdei
1429 1000 1610 1035 respondent;
1632 1001 1687 1027 nisi

904 1046 976 1080 quod
1002 1045 1086 1082 Hydri
1112 1051 1193 1081 caput
1216 1047 1368 1074 orientibus
1393 1047 1522 1074 extremis
1550 1036 1690 1081 Sagittarii

905 1093 1039 1127 partibus.
1051 1101 1104 1120 non
1116 1093 1294 1128 Capricorno,
1309 1093 1472 1120 descendere
1485 1092 1580 1127 incipit
1595 1100 1627 1120 ex
1644 1092 1691 1119 ad-

904 1146 993 1166 verso.
1010 1138 1078 1174 Equi
1091 1143 1178 1166 autem
1195 1147 1248 1166 non
1262 1139 1348 1166 solum
1362 1143 1443 1173 caput
1457 1146 1488 1165 ac
1501 1138 1582 1173 pedes
1601 1138 1688 1165 exorti

906 1189 989 1218 sunt;
1008 1185 1054 1213 scd
1071 1185 1175 1212 humeri
1190 1185 1270 1212 etiam
1289 1192 1319 1211 ac
1335 1189 1439 1219 pectus.

941 1232 979 1258 Ac
999 1231 1138 1258 nonnullis
1155 1230 1372 1261 consideratione
1397 1229 1478 1264 digna
1498 1237 1543 1256 res
1571 1228 1688 1262 videtur,

906 1285 956 1305 cur
981 1284 1042 1303 cum
1071 1275 1171 1304 Aratus
1197 1279 1355 1302 caeterorum
1382 1275 1460 1302 initia
1487 1275 1626 1310 signorum
1660 1275 1689 1302 iu

906 1324 1012 1351 oriente
1035 1322 1171 1355 statuerit,
1194 1326 1275 1356 atque
1294 1322 1330 1348 ita
1361 1321 1597 1348 constellationum
1615 1320 1685 1346 alia--

907 1377 967 1396 rum
992 1373 1068 1396 ortus
1092 1371 1120 1395 et
1148 1374 1263 1394 occasus
1282 1367 1444 1401 explicarit,
1471 1366 1590 1394 medium
1615 1367 1687 1393 dun-

909 1419 982 1442 taxat
1006 1414 1156 1449 Aquarium
1185 1413 1351 1441 exorientem
1386 1412 1502 1444 fecerit,
1530 1412 1572 1439 his
1603 1413 1691 1440 versi-

907 1462 959 1490 bus
977 1472 982 1489 :

943 1507 1034 1541 Equus
1048 1515 1106 1534 vero
1121 1506 1236 1540 Aquario
1254 1505 1338 1532 medio
1360 1506 1457 1532 oriente

871 1559 892 1588 ϐ
944 1542 1057 1570 Pedibus
1071 1547 1095 1569 et
1109 1543 1193 1575 capite
1205 1541 1352 1568 revolvitur.

909 1598 972 1627 Haec
987 1607 1048 1626 cum
1070 1599 1213 1633 quaesisset
1235 1597 1351 1628 Attalus,
1366 1605 1486 1625 errorem
1509 1605 1570 1625 esse
1581 1605 1692 1633 respon-

909 1646 963 1677 dit,
984 1646 1075 1680 itaque
1089 1644 1263 1672 scribcndum
1279 1644 1363 1671 videri
1379 1653 1385 1670 :

946 1702 1035 1737 Equus
1054 1710 1111 1728 vero
1129 1701 1245 1736 Aquario
1263 1709 1350 1728 recens
1365 1701 1472 1729 oriente.

946 1767 998 1794 Sed
1027 1775 1114 1802 neque
1136 1767 1258 1798 Attalus,
1286 1775 1372 1802 neque
1396 1767 1484 1802 caeteri
1509 1771 1594 1802 poeta
1615 1776 1677 1796 mcn

912 1816 964 1839 tem
996 1812 1246 1839 animadverterunt.
1270 1821 1276 1838 :
1302 1812 1357 1839 imo
1382 1820 1416 1839 ne
1445 1814 1530 1847 ipsam
1561 1813 1692 1848 quidem,

914 1861 944 1884 ut
960 1857 1066 1893 opinor,
1090 1858 1286 1892 apparentiam.
1314 1857 1419 1885 Etenim
1434 1857 1571 1892 Aquarius
1590 1866 1622 1885 eo
1637 1858 1690 1885 situ

913 1904 1073 1937 collocatus,
1091 1907 1121 1930 ut
1145 1911 1158 1930 a
1179 1904 1291 1931 meridie
1310 1905 1343 1931 ad
1364 1904 1563 1940 septentriones
1577 1907 1669 1938 vergat
1685 1913 1692 1936 ;

912 1950 947 1977 iis
975 1949 1098 1984 partibus
1121 1957 1181 1984 quae
1203 1954 1265 1977 sunt
1280 1950 1312 1977 ad
1338 1955 1432 1985 pectus
1453 1954 1598 1985 caputque,
1623 1951 1695 1977 mul-

913 2000 969 2024 tum
983 2004 996 2022 a
1012 1996 1122 2023 zodiaco
1134 1995 1253 2023 declinat
1264 1996 1297 2023 ad
1309 1996 1474 2031 aquilonem;
1487 2004 1546 2031 quae
1556 1996 1588 2023 ad
1602 1995 1694 2031 pedes.

914 2042 1089 2077 australjorcs
1096 2045 1159 2069 sunt
1170 2042 1281 2069 zodiaco
1292 2042 1407 2075 circulo;
1418 2041 1506 2069 media
1515 2042 1600 2076 ipsius
1615 2042 1641 2068 in
1653 2049 1696 2069 2.0-

914 2089 994 2115 diaco
1007 2088 1190 2116 collocantur.
1207 2087 1388 2121 Quamobrem
1403 2095 1464 2115 cum
1480 2087 1579 2115 Aratus
1591 2088 1697 2117 zodiaci

913 2134 1132 2162 dodecatemoria
1147 2134 1175 2161 in
1194 2134 1254 2169 ipso
1273 2135 1469 2169 contempletur
1484 2140 1608 2166 ascensu,
1624 2133 1695 2165 ideo,

914 2187 975 2207 cum
1002 2180 1139 2215 Aquarius
1168 2180 1258 2207 medio
1283 2187 1397 2215 corpore
1417 2179 1514 2213 oritur,
1531 2178 1632 2214 Equus,
1647 2179 1696 2210 ait,

72 2225 149 2252 κατὰ
160 2225 265 2260 μέσον
282 2224 334 2251 τοῦ
349 2223 484 2258 σώματος
497 2222 725 2255 ἀνατέλλοντος,
735 2222 751 2248 ό
763 2221 854 2248 "Imm

918 2226 1077 2261 pedibusque
1097 2230 1122 2253 et
1148 2226 1233 2260 capite
1251 2226 1412 2252 revolvitur:
1438 2233 1493 2252 non
1517 2228 1608 2252 autem
1634 2231 1699 2251 cum

72 2272 148 2298 ποσί
164 2280 199 2298 τε
213 2270 265 2297 καὶ
287 2269 403 2304 κεφαλῇ
418 2269 627 2296 ἁνελίσσεταιι
643 2267 689 2294 καὶ
701 2267 761 2301 οὐχὶ
772 2266 801 2292 τὸ
820 2265 867 2301 μέ-

73 2326 120 2345 σον
135 2318 185 2344 τοῦ
201 2318 233 2343 ἐν
251 2316 290 2352 τῷ
311 2315 535 2351 δωδεκατημορίῳ
552 2315 663 2350 μήκους,
679 2314 716 2345 ὡς
733 2313 801 2340 οἵτε
817 2321 869 2339 πα-

71 2363 144 2390 λαιοὶ
161 2364 212 2390 καὶ
231 2364 245 2389 ὁ
263 2362 393 2393 Ἄτταλος
406 2362 553 2396 ἐκδέχεται.
572 2361 729 2394 Ἀναγκαῖον
741 2357 787 2385 οὖν
800 2357 868 2384 εἶναι

70 2409 147 2435 δοκεῖ
163 2418 213 2444 μοι
234 2407 271 2443 μὴ
296 2407 465 2442 μετατιθέναι
481 2406 526 2433 τὶν
542 2406 640 2441 στίχον,
658 2405 695 2436 ὡς
709 2406 722 2431 ὁ
740 2404 869 2434 Ἄτταλος

71 2455 272 2486 ὑποδεικνύει,
288 2455 317 2480 ὲν
331 2454 396 2481 πᾶσί
412 2462 443 2487 γε
464 2452 496 2488 δὴ
516 2454 572 2484 τοῖς
591 2451 766 2486 ἀντιγράφοις
783 2450 869 2481 οὔτως

69 2502 158 2529 αὑτοῦ
174 2501 366 2537 γραφομένου.

111 2548 144 2574 Ὅ
164 2547 197 2573 δὲ
223 2546 338 2578 Εὔδοξος
364 2546 456 2579 ἀγνοεῖ
481 2544 543 2580 περί
563 2553 592 2570 τε
614 2543 664 2578 τῆς
687 2543 869 2574 Κασσιεπείας

69 2593 119 2619 καὶ
137 2592 188 2618 τοῦ
210 2591 349 2625 Δελφῖνος.
365 2591 402 2616 Οὐ
423 2590 476 2625 γὰρ
495 2589 533 2624 τῷ
554 2589 693 2624 Αἱγόκερῳ
715 2588 870 2615 συνανατὲλ-

69 2638 129 2663 λει·
145 2637 209 2663 ἀλλ’
229 2637 247 2670 ἡ
267 2636 314 2670 μὲν
329 2636 498 2662 Κασσιέπεια
517 2636 571 2665 τοῖς
588 2634 656 2665 δυσὶ,
669 2634 706 2669 τῷ
722 2643 751 2660 τε
769 2634 868 2670 Τοξότῃ

71 2683 119 2710 καὶ
138 2683 181 2718 τῷ
202 2681 357 2716 Αἰγόκερῳ.
378 2681 508 2716 Ἀρχεται
531 2681 579 2715 μὲν
596 2679 650 2715 γὰρ
671 2680 869 2706 συνανατέλλειν

69 2730 102 2764 τῇ
125 2733 150 2757 α’
165 2729 219 2755 καὶ
245 2731 268 2753 κ’
284 2728 337 2762 μοί.
350 2727 397 2754 τοῦ
413 2727 526 2759 Τοξιὶτου
542 2735 547 2740 ·
571 2726 680 2761 ἔσχατον
702 2726 730 2752 δὲ
753 2734 869 2752 συνανα-

69 2775 163 2801 τέλλει
181 2775 219 2809 τῇ
245 2773 277 2808 ιβ’
297 2773 351 2808 μοί.
369 2773 416 2800 τοῦ
433 2773 583 2808 Λίγόκερω.
606 2773 634 2798 ’0
650 2772 678 2798 δὲ
692 2771 788 2806 Δελφὶς
812 2771 870 2803 ὅλος

69 2822 109 2856 τῷ
127 2820 242 2855 Τοξότῃ
259 2819 443 2846 συνανατέλλει
459 2820 512 2846 ἀπὸ
532 2819 581 2855 τῆς
605 2822 628 2846 κ’
649 2818 730 2845 αὑτοῦ
748 2819 801 2854 μοι.
820 2818 871 2850 ἕως

69 2870 121 2902 τῆς
137 2870 191 2893 κδ’.

918 2272 1096 2307 longitudinis
1121 2271 1148 2298 in
1168 2271 1279 2298 zodiaco
1299 2272 1417 2298 medium
1445 2271 1542 2302 oritur,
1567 2270 1697 2305 quemad-

918 2318 1028 2345 modum
1047 2321 1103 2343 tam
1119 2317 1236 2349 Attalus,
1260 2323 1340 2351 quam
1365 2320 1470 2344 veteres
1495 2315 1696 2343 intellexerunt.

918 2363 998 2391 Nullo
1020 2362 1112 2397 itaque
1138 2362 1220 2389 modo
1252 2361 1475 2388 commutandum
1499 2368 1560 2388 esse
1589 2368 1698 2388 versum

919 2410 995 2436 illum
1012 2409 1131 2436 arbitror
1143 2428 1150 2440 ,
1173 2411 1203 2434 ut
1219 2407 1312 2434 Attalo
1331 2407 1437 2442 placet;
1463 2415 1525 2435 cum
1548 2415 1602 2434 non
1620 2408 1702 2434 aliter

919 2455 947 2482 in
962 2454 1165 2489 exemplaribus
1188 2452 1314 2480 omnibus
1328 2452 1442 2487 legatur.

955 2541 1014 2569 Jam
1031 2542 1058 2568 in
1073 2540 1218 2575 Cassiepea
1240 2543 1268 2568 et
1292 2539 1424 2574 Delphino
1439 2538 1523 2566 falsus
1545 2541 1587 2565 est
1610 2537 1700 2563 Eudo-

921 2598 982 2617 xus.
1000 2588 1059 2615 Non
1083 2589 1154 2615 enim
1171 2595 1231 2614 cum
1250 2587 1416 2622 Capricorno
1429 2584 1615 2613 conscendunt
1631 2592 1637 2609 :
1652 2583 1698 2610 sed

919 2635 1065 2669 Cassiepea
1081 2641 1141 2660 cum
1159 2634 1277 2663 duobus.
1296 2632 1442 2668 Sagittario
1462 2630 1587 2657 videlicet
1607 2632 1634 2655 et
1648 2628 1699 2654 Ca-

921 2681 1060 2716 pricorno.
1074 2679 1179 2707 Etenim
1201 2679 1266 2706 oriri
1281 2678 1376 2712 incipit
1391 2684 1451 2703 cum
1466 2675 1596 2702 vicesima
1611 2674 1698 2708 prima

920 2731 996 2762 parte
1016 2725 1170 2760 Sagittarii;
1197 2729 1333 2760 postremo
1359 2730 1423 2750 vero
1449 2729 1510 2748 cum
1539 2720 1699 2754 Capricorni

921 2772 1081 2799 duodecima
1093 2771 1192 2798 oritur.
1207 2770 1242 2797 At
1254 2769 1402 2804 Delphinus
1420 2775 1481 2794 cum
1499 2765 1644 2801 Sagittario
1661 2769 1700 2792 to-

921 2823 965 2845 tus
989 2818 1110 2844 exoritur
1126 2825 1140 2843 a
1159 2820 1234 2852 parte
1257 2816 1344 2850 ipsius
1360 2813 1498 2844 vicesima,
1521 2811 1554 2838 ad
1575 2814 1699 2846 quartam

923 2868 949 2895 et
962 2864 1128 2891 vicesimam.
