1898 3145
215 164 282 194 1087

705 167 750 194 AD
768 166 903 196 EUSEBII
923 163 1119 194 CHRONlCON
1138 167 1319 197 APPENDIX.

1761 172 1776 200 1
1782 173 1837 200 ('88

252 221 426 250 XV.0riente
440 221 560 249 Piscium
578 222 655 250 initio
669 223 769 252 Aratus
785 225 894 259 quidem
903 223 995 250 altoc-

1084 223 1132 250 IE‘.
1151 223 1207 259 Τῆς
1229 224 1256 251 δὲ
1278 224 1365 260 ἀρχῆς
1384 225 1438 252 τῶν
1456 225 1565 265 Ἰχθύων
1580 226 1800 264 ἀνατελλούσης,
1822 231 1836 256 ὁ

215 268 316 295 cidisse
325 267 382 302 jam
395 268 497 302 reliqua
513 267 595 303 Hydri
611 273 692 303 atque
705 270 870 297 Centaurum
883 279 890 302 ;
904 275 995 297 ortum

215 321 277 341 esse
292 319 356 340 vero
371 312 477 340 Piscem
493 315 639 341 australem
656 323 709 342 non
725 316 846 350 penitus.
867 315 914 343 sed
939 316 997 343 exi-

216 366 267 393 gua
286 358 378 385 relicta
391 363 487 393 parte;
505 359 566 386 item
582 360 760 388 Andromedrc
776 361 885 390 dextras
899 362 926 388 in
943 361 998 388 Ion-

215 404 363 440 gitudinem
380 409 483 439 partes.
500 406 627 434 Eudoxus
643 407 668 433 in
684 408 774 442 priore
788 409 996 441 commentario,

215 458 295 485 quem
323 455 433 479 secutus
458 456 499 479 est
523 453 633 485 Aratus,
660 454 740 480 etiam
764 455 853 481 Persei
873 455 996 482 dextram

215 503 325 522 manum
342 497 409 523 oriri
432 501 517 530 putat.
537 498 565 524 In
586 498 701 529 Enoptro
717 508 790 531 vero,
809 504 893 527 totum
919 501 998 536 126

215 541 252 568 ait
266 546 392 569 exortum
410 551 487 573 esse,
512 548 609 578 praeter
627 546 750 580 exiguam
774 550 894 580 partem;
913 548 997 583 llydri

214 590 305 613 autem
331 588 463 623 quidquid
490 589 524 616 ad
547 590 664 617 Corvum
691 599 777 626 usque
791 596 843 624 est,
860 593 995 622 occidere.

215 631 265 660 Hic
292 633 419 662 Eudoxus
438 641 550 663 eatenus
570 636 604 663 ab
626 638 819 671 apparentibus
839 639 997 674 discrepare

215 681 404 708 tantummodo
432 682 497 708 mihi
520 682 641 715 videtur,
668 684 738 717 quod
761 685 845 711 solum
876 686 996 713 dextram

217 736 327 755 manum
346 727 436 755 Persei
453 735 514 755 cum
532 729 652 762 Aquario
669 729 740 756 dicat
755 730 910 758 ascendere.
930 732 997 758 Nam

217 772 329 799 dimidia
346 772 400 800 fere
416 780 479 807 pars
492 773 578 808 ipsius
595 774 683 800 oritur
698 782 759 801 cum
779 775 907 810 Aquarin.
928 776 998 804 Sane

218 817 398 848 lucidissima,
412 826 473 852 quae
483 824 524 845 est
544 819 570 845 in
587 819 659 846 illius
676 827 799 854 corpore,
812 829 873 848 cum
886 822 997 856 Aquarii

217 866 292 896 parte
317 864 430 897 septima
452 871 484 890 ac
502 865 632 891 vicesima
658 867 809 901 consurgit.
837 867 871 893 At.
897 868 997 895 Aratus

218 907 330 939 fallitur.
360 909 480 944 Hydrum
497 911 659 938 existimans
683 915 769 938 totum
801 913 919 947 Aquario
941 914 998 940 ori-

216 957 278 980 cute
293 953 469 981 descendere.
482 954 587 982 Etenim
604 963 664 990 qua:
680 957 706 982 in
722 959 894 985 extremitate
906 960 999 986 caudae

217 1005 302 1032 supra
317 998 483 1026 Centaurum
503 1001 554 1027 sita
580 1005 622 1028 est
650 1002 737 1039 stella,
767 1003 867 1029 occidit
895 1004 998 1032 oriente

218 1043 362 1071 undecima
388 1050 464 1079 parte
494 1045 624 1073 Piscium.
662 1047 755 1075 Melius
773 1049 855 1083 igitur
870 1049 998 1078 Eudoxus

217 1091 317 1117 asserit
346 1089 429 1125 llydri
457 1092 570 1118 caudam
596 1093 684 1119 adhuc
713 1102 775 1121 esse
797 1094 943 1123 residuam.
969 1095 997 1123 ln

218 1134 356 1161 Centauro
367 1135 438 1162 idem
456 1143 533 1163 error
549 1137 701 1172 utriusque.
713 1138 769 1165 Non
782 1139 853 1166 enim
868 1144 940 1168 totus
956 1149 999 1168 0c-

217 1186 312 1206 easum
338 1179 401 1207 fecit
423 1182 595 1208 commodum
618 1184 768 1210 orientibus
787 1184 928 1217 Piscibus;
950 1185 998 1213 sed

217 1223 354 1249 anteriora
369 1224 442 1252 illius
458 1225 546 1252 adhuc
573 1234 654 1261 supra
679 1227 846 1255 horizontem
867 1230 996 1258 eminent.

217 1266 322 1302 Quippe
350 1273 442 1303 caput,
461 1277 494 1296 ac
516 1269 610 1297 dexter
630 1271 716 1305 ipsius
743 1271 871 1299 humerus
886 1273 999 1300 orienti-

217 1312 269 1340 bus
283 1312 407 1342 Piscibus
422 1316 603 1343 occultautur.
619 1316 647 1343 lu
669 1318 781 1345 australi
795 1326 905 1354 quoque
920 1319 998 1347 Pisce

216 1359 297 1386 ambo
325 1360 426 1394 pariter
453 1365 548 1388 contra
573 1362 652 1390 tidem
669 1365 856 1399 apparentium
873 1371 997 1400 peccant,

217 1404 281 1431 dum
296 1413 357 1432 eum
378 1406 547 1434 arbitrantur
562 1408 695 1443 integrum
715 1409 771 1437 fere
794 1418 856 1437 cum
877 1412 998 1446 Aquario

217 1451 412 1479 conscendere.
435 1452 502 1480 Nam
518 1462 533 1481 e
554 1455 693 1482 contrario
710 1457 827 1484 maxima
851 1465 914 1492 pars
939 1458 998 1492 ejus

217 1503 279 1523 cum
293 1497 418 1525 Piscibus
434 1499 530 1526 oritur.
544 1499 651 1528 Etenim
669 1502 817 1530 australior
831 1510 925 1530 earum
937 1512 998 1538 quae

218 1547 281 1569 sunt
296 1542 322 1568 in
339 1543 435 1576 cauda,
453 1552 515 1571 cum
532 1549 609 1580 parte
624 1547 705 1573 tertia
717 1547 836 1575 Piscium
854 1549 996 1583 exoritur;
1011 1561 1033 1591 ε

218 1587 308 1614 lucida
324 1595 388 1615 vero
404 1598 464 1624 quae
477 1595 518 1618 est
536 1591 563 1618 in
582 1596 683 1626 rostro,
695 1600 757 1620 cum
779 1593 895 1622 Piscium
912 1596 996 1624 altera

218 1635 245 1659 et
260 1633 399 1660 vicesima.

252 1732 281 1759 ln
297 1733 470 1761 Andromeda
493 1743 606 1769 prorsus
628 1736 708 1764 ambo
734 1737 840 1772 decepti
861 1745 940 1772 sunt;
974 1739 997 1767 si

218 1777 325 1812 quidem
343 1787 396 1806 non
411 1780 499 1806 oritur
510 1787 572 1807 cum
589 1781 709 1816 Aquario
721 1787 748 1810 et
764 1783 898 1816 Piscibus,
916 1789 945 1811 ut
958 1785 997 1812 illi

218 1823 322 1855 volunt,
339 1825 386 1851 sed
404 1832 465 1852 cum
477 1825 644 1861 Capricorno
659 1831 686 1855 et
699 1827 829 1863 Aquario.
846 1830 912 1857 Nam
925 1831 999 1865 prior

218 1869 331 1897 sinistra
346 1878 444 1898 manus
460 1871 533 1899 illius
553 1873 642 1900 oritur
657 1882 718 1901 cum
732 1875 820 1903 medio
833 1876 889 1903 fere
906 1877 1000 1912 Capri-

218 1924 322 1948 corno;
356 1921 571 1952 pOSII‘BmaNEI'O
596 1919 690 1948 dextra
714 1923 903 1959 cuquuar'ti
922 1928 1000 1959 parte

218 1962 345 1990 vicesima
362 1969 458 1999 quarta
475 1967 571 1994 oritur.

254 2062 322 2091 XVI.
349 2064 386 2092 De
411 2066 510 2093 Arietis
537 2070 597 2094 ortu
620 2067 689 2096 falso
707 2069 744 2096 ita
765 2070 860 2097 scribit
878 2071 996 2099 Aratus:

219 2107 393 2137 Andromedw
401 2110 494 2137 dextra
510 2111 599 2139 Pisces

221 2221 277 2256 Ipsi
294 2224 441 2250 attrahunt.
458 2223 573 2252 Sinistra
585 2234 643 2253 vero
659 2226 691 2252 ab
704 2227 756 2254 imo
772 2227 852 2254 trahit

219 2258 295 2293 Aries
309 2260 438 2289 exoriens.
454 2267 504 2293 quo
517 2261 597 2287 etiam
613 2262 712 2288 oriente

219 2291 258 2319 Ab
283 2301 377 2320 occasu
403 2291 565 2328 prospexeris
589 2297 690 2328 Aram,
713 2302 833 2324 ueterum
862 2298 888 2325 in
914 2298 998 2326 altera

942 2339 998 2360 arte

221 2363 311 2390 Persei
325 2364 434 2391 orientis
454 2368 555 2391 tantum
573 2371 652 2398 caput
670 2371 694 2392 et
709 2366 840 2395 humeros.
923 2341 940 2368 Ρ

221 2398 413 2437 (pugnantem
425 2399 555 2437 cingulum
568 2402 648 2427 etiam
664 2401 814 2436 ambiguum
831 2402 911 2437 fuerit

219 2434 261 2461 An
272 2434 359 2461 Ariete
374 2434 507 2461 desinente
523 2441 658 2470 appareat,
676 2445 710 2464 au
730 2434 778 2464 sub
794 2434 892 2466 Tauro.

253 2501 331 2528 Hunc
348 2501 375 2528 in
400 2501 509 2528 modum
536 2506 690 2538 postremus
717 2513 814 2533 versus
835 2506 996 2541 concipitur.

219 2546 352 2574 Credibile
366 2550 406 2574 est
423 2555 504 2582 porro
516 2555 564 2582 per
585 2556 704 2577 errorem
720 2551 838 2585 positum
850 2559 910 2579 esse
922 2559 988 2578 voca

220 2592 326 2626 bulum,
338 2594 480 2620 desinente.
495 2593 563 2621 Nam
578 2595 612 2622 ab
627 2595 686 2630 ipso
706 2597 798 2630 operis
813 2597 889 2623 initio
903 2597 996 2631 signo-

219 2646 279 2664 rum
298 2638 418 2665 omnium
433 2639 567 2674 principia
587 2640 613 2667 in
625 2641 730 2668 oriente
745 2641 869 2673 collocat,
883 2650 936 2668 non
949 2649 997 2668 au-

220 2689 272 2710 tem
290 2684 389 2715 media,
403 2685 446 2711 vel
461 2685 625 2713 desinentia.
636 2685 664 2712 ln
680 2687 786 2713 caneris
806 2688 878 2714 enim
901 2687 997 2714 asteri-

221 2730 286 2756 smis
305 2734 396 2764 partes
412 2731 470 2758 alite
484 2732 570 2767 signis
586 2732 706 2759 dimidiis
719 2733 832 2764 exortis,
855 2734 914 2760 alia:
930 2734 998 2761 inci-

221 2774 365 2808 pientibus,
399 2780 445 2803 aut
472 2777 672 2809 desinentibus,
689 2782 775 2810 ortus,
793 2785 942 2807 occasusve
957 2780 996 2807 ia-

255 2854 318 2886 '-'"[.
333 2856 493 2883 ἁντιδέδυκε.
515 2858 536 2872 ⁸⁸³
552 2856 627 2891 Apud
643 2857 751 2883 Aratum
766 2857 797 2884 τὰ
812 2857 884 2890 δεξιᾶ
897 2859 994 2892 χειρός.

1013 893 1034 920 Β

1048 268 1097 303 μὲν
1107 270 1221 304 ’Ἄρατός
1233 279 1314 305 φησιν
1326 270 1463 297 δεδυκέναι
1479 271 1513 298 τά
1533 281 1562 298 τε
1573 271 1653 301 λοιπὰ
1668 273 1716 300 τοῦ
1732 275 1836 310 Ὕδραν

1047 314 1094 340 καὶ
1119 315 1163 341 τὸν
1191 315 1360 352 Κένταυρον·
1385 318 1591 346 ἀνατεταλκέναι
1616 320 1644 346 δὲ
1670 321 1716 347 τὸν
1745 322 1836 348 νότιον

1054 359 1139 394 Ἰχθὺν
1155 360 1202 395 οὐχ
1227 361 1296 393 ὅλον,
1319 362 1387 388 ἀλλὰ
1406 363 1480 399 παρὰ
1504 364 1616 399 μικρόν⁸
1635 365 1681 391 καὶ
1702 366 1755 400 τῆς
1777 367 1836 392 Ἀν-

1047 405 1178 441 δρομέδας
1194 407 1227 433 τὰ
1247 407 1320 439 δεξιὰ
1345 408 1414 444 μέρη
1432 410 1501 436 κατὰ
1525 409 1611 445 μῆκος
1623 419 1630 426 ·
1645 411 1699 438 οδὲ
1719 412 1836 444 Εεδςηᾷς

1047 452 1075 476 ἐν
1091 451 1139 485 μὲν
1153 452 1191 487 τῷ
1205 456 1229 478 α’
1250 453 1427 489 συντάγματι.
1445 452 1466 488 ᾦ
1482 455 1512 490 δὴ
1530 457 1575 482 καὶ
1598 457 1612 482 6
1628 457 1747 492 Ἄρατος
1767 467 1836 484 κατι

1047 497 1198 531 ακολουθεῖ,
1212 498 1319 525 καὶτοῦ
1339 500 1464 536 Περσέως
1483 502 1532 537 τὴν
1551 502 1638 535 δεξιὰν
1657 504 1738 538 χεῖρά
1751 513 1838 540 φησιν

1047 542 1208 569 ἀνατέλλειν.
1230 544 1274 570 Ἑν
1289 545 1317 570 δὲ
1333 546 1371 580 τῷ
1390 546 1533 580 Ἐνόπτρῳ
1554 547 1613 573 ὅλον
1629 548 1711 574 αὐτὸν
1737 549 1835 575 ἀνατε-

1047 588 1172 615 ταλκέναι
1190 589 1263 624 παρὰ
1285 591 1383 626 μικροῦ
1405 600 1492 624 τινος
1509 592 1555 618 τοῦ
1576 592 1604 619 δὲ
1622 593 1724 629 ⁶¹Υδρου
1739 595 1769 620 τὸ
1785 596 1835 630 μὲ-

1047 642 1091 669 χρι
1107 635 1174 669 πρὸς
1187 635 1231 660 τὸν
1248 636 1360 671 Κόρακα
1378 636 1474 664 δύνειν,
1492 639 1569 664 Δοκεῖ
1583 638 1610 665 δέ
1627 648 1673 674 μοι
1688 641 1703 666 6
1718 640 1834 673 E56636;

1048 679 1112 714 περὶ
1130 679 1175 706 τοῦ
1194 681 1317 715 Περσέως
1334 682 1404 708 κατὰ
1418 683 1494 710 τοῦτο
1509 684 1588 718 μόνον
1601 684 1749 720 διαφωνεῖν
1767 687 1834 722 πρὶς

1047 725 1078 751 τὸ
1091 726 1259 761 φαινόμενον,
1278 727 1337 752 καθ’
1351 728 1411 754 ὅσον
1427 729 1508 763 φησὶν
1524 729 1607 765 αὐτὴν
1626 731 1708 765 μόνον
1728 732 1778 767 τὴν
1794 733 1835 759 δε-

1050 770 1108 803 ξιὰν
1118 773 1195 806 χεῖρα
1207 773 1407 800 συνανατέλλειν
1419 773 1458 809 τῷ
1477 775 1618 810 ’Υδροχόςλ
1633 777 1670 802 T6
1681 777 1738 812 γὰρ
1749 778 1833 812 ἥμισυ

1050 817 1141 852 σχεδὸν
1161 818 1241 844 αὑτοῦ
1266 819 1348 854 μέρος
1368 819 1406 854 τῷ
1428 820 1560 856 ’Υδροχόῳ
1588 823 1798 849 συνανατέλλει·
1822 825 1834 849 6

1049 863 1113 896 γοῦν
1132 864 1160 889 ὲν
1178 863 1251 899 μέσῳ
1268 864 1305 899 τῷ
1327 865 1430 900 σώματι
1447 866 1570 902 λαμπρὸς
1593 868 1692 900 ἱκανῶς
1708 869 1799 904 ἀστὴρ
1814 870 1834 900 ζ’

1049 907 1095 932 καὶ
1126 910 1150 933 κ’
1179 908 1233 942 μοί.
1261 908 1308 935 τοῦ
1329 909 1468 945 ’Υδροχόου
1499 912 1724 946 συναναφέρεται.
1753 914 1783 939 Ὀ
1808 914 1834 940 δὲ

1050 951 1165 985 Ἄρατος
1178 951 1287 986 ἀγνοεῖ,
1302 952 1347 979 τὸν
1364 953 1460 989 ’Ύδρον
1475 954 1533 981 ὅλον
1551 955 1589 990 τῷ
1611 956 1749 993 ’Υδροχόῳ
1772 959 1835 985 ὑπο-

1047 995 1190 1030 λαμϐάνων
1216 997 1450 1026 ἀντικαταδύνειν·
1466 1001 1481 1027 6
1502 1001 1555 1036 γὰρ
1573 1003 1602 1029 ὲν
1622 1003 1694 1038 ἄκρᾳ
1712 1006 1746 1039 τῇ
1769 1006 1836 1041 οὐρᾷ

1048 1041 1117 1077 ὑπὲρ
1139 1042 1186 1077 τὴν
1207 1044 1327 1079 κεφαλὴν
1351 1045 1398 1071 τοῦ
1425 1047 1579 1082 Κενταύρου
1603 1049 1730 1084 κείμενος
1747 1051 1834 1083 δύνει,

1048 1086 1244 1123 ἀνατελλούσης
1259 1089 1309 1123 τῆς
1323 1093 1356 1116 ια’
1374 1090 1427 1125 μοί.
1442 1091 1495 1118 τῶν
1518 1093 1635 1128 Ἰχθύων.
1659 1095 1771 1122 Βέλτιον
1790 1095 1835 1122 οὖν

1048 1133 1062 1158 6
1075 1132 1186 1165 Εὔδοξος
1202 1134 1389 1167 ἀποφαίνεται,
1407 1136 1492 1171 λέγων
1507 1137 1554 1164 τοῦ
1572 1139 1671 1174 ’Υδρου
1687 1140 1740 1176 τὴν
1753 1142 1835 1177 οὐρὰν

1049 1176 1087 1202 ἔτι
1103 1177 1304 1206 ὑπολείπεσθαι.
1320 1180 1386 1216 Περὶ
1406 1181 1433 1207 δὲ
1448 1182 1493 1208 τοῦ
1509 1183 1663 1219 Κενταύρου
1682 1176 1834 1220 ἀμφότεροι

1048 1222 1199 1256 ἀγνοοῦσιν.
1220 1225 1256 1251 Οὐ
1273 1225 1326 1261 γὰρ
1346 1227 1405 1258 ὅλος
1419 1227 1451 1254 ἂν
1472 1228 1579 1255 δέδυκεν
1587 1230 1631 1262 τ⁹⁸,
1647 1230 1702 1257 τῶν
1725 1232 1835 1267 Ἰχθύων

1048 1269 1206 1305 ἀρχομένων
1233 1273 1413 1308 ἀναφέρεσθαι
1425 1283 1431 1289 ·
1452 1275 1508 1301 ἀλλ’
1523 1275 1561 1302 ἔτι
1581 1277 1663 1303 αὐτοῦ
1680 1278 1716 1304 τὰ
1732 1280 1833 1315 ὲμπρὸ-

1049 1315 1111 1342 σθια
1131 1317 1199 1353 ὑπὲρ
1215 1318 1259 1345 τὸν
1274 1319 1398 1355 ὁρίζοντά
1413 1322 1496 1350 ἐστιν.
1517 1323 1547 1349 Ἠ
1564 1324 1617 1360 γὰρ
1637 1326 1746 1362 κεφαλὴ
1760 1329 1833 1354 καὶὸ

1047 1360 1132 1394 δεξιὸς
1152 1360 1226 1398 ὦμος
1242 1365 1322 1392 αὑτοῦ
1337 1368 1392 1398 τοῖς
1407 1367 1519 1402 Ἰχθύσιν
1541 1369 1759 1398 ἀντικαταδὺνει.
1776 1374 1833 1399 Au-

1049 1408 1165 1441 φωνοῦσι
1188 1410 1216 1436 δὲ
1238 1410 1385 1447 ἀμφότεροι
1401 1413 1467 1448 πρὸς
1483 1414 1514 1440 τὸ
1530 1416 1690 1451 φαινόμενον
1706 1419 1754 1444 καὶ
1772 1420 1832 1454 περὶ

1048 1453 1095 1479 τοῦ
1112 1454 1196 1481 νοτίου
1217 1456 1404 1490 Ἰχούος,-ὅλον
1416 1459 1495 1486 αὐτὸν
1511 1459 1623 1494 ἔγγιστα
1636 1461 1676 1496 τῷ
1699 1453 1833 1499 Ὑδροχόιρ

1049 1499 1282 1535 ὑπολαμὸἀνοντες
1306 1504 1514 1532 συνανατέλλειν.
1541 1506 1700 1534 Τούναντίον
1729 1509 1784 1545 γὰρ
1806 1510 1838 1536 τὰ

1049 1546 1140 1573 πλεῖον
1155 1547 1236 1574 αὑτοῦ
1253 1549 1336 1584 μέρος
1357 1551 1412 1582 τοῖς
1433 1551 1530 1586 Ἰχθύσι
1554 1554 1781 1589 συναναφέρεται,
1806 1556 1832 1581 ’0

1050 1592 1100 1626 μὲν
1115 1592 1169 1629 γὰρ
1183 1594 1339 1630 νοτιώτερος
1352 1595 1405 1622 τῶν
1422 1597 1450 1623 ἐν
1468 1599 1501 1633 τῇ
1518 1597 1585 1633 οὐρᾷ
1609 1600 1641 1634 τῇ
1661 1602 1685 1633 γ’
1701 1601 1758 1635 μοί.
1783 1601 1832 1627 τῶν

1055 1638 1163 1674 Ἰχθύων
1179 1640 1379 1667 ωνανατέλλει·
1395 1643 1409 1668 6
1420 1642 1448 1669 δὲ
1463 1643 1491 1670 ὲν
1504 1643 1542 1679 τῷ
1555 1644 1649 1680 ῥύγχει
1662 1646 1790 1683 λαμπρὸς
1802 1649 1831 1683 7f,

1049 1687 1073 1709 α’
1086 1684 1132 1710 καὶ
1146 1688 1168 1710 κ’
1183 1685 1237 1719 μοί,
1253 1686 1306 1713 τῶν
1327 1687 1444 1722 Ἰχθύων.

1083 1741 1150 1776 Περὶ
1171 1741 1198 1767 δὲ
1221 1742 1270 1777 τῆς
1292 1743 1467 1779 Ἀνδρομέδας
1491 1746 1640 1783 ὁλοσχερῶς
1665 1749 1833 1785 ἠγνοήκασιν

1049 1787 1209 1822 ἀμφότεροι·
1237 1788 1266 1814 οὐ
1292 1789 1344 1824 γὰρ
1371 1790 1410 1825 τῷ
1427 1791 1559 1828 Ὑδροχόῳ
1587 1794 1633 1820 καὶ
1654 1795 1712 1826 τοῖς
1736 1795 1832 1830 Ἰχθύπ

1049 1832 1247 1865 συνανατέλλει,
1264 1833 1301 1865 ὡς
1313 1831 1384 1862 οὗτοι
1399 1844 1490 1870 φασιν,
1504 1837 1572 1864 ἀλλὰ
1585 1838 1624 1872 τῷ
1634 1839 1778 1875 Αὲτόκερῳ
1789 1841 1831 1866 καὶ

1048 1878 1087 1914 τῷ
1104 1878 1245 1914 Ὑδροχόῳ.
1266 1879 1363 1916 Πρώτη
1388 1882 1438 1917 μὲν
1454 1883 1506 1918 γὰρ
1523 1884 1539 1919 ὴ
1553 1884 1685 1921 ἀριστερὰ
1706 1886 1770 1921 χεὶρ
1787 1888 1831 1913 αὑ-

1048 1924 1097 1959 τῆς
1125 1927 1311 1954 συνανατέλλει
1348 1927 1422 1963 μέσῳ
1457 1929 1572 1964 μάλιστα
1600 1931 1638 1966 τῷ
1667 1932 1831 1968 Αἰγόκερῳ·

1048 1971 1148 2008 ἐσχάτη
1156 1972 1199 1999 ’δὲ
1215 1973 1231 2009 ὴ
1252 1967 1327 2007 δεξιὰ
1347 1975 1558 2010 συναναφέρεται
1572 1977 1605 2011 τῇ
1627 1975 1648 2002 δ’
1673 1978 1722 2004 καὶ
1738 1982 1762 2004 κ’
1779 1978 1830 2013 μοι.

1048 2018 1095 2044 τοῦ
1114 2019 1265 2055 Ύδροχόου.

1085 2076 1143 2109 tq’.
1160 2076 1228 2112 Περὶ
1247 2077 1275 2104 δὲ
1301 2077 1352 2113 τῆς
1369 2078 1416 2104 τοῦ
1436 2079 1521 2114 Κριοῦ
1536 2078 1668 2114 ἀνατολῆς
1681 2080 1695 2106 6
1717 2080 1834 2115 Ἄρατος

1048 2120 1144 2156 λέγων,
1163 2122 1201 2150 Τὰ
1209 2122 1268 2157 μὲν
1281 2123 1374 2158 δεξιὰ,
1385 2125 1465 2160 φησὶν
1475 2125 1508 2156 ⁸⁸,
1523 2124 1578 2159 τῆς
1598 2125 1795 2160 Ἀνδρομέδας
1808 2127 1833 2152 ct

1054 2164 1163 2201 Ἰχθύες

1013 2229 1038 2259 1)
1049 2232 1140 2270 Αὐτοὶ
1151 2233 1327 2268 ἐφέλκονται
1337 2245 1343 2252 -
1358 2235 1394 2262 τὰ
1403 2235 1430 2262 δ’
1444 2236 1583 2270 ἀριστερὰ
1594 2238 1711 2264 νειόθεν
1724 2238 1807 2265 ἕλκει

1048 2268 1137 2306 ζιζριὸς
1153 2270 1366 2306 ἀνερχόμενος
1379 2271 1432 2297 τοῦ
1446 2268 1494 2297 zeal
1510 2268 1782 2306 περιτελλομένοιο,

1054 2303 1232 2338 Ἐσπερόθεν
1242 2313 1294 2331 κεν
1305 2305 1378 2332 ἴδοιο
1392 2303 1553 2340 Θυτήριονῖ
1565 2303 1711 2340 αὺτὰρὲν
1725 2308 1806 2342 ἄλλῃ

1048 2372 1178 2410 Περσέος
1190 2373 1388 2410 ᾲντέλλοντος
1399 2374 1655 2410 ὅσονγκεφαλήνντε
1663 2375 1713 2401 καὶ
1723 2376 1831 2410 ὤμους.

1048 2407 1129 2441 Αὐτὴ
1146 2407 1179 2443 (Σὲ
1192 2407 1275 2440 ζώνη,
1293 2409 1342 2435 καί
1357 2409 1384 2435 κ’
1400 2407 1570 2443 ἀμφήριοττα
1586 2409 1719 2442 πέλοιτο,

1049 2443 1083 2469 Ἡ
1095 2442 1170 2476 Κριῷ
1181 2443 1306 2477 λήγοντι
1318 2442 1477 2478 φαείνεται,
1495 2445 1513 2478 ἢ
1524 2444 1573 2470 ἐπὶ
1589 2445 1698 2478 Ταύρῳ.

1047 2509 1184 2545 Γράφεται
1204 2509 1252 2544 μὲν
1265 2509 1350 2542 οὕτως
1364 2511 1377 2536 6
1392 2510 1503 2545 ἔσχατος
1517 2510 1618 2546 στίχος*
1634 2511 1709 2543 εἰκὸς
1725 2512 1830 2547 μέντοι·

1047 2562 1080 2588 γε
1094 2554 1239 2590 ἠγνοῆσθαι
1260 2555 1304 2588 τὸ,
1320 2554 1451 2590 λήγοντι.
1476 2555 1518 2588 Ἐξ
1539 2555 1625 2591 ἀρχῆς
1643 2556 1699 2592 γὰρ
1726 2557 1829 2583 πάντων

1046 2599 1101 2625 τῶν
1118 2599 1220 2630 ζωδίων
1231 2598 1280 2630 τὰς
1295 2599 1380 2634 ἀρχὰς
1396 2599 1442 2625 ὲπὶ
1454 2600 1503 2635 τῆς
1521 2601 1652 2636 ἀνατολῆς
1663 2601 1826 2633 ὑποτίθεται,

1049 2645 1096 2670 καὶ
1113 2645 1173 2680 οὐχὶ
1191 2644 1324 2679 μεσοῦντα
1340 2644 1356 2678 ἢ
1375 2645 1502 2679 λήγοντα.
1520 2645 1580 2671 Ἐπὶ
1595 2645 1649 2681 γὰρ
1670 2645 1726 2672 τῶν
1746 2646 1826 2672 ἄλλων

1048 2691 1155 2725 ἄστρων
1171 2689 1233 2716 τινὰ
1251 2690 1299 2725 μὲν
1318 2689 1388 2725 μέρη
1402 2689 1553 2725 μεσούντων
1567 2689 1621 2716 τῶν
1636 2689 1756 2722 ζωδίων,
1770 2689 1825 2715 τινὰ

1047 2736 1071 2763 δ’
1084 2736 1271 2772 ἀρχομένωνῆ
1294 2737 1429 2772 ληγόντων
1446 2737 1527 2770 δύνει,
1550 2736 1566 2771 ῆ
1586 2737 1738 2764 ἀνατέλλει.
1751 2736 1824 2762 Ὅθεν

1049 2782 1095 2808 καὶ
1116 2783 1130 2808 6
1149 2782 1278 2814 ’Ἄτταλος
1300 2782 1368 2810 κατὰ
1395 2782 1444 2817 μὲν
1468 2782 1544 2808 τοῦτο
1563 2781 1652 2816 ὀρθῶς
1677 2781 1822 2817 συνεώραῑε
