1898 3145
68 145 139 173 1039

561 144 743 175 illPPAltCiIl
763 148 808 175 AD
829 148 1054 178 PIUENOMENA
1073 151 1136 178 LIB.
1156 148 1187 179 ll.

1616 158 1685 186 1090

69 202 99 228 τὺ
115 200 238 236 ἀγνόημα
249 207 257 215 ‘
277 200 323 227 καὶ
343 200 383 227 δεῖ
400 209 440 227 τοι
457 200 474 236 ἢ
491 201 528 234 ὡς
548 203 650 236 ἐκεῖνός
666 213 731 240 φησι
746 206 824 241 γράφε

877 214 886 238 ι
901 208 987 235 ciunt.
1001 207 1068 234 llinc
1083 209 1190 236 Attalus
1200 213 1276 236 recte
1295 209 1345 236 hoc
1363 209 1471 245 quidem
1488 212 1684 242 animadvertit

71 248 132 274 σθαι
146 254 153 261 ·

898 258 1029 281 erratum.
1053 253 1090 281 'Et
1102 255 1214 282 omnino
1228 255 1280 287 vel,
1306 260 1336 283 ιιι
1348 257 1387 283 illi
1399 257 1499 291 placet,
1521 259 1558 286 ita
1573 260 1683 288 confor-

841 303 845 310 ‘
898 299 1014 327 mundus
1027 304 1070 327 est
1084 300 1129 327 ille
1143 308 1238 328 versus
1256 311 1262 328 :

70 326 104 352 ‘H
117 325 193 360 Κριῷ
207 325 320 352 ἀνιόντι
335 326 496 360 φαείνεται,
511 327 531 362 ἢ
547 327 597 354 ἐπὶ
617 329 730 363 Ταύρῳ·
761 357 766 361 ,
796 355 800 359 ,

68 371 83 406 ἦ
97 371 128 407 νὴ
146 371 194 398 Δία
209 370 294 403 οὕτως
304 379 311 386 ·

67 418 100 444 Ἦ
113 416 188 451 Κριῷ
201 416 339 451 λήγουσα
351 417 503 452 φαείνεται
516 428 522 434 ·

65 460 134 487 ὥστε
148 460 188 494 τὸ,
200 460 347 495 λήγουσα,
364 462 409 488 ἐπὶ
422 463 471 498 τὴν
488 462 575 500 ζώνην
587 464 779 501 ἀναφέρεσθαι.
797 467 847 493 Λέ-

65 506 128 541 ληθε
145 506 267 541 μέντοιγε
288 507 368 534 αὐτὸν
384 508 414 534 τὸ
430 508 552 544 βούλημα
571 510 617 536 τοῦ
633 511 744 546 ποιητοῦ
756 512 801 538 καὶ
817 513 845 539 ὲν

63 551 178 582 τούτοις.
196 551 278 585 Λέγει
297 551 350 587 γὰρ
366 552 465 585 οὕτως·
487 553 581 589 Ὴμεῒς
600 555 702 589 μέντοι
727 557 776 583 καὶ
797 557 846 584 ἐπὶ

65 597 158 629 τούτῳ
172 597 212 630 τῷ
221 606 252 624 τε
265 598 372 633 ποιητῇ
384 599 550 634 συμφώνως
563 602 611 627 καὶ
630 601 691 635 τοῖς
707 603 845 637 φαινομέ-

61 651 124 676 νοις
142 644 313 677 ἀκολούθως
325 644 443 679 οὶόμεθα
455 645 518 672 δεῖν
532 646 696 681 γράφεσθαι
711 647 745 674 τὸ
759 649 844 682 ποίη-

58 696 100 721 μα
113 687 167 714 τὸν
183 689 293 722 τρόπον
305 688 427 717 τοῦτον·

60 744 139 783 ἐι)ζῂ
154 745 188 783 δε
298 746 348 773 καί
367 747 392 783 κέ
405 747 575 782 ἀμφήριστα
590 748 719 783 πέλοιτο,

62 776 94 819 :1!
107 776 184 819 Κριοῦ
196 776 317 819 ἀνιόντι
324 776 493 819 φαείνει-ξιξ
502 782 520 817 ἢ
537 784 585 810 ἐπὶ
604 785 712 819 Ταύρῳ.

60 815 119 841 Σὺν
137 814 178 847 τῷ
195 814 350 850 πασσυδίῃ
365 814 567 845 ἀνελισσεέται.

900 344 938 370 An
954 345 1001 371 sub
1015 346 1103 372 Ariete
1118 347 1269 374 ascendente
1287 353 1422 382 appareat,
1440 348 1479 376 uel
1492 350 1539 376 sub
1554 349 1653 383 Tauro,

897 389 939 416 vel
952 389 978 416 in
998 389 1071 417 hunc
1089 395 1163 418 certe
1178 392 1304 419 modum:

896 433 938 459 An
952 433 1000 460 sub
1017 435 1105 462 Ariete
1120 435 1240 463 desinens
1261 444 1398 472 appareat,

897 483 927 506 ut
949 481 1120 516 participium
1149 483 1269 510 desinens
1304 483 1337 511 ad
1365 485 1502 520 cingulum
1533 487 1677 521 pertineat.

895 525 1079 555 Nihilominus
1093 532 1183 556 tamen
1199 537 1213 556 a
1229 533 1315 564 pocla:
1333 531 1468 558 sententia
1484 533 1565 559 ctiam
1583 533 1609 560 in
1634 534 1678 562 his

896 571 1013 600 aberrat.
1027 573 1064 600 Ita
1078 574 1178 608 quippe
1194 575 1289 602 scribit
1319 585 1325 602 :
1346 575 1402 603 Nos
1417 582 1504 604 autem
1526 579 1553 605 in
1568 587 1598 606 eo
1614 587 1678 606 con-

895 624 1014 646 sentanee
1035 628 1092 646 cum
1108 625 1196 654 poeta,
1213 625 1237 647 et
1262 623 1444 656 appar-entiam
1467 624 1520 658 [ille
1547 626 1677 652 credimus

894 662 932 688 ita
945 671 1031 690 versus
1046 664 1106 690 illas
1118 673 1173 692 esse
1185 666 1334 694 scribendas
1345 675 1353 693 :

893 749 989 794 I‘psum.
1001 757 1088 794 autem
1102 754 1235 794 cingulum
1250 756 1330 782 etiam
1342 758 1494 793 ambiguum
1507 761 1589 794 fuerit

893 786 932 826 An
948 786 994 812 sub
1010 787 1097 814 Ariete
1110 786 1263 826 ascendente
1277 786 1462 826 appareatfan
1478 786 1525 821 su’b
1540 786 1638 825 Tauro.

893 820 958 847 Cum
973 830 1023 855 quo
1037 824 1191 850 cumulatim
1207 820 1357 854 revolvitur.

64 867 143 895 Ἐπεὶ
166 869 236 903 γὰρ,
248 869 415 904 μέλλοντος
432 871 485 898 τοῦ
504 872 596 906 Κριοῦ
614 873 806 907 ἀνατέλλειν,

926 876 992 904 Cum
1006 879 1074 904 enim
1089 879 1203 908 instante
1212 882 1308 910 Arietis
1320 889 1390 916 ortu,
1405 885 1514 914 Perseus
1529 889 1598 916 citra
1611 899 1672 917 coii-

57 915 188 948 Περσεὺς
203 917 444 951 ὁμολογουμένως
457 917 545 952 μέχρι
568 918 626 946 τῶν
647 919 733 954 ὤμων
746 921 838 955 ἐκφα-

56 961 110 994 νὴς
132 961 255 995 γίνεται·
276 962 335 996 ἅμα
355 962 389 988 δὲ
411 962 451 996 τῷ
474 963 620 998 ἄρξασθαι
640 966 838 1000 ἀναφέρεσθαι

55 1006 106 1032 τὸν
122 1007 226 1040 Κριὸν,
241 1008 348 1041 εὐθέως
362 1009 490 1043 ἔκδηλος
509 1011 528 1044 ἠ
546 1011 598 1038 τοῦ
612 1012 748 1046 Περσέως
764 1012 837 1047 ζώνη

55 1053 178 1087 γίνεται,
195 1053 242 1081 διὰ
261 1054 294 1081 τὸ
310 1055 410 1089 ,ϐραχὺ
429 1056 583 1090 παντελῶς
606 1059 837 1092 παραλλάσσειν

55 1097 105 1132 τῆς
120 1099 174 1126 τοῦ
187 1100 277 1133 Κριοῦ
292 1101 388 1136 ἀρχῆς
403 1102 458 1136 τὴν
475 1102 568 1137 φάσιν
582 1103 676 1138 αὐτῆς
686 1113 692 1120 ·
708 1105 835 1136 διστάζει

55 1144 179 1178 πότερον
192 1145 267 1172 κατὰ
281 1145 337 1180 τὴν
351 1147 404 1173 τοῦ
423 1147 512 1182 Κριοῦ
524 1147 691 1182 μέλλοντος
711 1150 835 1177 ἀνατέλ-

51 1191 115 1216 ,Ίειν
134 1190 236 1224 ἀρχὴν
252 1192 398 1225 ὑπόθηται
415 1194 528 1227 φανερὰ
540 1194 560 1209 ⁸¹
580 1193 639 1228 ἤδη
657 1195 800 1230 γίνεσθαι·
814 1196 832 1231 ἢ

52 1234 96 1261 ἐπὶ
117 1235 150 1261 τὸ
166 1235 287 1270 μᾶλλον
307 1239 544 1274 ὁμολογούμενον
558 1241 648 1275 ἔλθῃ·
664 1241 757 1274 διότι,
781 1241 833 1268 τοῦ

56 1281 163 1314 Ταύρου
182 1281 350 1316 μέλλοντος
374 1284 590 1320 ἀναφέρεσθαι,
609 1287 742 1322 ἐκφανής
766 1289 832 1315 ἐστι

51 1324 100 1351 τοῦ
113 1327 249 1361 Περσέως
266 1329 284 1363 ή
306 1328 378 1364 ζώνη
392 1331 467 1365 μετὰ
484 1332 537 1359 τοῦ
558 1333 665 1360 λοιποῦ
684 1333 830 1369 σώματος.

51 1371 101 1398 Καὶ
112 1372 219 1400 τοῦτον
238 1375 291 1401 τὸν
305 1377 415 1409 τρόπον
435 1378 620 1413 γραφομένου
634 1379 687 1406 τοῦ
707 1380 832 1415 ποιήμα-

891 923 1044 948 ιγυιιενδίαηι
1064 924 1177 952 humeris
1198 930 1271 953 lenus
1283 935 1425 962 appareat;
1441 932 1599 968 simulatque
1613 944 1671 963 vero

890 967 965 1000 coepit
995 967 1071 994 Aries
1099 969 1246 1003 ascendere,
1268 974 1357 999 statim
1380 977 1521 1010 conspicua
1543 967 1577 1005 sit
1604 989 1671 1008 zona

891 1011 990 1046 Persei,
1020 1022 1067 1047 pro
1088 1023 1117 1041 eo
1144 1016 1212 1050 quod
1229 1020 1399 1053 perpusillum
1425 1021 1458 1048 ab
1480 1023 1577 1051 Arietis
1594 1026 1670 1053 initio

889 1057 969 1085 distet
984 1060 1056 1086 illius
1069 1063 1217 1094 apparitio;
1227 1064 1337 1100 ambigit
1351 1071 1437 1100 poeta,
1453 1077 1515 1095 num
1533 1071 1581 1096 sub
1592 1073 1670 1099 Arie-

889 1105 921 1130 tis
939 1107 1010 1131 ortui
1024 1108 1255 1142 appropinquantis
1272 1111 1376 1138 initium
1387 1121 1511 1146 apparere
1524 1115 1582 1149 jam
1594 1117 1670 1145 illam

888 1156 999 1182 asserat,
1020 1161 1054 1178 an
1075 1153 1102 1178 id
1124 1160 1229 1188 usurpet
1247 1157 1344 1189 potius,
1369 1160 1478 1192 quodin
1494 1162 1612 1196 confesso
1631 1169 1669 1192 est

888 1196 1010 1229 maxime,
1047 1198 1162 1225 instante
1187 1200 1269 1227 Tauri
1289 1209 1402 1235 exortu,
1427 1213 1553 1240 apparere
1578 1208 1669 1237 Persei

888 1241 1019 1276 cingulum
1034 1251 1086 1270 una
1100 1253 1157 1270 cum
1172 1243 1270 1281 reliquo
1287 1255 1403 1282 corpore.
1421 1251 1505 1286 Atque
1519 1253 1567 1280 hoc
1590 1256 1667 1282 modo

885 1288 1014 1322 conceptis
1035 1291 1215 1323 carminibus,
1237 1300 1295 1318 cum
1320 1294 1352 1320 iis
1378 1295 1515 1331 integritas
1532 1307 1581 1326 sua
1605 1309 1667 1328 con-

884 1333 974 1365 stabit,
991 1339 1046 1360 tum
1061 1334 1092 1362 de
1103 1337 1208 1371 cingulo
1222 1343 1299 1372 poeta
1319 1348 1370 1366 non
1387 1341 1473 1369 solum
1485 1344 1607 1378 scienter,
1620 1347 1665 1374 sed

884 1380 963 1406 etiam
983 1385 1075 1408 exacta
1094 1384 1232 1416 scripsisse
1246 1385 1385 1414 uidebitur.

51 1427 106 1452 τος,
128 1420 166 1446 τά
189 1430 220 1447 τε
241 1423 408 1458 γραφόμενα
434 1426 618 1460 σωθήσεται,
643 1427 692 1454 καὶ
719 1429 755 1455 τὰ
774 1427 841 1462 περὶ
868 1425 934 1461 τῆςι
951 1426 1042 1462 ᾅῦνης
1057 1430 1074 1455 ὀ
1090 1430 1216 1464 ποιητὴς
1236 1433 1272 1459 οὺ
1291 1435 1388 1468 μόνον
1406 1435 1567 1472 ἐμπείρως,
1584 1440 1664 1468 ἀλλὰ

49 1464 95 1491 καὶ
108 1465 234 1500 ἀκριϐῶς
246 1467 443 1503 ἐξηγούμενος
458 1471 496 1498 ἂν
508 1473 652 1506 φαίνοιτο.

81 1521 128 1549 ῙΖ’.
149 1523 261 1558 Πρῶτον
280 1525 327 1560 μὲν
344 1523 390 1553 οὖν
405 1527 448 1554 διὰ
463 1528 564 1556 τούτων
578 1531 592 1556 ὁ
611 1531 740 1564 Ἄτταλος
761 1533 824 1559 ἀπο-

916 1527 994 1555 XVll.
1005 1527 1057 1555 Sed
1072 1528 1197 1563 inprimis
1206 1531 1287 1558 Attali
1298 1531 1432 1561 haesitatio
1445 1535 1490 1562 illa
1502 1544 1536 1563 ex
1550 1544 1582 1564 eo
1598 1545 1662 1572 pro-

50 1569 88 1602 pzi
100 1569 132 1601 ",
147 1570 268 1604 νομίζων
292 1571 338 1597 ἐπὶ
355 1572 478 1600 τοσοῦτον
503 1574 552 1610 τὴν
570 1576 712 1611 ἀκρίϐειαν
730 1578 759 1604 ὲν
773 1580 828 1610 τοῖς

49 1616 215 1650 φαινομένοις
231 1617 282 1643 ὑπὸ
305 1618 417 1654 Ἀράτου
435 1619 584 1655 διειλῆφθαι
597 1642 604 1654 ,
619 1621 687 1648 ὥστε
701 1623 765 1659 περὶ
778 1625 827 1650 αὑ-

46 1660 96 1687 τῶν
109 1661 165 1688 τῶν
179 1662 209 1688 ὲν
227 1663 259 1698 τῇ
272 1662 344 1700 ζώνῃ
357 1664 404 1690 τοῦ
420 1666 547 1701 Περσέως
565 1667 688 1703 ἀστέρων
709 1669 826 1702 διστάζει

46 1705 73 1731 ’τὸ
87 1706 200 1742 πότερον
221 1708 271 1743 τῆς
289 1709 375 1744 ἀρχῆς
396 1710 442 1737 τοῦ
467 1712 552 1747 Κριοῦ
571 1714 613 1739 ἐπ’
635 1714 767 1750 ἀνατολῆς
782 1715 827 1741 οῦ-

47 1759 108 1786 αης,
124 1753 170 1779 καὶ
185 1753 254 1789 αὑτὴ
269 1755 318 1790 ἤδη
335 1757 438 1791 φανερά
455 1758 528 1784 ἐστιν
546 1759 595 1786 σὺν
609 1761 662 1792 τοῖς
678 1760 762 1796 ὤμοις
779 1763 825 1789 καὶ

45 1797 74 1831 τῇ
87 1798 201 1833 κεφαλῇ,
222 1798 237 1834 ἢ
253 1800 310 1834 μετ’
325 1800 422 1835 ὀλίγον.
440 1801 530 1838 Χωρὶς
546 1804 600 1840 γὰρ
615 1804 661 1830 τοῦ
676 1806 825 1842 ὁλοσχερῶς

46 1842 80 1878 μὴ
94 1845 172 1879 μόνον
185 1845 231 1872 τὸν
250 1847 375 1883 Ἄρατον,
393 1849 461 1876 ἀλλὰ
480 1851 526 1877 καὶ
542 1851 587 1878 τὸν
601 1852 714 1885 Εὗδοξον
727 1855 755 1881 ἐν
768 1856 824 1886 τοῖς

45 1889 212 1923 φαινομένοις
229 1890 455 1927 ἀναστρέφεσθαι,
470 1894 596 1931 καθάπερ
609 1897 820 1933 ὲπιδεδείχαμεν,

43 1932 79 1960 ἔτι
91 1935 135 1961 καὶ
147 1936 177 1962 οὐ
192 1936 270 1971 μόνον
283 1939 327 1964 ἐπὶ
343 1941 392 1974 τῆς
409 1939 455 1966 τοῦ
466 1941 593 1976 Περσέως
605 1942 692 1979 ζώνης
706 1932 777 1971 ’βοῦν’
788 1945 822 1972 ἂν

45 1980 113 2014 παρὰ
129 1981 167 2016 τῷ
194 1982 299 2018 Ἀράτῳ
314 1983 473 2018 διστάζοιτο,
491 1987 558 2014 ἀλλὰ
574 1989 621 2015 καὶ
642 1990 688 2015 ἐπὶ
713 1990 821 2017 πάντων

43 2023 89 2060 βῆ
106 2027 151 2052 καὶ
167 2027 273 2054 πλείοσι
288 2028 390 2062 ζωδίοις
405 2033 652 2061 συνανατελλόντων
665 2035 700 2062 ⁸¹.
716 2036 820 2070 Τελέως

42 2069 62 2095 δ’
77 2071 99 2086 ⁸³
111 2072 221 2106 ἀγνοεῖν
236 2073 336 2106 δόξειεν
359 2076 373 2102 ὁ
397 2077 526 2110 Ἀτταλος
549 2080 595 2106 καὶ
611 2081 645 2107 τὰ
661 2069 818 2117 φαινόμενας

43 2115 236 2152 ὑπολαμϐάνων
258 2120 327 2147 κατὰ
351 2121 478 2157 ἀλήθειαν
501 2123 587 2156 οὕτως
610 2124 679 2153 εἶναι
699 2115 819 2160 δισσαζόξ

41 2169 103 2196 μενα
119 2164 183 2200 περὶ
200 2164 248 2200 τὴν
263 2164 350 2202 ζώνην
369 2168 415 2194 τοῦ
431 2169 566 2204 Περσέως,
584 2172 708 2208 καθάπερ
727 2174 818 2210 προεί-

41 2215 126 2242 ρηκεν.
145 2210 182 2236 Οὐ
200 2210 254 2246 γὰρ
275 2212 342 2248 μόνη
366 2214 382 2249 ὴ
406 2213 476 2250 ζώνη
493 2215 539 2245 τοῦ
554 2217 679 2253 Περσέως
693 2219 815 2254 φαίνεται

39 2253 102 2290 ὑπὲρ
118 2256 180 2291 γῆν,
197 2257 243 2283 τοῦ
256 2257 340 2292 Κριοῦ
351 2259 500 2295 ἀρχομένου
512 2263 675 2296 ἀνατέλλειν.
690 2265 757 2293 ἀλλὰ
769 2267 815 2293 καὶ

37 2299 91 2332 ὅλος
105 2303 198 2336 σχεδὸν
220 2305 234 2330 ὁ
259 2305 390 2340 Περσεὺς,
407 2307 476 2343 πλὴν
493 2308 540 2335 τοῦ
566 2310 710 2347 ἀριστεροῦ
735 2313 815 2346 ποδὸς

37 2346 79 2372 καὶ
102 2348 147 2374 τοῦ
167 2349 289 2382 γόνατος.
319 2351 346 2377 '0
375 2351 424 2386 μὲν
452 2352 505 2388 γὰρ
528 2353 613 2386 δεξιὸς
638 2356 720 2384 αὐτοῦ
747 2358 814 2390 ποῦς

36 2395 221 2421 συνανατέλλει
238 2397 270 2431 τῇ
295 2400 319 2431 η’
343 2397 399 2432 μοί.
417 2398 471 2424 τῶν
498 2399 615 2434 Ἰχθύων,
637 2402 650 2427 ὁ
672 2402 701 2428 δὲ
725 2404 755 2430 ὲν
775 2404 813 2439 τῷ

35 2438 108 2474 δεξιῷ
118 2441 212 2482 γιξνατι
224 2443 256 2477 τῇ
269 2442 290 2473 ζ’
303 2443 385 2478 μοίρᾳ
394 2445 424 2470 ’ὁ
438 2444 466 2471 δὲ
481 2445 510 2472 ὲν
523 2445 561 2480 τῷ
574 2446 707 2483 Γοργονίῳ
724 2450 770 2476 καὶ
779 2438 811 2486 τῇ

34 2485 161 2522 ἀριστερᾷ
185 2489 256 2523 χειρὶ
268 2489 392 2524 κείμενος
406 2490 529 2527 λαμπρὸς
547 2493 644 2530 ἀστὴρ,
664 2494 694 2526 ὃς
716 2485 811 2531 μικρὸν

34 2534 189 2568 προηγεῖται
208 2533 253 2560 τοῦ
275 2535 419 2571 ἀριστεροῦ
446 2538 547 2573 μηροῦ,
574 2541 606 2574 τῇ
635 2544 667 2574 ιγ’
686 2541 739 2576 μοί.
758 2542 812 2569 τῶν

38 2577 144 2612 Ἰχθύων
162 2581 393 2616 σνναναφέρεται·
419 2583 486 2617 μόνη
507 2583 535 2610 δὲ
551 2585 634 2612 αὑτοῦ
649 2587 664 2621 ἡ
680 2587 811 2623 ἀριστερὰ

32 2625 119 2660 κνήμη
132 2624 172 2660 τῷ
187 2625 264 2661 Κριῷ
279 2627 478 2655 ωνανατέλλει.
493 2629 576 2664 Δῆλον
588 2629 644 2661 οὖν.
659 2632 698 2658 ὅτι
721 2633 811 2667 ἀγνοεί

31 2666 112 2702 λέγων
133 2670 169 2696 τά
186 2678 215 2696 τε
234 2672 383 2708 φαινόμενα
406 2673 584 2709 σωθήσεσθαι,
599 2675 645 2702 καὶ
663 2676 709 2702 τὸν
725 2677 808 2712 Ἀρα-

30 2721 71 2739 τον
84 2716 223 2752 ἐμπείρως
237 2717 283 2744 καὶ
303 2718 425 2754 ἀκριϐῶς
438 2719 472 2746 τὰ
484 2721 547 2755 περὶ
559 2721 608 2756 τῆς
620 2721 666 2748 τοῦ
683 2722 810 2758 Περσέως

31 2758 113 2796 ζώνης
130 2763 272 2796 φανεῖσθαι
287 2764 477 2800 ἐξηγούμενον.

62 2840 81 2856 ¹¹
95 2843 226 2876 φανεράν.
261 2844 284 2859 ⁸⁵
302 2844 322 2878 f.
340 2845 440 2878 ἀγνοεῖ.
477 2845 500 2861 ⁸³
517 2855 561 2880 π),
579 2847 652 2880 τέλος
663 2847 699 2875 δέ.

880 1574 1020 1605 ﬁciscitur,
1037 1575 1109 1609 quod
1127 1579 1181 1602 tam
1198 1582 1322 1604 exactum
1346 1580 1371 1606 in
1396 1581 1580 1614 phtenomenis
1602 1592 1663 1619 ρει-η

878 1620 1030 1648 scribendis
1042 1622 1155 1648 Aratum
1175 1622 1260 1651 fuisse
1275 1630 1379 1658 censet,
1399 1631 1427 1652 ut
1439 1628 1472 1655 de
1489 1630 1586 1662 stellis,
1601 1639 1662 1666 qua:

877 1671 940 1692 sunt
951 1666 978 1692 in
988 1665 1078 1693 Persei
1093 1667 1191 1700 balteo,
1204 1668 1321 1702 dubitet,
1334 1675 1423 1697 utrum
1432 1671 1533 1701 Arietis
1543 1674 1621 1702 initio
1632 1678 1661 1703 in

877 1709 982 1736 oriente
997 1711 1157 1743 constituto,
1170 1713 1335 1747 conspicuus
1348 1715 1392 1742 ille
1403 1716 1438 1742 sit
1449 1724 1510 1744 cum
1525 1718 1658 1754 humeris,

876 1757 902 1781 et
921 1754 1019 1789 capite,
1041 1763 1076 1782 an
1099 1757 1182 1790 paulo
1198 1762 1260 1792 p0st
1274 1765 1412 1794 appareat.
1432 1761 1532 1790 Verum
1552 1770 1581 1791 ut
1601 1765 1659 1793 haec

875 1800 1007 1833 omittam,
1028 1809 1082 1828 non
1102 1802 1213 1830 Aratum
1230 1804 1330 1837 solum,
1358 1807 1405 1834 sed
1420 1806 1561 1836 Eudoxum
1576 1811 1657 1839 etiam

875 1845 974 1880 ipsum,
997 1846 1024 1873 in
1044 1849 1235 1882 apparentium
1251 1851 1411 1886 explicanda
1429 1854 1536 1882 ratione
1552 1857 1656 1891 pingui,

874 1892 945 1926 quod
956 1893 1042 1926 aiunt,
1056 1893 1176 1922 Minerva
1192 1903 1257 1924 usos
1271 1905 1347 1930 esse;
1364 1906 1418 1925 non
1431 1899 1459 1926 in
1474 1900 1551 1936 127
1563 1901 1656 1930 Persei

874 1942 977 1966 tantum
989 1939 1089 1972 balteo,
1105 1941 1177 1976 apud
1188 1942 1302 1969 Aratum
1316 1943 1368 1971 isto
1376 1945 1457 1973 modo
1466 1946 1633 1975 dubitabitur
1647 1959 1654 1982 ;

872 1985 919 2012 sed
938 1985 966 2012 in
984 1986 1018 2014 iis
1038 1987 1165 2016 omnibus
1186 1988 1367 2024 imaginibus.
1387 1999 1447 2026 qua:
1465 2000 1527 2020 cum
1548 1994 1655 2024 duobus

871 2032 1029 2067 pluribusve
1053 2034 1138 2068 signis
1171 2036 1306 2062 oriuntur.
1340 2036 1452 2065 Domum
1470 2047 1534 2067 vero
1553 2042 1653 2070 coeles-

871 2079 937 2105 tinm
950 2087 1041 2106 rerum
1061 2079 1183 2109 funditus
1195 2089 1293 2116 expers
1307 2082 1399 2110 haberi
1420 2086 1506 2119 possit
1524 2087 1631 2116 Altalus
1643 2110 1651 2122 ,

869 2125 914 2159 qui
935 2126 1024 2160 reipsa
1036 2126 1130 2153 credat
1148 2128 1181 2153 ad
1197 2135 1269 2160 eum,
1290 2136 1371 2163 quem
1390 2129 1519 2163 diximus,
1539 2133 1650 2160 modum

868 2171 1022 2206 ambiguam
1044 2179 1105 2200 esse
1131 2173 1265 2200 rationem
1284 2175 1397 2202 orienlis
1417 2175 1518 2211 cinguli
1547 2177 1648 2208 Persei.

832 2210 853 2237 Ι)
867 2215 925 2242 Non
945 2217 1017 2243 enim
1043 2218 1117 2245 solus
1138 2218 1182 2246 ille
1210 2218 1301 2246 Persei
1322 2220 1427 2248 balteus
1447 2230 1529 2256 supra
1550 2227 1649 2251 terram

865 2260 980 2294 exsistit,
1000 2262 1109 2296 quando
1128 2262 1206 2290 Aries
1225 2264 1292 2290 oriri
1311 2264 1416 2300 incipit,
1438 2267 1484 2293 sed
1500 2270 1574 2296 totus
1589 2269 1649 2304 ipse

865 2308 1059 2342 propemodum
1088 2307 1214 2340 Perseus,
1243 2315 1358 2345 excepto
1376 2312 1445 2346 pede
1475 2313 1589 2343 sinistro
1615 2324 1647 2343 ac

863 2360 944 2387 genu.
965 2353 1069 2388 Quippe
1089 2355 1185 2382 dexter
1206 2355 1280 2384 illius
1298 2365 1345 2391 pes
1361 2365 1421 2385 cum
1436 2363 1533 2387 octava
1555 2361 1646 2389 oritur

863 2397 981 2426 Piscium
1006 2404 1092 2434 parte,
1113 2408 1174 2435 quae
1194 2406 1283 2428 autem
1311 2403 1381 2430 inest
1402 2404 1429 2431 in
1458 2405 1554 2434 dextro
1573 2415 1645 2442 genu

863 2445 951 2477 stella,
965 2452 1028 2472 cum
1048 2446 1161 2481 septima
1174 2455 1181 2474 :
1193 2447 1283 2474 lucida
1299 2456 1381 2483 porro
1405 2458 1466 2486 qua:
1479 2457 1521 2480 est
1536 2453 1564 2480 in
1579 2453 1646 2481 Gor-

862 2491 953 2524 gonio,
969 2495 995 2519 et
1011 2492 1122 2520 sinistra
1136 2501 1230 2526 manu,
1244 2502 1304 2529 qua:
1318 2495 1460 2524 sinistrum
1476 2497 1566 2526 femur
1576 2507 1644 2534 pau-

861 2536 946 2563 lulum
964 2537 1102 2571 praecedit,
1122 2545 1184 2565 cum
1200 2544 1277 2574 parte
1291 2540 1396 2568 decima
1411 2543 1489 2570 tertia
1511 2551 1643 2572 conscen-

860 2581 920 2614 dit;
936 2582 1024 2609 solum
1042 2590 1105 2611 crus
1122 2584 1264 2612 sinistrum
1285 2586 1374 2613 oritur
1387 2594 1449 2614 cum
1462 2587 1562 2616 Ariete.
1579 2588 1642 2616 Fal-

860 2635 908 2655 sus
931 2632 974 2656 est
996 2629 1103 2664 itaque,
1133 2638 1195 2657 cum
1221 2635 1248 2658 et
1269 2633 1463 2666 apparentibus
1495 2641 1572 2661 suam
1595 2635 1642 2663 illo

860 2673 942 2701 modo
956 2679 1082 2703 constare
1104 2675 1195 2709 ﬁdem,
1213 2681 1240 2705 et
1259 2678 1372 2705 Aratum
1388 2676 1474 2713 perite
1493 2685 1642 2716 exacteque

859 2727 919 2754 quae
933 2721 965 2748 ad
986 2721 1124 2758 cingulum
1143 2723 1259 2753 attinent
1276 2723 1367 2753 Persei
1388 2725 1552 2753 traditurum
1578 2734 1641 2755 esse

859 2765 988 2795 defendit.
