1923 3137
246 163 310 191 1091

753 154 796 184 AD
817 153 948 184 EUSEBII
968 153 1164 183 CIIRONICON
1186 151 1364 179 APPENDM.

1799 142 1866 171 I092

226 219 231 260 ι
281 219 336 254 Ego
363 225 426 245 vero
452 225 506 244 non
523 217 576 244 alia
591 222 624 244 ex
653 223 737 242 causa
752 214 950 242 dubitationem
973 213 1028 239 illic

1114 212 1192 237 Δοκεῖ
1203 210 1230 236 δέ
1247 217 1289 244 μοι
1307 206 1485 242 διηπορῆσθαι
1498 207 1511 232 ὁ
1525 206 1641 240 ’Ἄρατος
1663 203 1740 238 παρᾶ
1754 203 1807 238 τὴν
1821 204 1866 229 αύ-

1099 257 1103 260 .
1163 257 1167 260 .
1191 255 1195 260 .
1317 253 1353 260 ...ι
1428 252 1433 260 ι
1458 253 1463 260 σ
1484 250 1596 260 ιιυδκνγκ
1626 246 1639 260 7
1662 247 1852 260 ηᾼ-4..-π-.(ο.

247 260 376 300 injectum
391 264 485 291 Attalo
509 262 594 290 fuisse
617 262 755 297 suspicor,
771 268 853 296 quam
868 260 939 287 unde
953 260 1030 294 prius

248 308 360 335 Eudoxo
376 311 434 334 erat
451 306 563 339 oborta;
579 313 659 340 quem
677 307 817 330 auctorem
833 303 933 329 Aratus
953 301 1030 328 adhi-

248 353 317 380 buit.
335 351 464 378 Eudoxus
478 350 551 378 enim
568 351 594 377 in
612 348 810 376 commentario
823 348 856 375 de
870 345 1031 382 Apparenti-

248 400 299 426 bus
307 398 401 425 scribit
412 398 522 424 dextras
534 396 626 424 Persei
638 399 728 431 partes
742 402 803 421 cum
816 393 941 421 Piscibus
951 392 1029 419 oriri.

248 443 287 470 Ex
301 450 354 478 quo
369 450 539 477 consequens
557 445 609 473 est,
624 440 722 467 Arietis
740 439 874 474 principio
887 439 914 465 in
928 438 1032 465 oriente

246 489 347 523 posito,
368 488 478 515 dextras
506 486 694 514 tantummodo
719 484 811 512 Persei
840 488 931 519 partes
949 491 1031 518 supra

247 538 350 560 terram
377 532 519 559 exsistere.
534 531 568 557 At
588 531 615 557 in
638 530 724 556 altero
738 529 818 562 libro,
834 529 880 564 qni
905 528 1031 555 inscribi-

248 581 293 603 tur
311 576 462 611 Speculum,
486 583 549 603 cum
574 575 701 602 Piscibus
724 578 811 601 totum
837 574 937 600 asserit
953 573 1032 607 paulo

246 622 341 650 minus
355 623 422 649 oriri
439 621 773 654 Perseum.Quamobrem
788 627 849 647 cum
870 619 896 646 in
905 619 1033 646 omnibus

249 669 317 698 fere,
333 676 393 702 quae
406 667 439 694 ad
451 671 527 694 ortus
545 666 666 693 siderum
684 669 820 700 spectant,
835 665 888 692 duo
903 665 942 691 illi
958 672 1033 691 com-

250 714 378 742 mentarii
407 713 524 740 invicem
549 711 730 742 concordent,
757 711 784 737 in
809 710 900 738 Persei
930 710 1034 737 descri-

251 760 345 795 ptione
359 758 526 791 dissideant;
542 758 604 792 jure
620 758 647 784 in
662 757 790 791 ambiguo
804 757 910 791 positus
922 756 1032 786 Aratus,

251 813 339 841 neque
354 809 562 839 utramipartem
574 807 735 838 sequeretur
743 802 908 836 expediens;
922 809 1032 836 anceps,

251 857 278 879 et
294 853 430 879 incertum
448 858 508 878 esse
525 850 608 882 dicit,
624 857 659 876 an
685 854 712 877 et
735 849 826 876 Persei
844 848 948 875 balteus
972 855 1034 875 cum

1080 257 1128 290 τὴν
1141 255 1241 285 αἰτίαν,
1260 253 1323 288 παρ’
1334 253 1373 287 ’ἣν
1394 252 1439 278 καὶ
1453 253 1466 277 ὁ
1484 250 1607 282 Εὔδοξος,
1624 246 1646 283 ᾧ
1661 247 1868 282 κατηκολούθη-

1080 310 1126 328 κεν
1142 301 1155 326 ὁ
1172 301 1295 335 Ἄρατος.
1317 299 1360 324 Ἐν
1381 297 1429 332 μὲν
1444 296 1497 331 γὰρ
1508 304 1545 330 τῳ
1563 295 1734 329 συντάγματι
1748 294 1790 328 τῷ
1806 294 1869 329 περὶ

1080 347 1133 373 τῶν
1151 345 1318 381 φαινομένων
1343 343 1453 379 γράφει,
1471 342 1511 368 ὅτι
1537 343 1592 372 τοῖς
1624 340 1726 375 Ἰχθύσι
1753 347 1870 365 συνανα-

1080 393 1167 419 τέλλει
1184 392 1216 418 τὰ
1231 391 1305 423 δεξιὰ
1321 390 1368 416 τοῦ
1388 390 1530 425 Περσέως·
1547 387 1628 417 ὥστε,
1645 386 1696 420 τῆς
1714 385 1806 420 ἀρχῆς
1824 384 1868 410 τοὶ

1081 437 1166 474 Κριοῦ
1188 437 1254 473 πρὸς
1269 438 1302 471 τῇ
1324 435 1439 471 ἀνατολῇ
1454 434 1546 470 οὔσης,
1560 434 1593 460 τὰ
1608 431 1684 465 δεξιὰ
1699 432 1781 466 μόνον
1800 431 1869 465 μέρη

1081 484 1127 511 τοῦ
1147 483 1273 519 Περσέως
1298 483 1358 509 κατ’
1372 482 1450 508 αὑτὸν
1478 481 1547 516 ὑπὲρ
1571 480 1623 514 γῆν
1653 477 1818 512 φαὶνεσθαι·
1842 478 1868 502 ἐν

1081 529 1108 556 δὲ
1124 529 1162 564 τῷ
1178 529 1261 564 ἑτέρῳ
1276 527 1453 562 συντάγματι,
1470 526 1484 553 ὃ
1498 525 1677 560 ἐπιγράφεται
1692 524 1866 556 Ἐνοπτρσν,

1081 575 1136 605 τοῖς
1157 573 1256 608 Ἰχθύσι
1271 573 1351 607 φησὶν
1367 572 1446 598 αὑτὸν
1463 571 1532 601 ὅλον,
1552 570 1621 605 πλὴν
1635 569 1738 602 ὀλίγου,
1755 573 1868 593 συνανα-

1082 618 1193 644 τὲλλειν.
1215 618 1258 644 Ἐν
1282 618 1363 643 πᾶσιν
1386 614 1431 642 οὖν
1448 616 1539 650 σχεδὸν
1553 617 1607 646 τοῖς
1628 614 1693 649 περὶ
1707 613 1758 643 τὰς
1776 613 1868 638 ἀνατο-

1083 663 1131 696 λὰς
1153 663 1207 690 τῶν
1233 663 1338 698 ἄστρων
1364 660 1579 697 συμφωνούντων
1603 659 1732 694 ἀλλήλοις
1747 659 1801 684 τῶν
1824 658 1868 684 δὺο

1084 709 1299 745 συνταγμάτων,
1320 709 1384 744 περὶ
1406 708 1434 734 δὲ
1457 707 1504 733 τοῦ
1525 706 1650 741 Περσέως
1667 705 1798 739 διαφόρου
1820 704 1867 739 τῆς

1084 756 1244 791 ἀναγραφῆς
1272 754 1370 790 οὔσης·
1397 755 1514 788 εὐλόγως
1537 754 1551 780 ὁ
1575 754 1704 788 Ἄρατος,
1732 751 1867 785 διαπερῶτ

1084 801 1150 836 ποία
1165 809 1205 831 τις
1221 800 1449 836 κατακολουθήσει
1463 799 1608 834 ἀποφάσει,
1625 797 1799 832 ἀμφήριστόν
1819 805 1868 830 φης

1086 855 1127 872 σιν
1147 844 1225 878 εἶναι,
1254 846 1300 872 καὶ
1324 846 1526 880 δισταζόμενον,
1558 845 1673 879 πότερον
1695 843 1744 869 καὶ
1768 843 1785 877 ἡ
1801 842 1869 876 idm,

253 897 376 924 humeris
400 899 428 923 et
452 895 551 930 capite,
567 895 659 921 Ariete
687 894 888 921 conscendente
910 893 1034 920 sublimis

1094 893 1131 919 τοῦ
1159 893 1285 929 Περσέως
1312 893 1379 927 μετὰ
1403 892 1457 918 τῶν
1486 891 1568 926 ὤμων
1596 891 1644 917 καὶ
1668 890 1718 924 τῆς
1742 888 1868 923 κεφαλῆς,

252 949 395 977 appareat,
418 948 452 967 an
479 940 644 968 ascendente
670 941 761 975 potius
789 939 899 966 Tauro:
915 939 987 973 quod
1008 939 1035 965 in

253 987 341 1013 altero
363 985 468 1012 Eudoxi
490 993 574 1020 opere
594 985 762 1011 continetur.
778 983 838 1011 Non
859 983 942 1018 igitur
956 990 990 1009 ex
1004 991 1036 1010 eo

253 1031 328 1066 quod
349 1034 460 1065 propter
479 1030 648 1057 discriminis
673 1029 847 1063 exiguitatem
874 1028 981 1055 diliicile
1010 1027 1037 1054 id

255 1084 338 1103 sensu
347 1075 433 1110 possit
445 1075 587 1106 estimari,
600 1079 629 1101 nt
642 1079 718 1109 putat
732 1074 850 1107 Attalus,
873 1073 986 1100 dubium
1000 1073 1038 1099 ait

255 1129 327 1154 esse,
343 1128 409 1148 num
427 1120 517 1148 Persei
531 1124 588 1146 tum
604 1120 710 1146 balteus
727 1122 867 1153 appareat,
887 1126 948 1145 cum
963 1117 1038 1144 Aric—

255 1168 292 1194 tis
306 1167 413 1193 initiutn
425 1166 596 1192 horizontem
615 1169 690 1192 tenet
707 1173 712 1190 :
727 1173 761 1191 an
773 1169 838 1191 tunc
854 1165 945 1199 potius
955 1171 1040 1191 cmer-

257 1218 312 1248 gat,
331 1221 392 1240 cutn
408 1212 491 1240 Tauri
508 1217 591 1247 caput
606 1213 673 1240 oriri
684 1212 792 1247 «incipit.
819 1211 871 1239 Sed
892 1212 952 1239 ideo
966 1213 1039 1247 quod

257 1263 382 1286 neutram
397 1258 425 1285 in
443 1264 548 1293 partem
571 1262 691 1286 statuere
710 1259 807 1293 possit,
830 1265 891 1284 cum
909 1266 943 1285 ex
957 1265 1036 1293 aequo

259 1305 331 1332 tradi
347 1309 493 1340 utrumque
504 1309 638 1333 cerneret.

297 1392 432 1420 Caeterum
446 1401 508 1420 cum
523 1392 621 1428 duplex
638 1393 770 1421 habeatur
784 1394 837 1421 loci
853 1394 925 1421 illius
939 1393 1018 1421 lectio
1033 1401 1040 1419 ε

256 1440 396 1474 siquidem
419 1440 448 1466 in
471 1440 531 1467 aliis
547 1440 686 1468 codicibus
710 1440 756 1466 καί
774 1441 798 1466 κ’
815 1441 976 1475 ἀμφήριστα
995 1438 1042 1466 πέ-

260 1484 337 1510 λοντο
348 1493 354 1499 ·
370 1484 397 1511 in
412 1485 472 1512 aliis
487 1485 511 1511 κ’
527 1485 687 1521 ἀμφήριστα
700 1485 835 1517 πέλονται,
844 1486 941 1520 legitur
957 1485 1044 1513 :scri-

259 1530 378 1557 bendum
406 1535 449 1557 est
475 1530 592 1562 πέλοιτο,
614 1539 668 1558 non
690 1535 721 1558 ut
748 1536 825 1566 putat
855 1531 973 1563 Attalus,
995 1530 1044 1556 πέ-

261 1576 361 1603 λονται.
378 1575 447 1603 Nam
475 1584 536 1603 cum
565 1577 701 1612 particula
719 1576 873 1611 copulativa
899 1580 974 1603 recte
996 1568 1078 1602 azé-C

261 1623 333 1649 λοιτο
349 1623 532 1657 conjungitur.
548 1621 607 1649 Non
632 1623 705 1649 enim
720 1622 812 1649 diduci
833 1626 976 1656 propterea
995 1629 1043 1648 ne-

261 1677 341 1696 cesse
353 1673 404 1700 est,
420 1668 491 1702 quod
515 1676 612 1695 nomen
635 1669 794 1704 ἀμφήριστοι
817 1667 914 1702 plurali
931 1674 1044 1694 numero

264 1715 386 1750 ponitur,
401 1722 461 1741 cum
482 1715 612 1741 tralatitia
629 1714 665 1742 sit
683 1715 739 1741 haac
750 1714 879 1748 loquendi
899 1714 978 1741 ratio.

304 1759 398 1786 XVIII.
417 1759 529 1786 Oriente
549 1759 631 1786 Tauri
651 1759 786 1794 principio
806 1759 930 1786 scribunt
945 1759 1044 1786 Aratus

262 1810 292 1834 et
304 1805 444 1837 Eudoxus,
454 1809 541 1832 totum
555 1813 638 1840 supra
653 1809 752 1832 terram
767 1805 888 1832 eminere
895 1804 1023 1832 Perseum
1038 1814 1045 1833 :

265 1855 292 1878 et
306 1851 413 1885 Aurigae
426 1850 566 1877 sinistram
579 1858 699 1882 manum,
710 1851 739 1876 in
754 1857 808 1884 qua
819 1850 864 1877 siti
875 1854 939 1877 sunt
951 1849 1045 1882 lIccdi;

265 1904 317 1923 nec
340 1903 396 1923 nan
421 1896 564 1922 sinistrum
590 1896 712 1930 ejusdem
735 1895 847 1930 pedem;
861 1896 894 1922 ad
912 1895 969 1922 haec
988 1896 1046 1923 Ceti

266 1940 399 1976 quidquid
414 1944 456 1967 est
473 1948 487 1967 a
503 1941 588 1967 cauda
606 1941 713 1968 cervice
727 1944 823 1973 tenus;
839 1949 871 1968 ex
893 1945 969 1975 parte
983 1948 1048 1968 vero

267 1987 379 2014 Bootem
402 1986 538 2013 occidere.
556 1985 584 2013 In
606 1994 659 2021 quo
681 1986 751 2022 lapsi
776 1990 840 2014 sunt
866 1994 968 2020 errore,
986 1994 1047 2013 cum

267 2037 363 2068 putant
378 2033 504 2060 sinistras
531 2037 635 2059 tantum
658 2032 789 2060 Heniochi
804 2038 896 2067 partes
925 2040 987 2059 cum
1003 2032 1049 2060 illo

268 2079 371 2114 pariter
383 2083 506 2106 exortum
523 2077 622 2104 facere.
638 2077 742 2105 Etenim
752 2077 847 2104 dexter
858 2077 943 2112 ipsius
956 2077 1050 2104 hume-

269 2132 317 2151 rus
341 2124 465 2152 ascendit
489 2131 552 2151 eum
570 2123 671 2151 Arietis
696 2127 772 2158 parte
796 2123 964 2155 secunda,et
979 2123 1050 2150 vice-

269 2171 350 2198 sima.
365 2170 519 2198 Australior
531 2175 620 2197 autem
632 2177 736 2202 earum,
750 2177 809 2205 qua
825 2174 889 2197 sunt
905 2170 932 2196 in
949 2169 1049 2204 capite,

270 2216 347 2251 prius
359 2216 440 2243 etiam
455 2224 519 2244 cum
537 2215 662 2243 Piscibus
678 2215 800 2242 exoritur
819 2223 826 2240 ε
843 2216 910 2242 adeo
928 2219 957 2241 ut
973 2215 1000 2242 in
1017 2222 1050 2241 eo

270 2269 379 2296 quoque
407 2267 529 2296 peccent,
558 2266 704 2297 quatenus,
735 2263 864 2296 inquam.
889 2261 1051 2288 existimant

270 2307 339 2334 oriri
351 2314 413 2334 cum
430 2307 521 2334 Ariete
537 2308 656 2342 primum
675 2306 854 2334 Heniochum.
875 2305 1006 2333 Similiter
1024 2307 1051 2333 in

272 2351 414 2378 Heniocho
438 2352 537 2386 duplex
553 2352 587 2379 ab
602 2352 699 2380 iisdem
716 2352 881 2380 commissus
905 2359 983 2378 error
998 2355 1052 2379 est.

272 2395 339 2423 Nam
356 2404 444 2431 neque
460 2404 523 2423 cum
537 2397 628 2423 Ariete
642 2396 709 2423 oriri
734 2396 840 2431 incipit,
861 2400 891 2423 ut
904 2396 958 2423 illis
977 2395 1052 2422 vide-

272 2447 329 2475 tur,
356 2442 404 2469 sed
418 2449 480 2468 cum
506 2442 651 2474 Piscibus;
675 2450 763 2476 neque
788 2441 895 2469 cervice
919 2442 1053 2468 duntaxat

273 2493 353 2515 tenus
368 2487 490 2515 ascendit
501 2495 562 2514 cum
575 2487 675 2519 Ariete,
697 2488 743 2514 sed
757 2492 830 2514 totus
845 2487 1050 2522 propemodum,

271 2533 394 2568 exceptis
409 2533 454 2564 iis,
471 2540 533 2567 qua:
546 2533 573 2559 in
586 2533 675 2568 capite
736 2541 796 2568 qua:
812 2533 839 2560 in
854 2537 975 2560 extrema
993 2540 1053 2559 sca—

276 2578 339 2613 pula
356 2578 462 2605 lucidte.
485 2577 554 2604 Nam
576 2577 649 2612 quod
674 2586 708 2605 ne
729 2577 828 2604 Bootes
854 2577 962 2611 quidem
990 2585 1053 2603 cum

276 2623 367 2651 Ariete
385 2624 497 2659 incipiat
517 2624 629 2655 exoriri.
651 2624 723 2659 quod
746 2624 783 2650 illi
801 2624 906 2656 volunt,
921 2624 968 2651 sed
990 2631 1052 2650 cum

274 2669 377 2701 Tauro,
400 2670 525 2705 superius
541 2670 670 2698 diximus.

312 2715 433 2742 Geminis
448 2716 514 2742 oriri
531 2716 736 2751 incipientibus,
752 2715 851 2742 Aratus
868 2716 905 2741 ait
928 2714 1054 2742 occidere

276 2759 359 2793 pedes
386 2758 519 2794 Ophiuchi
541 2768 629 2795 usque
657 2760 690 2787 ad
717 2759 938 2796 genua;;Cctum
961 2764 1054 2787 autem

1086 938 1132 964 τοῦ
1149 938 1235 973 Κριοῦ
1252 937 1451 968 ἀνατέλλοντος,
1471 936 1607 971 μετέωρος
1632 935 1770 969 φαίνεται,
1786 934 1803 968 ἦ
1827 933 1869 959 τοῦ

1087 984 1193 1020 Ταύρου
1221 983 1442 1019 ἀναφερομένου,
1465 982 1502 1014 ὡς
1516 981 1546 1008 τὸ
1563 982 1656 1016 ἕτερον
1681 981 1736 1006 τῶν
1753 980 1802 1006 τοῦ
1825 980 1870 1005 Εἰρ-

1087 1030 1161 1062 δόξου
1185 1029 1379 1064 συνταγμάτων
1395 1028 1523 1063 περιέχει.
1542 1028 1579 1054 Οὐ
1594 1027 1669 1062 παρὰ
1685 1027 1714 1052 τὸ
1730 1028 1764 1062 τῇ
1781 1027 1870 1061 αἰσθή-

1089 1084 1130 1101 σει
1144 1074 1189 1102 οὖν
1204 1075 1344 1109 δύσκριτον
1360 1072 1428 1100 εἶναι
1442 1073 1485 1099 διὰ
1500 1073 1650 1108 μικρότητα
1668 1072 1717 1107 τῆς
1732 1073 1869 1108 διαφορᾶς.

1088 1120 1125 1152 ὡς
1135 1122 1149 1146 ὁ
1158 1119 1288 1151 ’Ἄτταλος
1301 1119 1444 1150 ὑπέλαϐεν,
1456 1119 1626 1154 ἀμφήριστόν
1635 1127 1717 1152 φησιν
1734 1117 1814 1149 εἶναι,
1829 1118 1871 1143 πό-

1089 1175 1166 1202 τερον
1187 1167 1204 1201 ἡ
1220 1165 1290 1201 ζώνη
1310 1165 1355 1192 τοῦ
1374 1165 1499 1200 Περσέως
1515 1165 1585 1200 ὑπὲρ
1599 1165 1651 1200 γῆν
1671 1165 1723 1200 ἤδη
1740 1165 1869 1198 φαίνεται,

1090 1213 1138 1247 τῆς
1163 1213 1250 1247 ἀρχῆς
1277 1211 1323 1238 τοῦ
1346 1211 1432 1246 Κριοῦ
1449 1210 1515 1246 πρὸς
1528 1210 1567 1245 τῷ
1592 1209 1711 1245 ὁρίζοντι
1736 1209 1836 1244 οὓσης·
1856 1211 1870 1243 ἢ

1090 1258 1240 1293 ἀρχομένου
1264 1258 1314 1293 ἤδη
1340 1257 1493 1284 ἀνατέλλειν
1515 1255 1561 1282 τοῦ
1590 1255 1717 1291 Ταύρου,
1745 1255 1804 1281 the
1831 1256 1871 1281 καὶ

1091 1303 1160 1338 αὑτὴ
1180 1303 1358 1338 ἀναφέρεται·
1377 1302 1444 1329 ἀλλὰ
1467 1302 1496 1328 τὸ
1519 1302 1556 1338 μὴ
1581 1301 1653 1337 ἔχειν
1670 1302 1770 1334 εἰπεῖν,
1788 1301 1831 1327 διὰ

1092 1349 1227 1385 ἑκατέρως
1244 1348 1449 1384 παραδεδόσθαι.

1127 1395 1213 1430 Διχῶς
1229 1396 1256 1422 δὲ
1273 1395 1455 1430 γραφομένου,
1475 1395 1503 1420 ὲν
1520 1394 1568 1428 μέν
1587 1402 1657 1420 τισιν
1677 1394 1872 1429 ἀντιγράφοις

1093 1441 1142 1468 καὶ
1160 1440 1194 1457 ⁸³⁵
1211 1441 1379 1476 καμφίσατο
1391 1462 1398 1474 ,
1415 1441 1443 1467 ὲν
1465 1440 1492 1467 δέ
1506 1448 1577 1466 τισι·
1598 1441 1650 1466 καί
1664 1440 1692 1466 κ’
1706 1440 1873 1475 ὰμρήριστα

1093 1486 1235 1513 πέλονται
1246 1494 1253 1501 ·
1268 1485 1307 1512 δεῖ
1320 1486 1434 1520 γράφειν
1449 1485 1567 1512 πέλοιτο
1577 1494 1583 1499 ·
1604 1485 1653 1511 καὶ
1664 1485 1726 1519 οὐχ,
1739 1485 1779 1516 ὡς
1792 1487 1806 1511 ὁ
1820 1487 1875 1511 ’Δτο

1094 1535 1182 1563 ταλος,
1197 1531 1347 1558 πέλονται.
1360 1532 1403 1566 Τῷ
1417 1531 1471 1566 γὰρ
1483 1530 1622 1565 συνδέσμῳ
1634 1531 1665 1556 τὺ
1679 1532 1805 1558 πέλοιτο
1819 1540 1875 1558 κατ-

1094 1576 1214 1610 αλλήλως
1234 1575 1354 1610 λέγεται,
1374 1575 1434 1602 οὐδὲ
1452 1575 1505 1611 γὰρ
1521 1575 1710 1610 περισπᾶσθαι
1730 1576 1782 1608 δεῖ,
1796 1577 1875 1603 διὰτΰ

1096 1622 1282 1657 πληθυντικῶς
1295 1621 1456 1656 ἐκφέρεσθαι
1468 1621 1498 1647 τὸ
1507 1621 1667 1656 ἀμφήριστα
1677 1630 1684 1636 ·
1701 1621 1819 1657 σύνηθες
1831 1623 1875 1656 γὰρ

1094 1669 1152 1694 ἐστι
1165 1668 1195 1694 τὸ
1209 1667 1299 1702 σχῆμα
1315 1667 1392 1693 τοῦτο
1406 1667 1455 1702 τῆς
1468 1667 1595 1701 ἐκφορᾶς.

1133 1757 1186 1782 IH’.
1205 1756 1260 1791 Τῆς
1272 1756 1299 1782 δὲ
1318 1756 1403 1791 ἀρχῆς
1416 1755 1462 1782 τοῦ
1477 1755 1584 1790 Ταύρου
1604 1757 1819 1792 ἀνατελλούσης,
1834 1766 1876 1791 ςπ-

1097 1804 1138 1829 σὶν
1153 1803 1166 1828 ὁ
1183 1803 1298 1837 Ἄρατός
1311 1810 1340 1828 τε
1358 1802 1404 1827 καὶ
1432 1800 1543 1833 Εὔδοξος
1555 1801 1600 1827 τὸν
1616 1802 1728 1837 Περσέα
1743 1803 1804 1828 ελον
1825 1802 1877 1836 φαί-

1096 1848 1188 1875 νεσθαι
1208 1848 1276 1883 ὑπὲρ
1299 1848 1360 1883 γῆν,
1383 1847 1489 1874 καὶτοῦ
1513 1848 1635 1882 Ἡνιόχου
1661 1848 1714 1883 τὴν
1738 1849 1876 1884 ἀριστερὰν

1098 1895 1187 1930 χεῖρα,
1217 1895 1246 1919 ἐν
1295 1894 1318 1919 οἱ
1338 1893 1442 1928 Ἐριφοι
1462 1894 1573 1924 κεῖνται,
1599 1893 1645 1919 καὶ
1669 1894 1718 1919 τὸν
1744 1895 1876 1929 ἀριστεῴι

1098 1940 1182 1966 πόδα·
1202 1938 1308 1966 καὶτοῦ
1325 1939 1430 1974 Κήτους
1452 1939 1483 1966 τὸ
1509 1939 1562 1966 ἀπὸ
1583 1940 1631 1974 τῆς
1655 1940 1744 1975 οὐρᾶς
1770 1941 1822 1971 ἕως
1837 1940 1876 1973 τῆς

1098 1984 1206 2018 λοφίας”
1230 1984 1366 2010 δεδυκέναι
1394 1984 1421 2010 δέ
1446 1992 1511 2018 φησι
1535 1984 1580 2010 τοῦ
1609 1984 1719 2011 Βοώτου
1740 1994 1768 2011 τι

1104 2027 1256 2062 Ἀγνοοῦσιν
1275 2026 1332 2058 οὖν,
1345 2027 1379 2053 τὰ
1391 2027 1521 2063 ἀριστερὰ
1549 2028 1626 2063 μόνον
1647 2029 1877 2064 ὑπολαμβάνοντες

1098 2073 1144 2100 τοῦ
1168 2073 1287 2108 Ἦνιόχου
1307 2073 1344 2108 τῷ
1368 2073 1444 2109 Κριῴ
1470 2074 1684 2101 συνανατέλλειν.
1719 2075 1750 2102 '0
1768 2077 1818 2110 μὲν
1833 2077 1878 2110 γὰρ

1099 2120 1183 2152 δεξιὸς
1195 2116 1268 2155 ὦμος
1283 2119 1364 2146 αὑτοῦ
1373 2122 1405 2155 τῇ
1415 2120 1435 2154 β’
1447 2121 1493 2146 καὶ
1507 2125 1530 2146 κ’
1544 2121 1598 2155 μοί.
1612 2120 1660 2147 τοῦ
1669 2121 1760 2156 Κριοῦ
1776 2130 1878 2148 συνανα-

1100 2167 1224 2202 φέρεται*
1249 2167 1264 2193 ὁ
1286 2167 1314 2192 δὲ
1338 2165 1495 2202 νοτιώτερος
1519 2167 1574 2193 τῶν
1598 2168 1627 2193 ἐν
1652 2169 1684 2202 τῇ
1713 2169 1820 2204 κεφαλῇ
1843 2169 1875 2194 ἔτι

1102 2213 1231 2248 πρότερον
1246 2213 1301 2243 τοῖς
1321 2212 1419 2247 Ἰχθύσι
1436 2213 1638 2239 συνανατέλ).ει·
1655 2213 1729 2239 ὥστε
1743 2215 1793 2240 καὶ
1812 2215 1879 2241 τοῦτο

1103 2259 1207 2294 ἀγνοεῖν
1223 2259 1336 2290 αὐτούς·
1363 2259 1433 2293 λέγω
1454 2259 1482 2285 δὲ
1504 2259 1565 2286 καθ’
1586 2260 1647 2286 ὅσον
1665 2261 1880 2297 ὑπολαμϐάνουσι

1101 2303 1216 2339 πρώτως
1240 2303 1278 2338 τῷ
1306 2303 1382 2338 Κριῷ
1413 2303 1458 2330 τὸν
1489 2304 1610 2338 Ἦνίοχον
1640 2305 1878 2340 συναναφέρεσθαι.

1107 2349 1221 2384 Ὁμοίως
1235 2349 1264 2375 δὲ
1277 2349 1345 2375 κατὰ
1363 2349 1409 2375 δύο
1423 2350 1538 2384 τρόπους
1551 2349 1640 2376 καὶτὰ
1658 2359 1691 2376 πε
1697 2351 1724 2386 ρὶ
1739 2351 1787 2377 τοῦ
1806 2351 1881 2377 Ἠνιό-

1101 2404 1149 2430 χου
1164 2395 1339 2430 ἠγνοήκασιν.
1355 2394 1422 2421 Οὔτε
1435 2394 1488 2429 γὰρ
1502 2394 1541 2429 τῷ
1553 2395 1631 2430 Κριῷ
1644 2395 1759 2430 ἄρχεται
1776 2405 1880 2423 συνανα-

1100 2440 1213 2472 τέλλειν,
1231 2440 1268 2471 ὥς
1285 2448 1375 2474 φασιν,
1391 2440 1458 2466 ἀλλὰ
1479 2441 1537 2471 τοῖς
1556 2439 1681 2474 Ἰχθύσιν,
1696 2440 1826 2476 οὔτελέως
1838 2441 1879 2474 τῆς

1102 2486 1197 2520 λοφίας
1217 2486 1295 2521 μόνον
1307 2486 1472 2522 ἀναφέρεται
1490 2487 1538 2513 σὺν
1560 2486 1598 2521 τῷ
1615 2487 1705 2522 Κριῷ,
1723 2487 1783 2514 ἀλλ’
1796 2488 1851 2519 ὅλος
1862 2488 1880 2502 ⁸⁸

1103 2532 1204 2567 σχεδον,
1218 2532 1288 2567 πλὴν
1300 2532 1352 2558 τῶν
1364 2533 1393 2558 ὲν
1407 2533 1440 2568 τῇ
1455 2532 1558 2567 κεφαλῇ
1572 2533 1595 2558 οἱ
1611 2533 1639 2558 ὲν
1654 2533 1736 2568 ἄκρῳ
1751 2534 1790 2568 τῷ
1806 2533 1879 2568 χελω-

1103 2578 1180 2613 νῑῳ¹¹¹
1197 2578 1327 2613 λαμπροί.
1342 2579 1401 2605 ’Ότι
1412 2587 1443 2612 γε
1461 2579 1513 2614 μὴν
1525 2578 1586 2604 οὔτε
1606 2579 1621 2604 ὁ
1638 2579 1748 2614 Βοώτης
1762 2580 1801 2614 τῷ
1813 2579 1880 2613 Κριῷ

1105 2624 1215 2659 ἄρχεται
1230 2624 1470 2659 συναναφέρεσθαι,
1482 2623 1519 2655 ὤς
1534 2631 1626 2658 φασιν,
1641 2624 1712 2651 ἀλλά
1728 2625 1768 2660 τῷ
1781 2625 1878 2659 Ταύρῳ.

1106 2669 1309 2704 προειρήκαμεν
1322 2669 1458 2704 ἀνωτέρω.

1068 2247 1089 2273 D

1142 2714 1201 2740 Τῶν
1213 2714 1241 2740 δὲ
1253 2714 1376 2750 Διδύμων
1390 2715 1548 2750 ἀρχομένων
1564 2715 1735 2747 ἀνατέλλειν,
1749 2717 1762 2742 ὸ
1776 2717 1878 2750 Ἀρατος

1107 2759 1195 2786 δύνειν
1215 2760 1264 2795 μέν
1291 2769 1356 2795 φησι
1379 2761 1443 2791 τοὺς
1470 2760 1553 2792 πόδας
1583 2761 1632 2787 τοῦ
1676 2761 1814 2795 Ὀφιούχου
1838 2758 1877 2793 μέ-

311 2835 347 2851 ⁸³¹
361 2834 422 2863 Car.
440 2837 485 2862 καί
502 2837 527 2862 κ’
541 2837 698 2872 ἀμφήριστα
712 2837 830 2863 πέλοντο.
853 2838 857 2841 ’
870 2836 892 2852 ⁸⁸
905 2845 949 2871 γρ.
965 2836 1033 2864 ὅλον.
1070 2837 1093 2853 ⁸⁵
1109 2846 1153 2871 γρ.
1168 2837 1290 2872 χελυνίῳ.
