1923 3137
124 136 199 165 1003

624 145 805 176 lllPPAﬂClll
824 151 870 177 AD
889 151 1112 181 PHENOMENA
1131 155 1194 183 LIB.
1217 156 1246 184 ll.

1675 166 1745 194 1094

122 202 176 228 σφι
197 195 286 222 αὐτῶν
300 196 323 212 ⁸⁸
343 197 478 231 γονάτων·
492 200 644 228 ἀνατέλλειν
662 202 690 229 δὲ
715 203 745 230 τὸ
761 205 849 241 Κῆτος
866 215 890 233 xc

122 240 175 257 Mr.
192 241 319 257 thum:
339 242 375 257 ,ι
390 244 485 257 --.-,-..
521 245 612 257 m__-,,,,
636 247 660 257 qn
770 250 776 257 ι
885 253 890 257 .

944 210 1078 243 _exoriri;
1107 212 1278 247 primumque
1293 213 1426 243 Fluminis
1454 221 1570 251 partem.
1594 219 1659 252 Quae
1682 223 1744 257 qui-

120 240 175 266 τοῦ
191 241 320 277 Ποταμοῢ
339 242 375 270 τὰ
389 244 497 279 πρῶτα.
521 245 614 274 Ταῦτα
634 247 663 274 δὲ
684 240 837 285 συμφώνως
854 253 910 285 τοῖς

121 288 300 322 φαινομένοις
313 289 358 315 ὑπ’
374 290 463 317 αὐτῶν
478 291 594 328 εἴρηται.

168 333 198 358 Ἀ
224 334 274 368 μὲν
297 331 342 361 οὖν
367 335 453 362 ἐδόκει
471 345 515 371 μοι
540 339 661 374 χρήσιμα
685 338 754 367 εἶναι
775 341 829 368 τῶν
855 341 909 368 ὑπὸ

127 377 246 413 Ἀράτου
263 379 309 413 καί
322 379 436 412 Εὐδόξου
456 380 608 416 λεγομένων
624 383 653 408 ἐν
666 384 720 414 τοῖς
740 385 908 420 φαινομένοις

119 424 324 458 ἐπισκέψασθαι
343 434 384 458 τε,
400 426 445 452 καὶ
460 426 625 462 ὑπογράψαι,
638 428 724 455 ταῦτά
740 430 829 456 ἐστιν·
845 429 908 465 ἑξῆς

118 469 150 496 δὲ
166 470 292 502 ὑποτάξω
306 472 370 506 περὶ¹
389 472 503 498 ἑκάστου
518 473 571 499 τῶν
585 474 711 502 ἀπλανῶν
725 475 846 511 ἀστέρων
861 477 907 504 ἐπὶ

118 518 281 552 κεφαλαίου,
298 519 350 546 τίνι
365 528 393 546 τε
406 519 459 546 τῶν
475 519 508 555 ιβ’
524 521 625 552 ξωδιων
647 523 843 555 συνανατέλλει,
859 523 906 550 καὶ

119 562 336 597 συγκαταδύνει·
359 565 406 591 καὶ
427 565 481 591 ἀπὺ
495 566 595 602 πόστης
620 567 716 603 μοίρας
737 567 784 594 τοῦ
809 569 904 601 ζωδιω

116 609 283 645 ἀρξάμενος,
301 610 352 640 ἕως
374 611 476 646 πόστης
489 612 518 638 τὸ
530 612 641 647 ἔσχατον
651 614 798 647 ἀνατέλλει,
812 614 828 650 ἢ
843 623 905 650 συγ-

116 654 264 681 καταδύνει
280 655 309 681 ἐν
321 657 376 687 τοῖς
387 657 450 690 περὶ
462 656 510 692 τὴν
533 656 644 684 Ἐλλάδα
657 658 749 690 τόποις
758 667 764 674 ·
778 659 824 686 καὶ
839 659 904 686 καθ-

114 700 181 726 όλου
201 700 268 727 ὅπου
290 701 392 737 ἐστὶνή
412 703 524 738 μεγίστη
539 703 632 739 ἡμέρα
648 703 726 739 ὡρῶν
738 705 903 740 ἰσημερινιῖη

117 745 149 772 ιδ’
165 746 212 773 καὶ
231 747 375 782 ἡμιωρίου.
399 748 454 779 Τὰς
474 748 502 774 δὲ
525 750 595 776 κατὰ
618 749 701 784 μέρος
723 750 813 778 αὐτῶν
835 752 903 778 ἁπο-

113 792 215 825 δείξεις
226 795 254 820 έν
267 793 357 825 ἄλλοις
373 795 573 830 συντετάχαμεν
587 795 682 828 οὕτως,
697 796 766 823 ὥστε
780 798 808 824 ἐν
821 799 901 825 παντὶ

112 838 193 873 τόπῳ
215 838 306 873 σχεδὸν
332 838 382 873 τῆς
406 839 566 875 οἰκουμένης
585 840 712 868 δύνασθαι
735 842 902 877 παρακολου-

961 254 1022 282 dem
1045 263 1107 283 cum
1124 259 1320 292 apparentibus
1339 267 1522 296 congruenter
1544 264 1579 292 ab
1595 265 1650 294 illis
1668 254 1742 295 dicta

960 304 1034 327 sunt.

994 346 1079 381 Igitur
1093 356 1155 383 qua
1180 357 1212 377 ex
1234 350 1312 378 Arati
1328 353 1488 389 Eudoxique
1514 353 1633 386 deerélis
1656 367 1742 396 super

958 393 1145 426 apparentium
1176 395 1283 424 ratione
1312 397 1393 433 digna
1424 401 1491 428 mihi
1516 393 1741 434 consideratione

957 435 1202 474 observationeque
1219 441 1277 468 visa
1293 447 1368 475 sunt,
1386 444 1444 472 haec
1468 450 1664 481 propemodum
1681 451 1740 478 l'ue-

956 486 1031 509 runt.
1045 482 1180 518 Deinceps
1199 493 1263 513 vero
1279 488 1312 514 de
1329 495 1493 525 unaquaque
1507 493 1648 521 stellarum
1664 495 1739 523 iner-

956 527 1076 555 rantium
1092 531 1248 558 summatim
1272 532 1428 562 disseram:
1442 544 1496 571 quo
1521 545 1582 565 cum
1598 539 1677 575 signo
1703 542 1738 570 de

955 571 1099 601 duodecim
1115 575 1221 602 oriatur
1249 582 1297 604 aut
1321 580 1448 615 occidat;
1464 587 1548 617 quota
1575 585 1610 612 ab
1625 571 1736 616 zodiaci

955 624 1032 654 parte
1046 621 1191 656 incipiens,
1207 624 1234 650 in
1252 630 1335 660 quota
1350 628 1416 655 oriri
1428 630 1470 656 vel
1487 631 1611 660 occidere
1626 634 1736 663 desinat

953 663 1028 691 circa
1040 663 1150 693 Graecia:
1165 671 1295 702 tractum,
1311 674 1358 697 aut
1376 672 1529 709 ubicunque
1545 677 1663 705 maxima
1676 680 1735 708 dies

952 712 995 736 est
1023 710 1151 739 horarum
1180 712 1411 749 aequinoctialium
1437 721 1645 754 quatuordecim
1670 731 1734 753 cum

952 755 1074 785 dimidia.
1086 758 1206 791 Quorum
1230 763 1353 790 omnium
1384 765 1544 800 singillatim
1563 769 1734 799 demonstra-

953 801 1052 829 tionem
1065 803 1101 830 ita
1117 804 1146 831 in
1161 806 1222 833 aliis
1234 811 1439 838 commentariis
1456 815 1643 849 exposuimus,
1659 821 1689 844 ut
1704 818 1732 846 in

951 849 1026 874 omni
1048 848 1103 876 fere
1118 855 1252 879 terrarum
1269 854 1344 882 orbis
1362 856 1420 883 loco
1438 863 1596 893 coortuum,
1610 848 1639 889 et
1649 870 1732 891 eooe-

114 882 176 909 Θεῖν
196 885 254 915 ταῖς
275 883 416 920 διαφοραῖς
441 884 495 911 τῶν
519 886 703 913 συνανατολῶν
727 887 773 913 καὶ
797 896 890 922 συγκα-

114 929 253 945 vah/mum"

1310 880 1313 881 ,
1335 880 1341 882 .
1362 880 1418 883 ,ηπ
1439 880 1596 893 --π-..-μη
1610 880 1637 889 ι..
1649 880 1702 890 υυυη

950 899 1064 921 casuum
1080 895 1240 925 discrimina
1252 903 1327 927 certa
1340 903 1429 935 possis
1440 905 1545 933 ratione
1559 910 1702 945 consequi.

111 929 264 957 ταδύσεων.

150 975 202 1001 ΙΘ’.
227 975 337 1011 Πρῶτον
359 976 408 1010 μὲν
432 973 478 1003 οὖν
504 977 675 1013 ἐκθησόμεθα
699 978 749 1010 τὰς
771 979 826 1006 τῶν
851 978 898 1014 βο-

114 1021 260 1056 ρειοτέρων
281 1022 388 1056 ἄστρων
412 1021 458 1047 τοῦ
489 1020 620 1053 ζωδιακοῦ
637 1023 736 1049 κύκλου
755 1032 898 1051 συνανατο-

112 1066 165 1097 λάς
187 1075 215 1093 τε
238 1068 283 1093 καὶ
303 1068 532 1101 συγκαταδύσεις·
560 1068 654 1095 ἔπειτα
673 1070 700 1096 δὲ
717 1069 766 1101 τὰς
782 1070 835 1096 τῶν
852 1079 896 1097 νο-

110 1113 268 1148 τιωτέρωνο
288 1114 333 1140 ἐπὶ
352 1115 418 1140 πᾶσι
435 1114 463 1140 δὲ
487 1114 535 1146 τὰς
549 1114 602 1141 τῶν
626 1115 658 1150 ιβ’
684 1114 795 1147 ζωδίων.
818 1116 897 1150 Λέγω

108 1159 141 1185 δὲ
162 1159 216 1185 τῶν
229 1160 431 1194 ὴστερισμένων
442 1169 448 1175 ·
465 1161 612 1196 ἐπειδήπερ
624 1161 642 1188 ὃ,
659 1161 708 1196 μὲν
725 1161 834 1196 μείζονα
849 1162 896 1188 τό·

110 1213 165 1230 πον
179 1205 270 1240 ἐπέχει
284 1205 330 1231 τοῦ
345 1205 589 1242 δωδεκατημορίου,
605 1206 622 1233 ἃ
636 1207 664 1233 δὲ
678 1207 818 1234 ἐλάσσονα.
835 1208 895 1234 Ἔτι

108 1250 139 1277 δὲ
156 1251 202 1276 καὶ
222 1251 309 1286 πολλῷ
330 1252 390 1278 τινὰ
418 1253 467 1287 μὲν
490 1252 655 1288 βορειότερα,
674 1253 735 1279 τινὰ
759 1253 787 1280 δὲ
803 1253 895 1279 νοτιώ-

106 1304 178 1331 τερα
194 1296 258 1323 ὅντα
275 1296 322 1323 τοῦ
342 1297 485 1329 ζωδιακοῦ,
506 1298 572 1324 πολὺ
587 1299 712 1334 προτερεῖ
722 1299 769 1325 καὶ
786 1299 894 1334 ὑστερεῖ

106 1343 140 1368 ὲν
157 1343 217 1374 ταῖς
233 1343 374 1375 ἀνατολαῖς
390 1343 437 1371 καὶ
465 1345 557 1370 δύσεσι
573 1345 626 1371 τῶν
646 1345 706 1371 κατ’
720 1344 790 1372 αὐτὰ
811 1345 893 1371 δωδε-

106 1389 295 1425 κατημορίων.
312 1390 586 1426 Προσδιασαφήσομεν
609 1391 636 1417 δὲ
655 1392 698 1425 ἐφ’
715 1392 828 1418 ἑκάστου
845 1391 892 1419 καὶ

104 1435 140 1461 τό
154 1443 184 1460 τε
201 1435 380 1470 μεσουρανοῦν
395 1437 424 1463 ἐν
442 1436 481 1471 τῷ
497 1436 621 1472 ξωδιακῷ
636 1436 727 1472 κύκλῳ
739 1437 833 1470 ζώδιον
845 1438 892 1465 καὶ

102 1480 161 1515 τὴν
179 1482 274 1516 μοῖραν
293 1481 390 1507 αὐτοῦ·
409 1482 478 1517 πρὸς
499 1482 527 1508 δὲ
552 1482 655 1514 τούτοις
678 1484 741 1515 τοὺς
758 1492 891 1519 μεσουρα-

103 1526 221 1558 νοῦντας
236 1527 363 1559 ἀπλανεῖς
377 1527 495 1563 ἀστέρας
512 1529 540 1554 ἐν
557 1529 614 1560 ταῖς
631 1529 726 1564 ἀρχαῖς
739 1530 786 1556 καὶ
799 1529 890 1556 τελευ-

984 981 1055 1011 ΧΙΧ.
1070 983 1192 1013 Primum
1207 987 1291 1022 igitur
1305 989 1455 1019 borealium
1476 994 1595 1023 siderum
1611 1001 1688 1026 ortus
1703 1003 1730 1026 et

947 1034 1063 1057 occasus
1073 1031 1285 1067 explicabimus,
1302 1044 1371 1070 quos
1385 1044 1446 1064 eum
1470 1039 1582 1068 zodiaco
1596 1042 1702 1071 faciunt
1719 1054 1727 1073 :

946 1077 1003 1101 tum
1020 1079 1181 1105 australium
1199 1088 1206 1105 :
1223 1085 1361 1115 postremo
1374 1084 1513 1119 signorum
1524 1087 1646 1121 ipsorum
1660 1090 1729 1118 duo-

946 1119 1043 1148 decim.
1056 1121 1093 1148 De
1106 1124 1221 1152 stellatis
1234 1126 1315 1162 128
1328 1132 1415 1155 autem
1434 1119 1580 1166 loquimur,
1598 1136 1727 1169 quoniam

945 1166 1075 1193 nonnulla
1099 1173 1174 1202 sunt,
1191 1178 1252 1205 quae
1276 1173 1437 1207 ampliorem
1462 1166 1624 1206 duodecima
1650 1186 1727 1215 parte

944 1210 1034 1238 locum
1063 1218 1208 1248 occupant,
1224 1218 1348 1250 quaedam
1380 1221 1522 1250 minorem.
1545 1210 1657 1252 Deinde.
1672 1226 1726 1254 alia

945 1255 1023 1290 longe
1046 1258 1133 1291 magis
1158 1259 1191 1286 ad
1215 1263 1436 1297 septentriones,
1454 1270 1624 1301 austrumve,
1643 1278 1725 1305 quam

944 1301 1082 1335 zodiacus,
1094 1306 1244 1339 vergentia,
1260 1307 1342 1343 longo
1358 1309 1452 1338 itidem
1474 1313 1563 1347 spatio
1578 1301 1725 1344 dodeeate-

943 1348 1030 1374 moria
1046 1356 1096 1375 sua
1112 1356 1287 1385 pravertunt,
1303 1359 1350 1381 aut
1367 1361 1528 1390 sequuntur.
1548 1358 1680 1388 Praeterea
1695 1362 1724 1390 in

943 1393 1057 1428 singulis
1071 1403 1237 1430 exponemus
1245 1400 1315 1434 quod
1330 1401 1436 1436 signum
1451 1403 1476 1429 in
1492 1405 1603 1433 zodiaco
1617 1407 1723 1436 circulo

941 1441 1059 1468 medium
1080 1443 1142 1469 ραιΙί
1159 1448 1259 1478 teneat,
1277 1451 1303 1473 et
1325 1455 1448 1482 quzenam
1463 1458 1527 1484 pars
1547 1451 1630 1480 illius.
1655 1453 1721 1481 Item

941 1494 1063 1521 quaenam
1078 1489 1192 1517 lixarum
1202 1492 1344 1520 stellarum
1361 1495 1511 1523 culminent
1531 1498 1558 1524 in
1575 1503 1685 1526 ortuum
1695 1505 1722 1527 et

941 1540 1087 1561 oceasuum
1100 1535 1196 1569 initiis,
1210 1545 1241 1564 ac
1256 1538 1355 1567 ﬁnibus
1371 1540 1469 1569 sideris
1486 1543 1649 1579 cujuslibet;
1660 1549 1719 1573 tum

102 1573 168 1603 ταῖς
195 1571 248 1598 τῶν
265 1573 401 1599 ἀνατολῶν
421 1574 468 1600 καὶ
482 1574 584 1600 δύσεων
602 1575 756 1610 οῑουδήποτε
771 1575 870 1611 ἄστρου
881 1583 888 1591 ·

143 1618 151 1626 .
179 1617 190 1626 ,α
242 1619 248 1626 .
315 1618 321 1626 ,
405 1618 416 1626 ,ι
506 1621 512 1626 .
649 1622 660 1626 -
701 1621 711 1626 -
856 1620 868 1626 -

944 1583 1006 1613 quot
1022 1580 1152 1609 horarum
1163 1584 1338 1618 teqnabilium
1358 1587 1446 1621 spatio
1457 1566 1669 1626 unumquodque
1684 1593 1721 1619 si-

101 1618 156 1644 καὶ
178 1617 218 1644 ἔτι
240 1619 268 1645 ὲν
287 1618 384 1650 πόσαις
398 1618 484 1655 ὥραις
506 1621 674 1656 ῑσημεριναῖς
701 1621 813 1647 ἕκαστον
835 1620 889 1648 τῶν

99 1665 214 1699 ἄστρων
236 1663 252 1699 ἦ
272 1665 353 1696 δύνει,
380 1665 396 1700 ἢ
420 1665 566 1692 ἀνατέλλει.
586 1667 719 1693 Ἔκαστον
741 1667 769 1693 δὲ
788 1666 889 1693 τούτων

92 1711 307 1747 διασαφήσομεν
315 1711 384 1738 κατὰ
403 1713 582 1747 συνεγγισμὸν
596 1712 648 1745 ἓως
665 1713 808 1749 ἀδιαφόρου
822 1722 889 1749 παρ-

99 1755 235 1790 αλλαγῆς.
253 1756 324 1782 Διότι
347 1756 401 1791 γὰρ
420 1757 436 1792 ἡ
461 1757 572 1793 τοιαύτη
596 1759 771 1794 πραγματεία
799 1759 887 1795 πολλῷ

99 1810 132 1828 τε
151 1801 204 1827 τῶν
224 1802 276 1828 ὑπὸ
299 1803 352 1830 τῶν
371 1803 492 1838 ἀρχαίων
508 1804 728 1839 συντεταγμένων
747 1805 820 1832 ἐστὶν
840 1806 886 1832 εὐ-

98 1848 282 1884 χρηστοτέρα,
306 1849 353 1875 καὶ
381 1849 448 1886 πρὸς
478 1850 561 1880 πολλὰ
584 1851 713 1877 συντείνει
740 1851 793 1877 τῶν
816 1852 886 1878 κατὰ

97 1893 280 1928 ἀστρολογίαν
304 1893 504 1930 θεωρημάτων,
531 1895 728 1931 εὑκατανόητον
754 1893 821 1922 εἶναι
843 1904 884 1922 σοι

96 1939 215 1974 νομίζω.

144 1997 172 2024 Ὀ
188 1998 235 2032 μὲν
247 1996 292 2025 οὖν
311 1998 418 2034 Βοώτης
434 1998 622 2025 συνανατέλλει
639 1998 678 2034 τῷ
691 1998 814 2034 ζωδιακῷ
829 1999 883 2026 ἀπὸ

94 2044 152 2079 τῆς
167 2044 253 2079 ἀρχῆς
275 2044 324 2079 τῆς
349 2044 487 2080 Παρθένου
513 2045 565 2076 ἕως
592 2045 613 2076 ζ’
639 2044 683 2071 καὶ
707 2048 730 2071 κ’
749 2044 804 2080 μοί.
831 2046 882 2080 τῆς

95 2089 254 2124 Παρθένου·
279 2092 438 2125 μεσουρανεῖ
464 2090 486 2117 δ’
515 2090 702 2122 ἀνατέλλοντος
723 2091 804 2117 αὑτοῦ
834 2091 880 2117 τοῦ

95 2134 230 2166 ζωδιακοῦ
245 2136 385 2170 τμήματος
401 2135 455 2161 ἀπὸ
467 2134 572 2171 Ταύρου
586 2135 607 2166 ζ’
622 2135 669 2161 καὶ
683 2138 706 2161 κ’
724 2134 777 2169 μοί.
795 2135 880 2170 μέσης

93 2180 152 2210 ἕως
166 2179 287 2215 Διδύμων
311 2179 351 2211 κζ’
366 2180 419 2216 μοί.
442 2181 496 2207 Καὶ
520 2181 627 2216 πρῶτος
651 2180 700 2216 μὲν
726 2180 813 2219 ἀστῂρ
833 2179 879 2206 τοῦ

93 2224 204 2252 Βοώτου
228 2225 365 2252 ἀνατέλλει
386 2227 400 2252 ὁ
424 2227 452 2252 ἐν
474 2227 506 2261 τῇ
523 2226 637 2262 κεφαλῇ,
652 2227 764 2261 ἔσχατος
779 2227 807 2253 δὲ
822 2227 836 2253 ὁ
851 2227 879 2252 ὲν

91 2271 136 2307 τῷ
155 2271 233 2307 δεξιῷ
255 2272 324 2298 ποδί.
347 2273 549 2308 Μεσουρανοῦσι
571 2273 598 2299 δὲ
616 2273 669 2300 τῶν
685 2273 771 2300 ἄλλων
798 2273 877 2300 ἀστέ-

91 2324 164 2353 ρων,
191 2317 340 2352 ἀρχομένου
363 2317 411 2351 μὲν
434 2317 587 2344 ἀνατέλλειν
608 2317 655 2344 τοῦ
681 2317 796 2350 Βοώτου,
816 2318 830 2344 ὅ
848 2326 878 2344 τε

89 2362 237 2398 ἀριστερὸς
251 2359 325 2397 ὦμος
344 2362 389 2389 τοῦ
410 2362 536 2397 Ὠρίωνος
549 2363 596 2389 καὶ
612 2363 626 2389 ὀ
640 2363 783 2398 ἀριστερὸς
798 2361 876 2395 ποῦς,

87 2407 132 2438 ὡς
155 2407 304 2442 ήμιπήχιον
323 2407 528 2443 προηγούμενος
547 2407 595 2434 τοῦ
613 2407 815 2443 μεσημϐρινοῦσ
831 2409 879 2444 λή-

87 2461 190 2487 γοντος
210 2453 238 2479 δὲ
261 2453 354 2484 αὐτοῦ,
371 2456 530 2490 μεσουρανεῖ
554 2453 600 2480 τοῦ
624 2454 711 2486 Κυνὸς
733 2455 747 2481 ό
764 2454 877 2481 ἐπὶτῶν

91 2499 189 2534 ἰσχίων
210 2498 345 2535 λαμπρός.
377 2500 526 2527 Ἀνατέλλει
548 2501 576 2528 δὲ
600 2501 660 2533 ὅλος
681 2501 696 2527 ὸ
718 2501 825 2537 Βοώτης
848 2502 877 2527 ὲν

86 2546 178 2581 ὥραις
193 2546 362 2581 ξσημεριναῖς
376 2546 449 2573 δυσὶν
466 2546 503 2578 ὡς
520 2547 643 2582 ἔγγιστα.

128 2601 182 2627 Τοῦ
201 2601 228 2628 δὲ
243 2602 378 2636 Στεφάνου
400 2602 599 2636 ἀνατέλλοντος,
618 2604 804 2632 συνανατέλλει
825 2605 875 2641 μὲν

85 2646 167 2682 αὐτῷ
182 2647 229 2673 τοῦ
251 2647 384 2679 ζωδιαχοῦ
400 2648 543 2683 τμήματος
562 2649 615 2675 ἀπὸ
631 2650 768 2686 Παρθένου
789 2651 811 2683 ζ’
827 2652 874 2679 καὶ

87 2697 113 2720 κ’
134 2693 188 2727 μοί.
209 2693 263 2725 ἕως
281 2693 378 2728 Χηλῶν
401 2697 421 2719 ε’
449 2694 503 2729 μοί.
532 2695 633 2730 μέσης·
656 2698 818 2732 μεσουρανεῖ
844 2696 873 2724 δὲ

85 2738 145 2765 ἀπὸ
174 2738 297 2774 Διδύμων
321 2742 347 2771 ς’
370 2739 416 2766 καὶ
441 2743 465 2766 κ’
483 2740 536 2775 μοι.
551 2741 651 2776 ,μέσης
669 2742 720 2773 ἕως
735 2743 872 2778 Καρκίνου

87 2782 146 2816 μοί.
165 2786 185 2808 ε’
203 2783 298 2818 μέσης.
314 2783 369 2809 Καὶ
385 2783 491 2820 πρῶτος
506 2785 554 2820 μὲν
570 2785 657 2822 ἀστὴρ
672 2787 808 2815 ἀνατέλλει
823 2788 870 2816 τοῦ

131 2859 154 2875 ⁸⁸
169 2868 212 2895 ῃο.
233 2860 312 2896 μέχρι
327 2860 380 2887 τῶν

940 1624 991 1652 dus
1008 1627 1121 1661 oriatur,
1133 1629 1306 1658 auLoccidat.
1323 1630 1443 1664 Quorum
1465 1635 1586 1662 omnium
1600 1624 1720 1666 rationes

939 1678 1020 1705 quam
1041 1674 1163 1706 proxime
1180 1674 1237 1702 ﬁeri
1261 1677 1361 1710 poterit
1377 1678 1517 1713 inibimus,
1533 1682 1607 1708 nulla
1625 1686 1654 1709 ut
1666 1683 1720 1711 dif-

938 1717 1052 1745 ferentia
1081 1722 1167 1754 possit
1191 1723 1311 1756 agnosci.
1336 1723 1412 1751 lianc
1437 1733 1500 1753 vero
1527 1729 1717 1757 tractationem

938 1771 998 1791 eum
1019 1766 1146 1794 omnibus
1173 1768 1206 1794 iis
1224 1776 1284 1803 qua:
1308 1769 1343 1796 ab
1359 1771 1479 1805 antiquis
1494 1772 1633 1800 elaborata
1652 1779 1718 1802 sunt

937 1811 1080 1844 hactenus,
1096 1813 1129 1840 ad
1155 1822 1233 1840 usum
1254 1814 1403 1843 faciliorem
1422 1825 1493 1850 esse,
1511 1822 1568 1846 tum
1586 1820 1619 1846 ad
1634 1829 1716 1855 quam

936 1857 1053 1892 plurima
1075 1859 1101 1885 in
1118 1861 1265 1895 astrologia
1287 1862 1453 1890 theoremata
1474 1865 1619 1898 pertinere,
1636 1866 1717 1895 facile

936 1905 983 1932 abs
997 1909 1023 1932 te
1041 1906 1216 1933 animadverti
1232 1907 1336 1941 judico.

969 2004 1061 2039 Itaque
1075 2005 1172 2033 Bootes
1188 2006 1275 2032 oritur
1290 2014 1351 2033 eum
1366 2007 1469 2034 zodiaci
1485 2012 1562 2043 parte
1579 2009 1635 2040 illa,
1652 2018 1714 2044 quae

933 2051 966 2078 ab
978 2051 1055 2079 initio
1072 2051 1192 2086 Virginis
1205 2051 1310 2087 incipit,
1327 2060 1413 2087 usque
1425 2054 1458 2080 ad
1472 2054 1532 2088 ejus
1548 2059 1652 2088 partem
1667 2055 1711 2082 27.

931 2097 1067 2124 Culminat
1082 2103 1172 2124 autem
1197 2098 1302 2125 oriente
1327 2098 1374 2125 illo
1397 2099 1502 2126 zodiaci
1530 2105 1711 2135 segmentum,

930 2142 1057 2176 quodest
1082 2149 1097 2169 a
1123 2142 1204 2169 Tauri
1221 2142 1350 2170 vicesima
1373 2143 1488 2178 septima
1510 2148 1587 2179 parte
1609 2145 1710 2178 media,

930 2196 1017 2223 usque
1035 2189 1068 2216 ad
1086 2188 1260 2215 Geminorum
1274 2189 1318 2215 27.
1333 2188 1422 2215 Prima
1441 2190 1520 2216 stella
1544 2190 1635 2218 Boote:
1656 2191 1712 2218 oris

932 2238 975 2261 tur
994 2242 1036 2266 ea,
1052 2242 1112 2269 qua
1124 2238 1165 2262 est
1180 2234 1208 2261 in
1218 2235 1322 2269 capite;
1336 2234 1429 2261 ultima
1441 2243 1500 2269 qua:
1514 2240 1556 2263 est
1571 2236 1597 2263 in
1615 2235 1712 2264 dextro

930 2281 1007 2315 pede.
1023 2280 1144 2307 Aliorum
1162 2280 1293 2312 siderum,
1309 2284 1398 2307 Ortum
1416 2281 1526 2308 ineunte
1542 2281 1636 2315 Boote,
1652 2283 1712 2310 cul-

929 2324 1015 2351 minat
1039 2324 1150 2352 sinister
1179 2325 1309 2352 humerus
1330 2325 1450 2357 Orionis,
1467 2330 1494 2352 et
1519 2326 1630 2354 sinister
1650 2335 1708 2362 pes,

928 2370 975 2406 qui
992 2370 1173 2398 semicubitali
1195 2371 1338 2398 intervallo
1354 2371 1535 2399 meridianum
1558 2373 1709 2405 antecedit;

929 2416 981 2444 sub
1005 2421 1082 2444 ortus
1098 2417 1178 2444 linem
1194 2417 1434 2450 culminatlucida,
1446 2422 1558 2453 quaeest
1568 2419 1595 2446 in
1608 2419 1710 2447 femore

926 2462 1017 2490 Canis.
1033 2462 1117 2490 Totus
1127 2463 1216 2490 oritur
1233 2462 1333 2491 Bootes
1346 2463 1421 2491 horis
1437 2464 1493 2492 fere
1502 2464 1609 2492 duabus
1618 2473 1709 2500 aequa-

928 2509 1009 2537 libus.

961 2609 1068 2636 Corona
1095 2608 1210 2642 oriente,
1235 2608 1339 2636 zodiaci
1367 2616 1446 2636 arens
1467 2609 1556 2635 oritur
1581 2615 1596 2634 a
1622 2607 1706 2642 gradu

925 2653 1045 2690 Virginis
1065 2654 1099 2681 ‘27
1128 2662 1214 2690 usque
1236 2652 1269 2680 ad
1288 2645 1407 2682 medium
1429 2652 1446 2681 5
1465 2653 1626 2684 Chelarum;
1648 2653 1706 2679 cul-

927 2699 1014 2727 minat
1027 2707 1044 2726 a
1063 2699 1152 2727 medio
1167 2699 1202 2725 27
1217 2699 1393 2727 Geminorum
1404 2718 1411 2730 ,
1435 2705 1522 2733 usque
1547 2697 1579 2724 ad
1607 2697 1706 2724 Caneri

925 2745 1044 2772 medium
1072 2745 1098 2772 5.
1129 2745 1219 2771 Prima
1245 2744 1359 2772 Coronae
1380 2743 1457 2771 stella
1482 2743 1570 2769 oritur
1595 2750 1626 2769 ea
1647 2751 1708 2777 quae

923 2791 1174 2826 splendidissimam
1197 2790 1342 2827 praecedit,
1357 2789 1451 2818 ultima
1475 2796 1551 2822 vero,
1570 2789 1708 2817 borealior
