1923 3137
73 156 159 182 1097

570 149 751 178 lllPPARCHI
772 149 817 177 AD
833 149 1054 178 PIIENOMENA
1073 149 1137 178 LIB.
1150 149 1181 178 ll.

1637 151 1705 180 1098

71 212 162 246 tiqu
178 211 211 245 τῇ
235 209 303 245 οὐρᾷ
322 209 368 236 τοῦ
384 209 496 242 Λέοντος
517 209 652 246 λαμπρὸς,
670 211 717 236 καὶ
730 211 745 237 6
759 211 788 237 ὲν
803 210 876 247 ἄκρᾳ

934 210 1031 238 ὶιίῑῖῐιῐῐι
1062 210 1165 238 habens
1189 218 1204 236 a
1230 209 1389 238 meridiano.
1411 209 1505 238 Oritur
1527 209 1597 247 Lyra
1618 217 1708 247 spatio

71 257 115 292 τῇ
133 256 270 292 ἀριστερᾷ
285 255 401 291 πτέρυγι
423 256 472 292 τῆς
494 256 644 292 Παρθένου,
666 256 703 288 ὡς
726 257 875 293 ήμιπήχιον

72 301 302 336 ὑπολειπόμενος
326 300 374 327 τοῦ
403 301 599 338 μεσημϐρινοῦ.
633 302 785 329 Ἀνατέλλει
807 302 836 328 δὲ
859 303 876 338 ἡ

71 346 166 382 Λύρα
181 347 210 373 ὲν
223 345 244 372 δ’
259 347 479 382 πεμπτημοριοις
494 350 518 373 α’
533 346 618 383 ὥρας.

119 391 178 418 Τοῦ
203 391 232 418 δὲ
257 391 382 427 Ὄρνιθος
402 391 601 424 ἀνατέλλοντος,
620 392 807 420 συνανατέλλει
827 393 876 428 μὲν

75 437 96 463 ὁ
118 435 254 468 ζωδιακὸς
272 436 326 463 ἀπὸ
350 436 447 472 Χηλῶν
471 437 494 469 ζ’
518 437 565 464 καὶ
589 440 612 464 κ’
628 437 683 474 μοι.
713 438 798 474 μέσης
824 438 876 470 ἕως

76 482 136 509 τοῦ
155 483 269 515 Τοξότου
287 483 308 517 β’
321 483 367 510 καὶ
383 483 418 509 κ”
435 484 597 519 μεσουρανεϊ
609 483 637 511 δὲ
655 483 710 511 ἀπὸ
724 484 772 519 τῆς
788 484 876 520 ἀρχῆς

77 527 134 554 τοῦ
154 528 266 560 Λέοντος
280 528 332 560 ἓως
351 528 447 564 Χηλῶν
473 532 488 554 ι’
514 529 568 564 μοι.
597 528 692 565 μέσης.
709 529 764 555 Καὶ
784 531 809 556 α’
827 529 875 564 μὲν

77 573 178 610 ἀστὴρ
194 574 332 601 ἀνατέλλει
353 575 368 600 6
382 573 550 610 βορειότατος
562 574 616 601 τῶν
631 575 660 601 ἐν
676 576 708 610 τῇ
722 574 796 610 δεξιᾷ
810 574 876 601 πτέ-

79 627 153 654 ρυγι
167 619 201 647 ⁸⁸.
218 619 389 654 Μεσουρανεϊ
403 619 433 646 δὲ
447 619 534 655 ἀστὴρ
553 623 577 647 α’
595 620 644 655 μὲν
656 620 671 646 6
685 621 714 647 ἐν
727 621 760 656 τῇ
777 620 875 656 καρδίᾳ

77 665 134 692 τοῦ
151 666 265 697 Λέοντος
281 665 415 701 λαμπρός,
438 665 549 700 ἔσχατος
561 665 590 692 δὲ
620 664 667 692 τοῦ
688 665 845 701 Κενταύρου
860 665 875 691 6

78 711 246 746 νοτιώτερος
261 710 313 738 τῶν
329 710 382 737 ὑπὸ
394 711 440 737 τὸν
456 709 542 743 δεξιὸν
555 707 640 746 ὦμον,
653 711 699 738 καὶ
712 711 726 736 ό
752 710 875 746 Ἀρκτοῦ-

928 258 1000 285 hora:
1015 258 1043 290 0,
1057 257 1108 285 ιε’.

962 390 1030 418 Cum
1046 390 1139 426 Cygno
1154 390 1282 418 zodiacus
1295 390 1383 418 oritur
1396 399 1411 418 a
1424 395 1500 427 parte
1512 391 1657 420 Chelarum
1672 392 1707 419 27

928 437 1027 469 media,
1051 443 1138 471 usque
1153 435 1186 463 ad
1208 435 1347 470 Sagittarii
1363 436 1417 469 22;
1433 437 1566 465 culminat
1583 438 1617 466 ab
1630 438 1708 466 initio

928 483 1037 514 Leonis.
1052 482 1085 509 ad
1097 481 1213 510 mediam
1229 482 1263 509 l0
1275 481 1430 510 Chelarnm.
1447 483 1540 511 Oritur
1553 484 1708 519 prima.bo-

927 529 1027 557 realior
1045 528 1124 563 129
1141 535 1245 560 earum,
1257 535 1318 564 qua:
1340 532 1404 557 sunt
1419 529 1446 556 in
1461 530 1503 556 ala
1518 529 1624 558 dextra.
1641 530 1708 558 Cul-

927 573 1014 603 mirﬁt
1034 574 1110 608 prior
1126 572 1200 600 clara
1230 573 1256 600 in
1271 573 1353 601 corde
1368 573 1482 607 Leonis;
1496 579 1632 610 postrema
1644 583 1708 603 vero

927 619 1074 647 australior
1095 627 1209 651 earum,
1235 627 1296 654 quas
1319 619 1371 648 sub
1395 619 1492 648 dextro
1516 626 1581 648 sunt
1594 621 1708 649 humero

927 665 1074 697 Centauri;
1098 673 1148 693 nec
1164 672 1217 693 non
1240 665 1373 694 Arcturus
1394 665 1558 693 semicubito
1572 666 1678 695 distans
1692 675 1708 694 a

928 711 1089 739 meridiano.
1105 710 1199 738 Oritur
1212 711 1322 746 Cygnus
1335 711 1410 739 horis
1425 712 1453 744 ὀ,
1463 711 1513 739 24'.

81 765 146 792 ρος,
169 757 208 788 ὡς
234 756 383 791 ὴμιπήχιον
421 755 631 791 ὑπολειπόμενος
651 755 698 782 τοῦ
724 754 921 791 μεσημϐρινοῦ.
945 755 1097 782 ’Λνατέλλει
1131 755 1159 782 δὲ
1179 756 1207 782 ἐν
1239 755 1325 792 ὥραις
1345 756 1365 782 δ’
1379 756 1427 784 καὶ
1456 757 1515 784 δυσὶ
1547 766 1710 793 πεμπτημο-

81 805 170 840 ρίοις.

121 852 190 878 KA'.
206 850 259 877 Τοῦ
273 850 303 877 δὲ
313 849 429 886 Κηφέως
442 850 510 885 μόνα
521 849 556 876 τὰ
565 849 633 885 πρὸς
643 850 680 885 τῇ
687 848 793 884 κεφαλῇ
804 847 875 884 μέρη

961 845 1031 872 XXI.
1046 845 1147 881 Cephei
1164 851 1256 881 partes
1275 846 1403 874 oriuntur
1418 853 1457 874 ea:
1470 847 1558 874 solum
1568 855 1629 883 qua
1645 853 1710 877 sunt

81 896 242 924 ἀνατέλλει.
268 895 460 923 Συνανατέλλει
479 895 508 922 δὲ
530 895 604 931 αὐτῷ
628 896 642 922 6
666 894 796 927 ζωδιακὸς
821 893 877 921 ἀπὸ

83 941 226 978 Σκορπίου
245 941 299 977 μοι.
325 940 346 974 ζ’
366 941 412 968 καὶ
434 944 456 968 κ’
473 940 558 976 μέσης
576 940 628 973 ἕως
646 939 693 967 τοῦ
715 940 736 965 Τ
738 939 830 972 οξότου
849 941 877 971 ς’

87 988 197 1024 μέσης·
220 988 380 1023 μεσουρανεὶ¹
398 986 427 1013 δὲ
450 986 504 1013 ἀπὸ
523 986 660 1026 Παρθένου
681 984 736 1021 μοι.
756 984 778 1011 θ’
794 983 879 1019 μισης

83 1033 145 1064 ἕως
161 1031 300 1067 Παρθένου
314 1035 338 1057 α’
350 1031 396 1058 καὶ
409 1034 443 1058 κ’.
461 1031 490 1057 Α¹
506 1030 534 1057 δὲ
553 1030 641 1066 ἀστὴρ
654 1030 817 1065 μεσουρανιῐ
831 1027 878 1055 τοῦ

85 1079 217 1114 Κόρακος
232 1078 247 1104 6
266 1078 295 1104 ὲν
307 1079 340 1113 τῇ
364 1077 432 1113 οὐρᾷ
444 1076 579 1113 λαμπρὸς,
595 1076 633 1108 ὡς
652 1075 800 1112 ἡμιπήχιον
813 1076 879 1101 ὑπο-

87 1123 252 1157 λειπόμενος
268 1121 315 1148 τοῢ
328 1120 525 1157 μσημσρινοῦ,
539 1120 653 1156 ἔσχατος
668 1120 696 1147 δὲ
706 1121 722 1147 ὁ
736 1120 879 1156 ἀριστερὸς

87 1168 186 1202 ἀγκὼν
203 1168 252 1204 τῆς
267 1168 406 1204 Παρθένου
420 1189 427 1201 ,
449 1169 488 1201 ὡς
507 1169 656 1204 ἡμιπήχιον
676 1167 879 1204 προηγούμενος

88 1215 140 1242 τοῦ
158 1214 353 1251 μεσημϐρινοῦ.
377 1214 528 1242 ’Λνατέλλει
543 1214 572 1240 δὲ
585 1214 599 1240 6
613 1213 724 1249 Κηφεὺς
743 1213 773 1239 ὲν
793 1215 818 1247 γ’
833 1212 879 1247 εγ-

89 1269 176 1296 γιστα
192 1261 408 1296 πεμπτημορὶοις
420 1260 495 1296 ὥρας
509 1263 543 1287 α’.

128 1306 187 1340 Τῆς
203 1306 231 1332 δὲ
254 1305 439 1337 Κασσιεπείας
459 1304 667 1341 ἀνατελλούσης,
690 1304 879 1332 συνανατέλλει

91 1351 167 1388 μὲνὸ
175 1351 305 1384 ζωδιακὸς
320 1351 374 1378 ἀπὸ
385 1351 432 1377 τοῦ
440 1350 553 1384 Τοξάιου
570 1350 593 1386 β’
605 1351 652 1378 καὶ
663 1354 687 1378 κ’
702 1351 757 1386 μοι.
771 1350 824 1383 ἓως
834 1350 879 1377 Al-

88 1397 268 1432 γόκερω-ιβ”
287 1398 450 1434 μεσουρανεῖ
463 1397 492 1424 δὲ
512 1397 566 1424 ἀπὸ
582 1397 678 1433 Χηλῶν
703 1397 757 1433 μοι.
777 1400 811 1424 ια’
826 1397 880 1429 ἕως

89 1443 229 1478 Σκορπίου
242 1446 266 1477 γ’
281 1443 376 1478 μέσης.
390 1443 444 1469 Καὶ
462 1446 485 1469 α’
503 1443 551 1478 μὲν
568 1443 655 1479 ἀστὴρ
669 1443 809 1470 ἀνατέλλει
822 1444 839 1469 6
850 1443 879 1470 ἐν

88 1489 133 1524 τῷ
151 1489 237 1525 θρόνῳ
248 1490 333 1524 αὐτῆς
347 1489 481 1525 λαμπρὸς,
495 1489 607 1525 ἔσχατος
615 1489 643 1516 δὲ
653 1490 667 1516 6
676 1490 705 1516 ἐν
715 1491 748 1526 τῇ
763 1489 877 1525 κεφαλῇ.

928 891 963 919 ad
972 895 1063 927 caput.
1074 891 1202 919 Cooritur
1216 891 1345 920 zodiacus
1354 899 1368 918 a
1382 891 1418 918 27
1432 893 1520 921 media
1535 898 1612 929 parte
1627 894 1709 922 Scor»

928 939 965 975 pii
981 939 1015 966 ad
1028 939 1145 966 mediam
1157 937 1340 974 6-Sag'tttarii;
1351 939 1483 967 culminat
1495 947 1511 967 ο
1525 940 1612 968 media
1625 941 1642 968 9
1655 941 1710 969 Vir-

929 984 1002 1020 ginis
1017 983 1050 1010 ad
1065 983 1189 1018 ejusdem
1203 983 1250 1011 21.
1268 983 1347 1011 Prior
1360 987 1451 1013 autem
1467 985 1599 1013 culminat
1609 994 1670 1022 qua:
1681 988 1710 1016 in

929 1029 1016 1058 cauda
1030 1033 1073 1057 est
1086 1029 1168 1057 Corvi
1181 1029 1282 1063 lucida,
1297 1031 1376 1066 quasi
1394 1031 1557 1060 semicubito
1570 1033 1676 1062 distans
1694 1042 1710 1062 a

928 1075 1101 1107 meridiano;
1115 1075 1221 1108 ultima,
1238 1075 1348 1104 sinister
1362 1075 1482 1111 Virginis
1505 1077 1616 1106 cubitus
1626 1098 1634 1111 ,
1649 1083 1711 1106 tan-

928 1119 1048 1148 tumdem
1071 1120 1252 1148 meridianum
1279 1121 1452 1150 antecedens.
1471 1121 1564 1150 Oritur
1585 1123 1710 1159 Cepheus
1743 1155 1747 1159 ,

929 1163 996 1192 hora
1013 1165 1209 1203 propemodum
1220 1165 1248 1198 0,
1263 1166 1314 1196 ὅθ’.

962 1293 1135 1323 Ascendente
1156 1292 1302 1329 Cassiepca
1326 1293 1454 1322 zodiacus
1477 1294 1566 1322 oritur
1586 1302 1602 1323 a
1624 1297 1711 1332 gradu

926 1339 964 1367 2‘2
988 1338 1127 1375 Sagittarii
1147 1339 1180 1366 ad
1201 1340 1361 1374 Capricorni
1382 1340 1433 1375 12;
1449 1341 1582 1369 culminat
1601 1349 1617 1370 a
1633 1347 1711 1378 parte

929 1384 1074 1414 Chelarum
1092 1385 1123 1413 Η
1139 1385 1173 1413 ad
1184 1384 1202 1413 3
1217 1385 1332 1414 mediam
1345 1385 1461 1421 Scorpii.
1476 1385 1554 1415 Prior
1565 1388 1652 1416 oritur
1666 1389 1710 1416 lu-

929 1431 991 1458 cida
1011 1431 1039 1458 in
1067 1431 1141 1459 illius
1155 1431 1273 1464 throno;
1289 1432 1394 1465 ultima,
1417 1441 1478 1469 quae
1499 1438 1542 1463 est
1565 1435 1593 1462 iu
1610 1435 1710 1471 capite.

929 1476 1021 1504 Prima
1045 1477 1178 1505 culminat
1198 1478 1345 1506 australior
1366 1486 1478 1514 earum,
1495 1488 1556 1516 quae
1572 1485 1636 1509 sunt
1659 1482 1711 1510 sub

91 1521 263 1570 ὶίεσουρανεί
278 1521 410 1571 δὲ’ἆσῖῆρ
422 1521 446 1562 α’
462 1535 510 1570 μὲν
523 1521 570 1562 τοῦ
585 1521 771 1571 Κενταύρούγὸ
783 1521 877 1562 νοτιῶ-

934 1521 1026 1550 dextro
1055 1522 1170 1551 humero
1185 1523 1331 1556 Centauri,
1353 1531 1415 1552 cum
1439 1526 1576 1561 Arcturo;
1603 1526 1710 1559 ultima,

90 1589 174 1616 τερος
191 1581 244 1607 τῶν
263 1580 316 1608 ὑπὸ
331 1580 376 1607 τὸν
395 1581 480 1614 δεξιὸν
499 1578 584 1617 ὦμον,
603 1582 650 1608 καὶ
668 1582 682 1608 6
704 1581 876 1617 Ἀρκτοῦρος,

91 1627 207 1661 ἔσχατος
220 1626 249 1653 δὲ
264 1626 278 1652 6
291 1626 372 1661 μέσος
384 1626 439 1653 τῶν
451 1628 480 1653 ὲν
493 1627 532 1662 τῷ
547 1627 666 1662 μετώπῳ
675 1627 722 1653 τοῦ
733 1627 877 1662 Σκορπίου,

91 1671 143 1698 καὶ
161 1672 207 1698 τοῦ
221 1672 357 1706 Στεφάνου
377 1673 392 1699 6
407 1671 557 1707 ἡγούμενος
572 1671 619 1698 τοῦ
639 1670 776 1706 λαμπροῦ.
801 1672 878 1698 Ἀνα-

90 1717 182 1745 τέλλει
196 1717 224 1744 δὲ
238 1719 254 1753 ἡ
271 1717 442 1745 Κασσιέπεια
455 1719 484 1745 ἐν
496 1717 555 1753 ὥρᾳ
569 1721 593 1744 α’
608 1717 655 1744 καὶ
667 1721 690 1752 γ’
704 1717 790 1753 μέρει.

131 1763 188 1798 Τῆς
206 1763 234 1790 δὲ
262 1763 439 1800 ’Δνδρομέδας
459 1763 666 1799 ἀνατελλούσης,
690 1763 879 1790 συνανατέλλει

86 1812 88 1815 '
95 1809 146 1844 μὲν
157 1809 223 1845 αὐτῇ
238 1810 252 1836 6
264 1809 393 1842 ζωδιακὸς
403 1809 457 1836 ἀπὸ
465 1809 606 1844 Αῑγόκερω
617 1812 647 1835 ιε’
658 1808 712 1844 μοί.
723 1809 776 1840 ἕως
789 1809 882 1844 Ὑδρο-

94 1854 159 1890 χόου
174 1854 228 1889 μοι.
241 1853 261 1880 δ’
272 1854 318 1881 καὶ
330 1856 355 1880 κ’
366 1854 460 1889 μέσης·
475 1854 637 1889 μεσουρανεῖ
646 1853 674 1880 δὲ
684 1853 737 1880 ἀπὸ
747 1852 880 1887 Σκορπίου

96 1903 125 1933 ς’
140 1901 224 1935 μέσης
237 1899 290 1932 ἕως
304 1900 417 1933 Τοξότου
439 1900 463 1934 η’
478 1899 574 1934 μέσης.
592 1899 647 1926 Καὶ
660 1901 684 1925 α’
702 1898 751 1934 μὲν
765 1898 779 1924 6
792 1897 880 1933 ἀστὴρ

95 1944 236 1972 ἀνατέλλει
253 1944 338 1980 αὐτῆς
352 1945 366 1970 6
381 1943 538 1979 νοτιώτερος
551 1942 605 1970 τῶν
621 1943 650 1969 ἐν
660 1943 693 1978 τῇ
708 1941 782 1977 δεξιᾷ
797 1941 879 1976 χειρὶ,

95 1989 209 2025 ἔσχατος
223 1988 251 2015 δὲ
265 1989 280 2015 6
294 1990 324 2015 ἐν
336 1989 409 2025 ἄκρᾳ
423 1989 455 2024 τῇ
474 1988 606 2024 ἀριστερᾷ
618 1988 700 2023 χειρί.
712 1987 882 2022 Μεσουρανεϊ

94 2036 126 2063 δὲ
134 2035 220 2071 ἀστὴρ
230 2039 254 2062 α’
261 2035 310 2071 μὲν
320 2037 366 2062 τοῦ
378 2034 513 2069 Στεφάνου
522 2035 536 2060 6
547 2033 676 2069 ἐχόμενος
683 2033 730 2059 τοῦ
741 2031 880 2068 λαμπροῦ,

96 2081 211 2115 ἔσχατος
220 2080 249 2107 δὲ
260 2081 275 2107 6
289 2080 432 2115 ἀριστερὸς
442 2078 535 2113 ἀγκὼν
545 2078 593 2104 τοῦ
611 2078 655 2104 Ἐν
665 2078 785 2112 γόνασιν.
805 2076 882 2103 Ἀνα-

96 2126 185 2153 τὲλλει
198 2125 226 2152 δὲ
242 2126 259 2161 ἡ
281 2125 443 2161 Ἀνδρομέδα
457 2125 485 2151 ὲν
499 2124 585 2160 ὥραις
601 2123 623 2160 β’
635 2124 683 2151 καὶ
696 2126 720 2159 η’
739 2123 827 2159 μέρει.

134 2171 187 2198 Τοῦ
203 2172 232 2198 δὲ
246 2172 345 2198 Ἵππου
362 2170 560 2202 ἀνατέλλοντος,
577 2169 764 2197 συνανατέλλει
781 2168 855 2204 αὐτῷ
866 2169 881 2194 ὸ

929 1576 1024 1596 earum
1037 1569 1126 1597 media
1137 1578 1198 1605 qua:
1211 1574 1276 1598 sunt
1289 1570 1318 1597 in
1330 1569 1417 1598 fronte
1429 1570 1533 1607 Scorpii
1543 1592 1551 1605 ,
1567 1576 1594 1600 et
1608 1580 1712 1608 praece-

930 1613 996 1641 dens
1017 1614 1136 1642 lucidam
1158 1615 1282 1643 Coronae.
1305 1615 1401 1643 Oritur
1427 1616 1573 1653 Cassiepea
1597 1619 1664 1647 hora
1683 1619 1710 1651 1,

928 1659 981 1687 20’.

965 1749 1034 1778 Cum
1056 1749 1229 1778 Andromeda
1254 1750 1344 1778 oritur
1371 1757 1452 1779 arcus
1466 1751 1571 1779 ιοὰίσοί
1587 1759 1603 1779 a
1616 1753 1712 1789 Capri-

930 1797 1007 1824 corni
1023 1801 1099 1831 parte
1113 1797 1156 1830 l5,
1175 1797 1208 1824 ad
1221 1797 1333 1833 Aquarii
1348 1797 1384 1825 24
1399 1797 1533 1832 mediam;
1552 1799 1683 1827 culminat
1696 1807 1711 1826 a

931 1841 1019 1869 media
1029 1842 1046 1869 6
1062 1842 1168 1877 Scorpii
1188 1843 1224 1870 ad
1239 1843 1355 1871 mediam
1365 1843 1382 1870 8
1398 1838 1646 1878 Sagittarii.Prima
1656 1844 1713 1872 ori-

931 1892 976 1915 tur
999 1889 1146 1916 australior
1159 1895 1253 1916 earum
1279 1896 1340 1924 quae
1361 1893 1426 1917 sunt
1448 1890 1475 1916 in
1492 1889 1587 1918 dextra
1611 1897 1711 1922 manu;

931 1934 1037 1965 ultima.
1049 1942 1110 1969 quae
1120 1935 1147 1961 in
1166 1935 1338 1962 extremitate
1353 1935 1472 1964 sinistre
1488 1943 1595 1963 manus.
1608 1936 1711 1964 Culmi-

931 1983 978 2007 nat
994 1980 1093 2015 prima,
1108 1987 1169 2015 quae
1190 1980 1287 2008 lucida:
1304 1981 1420 2009 Coronae
1443 1982 1566 2016 proxima
1586 1986 1645 2016 est;
1662 1989 1712 2017 po-

931 2029 1051 2054 stremus
1072 2032 1138 2052 vero
1161 2025 1272 2053 cubitus
1295 2026 1407 2054 sinister
1433 2026 1592 2062 lngeniculi.
1617 2025 1713 2056 Oritur

931 2071 1103 2099 Andromeda
1112 2070 1187 2098 horis
1201 2070 1220 2098 2
1232 2071 1293 2107 1/8.

967 2158 1036 2186 Cum
1055 2157 1148 2193 Equus
1162 2157 1262 2191 oritur,
1275 2156 1400 2186 ascendit
1415 2164 1477 2185 cum
1489 2164 1523 2185 eo
1535 2156 1666 2186 zodiacus
1678 2159 1713 2186 ab

99 2217 230 2251 ζωδιακὸς
251 2216 305 2243 ἀπὸ
325 2217 374 2251 τῆς
394 2215 482 2251 ἀρχῆς
497 2215 544 2242 τοῦ
559 2214 700 2250 Αῑγόκερω
714 2213 766 2246 ’ἐως
789 2202 878 2249 Ὑδρο-

934 2204 1009 2232 initio
1016 2203 1174 2239 Capricorni
1187 2203 1222 2231 ad
1236 2203 1350 2239 Aquarii
1362 2207 1466 2238 partem
1483 2203 1528 2232 21.
1548 2203 1686 2232 Culminat
1697 2212 1715 2233 ιι

99 2264 164 2300 χόου
181 2262 234 2298 μοι.
246 2265 270 2289 α’
288 2262 335 2289 καὶ
350 2265 384 2288 κ’·
399 2261 558 2297 μεσουρανεί
571 2260 600 2287 δὲ
613 2260 667 2287 ἀπὸ
684 2259 780 2296 Χηλῶν
795 2262 818 2287 α’
835 2259 882 2285 καὶ

99 2313 126 2336 κ’
142 2308 226 2344 μέσης
240 2308 292 2338 ἕως
311 2306 425 2340 Τοξότου
442 2309 467 2339 ς’
484 2306 579 2342 μέσης,
603 2305 658 2332 Καὶ
680 2307 706 2332 α’
728 2305 777 2340 μὲν
798 2304 880 2331 αὑτοῦ

98 2355 187 2390 ἀστὴρ
196 2353 334 2380 ἀνατέλλει
344 2354 358 2379 6
368 2351 526 2388 νοτιώτερος
535 2352 589 2378 τῶν
599 2349 772 2386 ἐμπροσθίων
782 2349 881 2381 ποδῶν,

100 2401 212 2436 ἔσχατος
222 2400 251 2426 δὲ
262 2401 276 2426 6
287 2398 333 2426 ἐπὶ
347 2399 395 2434 τῆς
409 2397 508 2432 ὀσφύος
523 2396 658 2432 λαμπρός.
672 2395 840 2430 Μεσουρανεῖ
853 2394 882 2421 δὲ

101 2446 188 2482 ἀστὴρ
203 2449 226 2472 α’
242 2446 290 2481 μὲν
307 2445 322 2471 6
337 2445 367 2471 ὲν
385 2444 455 2480 μέσῃ
472 2445 506 2478 τῇ
523 2443 598 2478 νοτίᾳ
619 2441 711 2477 Χηλῇ,
729 2441 838 2476 ἔσχατοι
853 2440 882 2467 δὲ

100 2493 149 2521 τοῦ
171 2492 309 2527 Ὀφιούχου
323 2492 347 2517 οἱ
361 2490 435 2526 παρὰ
447 2490 493 2516 τὸν
502 2489 587 2522 δεξιὸν
601 2486 675 2524 ὦμον
688 2490 712 2522 γ’
724 2487 766 2513 ἐπ’
776 2485 882 2518 εὐθείας

101 2540 232 2574 κείμενοι,
246 2538 323 2570 ἐκτὸς
333 2538 408 2569 όντες
419 2535 512 2568 αὑτοῦ,
525 2536 572 2563 καὶ
582 2535 629 2563 τοῦ
649 2535 693 2562 Ἐν
704 2534 813 2569 γόνασιν
826 2534 840 2560 ὁ
853 2533 882 2559 ὲν

100 2585 142 2620 τῷ
156 2583 291 2620 ἀριστερῷ
309 2583 388 2619 μηρῷ
404 2582 539 2618 λαμπρὸς,
561 2581 657 2617 μικρὸν
680 2578 883 2615 προηγούμενος

101 2630 193 2659 αὑτοῦ.
214 2630 364 2656 Ἀνατέλλει
376 2629 404 2655 δὲ
418 2629 432 2655 6
445 2629 541 2659 Ἵππος
558 2628 587 2654 ὲν
601 2627 685 2662 ὥραις
699 2629 734 2660 γ’.

138 2676 190 2703 Τοῦ
201 2676 228 2702 δὲ
244 2675 348 2702 Ὀῖστοῦ
362 2673 561 2705 ἀνατέλλοντος,
576 2672 763 2699 συνανατέλλει
776 2671 824 2706 μὲν
836 2671 884 2697 αὺ-

101 2723 142 2759 τῷ
156 2722 170 2748 6
184 2722 314 2755 ζωδιακὸς
328 2720 382 2748 ὰπὸ
397 2719 444 2746 τοῦ
460 2719 575 2752 Τοξότου
593 2717 649 2753 μοί.
667 2720 688 2744 ε’
701 2717 753 2749 ἕως
769 2716 883 2750 Τοξόσου

102 2773 120 2797 ι’
134 2768 228 2804 μέσης
248 2767 408 2803 μεσουρανεῖ
424 2765 453 2791 δὲ
470 2763 523 2791 ἀπὸ
537 2763 676 2800 Παρθένου
694 2763 725 2790 ιϐ’
742 2762 794 2794 ἕως
810 2763 884 2798 Παρ-

143 2847 166 2863 ⁸⁸
178 2847 251 2874 Deest
265 2845 358 2871 ultima
375 2843 469 2870 oriens.

240 2891 374 2920 Pnnon.
396 2889 454 2918 Gn.
473 2885 559 2917 XIX.

931 2251 1077 2278 Chelarum
1097 2255 1175 2285 parte
1189 2249 1221 2277 21
1241 2249 1331 2277 media
1349 2249 1384 2277 ad
1397 2247 1538 2284 Sagittarii
1554 2249 1670 2278 mediam
1685 2250 1712 2279 6.

931 2296 1022 2324 Prima
1035 2296 1096 2332 ejus
1107 2296 1195 2324 oritur
1209 2295 1298 2327 stella,
1306 2302 1368 2330 quae
1381 2299 1424 2323 est
1435 2295 1583 2324 australior
1594 2297 1714 2325 anterio-

931 2351 992 2370 rum
1009 2342 1124 2378 pedum;
1139 2341 1246 2373 ultima,
1261 2348 1322 2376 qua:
1334 2346 1377 2369 est
1390 2341 1417 2368 in
1438 2341 1520 2370 ilibus
1535 2338 1635 2370 lucida.
1649 2342 1715 2370 Cul~

932 2389 1018 2417 minat
1036 2388 1111 2424 prior
1125 2387 1213 2416 media
1236 2387 1264 2414 in
1286 2386 1400 2414 australi
1422 2386 1521 2420 Chela,
1540 2387 1642 2416 ultima
1654 2397 1714 2424 qua:

933 2435 966 2462 ad
980 2435 1107 2462 dextrum
1131 2434 1279 2461 humerum
1295 2431 1432 2468 Ophiuchi
1448 2438 1504 2461 tres
1524 2433 1552 2460 in
1579 2433 1713 2462 directqu

932 2481 1038 2516 positae,
1051 2484 1183 2516 extraque
1200 2479 1289 2515 ipsum
1304 2479 1374 2511 sitae,
1389 2486 1443 2506 una
1458 2487 1521 2506 cum
1536 2479 1637 2512 lucida,
1654 2487 1715 2515 quas

932 2532 974 2556 est
988 2528 1015 2555 in
1037 2527 1151 2555 sinistro
1164 2525 1266 2553 femore
1281 2524 1447 2560 Engonasin,
1465 2525 1545 2560 paulo
1561 2525 1650 2561 ipsum
1666 2533 1715 2552 an-

933 2573 1069 2602 tecedens.
1085 2572 1180 2599 Oritur
1195 2571 1289 2607 Equus
1305 2571 1383 2599 horis
1397 2571 1424 2599 5.

967 2669 1035 2696 Cum
1053 2668 1157 2705 Sagitta
1178 2666 1282 2694 zodiaci
1297 2673 1378 2694 arcus
1401 2666 1489 2694 oritur
1503 2673 1518 2692 a
1535 2665 1648 2701 parte}
1662 2665 1714 2692 Sa-

933 2714 1034 2751 gittarii
1044 2713 1077 2741 ad
1085 2713 1206 2749 ejusdem
1224 2712 1258 2739 ιο
1270 2711 1403 2744 mediam;
1418 2710 1551 2738 culminat
1566 2716 1581 2736 ιι
1596 2713 1672 2745 parte
1682 2710 1716 2738 19

934 2760 1064 2797 Virginis,
1089 2759 1122 2788 ad
1136 2758 1182 2787 25.
1198 2757 1297 2786 Prima:
1309 2757 1434 2786 oriuntur
1453 2762 1514 2791 quae
1530 2761 1595 2784 sunt
1613 2755 1641 2783 in
1657 2755 1716 2791 gly-

1562 2876 1601 2906 33
