1923 3137
180 141 251 170 ’1099

185 200 275 236 pliide.
287 197 314 225 id
329 200 370 225 est
384 201 497 227 terens;
515 202 526 218 ι
549 191 655 223 ultima,
668 197 728 224 quae
741 192 784 216 est
796 188 826 215 in
842 186 963 221 cuspide.
979 189 1002 217 Α

185 231 324 274 Culminat
342 243 416 278 prior
428 247 488 276 qua).
501 242 543 266 est
557 238 583 264 in
597 237 708 264 sinistro
725 234 817 262 cubito
835 231 965 268 Virginis,

187 290 328 326 paululum
354 287 422 314 citra
450 283 631 312 meridianum
655 281 724 314 sita;
744 279 851 310 ultima,
876 278 966 312 Spica,

187 337 325 373 paululum
340 332 519 361 meridianum
535 328 716 359 antecedens;
731 330 759 353 et
777 333 837 360 quae
851 323 902 352 sub
917 323 968 350 hu-

188 369 263 410 inero
272 381 366 408 dextro
379 375 520 405 Centauri.
535 373 629 402 Oritur
644 372 748 407 Sagitta
763 370 831 398 hora
842 369 869 401 0,
879 369 932 396 20'.

221 524 305 553 XXII.
322 522 417 550 Oritur
428 519 526 554 Aquila
540 523 602 544 cum
618 522 684 542 arcu
700 512 804 541 zodiaci
817 519 833 538 a
849 510 971 545 Sagitta-

188 574 222 600 rii
235 570 321 607 gradu
332 570 360 601 9,
373 568 406 595 ad
427 566 547 594 medium
562 564 613 596 it;
627 561 757 590 culminat
770 567 785 586 a
805 557 929 592 Virgin'.
936 555 971 582 2L

189 620 224 646 ad
236 601 356 644 inediam
373 613 418 641 50.
437 611 527 639 Prima
541 608 683 642 consurgit
698 605 803 640 Aquila:
818 602 905 632 stclla,
919 601 971 628 bo-

189 665 289 693 realior
301 667 458 698 parvarum,
475 665 535 693 qum
548 661 611 684 sunt
623 655 651 682 in
662 653 768 680 duabus
783 650 851 682 alis;
865 647 971 678 ultima,

189 718 251 746 qum
259 713 301 737 est
316 706 461 735 australior
472 703 552 731 trium
562 703 589 729 in
604 706 718 735 corpore
730 696 892 725 lucidarum.
909 692 974 720 Cul-

190 756 277 782 minat
287 753 361 789 prior
374 750 465 786 Spica,
480 748 585 778 ultima,
600 744 736 773 borcalior
752 748 845 769 earum
861 746 921 774 qua:
945 737 973 764 in

182 787 322 830 (Centauri
336 798 435 832 capite.
456 795 550 823 Oritur
564 791 663 826 Aquila
676 790 743 817 hora
758 788 786 821 0,
799 787 854 814 24'.

227 935 320 964 Oritur
336 938 399 960 cum
406 926 536 962 Delphine
550 923 680 951 zodiacus
694 926 709 945 a
725 914 864 952 Sagittarii
883 911 970 949 gradu

192 962 331 1011 20—medio
346 977 380 1004 ad
401 973 522 1002 medium
537 969 572 996 24
585 976 592 1001 ;
609 964 740 994 culminat
756 962 790 988 ab
804 964 901 988 octavo
915 966 973 986 me-

194 1007 347 1057 diowChelae
362 1021 396 1049 ad
410 1017 557 1047 15.Primae
567 1014 692 1042 oriuntur
701 1007 893 1037 antecedentes
904 1012 974 1040 qua-

195 1081 260 1102 tuor
276 1073 303 1099 in
316 1068 440 1099 rhombo,
457 1067 594 1101 postrema
604 1066 664 1094 qua:
677 1057 704 1084 in
716 1053 802 1083 cauda
821 1054 863 1079 est
871 1055 977 1078 austra-

195 1097 260 1149 liovr.
276 1097 420 1146 Culminat
433 1097 564 1148 primum
586 1106 697 1135 sinister
712 1109 760 1138 pes
784 1097 975 1130 Andromedae,

171 1156 174 1159 ’
196 1170 335 1202 postremo
348 1146 476 1188 Centauri
494 1153 610 1182 maxime
623 1149 741 1178 borealis
755 1149 783 1176 in
797 1147 907 1182 thyrso;
919 1146 978 1169 tum

198 1188 233 1238 6d
247 1217 317 1246 genu
329 1204 446 1241 Virginis
461 1201 585 1229 dextrum
600 1205 615 1224 a
631 1194 813 1231 septentrione
826 1188 978 1225 sita,quasi

622 1243 627 1246 “
641 1242 656 1246 ”“
751 1238 771 1246 Α
790 1238 806 1246 Ἀ
838 1245 843 1246 γ
864 1234 977 1246 “-1.Λ.ι..

199 1234 359 1285 seniicubito
375 1234 498 1278 “distans
523 1253 538 1273 a
563 1242 723 1272 meridiano.
750 1238 845 1267 Oritur
864 1234 979 1270 Delphin

199 1305 265 1331 hora
281 1302 308 1333 0,
321 1300 372 1327 15'.

672 131 716 159 Al)
734 128 867 157 EUSEBll
884 124 1084 156 CHRONICON
1105 121 1286 151 APPENDIX.

1736 112 1803 142 1100

1015 184 1090 211 θένου
1103 186 1122 209 ε’
1134 183 1181 210 καὶ
1195 184 1230 209 κ’.
1246 180 1301 207 Καὶ
1311 178 1415 215 πρῶτοι
1428 178 1476 214 μὲν
1487 178 1677 206 ἀνατέλλουσιν
1692 176 1718 202 οἱ
1731 176 1759 201 ὲν
1770 175 1803 209 τῇ

1016 229 1133 265 γλυφίδι,
1144 228 1256 263 ἔσχατος
1267 226 1294 252 δὲ
1304 226 1318 252 6
1327 226 1356 252 ὲν
1366 226 1398 260 τῇ
1409 224 1491 251 ἁκίδι.
1501 224 1592 251 Μεσου
1597 223 1672 259 ρανεῖ
1682 221 1712 248 δὲ
1720 219 1805 254 ἀστὴρ

1016 279 1040 303 α’
1054 275 1103 311 μὲν
1114 276 1127 301 6
1137 275 1166 301 ἐν
1177 273 1216 309 τῷ
1224 271 1360 309 ἀριστερῷ
1373 271 1477 305 ἀγκῶνι
1487 271 1536 306 τῆς
1544 269 1696 305 Παρθένου,
1709 267 1805 303 μικρὸν

1017 321 1228 356 ὑπολειπόμενος
1247 318 1293 345 τοῦ
1310 317 1508 354 μεσημϐρινοῦ,
1527 317 1640 352 ἔσχατος
1655 315 1685 342 δὲ
1706 315 1721 341 6
1740 313 1805 340 Στά-

1017 377 1078 404 χυς,
1105 367 1202 403 μικρὸν
1225 364 1427 401 προηγούμενος
1443 363 1490 390 τοῦ
1512 361 1712 398 μεσημϐρινοῦ,
1730 360 1776 386 καὶ
1792 360 1806 386 6

1019 413 1071 441 ὑπὸ
1085 413 1130 440 τὸν
1144 411 1287 448 ἀριστερὸν
1304 407 1378 446 ὦμον
1398 409 1446 436 τοῦ
1464 408 1632 444 Κενταύρου.
1655 404 1807 434 ’Δνατέλλει

1019 460 1047 487 δὲ
1063 460 1077 485 6
1100 458 1203 490 Ὀῖστὺς
1219 458 1247 485 έν
1264 460 1286 492 γ’
1302 457 1378 492 μέρει
1394 455 1477 492 ὥρας.

1054 504 1181 532 ΚΒ¹.Τοῦ
1194 504 1222 530 δὲ
1240 502 1331 530 Ἀετοῦ
1347 502 1544 533 ἀνατέλλοντος,
1559 498 1748 527 συνανατέλλει
1758 496 1807 533 μὲν

1021 550 1094 586 αὐτῷ
1109 551 1123 577 6
1138 548 1266 583 ζωδιακὸς
1282 548 1337 574 ἀπὸ
1351 547 1464 580 Τοξότου
1480 546 1534 581 μοί.
1550 545 1572 572 0'
1585 545 1638 576 ἔως
1649 544 1765 577 Τοξάτου
1778 543 1807 569 ιδ’

1023 596 1119 632 μέσης·
1144 594 1304 630 μεσουρανεῖ
1326 592 1354 619 δὲ
1377 592 1430 619 ἀπὸ
1451 591 1589 628 Παρθένου
1612 590 1632 616 δ’
1651 589 1701 617 καὶ
1716 592 1740 616 κ’
1757 588 1808 618 ἕως

1021 639 1160 676 Παρθένου
1174 638 1195 664 λ’
1207 638 1303 673 μέσης.
1317 637 1372 664 Καὶ
1390 640 1414 663 α’
1433 637 1481 672 μὲν
1498 636 1585 671 ἀστὴρ
1602 633 1745 662 ἀνατέλλει
1762 632 1809 659 τοῦ

1029 683 1121 711 Ἀετοῦ
1136 685 1150 710 6
1160 683 1327 719 βορειότερος
1343 682 1396 709 τῶν
1410 683 1438 708 ὲν
1451 683 1511 713 ταῖς
1526 680 1637 716 πτέρυξι
1653 680 1675 715 β’
1692 678 1809 715 μικρῶν,

1023 730 1137 765 ἔσχατος
1153 729 1182 756 δὲ
1202 729 1216 755 ό
1231 729 1390 764 νοτιὼτερος
1405 728 1459 755 τῶν
1475 729 1503 754 ἐν
1518 727 1557 763 τῷ
1572 727 1679 763 σώματι
1695 729 1721 761 γ’
1740 725 1810 761 λαμ-

1025 777 1111 813 πρῶν.
1126 777 1297 812 Μεσουρανεῖ
1308 776 1336 802 δὲ
1347 775 1434 811 ἀστὴρ
1447 778 1470 801 α’
1485 775 1533 810 μὲν
1545 775 1559 800 6
1571 774 1687 809 Στάχυς,
1699 773 1812 808 ἔσχατος

1024 823 1053 849 δὲ
1069 822 1116 848 τοῦ
1131 821 1288 858 Κενταύρου
1303 823 1317 848 6
1337 821 1503 857 βορειότερος
1522 820 1575 846 τῶν
1591 820 1621 846 ἔν
1640 820 1673 855 τῇ
1694 818 1812 854 κεφαλῇ.

991 864 1012 892 Β
1031 867 1181 894 Ἀνατέλλει
1191 867 1219 894 δὲ
1229 868 1243 894 6
1259 868 1349 900 Ἀετὸς
1360 869 1389 894 ἐν
1403 867 1425 903 β’
1437 875 1547 903 πεμπτη
1552 866 1655 902 μορίοις
1666 866 1717 901 τῆς
1728 864 1813 900 ὥρας.

1061 913 1114 951 Τοῦ
1137 913 1167 940 δὲ
1188 913 1314 948 Δελφῖνος
1334 913 1535 945 ἀνατέλλοντος,
1557 911 1749 939 συνανατέλλει
1767 911 1815 946 μὲν

1027 958 1100 994 αὐτῷ
1116 960 1129 985 6
1144 958 1274 992 ζωδιακὸς
1290 959 1344 986 ἀπὺ
1355 958 1401 986 τοῦ
1418 958 1530 991 Τοξότου
1547 958 1603 994 μοί.
1619 957 1642 984 κ’
1661 957 1749 992 μέσης
1764 957 1816 988 ἔως

1028 1004 1142 1037 Τοξότου
1153 1004 1173 1030 δ’
1185 1005 1232 1031 καὶ
1243 1007 1266 1031 κ’
1281 1004 1376 1040 μέσης·
1396 1005 1558 1040 μεσουρανεϊ
1568 1004 1597 1030 δὲ
1611 1003 1666 1030 ἀπὸ
1677 1002 1779 1039 Χηλῶν
1791 1005 1815 1037 η’

1031 1050 1116 1085 μέσης
1131 1049 1184 1081 ἔως
1199 1049 1296 1086 Χηλῶν
1314 1053 1357 1085 ιγ’.
1371 1051 1426 1077 Καὶ
1441 1050 1544 1086 πρῶτοι
1559 1049 1607 1084 μὲν
1621 1049 1739 1084 ἀστέρες
1753 1049 1818 1074 ἁνα-

1030 1095 1165 1122 τέλλουσιν
1177 1096 1202 1121 οἱ
1218 1094 1362 1131 ἡγούμενοι
1376 1096 1429 1122 τῶν
1444 1095 1473 1122 ἐν
1491 1093 1530 1130 τῷ
1546 1093 1638 1130 ῥόμϐῳ
1653 1094 1685 1125 δ’,
1703 1093 1819 1128 ἔσχατος

1030 1142 1059 1168 δὲ
1074 1141 1128 1169 τῶν
1138 1143 1166 1168 ὲν
1179 1143 1212 1178 τῇ
1224 1141 1293 1178 οὐρᾷ.
1306 1143 1320 1169 6
1333 1141 1499 1178 νοτιώτερος.
1510 1141 1680 1177 Μεσουρανεῖ
1689 1140 1719 1167 δὲ
1731 1144 1756 1167 α’
1772 1140 1820 1175 μὲν

1031 1188 1046 1214 6
1061 1187 1203 1224 ἀριστερὸς
1219 1187 1285 1220 ποῦς
1301 1187 1349 1223 τῆς
1376 1187 1564 1223 Ἀνδρομέδας,
1589 1186 1704 1221 ἔσχατος
1722 1185 1752 1211 δὲ
1772 1185 1820 1211 τοῦ

1032 1232 1189 1269 Κενταύρου
1209 1233 1223 1259 6
1237 1233 1405 1269 βορειότατος
1419 1232 1473 1259 τῶν
1489 1233 1518 1259 ὲν
1534 1231 1573 1267 τῷ
1591 1232 1693 1267 θύρσῳ,
1710 1232 1760 1258 καὶ
1772 1231 1820 1266 τῆς

1034 1280 1173 1316 Παρθένου
1186 1282 1200 1307 6
1215 1281 1262 1308 ἀπ’
1278 1281 1393 1316 Ἄρκτου
1409 1280 1533 1315 κείμενος
1545 1279 1592 1306 τοῦ
1603 1279 1691 1313 δεξιοῦ
1707 1279 1820 1313 γόνατος

198 1351 245 1379 καὶ
269 1326 317 1375 τοῦ
337 1345 431 1376 ποδὸς,
456 1342 493 1374 ὼς
518 1339 667 1376 ἡμιπήχιον
692 1331 896 1379 προηγούμενος
904 1328 979 1379 ἑοῦ.
1000 1328 1195 1379 μεσημϐρινοῦ.
1209 1328 1359 1355 ’Λνατέλλει
1369 1327 1397 1354 δὲ
1407 1328 1421 1353 6
1430 1327 1527 1362 Δελφὶς
1537 1327 1566 1354 ὲν
1576 1327 1596 1353 δ’
1610 1327 1689 1362 μέρει
1700 1331 1725 1353 α’
1735 1326 1820 1362 ὧρας.

234 1395 334 1423 Perseo
353 1391 474 1419 cooritur
487 1394 567 1414 arcus
578 1383 682 1412 zodiaci
697 1389 713 1408 a
726 1377 888 1415 Capricorni
902 1375 939 1403 25
947 1373 982 1401 ad

199 1421 299 1469 Arietis
313 1439 346 1466 Η
361 1436 496 1467 medium;
508 1431 638 1460 culminat
654 1437 667 1455 a
682 1426 789 1462 Scorpii
802 1424 835 1452 t6
848 1422 937 1450 medio
948 1421 982 1448 ad

202 1488 219 1515 8
237 1486 357 1514 medium
383 1478 553 1516 Capricorni.
571 1476 702 1510 Princeps
719 1473 808 1500 oritur
829 1469 907 1498 stella
923 1474 983 1502 quae

201 1538 243 1562 est
259 1534 287 1559 in
299 1531 388 1565 Harpe
402 1514 543 1557 nebulosa,
556 1523 666 1555 ultimae,
675 1527 736 1555 qua
751 1524 834 1553 supra
846 1514 983 1542 Pleiadem

202 1580 230 1606 in
255 1562 367 1606 sinistro
383 1573 461 1609 pede.
478 1570 616 1598 Culminat
638 1566 726 1602 primo
743 1562 834 1591 lucida
856 1567 917 1596 quas
939 1563 984 1586 est

203 1626 231 1652 in
246 1624 300 1650 Ara
326 1619 425 1651 media,
451 1621 479 1645 et
503 1613 661 1650 Engonasin
686 1608 852 1637 antecedens
877 1603 984 1632 humeri

203 1669 304 1701 dextri,
320 1674 380 1703 qua:
397 1669 438 1694 est
450 1665 479 1692 in
499 1661 629 1693 brachio;
646 1658 742 1686 ultima
757 1652 919 1690 Capricorni
937 1651 986 1678 bo-

203 1717 304 1745 realior
328 1720 421 1742 earum
435 1718 494 1746 qua:
507 1711 570 1737 sunt
586 1707 614 1734 in
627 1703 770 1740 geniculis.
789 1701 855 1728 llem
867 1707 882 1727 e
893 1698 987 1734 Cygno

205 1761 340 1791 borcalior
356 1765 460 1791 carum,
480 1763 541 1791 quae
560 1754 589 1780 in
610 1753 652 1779 ala
677 1751 783 1780 dextra,
806 1742 987 1775 semicubitali

205 1809 261 1837 fere
277 1805 423 1849 interstitio
434 1802 614 1830 meridianum
625 1795 799 1825 antecedens.
816 1792 910 1820 Oritur
920 1789 987 1817 Per—

206 1862 270 1884 s‘cus
284 1853 360 1881 horis
371 1852 398 1883 ’5,
415 1850 466 1877 50'.

232 1986 309 2013 .Cum
326 1986 427 2017 Auriga
445 1979 574 2007 zodiacus
591 1975 679 2003 oritur
696 1982 711 2001 a
726 1972 848 2000 Piscium
864 1973 942 2005 parte
957 1968 986 1995 1.

207 2032 306 2063 media,
319 2013 408 2064 usque
422 2026 456 2054 ad
466 2023 550 2052 Tauri
565 2023 596 2050 16
613 2020 746 2052 mediam;
761 2017 894 2045 culminat
909 2022 924 2041 a
939 2013 991 2041 Sa-

207 2076 311 2113 gittarii
323 2062 369 2102 20‘
381 2071 466 2108 gradu
479 2069 512 2097 ad
525 2065 688 2104 Capricorni
708 2064 753 2091 29.
774 2062 873 2090 Primm
897 2065 991 2087 ortum

207 2106 311 2148 Faciunt
325 2106 420 2150 stella},
437 2123 497 2151 quae
514 2117 576 2141 sunt
589 2112 616 2139 in
635 2110 741 2145 capite;
754 2107 860 2138 ultima,
875 2112 936 2140 qua:
950 2106 992 2131 est

208 2165 235 2191 in
254 2164 350 2190 dextro
364 2149 601 2195 pedm-Culminat
618 2154 708 2189 prima
726 2149 868 2186 Sagittarii
890 2154 992 2183 praece-

1070 1374 1122 1401 Τοῦ
1145 1375 1172 1401 δὲ
1194 1375 1321 1411 Περσέως
1341 1374 1545 1406 ἀνατέλλοντος,
1565 1373 1756 1400 συνανατέλλει
1773 1373 1822 1408 μὲν

1035 1420 1108 1456 αὐτῷ
1125 1422 1139 1447 6
1156 1420 1288 1453 ζωδιακὸς
1308 1419 1362 1447 ἀπὸ
1382 1420 1523 1455 Αἰγόκερω
1544 1421 1565 1445 ε’
1585 1419 1632 1445 καὶ
1652 1421 1675 1445 κ’
1690 1419 1748 1453 μοι.
1771 1418 1822 1450 ἔως

1035 1465 1121 1500 Κριοῦ
1135 1466 1165 1492 ιδ’
1181 1466 1275 1501 μέσης·
1294 1466 1454 1501 μεσουρανεῖ
1465 1465 1494 1492 δὲ
1508 1464 1561 1491 ἀπὸ
1572 1464 1619 1491 τοῦ
1632 1463 1770 1500 Σκορπίου
1786 1467 1823 1495 ις·

1038 1512 1123 1548 μέσης
1135 1512 1186 1543 ἕως
1200 1511 1340 1547 Αίγόκερω
1354 1515 1377 1547 η’
1391 1511 1486 1546 μέσης.
1500 1510 1554 1537 Καὶ
1565 1513 1588 1536 α’
1602 1509 1650 1545 μὲν
1661 1509 1752 1544 ἀστὴρ
1765 1510 1826 1535 ἁνα-

1035 1557 1121 1583 τέλλει
1134 1558 1148 1584 6
1161 1558 1189 1584 ὲν
1205 1558 1239 1593 τῇ
1252 1557 1345 1594 Ἂρπῃ
1361 1556 1538 1592 νεφελοειδὴς,
1552 1555 1660 1591 ἔσχατοι
1673 1556 1702 1582 δὲ
1717 1556 1742 1582 ot
1756 1556 1825 1591 ὑπὲρ

1034 1602 1084 1638 τὴν
1097 1602 1213 1629 Πλειάδα
1226 1603 1255 1629 ὲν
1268 1602 1308 1638 τῷ
1318 1601 1453 1639 ἀριστερῷ
1466 1601 1670 1636 ποδὶρκείμενοι.
1681 1602 1825 1637 Μεσουρα-

1036 1650 1075 1675 νεῖ
1088 1649 1116 1676 δὲ
1130 1649 1216 1685 ἀστὴρ
1224 1652 1246 1675 α’
1258 1649 1307 1685 μὲν
1319 1650 1333 1675 6
1341 1649 1369 1674 ὲν
1379 1649 1455 1684 μέσῳ
1466 1647 1505 1683 τῷ
1515 1647 1692 1683 Θυμιατηρίῳ
1699 1648 1827 1683 λαμπρὸς

1037 1695 1084 1721 καὶ
1097 1695 1144 1721 τοῦ
1165 1695 1209 1722 Ἑν
1223 1695 1333 1730 γόνασιν
1345 1696 1359 1722 6
1372 1693 1576 1731 προηγούμενος
1587 1693 1633 1720 τοῦ
1648 1693 1740 1725 δεξιοῦ
1752 1693 1826 1728 ὤμου

1037 1741 1066 1767 ὲν
1082 1740 1120 1776 τῷ
1133 1740 1264 1776 βραχίονι,
1280 1740 1393 1776 ἔσχατος
1405 1740 1434 1767 δὲ
1448 1739 1495 1766 τοῦ
1507 1740 1648 1776 Αῑγὸκερω
1661 1741 1676 1766 6
1688 1739 1826 1775 βορειότε-

1038 1795 1085 1822 ρος
1096 1787 1150 1814 τῶν
1159 1788 1187 1813 ὲν
1194 1788 1250 1819 τοῖς
1260 1787 1405 1821 γονατίοις,
1415 1786 1462 1814 καὶ
1470 1785 1518 1813 τοῦ
1530 1786 1654 1822 Ὄρνιθος
1668 1786 1682 1812 6
1693 1785 1827 1821 βορειότε-

1042 1841 1086 1870 ρος
1099 1833 1163 1885 ⁵τῶν
1183 1835 1212 1860 ὲν
1282 1833 1368 1885 δεξιᾷ..
1381 1832 1507 1868 πτέρυγι,
1533 1832 1570 1864 ὡς
1591 1832 1745 1868 ἡμιπήχιον
1761 1840 1827 1867 προ-

1039 1878 1189 1914 ηγούμενος
1199 1878 1246 1905 τοῦ
1260 1877 1457 1914 μεσημϐρινοῦ.
1475 1876 1627 1904 ’Δνατέλλει
1637 1876 1666 1903 δὲ
1677 1876 1692 1902 6
1705 1876 1827 1911 Περσεὺς

1040 1924 1069 1950 έν
1084 1922 1170 1959 ὥραις
1184 1926 1208 1958 γ’
1224 1923 1272 1949 καὶ
1285 1922 1390 1958 ἡμίσει,
1405 1922 1451 1948 καὶ
1464 1925 1487 1956 γ’
1502 1921 1579 1957 μέρει
1597 1920 1683 1957 ὧρας.

1076 1970 1129 1997 Τοῦ
1142 1969 1170 1996 δὲ
1191 1969 1314 2005 Ἦνιόχηυ
1328 1968 1527 2000 ἀνατέλλοντος,
1542 1966 1735 1994 συνανατέλλει
1753 1967 1801 2001 μὲν
1813 1967 1827 1992 6

1041 2015 1169 2048 ζωδιακὸς
1185 2014 1238 2041 ἀπὸ
1259 2013 1367 2049 Ἰχθύων
1383 2013 1438 2049 μοί.
1452 2016 1484 2040 ια’
1499 2013 1584 2048 μέσης
1594 2012 1648 2044 ’ἐως
1660 2011 1709 2038 τοῦ
1721 2011 1828 2047 Ταύρου

1043 2065 1079 2093 ις’
1096 2061 1196 2096 μέσης·
1217 2061 1378 2096 μεσουρανεῖ
1398 2059 1425 2086 δὲ
1451 2059 1504 2085 ἀπὸ
1525 2058 1640 2091 Τοξότου
1657 2060 1682 2084 κ’
1699 2057 1757 2092 μοὶ.
1778 2057 1828 2087 ἕως

1041 2107 1181 2142 Ᾱίγόκερω
1196 2106 1217 2133 θ’
1231 2106 1278 2133 καὶ
1293 2109 1327 2133 κ’.
1342 2105 1396 2132 Καὶ
1410 2105 1513 2140 πρῶτοι
1526 2104 1574 2139 μὲν
1589 2103 1706 2138 ἀστέρες
1718 2101 1830 2129 ἀνατέλ-

1041 2153 1132 2179 λουσιν
1143 2153 1167 2178 οἰ
1178 2153 1207 2178 ὲν
1217 2153 1248 2188 τῇ
1261 2151 1376 2187 κεφαλῇ,
1391 2151 1503 2186 ἔσχατος
1515 2150 1543 2176 δὲ
1552 2151 1566 2176 6
1576 2150 1604 2176 ὲν
1614 2149 1653 2184 τῷ
1665 2148 1746 2183 δεξιῷ
1758 2147 1828 2174 ποδί.

207 2211 276 2238 dens
285 2215 379 2236 carum
394 2212 453 2240 quae
467 2208 532 2232 sunt
548 2203 576 2229 in
594 2207 677 2236 8830;
692 2202 720 2226 et
735 2204 841 2228 earum,
853 2202 914 2230 quae
927 2199 981 2221 sun‘

1042 2199 1212 2235 Μεσουρανεῖ
1226 2198 1253 2224 δὲ
1266 2201 1288 2224 α’
1304 2197 1353 2233 μὲν
1366 2197 1453 2232 ἀστὴρ
1466 2195 1514 2222 τοῦ
1525 2195 1638 2227 Τοξότου
1652 2195 1666 2220 6
1679 2193 1830 2230 ἡγούμενος

208 2257 236 2283 in
249 2256 341 2286 dorso,
357 2251 532 2280 media.ltem
548 2247 662 2283 Anguis,
679 2251 760 2280 quem
775 2241 935 2278 Ophiuchus
948 2243 989 2267 te-

208 2305 265 2332 net.
285 2299 404 2328 secunda
422 2297 455 2324 ah
468 2299 589 2324 extrema
617 2292 715 2321 cauda.
737 2289 839 2317 Ultima
858 2286 992 2315 culminat

209 2347 300 2375 lucida
323 2346 351 2372 in
369 2345 440 2371 rictu
455 2342 541 2377 Equi,
554 2345 581 2368 et
595 2339 680 2375 Cygni
693 2337 866 2371 subsequens
879 2334 906 2361 in
923 2331 993 2361 sini-

205 2399 268 2422 stro
281 2392 366 2426 pede,
382 2397 433 2417 nec
454 2396 509 2415 non
533 2387 561 2413 in
580 2385 688 2420 Cepheo
713 2382 858 2410 australior
883 2383 993 2406 antece-

209 2425 331 2467 dentium
342 2436 420 2471 130
434 2433 540 2461 humeri
549 2431 639 2459 dextri
647 2428 851 2458 solendidarum
863 2425 991 2453 duarum.

208 2486 303 2513 Oritur
313 2481 468 2510 Heniochus
479 2479 553 2506 horis
577 2476 603 2504 5.

247 2569 339 2597 XXIII.
356 2569 418 2596 Haec
434 2569 462 2595 in
477 2566 540 2594 cmii
556 2565 731 2592 inclinatione
748 2563 804 2595 illa,
823 2568 906 2597 quam
922 2561 994 2588 dixi-

209 2625 282 2650 mus,
296 2615 425 2643 accidunt
437 2614 511 2641 circa
527 2616 604 2640 ortus
616 2610 747 2641 siderum,
757 2616 818 2644 qua}
834 2608 868 2635 ad
883 2611 995 2642 septen-

209 2663 314 2689 triones
330 2664 395 2688 sunt
413 2657 518 2686 zodiaci
537 2655 645 2684 circuli.
666 2655 788 2682 Occasus
809 2659 900 2680 autem
914 2652 951 2678 ita
966 2658 995 2678 se

212 2709 325 2737 habent.

244 2763 328 2790 Boote
336 2762 477 2790 occidente
486 2761 614 2788 zodiacus
622 2766 683 2786 cum
694 2765 725 2785 ee
737 2757 877 2785 descendit
887 2764 902 2783 a
911 2755 994 2784 Scor-

211 2808 248 2841 pii
265 2812 341 2841 parte
357 2807 373 2834 ὕ
394 2806 427 2833 ad
444 2805 606 2841 Capricorni
623 2804 655 2832 l9
677 2803 810 2835 mediam;
827 2803 959 2830 culminat
973 2810 989 2829 a

213 2852 373 2887 Capricorni
389 2852 424 2878 22
435 2852 468 2879 ad
486 2851 584 2879 Arietis
602 2851 629 2878 4.
645 2850 723 2878 Prior
737 2849 848 2882 occidit,
865 2857 925 2884 qu:c
944 2857 996 2875 au-

1042 2245 1095 2272 τῶν
1111 2245 1139 2271 ὲν
1153 2246 1186 2280 τῇ
1203 2243 1339 2278 ἔφαπτίδι,
1363 2243 1411 2269 καὶ
1431 2243 1445 2268 6
1466 2242 1546 2277 μέσος
1565 2240 1620 2267 τῶν
1637 2241 1665 2266 ὲν
1683 2240 1724 2275 τῷ
1743 2239 1828 2274 νώτῳ,

1043 2292 1089 2318 καὶ
1102 2291 1147 2318 τοῦ
1162 2292 1279 2326 Ὄφεως,
1293 2290 1324 2316 ὃν
1336 2289 1392 2324 ἔχει
1406 2289 1420 2315 6
1444 2287 1594 2322 ὐφιοῦχος,
1611 2288 1625 2313 6
1640 2286 1662 2321 β’
1679 2287 1727 2313 ἀπ’
1743 2286 1830 2321 ἄκρας

1042 2336 1092 2371 τῆς
1104 2335 1187 2370 ούρᾶς
1197 2333 1408 2371 ἀριθμούμενος·
1426 2332 1538 2367 ἔσχατος
1552 2331 1581 2358 δὲ
1597 2331 1791 2366 μεσουρανείιὸ
1803 2332 1830 2356 ὲν

1042 2381 1081 2417 τῷ
1099 2381 1193 2417 ῥύγχει
1210 2381 1257 2408 τοῦ
1274 2382 1373 2408 Ἵππου
1387 2378 1523 2414 λαμπρὸς.
1543 2378 1590 2404 καὶ
1604 2377 1650 2404 τοῦ
1674 2376 1799 2413 Ὄρνιθος
1817 2376 1831 2401 ὁ

1044 2427 1175 2462 ἑπόμενος
1195 2427 1222 2452 ὲν
1242 2425 1280 2461 τῷ
1300 2423 1437 2461 ἀριστερῷ
1454 2422 1524 2453 ποδὶ,
1545 2422 1592 2448 καὶ
1608 2420 1656 2447 τοῦ
1680 2420 1799 2455 Κηφέως
1818 2421 1832 2446 6

1045 2471 1201 2506 νοτιώτερος
1225 2471 1278 2497 τῶν
1302 2469 1514 2506 προηγουμένων
1538 2467 1585 2494 τοῦ
1605 2465 1694 2498 δεξιοῦ
1713 2466 1790 2501 ὤμου
1810 2465 1830 2500 β’

1044 2515 1179 2549 ὲκφανῶν.
1202 2514 1352 2541 Ἀνατέλλει
1364 2514 1393 2540 δὲ
1407 2515 1421 2540 6
1442 2512 1562 2547 Ἡνίοχος
1574 2511 1604 2537 ὲν
1618 2510 1704 2546 ὥραις
1716 2513 1750 2545 γ’.

1080 2560 1144 2587 KI".
1160 2561 1227 2596 Περὶ
1252 2560 1299 2595 μὲν
1316 2557 1362 2586 οὖν
1378 2559 1427 2589 τὰς
1443 2558 1573 2588 ἀνατολὰς
1590 2557 1643 2584 τῶν
1656 2556 1831 2592 βορειοτέρων

1045 2607 1152 2641 ἄστρων
1168 2605 1214 2632 τοῦ
1232 2605 1365 2637 ζωδιακοῦ
1379 2604 1479 2631 κύκλου
1494 2603 1580 2631 ταῦτα
1592 2602 1738 2638 συμϐαίνει
1756 2603 1785 2628 ἔν
1799 2603 1829 2637 τῇ

1046 2651 1234 2688 προειρημένῃ
1248 2651 1293 2677 τοῦ
1307 2651 1410 2686 κόσμου
1424 2649 1554 2684 ὲγκλίσει·
1567 2649 1631 2684 περὶ
1642 2649 1670 2675 δὲ
1685 2648 1736 2680 τὰς
1751 2655 1832 2673 κατα-

1045 2697 1136 2729 δύσεις
1151 2697 1185 2723 τὰ
1199 2696 1323 2723 τοιαῦτα.

1082 2754 1135 2781 Τοῦ
1152 2753 1257 2780 Βοώτου
1274 2752 1410 2784 δύνοντος,
1433 2751 1629 2787 συγκαταδύνει
1656 2751 1705 2786 μὲν
1728 2750 1802 2785 αὐτῷ
1818 2749 1832 2774 ὁ

1048 2799 1179 2832 ζωδιακὸς
1196 2798 1248 2825 ἀπὸ
1263 2798 1396 2833 Σκορπίου
1410 2797 1463 2832 μοι.
1477 2801 1503 2829 ς’
1515 2797 1568 2828 ἓως
1577 2796 1764 2831 Λιγοκέρωτος
1775 2795 1830 2827 μοι.

1051 2846 1081 2873 ιθ¹
1093 2847 1189 2882 μέσης
1206 2845 1366 2880 μεσουρανεῑ
1377 2843 1404 2870 δὲ
1419 2842 1473 2870 ἀπὸ
1485 2842 1670 2878 Αἰγοκέρωτος
1683 2839 1738 2877 μοί.
1752 2839 1774 2876 β’
1786 2839 1830 2866 καὶ
