1898 3145
110 133 174 162 1101

596 130 781 159 ιιιΡΡΑιιοιιι
799 129 844 157 ΑΙ)
863 127 1089 156 ΡΗΕΝΟΜΕΝΑ
1108 126 1171 154 LIB.
1191 126 1224 154 ll.

1648 124 1720 153 ΗΘΒ

109 196 132 220 κ’
147 191 199 223 ἕως
212 190 299 227 Κριοῦ
311 191 341 218 δ’.
352 191 410 218 Καὶ
420 194 444 218 α’
458 191 507 226 μὲν
522 190 609 226 ἀστὴρ
622 190 695 217 δύνει
707 191 722 216 6
732 188 889 220 νοτιώτατος

948 187 1033 214 itralis
1046 190 1087 214 est
1099 186 1215 213 maxime
1229 191 1331 216 earum,
1343 191 1404 219 quae
1416 183 1445 211 in
1458 183 1573 211 inistro
1583 182 1670 218 pede;
1681 183 1723 209 ul-

109 238 161 265 τῶν
177 239 205 264 ἐν
218 237 258 272 τῷ
278 232 414 272 ἀριστερῷ
435 236 506 267 ποδὶ,
521 235 632 270 ἔσχατος
646 235 674 262 δὲ
693 236 707 262 6
724 234 890 270 βορειότατος

109 283 161 310 τῶν
185 284 213 309 ὲν
239 282 276 318 τῷ
301 282 462 317 κολλορόϐῳ.
491 282 663 316 Μεσουρανεῖ
685 281 714 308 δὲ
736 281 790 307 τῶν
804 279 890 307 ἄλλων

109 329 233 356 ἀπλανῶν
247 330 271 355 α’
284 328 332 363 μὲν
343 327 390 354 τοῦ
403 327 536 363 Ὄρνιθος,
550 328 564 353 6
573 328 602 353 ὲν
617 327 687 363 μέσῃ
701 328 733 362 τῇ
744 327 810 362 οὐρᾷ
823 326 892 361 λαμ-

110 375 186 410 πρὸς,
202 374 249 400 καὶ
269 373 315 400 τοῦ
330 373 470 408 Αἰγόκερω
488 373 502 398 6
518 372 668 408 ἡγούμενος
682 372 736 399 τῶν
750 372 804 398 ἀπὸ
815 372 891 398 νότου

110 420 319 456 παρακειμένων
331 420 387 451 τοῖς
400 419 428 445 ὲν
441 420 474 454 τῇ
490 419 568 454 οὐρᾷ,
587 418 700 453 ἔσχατος
715 418 743 444 δὲ
759 417 805 444 τοῦ
822 419 892 453 Περ-

110 466 177 497 σέως
186 467 200 492 6
213 467 242 491 ὲν
254 466 287 500 τῇ
300 465 392 500 ’Ἂρπῃ
404 464 582 500 νεφελοειδὴς,
593 465 639 490 καὶ
649 463 695 490 τοῦ
708 463 792 499 Κριοῦ
803 466 817 491 6
829 464 892 491 ἑπό-

111 520 188 547 μενος
197 511 250 538 τῶν
259 512 287 537 ὲν
294 512 327 546 τῇ
339 511 441 546 κεφαλῇ
450 513 484 544 γ’,
497 510 544 536 καὶ⁵
554 511 567 536 6
580 509 728 545 Σύνδεσμος
736 509 790 535 τῶν
801 509 890 538 λίνων.

109 556 185 582 Δύνει
203 556 231 582 δὲ
246 555 260 581 6
279 555 387 590 Βοώτης
403 556 431 582 ὲν
452 554 536 590 ὥραις
552 555 721 590 ἰσημεριναῐς
734 553 755 580 δ’
770 554 817 580 καὶ
833 554 892 580 δυσὶΙ

111 603 222 637 μέρεσιν
239 601 325 637 ὥρας.

143 648 196 674 Τοῦ
211 648 239 673 δὲ
252 646 386 681 Στεφάνου
397 646 529 679 δύνοντος,
540 647 734 681 συγκαταδύνει
748 648 796 683 μὲν
810 648 824 674 6
839 647 892 680 ζω-
918 659 922 662 ι

108 693 200 724 διακὸς
213 693 266 718 ἀπὸ
277 691 325 718 τοῦ
340 691 453 724 Tui/nou
469 691 524 726 μοί.
541 696 565 726 γ’
583 692 630 718 καὶ
647 696 671 719 κ’
685 692 737 724 ἓως
754 693 893 728 Αξγόκερω

108 740 128 766 δ’
144 740 239 775 μέσης·
254 739 415 774 μεσουρανεῖ
428 738 456 765 δὲ
469 738 523 765 ἀπὺ
538 739 587 774 τῆς
604 739 692 774 ἀρχῆς
707 739 760 766 τῶν
785 739 892 775 ’ἰχθύων

109 783 161 815 ἓως
183 783 292 819 Ἰχθύων
306 783 361 818 μοι.
383 782 411 809 ιδ’
428 783 523 819 μέσης.
540 783 635 810 Kal-al
653 784 702 819 μὲν
719 784 806 820 ἀστὴρ
820 784 892 811 δύνει

109 831 122 857 6
141 830 331 866 λαμπρότατος
351 829 406 856 τῶν
428 830 457 855 ὲν
478 829 518 865 τῷ
538 830 676 865 Στεφάνῳ,
700 830 813 865 ἔσχατος
832 831 893 857 δὲό

109 876 306 912 ἀμαυρότερος,
322 875 369 901 καὶ
384 875 494 911 ἔσχατος
510 875 547 902 ὢν
563 876 612 910 τῆς
627 876 763 911 ἑπομένης
779 885 893 912 περιφε-

111 923 196 958 ρείας.
215 923 383 958 Μεσθυρανεῖ
398 922 426 948 δὲ
442 923 496 949 τῶν
507 922 593 949 ἄλλων
605 922 727 958 ἀστέρων
739 926 763 949 α’
779 923 828 958 μὲν
839 923 894 951 τῶν

115 969 224 1005 Ἰχθύων
237 969 283 995 τοῦ
298 968 455 1004 νοτιωτέρου
470 969 484 995 6
499 969 528 994 ὲν
543 968 616 1004 ἄκρᾳ
628 970 661 1004 τῇ
677 969 745 1004 οὐρᾷ
757 969 892 1005 λαμπρὸς,

110 1015 155 1042 καὶ
170 1014 217 1042 τοῦ
231 1014 299 1050 πρὸς
314 1014 389 1041 νότον
406 1014 488 1040 αὑτοῦ
504 1014 628 1049 κειμένου
643 1014 893 1051 παραλληλογράμ-

111 1071 161 1097 μου
175 1062 199 1088 oi
213 1061 370 1097 ἡγούμενοι,
390 1060 497 1095 ἔσχατοι
515 1061 544 1087 δὲ
563 1061 576 1087 ὃ
595 1069 625 1087 τε
643 1061 672 1087 ἐν
688 1061 763 1096 μέσῳ
782 1061 821 1097 τῷ
841 1061 894 1088 σώ-

111 1113 176 1144 ματι
188 1108 237 1144 τῆς
247 1106 440 1138 Κασσιεπείας,
452 1106 499 1133 καὶ
508 1107 523 1133 ὁ
535 1107 564 1132 ὲν
577 1108 609 1142 τῇ
621 1107 752 1142 ἀριστερᾷ
762 1108 833 1143 χειρὶ
845 1108 894 1143 τῆς

116 1153 302 1189 Ἀνδρομέδας.
321 1151 398 1178 Δύνει
412 1151 440 1178 δὲ
453 1151 467 1177 6
481 1151 616 1185 Στέφανος
635 1152 664 1178 ὲν
681 1151 741 1187 ὥρᾳ
760 1155 783 1179 α’
796 1152 834 1183 ὡς
850 1151 894 1186 ἔγ·-

109 1206 200 1232 γιστα.

143 1244 198 1270 Τοῦ
220 1244 248 1270 δὲ
273 1243 317 1270 Ἐν
334 1243 428 1277 γόνασι
448 1241 580 1274 δύνοντος,
602 1243 797 1276 συγκαταδύνει
815 1243 864 1279 μὲν
880 1244 894 1270 6

109 1289 240 1322 ζωδιακὸς
254 1289 308 1316 ἀπὸ
322 1288 368 1315 τοῦ
381 1288 493 1321 Τοξότου
510 1288 564 1323 μοί.
579 1288 608 1314 ιδ’
618 1288 670 1320 ἕως
688 1288 831 1324 ’Υδροχόου
846 1293 892 1322 ις’·

110 1335 272 1370 μεσουρανεῖ
287 1333 316 1360 δὲ
336 1333 390 1360 ἀπὸ
408 1332 454 1360 τοῦ
473 1332 614 1368 ’Υδροχόου
632 1333 686 1368 μοί.
702 1336 726 1368 γ’
740 1334 787 1360 καὶ
806 1337 829 1360 κ’
843 1334 895 1366 ἕως

108 1378 216 1412 Ταύρου
235 1377 288 1412 μοι.
304 1380 328 1412 η’
347 1377 443 1412 μέσης.
461 1377 516 1403 Καὶ
534 1380 557 1403 α’
577 1377 626 1412 μὲν
644 1378 732 1413 ἀστὴρ
751 1378 823 1405 δύνει
839 1380 853 1406 6
866 1380 894 1406 ὲν

108 1423 184 1459 ἄκρᾳ
197 1424 229 1458 τῇ
244 1422 318 1458 δεξιᾷ
334 1422 415 1458 χειρὶ,
435 1422 547 1457 ἔσχατος
566 1422 594 1449 δὲ
616 1424 630 1449 6
651 1424 681 1450 ὲν
701 1423 739 1459 τῷ
758 1424 894 1460 ἀριστερῷ

108 1469 180 1496 ποδί.
201 1469 369 1504 Μεσουρανεῖ
389 1468 416 1494 δὲ
432 1468 486 1495 τῶν
503 1468 589 1495 ἄλλων
603 1469 726 1505 ἀστέρων
738 1471 785 1497 τοῦ
802 1471 850 1506 μὲν
865 1473 894 1498 ὲν

107 1515 145 1551 τῷ
165 1515 298 1551 ’Υδροχόῳ
314 1514 408 1546 ὓδατος
426 1516 440 1541 ὁ
453 1516 580 1551 ἐχόμενος
593 1515 646 1543 τῶν
661 1517 688 1543 ὲν
702 1518 735 1552 τῇ
750 1517 769 1543 δ’
782 1526 894 1553 συστρο-

108 1562 158 1596 φῇ,
174 1560 221 1586 τοῦ
241 1560 269 1586 δὲ
283 1561 380 1587 Ἵππου
399 1561 413 1586 6
427 1560 594 1596 βορειότερος
610 1561 664 1588 τῶν
686 1562 714 1589 ὲν
731 1562 769 1597 τῷ
787 1563 892 1597 σώματι

109 1606 240 1642 συνεχῶν,
255 1605 301 1633 τοῦ
316 1607 344 1633 δὲ
360 1607 477 1642 Κηφέως
497 1607 510 1633 6
529 1607 672 1643 ἀριστερὸς
694 1605 769 1643 ὦμος
789 1610 894 1645 ὴμιπή-

108 1660 167 1687 χιον
191 1651 401 1687 ὑπολειπόμενος
422 1651 469 1678 τοῦ
495 1652 691 1688 μεσημϐρινοῦ.
718 1655 850 1689 Ἔσχατος
865 1655 893 1681 δὲ

109 1699 275 1733 μεσουρανεῐ
287 1697 332 1724 τοῦ
346 1699 374 1724 ὲν
388 1697 427 1733 τῷ
438 1699 521 1732 Κήτει
537 1699 737 1734 τετραπλεύρου
750 1700 764 1726 6
774 1700 895 1728 νοτιώτε-

108 1753 154 1779 ρος
172 1743 226 1770 τῶν
241 1743 377 1778 ἑπομένων
389 1743 533 1780 λαμπρῶν,
551 1745 597 1771 καὶ
612 1745 626 1771 6
642 1745 709 1780 πρὸς
720 1746 894 1782 μεσημϐρίαν

107 1789 235 1824 κείμενος
255 1788 474 1823 ἀκατονόμαστος
498 1789 630 1825 λαμπρός.
656 1790 732 1816 Δύνει
758 1791 787 1817 δὲ
810 1793 824 1817 ὁ
851 1792 894 1818 Ἐν

108 1835 220 1869 γόνασιν
239 1835 267 1861 ἐν
285 1834 369 1870 ὥραις
382 1834 403 1861 δ’
419 1834 466 1862 καὶ
478 1836 551 1871 τρισὶ
569 1836 786 1871 πεμπτημορὶοις
799 1837 837 1869 ὡς
849 1837 894 1871 ἑγ-

107 1890 201 1916 γιστα.

141 1929 208 1956 KA’.
223 1926 275 1954 Τοῦ
289 1927 316 1954 δὲ
331 1927 470 1963 Ὀφιούχου
486 1927 618 1960 δύνοντος,
636 1929 831 1964 συγκαταδύνει
845 1930 894 1965 μὲν

106 1975 121 2000 6
134 1974 266 2007 ζωδιακὸς
283 1974 335 2001 ἀπὸ
347 1975 480 2010 Σκορπίου
497 1975 551 2010 μοί.
567 1979 599 2001 ια’
615 1975 666 2007 ἓως
681 1975 821 2012 Αἰγόκερω
838 1977 891 2011 μοί.

109 2019 130 2054 β’
140 2028 147 2034 ·
162 2021 324 2056 μεσουρανεῖ
335 2020 361 2047 δὲ
374 2020 428 2047 ἀπὸ
437 2020 576 2057 Αἱγόκερω
587 2024 606 2047 ε’
621 2021 666 2048 καὶ
679 2025 702 2048 κ’
716 2022 768 2054 ἕως
787 2022 895 2057 Ἰχθύων

109 2071 144 2093 ια’
159 2067 257 2103 μέσης.
276 2067 330 2093 Καὶ
347 2070 371 2093 α’
385 2066 433 2101 μὲν
450 2067 536 2102 ἀστὴρ
550 2067 621 2094 δύνει
637 2069 651 2094 ὁ
664 2068 692 2094 ἐν
707 2068 745 2103 τῷ
759 2068 895 2104 ἀριστερῷ

107 2113 182 2145 ποῶ,
196 2113 309 2148 ἔσχατος
323 2112 352 2139 δὲ
364 2113 379 2138 6
395 2114 424 2139 ev
441 2114 473 2147 τῇ
486 2113 602 2148 κεφαλῇ.
615 2114 786 2150 Μεσουρανεῖ
799 2115 828 2142 δὲ
841 2115 894 2142 τῶν

106 2159 198 2186 ἄλλων
216 2159 337 2193 ἀστέρων
356 2162 379 2185 α’
396 2159 444 2194 μὲν
460 2158 506 2185 τοῦ
519 2159 658 2195 Αιγόκερω
674 2161 687 2186 6
698 2160 828 2196 ἑπόμενος
840 2161 895 2187 τῶν

107 2205 137 2232 ὲν
150 2207 185 2241 τῇ
203 2205 281 2240 οὐρᾷ,
303 2205 350 2231 καὶ
367 2205 413 2231 τοῦ
435 2204 560 2240 Ὄρνιθος
580 2205 594 2231 6
611 2205 780 2240 βορειότατος
796 2206 849 2232 τῶν
866 2207 895 2233 ὲν
911 2217 934 2246 D

106 2253 141 2287 τῇ
157 2250 233 2286 δεξιᾷ
251 2251 383 2286 πτέρυγι·
400 2250 513 2286 ἔσχατος
529 2251 557 2277 δὲ
574 2252 623 2283 τῆς
642 2252 826 2284 Κασσιεπείας
841 2253 855 2279 ὁ
867 2253 895 2279 ἐν

106 2299 141 2332 τῇ
159 2297 276 2332 κεφαλῇ,
291 2297 337 2323 καὶ
348 2297 362 2323 6
378 2297 406 2324 ὲν
418 2297 457 2332 τῷ
470 2297 556 2333 δίφρῳ
572 2298 668 2333 μικρός
680 2307 687 2313 ·
702 2298 749 2325 καὶ
769 2299 818 2333 τῆς
840 2300 896 2326 ’Λν-

106 2343 242 2379 δρομέδας
259 2345 273 2370 6
297 2343 463 2379 βορειότατος
477 2344 531 2370 τῶν
549 2345 578 2370 ὲν
598 2344 636 2379 τῷ
654 2344 763 2380 στήθει·
782 2346 829 2371 καὶ
848 2346 895 2372 τοῦ

105 2389 219 2425 Κήτους
231 2389 245 2415 ό
257 2389 414 2425 νοτιώτερος
430 2389 483 2416 τῶν
499 2390 527 2416 ὲν
542 2391 574 2425 τῇ
588 2390 665 2426 οὐρᾷ,
680 2391 776 2426 μικρὸν
787 2391 895 2418 ὑπολει-

105 2436 228 2471 πόμενος
248 2435 296 2462 τοῦ
318 2435 514 2471 μεσημϐρινοῦ.
530 2435 606 2463 Δύνει
623 2436 650 2462 δὲ
673 2437 687 2462 6
709 2435 849 2471 Ὀφιοῦχος
867 2437 896 2463 ἐν

105 2481 194 2517 ὥραις
210 2485 234 2516 γ’
249 2481 286 2513 ὼς
301 2481 424 2516 ἔγγιστα.

145 2528 205 2553 ”Ὀτ’
227 2527 260 2553 ἂν
282 2527 310 2553 δὲ
331 2528 345 2554 6
365 2528 446 2561 Ὄφις
466 2526 554 2558 δύνει,
580 2527 608 2553 ὃν
633 2526 688 2562 ἔχει
705 2527 719 2553 6
743 2527 894 2562 Ὀφιοῦχος,

106 2572 307 2607 συγκαταδύνει
324 2573 374 2608 μὲν
386 2573 458 2608 αὐτῷ
478 2574 492 2599 6
505 2572 634 2604 ζωδιακὸς
650 2573 704 2599 ἀπὸ
718 2573 852 2608 Σκορπίου
869 2583 896 2606 gr

105 2619 157 2644 καὶ
171 2621 194 2644 κ’
217 2618 302 2654 μέσης
317 2619 370 2653 μοί.
386 2618 438 2650 ἕως
451 2618 590 2653 Αιγόκερω
607 2618 660 2654 μοί.
680 2618 702 2645 θ’
712 2627 718 2634 ·
736 2620 897 2654 μεσουρανεῖ

104 2664 135 2691 δὲ
148 2664 204 2691 ἀπὸ
220 2664 361 2700 Ὺδροχόου
383 2665 437 2699 μοι.
452 2667 476 2700 η’
491 2664 543 2695 ἕως
561 2663 669 2699 Ἰχθύων
686 2667 709 2690 κ’
727 2664 819 2700 μέσης.
842 2665 897 2692 Καὶ

105 2710 215 2745 πρῶτοι
234 2718 283 2744 μεν
298 2709 412 2745 ἀστέρες
426 2709 548 2736 δύνουσιν
566 2709 591 2735 οἱ
612 2710 640 2735 ὲν
654 2708 693 2744 τῷ
708 2709 823 2744 σώματι,
840 2719 897 2737 κοι-

103 2756 149 2781 νοὶ
172 2754 248 2786 ὄντες
266 2755 313 2781 καὶ
334 2755 385 2790 τῆς
403 2755 550 2790 ἀριστερᾶς
569 2755 660 2791 χειρὸς
679 2753 725 2781 τοῦ
744 2754 895 2790 Ὀφιούχου,

104 2801 223 2836 ἔσχατος
240 2802 269 2828 δὲ
290 2802 304 2828 6
325 2802 353 2828 ἐν
373 2801 445 2837 ἄκρᾳ
461 2803 494 2837 τῇ
510 2802 588 2836 οὐρᾷ.
605 2802 774 2836 Μεσουρανεῖ
795 2801 822 2828 δὲ
841 2802 896 2828 τῶν

102 2846 196 2874 ἄλλων
210 2846 333 2883 ἀστέρων
347 2850 370 2873 α’
388 2847 436 2882 μὲν
451 2847 464 2872 6
486 2847 514 2873 ὲν
540 2846 573 2881 cr?)
593 2846 671 2882 δεξιῷ
694 2847 754 2874 ποδὶ
775 2847 822 2874 τοῦ
838 2848 895 2884 Κη-

940 232 1017 264 tima,
1032 239 1092 267 quze
1107 235 1150 259 est
1165 230 1284 258 maxime
1305 229 1423 257 borealis
1437 229 1466 256 in
1488 228 1640 256 collorobo.
1656 227 1723 254 Cul-

942 277 1029 304 minat
1052 284 1086 304 ex
1107 277 1169 304 aliis
1195 275 1379 303 inerrantibus
1400 275 1488 310 prima
1503 273 1615 309 quidem
1631 272 1723 300 lucida

940 321 1037 357 Cygni,
1051 329 1111 357 qua:
1125 326 1167 349 est
1180 321 1207 348 in
1223 320 1327 353 cauda;
1343 324 1371 348 et
1383 319 1411 347 in
1430 319 1597 355 Capricorno
1614 322 1725 345 antece-

941 368 1008 396 dens
1019 375 1113 395 earum
1127 375 1187 402 quae
1201 367 1236 394 ab
1246 370 1341 394 austro
1359 365 1486 400 adjacent
1496 365 1531 392 lis
1545 371 1606 398 qua:
1618 365 1683 390 sunt
1696 361 1724 389 in

941 414 1044 443 cauda:
1065 414 1161 442 ultima
1178 420 1253 446 vero,
1274 413 1352 440 stella
1369 410 1472 444 Persei,
1489 417 1550 445 qum
1573 409 1601 436 in
1621 408 1722 443 Harpe,

942 460 1083 492 nebulosa,
1093 465 1120 488 et
1133 459 1235 487 Arietis
1248 459 1398 486 succedens
1413 458 1496 485 trium
1509 457 1538 484 in
1549 457 1652 491 capite:
1664 458 1724 482 tum

941 505 1034 534 Nodus
1048 506 1176 533 linorum.
1189 504 1295 532 Occidit
1311 504 1410 532 Bootes
1426 503 1502 530 horis
1518 500 1724 537 mquabilibusl

942 556 969 579 et
983 552 1089 580 duabus
1105 553 1239 586 partibus.

977 640 1123 669 Occidente
1134 641 1240 668 Corona
1251 638 1333 668 simul
1348 638 1447 667 occidit
1461 636 1588 665 zodiacus
1603 643 1617 663 a
1634 634 1724 671 Sagit‘

942 689 1005 716 tarii
1021 693 1097 722 parte
1108 688 1143 715 2'5
1157 687 1188 714 ad
1198 685 1382 722 Capricornid
1398 685 1532 716 mediam;
1544 682 1676 711 culminat
1690 681 1724 708 ab

943 735 1022 762 initio
1036 734 1177 766 'Piscium,
1191 734 1225 761 ad
1240 732 1398 760 eorumdem
1418 731 1451 758 14
1476 730 1591 758 mediam
1606 732 1722 763 partem.

941 778 1033 806 Prima
1049 779 1148 806 occidit
1166 777 1385 814 splendidissima
1404 776 1526 806 COl‘OlliB.
1549 774 1645 801 ultima
1664 780 1725 809 qua:

943 829 985 853 est
999 825 1186 856 o‘bscurior,et
1200 830 1337 859 postrema
1353 822 1525 850 succcdentis
1536 821 1642 849 circuli.
1659 819 1726 847 Cul-

909 856 930 886 Β
945 871 1031 897 minat
1053 878 1085 897 ex
1110 870 1172 896 aliis
1189 870 1275 897 stellis
1292 869 1368 904 prior
1384 868 1474 895 lucida
1499 868 1528 895 in
1553 866 1725 894 extremitate

944 915 1032 943 Piscis
1060 914 1250 948 australioris;
1266 919 1292 942 et
1317 913 1501 948 prmcedentes
1528 913 1556 940 in
1578 912 1723 948 parallelo-

943 969 1077 997 yammo,
1088 961 1162 996 quod
1176 960 1227 996 ipsi
1242 959 1275 987 ad
1289 959 1431 987 meridiem
1450 959 1532 986 situm
1545 962 1603 991 est;
1616 960 1724 993 postre-

944 1016 996 1036 mae
1018 1008 1180 1040 culminant,
1199 1014 1260 1042 quae
1275 1006 1303 1033 in
1323 1005 1413 1033 medio
1430 1012 1544 1040 corpore
1559 1004 1724 1039 Cassiepeae,

944 1059 971 1082 et
984 1061 1045 1089 quas
1061 1054 1090 1081 in
1109 1053 1222 1081 sinistra
1237 1059 1320 1079 manu
1335 1050 1528 1078 Andromede.
1542 1049 1650 1077 Occidit
1672 1048 1725 1076 Co-

944 1107 1011 1128 rona
1025 1099 1221 1135 propemodum
1239 1098 1306 1126 hora
1317 1105 1383 1125 una.

979 1231 1047 1259 Cum
1062 1227 1219 1265 lngeniculo
1233 1228 1334 1255 occidit
1350 1225 1479 1255 zodiacus
1502 1235 1517 1254 a
1532 1226 1617 1262 gradu
1634 1225 1725 1262 Sagit-

944 1278 1006 1305 tarii
1020 1277 1051 1304 l4
1066 1275 1100 1303 ad
1112 1274 1226 1310 Aquarii
1246 1273 1296 1307 i6;
1311 1273 1442 1300 culminat
1457 1273 1491 1300 ab
1506 1273 1616 1308 Aquarii
1629 1271 1675 1306 23,
1691 1270 1726 1300 ad

945 1323 1066 1350 medium
1083 1321 1100 1348 8
1112 1319 1206 1347 Tauri.
1224 1319 1302 1346 Prior
1317 1318 1418 1346 occidit
1434 1325 1494 1353 qua:
1505 1323 1547 1346 est
1558 1317 1586 1345 in
1597 1319 1726 1346 extremi-

944 1373 1001 1397 tate
1026 1368 1128 1395 dextrte
1154 1373 1270 1399 manus;
1288 1365 1382 1392 ultima
1397 1371 1456 1399 quze
1471 1363 1499 1391 in
1521 1362 1633 1392 sinistro
1646 1363 1724 1399 pede.

944 1414 1082 1444 Culminat
1096 1421 1129 1440 ex
1154 1411 1215 1440 aliis
1232 1411 1319 1439 stellis
1345 1410 1463 1446 primum
1484 1417 1544 1445 qum
1565 1410 1592 1437 in
1613 1409 1726 1446 Aquarii

947 1467 1017 1495 aqua
1033 1458 1139 1493 adjacet
1154 1457 1187 1484 iis
1201 1465 1261 1491 quae
1277 1459 1340 1483 sunt
1355 1455 1383 1482 in
1399 1454 1635 1490 4'conglobatione
1651 1458 1725 1482 :tum

947 1505 975 1532 in
990 1504 1066 1539 Equo
1078 1502 1214 1530 horealior
1226 1509 1332 1532 earum,
1346 1509 1406 1536 quae
1419 1501 1444 1527 in
1462 1507 1576 1535 corpore
1590 1499 1727 1528 continua:

907 1538 930 1570 (ἶ
946 1538 1028 1584 sunt;
1040 1550 1103 1577 item
1119 1548 1230 1577 sinister
1245 1547 1375 1575 humerus
1388 1546 1488 1582 Cephei
1508 1545 1554 1581 qui
1566 1546 1634 1574 citra
1645 1547 1728 1575 meri-

946 1596 1018 1624 diem
1033 1599 1075 1623 εει
1089 1594 1267 1623 semicubitali
1285 1593 1341 1621 fere
1357 1594 1454 1629 spatio.
1474 1590 1616 1621 Postrema
1630 1591 1728 1621 eulmi-

946 1647 993 1670 nat
1006 1650 1040 1670 ex
1055 1641 1241 1677 quadrilatero
1255 1638 1313 1667 Ceti
1330 1634 1392 1674 quae
1405 1639 1554 1666 austraiior
1570 1645 1612 1667 est
1632 1647 1728 1667 succe-

946 1688 1067 1716 dentium
1084 1687 1247 1718 lucidarum,
1268 1691 1295 1713 et
1309 1693 1370 1720 qua:
1392 1685 1426 1712 ad
1446 1684 1587 1712 meridiem
1612 1685 1664 1712 sita
1685 1690 1729 1713 est

946 1734 1037 1762 lucida
1055 1741 1153 1760 carens
1168 1732 1287 1760 nomine.
1305 1731 1412 1759 Occidit
1425 1730 1600 1766 lngeniculus
1613 1732 1687 1760 horis
1699 1732 1727 1764 ι,

947 1781 987 1808 56¹
1005 1780 1123 1807 circiter.

983 1910 1076 1938 XXIV.
1085 1909 1235 1945 Anguil'ero
1247 1907 1546 1942 occidente,descendit
1560 1916 1611 1937 una
1624 1908 1728 1937 zodiaci

948 1965 1030 1985 arens
1046 1965 1060 1984 a
1071 1957 1177 1992 Scorpii
1193 1956 1222 1982 li
1235 1957 1319 1991 gradu
1335 1956 1368 1983 ad
1379 1955 1536 1990 Capricorni
1551 1956 1584 1987 2;
1597 1956 1729 1983 culminat

948 2010 963 2029 a
979 2001 1139 2037 Capricorni
1153 2001 1188 2028 25
1199 1999 1231 2027 ad
1247 2000 1367 2028 Piscium
1389 2000 1418 2026 ll
1436 1999 1565 2027 medium.
1577 1997 1667 2026 Prima
1685 2007 1729 2027 oc-

948 2048 1014 2076 cidit
1025 2048 1114 2080 stella,
1131 2055 1191 2082 qua:
1209 2050 1252 2073 est
1266 2046 1293 2073 in
1314 2045 1426 2073 sinistro
1442 2045 1526 2080 pede;
1543 2046 1649 2077 ultima.
1668 2053 1728 2081 quae

948 2097 990 2121 est
1003 2093 1030 2119 in
1046 2092 1145 2127 capite.
1162 2091 1299 2118 Culminat
1315 2098 1348 2118 ex
1364 2090 1425 2118 aliis
1435 2090 1521 2118 stellis
1535 2088 1620 2125 prior,
1637 2089 1730 2125 Capri-

948 2139 1025 2167 corni
1047 2138 1196 2167 succedens
1215 2137 1242 2164 in
1260 2137 1358 2169 cauda.
1386 2140 1413 2164 et
1430 2136 1516 2172 Cygni
1539 2133 1728 2164 borealissima

948 2194 982 2213 ex
997 2186 1032 2213 iis
1047 2193 1107 2221 quae
1122 2188 1185 2212 sunt
1195 2184 1222 2210 in
1233 2183 1276 2211 ala
1291 2183 1385 2210 dextra
1396 2192 1402 2210 :
1413 2182 1507 2210 ultima
1521 2189 1595 2215 vero,
1612 2190 1672 2217 qua:
1686 2186 1729 2210 est

948 2234 975 2261 in
992 2234 1080 2268 capite
1094 2232 1258 2267 Cassiepem,
1272 2235 1298 2259 et
1313 2239 1395 2266 parva
1404 2239 1464 2267 qua:
1481 2231 1508 2258 in
1518 2231 1578 2266 ejus
1589 2235 1631 2259 est
1641 2231 1726 2259 solio:
1762 2223 1766 2227 ’

947 2284 1003 2307 tum
1023 2279 1141 2307 horealis
1163 2279 1280 2306 maxime
1296 2285 1328 2305 ex
1355 2278 1398 2305 his
1419 2285 1479 2312 quae
1494 2281 1558 2305 stunt
1576 2277 1603 2304 in
1619 2281 1728 2312 pectore

947 2324 1125 2352 Andromedre
1142 2333 1148 2351 :
1166 2327 1193 2351 et
1209 2322 1409 2350 australissima
1430 2329 1523 2349 earum
1539 2329 1599 2357 qua:
1619 2325 1683 2349 sunt
1700 2322 1728 2348 in

947 2370 1033 2397 cauda
1049 2369 1118 2401 Ceti,
1133 2368 1273 2403 paululum
1288 2367 1354 2394 citra
1366 2367 1546 2399 meridianum
1561 2367 1660 2402 posita.
1674 2367 1728 2394 0c-

947 2415 1014 2453 pidit
1025 2414 1186 2450 Ophiuchus
1205 2413 1280 2441 horis
1296 2412 1352 2440 fere
1366 2413 1392 2440 3.

980 2527 1047 2554 Cum
1059 2526 1200 2561 Serpente,
1212 2534 1290 2561 quem
1306 2530 1378 2554 tenet
1394 2527 1562 2562 Ophiuchus,
1572 2526 1673 2554 occidit
1684 2534 1728 2553 ar-

947 2581 996 2600 cus
1009 2572 1111 2600 zodiaci
1125 2580 1140 2599 a
1154 2572 1260 2607 Scorpii
1277 2576 1353 2608 parte
1376 2573 1411 2600 26
1422 2573 1511 2601 media
1535 2572 1569 2600 ad
1592 2577 1695 2608 partem
1710 2573 1727 2600 9

946 2617 1122 2653 Capricorni;
1138 2618 1268 2648 culminat
1287 2618 1322 2645 ab
1341 2619 1454 2654 Aquarii
1470 2619 1487 2646 8
1505 2618 1540 2646 ad
1558 2619 1674 2646 mediam
1693 2618 1728 2646 20

947 2663 1077 2691 Piscium.
1093 2662 1191 2691 Primae
1205 2665 1289 2692 stellm
1302 2664 1471 2692 descendunt
1483 2672 1542 2699 quae
1551 2668 1615 2692 sunt
1628 2665 1655 2692 in
1666 2672 1728 2691 cor-

947 2717 1024 2744 pore,
1040 2717 1199 2738 Communes
1216 2711 1333 2738 sinistrm
1345 2711 1436 2738 manui
1448 2709 1603 2746 Anguiferi;
1620 2710 1726 2741 ultima.

948 2763 1008 2790 quae
1023 2756 1101 2783 estin
1118 2760 1239 2783 extrema
1257 2756 1354 2784 cauda.
1370 2755 1506 2782 Culminat
1517 2762 1549 2782 ex
1565 2754 1627 2781 aliis
1642 2754 1728 2781 stellis

947 2801 1033 2836 prior,
1049 2809 1109 2836 quae
1132 2806 1174 2830 est
1191 2801 1218 2828 in
1244 2801 1340 2829 dextro
1355 2801 1423 2836 pede
1443 2800 1554 2836 Cephei,
1576 2805 1603 2828 et
1618 2807 1678 2835 quae
1698 2799 1727 2828 in

948 2848 1036 2876 media
1052 2856 1120 2876 urna
1138 2848 1251 2883 Aquarii
1268 2848 1362 2876 ultima
1374 2855 1478 2881 earum,
1491 2847 1647 2879 australior,
1663 2854 1724 2878 quae
