1898 3145
139 131 206 162 "0.5

628 129 674 157 AD
686 128 820 156 EUSEBII
837 128 1034 157 CHBONICON
1048 127 1231 156 APPENDIX.

1682 126 1755 154 11M

137 193 202 219 sunt
219 189 246 217 in
258 188 344 217 cauda
360 187 447 216 Piscis
459 187 605 221 australis;
623 191 650 215 et
668 195 730 223 qua:
745 191 788 215 est
801 188 828 215 in
846 195 916 223 genu

1003 196 1049 219 ως,
1063 187 1110 214 καὶ
1123 187 1137 214 6
1157 187 1186 213 tv
1280 186 1314 221 τῇ
1330 184 1437 212 κάλπιδι
1448 185 1496 212 τοῦ
1511 184 1663 220 Ύδροχόου,
1677 185 1749 220 tat-la

137 237 301 272 Cassiepeat.
313 235 418 263 Occidit
429 233 548 269 Serpens
561 233 642 269 ,horis
655 233 712 261 fere
726 234 753 261 3.

169 378 238 406 Cum
255 377 323 412 Lyra
343 373 483 402 descendit
507 381 571 409 pars
595 372 719 406 zodiaci,
741 379 802 408 quze
823 377 865 400 est
884 371 919 398 ab

139 423 248 459 Aquarii
259 426 335 457 parte
348 421 365 448 4
379 421 413 448 ad
428 420 480 454 ης
497 420 629 447 culminat
643 419 677 447 ab
689 419 790 447 Arietis
805 418 841 446 25
860 425 919 445 me-

140 471 183 498 dia
197 469 230 497 ad
245 468 327 496 Tauri
339 468 366 495 5.
379 467 469 494 Prima
484 466 586 494 occidit
600 466 690 498 stella,
706 465 864 501 praecedens
878 465 920 491 lu-

139 516 273 547 cidarum,
285 521 346 549 quae
361 517 425 541 sunt
440 513 469 540 in
482 513 567 548 jugo;
583 512 690 545 ultima,
707 518 768 546 quae
781 519 796 538 a
812 515 921 546 septen-

139 561 274 589 trionibus
291 560 397 595 adjacet
411 559 516 587 lucidm.
531 558 670 586 Culminat
683 565 716 586 ex
738 557 799 584 aliis
822 557 920 592 prima,

139 607 228 634 media
242 606 360 638 illarum,
373 613 432 641 quae
444 605 472 632 in
483 604 583 632 Arietis
591 603 693 637 cauda;
704 603 813 634 ultima,
827 609 922 630 earum

140 652 292 685 stellarum,
305 651 450 687 quaeinter
462 657 595 678 summam
610 648 750 684 cuspidem
764 648 883 675 Pleiadis
895 650 923 673 ct

142 699 314 731 Sucularum,
332 706 392 733 qua:
416 701 479 726 sunt
496 696 524 723 in
538 695 634 723 dextra
651 695 750 727 fronte,
767 695 826 721 sitae
847 696 921 724 sunt,

141 745 277 773 borealior
298 748 325 772 et
346 743 523 778 splendidior,
539 742 618 769 besse
634 741 718 770 cubili
737 740 794 768 fere
817 739 924 767 distans

143 799 160 818 a
173 790 334 818 meridiano.
352 789 417 817 Item
434 789 461 815 in
477 787 581 823 majore
596 787 700 815 ambitu
716 785 802 814 Fluvii
816 785 924 813 Orionis

144 835 264 864 secunda
278 836 311 863 ad
336 834 562 871 septentrionem,
576 837 603 860 et
616 832 717 864 lucida,
732 840 747 858 a
773 831 924 859 meridiano

971 242 1016 265 τος
1028 233 1056 260 δὲ
1071 233 1117 260 τοῦ
1131 241 1160 259 τε
1176 232 1262 259 νοτίου
1280 231 1381 268 Ἰχθύος
1400 232 1414 258 6
1426 231 1584 266 νοτιῴτερος
1603 231 1658 258 τῶν
1674 233 1704 258 tv
1722 233 1758 267 τῇ

971 280 1048 315 οὐρᾷ,
1063 279 1111 305 καὶ
1124 279 1173 314 τῆς
1185 278 1372 310 Κασσιεπείας
1385 278 1400 304 6
1413 279 1442 304 tv
1457 277 1496 313 τῷ
1513 277 1615 312 γόνατι.
1634 277 1714 304 Δύνει
1728 277 1759 305 δὲ

970 327 984 353 6
993 326 1074 360 Ὄφις
1087 325 1116 352 tv
1127 324 1212 360 ὥραις
1224 327 1249 358 γ’
1260 324 1297 355 ὼς
1310 323 1432 358 ἔγγιστα.

1006 372 1061 407 Τῆς
1072 371 1100 397 δὲ
1113 371 1203 406 Δύρας
1215 369 1354 404 δυνούσης,
1368 369 1563 403 συγκαταδύνει
1577 369 1626 403 μὲν
1639 369 1654 394 6
1665 367 1760 400 ζωδια-

971 418 1019 449 κὸς
1031 417 1084 444 ἀπὸ
1095 416 1141 443 τοῦ
1158 415 1298 451 Ὑδροχόου
1312 415 1367 451 μοι.
1378 414 1399 441 δ’
1411 415 1464 446 ἓως
1481 414 1623 450 Ὑδροχόου
1641 414 1696 449 μοί.
1713 413 1760 448 ιβ’·

974 463 1134 499 μεσουρανεῖ
1153 462 1181 488 δὲ
1195 461 1249 488 ἀπὸ
1267 461 1353 496 Κριοῦ
1370 464 1394 495 γ’
1410 461 1458 487 καὶ
1473 464 1496 487 κ’
1516 461 1600 496 μέσης
1619 460 1673 492 ἕως
1688 460 1761 487 Ταύ-

974 518 1022 544 ρου
1039 511 1073 543 γ’.
1096 508 1151 535 Καὶ
1166 511 1189 534 α’
1210 506 1259 542 μὲν
1274 507 1362 542 ἀστὴρ
1384 506 1455 533 δύνει
1467 507 1482 533 6
1497 505 1648 542 ἡγούμενος
1661 506 1717 532 τῶν
1732 506 1763 532 tv

973 554 1011 589 τῷ
1033 552 1174 588 ζυγώματι
1196 551 1341 587 λαμπρῶν,
1363 551 1475 586 ἔσχατος
1498 551 1521 578 δ’
1539 551 1554 577 6
1578 552 1626 577 ἀπ’
1651 551 1764 588 ἄρκτων

973 599 1174 635 παρακείμενος
1187 598 1226 633 τῷ
1236 597 1363 633 λαμπρῷ.
1384 598 1554 633 Μεσουρανεῖ
1563 597 1591 623 δὲ
1601 597 1655 624 τῶν
1673 597 1766 624 ἄλλων

973 649 997 672 α’
1019 646 1067 681 μὲν
1089 646 1103 671 6
1118 645 1199 680 μέσος
1215 643 1268 670 τῶν
1287 646 1316 670 έν
1332 645 1364 678 τῇ
1380 644 1448 679 οὐρᾷ
1470 642 1517 670 τοῦ
1534 643 1630 679 Κριοῦ,
1648 643 1765 679 ἔσχατος

974 692 1001 718 δὲ
1013 691 1066 718 τῶν
1082 690 1182 726 μεταξὺ
1199 690 1246 717 τοῦ
1260 699 1290 716 τε
1305 690 1433 723 ὀξυτάτου
1444 690 1494 724 τῆς
1506 690 1634 721 Πλειάδος
1648 690 1697 716 καὶ
1709 690 1767 716 τῶν

980 737 1092 770 Ὑάδων,
1109 736 1163 763 τῶν
1176 736 1222 762 επὶ
1241 736 1287 762 τοῦ
1302 735 1389 768 δεξιοῦ
1407 735 1547 771 μετώπου,’
1560 737 1573 762 6
1593 736 1767 772 βορειότερος

975 783 1063 810 αὐτῶν
1081 782 1125 809 καὶ
1141 782 1348 817 ὲκφανὲστερος,
1363 782 1575 816 ὑπολειπόμενος
1592 782 1640 808 τοῦ
1656 790 1764 817 μεσημ-

977 828 1067 863 ϐρινοῦ
1080 828 1117 859 ὡς
1136 827 1158 862 β’
1179 827 1247 863 μέρη
1270 828 1377 862 πήχεως
1388 836 1395 842 θ
1413 827 1460 854 καὶ
1480 826 1531 862 τῆς
1548 827 1669 863 μεγάλης
1687 837 1767 863 περι-

143 882 248 909 distans
262 881 375 909 semisse
387 880 471 907 cubiti
483 889 490 913 ;
502 880 566 907 item
581 885 642 913 qum
654 878 726 905 inter
735 877 922 912 praecisionem

1003 876 1085 911 ἱρείας
1106 875 1152 902 τοῦ
1163 875 1217 902 ἀπὸ
1228 875 1276 902 τοῦ
1296 875 1422 911 Ὠρίωνος
1436 875 1563 910 Ποταμοῦ
1582 877 1597 902 6
1609 876 1631 911 β’
1645 876 1703 903 τῶν
1718 878 1768 903 ἀπ’

144 926 237 960 Tauri,
254 931 281 954 et
295 934 373 958 eam,
393 934 452 961 quae
471 929 514 952 est
537 925 564 951 in
592 923 716 959 scapula,
738 923 818 950 besse
839 921 924 949 cubiti

143 972 300 1008 praecedens
313 971 507 999 meridianum.
519 969 624 998 Occidit
638 968 708 1005 Lyra
723 968 829 996 duabus
845 967 926 995 unius

144 1025 218 1046 notae
231 1017 370 1053 partibus.

176 1159 270 1195 Cygno
284 1158 466 1186 descendente
495 1156 626 1185 zodiacus
647 1156 749 1184 occidit
765 1155 800 1183 ab
812 1154 927 1190 Aquarii

147 1210 225 1242 parte
236 1205 326 1233 media
338 1205 355 1232 5
368 1205 401 1232 ad
424 1204 543 1231 Piscium
557 1204 607 1237 14;
625 1202 758 1230 culminat
776 1201 811 1228 ab
827 1201 928 1228 Arietis

146 1252 183 1280 24
201 1251 290 1279 media
310 1251 345 1278 ad
364 1250 539 1278 Geminorum
555 1248 598 1276 1‘2.
617 1247 709 1275 Prima
725 1247 826 1274 occidit
838 1246 927 1278 stella,

147 1307 209 1336 quae
223 1303 265 1327 est
277 1299 305 1326 in
316 1298 387 1325 rictu
404 1296 474 1332 Equi
486 1305 493 1330 ;
514 1295 621 1327 ultima,
632 1294 769 1322 borealior
777 1301 809 1321 ex
823 1293 857 1320 iis
869 1300 930 1328 quae

149 1349 214 1374 sunt
228 1346 256 1373 in
267 1344 438 1372 extremitate
451 1343 500 1370 ala:
516 1342 629 1369 dextrae.
646 1340 686 1367 Ex
699 1340 761 1368 aliis
772 1339 858 1367 stellis
870 1338 929 1366 cul-

149 1391 235 1419 minat
249 1390 325 1426 prior
335 1388 426 1417 lucida
436 1389 464 1415 in
476 1387 573 1415 dextro
587 1386 691 1415 femore
701 1385 811 1419 Persei;
827 1389 854 1413 et
867 1391 931 1413 suc-

149 1437 250 1466 cedens
267 1443 361 1464 earum
381 1442 442 1470 quae
462 1435 490 1462 in
504 1432 591 1461 cauda
607 1435 671 1460 sunt
691 1431 814 1465 Arietis;
833 1431 931 1458 ultima

149 1491 225 1515 vero,
237 1490 299 1510 cum
325 1481 404 1508 tertia
421 1480 454 1507 ab
472 1486 574 1507 occasu
598 1485 712 1511 earum,
728 1485 789 1513 quat
814 1480 877 1505 sunt
901 1476 931 1504 in

150 1528 265 1563 pedibus
276 1525 450 1554 Geminorum
470 1532 476 1549 :
489 1527 547 1550 tum
560 1522 724 1551 antecedens
739 1523 822 1550 trium
837 1522 865 1548 in
884 1529 930 1557 ge-

977 923 1076 958 ἄρκτου
1091 921 1138 948 καὶ
1160 921 1296 957 λαμπρὸς,
1316 921 1528 957 ὑπολειπόμενος
1541 921 1589 948 τοῦ
1609 922 1771 958 μεσημϐρι-

976 967 1021 994 νοῦ
1041 967 1078 999 ὡς
1095 967 1261 1002 ἠμιπήχιον·
1283 968 1329 993 καὶ
1351 967 1365 993 6
1389 966 1491 1002 μεταξὺ
1507 967 1557 1002 τῆς
1570 976 1600 994 τε
1624 968 1772 1004 ἀποτομῆς

977 1013 1023 1039 τοῦ
1038 1012 1144 1048 Ταύρου
1158 1013 1206 1039 καὶ
1223 1012 1270 1039 τοῦ
1285 1013 1314 1039 tv
1333 1013 1368 1048 τῇ
1382 1013 1543 1048 ὠμοπλάτη,
1560 1014 1772 1049 προηγούμενος

977 1058 1024 1085 τοῦ
1045 1058 1231 1094 μεσημϐρινοῦ
1254 1058 1292 1090 ὡς
1316 1058 1337 1093 β’
1359 1058 1432 1095 μέρη
1455 1059 1575 1094 πήχεως.
1598 1059 1679 1086 Δύνει
1697 1060 1727 1087 δὲ
1753 1060 1772 1096 ἠ

978 1103 1055 1140 Λύρα
1069 1104 1098 1130 tv
1110 1104 1171 1130 δυσὶ
1186 1103 1296 1139 μέρεσιν
1309 1103 1395 1139 ὥρας.

1012 1149 1065 1177 Τοῦ
1078 1149 1106 1176 δὲ
1123 1150 1249 1185 Ὄρνιθος
1263 1150 1387 1182 δύνοντος
1410 1149 1605 1185 συγκαταδύνει
1622 1150 1672 1186 μὲν
1693 1150 1774 1186 αὐτῷ

977 1198 991 1224 ὁ
1011 1195 1143 1228 ζωδιακὸς
1163 1196 1217 1223 ἀπὸ
1241 1195 1288 1222 τοῦ
1314 1196 1456 1232 ’Υδροχόου
1482 1196 1536 1231 μοι.
1563 1199 1583 1222 ε’
1607 1196 1694 1231 μέσης
1717 1196 1775 1227 ἕως

985 1242 1093 1277 Ἰχθύων
1109 1241 1165 1277 μοι.
1181 1241 1213 1268 ιδ’
1224 1250 1231 1257 ·
1249 1243 1411 1277 μεσουρανεῖ
1425 1241 1454 1268 δὲ
1471 1242 1525 1268 ἀπὸ
1537 1242 1586 1268 τοῦ
1604 1241 1691 1277 Κριοῦ
1711 1242 1772 1277 μοί.

978 1288 999 1314 δ’
1014 1289 1061 1315 καὶ
1081 1291 1105 1315 κ’
1122 1288 1207 1324 μέσης
1222 1288 1275 1320 ἕως
1290 1288 1413 1323 Διδύμων
1430 1287 1475 1323 ιβ’,
1496 1288 1552 1315 Καὶ
1574 1291 1598 1315 α’
1615 1289 1664 1324 μὲν
1680 1289 1774 1324 ἀστὴρ

978 1334 1050 1362 δύνει
1057 1334 1071 1360 6
1079 1334 1108 1360 tv
1115 1333 1155 1369 τῷ
1163 1333 1256 1369 ῥύγχει
1263 1333 1319 1369 [τοῦ
1326 1333 1448 1370 ”ιππου],
1456 1333 1567 1370 ἔσχατος
1575 1334 1604 1360 δὲ
1611 1335 1625 1361 6
1633 1334 1774 1370 βορειότε-

981 1389 1026 1416 ρος
1033 1380 1087 1407 τῶν
1093 1381 1121 1407 tv
1129 1380 1201 1416 ἄκρᾳ⁸
1210 1381 1244 1416 τῇ
1254 1380 1328 1416 δεξιᾷ
1333 1380 1460 1416 πτέρυγι.
1469 1380 1668 1415 Μεσουρανοῦσι
1679 1380 1709 1407 δὲ
1716 1381 1776 1408 τῶν

979 1426 1066 1454 ἄλλων
1075 1427 1199 1464 ἀστέρων
1208 1426 1312 1462 πρῶτοι
1324 1426 1374 1461 μὲν
1385 1426 1433 1453 τοῦ
1442 1426 1567 1463 Περσέως
1578 1428 1593 1453 6
1606 1427 1635 1453 tv
1645 1426 1683 1462 τῷ
1691 1426 1777 1462 δεξιῴ

982 1471 1060 1507 μηρῷ
1073 1471 1209 1507 λαμπρὸς,
1229 1471 1276 1498 καὶ
1287 1471 1334 1497 τοῦ
1346 1471 1432 1507 Κριοῦ
1444 1471 1458 1497 6
1471 1470 1603 1506 ἑπόμενος
1616 1471 1670 1498 τῶν
1686 1472 1717 1497 tv
1737 1473 1775 1507 τῇ

981 1518 1063 1553 ούρᾷο
1081 1517 1189 1553 ἔσχατοι
1203 1518 1231 1544 δὲ
1247 1518 1301 1544 τῶν
1313 1517 1436 1553 Διδύμων
1456 1518 1470 1545 ὃ
1492 1527 1522 1545 τε
1543 1519 1635 1554 τρίτος
1648 1519 1703 1545 ἀπὸ
1726 1518 1778 1545 δύ-

152 1572 250 1604 nibus;
267 1571 339 1597 ultra
355 1569 493 1597 meridiem
513 1568 566 1595 sita
582 1567 658 1603 131
677 1567 860 1596 semicubitali
875 1566 931 1595 fere

1003 1572 1050 1595 εως
1063 1563 1117 1590 τῶν
1130 1565 1158 1590 tv
1176 1565 1233 1595 τοῖς
1248 1564 1320 1597 ποσὶ,
1334 1564 1381 1590 καὶ
1394 1563 1407 1590 6
1428 1563 1580 1598 ἡγούμενος
1598 1564 1653 1591 τῶν
1670 1564 1702 1590 ὲν
1716 1565 1777 1595 τοῖς

153 1618 250 1654 spatio.
264 1616 370 1644 Oecidit
383 1615 492 1651 Cygnus
508 1616 584 1644 horis
599 1615 710 1643 circiter
728 1615 755 1648 '5,
774 1614 825 1642 lO'.

190 1749 271 1778 XXV.
294 1748 394 1784 Cephei
416 1750 507 1782 partes
528 1752 567 1773 ere
590 1744 678 1772 solum
704 1742 848 1775 occidunt,
874 1750 934 1777 qua:

154 1801 218 1826 sunt
232 1797 265 1824 ad
281 1798 371 1831 caput.
383 1794 452 1821 Cum
466 1799 498 1820 eo
511 1790 651 1819 descendit
667 1790 796 1817 zodiacus
811 1789 846 1816 ab
858 1788 936 1816 Arie-

154 1845 190 1872 tis
206 1844 222 1871 8
242 1846 316 1877 parte
339 1840 426 1868 media
445 1839 479 1866 ad
494 1838 545 1871 M;
562 1836 693 1865 culminat
706 1843 720 1862 a
745 1834 841 1862 Cancri
868 1835 884 1862 9
901 1834 935 1862 ad

156 1889 199 1917 16.
224 1888 314 1915 Prima
338 1885 417 1914 stella
439 1883 562 1911 occidit.
580 1902 586 1908 .
604 1901 611 1909 .
628 1901 635 1909 .
651 1881 789 1908 Culminat
816 1888 849 1908 ex
873 1880 934 1907 aliis

157 1934 241 1962 stellis
261 1933 356 1969 prima,
377 1929 522 1957 australior
535 1927 631 1955 Cancri
643 1935 676 1954 ex
691 1926 735 1954 bis
749 1934 809 1961 quae
824 1926 858 1953 ab
873 1929 934 1952 ortu

157 1981 228 2008 circa
244 1976 406 2006 nubeculam
429 1974 489 2002 sitae
505 1977 580 2007 sunt,
602 1972 742 2007 paululum
758 1971 827 1998 citra
852 1970 936 1998 meri-

157 2027 227 2055 diem
250 2025 339 2061 posita
351 2033 358 2050 z
372 2027 427 2049 tum
444 2019 545 2052 lucida,
560 2026 620 2054 quat
644 2017 671 2044 in
695 2017 867 2045 extremitate
886 2016 938 2043 Ar-

158 2082 208 2109 gus
231 2071 356 2100 :ultima:
385 2067 553 2099 culminant,
580 2064 670 2093 lucida
699 2063 726 2091 in
754 2063 938 2092 anterioribus

159 2119 235 2147 Ursa:
249 2117 372 2153 genibus,
388 2114 527 2149 paululum
543 2113 612 2139 citra
624 2110 804 2138 meridianum
820 2110 888 2142 sita;
912 2113 939 2138 et

155 2164 186 2190 in
201 2162 305 2190 Cancro
318 2158 406 2186 media
424 2157 518 2189 trium,
534 2164 595 2191 quae
615 2158 680 2183 sunt
694 2155 768 2182 circa
790 2155 938 2182 australem

156 2208 276 2239 Clielen;
297 2212 347 2232 nec
364 2211 419 2231 non
438 2202 532 2238 Hydri.
549 2209 609 2237 quae
625 2201 653 2228 in
670 2200 762 2228 radice
775 2199 856 2232 colli;
879 2203 937 2226 tum

984 1610 1078 1644 γόνασι
1098 1613 1132 1643 γ’,
1148 1609 1353 1645 προηγούμενος
1371 1609 1419 1636 τοῦ
1438 1609 1634 1645 μεσημϐρινοῦ,
1650 1610 1690 1641 ὡς
1711 1610 1780 1644 ἡμι-

984 1655 1089 1689 πήχιον.
1115 1655 1194 1681 Δύνει
1219 1655 1248 1681 δὲ
1266 1655 1280 1681 6
1297 1656 1391 1691 Ὀρνις
1409 1655 1438 1682 tv
1456 1654 1542 1691 ὥραις
1565 1658 1590 1689 γ’
1608 1655 1655 1682 καὶ
1676 1659 1704 1688 ς’
1725 1656 1781 1691 μὲ-

985 1709 1037 1736 ρει.

1020 1747 1084 1774 KE'.
1096 1746 1148 1773 Τοῦ
1154 1746 1182 1773 δὲ
1191 1746 1308 1782 Κηφέως
1318 1746 1391 1773 δύνει
1401 1747 1436 1773 τὰ
1444 1747 1560 1783 περὶτὴν
1567 1747 1689 1783 κεφαλὴν
1701 1748 1780 1784 μέρη

987 1790 1076 1825 μόνον.
1089 1790 1144 1816 Καὶ
1161 1790 1355 1824 συγκαταδύνει
1374 1791 1422 1826 μὲν
1436 1791 1510 1827 αύτῷ
1528 1792 1543 1818 6
1567 1792 1701 1825 ζωδιακὸς
1719 1794 1781 1820 ἀπδ

985 1836 1071 1872 Κριοῦ
1096 1837 1150 1872 μοί.
1172 1840 1197 1873 η’
1217 1837 1302 1872 μέσης
1324 1837 1377 1870 ἓως
1399 1838 1484 1874 Κριοῦ
1503 1839 1549 1866 ιδ’⁶
1569 1842 1733 1876 μεσουρανεῖ
1748 1842 1780 1868 δὲ

986 1882 1039 1909 ἀπὸ
1048 1883 1185 1918 Καρκίνου
1202 1884 1259 1918 μοι.
1271 1883 1293 1910 θ’
1306 1883 1358 1916 ἕως
1372 1885 1508 1921 Καρκίνου
1519 1886 1573 1921 μοί.
1588 1890 1625 1919 ις’
1639 1887 1673 1914 ⁸⁸.
1683 1887 1739 1913 Καὶ
1753 1890 1782 1914 α’

989 1928 1037 1963 μὲν
1057 1928 1145 1964 ἀστὴρ
1162 1929 1249 1955 δύνειο
1268 1930 1463 1965 μεσουρανοῦσι
1478 1931 1506 1958 δὲ
1522 1931 1576 1957 τῶν
1590 1931 1678 1959 ἄλλων
1695 1933 1781 1960 ἀστέ-

989 1982 1042 2009 ρων
1056 1973 1079 2001 α’
1091 1975 1140 2009 μὲν
1149 1974 1196 2001 τοῦ
1208 1983 1238 2001 τε
1250 1976 1388 2011 Καρκίνου
1399 1977 1414 2003 6
1422 1976 1578 2013 νοτιώτερος
1585 1977 1639 2004 τῶν
1650 1978 1699 2005 ἀπ’
1711 1979 1783 2005 ἀνα-

987 2020 1066 2056 τολῆς
1092 2021 1156 2057 περὶ
1178 2020 1209 2047 τδ
1230 2022 1351 2056 νεφέλιον
1373 2023 1516 2058 κειμένων,
1542 2024 1640 2060 μικρὸν
1664 2024 1781 2051 ὑπολει-

989 2065 1104 2101 πόμενος
1121 2065 1168 2092 τοῦ
1184 2067 1380 2103 μεσημϐρινοῦ,
1393 2068 1439 2094 καὶ
1457 2068 1508 2103 τῆς
1529 2068 1643 2104 Ἀργοῦς
1663 2069 1678 2096 6
1695 2070 1724 2096 ἐν
1737 2070 1782 2105 τῷ

988 2108 1154 2145 ἀκροστολίῳ
1176 2110 1317 2146 λαμπρός·
1332 2111 1444 2147 ἔσχατος
1458 2112 1485 2139 δὲ
1504 2112 1554 2147 τῆς
1571 2114 1692 2149 Ἀρκτου
1713 2115 1728 2141 6
1750 2115 1782 2142 ὲν

987 2156 1044 2187 τοῖς
1059 2155 1233 2191 ἐμπροσθίοις
1249 2156 1345 2191 γόνασι
1361 2157 1497 2194 λαμπρὸς,
1513 2158 1611 2194 μικρὸν
1630 2159 1782 2186 ὑπολειπό-

990 2209 1070 2237 μενος
1082 2200 1129 2228 τοῦ
1155 2202 1340 2238 μεσημϐρινοῦ
1351 2211 1358 2218 ·
1374 2203 1421 2230 καὶ
1436 2203 1483 2230 τοῦ
1504 2204 1642 2239 Καρκίνου
1657 2205 1671 2231 ό
1694 2206 1783 2239 μέσος

161 2253 250 2282 lucida
263 2253 291 2280 in
303 2251 385 2279 Navis
395 2250 489 2281 latere,
500 2248 641 2284 paululum
657 2247 728 2275 citra
742 2246 931 2274 meridianum.

1003 2246 1040 2273 ὧν
1053 2245 1077 2280 γ’
1089 2246 1144 2274 τῶν
1156 2248 1220 2283 περὶ
1234 2247 1283 2283 τὴν
1297 2249 1387 2275 νοτίαν
1397 2248 1489 2285 Χηλήν
1499 2258 1505 2265 ·
1522 2250 1568 2276 καὶ
1585 2250 1632 2277 τοῦ
1648 2250 1751 2287 ’Υδρου
1766 2253 1783 2277 6

161 2300 208 2327 ἐπὶ
218 2301 268 2335 τῆς
282 2299 420 2334 ἐκφύσεως
433 2298 479 2325 τοῦ
496 2297 643 2334 τραχήλου·
659 2297 706 2323 καὶ
739 2296 788 2332 τῆς
809 2294 922 2331 ’Δργοῦς
941 2295 956 2321 6
989 2296 1018 2321 tv
1036 2295 1110 2331 μέσῳ
1133 2295 1172 2331 τῷ
1191 2296 1272 2332 τοίχῳ
1287 2296 1412 2332 λαμπρὸς
1441 2298 1537 2334 μικρὸν
1564 2297 1783 2333 ὑπολειπόμενος

160 2346 206 2374 τοῦ
223 2346 419 2383 μεσημϐρινοῦ.

196 2414 343 2442 Occidente
355 2413 497 2448 Cassiepea
507 2413 636 2440 zodiacus
646 2419 701 2439 una
710 2411 809 2439 occidit
821 2412 855 2440 ab
863 2411 941 2440 Arie-
960 2442 966 2450 .

159 2461 197 2488 tis
208 2460 239 2486 21
262 2459 296 2486 ad
317 2458 399 2486 Tauri
422 2458 537 2485 mediam
559 2461 663 2492 partem
685 2457 738 2491 ‘26;
754 2457 886 2484 culminat
907 2457 941 2485 ab

162 2506 261 2534 Cancri
279 2505 315 2533 ει
335 2504 369 2532 ad
382 2503 503 2539 Virginis
516 2503 542 2530 5.
557 2502 638 2530 Prior
651 2503 751 2531 occidit
767 2503 846 2531 stella
861 2504 937 2538 capi-

163 2552 214 2585 tis;
228 2551 334 2583 ultima,
351 2557 411 2586 quae
433 2553 475 2577 est
490 2549 518 2576 in
539 2548 664 2584 pedibus.
683 2549 837 2576 Culminant
852 2549 942 2585 primo

163 2596 262 2624 Leonis
277 2595 398 2623 anterior
408 2602 474 2629 pes;
490 2598 516 2621 ct
526 2602 621 2621 earum
638 2602 698 2629 quae
716 2598 780 2622 sunt
795 2595 822 2621 in
840 2594 940 2630 capite,

165 2643 331 2671 lucidissima
353 2649 426 2669 :nec
448 2649 502 2668 non
521 2641 604 2677 Hydri
632 2635 864 2677 splen’didissima.
894 2640 943 2667 Ul-

166 2689 241 2721 timo,
255 2687 387 2715 Draconis
404 2687 523 2714 secunda
537 2694 632 2714 earum
648 2693 708 2722 quae
725 2686 758 2713 ab
774 2685 860 2713 cauda
879 2689 943 2712 sunt

167 2734 270 2766 lucidas,
291 2739 316 2760 et
335 2740 394 2768 qua:
410 2741 437 2760 in
457 2736 547 2760 rostro
564 2732 659 2766 Corvi;
681 2739 732 2759 nec
756 2738 811 2758 non
830 2738 889 2766 quae
915 2731 944 2758 in

201 2811 224 2826 "
235 2810 297 2842 Req.
312 2810 340 2837 ιδ’
344 2830 350 2837 .

1028 2411 1084 2446 Τῆς
1109 2411 1137 2438 δὲ
1161 2413 1344 2444 Κασσιεπείας
1360 2413 1499 2449 δυνούσης,
1518 2415 1716 2448 συγκαταδύνει
1731 2416 1782 2452 μὲν

995 2458 1063 2494 αὐτῇ
1080 2458 1094 2484 6
1105 2458 1233 2490 ζωδιακὸς
1252 2459 1306 2485 ἀπὸ
1320 2459 1406 2494 Κριοῦ
1424 2459 1478 2494 μοί.
1492 2463 1516 2486 α’
1532 2461 1579 2486 καὶ
1591 2460 1615 2487 κ’
1632 2461 1685 2493 ἕως
1707 2462 1781 2488 Ταύ-

996 2512 1043 2539 ρου
1066 2503 1086 2530 δ’
1102 2503 1149 2531 καὶ
1165 2507 1188 2530 κ’
1207 2504 1306 2539 μέσης·
1331 2507 1492 2541 μεσουρανεί
1511 2506 1539 2532 δὲ
1559 2507 1613 2533 ἀπὸ
1638 2507 1777 2543 Καρκίνου

998 2549 1051 2584 μοί.
1068 2548 1088 2576 δ’
1103 2550 1149 2576 καὶ
1165 2553 1187 2576 κ’
1201 2550 1253 2582 ἕως
1267 2551 1404 2587 Παρθένου
1420 2555 1449 2578 ε’.
1465 2552 1519 2578 Καὶ
1531 2555 1554 2578 α’
1568 2552 1617 2588 μὲν
1629 2553 1719 2589 ἀστὴρ
1733 2553 1779 2580 δύο

995 2603 1034 2622 νει
1055 2596 1069 2622 6
1084 2595 1112 2622 ὲν
1127 2597 1159 2631 τῇ
1175 2596 1290 2632 κεφαλῇ,
1309 2596 1419 2632 ἔσχατος
1430 2597 1458 2623 δὲ
1471 2599 1486 2624 6
1500 2598 1528 2624 tv
1542 2599 1598 2630 τοῖς
1612 2599 1687 2626 ποσί.
1708 2600 1780 2626 Μεσ-

995 2641 1136 2677 ουρανοῦσι
1143 2642 1171 2668 δὲ
1180 2642 1233 2669 τῶν
1240 2642 1325 2670 ἄλλων
1336 2643 1455 2678 ἀστέρων
1466 2643 1488 2670 α’
1498 2644 1548 2679 μὲν
1557 2644 1604 2671 τοῦ
1610 2645 1724 2677 Λέοντος
1731 2646 1745 2671 ὁ
1752 2653 1779 2671 τι

997 2687 1160 2722 ὲμπρόσθιος
1175 2687 1251 2721 ποῦς,
1264 2688 1310 2715 καὶ
1323 2688 1375 2715 τῶν
1395 2690 1422 2715 tv
1435 2691 1467 2725 τῇ
1479 2691 1582 2727 κεφαλῇ
1594 2692 1609 2718 6
1624 2691 1778 2728 λαμπρόταο

996 2741 1050 2766 τος,
1062 2733 1107 2759 καὶ
1120 2733 1274 2770 τοῦὟδρου
1291 2735 1305 2761 6
1318 2734 1513 2770 λαμπρότατος·
1527 2736 1634 2772 ἔσχατοι
1647 2737 1675 2764 δὲ
1691 2737 1737 2765 τοῦ
1751 2744 1778 2764 τι
