1923 3137
155 177 228 204 1105

639 175 821 203 lllPl’ABClll
841 175 886 202 AD
906 175 1130 203 ΡΗᾸΞΝΟΜΕΝΑ
1149 175 1213 202 LIB.
1235 174 1265 202 ll.

1705 175 1776 205 1108

154 235 310 270 Δράκοντος
320 236 334 261 6
351 234 374 269 β’
390 235 443 261 τῶν
455 235 510 261 ἀπὸ
520 235 567 270 τῆς
582 235 665 270 οὐρᾶς
675 235 819 271 λαμπρῶν,
840 235 886 261 καὶ
898 235 945 261 τοῦ

1007 235 1058 270 τῙιιε
1077 235 1174 270 capite.
1201 234 1308 261 Occidit
1323 232 1468 269 Cassicpea
1485 233 1560 261 horis
1573 232 1601 266 2,
1624 236 1650 261 et
1669 233 1774 262 duabus

154 281 282 316 Κόρακος
293 281 307 307 6
319 289 348 307 τε
361 281 390 306 ἐν
404 280 443 315 τῷ
460 280 554 316 ῥύγχει
569 281 616 308 καὶ
628 282 642 307 6
658 281 686 307 ἐν
699 283 730 317 τῇ
743 281 857 316 κεφαλῇ.
867 280 943 307 Δύνει

153 326 186 353 δὲ
201 327 216 361 ἡ
234 326 401 354 Κασσιέπεια
417 327 446 353 ὲν
457 327 543 362 ὥραις
560 325 582 361 β’
598 327 645 353 καὶ
659 326 719 353 δυσὶ
740 326 849 362 μέρεσιν
859 326 943 361 ὥρας.

194 373 250 408 Τῆς
264 372 292 399 δὲ
319 372 497 408 Ἀνδρομέδας
521 372 660 407 δυνούσης,
679 372 872 406 συγκαταδύνει
896 372 946 406 μὲν

155 419 228 454 αὐτῇ
243 420 257 445 ὁ
278 418 409 451 ζωδιακὸς
422 417 476 445 ἀπὸ
497 417 606 452 Ἰχθύων
635 411 664 453 ﬂ"
686 418 734 444 καὶ
749 421 771 444 κ’
792 417 846 452 μοί.
862 417 946 452 μέσης

155 465 212 496 ἕως
228 463 312 500 Κριοῦ
327 467 351 499 η’
370 464 417 490 καὶ
428 463 451 490 κ’
469 464 570 500 μέσης·
587 464 749 499 μεσουρανεῖ
760 463 790 489 δὲ
804 462 858 489 ἀπὸ
873 461 947 489 Διδύ-

159 519 222 545 μων
246 509 270 537 α’
290 510 336 537 καὶ
363 513 387 537 κ’
413 511 500 545 μέσης
522 510 575 542 ἔως
597 510 710 540 Λέοντος
730 507 761 544 β’.
785 503 839 535 Καὶ
857 511 880 535 α’
898 508 947 543 μὲν

156 556 249 592 ἀστὴρ
262 556 335 584 δύνει
345 557 359 582 6
372 557 401 583 ὲν
415 557 448 592 τῇ
462 556 578 592 κεφαλῇ,
591 555 702 591 ἔσχατος
714 555 742 582 δὲ
753 556 768 581 6
784 555 948 591 βορειότερος

155 600 214 628 τῶν
240 602 269 628 ἐν
289 601 328 636 τῷ
353 601 431 637 δεξιῷ
447 601 517 628 ποδί.
538 599 742 637 Μεσουρανοῦσι
757 601 786 627 δὲ
799 600 852 626 τῶν
863 599 949 627 ἄλλων

157 647 282 682 ἀστέρων
297 648 326 674 ὲν
341 647 411 683 ἀρχῇ
435 647 483 683 μὲν
499 647 513 673 ὃ
524 655 554 673 τε
568 648 596 674 ὲν
608 646 647 682 τῷ
663 646 756 682 ῥύγχει
767 647 816 682 τῆς
830 646 949 681 μεγάλης

160 692 293 727 ’Δρκτου,
310 693 357 719 καὶ
370 694 384 719 6
395 693 424 719 ὲν
438 694 471 728 τῇ
488 693 593 728 κεφαλῇ
606 692 652 719 τοῦ
666 692 827 728 ἡγουμένου,
845 691 949 719 καὶτοῦ

158 738 250 769 Κυνὸς
272 739 286 765 6
305 738 473 774 βορειότατος
497 738 550 765 τῶν
566 739 595 764 ὲν
608 739 641 773 τῇ
663 737 777 772 κεφαλῇ·
799 737 909 772 ἔσχατον
922 737 951 763 δὲ

161 782 360 818 μεσουρανοῦσι
378 782 424 809 τοῦ
444 791 474 810 τε
491 782 641 817 Δράκοντος
665 782 680 807 6
702 781 731 808 ὲν
751 781 824 817 ἄκρᾳ
837 783 870 816 τῇ
884 781 952 816 οὐρᾷ

159 828 211 854 καλ⁷
223 829 237 855 6
251 828 331 863 μέσος
343 828 397 855 τῶν
413 830 441 855 ὲν
454 828 494 864 τῷ
504 828 629 864 τραχήλῳ
643 827 724 854 αὑτοῦ
738 826 762 862 γ’
775 827 816 854 ἐπ’
834 827 950 858 εὐθείας,

159 873 210 900 καὶ
223 873 270 900 τοῦ
287 874 392 910 Ταύρου
407 875 421 900 6
435 873 458 909 γ’
472 874 525 900 τῶν
542 873 610 909 μετὰ
623 874 667 900 τὸν
682 873 806 908 λαμπρὸν
822 872 953 903 ἀνατολὰς

996 281 1070 308 horae
1086 281 1218 316 partibus.

1029 369 1097 397 Cum
1120 369 1293 397 Andromeda
1315 368 1455 396 descendit
1479 376 1560 396 arcus
1582 369 1685 397 zodiaci
1702 377 1717 396 a
1731 369 1775 397 Pi-

996 416 1082 443 scium
1098 420 1176 451 parte
1189 416 1225 443 22
1236 415 1324 443 media
1339 423 1425 451 usque
1437 416 1471 443 ad
1482 415 1582 443 Arietis
1593 416 1628 443 2S
1639 416 1774 449 mediam;

996 460 1127 488 culminat
1157 468 1172 487 a
1197 459 1373 488 Geminorum
1397 460 1429 487 2i
1460 461 1548 488 media
1568 460 1602 487 ad
1630 460 1729 488 Leonis
1746 461 1774 488 2.

997 505 1088 534 Prima
1110 506 1210 534 occidit
1231 514 1290 541 qua:
1307 510 1348 534 est
1370 507 1398 534 in
1421 506 1527 541 capite;
1550 506 1657 538 ultima,
1681 514 1775 534 earum

997 559 1058 587 quae
1072 557 1135 580 sunt
1155 552 1182 580 in
1203 551 1298 580 dextro
1313 552 1390 587 pede,
1406 553 1549 581 borealior.
1565 553 1722 581 Culminant
1743 561 1776 581 ex

999 597 1061 625 aliis
1076 597 1174 630 stellis,
1187 597 1264 625 initio
1277 598 1397 633 quidem,
1414 606 1474 634 qua:
1485 602 1527 626 est
1543 600 1570 626 in
1586 604 1676 627 rostro
1691 600 1777 634 majo-

998 643 1038 670 ris
1055 642 1145 677 Ursae;
1169 647 1195 670 et
1209 651 1270 678 quae
1293 644 1320 671 in
1343 644 1432 679 capite
1456 644 1632 679 praecedentis
1645 645 1752 673 Gemini
1768 655 1775 673 :

999 694 1057 717 tum
1081 690 1199 718 maxime
1218 690 1335 718 borealis
1356 698 1450 718 earum
1475 699 1536 727 qua:
1560 695 1624 719 sunt
1638 691 1665 719 in
1689 692 1778 726 capite

999 738 1091 766 Canis.
1106 737 1249 766 Postremo
1263 739 1414 766 culminant
1434 746 1466 766 ea
1481 747 1541 773 quae
1560 743 1602 766 est
1615 739 1642 766 in
1659 743 1778 768 extrema

1001 783 1088 811 cauda
1104 783 1254 815 Draconis,
1269 788 1295 811 et
1311 784 1398 812 media
1421 785 1503 812 trium
1519 793 1578 820 qum
1595 785 1621 812 in
1636 785 1695 820 ejus
1710 786 1779 812 collo

1002 830 1029 856 in
1040 829 1174 857 directum
1190 830 1248 857 sitae
1263 834 1335 857 sunt.
1351 829 1416 858 item
1433 831 1461 858 in
1472 831 1562 858 Tauro
1577 832 1656 859 tertia
1668 831 1701 858 de
1712 839 1780 866 qua-

1005 879 1076 907 tuor,
1091 883 1152 910 qua:
1171 876 1204 902 ad
1219 876 1351 903 orientem
1376 880 1439 903 sunt
1453 881 1515 912 post
1530 877 1659 905 lucidam.
1675 876 1781 904 Occidit

159 917 194 945 δ’.
209 918 286 945 Δύνει
305 919 333 946 δὲ
355 921 372 954 ὴ
397 919 557 955 Ἀνδρομέδα
583 921 611 946 ἐν
632 919 716 954 ὥραις
737 918 759 952 γ’
771 919 808 950 ὼς
828 917 948 952 ἔγγιστα.

1007 920 1173 948 Andromeda
1187 920 1262 948 horis
1276 921 1400 955 proxime
1412 922 1510 949 tribus.

199 963 253 990 Τοῦ
269 964 297 990 δὲ
314 965 411 992 Ἵππου
426 965 557 997 δύνοντος,
573 963 769 999 συγκαταδύνει
784 963 832 999 μὲν
849 963 923 998 αὐτῷ
936 963 950 989 6

159 1010 294 1042 ζωδιακὸς
311 1010 365 1037 ἀπὸ
387 1010 528 1046 Ὗδροχόου
545 1010 601 1046 μοι.
614 1013 646 1044 ιγ’
669 1010 753 1045 μέσης
769 1009 822 1041 ἕως
842 1008 950 1044 Ἰχθύων

162 1056 220 1091 μοι.
241 1055 273 1091 ιγ’
277 1065 284 1070 -
296 1057 454 1092 μεσουρανεί
470 1056 498 1082 δὲ
512 1056 564 1083 ἀπὺ
580 1055 686 1090 Ταύρου
703 1054 724 1085 δ’
740 1055 825 1090 μέσης
840 1055 892 1086 ἕως
905 1056 950 1080 Δι-

159 1102 256 1138 δύμων
281 1102 314 1130 ια’
342 1103 438 1138 μέσης.
461 1103 516 1129 Καὶ
535 1101 559 1129 α’
581 1102 631 1137 μὲν
651 1101 738 1137 ἀστὴρ
752 1101 824 1127 δύνει
837 1102 851 1127 6
870 1101 898 1126 ἐν
912 1099 951 1135 τῷ

162 1148 279 1184 στόματι
292 1147 374 1175 αὑτοῦ
386 1148 522 1183 λαμπρὸς,
537 1147 649 1182 ἔσχατος
662 1147 690 1173 δὲ
703 1148 716 1173 6
731 1146 777 1172 ἐπὶ
794 1146 841 1181 τῆς
852 1145 951 1179 ὀσφύος

163 1193 303 1229 λαμπρός.
321 1194 491 1228 Μεσουρανεῖ
505 1192 533 1219 δὲ
546 1193 599 1218 τῶν
615 1192 701 1219 ἄλλων
719 1190 743 1218 α’
760 1191 808 1226 μὲν
824 1191 838 1217 ὅ
860 1199 890 1217 τε
908 1190 951 1225 βο-

163 1238 300 1273 ρειότερος
327 1237 380 1264 τῶν
408 1236 507 1272 μεταξὺ
532 1235 580 1263 τοῦ
600 1235 682 1268 ὀξέως
698 1235 747 1270 τῆς
764 1234 891 1265 Πλειάδος
905 1234 951 1260 καὶ

161 1284 221 1311 τῶν
239 1283 341 1310 Ὑάδων
367 1282 421 1309 τῶν
437 1283 466 1309 ὲν
481 1282 520 1317 τῷ
534 1281 670 1317 ἀριστερῷ
697 1279 824 1316 μετώπῳ,
840 1280 886 1306 καὶ
904 1278 951 1305 τοῦ

162 1328 274 1364 Ταύρου
286 1329 299 1355 6
313 1329 341 1355 ἐν
354 1330 387 1364 τῇ
403 1328 552 1364 ὠμοπλάτη
569 1327 664 1362 μικρὸν
680 1326 891 1361 ὑπολειπόμενος
904 1325 950 1352 τοῦ

166 1374 365 1410 μεσημϐρινοῦ·
384 1373 492 1409 ἔσχατοι
507 1373 535 1400 δὲ
549 1372 745 1408 μεσουρανοῦσι
759 1371 813 1398 τῶν
830 1371 952 1407 Διδύμων

1037 965 1114 1001 Equo
1137 965 1320 993 descendente
1341 965 1442 992 occidit
1463 965 1591 994 zodiacus
1616 966 1650 994 ab
1669 967 1780 1000 Aquarii

1003 1015 1080 1047 parte
1090 1011 1124 1038 15
1138 1011 1226 1039 media
1243 1011 1276 1038 ad
1293 1009 1411 1039 Piscium
1428 1011 1480 1045 15;
1497 1011 1628 1039 culminat
1641 1019 1656 1038 a
1673 1011 1754 1039 Tauri
1765 1012 1781 1039 4

1002 1056 1090 1085 media
1101 1057 1134 1084 ad
1142 1055 1314 1084 Geminorum
1325 1058 1354 1084 Η
1366 1054 1491 1086 mediam.
1502 1057 1581 1085 Prior
1588 1057 1687 1085 occidit
1694 1058 1781 1090 stella,

1003 1110 1063 1137 quae
1076 1102 1103 1128 in
1115 1102 1174 1136 ejus
1182 1105 1224 1129 est
1235 1110 1282 1129 ore
1294 1102 1400 1134 lucida;
1415 1102 1508 1130 ultima
1520 1110 1580 1138 quae
1593 1107 1635 1130 est
1648 1104 1676 1130 in
1691 1103 1783 1129 lumho

1005 1147 1104 1174 lucida.
1119 1146 1234 1174 Medium
1253 1148 1316 1175 coeli
1332 1151 1405 1176 tenet
1419 1156 1453 1176 ex
1469 1148 1529 1175 aliis
1546 1149 1633 1183 primo
1649 1149 1783 1176 borealior

1003 1199 1096 1219 earum
1110 1200 1169 1227 quae
1177 1198 1241 1220 sunt
1253 1193 1322 1220 inter
1330 1201 1442 1221 acumen
1453 1194 1578 1226 Pleiadis,
1585 1198 1612 1222 et
1621 1194 1782 1221 Sucularum

1004 1245 1065 1272 quae
1078 1237 1106 1265 in
1122 1238 1233 1266 sinistra
1247 1238 1346 1267 fronte.
1362 1239 1427 1267 item
1442 1239 1535 1272 Tauri,
1549 1248 1608 1275 quae
1619 1244 1660 1267 est
1674 1240 1702 1267 in
1723 1247 1783 1272 sca-

1004 1283 1068 1318 pula
1081 1283 1220 1317 paululum
1238 1284 1307 1311 citra
1319 1284 1498 1312 meridianum
1513 1294 1519 1312 :
1539 1289 1674 1320 postremo
1687 1285 1779 1312 culmi-

1003 1332 1080 1358 nant.
1094 1329 1190 1357 tertius
1204 1329 1378 1357 Geminorum
1395 1330 1428 1357 ab
1439 1330 1578 1358 occidente
1599 1338 1661 1366 pes;
1678 1334 1704 1358 et
1716 1338 1783 1365 prae-

1005 1373 1105 1401 cedens
1116 1375 1198 1402 trium
1211 1375 1238 1402 in
1251 1376 1374 1410 genibus.
1387 1375 1494 1403 Occidit
1506 1375 1596 1411 Equus
1608 1376 1681 1403 horis
1691 1375 1709 1402 2
1720 1375 1781 1411 1/2.

165 1422 182 1449 ὅ
193 1430 224 1449 τε
236 1422 326 1457 τρίτος
335 1421 389 1449 ἀπὸ
404 1421 507 1452 δύσεως
520 1420 587 1452 ποῦς
601 1420 647 1448 καὶ
658 1419 672 1445 6
684 1420 834 1455 ἡγούμενος
862 1419 917 1446 τῶν
936 1420 964 1446 ὲν
979 1422 1036 1454 τοῖς
1055 1422 1148 1456 γόνασι
1161 1422 1195 1458 γ’.
1228 1423 1304 1451 Δύνει
1323 1424 1351 1451 δὲ
1368 1425 1382 1451 6
1396 1424 1493 1457 Ἵππος
1509 1425 1538 1452 ὲν
1558 1424 1643 1461 ὥραις
1655 1423 1714 1451 δυσὶ
1737 1424 1783 1450 καὶ

165 1467 305 1538 ἡμΤῢόῦιὲἒ
321 1510 426 1538 Ὀῖστοῦ
441 1510 575 1543 δύνοντος,
591 1508 786 1544 συγκαταδύνει
810 1509 859 1544 μὲν
879 1508 953 1544 αὐτῷ

1043 1508 1145 1544 Sagitta
1167 1516 1228 1536 cum
1252 1510 1364 1542 occidit,
1381 1510 1522 1538 descendit
1544 1518 1596 1538 una
1619 1511 1747 1540 zodiacus
1768 1520 1783 1540 a

165 1559 182 1584 6
200 1557 331 1589 ζώιακὸς
347 1556 401 1583 ἀπὸ
415 1556 555 1591 Αἱγόκερω
570 1556 623 1591 μοι.
642 1555 664 1587 ζ’
682 1556 729 1582 καὶ
745 1559 768 1581 κ’
795 1555 880 1590 μέσης
902 1554 953 1586 ἔως

1007 1555 1094 1583 media
1112 1560 1189 1590 parte
1209 1555 1244 1582 27
1264 1556 1421 1591 Capricorni
1433 1557 1465 1584 ad
1487 1556 1505 1583 2
1523 1557 1640 1584 mediam
1661 1557 1783 1592 Aquarii;

173 1603 316 1639 ’Υδροχόου
344 1602 397 1638 μοι.
414 1601 436 1637 β’
454 1602 539 1637 μέσης
551 1610 557 1617 ·
575 1603 737 1637 μεσουρανεῖ
753 1601 781 1627 δὲ
797 1601 851 1627 ἀπὺ
871 1599 956 1636 Κριοῦ

168 1649 227 1685 μοι.
245 1648 274 1675 ιδ’
293 1649 347 1681 ἕως
361 1648 447 1684 Κριοῦ
466 1648 519 1683 μοί.
533 1646 586 1674 ια’.
601 1648 655 1674 Καὶ
671 1651 694 1674 α’
711 1647 760 1682 μὲν
778 1646 891 1682 ἀστέρες
912 1646 957 1673 δύ-

167 1704 261 1722 νουσιν
281 1696 306 1721 οἱ
328 1697 356 1722 ὲν
371 1696 405 1730 τῇ
431 1694 549 1729 γλυφιδι,
572 1693 685 1729 ἔσχατος
700 1693 728 1720 δὲ
750 1694 765 1719 6
783 1693 813 1719 ὲν
826 1694 859 1728 τῇ
874 1692 955 1720 ἁκίδι.

166 1740 374 1776 Μεσουρανοῦσι
388 1741 416 1767 δὲ
429 1740 482 1767 τῶν
497 1740 583 1768 ἄλλων
600 1739 720 1775 ἀστέρων
731 1738 755 1765 α’
769 1739 817 1774 μὲν
829 1737 875 1764 τοῦ
888 1739 958 1773 Περ-

171 1786 243 1818 σέως
255 1788 268 1813 6
281 1787 309 1813 ὲν
319 1785 358 1821 τῷ
369 1785 448 1821 δεξιῷ
462 1785 539 1821 ὤμῳ,
554 1785 601 1811 καὶ
613 1785 659 1812 τοῦ
668 1784 753 1820 Κριοῦ
766 1785 780 1810 6
793 1783 957 1819 βορειότερος

116 1870 119 1872 _
168 1832 226 1858 τῶν
242 1833 312 1867 ὑπὲρ
327 1832 376 1868 τὴν
390 1831 473 1867 οὐρὰν
487 1830 512 1865 γ’
529 1831 572 1857 ἐπ’
592 1830 699 1862 εὐθείας
732 1829 958 1865 ἀκατονομάστων

170 1878 220 1904 καὶ
236 1879 250 1904 6
263 1878 292 1905 ὲν
304 1878 342 1914 τῷ
361 1877 438 1913 νώτῳ
456 1876 549 1910 αὐτοῦ,
564 1876 767 1912 προηγούμενος
782 1875 829 1902 τοῦ
852 1883 957 1910 μεσημ-

170 1923 267 1959 6ρινοῦ
289 1923 326 1955 ὡς
340 1923 488 1959 ἡμιπήχιον
501 1931 508 1938 ⁸
542 1922 590 1949 καὶ
603 1921 649 1948 τοῦ
662 1922 767 1957 Κήτους
781 1922 795 1947 6
808 1921 957 1956 ἡγούμενος

169 1970 227 1996 τῶν
244 1970 273 1995 ἐν
286 1971 319 2004 τῇ
334 1977 378 1995 νοτ
384 1969 411 2004 ιᾳ
426 1968 528 2003 σιαγόνι
541 1967 565 2002 γ’
579 1967 721 2003 λαμπρῶν·
732 1966 837 2001 ἔσχατοι
850 1965 878 1992 δὲ
893 1973 957 2001 μεσ-

169 2014 316 2051 ουρανοῦσι
342 2014 390 2041 τοῦ
406 2014 532 2049 Περσέως
555 2015 570 2040 6
591 2014 618 2040 ἐν
631 2012 670 2047 τῷ
685 2012 759 2047 μέσῳ
775 2011 822 2037 τοῦ
835 2010 958 2046 σώματος

170 2059 308 2095 λαμπρὸς,
322 2059 419 2094 μικρὸν
433 2059 637 2094 προηγούμενος
649 2057 695 2083 τοῦ
709 2055 958 2092 μεσημϐρινοῦ,καὶ

169 2105 220 2132 τοῦ
238 2106 344 2141 Κήτους
358 2106 372 2131 6
386 2105 516 2140 ἑπόμενος
536 2103 588 2130 τῶν
605 2104 634 2129 ὲν
652 2104 685 2139 τῇ
700 2102 774 2137 νοτίᾳ
787 2101 901 2135 σιαγόνι,
914 2110 958 2136 μι-

170 2151 240 2187 κρὸν
252 2151 461 2186 ὑπολειπόμενος
475 2149 521 2176 τοῦ
535 2147 729 2185 μεσημϐρινοῦ.
742 2147 818 2174 Δύνει
833 2147 861 2173 δὲ
873 2147 887 2173 6
903 2147 957 2173 ’οῖ-

172 2197 239 2228 στδς
254 2198 282 2223 ἐν
296 2195 319 2230 γ’
339 2196 415 2232 μέρει
433 2196 517 2231 ὥρας.

1007 1600 1139 1627 culminat
1159 1600 1193 1627 ab
1216 1600 1315 1628 Arietis
1333 1604 1409 1636 parte
1432 1601 1466 1628 M
1485 1604 1519 1629 ad
1534 1601 1580 1629 2i.
1597 1600 1695 1630 Primae
1711 1603 1783 1630 occi-

1006 1646 1075 1674 dunt
1091 1646 1186 1679 stellae,
1201 1654 1261 1682 quae
1275 1651 1338 1675 sunt
1359 1647 1386 1674 in
1400 1654 1491 1679 crena,
1505 1647 1608 1681 ultima,
1625 1655 1685 1684 qua:
1700 1653 1741 1677 est
1757 1649 1783 1676 in

1006 1691 1128 1726 cuspide.
1146 1691 1304 1719 Culminant
1316 1700 1348 1719 ex
1360 1692 1420 1720 aliis
1432 1692 1518 1720 stellis
1532 1692 1618 1727 prima
1628 1694 1717 1721 dextri
1731 1694 1784 1721 hu-

1007 1737 1075 1764 meri
1088 1736 1180 1765 Persei
1192 1757 1200 1770 .
1214 1743 1241 1765 et
1257 1737 1392 1766 borealior
1403 1738 1484 1766 trium
1497 1738 1676 1773 appellatione
1690 1747 1783 1767 carenv

1007 1783 1086 1817 tium,
1104 1791 1164 1819 qua:
1186 1792 1268 1819 supra
1288 1784 1402 1811 caudam
1416 1784 1516 1811 Arietis
1538 1784 1567 1811 in
1588 1783 1721 1812 directum
1740 1793 1783 1820 po-

1007 1829 1067 1857 sita:
1088 1835 1161 1862 sunt,
1179 1834 1235 1857 tum
1259 1838 1319 1866 quae
1341 1830 1369 1857 in
1394 1830 1467 1858 illius
1489 1830 1581 1862 dorso,
1604 1831 1783 1858 meridianum

1008 1875 1170 1903 semicubito
1185 1875 1298 1903 circiter
1313 1877 1485 1904 antecedens.
1501 1876 1565 1904 Item
1577 1877 1731 1912 prazcedens
1743 1877 1784 1904 lu~

1007 1921 1130 1948 cidarum
1145 1922 1226 1949 trium
1241 1930 1302 1957 quae
1318 1923 1344 1949 in
1356 1922 1468 1950 australi
1482 1923 1638 1950 mandibula
1649 1922 1708 1950 Ceti
1719 1931 1726 1956 ;
1738 1930 1779 1957 po-

1007 1970 1116 1995 strema:
1131 1967 1292 2000 culminant,
1311 1968 1399 1995 lucida
1414 1976 1474 2003 quae
1486 1973 1527 1996 est
1541 1969 1567 1995 in
1579 1968 1667 1996 medio
1681 1968 1783 2000 Persei,

1007 2013 1146 2048 paululum
1167 2013 1331 2041 antecedens
1355 2014 1550 2046 meridianum,
1572 2018 1599 2041 et
1618 2014 1785 2049 subsequens

1006 2066 1111 2091 earum,
1129 2066 1189 2094 qua
1209 2059 1237 2086 in
1255 2059 1366 2086 australi
1390 2059 1546 2087 mandibula
1563 2060 1631 2092 Ceti,
1648 2062 1729 2095 paulo
1743 2060 1784 2088 ci-

1007 2108 1049 2131 tra
1064 2105 1253 2132 meridianum.
1269 2105 1374 2133 Occidit
1387 2104 1488 2141 Sagitta
1501 2105 1574 2133 horae
1589 2106 1699 2134 triente.

207 2243 279 2275 Κςῖι.
288 2242 340 2268 Τοῦ
349 2242 377 2268 δὲ
385 2241 475 2268 Ἀετοῦ
483 2241 614 2273 δύνοντος,
626 2239 818 2275 συγκαταδύνει
826 2239 874 2274 μὲν
882 2238 953 2273 αὺτῷ

1041 2239 1134 2271 XXVJ.
1155 2240 1222 2268 Cum
1235 2240 1332 2276 Aquila
1343 2240 1483 2268 descendit
1495 2248 1576 2268 arcus
1587 2240 1688 2268 zodiaci
1699 2247 1714 2268 a
1729 2248 1783 2268 me-

171 2289 187 2314 6
197 2287 329 2319 ζωδιακὸς
342 2287 396 2314 ἀπὸ
403 2287 545 2322 Αἰγόκερω
555 2286 608 2322 μοί.
619 2286 650 2318 ιζ’
660 2286 745 2322 μέσης
758 2286 809 2317 ἓως
817 2285 956 2319 Αἰγόκερω

171 2342 190 2367 γ
211 2334 258 2359 καὶ
271 2331 308 2359 κ’·
327 2334 487 2368 μεσουρανεῖ
501 2332 528 2358 δὲ
543 2332 596 2358 ἀπὺ
611 2331 697 2366 Κριοῦ
708 2331 761 2366 μοί.
775 2330 796 2365 β’
806 2331 858 2361 ἓως
870 2329 955 2365 Κριοῦ

173 2380 232 2416 μοί.
250 2383 285 2414 η’.
301 2380 356 2406 Καὶ
369 2379 473 2415 πρῶτοι
488 2379 536 2414 μὲν
551 2378 665 2413 ἀστέρες
676 2370 797 2404 δύνουσιν
808 2377 833 2403 οἱ
852 2377 881 2402 ὲν
896 2378 957 2408 ταῖς

172 2426 287 2462 πτέρυξι
303 2425 324 2461 β’
339 2425 441 2462 μικροὶ,
457 2424 569 2460 ἔσχατος
584 2424 611 2451 δὲ
627 2425 641 2450 6
661 2423 827 2459 βορειότερος
852 2422 905 2449 τῶν
928 2423 956 2448 ὲν

174 2476 215 2508 τῳ
234 2471 339 2507 σώματι
361 2471 382 2506 β’
404 2470 547 2506 λαμπρῶν.
565 2471 733 2505 Μεσουρανεί
752 2469 780 2495 δὲ
795 2468 849 2495 τῶν
870 2468 956 2495 ἄλλων

175 2514 299 2550 ἀστέρων
326 2514 350 2541 α’
368 2515 417 2550 μὲν
433 2515 481 2549 τῆς
497 2514 672 2549 Ἀνδρομέδας
689 2514 703 2540 6
726 2514 754 2539 ἐν
769 2513 807 2548 τῷ
822 2512 957 2548 ἀριστερῷ

176 2560 249 2592 ποδὶ,
273 2561 320 2587 καὶ
336 2559 383 2586 τοῦ
400 2560 486 2596 Κριοῦ
500 2561 514 2586 6
533 2560 613 2595 μέσος
623 2559 677 2586 τῶν
690 2560 719 2586 ὲν
733 2560 767 2594 τῇ
783 2558 897 2594 κεφαλῇ,
911 2559 957 2585 καὶ

175 2604 224 2630 τοῦ
233 2604 338 2639 Κήτους
348 2605 362 2630 6
376 2603 533 2639 νοτιώτερος
547 2603 601 2629 τῶν
616 2602 754 2638 ἑπομένων
771 2603 799 2628 ὲν
813 2602 852 2637 τῷ
862 2611 957 2639 τετρα-

175 2649 286 2684 πλεύρῳ
295 2657 302 2664 ·
320 2649 431 2685 ἔσχατος
444 2649 472 2676 δὲ
483 2649 529 2676 τοῦ
540 2648 677 2684 Τριγώνου
694 2649 708 2674 6
721 2648 851 2683 ἑπόμενος
864 2647 917 2674 τῶν
929 2649 957 2675 ὲν

174 2695 209 2729 τῇ
235 2694 323 2728 βάσει,
345 2694 548 2730 προηγούμενος
573 2694 627 2721 τῶν
640 2695 668 2721 ὲν
682 2695 715 2729 τῇ
732 2693 824 2729 βορείᾳ
842 2693 955 2727 σιαγόνι.

175 2739 255 2766 Δύνει
269 2740 297 2766 δὲ
310 2740 325 2766 6
345 2739 435 2772 Ἀετὸς
448 2741 477 2766 ὲν
491 2739 514 2774 γ’
528 2739 605 2775 μέρει
623 2739 706 2775 ὥρας.

212 2784 265 2811 Τοῦ
281 2785 310 2812 δὲ
322 2786 446 2820 Δελφϊνος
462 2785 594 2818 δύνοντος,
607 2785 800 2820 συγκαταδύνει
819 2785 867 2820 μὲν
881 2786 896 2812 6
905 2785 958 2818 ζω-

177 2830 270 2862 διακὸς
284 2831 338 2858 ἀπὸ
353 2831 400 2858 τοῦ
419 2831 558 2867 ’Υδροχόου
573 2832 627 2867 μοί.
646 2831 668 2866 β’
679 2831 731 2863 ἔως
749 2831 887 2867 ’Υδροχόου
902 2831 956 2866 μοί.

178 2874 202 2912 η’
229 2876 328 2913 μέσης·
357 2879 516 2913 μεσουρανεί
536 2878 566 2904 δὲ
584 2878 636 2905 ἀπὸ
661 2877 745 2912 Κριοῦ
762 2877 784 2903 κ’
803 2877 886 2910 ιιέστις
907 2878 958 2909 ἔως

1008 2285 1052 2312 dia
1069 2289 1145 2320 parte
1162 2286 1195 2312 17
1209 2285 1367 2320 Capricorni
1382 2286 1415 2313 ad
1429 2286 1480 2319 23;
1502 2286 1633 2314 culminat
1649 2285 1683 2313 ab
1706 2285 1785 2312 Arie-

1009 2331 1043 2358 tis
1056 2331 1073 2357 2
1088 2330 1121 2357 ad
1136 2331 1162 2357 8.
1174 2330 1272 2358 Prima:
1288 2331 1414 2358 occidunt
1438 2331 1521 2359 stella:
1534 2332 1594 2359 dum
1608 2339 1707 2367 parvae,
1727 2339 1785 2366 quae

1009 2377 1037 2403 in
1063 2376 1133 2410 alis;
1157 2381 1306 2412 postrema,
1331 2378 1465 2405 borealior
1485 2378 1635 2405 lucidarum
1658 2377 1784 2408 duarum,

1008 2429 1069 2457 quze
1078 2426 1142 2450 sunt
1157 2423 1184 2450 in
1198 2430 1322 2458 corpore.
1335 2424 1373 2449 Ex
1389 2423 1450 2450 aliis
1460 2423 1547 2451 stellis
1557 2423 1686 2450 culminat
1697 2421 1784 2456 primo

1009 2476 1070 2504 qua:
1083 2474 1122 2497 est
1138 2470 1163 2496 in
1180 2469 1359 2497 Andromedae
1373 2470 1484 2497 sinistro
1498 2470 1584 2504 pede;
1598 2472 1625 2496 et
1641 2468 1729 2495 media
1739 2474 1784 2494 ea-

1010 2522 1082 2547 rum,
1098 2523 1158 2550 quae
1175 2515 1204 2542 in
1215 2515 1315 2543 Arietis
1329 2516 1428 2550 capite.
1448 2515 1514 2543 Item
1529 2514 1674 2542 australior
1691 2520 1784 2541 succe-

1009 2560 1131 2588 dentium
1149 2561 1206 2589 Ceti
1235 2561 1263 2588 in
1278 2561 1481 2596 quadrilatero;
1497 2561 1592 2588 ultima
1617 2559 1785 2594 subsequens

1009 2614 1103 2635 earum
1116 2615 1176 2642 qua:
1191 2610 1256 2635 sunt
1269 2608 1298 2635 in
1315 2607 1375 2635 basi
1396 2607 1539 2642 trianguli,
1554 2605 1707 2641 praecedens
1725 2605 1785 2632 illas

1010 2660 1070 2688 qua:
1099 2658 1162 2681 sunt
1186 2653 1214 2681 in
1240 2653 1343 2681 boreali
1367 2652 1532 2680 mandibula.
1559 2650 1664 2678 Occidit
1689 2650 1785 2686 Aquila

1011 2698 1084 2726 horae
1097 2699 1205 2727 triente.

1045 2784 1192 2813 Occidente
1209 2784 1342 2820 Delphino
1364 2791 1425 2812 cum
1444 2790 1477 2811 co
1497 2781 1637 2811 descendit
1657 2780 1786 2809 zodiacus

1010 2831 1044 2859 ab
1055 2831 1166 2866 Aquarii
1178 2835 1254 2866 parte
1265 2831 1283 2857 2
1298 2830 1332 2858 ad
1352 2829 1467 2857 mediam
1479 2829 1512 2862 8;
1525 2827 1655 2856 culminat
1666 2826 1700 2854 ab
1709 2825 1786 2853 Arie-

1011 2878 1047 2906 tis
1057 2877 1093 2906 20
1104 2877 1192 2906 media
1212 2876 1246 2905 ad
1265 2876 1310 2906 29.
1327 2876 1403 2905 Prior
1426 2875 1526 2904 occidit
1553 2873 1716 2902 antecedens
1737 2879 1785 2898 ea-
