1923 3137
184 191 253 219 “07

675 189 721 217 AD
737 188 873 216 EUSEBlt
893 188 1092 218 CHRONlCON
1109 188 1300 216 APPENDIX.‘

1745 187 1815 213 ΙΙΟὸ

184 258 245 278 rum
261 257 322 285 quae
343 252 407 276 sunt
427 248 454 276 in
472 247 578 282 cauda;
603 252 751 283 postrema,
771 249 906 276 borealior
928 256 966 276 ea‘

1022 248 1107 284 Κριοῦ
1125 248 1146 274 θ’
1161 248 1209 274 καὶ
1225 247 1258 274 κ’.
1276 247 1331 274 Καὶ
1341 250 1365 273 α’
1383 246 1432 281 μὲν
1450 245 1536 282 ἀστὴρ
1548 245 1621 272 δύνει
1635 246 1648 272 6
1661 243 1815 280 ἡγούμενος

184 302 246 322 rum
266 302 327 330 quae
347 295 374 322 in
400 294 561 321 succedente
578 293 662 321 latere
686 293 814 321 Rhombi.
842 293 880 322 Ex
907 294 968 322 aliis

185 340 272 368 stellis
288 340 364 374 prius
379 338 532 366 culminant
546 338 636 366 lucida
653 338 735 366 medii
753 339 877 374 corporis
903 338 966 366 Per—

185 386 237 418 sei,
262 385 400 421 paululum
421 385 587 412 antecedens
613 385 808 416 meridianum,
831 389 857 412 et
874 392 969 413 succe-

185 432 254 459 dens
272 434 367 459 carum
381 438 442 466 quae
462 435 527 458 sunt
542 431 570 458 in
589 431 704 458 australi
719 430 876 458 mandibula
892 431 966 463 Ceti,

185 478 265 512 paulo
278 477 347 505 citra
362 477 544 504 meridianum
565 477 628 504 sita.
644 476 786 504 Postremo
802 477 966 510 culminant,

184 531 244 558 quae
263 523 290 550 in
302 522 370 558 pede
382 523 496 551 sinistro
507 522 597 550 Persei
609 531 617 556 ;
633 527 660 550 et
675 523 812 551 borealior
823 531 886 558 pars
899 531 968 558 prte-

185 568 308 597 cedentis
331 569 424 597 lateris
445 569 573 599 Pleiadis.
599 568 706 597 Occidit
726 568 876 604 Delphinus
900 569 967 597 hora

184 615 308 645 dimidia.

220 702 290 731 Cum
305 701 403 730 Perseo
423 702 564 730 descendit
580 702 708 730 zodiacus
724 709 739 729 a
758 706 835 738 parte
849 702 933 730 Tauri
949 703 968 729 2

184 748 218 777 ad
233 748 283 781 29;
299 749 431 777 culminat
445 757 459 776 a
475 748 574 776 Leonis
591 748 681 776 media
699 748 715 776 6
726 748 760 775 ad
775 748 892 776 mediam
905 747 967 776 Vir-

184 795 256 830 ginis
280 795 323 822 l0.
338 795 416 823 Prior
432 795 509 831 132
533 794 636 822 occidit
656 794 792 822 borealior
803 794 967 822 anteceden-

185 841 252 868 tium
274 841 302 868 in
314 839 468 876 Gorgonio;
482 841 577 868 ultima
591 848 656 868 vero
673 848 767 868 earum
784 848 843 876 qua
860 845 924 868 sunt
938 841 967 868 in

184 887 281 916 dextro
300 895 380 922 genu.
397 886 554 914 Culminant
575 895 609 914 ex
622 887 684 914 aliis
707 887 794 915 stellis
811 887 889 916 .nitlo
905 887 967 922 qui-

184 932 245 959 dem
260 940 293 960 ea
313 940 374 967 qua:
389 936 431 960 est
450 932 477 959 in
498 936 594 960 ventre
616 931 727 965 Leonis,
749 933 806 960 sive
824 940 968 969 propemo-
982 923 1004 950 Β

185 977 249 1006 dum
266 978 427 1006 semicubito
438 979 507 1006 citra
522 978 700 1006 meridianum
717 979 780 1006 sita.
792 978 858 1006 ltem
870 983 968 1014 quarta

186 1031 280 1053 earum
304 1033 364 1060 qute
386 1029 451 1052 sunt
472 1031 534 1060 post
552 1025 669 1052 lucidam
690 1025 786 1061 Hydri,
806 1026 968 1054 scmicubito

186 1069 243 1099 fere
262 1071 332 1098 citra
356 1071 535 1099 meridianum
561 1071 660 1105 posita.
676 1070 742 1098 [tem
761 1071 856 1098 ultima
875 1078 968 1099 earum

185 1121 247 1148 quae
258 1114 286 1143 in
300 1114 395 1142 carina
409 1118 471 1142 sunt
488 1114 581 1143 Navis.
602 1115 751 1143 Postrema:
766 1116 919 1143 culminant
936 1124 968 1144 ea

185 1167 247 1194 quae
261 1164 304 1188 est
321 1160 349 1188 in
366 1161 452 1188 cauda
468 1160 561 1195 Corvi,
576 1166 603 1189 et
617 1170 677 1197 quae
693 1162 720 1189 in
735 1161 822 1197 ipsius
841 1162 966 1197 pedibus.

186 1204 292 1236 Occidit
304 1205 422 1235 Perseus
436 1207 513 1236 horis
523 1207 551 1240 2,
566 1207 618 1236 20’.

220 1294 287 1322 Cum
303 1294 406 1330 Auriga
423 1294 564 1324 descendit
575 1296 707 1325 zodiacus
719 1304 734 1324 a
746 1296 829 1324 Tauri
844 1299 922 1332 parte
933 1296 969 1324 25

185 1340 220 1369 ad
241 1340 339 1368 Cancri
362 1341 479 1369 mediam
502 1342 536 1374 2;
561 1343 691 1370 culminat
716 1351 733 1370 ιι
749 1342 871 1379 Virginis
894 1343 912 1370 ἓ
934 1343 969 1370 ad

184 1386 330 1416 Chelarum
351 1386 396 1418 22.
412 1386 491 1414 Prior
511 1387 613 1415 occidit
635 1396 697 1424 quae
713 1392 755 1417 est
771 1389 799 1416 in
818 1389 886 1424 pede
901 1390 969 1418 sini-

186 1433 245 1460 stro
257 1438 265 1463 ;
278 1434 432 1466 postremae,
447 1439 507 1466 quae
521 1432 549 1459 in
566 1433 663 1468 capite.
684 1433 842 1462 Culminant
859 1442 874 1462 e
888 1438 969 1463 caete-

184 1476 225 1504 ris
249 1476 346 1509 stellis,
372 1476 452 1504 initio
475 1485 536 1512 qua
563 1483 606 1506 est
633 1479 661 1506 in
687 1480 859 1508 extremitate
876 1481 970 1509 cauda:

186 1519 329 1554 Draconis,
345 1524 372 1549 et
385 1521 575 1550 borealissima
589 1523 721 1557 Coronae;
744 1528 894 1560 postrema,
909 1534 970 1561 quae

1020 293 1074 320 τῶν
1094 295 1122 320 ἐν
1143 295 1175 329 τῇ
1196 293 1273 329 οὐρᾷ,
1290 292 1402 327 ἔσχατος
1414 291 1442 318 δὲ
1457 293 1471 318 6
1489 291 1656 327 βορειότερος
1669 291 1725 317 τῶν
1737 291 1766 316 ὲν
1780 291 1813 324 τῇ

1020 339 1139 375 ἑπομένῃ
1161 338 1323 374 πλευρᾷτοῦ
1347 337 1472 371 Ῥόμόου.
1485 336 1693 372 Μεσουρανοῦσι
1715 336 1743 362 δὲ
1759 336 1814 362 τῶν

1019 385 1119 411 λοιπῶν
1132 384 1253 421 ἀστέρων
1272 383 1375 419 πρῶτοι
1390 383 1439 418 μὲν
1451 383 1465 409 ὅ
1478 391 1507 408 τε
1520 383 1548 408 ἐν
1564 382 1639 418 μέσῳ
1651 381 1691 416 τῷ
1705 381 1812 416 σώματι

1019 431 1065 458 τοῦ
1092 431 1219 467 Περσέως
1241 430 1376 465 λαμπρὸς,
1403 429 1500 465 μικρὸν
1529 428 1737 465 προηγούμενος
1763 426 1811 453 τοῦ

1021 476 1218 518 μεσημξρινοῦ,
1233 476 1281 503 καὶ
1303 476 1318 502 ὁ
1339 475 1470 510 ἑπόμενος
1488 474 1542 501 τῶν
1562 475 1591 501 ἐν
1606 475 1639 509 τῇ
1659 474 1736 509 vwlg
1750 482 1811 499 σια-

1019 524 1076 558 γόνι
1091 522 1137 549 τοῦ
1153 523 1269 558 Κήτους,
1291 521 1387 557 μικρὸν
1408 520 1622 556 ὑπολειπόμενος
1638 519 1686 546 τοῦ
1704 527 1811 554 μεσημ-

1018 568 1120 605 ϐρινοῦ·
1136 568 1244 603 ἔσχατοι
1258 567 1286 594 δὲ
1299 568 1324 593 οἱ
1339 567 1367 593 ἐν
1381 566 1420 602 τῷ
1431 565 1568 602 ἀριστερῷ
1577 566 1671 600 γόνατι
1682 565 1730 591 τοῦ
1740 565 1811 600 Περ-

1019 615 1097 646 σέως,
1114 613 1226 648 καὶτῆς
1249 612 1376 644 Πλειάδος
1403 612 1433 638 τὸ
1459 611 1626 647 βορειότερον
1656 610 1741 646 μέρος
1759 610 1811 644 τῆς

1017 660 1171 696 ἡγουμένης
1198 659 1328 695 πλευρᾶς.
1345 657 1422 685 Δύνει
1447 658 1475 684 δὲ
1490 659 1504 684 6
1522 657 1618 692 Δελφὶς
1631 657 1660 683 ἐν
1671 656 1809 692 ἡμιωρίῳ.

1055 704 1108 732 Τοῦ
1126 705 1154 730 δὲ
1171 703 1298 739 Περσέως
1313 703 1445 736 δύνοντος,
1461 702 1657 737 συγκαταδύνει
1673 702 1723 738 μὲν
1736 701 1811 736 αὐτῷ

1016 752 1030 778 ὀ
1044 750 1173 783 ζωδιακὸς
1185 750 1238 776 ἀπὸ
1249 750 1296 777 τοῦ
1306 749 1412 785 Ταύρου
1431 750 1486 785 μοί.
1497 749 1519 784 β’
1534 749 1586 781 ἓως
1603 749 1711 784 Ταύρου
1721 748 1777 783 μοί.
1787 748 1810 773 6'

1017 796 1065 822 καὶ
1077 795 1110 822 κ’·
1124 797 1286 831 μεσουρανεῖ
1292 795 1322 822 δὲ
1330 795 1383 822 ἀπὸ
1390 795 1502 826 Λέοντος
1514 794 1540 827 ς’
1551 794 1636 830 μέσης
1646 794 1698 825 ἕως
1709 793 1812 829 Παρθέ-

1017 851 1061 869 νου
1076 841 1091 868 ι¹
1101 842 1197 877 μέσης.
1210 842 1265 868 Καὶ
1279 844 1303 867 α’
1319 841 1367 876 μὲν
1379 841 1465 876 ἀστὴρ
1479 841 1550 867 δύνει
1560 840 1614 867 τῶν
1625 841 1654 867 ἐν
1662 840 1702 876 τῷ
1715 841 1812 875 Γοργοπ

1017 887 1066 923 νίῳ
1076 889 1090 915 6
1113 888 1280 924 βορειότερος
1299 887 1352 914 τῶν
1373 887 1540 923 ἡγουμένων,
1551 887 1664 922 ἔσχατος
1676 886 1706 912 δὲ
1717 886 1772 912 τῶν
1781 887 1811 912 ἐν

1017 935 1056 970 τῷ
1067 935 1146 970 δεξιῷ
1158 934 1260 968 γόνατι.
1269 933 1474 970 Μεσουρανοῦσι
1484 933 1512 960 δὲ
1521 933 1575 959 τῶν
1588 933 1676 960 ἄλλων
1687 933 1813 968 ἀστέρων

1018 981 1046 1007 ὲν
1061 981 1131 1016 ἀρχῇ
1151 979 1200 1016 μὲν
1218 980 1232 1007 ὅ
1250 988 1279 1006 τε
1299 981 1328 1007 ὲν
1343 981 1377 1016 τῇ
1396 979 1496 1015 γαστρὶ
1510 979 1557 1006 τοῦ
1567 980 1689 1011 Λέοντος,
1709 978 1750 1014 [ἦ]
1772 979 1813 1010 ὡς

1017 1026 1168 1061 ἡμιπήχιον
1191 1025 1404 1061 ὑπολειπόμενος
1425 1025 1472 1052 τοῦ
1493 1024 1747 1060 μεσημϐρινοῦ,καὶ
1763 1024 1811 1050 τοῦ

1018 1071 1118 1107 ⁴’Υδρου
1131 1071 1146 1096 6
1159 1069 1287 1106 τέταρτος
1299 1070 1353 1096 τῶν
1365 1069 1433 1105 μετὰ
1446 1070 1491 1096 τὸν
1504 1069 1639 1105 λαμπρὸν,
1651 1070 1689 1100 ὡς
1704 1070 1812 1105 ἡμιπή-

1018 1124 1076 1151 χιον
1102 1115 1306 1151 προηγούμενος
1332 1109 1380 1142 τοῦ
1398 1115 1594 1151 μεσημὸρινοῦ,
1613 1116 1658 1142 καὶ
1676 1115 1724 1150 τῆς
1746 1116 1811 1151 Ἀρ·

1017 1162 1083 1196 γοῦς
1094 1163 1108 1188 6
1118 1161 1229 1197 ἔσχατος
1244 1161 1299 1188 τῶν
1311 1162 1341 1188 ὲν
1356 1162 1389 1197 τῇ
1402 1162 1501 1197 τροπῇ
1515 1161 1622 1196 ἔσχατοι
1635 1161 1662 1187 δὲ
1678 1169 1812 1196 μεσουρα-

1018 1206 1109 1234 νοῦσιν
1119 1208 1133 1233 ὅ
1143 1216 1172 1233 τε
1182 1208 1210 1233 ὲν
1222 1208 1254 1242 τῇ
1266 1207 1333 1243 οὐρᾷ
1349 1206 1396 1233 τοῦ
1408 1207 1531 1242 Κόρακος
1542 1207 1612 1233 καὶὸ
1622 1208 1650 1233 έν
1660 1209 1717 1238 τοῖς
1729 1207 1810 1233 ποσὶν

1018 1252 1111 1280 αὑτοῦ.
1129 1252 1206 1279 Δύνει
1227 1252 1255 1279 δὲ
1269 1253 1284 1279 ὁ
1302 1252 1422 1288 Περσεὺς
1435 1254 1464 1279 ὲν
1479 1252 1563 1288 ὥραις
1577 1252 1599 1287 β’
1615 1252 1661 1278 καὶ
1678 1251 1702 1286 γ’
1718 1252 1808 1288 μέρει.

1055 1297 1108 1325 Τυῦ
1127 1297 1155 1324 δὲ
1175 1297 1296 1333 Ἦνιόχου
1315 1297 1448 1330 δύνοντος,
1461 1297 1655 1332 συγκαταδύνει
1673 1299 1722 1333 μὲν
1734 1298 1810 1334 αὐτῷ

1018 1342 1173 1375 ὸζωδιακὺς
1196 1343 1250 1370 ἀπὸ
1269 1343 1375 1379 Ταύρου
1397 1343 1452 1379 μοί.
1465 1342 1489 1377 γ’
1501 1343 1548 1370 καὶ
1565 1342 1588 1369 κ’
1605 1343 1658 1375 ’ἐως
1668 1343 1809 1379 Καρκένοιι

1019 1388 1041 1424 β’
1055 1389 1140 1424 μέσης
1150 1397 1157 1404 ·
1177 1391 1336 1425 μεσουρανεῖ
1349 1389 1377 1415 δὲ
1395 1389 1447 1415 ἀπὸ
1460 1388 1597 1425 Παρθένου
1607 1388 1629 1423 β’
1644 1389 1697 1420 ἕως
1710 1389 1810 1425 Χηλῶν

1020 1434 1042 1470 β’
1056 1435 1103 1462 καὶ
1119 1434 1153 1462 κ’.
1168 1435 1222 1462 Καὶ
1240 1434 1265 1462 α’
1284 1434 1332 1471 μὲν
1349 1435 1435 1471 ἀστὴρ
1450 1435 1523 1462 δύνει
1542 1435 1557 1461 6
1570 1435 1598 1461 ἐν
1616 1434 1655 1470 τῷ
1670 1436 1810 1473 ἀριστερῷ

1019 1480 1090 1512 ποδὶ,
1105 1480 1212 1516 ἔσχατοι
1227 1481 1255 1507 δὲ
1275 1481 1300 1507 οἱ
1318 1481 1347 1507 ἐν
1365 1482 1398 1516 τῇ
1419 1481 1534 1517 κεφαλῇ.
1556 1481 1762 1516 Μεσουρανοῦσι
1781 1482 1810 1508 δὲ

1019 1526 1073 1554 τῶν
1097 1526 1183 1554 ἄλλων
1198 1527 1318 1562 ἀστέρων
1334 1527 1362 1553 ἐν
1374 1527 1443 1562 ἀρχῇ
1461 1527 1509 1562 μὲν
1525 1527 1571 1554 τοῦ
1586 1528 1737 1563 Δράκοντος
1749 1529 1764 1554 6
1780 1529 1810 1554 έν

187 1566 217 1619 in
231 1566 320 1596 media
335 1571 378 1595 est
396 1568 509 1598 australi
531 1568 624 1598 Chela.
643 1569 752 1598 Occidit
765 1570 866 1606 Auriga
887 1573 966 1607 paulo

1022 1572 1092 1608 ἄκρᾳ
1103 1574 1136 1608 τῇ
1151 1573 1228 1608 οὐρᾷ,
1242 1572 1289 1599 καὶ
1305 1572 1351 1599 τοῦ
1363 1572 1497 1607 Στεφάνου
1509 1574 1524 1599 6
1538 1572 1718 1607 βορειότατος,
1730 1573 1811 1610 ἔσχα-

186 1612 250 1650 plns
265 1613 341 1643 horis
355 1613 382 1644 5,

223 1702 359 1731 Hactenus
369 1703 402 1732 de
412 1705 538 1734 omnibus
546 1706 651 1750 sodiaci
664 1707 863 1736 borealioribus
873 1709 969 1744 imagi-

187 1748 278 1779 nibus.
295 1748 413 1778 Czeteras
429 1751 500 1779 libro
513 1748 644 1787 seuuente
655 1753 812 1786 reddemus.
830 1755 857 1782 id
875 1755 970 1784 obser—

186 1799 293 1828 vantes.
310 1799 340 1824 ut
353 1804 388 1824 ne
397 1796 502 1831 justum
515 1798 626 1826 modum
642 1798 695 1826 iste
709 1799 777 1827 liber
790 1800 915 1828 excedat.

188 1897 265 1928 Finis
295 1898 367 1936 libri
386 1900 494 1936 secundi
522 1899 729 1936 Euarrationum
759 1900 906 1936 Hipparchi
935 1903 969 1930 ad

349 1934 428 1966 Arati
442 1939 468 1963 et
481 1935 589 1964 Eudoxi
607 1936 795 1965 Phamomena.

1020 1626 1066 1649 τος
1077 1617 1105 1643 δὲ
1118 1618 1132 1643 6
1146 1618 1175 1643 ἐν
1192 1617 1262 1654 μέσῃ
1276 1618 1308 1653 τῇ
1327 1617 1402 1653 νοτία
1416 1617 1503 1653 Χηλῇ.
1519 1617 1597 1644 Δύνει
1613 1617 1642 1644 δὲ
1656 1618 1670 1644 6
1687 1618 1810 1654 Ἡνίοχος

1024 1663 1113 1698 μικρῷ
1127 1663 1218 1690 πλεῖον
1234 1663 1251 1699 ἢ
1271 1662 1355 1699 ὥραις
1370 1666 1404 1698 γ’.

1056 1709 1205 1745 Εξρηκότες
1223 1710 1255 1745 δὴ
1277 1710 1342 1746 περὶ
1365 1710 1474 1737 πάντων
1497 1710 1550 1737 τῶν
1568 1711 1748 1747 βορειωέρων
1762 1711 1809 1738 τοῦ

1023 1755 1153 1787 ζωδιακοῦ
1176 1756 1292 1792 ἄστρων,
1319 1757 1383 1792 περὶ
1406 1757 1460 1783 τῶν
1476 1757 1576 1784 λοιπῶν
1590 1758 1619 1784 έν
1635 1757 1675 1793 τῷ
1689 1758 1810 1794 ἐχομένῳ

1023 1802 1208 1838 ἀποδώσομεν,
1230 1803 1420 1838 στοχαζόμενοι
1436 1802 1487 1839 τῆς
1502 1803 1675 1840 συμμετρίας
1687 1804 1736 1831 τοῦ
1749 1813 1810 1831 συν-

1023 1847 1172 1883 τάγματος.

1026 1903 1115 1937 Τέλος
1137 1904 1302 1939 Ἱππάρχου
1315 1905 1375 1932 τῶν
1391 1905 1512 1940 Ἀράτου
1531 1907 1580 1933 καὶ
1595 1907 1734 1940 Εὐδόξου
1744 1910 1810 1936 Φαι-

1183 1940 1317 1975 νομένων
1340 1940 1532 1976 Ἐξηγ-ήσεων
1545 1942 1597 1969 τοῦ
1612 1941 1654 1974 β’.

193 2007 1799 2028 _—-———-———_——__——

787 2072 1190 2132 ΙΠΠΑΡΧΟΥ

499 2179 577 2213 ,ῙὩΝ
589 2180 735 2207 ΑΡΔΤΟΥ
748 2179 812 2207 ΚΑΙ
825 2177 995 2205 ΕΥΔΟΞΟΥ
1011 2179 1254 2208 ΦΑΙΝΟΜΕΝΩΝ
1270 2181 1487 2214 ΕΞΗΓΗΣΕΩΝ

841 2248 1059 2292 ΒΙΒΛΙΟΝ
1095 2245 1149 2294 Γ’.

803 2387 1192 2446 HIPPARCHI

499 2497 797 2527 ENARRATIONUM
812 2499 861 2526 AD
880 2498 992 2533 ARATI
1006 2498 1052 2526 ET
1067 2498 1212 2527 EUDOXI
1228 2497 1480 2528 PII/ENOMENA

740 2575 922 2624 LIBER
968 2574 1245 2621 TERTIUS.

988 2663 1022 2671 .—

223 2707 329 2744 1331.
338 2707 484 2744 Superiora
492 2708 572 2741 libro,
581 2707 721 2741 Eschrio,
731 2707 766 2736 de
772 2708 966 2736 borealioribus

1059 2707 1098 2733 A'.
1118 2706 1325 2742 Προειρηκότες,
1340 2703 1363 2732 ὦ
1374 2707 1520 2741 Αἰσχρίων,
1540 2708 1569 2734 ὲν
1585 2707 1624 2743 τῷ
1639 2707 1696 2743 πρὸ
1714 2710 1808 2736 τούτου

187 2753 300 2783 zodiaco
316 2753 420 2781 circulo
437 2753 603 2789 imaginibus
617 2753 737 2781 diximus
748 2773 757 2787 ,
773 2761 892 2788 quonam
909 2761 966 2781 cum

1022 2753 1191 2788 συντάγματι
1197 2761 1229 2779 πε
1234 2752 1261 2787 pl.
1267 2752 1320 2778 τῶν
1328 2752 1504 2788 βορειοτέρων
1511 2752 1617 2788 ἄστρων
1623 2753 1670 2780 τοῦ
1678 2753 1807 2785 ζωδιακοῦ

186 2797 266 2831 signo
278 2797 312 2825 de
324 2797 469 2827 duodecim
484 2799 609 2826 oriantur
620 2802 648 2826 et
660 2798 787 2829 occidant
800 2807 807 2831 ;
824 2803 881 2826 tum
898 2799 966 2834 quod

1022 2801 1120 2828 κύκλου
1132 2821 1139 2832 ,
1154 2800 1206 2826 τίνι
1220 2808 1250 2826 τε
1271 2799 1358 2834 ζωδίῳ
1377 2799 1433 2825 τῶν
1450 2799 1482 2834 ιβ’
1496 2800 1611 2826 ’ἑκαστον
1635 2800 1727 2826 αὐτῶν
1748 2809 1806 2827 «ειύν⁴

186 2841 296 2876 signum
313 2842 419 2870 oriente
436 2843 575 2878 qualibet,
591 2843 634 2871 vel
652 2843 853 2876 descendente,
873 2844 971 2872 culmi-

187 2889 253 2922 nat;
272 2895 396 2924 quaenam
415 2888 475 2928 ipso
493 2893 589 2924 ortus,
605 2890 647 2919 vel
666 2897 781 2919 occasus
807 2889 903 2926 initio,
924 2895 970 2918 aut

1020 2845 1159 2873 ανατέλλει
1178 2845 1225 2872 καὶ
1243 2844 1453 2878 συγκαταδύνει,
1471 2845 1517 2871 καὶ
1533 2845 1558 2871 τί
1573 2845 1678 2877 ζώδιον,
1695 2846 1805 2872 ἀνατέλ-

1020 2891 1112 2924 λοντος
1124 2890 1206 2918 αὑτοῦ
1219 2889 1236 2925 ἢ
1250 2889 1374 2922 δύνοντος
1386 2891 1582 2926 ,ιμεσουρανεί,
1600 2891 1648 2918 καὶ
1665 2891 1739 2922 τινες
1754 2891 1803 2918 τῶν
