1923 3137
138 163 215 191 1109

641 165 826 195 HlPPARCHl
846 168 891 195 AD
911 167 1134 196 PILENOMENA
1150 169 1214 196 LIB.
1235 169 1279 197 Ill.

1705 177 1772 205 mo

137 220 274 247 ἀπλανῶν
298 220 421 257 ἀστέρων
446 221 491 248 ἐπὶ
516 221 563 248 τοῦ
590 224 776 260 μεσημϐρινοῦ
804 225 932 260 γίνονται1

988 234 1085 254 rursus
1104 226 1264 258 occidente,
1288 226 1474 256 inerrantibus
1500 236 1515 256 e
1538 230 1626 258 stellis
1652 232 1770 260 medium

137 267 298 302 ἀρχομένου
312 275 342 293 τε
363 266 446 294 αὑτοῦ
463 268 618 295 ἀνατέλλειν
634 269 650 305 ἢ
671 271 775 304 δύνειν,
792 272 839 298 καὶ
854 271 934 298 πάλιν

137 312 267 345 δύνοντος
279 321 286 328 ⁸
303 313 343 340 ἔτι
361 314 384 340 δ’
401 314 430 340 ὲν
452 314 548 346 πόσαις
573 315 743 351 ίσημεριναϊς
763 317 848 352 ὥραις
867 317 934 345 ἕκα-

139 366 206 390 στος
218 358 371 390 ἀνατέλλει,
387 359 403 394 ἢ
421 359 510 385 δύνει·
532 359 581 386 νῦν
601 361 794 398 ὑπογράψομεν
811 363 846 389 τὰ
864 363 934 390 αὐτὰ

138 405 208 439 περὶ
221 404 335 431 ἑκάστου
352 404 404 431 τῶν
424 406 590 442 νοτιωτέρων
602 407 650 434 τοῦ
666 408 798 440 ζωδιακοῦ
814 409 932 445 ἄστρων,

138 451 191 477 καὶ
207 451 296 478 αὐτῶν
310 451 364 478 τῶν
381 450 414 486 ιβ’
428 452 541 484 ξωδίων.

177 497 239 523 Τῶν
264 497 312 532 μὲν
338 495 385 524 οὖν
407 497 574 533 νοτιωτέρων
592 498 637 524 τοῦ
663 498 794 530 ζωδιακοῦ
818 501 931 535 κύκλου,

138 541 207 568 ὅταν
225 542 274 577 μὲν
287 543 302 568 6
318 542 418 577 Ὗδρος
432 543 573 579 ἀνατέλλῃ,
590 545 777 572 συνανατέλλει
795 547 843 582 μὲν
859 547 933 583 αύτῷ

138 588 155 613 6
170 586 303 619 ζωδιακὸς
318 587 372 614 ἀπὸ
388 588 525 623 Καρκίνου
545 588 600 624 μοί.
623 589 654 616 ιϐ’
670 590 756 626 μέσης
770 591 822 623 ἕως
835 593 932 628 Χηλῶν

140 638 182 667 ις’
201 635 302 670 μέσης·
321 637 482 672 μεσουρανεῖ
502 636 531 663 δὲ
551 637 604 664 ἀπὸ
626 637 711 673 Κριοῦ
732 638 786 674 μοί.
807 642 831 673 γ’
847 640 933 676 μέσης

139 680 196 712 ἕως
209 681 346 716 Καρκίνου
364 684 411 716 ιη’.
429 681 484 708 Καὶ
499 684 523 708 α’
539 682 587 717 μὲν
607 683 693 719 ἀστὴρ
707 683 847 710 ἀνατέλλει
862 685 876 710 6
888 683 933 718 βο-

140 727 281 762 ρειότερος
296 728 350 754 τῶν
364 728 392 754 ὲν
407 728 444 764 τῷ
461 727 591 763 χάσματι,
609 728 722 764 ἔσχατος
737 729 766 755 δὲ
783 731 796 756 6
813 731 841 756 ὲν
859 730 932 766 ἄκρᾳ

138 774 176 809 τῇ
193 773 270 809 οὐρᾷ.
293 774 463 809 Μεσουρανεῖ
480 774 508 801 δὲ
527 775 614 810 ἀστὴρ
631 778 655 801 α’
670 775 718 810 μὲν
739 775 787 802 τοῦ
811 784 840 802 τε
860 777 932 812 Περ-

140 819 213 850 σέως
223 819 236 846 6
250 821 278 846 ἐν
289 821 322 855 τῇ
336 820 430 857 Ἃρπῃ
440 820 621 856 νεφελοειδὴς,
636 821 682 847 καὶ
695 822 708 847 6
720 820 865 856 σύνδεσμος
878 821 932 849 τῶν

146 865 312 900 Ὶχθύων,ὡς
327 866 476 902 ἡμιπήχιον
498 867 711 902 ὑπολειπόμενος
732 867 786 894 τῶν
800 868 829 894 ὲν
840 868 872 903 τῇ
885 875 931 894 κε-

986 272 1085 298 coelum
1103 275 1219 306 occupet
1233 280 1240 298 :
1260 271 1294 298 ad
1311 271 1369 298 haec
1386 276 1452 307 quot
1469 274 1702 309 aequinoctialium
1720 276 1779 309 ho-f

984 326 1077 345 rarum
1099 319 1188 353 spatio
1207 319 1321 354 singulm
1340 323 1417 347 ortus
1437 328 1503 348 suos
1530 329 1700 357 occasusque
1730 318 1779 358 [ιι-ξ

984 364 1069 391 ciant.
1089 363 1161 391 Idem
1179 372 1252 392 nunc
1277 365 1310 392 de
1336 366 1548 395 australiorihus
1571 368 1683 395 zodiaco
1708 369 1770 396 cceli

983 410 1258 443 constellationibus,
1290 418 1322 438 ac
1351 411 1385 439 de
1417 412 1484 447 ipsis
1511 413 1653 441 duodecim
1685 416 1771 451 signis

984 455 1104 483 scribere
1123 455 1309 484 instituemus.

1018 501 1057 528 Ex
1075 501 1108 529 iis
1125 502 1208 537 igitur
1230 503 1402 537 asterismis,
1426 505 1472 539 qui
1500 506 1679 535 australiores
1704 512 1769 535 sunt

983 548 1097 574 zodiaco
1113 548 1234 581 circulo,
1252 548 1344 584 Hydro
1365 554 1509 585 surgente.
1528 552 1656 580 zodiacus
1672 561 1768 581 ascen-

983 593 1022 621 dit
1037 601 1052 621 a
1069 593 1168 621 Cancri
1184 595 1216 623 19
1233 595 1321 623 media
1339 601 1433 630 parte,
1449 597 1482 624 ad
1501 599 1617 626 mediam
1642 600 1675 627 16
1698 601 1769 628 Che-

983 640 1088 674 larum;
1103 641 1234 668 culminat
1251 642 1284 669 ab
1300 643 1402 671 Arietis
1420 645 1508 671 media
1525 645 1542 672 5
1557 645 1590 672 ad
1609 645 1707 673 Cancri
1723 647 1767 674 18.

982 685 1073 713 Prima
1092 687 1180 714 oritur
1196 688 1274 715 stella
1298 688 1435 717 borcalior
1454 697 1547 717 earum
1568 699 1628 726 qum
1648 693 1675 719 in
1696 693 1768 721 rictu

983 736 1066 765 sunt;
1081 732 1174 760 ultima
1184 754 1191 766 ,
1208 741 1268 768 quae
1282 734 1308 761 in
1322 735 1494 763 extremitate
1509 737 1612 764 caudae.
1629 737 1768 765 Culminat

983 778 1058 813 prior
1082 786 1143 814 qua:
1161 778 1190 806 in
1209 779 1301 807 Persei
1320 785 1364 808 est
1378 780 1468 816 Harpe
1482 782 1588 809 nebula:
1603 783 1722 816 similis;
1740 788 1767 812 et

982 825 1071 853 nodus
1093 825 1231 859 Piscium,
1254 828 1416 855 semicubito
1438 828 1547 856 circiter
1568 829 1673 857 distans
1694 838 1709 857 a
1726 830 1768 857 lu-

983 871 1052 898 cidis
1067 871 1153 899 tribus
1165 872 1263 907 capitis
1275 873 1390 907 Cancri;
1404 874 1567 901 seu‘ticubito
1579 883 1688 910 quoque
1700 876 1766 903 citra

140 911 214 946 φαλῇ
229 911 275 938 τοῦ
290 911 428 947 Καρκίνου
445 912 579 948 λαμπρῶν
594 916 629 947 γ’,
647 912 685 944 ὡς
697 913 847 948 ἡμιπήχιον
867 913 932 938 ὐπο-

987 917 1164 945 meridianum
1190 919 1287 954 posita.
1316 918 1416 946 Ultima
1440 921 1590 954 culminat,
1619 922 1770 950 australicr

139 955 302 992 λειπόμενος
316 956 363 983 τοῦ
381 957 568 993 μεσημϐρινοῦ
584 966 590 973 ’
605 958 718 993 ἔσχατος
730 958 757 984 δὲ
773 960 933 994 μεσουρανεῖ

139 1001 190 1028 τοῦ
208 1010 238 1028 τε
257 1002 370 1034 Λέοντος
393 1003 407 1030 6
427 1002 586 1039 νοτιώτερος
605 1003 659 1030 τῶν
675 1004 835 1039 ἡγουμένων
849 1005 878 1031 ἐν
898 1005 932 1040 τῇ

140 1047 247 1084 κεφαλῇ
260 1067 268 1080 ,
283 1047 330 1074 καὶ
346 1047 396 1083 τῆς
415 1049 528 1084 Ἀργοῦς
541 1049 555 1075 6
568 1049 726 1085 νοτιώτερος
739 1049 794 1076 τῶν
808 1050 836 1076 ὲν
858 1049 933 1085 μέσῳ

138 1093 181 1129 τῷ
202 1092 276 1129 ίστῷ.
297 1093 448 1120 Ἀνατέλλει
471 1095 500 1121 δὲ
520 1095 643 1131 ὁὝδρος
662 1095 691 1122 ὲν
705 1094 789 1131 ὥραις
803 1095 826 1128 ζ’
840 1095 887 1122 καὶ
903 1103 932 1121 ιε’

141 1138 234 1176 μέρει.

180 1185 264 1211 Ὅταν
287 1184 315 1212 δὲ
331 1185 345 1211 6
362 1185 477 1222 Κρατὴρ
499 1185 632 1222 ἀνατέλλῃ
644 1206 651 1219 ,
668 1187 856 1214 συνανατέλλει
883 1187 933 1223 μὲν

140 1230 216 1266 αὐτῷ
236 1232 250 1257 6
267 1231 398 1263 ζωδιακὸς
421 1231 475 1258 ἀπὸ
495 1231 608 1264 Λέοντος
630 1232 685 1268 μοί.
704 1233 726 1265 ζ’
743 1234 789 1260 καὶ
805 1236 829 1260 κ’
846 1233 932 1270 μέσης

139 1277 194 1308 ἓως
216 1277 354 1313 Παρθένου
380 1278 435 1314 μοί.
463 1282 496 1305 ια’
522 1278 623 1315 μέσης·
645 1281 807 1315 μεσουρανεῖ
827 1280 856 1307 δὲ
878 1280 932 1307 ἀπὸ

139 1323 250 1360 Ταύρου
266 1327 289 1351 α’
305 1325 352 1351 καὶ
366 1328 391 1351 κ’
414 1324 499 1360 μέσης
510 1325 562 1357 ἕως
578 1326 701 1361 Διδύμων
717 1326 813 1361 μέσης.
836 1326 891 1352 Καὶ
907 1329 932 1353 α’

143 1369 193 1405 μὲν
212 1369 298 1406 ἀστὴρ
315 1371 455 1398 ἀνατέλλει
472 1372 486 1397 6
502 1371 670 1407 βορειότερος
686 1371 741 1398 τῶν
758 1372 786 1398 ὲν
803 1373 836 1407 τῇ
855 1372 933 1407 βάσει

139 1417 174 1447 δ’,
192 1416 304 1452 ἔσχατος
320 1416 348 1444 δὲ
361 1419 376 1444 6
387 1417 547 1450 νοτιώτατος
561 1418 614 1444 τῶν
627 1419 656 1445 ὲν
665 1418 704 1454 τῷ
715 1419 800 1455 Κήτει
813 1421 839 1451 ς’
854 1419 933 1446 ἀστέ-

143 1472 209 1498 ρων.
228 1464 432 1500 Μεσουρανοῧσι
447 1465 475 1491 δὲ
489 1465 592 1502 πρῶτοι
608 1465 656 1501 μὲν
677 1466 791 1502 ἀστέρες
809 1467 834 1492 οἰ
853 1466 882 1492 ὲν
898 1467 931 1502 τῇ

141 1508 248 1545 κεφαλῇ
262 1510 309 1536 τοῦ
327 1510 449 1546 Ἦνιόχου
467 1512 536 1538 κατὰ
556 1511 587 1538 τὸ
602 1512 683 1547 μέσον
697 1512 761 1538 αὐτὸ
773 1513 806 1545 ³ο,
824 1512 931 1547 ἔσχατοι

140 1555 172 1582 δὲ
188 1555 241 1582 τῶν
252 1565 282 1582 τε
294 1556 417 1592 Διδύμων
431 1558 445 1584 6
467 1558 488 1585 δ’
504 1558 558 1584 ἀπὸ
573 1558 674 1590 δύσεως
690 1558 745 1586 τῶν
763 1560 791 1586 ὲν
801 1560 857 1591 τοῖς
869 1559 932 1586 ποσὶ

983 963 1195 998 praecedentium
1220 965 1247 991 in
1273 965 1362 999 capite
1384 964 1504 993 Leonis:
1530 967 1677 995 australior
1702 968 1766 995 ilen‘

983 1015 1078 1035 earum
1096 1017 1158 1044 qua:
1176 1010 1203 1037 in
1224 1010 1296 1038 malo
1310 1011 1400 1038 medio
1416 1015 1479 1039 sunt
1495 1011 1587 1040 Navis.
1603 1013 1696 1041 Oritur
1710 1013 1768 1049 Hy-

982 1053 1048 1082 drus
1066 1055 1142 1083 horis
1157 1060 1260 1092 septem
1271 1076 1279 1090 ,
1296 1060 1324 1084 et
1340 1062 1416 1093 parte
1434 1057 1510 1086 horae
1525 1059 1569 1087 15.

1018 1185 1129 1214 Oriente
1140 1187 1252 1216 Cratere
1266 1189 1395 1218 zodiacus
1409 1190 1527 1226 assurgit
1539 1198 1553 1217 a
1567 1191 1666 1219 Leonis
1679 1191 1770 1218 media

982 1237 1059 1267 parte
1075 1233 1110 1259 27
1127 1241 1215 1269 usque
1234 1235 1267 1262 ad
1286 1235 1407 1271 Virginis
1426 1237 1545 1264 mediam
1565 1238 1616 1271 11;
1637 1238 1769 1265 culmina:

983 1284 998 1304 ιι
1011 1281 1089 1311 parte
1101 1277 1183 1305 Tauri
1198 1279 1286 1306 media
1299 1279 1331 1306 21
1348 1280 1382 1307 ad
1396 1281 1513 1320 mediam
1527 1301 1533 1308 .
1546 1301 1552 1308 .
1563 1281 1767 1310 .Geminorum.

982 1321 1062 1349 Prior
1077 1323 1165 1350 oritur
1179 1324 1316 1352 borealior
1332 1325 1366 1353 de
1383 1329 1501 1362 quatuor
1515 1327 1543 1362 in
1558 1327 1637 1361 basi;
1655 1327 1749 1354 ultima
1759 1347 1767 1361 ,

982 1376 1042 1403 quae
1061 1373 1104 1396 est
1123 1369 1254 1397 australis
1273 1371 1392 1398 maxime
1411 1378 1460 1398 sex
1477 1371 1506 1398 in
1525 1370 1594 1400 Ceto
1614 1373 1764 1400 stellarum.

983 1413 1144 1442 Culminant
1163 1416 1276 1450 priores-
1288 1424 1327 1444 ωε
1345 1417 1446 1451 stellae,
1467 1424 1528 1452 quae
1547 1421 1612 1445 sunt
1631 1418 1660 1445 iu
1679 1418 1768 1453 capite

982 1461 1105 1497 Aurigae,
1122 1463 1195 1490 circa
1210 1465 1329 1492 medium
1346 1465 1434 1501 ipsum
1452 1475 1459 1493 :
1479 1465 1648 1498 novissimae,
1667 1468 1767 1500 quarta

983 1507 1018 1534 ab
1034 1515 1132 1535 occasu
1148 1509 1183 1536 de
1197 1514 1314 1545 quatuor
1330 1519 1392 1546 quae
1410 1515 1474 1539 sunt
1494 1511 1523 1538 in
1543 1511 1658 1546 pedibus
1676 1511 1767 1538 Gemi-

984 1567 1082 1587 norum
1092 1580 1100 1592 ,
1116 1564 1143 1588 et
1156 1558 1247 1586 lucida
1262 1565 1361 1585 carens
1375 1558 1502 1590 nomine,
1519 1557 1617 1593 Lepori
1632 1557 1764 1593 subjecta.

140 1601 173 1634 ε,
188 1603 235 1629 καὶ
246 1603 260 1629 6
275 1603 328 1629 ὑπὸ
342 1603 388 1629 τὸν
402 1604 500 1638 Λαγὼν
516 1604 641 1641 λαμπρὸς
659 1605 746 1642 ἀστὴρ
760 1605 930 1641 ἀκατονόμα-

987 1605 1075 1634 Oritur
1088 1606 1183 1634 Crater
1195 1605 1261 1632 hora
1276 1605 1289 1632 1
1302 1624 1308 1638 ,
1327 1603 1377 1632 15’.

141 1656 214 1680 στος.
236 1648 386 1676 Ἀνατέλλει
403 1649 431 1676 δὲ
447 1651 461 1677 6
475 1650 589 1687 Κρατὴρ
602 1651 630 1678 ἐν
645 1651 704 1686 ὥρᾳ
714 1654 737 1677 α’
747 1651 794 1678 καὶ
805 1651 825 1677 δ’
840 1651 928 1687 μέρει.

177 1694 215 1720 Β’.
239 1695 323 1722 Ὅταν
337 1695 365 1722 δὲ
379 1697 393 1722 6
406 1696 499 1731 Κόραξ
513 1697 663 1734 ἀνατέλλῃ,
678 1698 865 1725 συνανατέλλει
881 1697 931 1734 μὲν

141 1739 217 1775 αὐτῷ
233 1742 247 1768 6
262 1740 394 1773 ζωδιακὸς
407 1742 460 1769 ἀπὸ
472 1742 609 1779 Παρθένου
627 1743 683 1778 μοί,
705 1747 742 1776 ις’
754 1743 806 1776 ἕως
827 1743 932 1780 Παρθέ-

141 1794 188 1813 νου
206 1785 259 1821 μοί.
274 1790 299 1822 γ’
319 1787 368 1814 καὶ
382 1791 406 1814 κ’
420 1795 426 1803 ·
446 1790 608 1824 μεσουρανεῖ
622 1789 650 1815 δὲ
665 1789 718 1815 ἀπὸ
737 1789 860 1825 Διδύμων
875 1789 931 1825 μοί.

142 1833 176 1859 ιδ’
189 1832 240 1864 ἔως
252 1832 376 1869 Διδύμων
391 1834 444 1869 μοί.
457 1833 480 1869 β’
489 1834 537 1860 καὶ
548 1837 581 1861 κ’.
598 1835 653 1861 Καὶ
663 1835 771 1870 πρῶτος
784 1836 832 1871 μὲν
845 1836 931 1872 ἀστὴρ

140 1877 282 1904 ἀνατέλλει
308 1879 323 1905 6
346 1879 392 1906 ἐπὶ
407 1879 457 1914 τῆς
479 1879 578 1915 ὀσφύος
591 1900 598 1912 ,
615 1879 726 1915 ἔσχατος
744 1881 772 1907 δὲ
795 1882 809 1908 6
825 1882 854 1908 ὲν
876 1883 932 1914 τοῖς

141 1923 216 1950 ποσί.
235 1925 405 1961 Μεσουρανεῖ
424 1925 452 1952 δὲ
468 1929 492 1952 a'
513 1925 562 1961 μὲν
579 1927 593 1953 6
609 1927 638 1953 ἐν
654 1927 686 1962 τῇ
703 1926 841 1962 ἡγουμένῃ
859 1927 931 1963 χειρὶ

140 1969 190 1996 τοῦ
203 1970 355 2006 ἡγουμένου
369 1970 496 2007 Διδύμου,
517 1971 564 1998 καὶ
583 1972 596 1997 6
615 1971 701 2004 δεξιὸς
718 1971 786 2002 ποῦς
804 1972 850 1998 τοῦ
872 1972 933 1998 ἔτιο-

143 2016 227 2051 μένου
242 2016 368 2052 Διδύμου,
384 2016 494 2052 ἔσχατοι
516 2016 544 2043 δὲ
556 2016 610 2044 τῶν
625 2025 655 2043 τε
670 2016 792 2052 Διδύμων
809 2017 822 2043 6
838 2020 862 2052 γ’
877 2017 932 2044 ἀπὸ

140 2061 245 2093 δύσεως
258 2062 314 2088 τῶν
329 2063 359 2088 ὲν
379 2064 436 2093 τοῖς
457 2061 553 2097 ὤμοις,
578 2061 624 2088 καὶ
648 2061 695 2088 τοῦ
715 2061 803 2093 Κυνὸς
816 2063 829 2088 6
850 2062 879 2088 ὲν
897 2063 930 2097 τῇ

141 2107 257 2143 ἑκφύσει
289 2108 344 2135 τῶν
360 2108 535 2144 ἐμπροσθίων
559 2107 660 2143 μερῶν,
685 2107 782 2143 μικρὸν
806 2107 1019 2144 ὑπολειπόμενος
1040 2110 1087 2136 τοῦ
1116 2110 1315 2147 μεσημϐρινοῦ.

140 2156 216 2192 ’τρια-λ⁸
230 2156 448 2192 πεμπτημορίοις
461 2160 483 2182 α’
499 2156 583 2192 ὥρας.

180 2204 264 2230 Ὅταν
280 2203 308 2230 δὲ
319 2203 333 2229 6
350 2203 504 2239 Κένταυρος
518 2203 660 2239 ἀνατέλλῃ,
677 2203 866 2230 συνανατέλλει
885 2203 934 2239 μὲν

1018 1697 1051 1724 ll.
1071 1696 1182 1724 Oriente
1196 1696 1300 1728 Corvo.
1316 1695 1419 1723 zodiaci
1437 1702 1517 1722 arcus
1531 1694 1664 1722 attollitur
1678 1702 1692 1721 a
1706 1693 1769 1721 Vir-

983 1743 1054 1779 ginis
1070 1743 1104 1770 16
1124 1743 1157 1770 ad
1174 1743 1224 1776 εἴη
1240 1742 1372 1770 culminat
1386 1749 1401 1769 a
1416 1741 1592 1769 Geminorum
1613 1741 1646 1768 M
1669 1741 1703 1768 ad
1721 1741 1767 1767 22.

984 1789 1064 1816 Prior
1077 1789 1165 1816 oritur
1178 1789 1256 1816 stella
1266 1809 1273 1821 ,
1287 1796 1348 1824 qua:
1359 1791 1401 1816 est
1414 1788 1442 1815 in
1453 1787 1551 1815 lumbis
1561 1808 1568 1821 ,
1581 1787 1677 1814 ultima
1687 1806 1696 1820 ,
1710 1794 1769 1822 qua:

985 1838 1027 1863 est
1044 1835 1072 1861 in
1089 1835 1215 1870 pedibus.
1232 1834 1372 1862 Culminat
1388 1834 1476 1870 prima
1491 1841 1551 1868 quae
1565 1837 1608 1861 est
1623 1833 1652 1861 in
1668 1840 1771 1868 praece-

984 1881 1065 1909 dente
1089 1889 1170 1909 manu
1200 1881 1379 1917 praecedentis
1405 1880 1532 1913 Gemini;
1561 1884 1587 1907 et
1607 1887 1654 1915 pes
1673 1880 1770 1906 dexter

984 1926 1157 1954 succedentis
1171 1935 1178 1960 ;
1192 1931 1351 1961 postremae,
1365 1926 1491 1954 tertia‘ab
1503 1933 1602 1953 occasu
1614 1934 1646 1953 ex
1661 1925 1695 1952 iis
1709 1933 1769 1959 quae

984 1976 1048 2000 sunt
1064 1972 1091 1999 in
1104 1972 1279 2000 Geminorum
1306 1973 1438 2005 humeris,
1454 1976 1480 2000 et
1493 1980 1554 2008 quae
1570 1971 1598 1998 in
1612 1971 1703 1999 radice
1720 1978 1770 1998 an-

983 2018 1114 2046 teriorum
1138 2019 1257 2053 partium
1276 2018 1359 2046 Canis
1370 2038 1377 2050 ,
1398 2019 1538 2053 paululum
1554 2018 1623 2045 citra
1637 2016 1768 2045 meridia-

983 2071 1048 2091 num
1066 2065 1166 2100 posita.
1183 2064 1277 2092 Oritur
1291 2064 1396 2092 Corvus
1412 2065 1478 2092 hora
1495 2064 1529 2097 0,
1546 2063 1597 2092 56'.

1356 2110 1506 2136 Ἀνατέλλει
1535 2110 1562 2136 δὲ
1581 2111 1595 2136 6
1616 2108 1708 2145 Κόραξ
1741 2109 1770 2136 ἐν

1024 2202 1092 2230 Cum
1116 2202 1253 2229 Centauro
1279 2202 1407 2230 zodiacus
1432 2201 1521 2229 oritur
1544 2210 1559 2229 a
1582 2206 1659 2237 parte
1673 2202 1770 2230 Chela—

141 2249 217 2285 αὐτῷ
243 2250 257 2275 6
280 2249 411 2281 ζωδιακὸς
434 2249 488 2275 ἀπὺ
512 2248 609 2284 Χηλῶν
630 2248 685 2284 μοι.
702 2251 716 2275 ι’
741 2249 793 2281 ἕως
818 2247 932 2281 Τοξότου

987 2257 1044 2276 rum
1061 2249 1094 2275 10
1107 2248 1140 2275 ad
1156 2248 1294 2283 Sagittarii
1309 2248 1485 2281 4;οιι1η]ἱῃιιι
1501 2256 1516 2274 a
1530 2253 1607 2282 parte
1621 2248 1720 2276 Cancri
1737 2249 1770 2276 12

144 2296 199 2332 μοί.
215 2296 246 2322 δ’·
261 2297 423 2332 μεσουρανεϊ
438 2295 466 2322 δὲ
483 2295 538 2322 ἀπὸ
559 2295 697 2330 Καρκίνου
718 2295 751 2330 ιβ’
765 2295 817 2326 ἔως
832 2294 934 2330 Παρθέ-

140 2350 188 2369 νου
207 2341 238 2374 ιζ¹
255 2341 350 2377 μέσης.
368 2342 424 2369 Καὶ
442 2345 466 2368 α’
485 2341 533 2377 μὲν
548 2341 635 2377 ἀστὴρ
660 2341 799 2369 ἀνατέλλει
819 2342 832 2368 6
853 2342 881 2367 ὲν
894 2340 933 2376 τῷ

140 2387 279 2423 ἀριστερῷ
295 2387 373 2423 ὤμῳ,
394 2387 507 2422 ἔσχατος
528 2387 556 2414 δὲ
574 2389 588 2414 6
604 2387 736 2423 ἑπόμενος
750 2386 804 2413 τῶν
827 2387 932 2421 ἐμπρο-

142 2433 225 2460 σθίων
241 2433 338 2460 ποδῶν.
350 2434 520 2469 Μεσουρανεϊ
532 2433 560 2459 δὲ
573 2436 596 2459 α’
611 2433 659 2469 μὲν
670 2433 756 2468 ἀστὴρ
769 2432 819 2467 τῆς
833 2441 862 2459 τε
875 2432 934 2467 Ἀρ-

140 2478 208 2512 γοῦς
227 2479 241 2505 6
264 2478 318 2505 ἀπὸ
337 2478 438 2510 δύσεως
455 2478 510 2504 τῶν
531 2479 559 2505 ἐν
571 2478 610 2514 τῷ
632 2477 845 2513 καταστρώματι
861 2477 932 2513 λαμ-

142 2523 232 2559 πρῶν,
244 2524 291 2550 καὶ
307 2522 354 2550 τοῦ
367 2524 466 2560 ’Ύδρου
485 2523 534 2559 τῆς
553 2524 643 2556 νοτίας
658 2523 781 2558 σιαγόνος
803 2524 817 2549 ὁ
833 2523 932 2558 ἑπόμε-

141 2579 198 2602 νος,
212 2569 325 2605 ἔσχατος
340 2569 367 2596 δὲ
380 2571 394 2596 6
407 2569 605 2605 Προτρυγητὴρ
626 2570 664 2601 ὡς
689 2570 837 2605 ήμιπήχιον
866 2578 931 2605 προ-

140 2616 295 2652 ηγούμενος
316 2615 363 2643 τοῦ
388 2616 585 2652 μεσημϐρινοῦ.
607 2616 757 2643 Ἀνατέλλει
781 2616 809 2642 δὲ
829 2616 842 2642 ὁ
864 2615 932 2643 Κέν-

141 2671 243 2698 ταυρος
256 2663 283 2689 ὲν
298 2661 383 2698 ὥραις
396 2662 416 2688 δ’
431 2662 478 2690 καὶ
490 2665 513 2696 γ’
530 2661 608 2697 μέρει
618 2661 701 2697 ὧρας.

179 2708 232 2735 Τοῦ
249 2708 278 2735 δὲ
293 2709 392 2744 Θηρίου
410 2708 614 2741 ἀνατέλλοντος,
631 2708 645 2734 ὃ
661 2708 717 2743 ἔχει
737 2709 751 2735 6
765 2708 929 2744 Κένταυρος,

141 2754 332 2784 νυναυατέλλει
348 2755 397 2790 μὲν
414 2754 489 2790 αὐτῷ
500 2756 514 2781 6
526 2754 656 2787 ζωδιακὸς
668 2753 721 2781 ἀπὸ
738 2757 761 2788 γ’
776 2753 823 2780 καὶ
836 2757 859 2780 κ’
874 2753 929 2789 μοι.

140 2800 190 2829 τοῦ
207 2800 342 2836 Σκορπίου
358 2800 410 2832 ἕως
425 2801 540 2834 Τοξότου
566 2804 624 2828 κα’-
645 2801 806 2836 μεσουρανεῖ
825 2799 854 2827 δὲ
877 2800 931 2828 ἀπὸ

175 2876 274 2909 ’θἰἰια.
289 2880 376 2910 αὐτοὶ.
390 2879 410 2909 f.
421 2879 512 2908 αὐτοῦ.

984 2294 1018 2322 ad
1035 2294 1151 2322 mediam
1169 2293 1288 2329 Virginis
1301 2295 1345 2322 17.
1361 2294 1452 2321 Prima
1469 2294 1556 2321 oritur
1572 2294 1649 2321 stella
1665 2294 1770 2322 sinistri

984 2342 1108 2373 humeri,
1132 2341 1332 2375 ultimm-vero,
1357 2341 1509 2369 succedens
1533 2341 1701 2368 anteriorum
1723 2349 1772 2376 pe-

983 2389 1059 2416 dum.
1079 2387 1218 2415 Culminat
1242 2387 1331 2422 prima
1352 2387 1430 2415 stella
1449 2395 1510 2422 qua:
1527 2387 1562 2415 ab
1581 2394 1680 2415 occasu
1701 2387 1771 2415 luci-

983 2424 1079 2463 darum
1098 2438 1141 2462 est
1159 2435 1187 2461 in
1208 2434 1275 2462 foris
1295 2434 1400 2470 Argus,
1421 2438 1448 2462 et
1468 2434 1618 2462 succedens
1638 2433 1768 2461 australis

984 2480 1152 2508 mandihula:
1165 2480 1235 2507 Ccti.
1249 2479 1392 2507 Postremo
1406 2479 1593 2507 Vindemiator
1607 2478 1769 2507 semicuhito

985 2526 1143 2562 praecedens
1157 2526 1349 2554 meridianum.
1366 2524 1461 2553 Oritur
1477 2525 1631 2555 Centaurus
1644 2524 1718 2553 horis
1734 2525 1769 2557 4,

982 2578 1009 2601 et
1019 2572 1070 2600 20'.

1024 2707 1104 2744 134
1114 2707 1182 2736 Fera
1193 2728 1200 2741 ,
1214 2715 1295 2743 quam
1307 2707 1461 2735 Centaurus
1478 2710 1569 2737 tenet,
1586 2705 1705 2738 oriente,
1721 2713 1770 2733 zo—

983 2756 1079 2787 diacus
1093 2755 1210 2790 emergit
1223 2762 1237 2781 a
1248 2758 1326 2790 parte
1340 2753 1448 2788 Scorpii
1462 2752 1498 2780 23
1515 2752 1548 2780 ad
1564 2751 1703 2787 Sagittarii
1717 2751 1749 2778 21
1761 2759 1769 2785 ς

984 2802 1115 2830 culminat
1132 2810 1148 2830 a
1163 2801 1283 2837 Virginis
1299 2801 1317 2828 5
1337 2800 1370 2828 ad
1387 2798 1475 2826 Libra
1489 2798 1531 2826 10.
1546 2798 1626 2826 Prior
1639 2797 1726 2826 oritur
1738 2804 1771 2826 ea
