1898 3145
194 144 262 173 HM

698 148 743 175 AD
763 148 898 177 L‘USEBll
917 147 1113 177 CllRONlCON
1132 147 1314 176 APPENDIX.

1758 148 1831 174 Hii

194 211 255 239 quae
266 208 308 232 est
323 204 351 232 in
362 205 538 233 antecedente
551 206 648 241 pedum
663 207 855 241 posteriorum,
869 215 929 243 quae
939 214 973 236 esl

1034 207 1170 242 Παρθένου
1183 210 1207 241 γ’
1221 206 1274 238 ἕως
1288 206 1373 240 Ζυγοῦ
1390 209 1415 232 ι’.
1431 206 1484 232 Καὶ
1504 208 1527 231 α’
1540 205 1589 240 μὲν
1608 205 1699 241 ἀστὴρ
1715 206 1832 232 ἀνατέλ-

195 249 333 277 borealior
357 251 471 278 sitarum
496 250 548 278 sub
572 250 668 278 dextro
693 251 807 280 humero
825 253 976 286 Centauri;

197 295 291 322 ultima
306 303 387 329 vero,
411 296 533 323 omnium
556 297 713 330 australior,
741 303 768 325 et
794 299 822 326 in
848 301 979 328 extremi-

196 347 261 374 tate,
278 349 338 377 quze
352 337 496 370 in‘lumbis
509 347 551 370 est
561 363 568 375 ,
592 343 726 378 subjecta.
740 343 831 371 Prima
845 345 978 372 culminat

194 387 289 420 stella,
316 387 523 415 succedentium
548 396 581 416 ex
607 388 639 416 iis
659 397 720 424 quze
743 394 806 418 sunt
827 390 854 417 in
879 389 978 418 Leonis

194 432 298 467 capite,
325 432 469 465 borealior,
496 437 523 460 et
548 441 608 468 qua:
632 434 660 461 in
684 435 868 463 anterioribus
891 435 977 470 ipsius

193 477 329 512 pedibus;
351 478 446 505 ultima
467 485 532 506 vero
553 478 642 507 lucida
655 498 662 511 ,
684 487 745 514 qua:
765 479 792 507 in
815 480 916 508 lumbis
935 485 977 508 est

193 522 305 557 majoris
320 521 415 551 Ursae:
431 527 458 551 et
474 531 534 559 quae
548 524 576 552 in
590 528 664 553 recto
680 530 722 553 est
738 525 869 561 trianguli
883 526 977 554 ortho-

191 568 264 604 gonii
275 588 282 600 ,
299 568 345 604 qui
363 573 405 596 est
423 569 475 598 sub
490 570 612 598 Cratere.
631 571 723 599 Oritur
737 570 804 599 Fcra
821 571 909 607 spatio
928 572 977 599 ho-

190 621 284 642 rarum
300 614 319 642 2
327 636 335 649 ,
354 615 404 644 ιε’.

228 705 282 733 Ara
296 714 357 734 cum
372 707 472 740 oritur,
484 715 546 735 cum
561 715 593 736 ea
609 707 740 736 zodiacus
754 707 877 736 ascendit
894 716 909 735 a
927 708 976 735 Sa-

193 752 296 786 gittarii
311 757 387 788 parte
401 753 435 780 15
447 753 482 781 ad
495 753 550 788 23;
564 754 696 781 culminat
709 761 725 781 a
739 754 885 782 Chelarum
901 758 977 790 parte

1032 254 1070 280 λει
1085 255 1099 280 6
1121 255 1150 281 ὲν
1161 253 1199 289 τῷ
1213 253 1359 288 ἡγουμένῳ
1374 251 1427 279 τῶν
1447 251 1576 278 ὀπισθίων
1590 251 1679 278 ποδῶν
1691 260 1698 266 ·
1719 251 1780 277 ἐστι
1803 251 1832 278 δὲ

1031 297 1108 332 οὗτος
1131 301 1145 326 6
1167 299 1333 335 βορειότερος
1355 299 1410 325 τῶν
1430 298 1482 324 ὑπὸ
1501 297 1546 324 τὸν
1569 297 1655 330 δεξιὸν
1677 295 1758 333 ὦμον
1782 298 1831 324 τοῦ

1031 345 1188 381 Κενταύρου
1202 353 1209 360 ⁸
1227 345 1342 380 ἔσχατος
1362 344 1391 370 δὲ
1403 345 1417 370 6
1430 344 1587 379 νοτιώτερος
1601 344 1714 370 πάντων
1730 343 1781 369 καὶ
1803 345 1831 370 ἐν

1032 392 1108 428 ἄκρῳ
1132 391 1170 426 τῷ
1184 391 1231 418 ἐπὶ
1247 391 1296 425 τῆς
1314 389 1414 424 ὀσφύος
1441 390 1629 425 ὑποκείμενος.
1653 389 1832 424 Μεσουρανεῖ

1030 437 1058 463 δὲ
1077 440 1101 463 α’
1114 436 1202 471 ἀστὴρ
1214 437 1228 462 6
1239 435 1294 462 τῶν
1313 436 1343 461 ὲν
1362 435 1396 470 τῇ
1409 434 1513 469 κεφαλῇ
1527 433 1574 460 τοῦ
1586 433 1704 464 Λέοντος
1722 433 1831 468 βορειό-

1031 491 1109 519 τερος
1123 482 1178 509 τῶν
1190 481 1340 516 ἑπομένων,
1355 481 1402 506 καὶ
1415 480 1430 506 6
1441 481 1470 506 ὲν
1481 481 1537 511 τοῖς
1549 479 1730 514 ἐμπροσθίοις
1743 479 1830 505 αὑτοέ

1032 528 1121 560 ποσὶν,
1138 527 1251 562 ἔσχατος
1272 527 1300 553 δὲ
1323 527 1338 553 6
1359 526 1405 552 ἐπὶ
1431 526 1480 560 τῆς
1503 524 1602 558 ὀσφύος
1624 525 1676 559 τῆς
1704 524 1830 560 μεγάλης

1033 574 1150 608 Ἄρκτου
1165 571 1301 607 λαμπρὸς,
1317 571 1365 598 καὶ
1383 570 1430 598 τοῦ
1445 571 1498 597 ὑπὸ
1511 571 1556 597 τὸν
1570 569 1708 606 Κρατῆρα
1728 569 1830 605 τριγώ-

1030 627 1076 644 νου
1092 617 1254 653 ὀρθογωνίου
1274 617 1320 643 ἐπὶ
1340 616 1389 652 τῆς
1411 615 1495 651 ὀρθῆς
1512 616 1647 650 κείμενος.
1670 615 1827 641 ’Δνατέλλϋ

1029 665 1058 691 δὲ
1069 664 1100 691 τὸ
1113 664 1212 700 Θηρίον
1225 664 1254 690 ὲν
1267 663 1354 699 ὥραις
1370 662 1393 698 β’
1408 663 1455 689 καὶ
1466 662 1486 688 δ
1507 662 1596 697 μέρει.

1067 710 1151 738 Ὅταν
1169 709 1197 736 δὲ
1217 709 1248 736 τὸ
1267 709 1451 744 Θυμιατήριον
1465 708 1608 742 ἀνατέλλῃ,
1630 707 1813 734 συνανατέλλε

1032 756 1080 791 μὲν
1092 755 1167 791 αὺτῷ
1182 756 1196 781 6
1211 755 1341 787 ζωδιακὸς
1357 753 1411 781 ἀπὸ
1427 753 1542 786 Τοξὸτου
1562 753 1617 788 μοί.
1633 757 1664 780 ιε’
1676 753 1732 784 ἕως
1746 753 1814 785 Τοξό

192 798 210 825 2
220 798 254 825 ad
269 798 310 827 10.
324 798 403 826 Prior
416 799 505 827 oritur
517 800 595 828 stella
606 807 667 835 quae
680 804 723 828 est
736 800 763 827 in
780 800 840 828 foco
851 809 859 832 ;
872 805 973 835 postre-

1034 809 1077 828 του
1106 801 1160 836 μοί.
1181 803 1206 834 γ’
1222 800 1270 827 καὶ
1288 803 1311 827 κ’
1323 808 1331 815 ·
1347 800 1509 835 μεσουρανεῖ
1528 799 1556 825 δὲ
1577 798 1630 825 ἀπὸ
1650 798 1754 834 Χηλῶν
1772 799 1825 834 μοί.

192 851 236 871 ma
252 845 400 873 australior
413 853 507 873 earum
521 853 582 881 qua:
596 846 625 873 in
642 845 711 873 basi.
734 844 826 872 Prima
843 845 973 872 eulminal

1034 846 1054 882 β’
1071 847 1122 878 ἕως
1136 846 1233 882 Χηλῶν
1255 846 1311 882 μοί.
1325 849 1351 873 ι’.
1368 845 1424 872 Καὶ
1439 847 1464 872 α’
1487 844 1535 880 μὲν
1549 845 1636 880 ἀστὴρ
1654 845 1801 871 ἀνατέλλει
1813 846 1826 871 6

192 889 271 918 stella
282 911 289 924 ,
308 891 456 919 australior
472 899 566 919 earum
584 898 645 926 quae
661 894 725 917 sunt
739 890 767 918 in
781 890 894 918 sinistro
908 889 973 925 pede

1034 891 1071 918 ιπὶ
1085 891 1131 918 τοῦ
1150 891 1296 927 ὲπιπύρου,
1309 890 1421 925 ἔσχατος
1435 890 1463 917 δὲ
1474 889 1488 916 6
1501 889 1661 925 νοτιώτερος
1676 890 1736 916 τῶν
1752 891 1782 917 ὲν
1795 892 1825 925 τῇ

192 935 294 968 Bootae,
305 940 333 964 et
345 936 435 964 lucida
448 937 475 964 in
489 936 687 973 posterioribus
698 935 826 963 Centauri
841 935 955 971 pedibus
967 944 973 967 ;

1034 936 1119 971 βάσει.
1138 937 1309 972 Μεσουρανεῖ
1322 936 1350 963 δὲ
1366 939 1389 962 α’
1406 935 1457 971 μὲν
1473 935 1559 971 ἀστὴρ
1577 935 1625 962 τοῦ
1642 944 1672 962 τε
1689 935 1801 961 Βοὼτου
1813 937 1827 962 6

192 984 331 1015 postrema
345 989 406 1017 qua:
422 989 438 1009 a
454 982 638 1016 septentrione
656 980 744 1008 dextri
764 989 833 1016 genu
852 988 883 1008 ac
899 980 973 1015 pedis

1034 980 1187 1018 νοτιώτερος
1199 981 1253 1009 τῶν
1271 982 1300 1008 ὲν
1313 980 1352 1015 τῷ
1372 980 1509 1016 ἀριστερῷ
1527 981 1599 1013 ποδὶ,
1614 981 1663 1007 καὶ
1688 981 1740 1007 τοῦ
1763 981 1826 1006 Κεν-

192 1025 280 1053 dextri
306 1025 427 1062 Virginis
450 1027 545 1054 ultima
567 1032 625 1060 est,
649 1027 812 1055 semicubito
835 1026 893 1054 fere
907 1026 973 1054 citra

1034 1027 1130 1063 ταύρου
1146 1028 1161 1053 6
1176 1027 1205 1054 ὲν
1225 1028 1282 1059 τοῖς
1299 1026 1431 1058 ὀπισθίοις
1457 1026 1521 1052 ποσὶ
1543 1026 1669 1061 λαμπρός
1680 1036 1686 1041 ·
1712 1027 1827 1061 ἔσχατος

192 1071 386 1100 meridianum.
401 1071 495 1100 Oritur
509 1072 562 1099 Ara
577 1072 721 1100 semihorae
738 1072 836 1107 spatio.

1034 1072 1057 1098 5t
1074 1071 1122 1107 τῆς
1139 1071 1279 1108 Παρθένου
1295 1073 1310 1098 6
1328 1072 1374 1098 ἀπ’
1388 1072 1507 1107 Ἀρκτου
1532 1072 1577 1098 τοῦ
1600 1072 1690 1104 δεξιοῦ
1713 1073 1825 1106 γόνατος

192 1119 241 1146 καὶ
259 1118 306 1146 τοῦ
329 1118 416 1152 δεξιοῦ
439 1120 527 1152 ποδὸς,
557 1120 596 1152 ὡς
619 1121 768 1156 ἡμιπήχιον
788 1119 1000 1154 ὑπολειπόμενος
1026 1119 1073 1146 τοῦ
1091 1119 1288 1156 μεσημϐρινοῦ.
1310 1119 1459 1146 ’Δνατέλλει
1481 1120 1510 1147 δὲ
1532 1120 1561 1147 τὸ
1579 1120 1770 1156 Θυμιατήριον
1789 1121 1826 1146 ὲν-

192 1166 328 1203 ἡμιωρίιρ·

227 1223 272 1252 lll.
294 1224 415 1253 Australi
434 1225 512 1253 Pisce
525 1225 632 1253 oriente
643 1245 651 1258 ,
671 1226 760 1262 surgit
775 1234 828 1254 una
845 1226 974 1254 zodiacus

192 1276 208 1296 a
223 1273 300 1304 parte
316 1270 349 1297 17
366 1269 455 1298 media
470 1270 583 1306 Aquarii
601 1269 636 1298 ad
652 1269 773 1307 Virginis
787 1272 902 1299 mediam
920 1271 973 1304 21;

192 1315 324 1343 culminat
344 1323 359 1343 a
377 1320 454 1352 parte
469 1315 609 1353 Sagittarii
626 1316 644 1344 4
659 1316 693 1344 ad
712 1316 748 1345 25
766 1317 895 1344 mediam.
915 1316 976 1344 Pri-

191 1367 235 1387 ma
260 1361 381 1388 omnium
410 1361 500 1390 oritur
526 1362 623 1396 stella,
647 1362 784 1390 borealior
801 1370 897 1390 earum
914 1369 976 1397 quae

191 1406 300 1434 suntin
317 1407 420 1440 cauda;
437 1411 594 1442 postrema,
614 1415 675 1444 qua
692 1409 720 1436 in
739 1409 912 1436 extremitate
929 1415 976 1436 ro-

191 1452 242 1480 stri
259 1451 359 1481 lucida.
373 1453 511 1481 Culminat
523 1453 599 1489 prior
609 1461 670 1489 qua:
683 1458 725 1482 est
740 1453 767 1481 in
776 1453 849 1481 Arcu
864 1453 974 1488 medio;

191 1503 220 1526 et
238 1499 385 1527 australior
403 1506 498 1527 earum
514 1507 575 1535 quae
593 1499 622 1528 in
640 1499 738 1528 dextro
756 1500 896 1536 Anguiferi
915 1500 975 1528 sita:

1063 1224 1101 1252 Γ.
1121 1225 1204 1251 Ὅταν
1217 1224 1245 1251 δὲ
1263 1223 1277 1250 6
1293 1223 1379 1256 νότιος
1397 1223 1485 1259 ’ἰχθὺς
1500 1224 1642 1260 ἀνατέλλῃ,
1660 1225 1824 1252 ωνανατέλ-

1027 1270 1069 1297 λει
1094 1270 1143 1306 μὲν
1155 1269 1229 1304 αὐτῷ
1243 1271 1258 1297 6
1272 1269 1402 1302 ζωδιακὸς
1418 1270 1472 1297 ἀπὸ
1489 1270 1631 1305 ’Υδροχόου
1654 1271 1712 1305 μοί.
1733 1271 1766 1303 ιζ’
1778 1272 1824 1306 μέ-

1029 1325 1079 1353 σης
1091 1317 1143 1349 ἓως
1157 1315 1296 1351 Παρθένου
1319 1319 1344 1343 α’
1367 1317 1414 1343 καὶ
1427 1320 1451 1343 κ’
1464 1317 1552 1352 μέσης
1563 1325 1569 1331 ⁸
1585 1319 1754 1353 μεσουρανεῖ
1774 1319 1824 1345 ἀπὸ

1028 1362 1142 1394 Τοξότου
1161 1362 1182 1389 δ’
1199 1362 1251 1394 ἕως
1273 1361 1386 1395 Τοξότου
1401 1365 1421 1388 ε’
1441 1363 1487 1389 καὶ
1504 1365 1528 1389 κ’
1547 1362 1643 1398 μέσης.
1660 1363 1720 1390 Καὶ
1738 1367 1763 1390 α’
1777 1365 1823 1399 μὲν

1029 1406 1116 1442 ἀστὴρ
1126 1406 1263 1434 ἀνατέλλει
1275 1407 1289 1433 6
1304 1406 1474 1443 βορειότερος
1487 1407 1543 1434 τῶν
1557 1408 1586 1434 ἐν
1600 1409 1633 1443 τῇ
1649 1409 1733 1444 οὐρᾷ,
1745 1410 1822 1444 ἔσχα-

1027 1460 1073 1484 τος
1083 1451 1112 1478 δὲ
1128 1453 1142 1478 6
1155 1453 1184 1479 ὲν
1201 1452 1279 1488 ἄκρῳ
1290 1451 1330 1488 τῷ
1345 1452 1440 1488 ῥύγχει
1451 1452 1588 1489 λαμπρὸς.
1605 1454 1784 1490 Μεσουρανεῖ
1796 1455 1824 1482 δὲ

1027 1500 1050 1523 α’
1067 1496 1115 1532 μὲν
1135 1497 1150 1524 ὅ
1169 1506 1199 1524 τε
1219 1498 1248 1524 ὲν
1266 1497 1342 1534 μέσῳ
1362 1498 1401 1534 τῷ
1415 1498 1508 1534 Τόξῳ,
1525 1499 1573 1525 καὶ
1586 1499 1631 1525 τοῦ
1649 1500 1797 1536 ὀφιοὲχου
1809 1503 1823 1528 6

191 1548 257 1573 sunt
269 1544 383 1572 humero
392 1564 401 1578 ,
415 1544 576 1573 semicubito
589 1545 645 1574 fere
654 1545 724 1573 citra
738 1545 916 1574 meridianum
927 1554 973 1582 po-

1034 1541 1183 1578 ροτιὼτερος
1203 1541 1257 1569 τῶν
1285 1543 1314 1569 ὲν
1331 1541 1370 1578 τῷ
1394 1542 1474 1578 δεξιῷ
1497 1542 1581 1578 ὤμῳ,
1605 1543 1644 1574 ὡς
1667 1544 1822 1579 ήμιπήχιον

191 1590 266 1622 sita;
285 1590 380 1617 ultima
399 1597 478 1624 vero,
498 1590 588 1619 lucida
607 1590 708 1627 pedum
727 1592 931 1627 posteriorum;
948 1595 976 1620 et

192 1641 254 1669 qua
272 1634 300 1662 in
318 1634 490 1663 extremitate
509 1636 603 1664 cauda:
621 1635 779 1671 Serpentis.
802 1644 883 1672 quem
902 1640 976 1664 tenet

192 1678 367 1715 Ophiuchus:
379 1679 444 1708 item
453 1680 608 1715 praecedens
616 1680 731 1709 duarum
743 1681 905 1715 lucidarum,
915 1689 976 1717 qua:

192 1729 258 1753 sunt
274 1725 302 1754 in
316 1725 382 1762 iugo
397 1725 543 1759 Fidicula.
556 1727 737 1755 semicubitali
755 1727 811 1756 fere
829 1727 976 1755 interstitio

192 1770 372 1799 meridianum
388 1770 563 1800 antecedens.
579 1771 673 1800 Oritur
686 1771 773 1801 Piscis
787 1772 854 1800 hora
867 1773 885 1801 0
894 1793 902 1806 ,
921 1771 974 1801 ιδ’,

226 1860 296 1889 Cum
308 1860 392 1889 Cetus
406 1861 506 1895 oritur.
520 1862 634 1898 emergit
647 1869 708 1890 cum
721 1869 756 1890 eo
768 1861 898 1890 zodiacus
911 1870 926 1890 a
939 1862 975 1891 20

190 1910 270 1943 parte
288 1906 407 1934 Piscium
427 1907 462 1934 ad
481 1906 564 1936 Tauri
583 1907 619 1942 7;
648 1907 780 1936 culminat
800 1915 816 1935 a
836 1906 974 1944 Sagittarii

189 1953 281 1981 media
292 1952 328 1980 24
339 1953 374 1981 ad
390 1951 549 1988 Capricorni
560 1953 596 1980 2‘2
608 1953 737 1981 mediam.
747 1952 836 1981 Prima
851 1954 973 1981 omnium

189 1999 279 2026 oritur
295 1999 391 2032 stella,
409 1998 545 2027 borealior
556 2005 651 2026 earum
667 2006 727 2033 quae
743 2003 806 2027 sunt
823 1998 851 2026 in
865 1997 952 2027 cauda
965 2008 972 2032 ;

190 2045 304 2077 ultima.
316 2045 520 2073 succedentium
535 2044 688 2072 lucidarum
705 2052 766 2079 qua:
783 2045 811 2072 in
829 2044 973 2072 Laterculo

189 2095 271 2124 sunt,
290 2091 448 2119 australior.
475 2090 613 2118 Culminat
631 2094 694 2118 ante
713 2090 797 2122 alias.
817 2090 972 2126 praecedens

189 2143 284 2164 earum
296 2143 356 2172 qua
369 2141 434 2164 sunt
446 2137 474 2164 in
487 2136 553 2171 jugo
563 2135 649 2168 Fidis,
661 2141 798 2172 postrema
813 2144 873 2172 qua:
886 2141 927 2164 est
944 2136 972 2163 in

190 2181 278 2209 cauda
291 2181 376 2218 Cygni
388 2182 488 2210 lucida.
500 2181 592 2210 Oritur
608 2181 692 2210 Cetus
708 2181 783 2209 horis
797 2181 824 2210 2.

225 2269 327 2298 Orione
342 2269 522 2301 ascendente,
541 2277 604 2298 cum
624 2277 657 2299 eo
676 2270 805 2299 zodiacus
824 2270 938 2306 emergit
956 2277 972 2297 a

190 2314 271 2342 Tauri
294 2314 329 2341 28
345 2314 434 2342 media
448 2315 482 2342 ad
497 2315 594 2343 Cancri
611 2315 646 2349 3;
663 2315 794 2343 culminat
810 2315 844 2343 ab
860 2315 972 2351 Aquarii

189 2365 268 2396 parte
274 2359 296 2390 ,9
307 2361 341 2388 ad
354 2360 475 2388 Piscium
491 2360 535 2388 i3.
546 2360 636 2388 Prima
649 2362 791 2397 consurgit
803 2361 879 2389 stella
889 2382 897 2393 ,
911 2369 972 2397 quae

188 2411 231 2436 est
243 2406 272 2435 in
284 2406 396 2435 sinistra
409 2414 509 2440 manu;
531 2406 637 2439 u!tima,
654 2415 714 2442 qua:
725 2413 768 2436 est
780 2408 808 2435 in
822 2407 918 2436 dextro
928 2415 972 2443 pe-

189 2453 233 2480 de.
244 2451 380 2479 Culminat
390 2459 423 2479 ex
435 2451 496 2479 aliis
510 2451 627 2486 primum
641 2451 740 2487 Cephei
753 2460 801 2487 pes
813 2453 909 2480 dexter
922 2461 929 2486 ;
944 2457 971 2480 et

187 2505 283 2527 earum
302 2506 362 2534 quae
381 2498 410 2525 in
427 2497 540 2533 Aquarii
560 2504 628 2525 urna
647 2502 727 2531 sunt,
747 2497 846 2526 media.
868 2497 970 2526 Ultimo

187 2551 270 2576 vero,
290 2551 375 2579 parva
394 2543 472 2572 stella
490 2550 551 2578 quae
568 2544 596 2570 in
615 2543 683 2572 sella
697 2548 739 2572 est
752 2543 925 2579 Cassiepeaz;
943 2547 970 2572 et

188 2597 284 2618 carum
303 2589 422 2616 maxime
442 2587 578 2621 borealis,
599 2596 660 2624 quae
680 2589 708 2616 in
726 2588 907 2617 Andromeda:
923 2597 970 2624 pe-

187 2639 278 2663 ctore.
293 2634 378 2662 Orion
392 2631 481 2669 spatio
497 2632 586 2666 surgit
598 2633 730 2660 horarum
743 2632 776 2665 2,
795 2632 846 2661 ω’.

220 2764 289 2792 Cum
301 2763 406 2796 Fluvio,
418 2763 464 2799 qui
476 2771 516 2794 est
528 2766 562 2794 ab
577 2765 692 2796 Orione,
706 2762 838 2791 zodiacus
851 2764 939 2791 oritur
951 2771 967 2792 α

187 2814 264 2844 parte
277 2810 312 2837 15
325 2809 426 2840 Tauri,
443 2809 475 2836 ad
490 2809 590 2838 Cancri
610 2809 663 2842 10;
682 2808 815 2836 culminat
834 2817 850 2836 a
868 2809 963 2843 Capri-

187 2855 265 2883 corni
278 2853 313 2882 27
328 2854 362 2882 ad
380 2853 501 2884 Piscium
513 2853 558 2882 22.
585 2853 664 2883 Prior
678 2855 777 2888 oritur,
802 2855 964 2885 antecedens

1027 1587 1238 1624 ὑπολειπόμενος
1249 1587 1297 1615 τοῦ
1313 1588 1500 1624 μεσημδρινοῠ
1513 1598 1519 1604 ·
1534 1589 1649 1624 ἔσχατος
1664 1589 1695 1616 δὲ
1714 1590 1730 1616 ὃ
1743 1598 1774 1616 τε
1794 1591 1822 1617 ἑν

1024 1634 1080 1665 τοῖς
1093 1633 1225 1665 ὀπισθίοις
1238 1633 1302 1660 ποσὶ
1317 1633 1453 1670 λαμπρὸς,
1465 1634 1513 1661 καὶ
1526 1634 1574 1661 τοῦ
1587 1635 1708 1669 Ὄφεως,
1723 1635 1755 1662 ὃν
1767 1635 1821 1670 ἔχει

1024 1678 1039 1705 6
1060 1677 1210 1713 Ὀφιοῦχος,
1223 1679 1238 1705 6
1256 1679 1285 1705 ἐν
1310 1678 1382 1714 ἄκρα
1402 1680 1436 1714 τῇ
1459 1679 1543 1715 οὐρᾷ·
1562 1679 1611 1706 καὶ
1624 1679 1674 1715 τῆς
1698 1679 1795 1716 Δύρας
1808 1681 1821 1706 6

1024 1723 1176 1759 ἡγούμενος
1204 1723 1259 1751 τῶν
1281 1724 1310 1751 ὲν
1337 1724 1376 1759 τῷ
1398 1724 1540 1759 ζυγώματι
1563 1724 1586 1760 β’
1605 1724 1761 1760 λαμπρῶν,
1785 1726 1821 1757 ὡς

1024 1768 1173 1804 ἡμιπήχιον
1195 1768 1400 1804 προηγούμενος
1422 1769 1470 1796 τοῦ
1505 1769 1707 1806 μεσημϐρινοῦ,
1743 1771 1820 1797 ’Δνα-

1024 1813 1111 1840 τέλλει
1125 1813 1154 1841 δὲ
1168 1815 1182 1841 6
1202 1813 1288 1850 Ἰχθὺς
1300 1815 1330 1841 ὲν
1344 1815 1365 1841 δ’
1376 1815 1604 1851 πεμπτημορίοιςι
1611 1819 1636 1842 α’
1650 1815 1739 1852 ὥρας.

1061 1859 1146 1886 Ὅταν
1166 1859 1194 1886 δὲ
1213 1859 1244 1886 τὸ
1264 1860 1354 1895 Κῆτος
1372 1860 1521 1896 ἁνατέλλῃ,
1545 1862 1740 1889 συνανατέλλει
1771 1863 1818 1898 μὶν

1024 1903 1099 1939 αὐτῷ
1114 1905 1129 1931 6
1140 1903 1270 1936 ζωδιακὸς
1283 1904 1336 1931 ἀπὸ
1355 1905 1464 1940 Ἰχθύων
1483 1907 1536 1941 μοί.
1552 1909 1576 1932 κ’
1589 1906 1644 1938 ἕως
1660 1906 1772 1943 Ταύρου
1785 1907 1816 1940 ξ’·

1026 1950 1189 1985 μεσουρανεῖ
1204 1949 1232 1976 δὲ
1244 1949 1299 1976 ἀπὸ
1310 1949 1425 1982 Τοξότου
1438 1950 1459 1977 6'
1473 1951 1519 1977 καὶ
1529 1950 1552 1977 κ’
1566 1952 1653 1987 μέσης
1669 1952 1725 1984 ἕως
1739 1953 1818 1987 Αἰγό-

1024 2001 1097 2029 κερω
1112 1992 1133 2028 β’
1153 1993 1200 2020 καὶ
1215 1996 1239 2024 κ’
1255 1993 1352 2029 μέσης.
1364 1995 1418 2021 Καὶ
1432 1998 1456 2021 α’
1475 1995 1524 2030 μὲν
1538 1996 1626 2031 ἀστὴρ
1644 1997 1791 2024 ἀνατέλλει
1805 2000 1818 2024 6

1025 2039 1193 2075 βορειότερος
1212 2039 1267 2066 τῶν
1287 2040 1317 2066 ἐν
1333 2041 1366 2076 τῇ
1385 2041 1471 2077 οὐρᾷ,
1487 2041 1599 2076 ἔσχατος
1613 2042 1642 2068 δὲ
1664 2043 1721 2069 τῶν
1737 2045 1766 2069 ὲν
1781 2044 1816 2079 τῷ

1025 2085 1224 2122 Τετραπλεύρῳ
1241 2085 1374 2121 λαμπρῶν
1390 2087 1404 2113 6
1416 2086 1574 2123 νοτιώτερος
1588 2088 1643 2115 τῶν
1660 2089 1814 2125 ἑπομένων.

1024 2130 1196 2166 Μεσουρανεῖ
1208 2131 1236 2157 δὲ
1250 2134 1274 2158 α’
1290 2131 1339 2166 μὲν
1352 2132 1366 2158 6
1380 2131 1430 2167 τῆς
1445 2132 1536 2169 Δύρας
1547 2133 1703 2169 ἡγούμενος
1720 2136 1776 2162 τῶν
1788 2137 1815 2163 ἐν

1024 2175 1062 2212 τῷ
1081 2176 1234 2212 ζυγὼματι,
1249 2177 1363 2212 ἔσχατος
1380 2176 1409 2204 δὲ
1423 2177 1470 2204 τοῦ
1490 2179 1614 2214 Ὄρνιθος
1625 2181 1640 2206 6
1653 2181 1683 2207 ὲν
1696 2183 1732 2217 τῇ
1749 2183 1815 2218 οὐρᾷ

988 2218 1012 2246 D
1023 2221 1160 2257 λαμπρός.
1185 2222 1336 2249 ’Δνατὲλλει
1351 2222 1379 2249 δὲ
1391 2222 1421 2249 τὸ
1434 2223 1523 2259 Κῆτος
1536 2225 1565 2251 ὲν
1578 2224 1665 2259 ὥραις
1679 2225 1716 2261 β’.

1061 2269 1144 2295 Ὅταν
1170 2269 1198 2296 δὲ
1218 2269 1233 2295 6
1252 2269 1347 2305 Ὠρίων
1368 2269 1501 2306 ἀνατέλλῃ
1514 2291 1523 2302 ,
1547 2272 1744 2300 συνανατέλλει
1767 2274 1813 2309 μὲν

1022 2312 1096 2349 αὑτῷ
1111 2314 1125 2339 6
1142 2313 1272 2346 ζωδιακὸς
1286 2313 1340 2340 ἀπὸ
1358 2313 1466 2349 Ταύρου
1490 2318 1515 2349 η’
1530 2315 1577 2342 καὶ
1599 2319 1623 2342 κ’
1649 2317 1742 2352 μέσης
1765 2318 1812 2350 ἕως

1021 2359 1159 2395 Καρκίνου
1191 2360 1246 2395 μοί.
1276 2364 1317 2395 τ’
1344 2362 1505 2397 μεσουρανεί
1527 2361 1555 2388 δὲ
1585 2361 1639 2388 ἀπὸ
1665 2362 1812 2399 Ὑδροχόου

1023 2405 1078 2441 μοί.
1099 2405 1120 2432 θ’
1134 2405 1186 2437 ἕως
1203 2406 1313 2441 ’ἰχθύων
1330 2410 1373 2442 ιγ’.
1388 2407 1443 2433 Καὶ
1457 2410 1481 2433 α’
1500 2407 1550 2442 μὲν
1563 2407 1652 2444 ἀστὴρ
1669 2409 1812 2436 ἀνατέλλει

1020 2450 1034 2476 6
1048 2450 1077 2478 ὲν
1095 2452 1129 2486 τῇ
1145 2451 1276 2487 ἀριστερᾷ
1298 2452 1388 2488 χειρὶ,
1402 2452 1515 2487 ἔσχατος
1533 2452 1561 2478 δὲ
1583 2453 1597 2479 6
1621 2453 1650 2479 ὲν
1674 2454 1719 2490 τῷ
1735 2454 1812 2489 δεξιῷ

1021 2494 1091 2522 ποδί.
1107 2495 1277 2532 Μεσουρανεῖ
1288 2496 1316 2522 δὲ
1331 2495 1386 2522 τῶν
1401 2496 1487 2524 ἄλλων
1505 2499 1529 2522 α’
1541 2496 1591 2532 μὲν
1607 2498 1621 2524 ὁ
1639 2497 1732 2530 δεξιὸς
1747 2498 1810 2530 ποῦς

1019 2540 1066 2567 τοῦ
1080 2540 1207 2576 Κηφέως,
1225 2542 1271 2568 καὶ
1284 2540 1338 2567 τῶν
1358 2542 1386 2567 ὲν
1397 2543 1431 2577 τῇ
1447 2541 1555 2568 κάλπιδι
1570 2541 1616 2568 τοῦ
1636 2542 1785 2578 ’Υδροχόου
1795 2543 1808 2568 6

1021 2585 1102 2621 μέσος
1111 2606 1118 2619 ,
1131 2585 1242 2622 ἔσχατος
1255 2587 1284 2614 δὲ
1297 2587 1346 2622 τῆς
1358 2595 1386 2613 τε
1401 2587 1583 2620 Κασσιεπείας
1598 2589 1613 2615 ὁ
1623 2589 1654 2615 ὲν
1666 2589 1707 2624 τῷ
1721 2589 1806 2624 δίφρῳ

1020 2631 1131 2667 μικρὸς,
1149 2632 1195 2658 καὶ
1219 2632 1268 2667 τῆς
1288 2632 1465 2668 Ἀνδρομέδας
1481 2633 1495 2660 6
1513 2633 1684 2669 βορειότατος
1703 2635 1760 2661 τῶν
1779 2635 1804 2660 ἐν

1018 2676 1056 2712 τῷ
1077 2677 1180 2712 στήθει.
1203 2678 1355 2705 Ἀνατελλει
1376 2678 1405 2705 δὲ
1421 2679 1436 2705 6
1456 2679 1550 2715 Ὠρίων
1566 2679 1595 2705 ὲν
1611 2679 1701 2716 ὥραις
1723 2680 1746 2715 β’
1761 2680 1802 2706 καὶ

1019 2726 1044 2755 ς’
1064 2723 1150 2759 μέρει.

1053 2768 1137 2796 ὀταν
1151 2769 1179 2795 δὲ
1192 2770 1206 2795 6
1225 2769 1279 2796 ἀπὸ
1299 2769 1346 2797 τοῦ
1368 2770 1493 2805 Ὠρίωνος
1511 2769 1640 2804 Ποταμὸς
1657 2768 1796 2804 ἀνατέλλῃ.

1017 2814 1204 2841 συνανατέλλει
1221 2815 1270 2850 μὲν
1284 2816 1358 2851 αὐτῷ
1373 2816 1388 2842 6
1404 2815 1533 2848 ζωδιακὸς
1547 2815 1602 2843 61:6
1617 2815 1727 2851 Ταύρου
1744 2814 1794 2849 μοι.

1017 2862 1051 2893 ιγ’
1065 2859 1118 2890 ἕως
1138 2859 1276 2896 Καρκίνου
1297 2860 1350 2896 μοί.
1367 2864 1395 2886 ι’·
1419 2862 1582 2896 μεσουρανεῑ
1599 2860 1628 2888 δὲ
1649 2861 1704 2888 ἀπὸ
1721 2861 1792 2894 Atye-
