  <div class='ocr_page' id='page_1' title='image "/cluster/home/n/w/nwhite01/storage/ocr_20150623/19/njp.32101077772463/634.png"; bbox 0 0 1923 3137; ppageno 0'>
   <div class='ocr_carea' id='block_1_1' title="bbox 85 166 886 200">
    <p class='ocr_par' dir='ltr' id='par_1_1' title="bbox 85 166 886 196">
     <span class='ocr_line' id='line_1_1' title="bbox 85 166 886 196; baseline 0.002 -2"><span class='ocrx_word' id='word_1_1' title='bbox 85 166 164 195; x_wconf 66' lang='lat' dir='ltr'><strong>{HS</strong></span> <span class='ocrx_word' id='word_1_2' title='bbox 590 167 776 196; x_wconf 78' lang='lat' dir='ltr'><strong>HiPPABCHI</strong></span> <span class='ocrx_word' id='word_1_3' title='bbox 798 169 841 196; x_wconf 82' lang='lat' dir='ltr'><strong>AI)</strong></span> <span class='ocrx_word' id='word_1_4' title='bbox 859 169 886 196; x_wconf 83' lang='lat' dir='ltr'><strong>Pl</strong></span> 
     </span>
    </p>
   </div>
   <div class='ocr_carea' id='block_1_2' title="bbox 943 166 1714 200">
    <p class='ocr_par' dir='ltr' id='par_1_2' title="bbox 943 169 1714 200">
     <span class='ocr_line' id='line_1_2' title="bbox 943 169 1714 200; baseline 0.005 -4"><span class='ocrx_word' id='word_1_5' title='bbox 943 169 1079 197; x_wconf 80' lang='lat' dir='ltr'><strong>NOMENA</strong></span> <span class='ocrx_word' id='word_1_6' title='bbox 1099 170 1162 197; x_wconf 86' lang='lat' dir='ltr'><strong>LIB.</strong></span> <span class='ocrx_word' id='word_1_7' title='bbox 1183 170 1225 198; x_wconf 86' lang='lat' dir='ltr'><strong>Ill.</strong></span> <span class='ocrx_word' id='word_1_8' title='bbox 1645 173 1714 200; x_wconf 72' lang='lat' dir='ltr'><strong>HN</strong></span> 
     </span>
    </p>
   </div>
   <div class='ocr_carea' id='block_1_3' title="bbox 86 222 886 263">
    <p class='ocr_par' dir='ltr' id='par_1_3' title="bbox 86 222 882 259">
     <span class='ocr_line' id='line_1_3' title="bbox 86 222 882 259; baseline 0.004 -10"><span class='ocrx_word' id='word_1_9' title='bbox 86 223 214 258; x_wconf 82' lang='grc' dir='ltr'>κέρωτος</span> <span class='ocrx_word' id='word_1_10' title='bbox 235 222 290 257; x_wconf 87' lang='grc' dir='ltr'>μοί.</span> <span class='ocrx_word' id='word_1_11' title='bbox 306 222 327 254; x_wconf 80' lang='grc' dir='ltr'><strong>ζ’</strong></span> <span class='ocrx_word' id='word_1_12' title='bbox 343 223 390 249; x_wconf 80' lang='grc' dir='ltr'><strong>καὶ</strong></span> <span class='ocrx_word' id='word_1_13' title='bbox 409 225 432 249; x_wconf 86' lang='grc' dir='ltr'>κ’</span> <span class='ocrx_word' id='word_1_14' title='bbox 450 223 505 255; x_wconf 75' lang='grc' dir='ltr'><strong>ἕως</strong></span> <span class='ocrx_word' id='word_1_15' title='bbox 523 223 632 259; x_wconf 79' lang='grc' dir='ltr'>Ἰχθύων</span> <span class='ocrx_word' id='word_1_16' title='bbox 650 224 672 259; x_wconf 84' lang='grc' dir='ltr'><strong>β’</strong></span> <span class='ocrx_word' id='word_1_17' title='bbox 685 225 731 251; x_wconf 78' lang='grc' dir='ltr'>καὶ</span> <span class='ocrx_word' id='word_1_18' title='bbox 741 228 775 251; x_wconf 82' lang='grc' dir='ltr'><strong>κ’.</strong></span> <span class='ocrx_word' id='word_1_19' title='bbox 794 225 847 252; x_wconf 84' lang='grc' dir='ltr'><strong>Καὶ</strong></span> <span class='ocrx_word' id='word_1_20' title='bbox 860 229 882 252; x_wconf 87' lang='grc' dir='ltr'>α’</span> 
     </span>
    </p>
   </div>
   <div class='ocr_carea' id='block_1_4' title="bbox 943 222 1714 263">
    <p class='ocr_par' dir='ltr' id='par_1_4' title="bbox 943 227 1714 263">
     <span class='ocr_line' id='line_1_4' title="bbox 943 227 1714 263; baseline 0.004 -11"><span class='ocrx_word' id='word_1_21' title='bbox 943 227 1118 254; x_wconf 77' lang='lat' dir='ltr'><strong>borealiorum</strong></span> <span class='ocrx_word' id='word_1_22' title='bbox 1141 227 1169 253; x_wconf 90' lang='lat' dir='ltr'><strong>in</strong></span> <span class='ocrx_word' id='word_1_23' title='bbox 1193 227 1460 262; x_wconf 76' lang='lat' dir='ltr'><strong>parallelogrammo,</strong></span> <span class='ocrx_word' id='word_1_24' title='bbox 1479 228 1550 262; x_wconf 91' lang='lat' dir='ltr'><strong>quod</strong></span> <span class='ocrx_word' id='word_1_25' title='bbox 1571 227 1598 254; x_wconf 91' lang='lat' dir='ltr'><strong>in</strong></span> <span class='ocrx_word' id='word_1_26' title='bbox 1615 235 1714 263; x_wconf 77' lang='lat' dir='ltr'><strong>magno</strong></span> 
     </span>
    </p>
   </div>
   <div class='ocr_carea' id='block_1_5' title="bbox 88 267 886 308">
    <p class='ocr_par' dir='ltr' id='par_1_5' title="bbox 88 267 881 306">
     <span class='ocr_line' id='line_1_5' title="bbox 88 267 881 306; baseline 0.003 -12"><span class='ocrx_word' id='word_1_27' title='bbox 88 268 142 304; x_wconf 79' lang='grc' dir='ltr'><strong>μὲν</strong></span> <span class='ocrx_word' id='word_1_28' title='bbox 157 267 245 303; x_wconf 83' lang='grc' dir='ltr'>ἀστὴρ</span> <span class='ocrx_word' id='word_1_29' title='bbox 268 267 407 294; x_wconf 79' lang='grc' dir='ltr'><strong>ἀνατέλλει</strong></span> <span class='ocrx_word' id='word_1_30' title='bbox 427 269 474 295; x_wconf 81' lang='grc' dir='ltr'><strong>τοῦ</strong></span> <span class='ocrx_word' id='word_1_31' title='bbox 492 270 521 295; x_wconf 76' lang='grc' dir='ltr'>ὲν</span> <span class='ocrx_word' id='word_1_32' title='bbox 540 271 572 305; x_wconf 86' lang='grc' dir='ltr'>τῇ</span> <span class='ocrx_word' id='word_1_33' title='bbox 595 269 700 306; x_wconf 82' lang='grc' dir='ltr'><strong>μεγάλῃ</strong></span> <span class='ocrx_word' id='word_1_34' title='bbox 721 271 881 306; x_wconf 77' lang='grc' dir='ltr'>περιφερείᾳ</span> 
     </span>
    </p>
   </div>
   <div class='ocr_carea' id='block_1_6' title="bbox 943 267 1715 308">
    <p class='ocr_par' dir='ltr' id='par_1_6' title="bbox 943 271 1715 308">
     <span class='ocr_line' id='line_1_6' title="bbox 943 271 1715 308; baseline 0.003 -10"><span class='ocrx_word' id='word_1_35' title='bbox 943 271 1018 299; x_wconf 77' lang='lat' dir='ltr'><strong>ﬂexu-</strong></span> <span class='ocrx_word' id='word_1_36' title='bbox 1034 280 1118 307; x_wconf 86' lang='lat' dir='ltr'><strong>prope</strong></span> <span class='ocrx_word' id='word_1_37' title='bbox 1140 273 1234 300; x_wconf 73' lang='lat' dir='ltr'><strong>(letum</strong></span> <span class='ocrx_word' id='word_1_38' title='bbox 1254 274 1371 308; x_wconf 86' lang='lat' dir='ltr'><strong>positum</strong></span> <span class='ocrx_word' id='word_1_39' title='bbox 1393 277 1454 306; x_wconf 91' lang='lat' dir='ltr'><strong>est;</strong></span> <span class='ocrx_word' id='word_1_40' title='bbox 1475 277 1629 308; x_wconf 86' lang='lat' dir='ltr'><strong>postrema,</strong></span> <span class='ocrx_word' id='word_1_41' title='bbox 1646 273 1715 300; x_wconf 84' lang='lat' dir='ltr'><strong>luci-</strong></span> 
     </span>
    </p>
   </div>
   <div class='ocr_carea' id='block_1_7' title="bbox 87 313 886 351">
    <p class='ocr_par' dir='ltr' id='par_1_7' title="bbox 87 313 880 350">
     <span class='ocr_line' id='line_1_7' title="bbox 87 313 880 350; baseline 0.004 -11"><span class='ocrx_word' id='word_1_42' title='bbox 87 313 392 349; x_wconf 73' lang='grc' dir='ltr'>τταραλληλογράμμου,</span> <span class='ocrx_word' id='word_1_43' title='bbox 406 314 452 340; x_wconf 73' lang='grc' dir='ltr'>καὶ</span> <span class='ocrx_word' id='word_1_44' title='bbox 465 314 550 348; x_wconf 76' lang='grc' dir='ltr'><strong>ἐγγὺς</strong></span> <span class='ocrx_word' id='word_1_45' title='bbox 572 314 618 341; x_wconf 90' lang='grc' dir='ltr'><strong>τοῦ</strong></span> <span class='ocrx_word' id='word_1_46' title='bbox 634 315 742 350; x_wconf 83' lang='grc' dir='ltr'>Κήτους</span> <span class='ocrx_word' id='word_1_47' title='bbox 754 316 880 350; x_wconf 74' lang='grc' dir='ltr'><strong>κειμένου</strong></span> 
     </span>
    </p>
   </div>
   <div class='ocr_carea' id='block_1_8' title="bbox 943 313 1714 351">
    <p class='ocr_par' dir='ltr' id='par_1_8' title="bbox 943 317 1714 351">
     <span class='ocr_line' id='line_1_8' title="bbox 943 317 1714 351; baseline 0.003 -8"><span class='ocrx_word' id='word_1_48' title='bbox 943 317 1067 349; x_wconf 86' lang='lat' dir='ltr'><strong>lissima,</strong></span> <span class='ocrx_word' id='word_1_49' title='bbox 1086 322 1112 345; x_wconf 88' lang='lat' dir='ltr'><strong>et</strong></span> <span class='ocrx_word' id='word_1_50' title='bbox 1131 319 1310 351; x_wconf 84' lang='lat' dir='ltr'><strong>antecedens.</strong></span> <span class='ocrx_word' id='word_1_51' title='bbox 1328 324 1355 346; x_wconf 89' lang='lat' dir='ltr'><strong>et</strong></span> <span class='ocrx_word' id='word_1_52' title='bbox 1369 319 1486 346; x_wconf 82' lang='lat' dir='ltr'><strong>maxime</strong></span> <span class='ocrx_word' id='word_1_53' title='bbox 1504 319 1632 346; x_wconf 79' lang='lat' dir='ltr'><strong>australis</strong></span> <span class='ocrx_word' id='word_1_54' title='bbox 1654 327 1714 346; x_wconf 76' lang='lat' dir='ltr'><strong>om—</strong></span> 
     </span>
    </p>
   </div>
   <div class='ocr_carea' id='block_1_9' title="bbox 87 358 886 398">
    <p class='ocr_par' dir='ltr' id='par_1_9' title="bbox 87 358 881 396">
     <span class='ocr_line' id='line_1_9' title="bbox 87 358 881 396; baseline 0.004 -12"><span class='ocrx_word' id='word_1_55' title='bbox 87 359 104 385; x_wconf 89' lang='lat'><strong>6</strong></span> <span class='ocrx_word' id='word_1_56' title='bbox 119 358 274 394; x_wconf 79' lang='grc' dir='ltr'>ῆγούμενος</span> <span class='ocrx_word' id='word_1_57' title='bbox 287 358 341 385; x_wconf 89' lang='grc' dir='ltr'>τῶν</span> <span class='ocrx_word' id='word_1_58' title='bbox 355 358 540 395; x_wconf 84' lang='grc' dir='ltr'>βορειοτέρων,</span> <span class='ocrx_word' id='word_1_59' title='bbox 553 359 665 394; x_wconf 72' lang='grc' dir='ltr'>ἔσχατος</span> <span class='ocrx_word' id='word_1_60' title='bbox 683 360 712 386; x_wconf 85' lang='grc' dir='ltr'><strong>δὲ</strong></span> <span class='ocrx_word' id='word_1_61' title='bbox 729 362 742 387; x_wconf 90' lang='lat'><strong>6</strong></span> <span class='ocrx_word' id='word_1_62' title='bbox 758 360 881 396; x_wconf 85' lang='grc' dir='ltr'>λαμπρό-</span> 
     </span>
    </p>
   </div>
   <div class='ocr_carea' id='block_1_10' title="bbox 943 358 1712 398">
    <p class='ocr_par' dir='ltr' id='par_1_10' title="bbox 943 362 1712 398">
     <span class='ocr_line' id='line_1_10' title="bbox 943 362 1712 398; baseline 0.001 -10"><span class='ocrx_word' id='word_1_63' title='bbox 943 362 1022 390; x_wconf 79' lang='lat' dir='ltr'><strong>iium.</strong></span> <span class='ocrx_word' id='word_1_64' title='bbox 1042 362 1178 390; x_wconf 85' lang='lat' dir='ltr'><strong>Culminat</strong></span> <span class='ocrx_word' id='word_1_65' title='bbox 1195 363 1362 398; x_wconf 85' lang='lat' dir='ltr'><strong>reliquarum</strong></span> <span class='ocrx_word' id='word_1_66' title='bbox 1380 364 1516 391; x_wconf 87' lang='lat' dir='ltr'><strong>stellarum</strong></span> <span class='ocrx_word' id='word_1_67' title='bbox 1535 363 1609 398; x_wconf 89' lang='lat' dir='ltr'><strong>prior</strong></span> <span class='ocrx_word' id='word_1_68' title='bbox 1625 383 1633 390; x_wconf 89' lang='lat'><strong>.</strong></span> <span class='ocrx_word' id='word_1_69' title='bbox 1652 383 1658 389; x_wconf 93' lang='lat'><strong>.</strong></span> <span class='ocrx_word' id='word_1_70' title='bbox 1677 383 1685 390; x_wconf 92' lang='lat'><strong>.</strong></span> <span class='ocrx_word' id='word_1_71' title='bbox 1704 382 1712 389; x_wconf 93' lang='lat'><strong>.</strong></span> 
     </span>
    </p>
   </div>
   <div class='ocr_carea' id='block_1_11' title="bbox 88 403 886 444">
    <p class='ocr_par' dir='ltr' id='par_1_11' title="bbox 88 403 879 441">
     <span class='ocr_line' id='line_1_11' title="bbox 88 403 879 441; baseline 0.003 -11"><span class='ocrx_word' id='word_1_72' title='bbox 88 413 174 435; x_wconf 83' lang='grc' dir='ltr'>τατος</span> <span class='ocrx_word' id='word_1_73' title='bbox 185 425 192 435; x_wconf 90' lang='lat'>,</span> <span class='ocrx_word' id='word_1_74' title='bbox 207 403 254 430; x_wconf 78' lang='grc' dir='ltr'>καὶ</span> <span class='ocrx_word' id='word_1_75' title='bbox 268 405 281 430; x_wconf 87' lang='lat'><strong>6</strong></span> <span class='ocrx_word' id='word_1_76' title='bbox 301 403 451 440; x_wconf 74' lang='grc' dir='ltr'>ἡγούμενος</span> <span class='ocrx_word' id='word_1_77' title='bbox 461 423 469 436; x_wconf 86' lang='grc'><em>,</em></span> <span class='ocrx_word' id='word_1_78' title='bbox 483 405 530 431; x_wconf 75' lang='grc' dir='ltr'><strong>καὶ</strong></span> <span class='ocrx_word' id='word_1_79' title='bbox 547 406 561 431; x_wconf 92' lang='lat'><strong>6</strong></span> <span class='ocrx_word' id='word_1_80' title='bbox 581 406 741 441; x_wconf 84' lang='grc' dir='ltr'>νοτιώτερος</span> <span class='ocrx_word' id='word_1_81' title='bbox 761 406 879 433; x_wconf 80' lang='grc' dir='ltr'>πάντων.</span> 
     </span>
    </p>
   </div>
   <div class='ocr_carea' id='block_1_12' title="bbox 943 403 1714 444">
    <p class='ocr_par' dir='ltr' id='par_1_12' title="bbox 960 409 1714 444">
     <span class='ocr_line' id='line_1_12' title="bbox 960 409 1714 444; baseline 0.001 -10"><span class='ocrx_word' id='word_1_82' title='bbox 960 427 966 434; x_wconf 93' lang='grc'><em>.</em></span> <span class='ocrx_word' id='word_1_83' title='bbox 987 428 994 435; x_wconf 93' lang='grc'><strong>.</strong></span> <span class='ocrx_word' id='word_1_84' title='bbox 1016 428 1023 434; x_wconf 92' lang='grc'><strong>.</strong></span> <span class='ocrx_word' id='word_1_85' title='bbox 1042 429 1048 434; x_wconf 97' lang='grc'>.</span> <span class='ocrx_word' id='word_1_86' title='bbox 1068 428 1074 434; x_wconf 95' lang='grc'><em>.</em></span> <span class='ocrx_word' id='word_1_87' title='bbox 1096 428 1102 434; x_wconf 91' lang='grc'><strong>.</strong></span> <span class='ocrx_word' id='word_1_88' title='bbox 1123 429 1129 435; x_wconf 92' lang='grc'>.</span> <span class='ocrx_word' id='word_1_89' title='bbox 1147 416 1207 443; x_wconf 74' lang='lat' dir='ltr'><strong>quae</strong></span> <span class='ocrx_word' id='word_1_90' title='bbox 1222 416 1236 434; x_wconf 85' lang='lat' dir='ltr'><strong>a</strong></span> <span class='ocrx_word' id='word_1_91' title='bbox 1253 410 1435 443; x_wconf 89' lang='lat' dir='ltr'><strong>septentrione</strong></span> <span class='ocrx_word' id='word_1_92' title='bbox 1450 409 1573 444; x_wconf 82' lang='lat' dir='ltr'><strong>adjacent</strong></span> <span class='ocrx_word' id='word_1_93' title='bbox 1590 409 1640 439; x_wconf 77' lang='lat' dir='ltr'><strong>iis.</strong></span> <span class='ocrx_word' id='word_1_94' title='bbox 1653 417 1714 444; x_wconf 78' lang='lat' dir='ltr'><strong>qua:</strong></span> 
     </span>
    </p>
   </div>
   <div class='ocr_carea' id='block_1_13' title="bbox 89 450 886 491">
    <p class='ocr_par' dir='ltr' id='par_1_13' title="bbox 89 450 880 486">
     <span class='ocr_line' id='line_1_13' title="bbox 89 450 880 486; baseline 0.003 -9"><span class='ocrx_word' id='word_1_95' title='bbox 89 451 265 486; x_wconf 77' lang='grc' dir='ltr'>Μεσουρανεῖ</span> <span class='ocrx_word' id='word_1_96' title='bbox 284 451 313 477; x_wconf 81' lang='grc' dir='ltr'>δὲ</span> <span class='ocrx_word' id='word_1_97' title='bbox 336 450 390 477; x_wconf 87' lang='grc' dir='ltr'><strong>τῶν</strong></span> <span class='ocrx_word' id='word_1_98' title='bbox 404 451 490 478; x_wconf 78' lang='grc' dir='ltr'>ἄλλων</span> <span class='ocrx_word' id='word_1_99' title='bbox 511 454 535 478; x_wconf 88' lang='grc' dir='ltr'>α’</span> <span class='ocrx_word' id='word_1_100' title='bbox 556 451 605 486; x_wconf 81' lang='grc' dir='ltr'><strong>μὲν</strong></span> <span class='ocrx_word' id='word_1_101' title='bbox 623 455 656 486; x_wconf 81' lang='grc' dir='ltr'><strong>ιγ’</strong></span> <span class='ocrx_word' id='word_1_102' title='bbox 678 451 724 478; x_wconf 82' lang='grc' dir='ltr'><strong>τοῦ</strong></span> <span class='ocrx_word' id='word_1_103' title='bbox 747 461 776 478; x_wconf 90' lang='grc' dir='ltr'><strong>τε</strong></span> <span class='ocrx_word' id='word_1_104' title='bbox 795 453 809 479; x_wconf 89' lang='lat'><strong>6</strong></span> <span class='ocrx_word' id='word_1_105' title='bbox 825 455 849 479; x_wconf 85' lang='grc' dir='ltr'>α’</span> <span class='ocrx_word' id='word_1_106' title='bbox 866 453 880 479; x_wconf 86' lang='lat'><strong>6</strong></span> 
     </span>
    </p>
   </div>
   <div class='ocr_carea' id='block_1_14' title="bbox 943 450 1713 491">
    <p class='ocr_par' dir='ltr' id='par_1_14' title="bbox 943 454 1713 491">
     <span class='ocr_line' id='line_1_14' title="bbox 943 454 1713 491; baseline 0 -11"><span class='ocrx_word' id='word_1_107' title='bbox 943 458 998 480; x_wconf 72' lang='lat' dir='ltr'><strong>sunt</strong></span> <span class='ocrx_word' id='word_1_108' title='bbox 1015 454 1043 481; x_wconf 90' lang='lat' dir='ltr'><strong>in</strong></span> <span class='ocrx_word' id='word_1_109' title='bbox 1059 454 1147 481; x_wconf 86' lang='lat' dir='ltr'><strong>cauda</strong></span> <span class='ocrx_word' id='word_1_110' title='bbox 1162 464 1168 482; x_wconf 91' lang='lat'>:</span> <span class='ocrx_word' id='word_1_111' title='bbox 1187 455 1250 481; x_wconf 88' lang='lat' dir='ltr'><strong>item</strong></span> <span class='ocrx_word' id='word_1_112' title='bbox 1268 455 1414 481; x_wconf 86' lang='lat' dir='ltr'><strong>australior</strong></span> <span class='ocrx_word' id='word_1_113' title='bbox 1429 462 1521 481; x_wconf 90' lang='lat' dir='ltr'><strong>earum</strong></span> <span class='ocrx_word' id='word_1_114' title='bbox 1532 475 1540 487; x_wconf 81' lang='lat'>,</span> <span class='ocrx_word' id='word_1_115' title='bbox 1557 463 1616 491; x_wconf 77' lang='lat' dir='ltr'><strong>quae</strong></span> <span class='ocrx_word' id='word_1_116' title='bbox 1634 454 1660 481; x_wconf 93' lang='lat' dir='ltr'><strong>in</strong></span> <span class='ocrx_word' id='word_1_117' title='bbox 1675 455 1713 482; x_wconf 92' lang='lat' dir='ltr'><strong>si-</strong></span> 
     </span>
    </p>
   </div>
   <div class='ocr_carea' id='block_1_15' title="bbox 89 495 886 535">
    <p class='ocr_par' dir='ltr' id='par_1_15' title="bbox 89 495 877 532">
     <span class='ocr_line' id='line_1_15' title="bbox 89 495 877 532; baseline 0 -10"><span class='ocrx_word' id='word_1_118' title='bbox 89 496 227 531; x_wconf 79' lang='grc' dir='ltr'>ἑπόμενος</span> <span class='ocrx_word' id='word_1_119' title='bbox 241 495 296 522; x_wconf 84' lang='grc' dir='ltr'><strong>τῶν</strong></span> <span class='ocrx_word' id='word_1_120' title='bbox 313 496 360 522; x_wconf 74' lang='grc' dir='ltr'><strong>ἀπ’</strong></span> <span class='ocrx_word' id='word_1_121' title='bbox 376 495 477 531; x_wconf 75' lang='grc' dir='ltr'>ἄρκτου</span> <span class='ocrx_word' id='word_1_122' title='bbox 499 495 708 531; x_wconf 74' lang='grc' dir='ltr'><strong>παρακειμένων</strong></span> <span class='ocrx_word' id='word_1_123' title='bbox 725 497 781 528; x_wconf 84' lang='grc' dir='ltr'>τοῖς</span> <span class='ocrx_word' id='word_1_124' title='bbox 797 497 825 523; x_wconf 77' lang='grc' dir='ltr'>ὲν</span> <span class='ocrx_word' id='word_1_125' title='bbox 845 498 877 532; x_wconf 82' lang='grc' dir='ltr'><strong>τῇ</strong></span> 
     </span>
    </p>
   </div>
   <div class='ocr_carea' id='block_1_16' title="bbox 943 495 1715 535">
    <p class='ocr_par' dir='ltr' id='par_1_16' title="bbox 943 499 1715 535">
     <span class='ocr_line' id='line_1_16' title="bbox 943 499 1715 535; baseline 0.001 -9"><span class='ocrx_word' id='word_1_126' title='bbox 943 499 1024 527; x_wconf 76' lang='lat' dir='ltr'><strong>iistro</strong></span> <span class='ocrx_word' id='word_1_127' title='bbox 1037 499 1104 534; x_wconf 84' lang='lat' dir='ltr'><strong>pede</strong></span> <span class='ocrx_word' id='word_1_128' title='bbox 1116 501 1210 535; x_wconf 79' lang='lat' dir='ltr'><strong>Cygni.</strong></span> <span class='ocrx_word' id='word_1_129' title='bbox 1226 499 1324 527; x_wconf 86' lang='lat' dir='ltr'><strong>Ultima</strong></span> <span class='ocrx_word' id='word_1_130' title='bbox 1335 520 1342 533; x_wconf 85' lang='lat'><strong><em>,</em></strong></span> <span class='ocrx_word' id='word_1_131' title='bbox 1357 509 1417 535; x_wconf 78' lang='lat' dir='ltr'><strong>quae</strong></span> <span class='ocrx_word' id='word_1_132' title='bbox 1429 504 1471 527; x_wconf 86' lang='lat' dir='ltr'><strong>est</strong></span> <span class='ocrx_word' id='word_1_133' title='bbox 1484 500 1511 527; x_wconf 91' lang='lat' dir='ltr'><strong>in</strong></span> <span class='ocrx_word' id='word_1_134' title='bbox 1524 500 1638 535; x_wconf 78' lang='lat' dir='ltr'><strong>genibus</strong></span> <span class='ocrx_word' id='word_1_135' title='bbox 1651 499 1715 527; x_wconf 84' lang='lat' dir='ltr'><strong>Cas-</strong></span> 
     </span>
    </p>
   </div>
   <div class='ocr_carea' id='block_1_17' title="bbox 88 539 886 581">
    <p class='ocr_par' dir='ltr' id='par_1_17' title="bbox 88 539 879 578">
     <span class='ocr_line' id='line_1_17' title="bbox 88 539 879 578; baseline 0.001 -11"><span class='ocrx_word' id='word_1_136' title='bbox 88 541 173 576; x_wconf 82' lang='grc' dir='ltr'>οὑρᾷ,</span> <span class='ocrx_word' id='word_1_137' title='bbox 191 541 236 567; x_wconf 81' lang='grc' dir='ltr'>καὶ</span> <span class='ocrx_word' id='word_1_138' title='bbox 253 539 301 567; x_wconf 82' lang='grc' dir='ltr'><strong>τοῦ</strong></span> <span class='ocrx_word' id='word_1_139' title='bbox 315 540 439 576; x_wconf 82' lang='grc' dir='ltr'>Ὄρνιθος</span> <span class='ocrx_word' id='word_1_140' title='bbox 451 541 466 567; x_wconf 98' lang='lat'><strong>6</strong></span> <span class='ocrx_word' id='word_1_141' title='bbox 477 540 634 576; x_wconf 82' lang='grc' dir='ltr'>νοτιώτερος</span> <span class='ocrx_word' id='word_1_142' title='bbox 654 541 707 567; x_wconf 84' lang='grc' dir='ltr'><strong>τῶν</strong></span> <span class='ocrx_word' id='word_1_143' title='bbox 725 542 753 568; x_wconf 76' lang='grc' dir='ltr'>ἐν</span> <span class='ocrx_word' id='word_1_144' title='bbox 765 541 804 577; x_wconf 82' lang='grc' dir='ltr'><strong>τῷ</strong></span> <span class='ocrx_word' id='word_1_145' title='bbox 818 543 879 578; x_wconf 82' lang='grc' dir='ltr'>ἀρι-</span> 
     </span>
    </p>
   </div>
   <div class='ocr_carea' id='block_1_18' title="bbox 943 539 1713 581">
    <p class='ocr_par' dir='ltr' id='par_1_18' title="bbox 943 545 1713 581">
     <span class='ocr_line' id='line_1_18' title="bbox 943 545 1713 581; baseline 0.004 -10"><span class='ocrx_word' id='word_1_146' title='bbox 943 545 1031 580; x_wconf 69' lang='grc' dir='ltr'>ιὶορεω</span> <span class='ocrx_word' id='word_1_147' title='bbox 1043 566 1051 578; x_wconf 91' lang='grc'>,</span> <span class='ocrx_word' id='word_1_148' title='bbox 1074 549 1102 573; x_wconf 87' lang='lat' dir='ltr'><strong>et</strong></span> <span class='ocrx_word' id='word_1_149' title='bbox 1119 554 1179 581; x_wconf 67' lang='lat' dir='ltr'><strong>qum</strong></span> <span class='ocrx_word' id='word_1_150' title='bbox 1197 547 1225 573; x_wconf 94' lang='lat' dir='ltr'><strong>in</strong></span> <span class='ocrx_word' id='word_1_151' title='bbox 1241 547 1412 574; x_wconf 80' lang='lat' dir='ltr'><strong>extremitate</strong></span> <span class='ocrx_word' id='word_1_152' title='bbox 1431 547 1523 574; x_wconf 64' lang='lat' dir='ltr'><strong>caudae</strong></span> <span class='ocrx_word' id='word_1_153' title='bbox 1544 545 1713 574; x_wconf 84' lang='lat' dir='ltr'><strong>australioris</strong></span> 
     </span>
    </p>
   </div>
   <div class='ocr_carea' id='block_1_19' title="bbox 91 583 886 624">
    <p class='ocr_par' dir='ltr' id='par_1_19' title="bbox 91 583 880 620">
     <span class='ocr_line' id='line_1_19' title="bbox 91 583 880 620; baseline 0.004 -10"><span class='ocrx_word' id='word_1_154' title='bbox 91 585 183 620; x_wconf 82' lang='grc' dir='ltr'>στερῷ</span> <span class='ocrx_word' id='word_1_155' title='bbox 196 584 254 611; x_wconf 89' lang='grc' dir='ltr'>ποδί</span> <span class='ocrx_word' id='word_1_156' title='bbox 263 593 270 600; x_wconf 75' lang='grc' dir='ltr'><strong>ο</strong></span> <span class='ocrx_word' id='word_1_157' title='bbox 288 583 401 619; x_wconf 75' lang='grc' dir='ltr'><strong>ἔσχατος</strong></span> <span class='ocrx_word' id='word_1_158' title='bbox 412 584 441 611; x_wconf 77' lang='grc' dir='ltr'>δὲ</span> <span class='ocrx_word' id='word_1_159' title='bbox 456 584 505 620; x_wconf 84' lang='grc' dir='ltr'>τῆς</span> <span class='ocrx_word' id='word_1_160' title='bbox 518 593 546 611; x_wconf 91' lang='grc' dir='ltr'><strong>τε</strong></span> <span class='ocrx_word' id='word_1_161' title='bbox 560 586 744 618; x_wconf 81' lang='grc' dir='ltr'><strong>Κασσιεπείας</strong></span> <span class='ocrx_word' id='word_1_162' title='bbox 758 587 771 612; x_wconf 90' lang='lat'><strong>6</strong></span> <span class='ocrx_word' id='word_1_163' title='bbox 785 588 813 613; x_wconf 76' lang='grc' dir='ltr'>ἐν</span> <span class='ocrx_word' id='word_1_164' title='bbox 824 588 880 618; x_wconf 84' lang='grc' dir='ltr'>τοῖς</span> 
     </span>
    </p>
   </div>
   <div class='ocr_carea' id='block_1_20' title="bbox 943 583 1579 624">
    <p class='ocr_par' dir='ltr' id='par_1_20' title="bbox 943 588 1579 624">
     <span class='ocr_line' id='line_1_20' title="bbox 943 588 1579 624; baseline 0.006 -9"><span class='ocrx_word' id='word_1_165' title='bbox 943 588 1064 616; x_wconf 68' lang='lat' dir='ltr'><strong>’iscium.</strong></span> <span class='ocrx_word' id='word_1_166' title='bbox 1082 589 1175 618; x_wconf 86' lang='lat' dir='ltr'><strong>Oritur</strong></span> <span class='ocrx_word' id='word_1_167' title='bbox 1188 591 1286 619; x_wconf 81' lang='lat' dir='ltr'><strong>ﬂuvius</strong></span> <span class='ocrx_word' id='word_1_168' title='bbox 1301 592 1329 619; x_wconf 85' lang='lat' dir='ltr'><strong>in</strong></span> <span class='ocrx_word' id='word_1_169' title='bbox 1346 592 1422 620; x_wconf 83' lang='lat' dir='ltr'><strong>horis</strong></span> <span class='ocrx_word' id='word_1_170' title='bbox 1437 593 1468 624; x_wconf 81' lang='grc'><strong>5,</strong></span> <span class='ocrx_word' id='word_1_171' title='bbox 1486 596 1512 619; x_wconf 88' lang='lat' dir='ltr'><strong>et</strong></span> <span class='ocrx_word' id='word_1_172' title='bbox 1529 589 1579 619; x_wconf 78' lang='lat'><strong>36&#39;.</strong></span> 
     </span>
    </p>
   </div>
   <div class='ocr_carea' id='block_1_21' title="bbox 90 631 1714 675">
    <p class='ocr_par' dir='ltr' id='par_1_21' title="bbox 90 631 1714 675">
     <span class='ocr_line' id='line_1_21' title="bbox 90 631 1714 675; baseline 0.004 -17"><span class='ocrx_word' id='word_1_173' title='bbox 90 632 206 666; x_wconf 81' lang='grc' dir='ltr'><strong>γόνασι,</strong></span> <span class='ocrx_word' id='word_1_174' title='bbox 222 631 336 658; x_wconf 77' lang='grc' dir='ltr'>καὶτῶν</span> <span class='ocrx_word' id='word_1_175' title='bbox 356 631 466 667; x_wconf 79' lang='grc' dir='ltr'><strong>’ἰχθύων</strong></span> <span class='ocrx_word' id='word_1_176' title='bbox 488 631 535 658; x_wconf 86' lang='grc' dir='ltr'><strong>τοῦ</strong></span> <span class='ocrx_word' id='word_1_177' title='bbox 556 632 718 668; x_wconf 83' lang='grc' dir='ltr'>νοτιωτέρου</span> <span class='ocrx_word' id='word_1_178' title='bbox 734 634 748 659; x_wconf 89' lang='lat'><strong>6</strong></span> <span class='ocrx_word' id='word_1_179' title='bbox 763 634 791 660; x_wconf 80' lang='grc' dir='ltr'>ὲν</span> <span class='ocrx_word' id='word_1_180' title='bbox 808 633 882 669; x_wconf 72' lang='grc' dir='ltr'>ἄκρᾳ</span> <span class='ocrx_word' id='word_1_181' title='bbox 900 636 933 670; x_wconf 85' lang='grc' dir='ltr'>τῇ</span> <span class='ocrx_word' id='word_1_182' title='bbox 945 636 1022 672; x_wconf 84' lang='grc' dir='ltr'>οὐρᾷ.</span> <span class='ocrx_word' id='word_1_183' title='bbox 1039 638 1188 665; x_wconf 83' lang='grc' dir='ltr'>Ἀνατέλλει</span> <span class='ocrx_word' id='word_1_184' title='bbox 1202 638 1230 665; x_wconf 81' lang='grc' dir='ltr'>δὲ</span> <span class='ocrx_word' id='word_1_185' title='bbox 1250 639 1263 664; x_wconf 85' lang='grc' dir='ltr'><strong>ὁ</strong></span> <span class='ocrx_word' id='word_1_186' title='bbox 1282 639 1406 674; x_wconf 83' lang='grc' dir='ltr'>Ποταμδς</span> <span class='ocrx_word' id='word_1_187' title='bbox 1420 640 1448 666; x_wconf 77' lang='grc' dir='ltr'><strong>ἐν</strong></span> <span class='ocrx_word' id='word_1_188' title='bbox 1461 639 1546 675; x_wconf 81' lang='grc' dir='ltr'>ὥραις</span> <span class='ocrx_word' id='word_1_189' title='bbox 1573 642 1597 673; x_wconf 87' lang='grc' dir='ltr'><strong>γ’</strong></span> <span class='ocrx_word' id='word_1_190' title='bbox 1615 638 1662 665; x_wconf 77' lang='grc' dir='ltr'>καὶ</span> <span class='ocrx_word' id='word_1_191' title='bbox 1690 640 1714 672; x_wconf 85' lang='grc' dir='ltr'><strong>γ’</strong></span> 
     </span>
    </p>
   </div>
   <div class='ocr_carea' id='block_1_22' title="bbox 90 679 326 716">
    <p class='ocr_par' dir='ltr' id='par_1_22' title="bbox 90 679 326 716">
     <span class='ocr_line' id='line_1_22' title="bbox 90 679 326 716; baseline 0 -10"><span class='ocrx_word' id='word_1_192' title='bbox 90 679 326 716; x_wconf 81' lang='grc' dir='ltr'>πεμπτημορίοις.</span> 
     </span>
    </p>
   </div>
   <div class='ocr_carea' id='block_1_23' title="bbox 129 724 886 762">
    <p class='ocr_par' dir='ltr' id='par_1_23' title="bbox 129 724 879 762">
     <span class='ocr_line' id='line_1_23' title="bbox 129 724 879 762; baseline 0.001 -10"><span class='ocrx_word' id='word_1_193' title='bbox 129 726 168 753; x_wconf 92' lang='grc' dir='ltr'><strong>Δ’.</strong></span> <span class='ocrx_word' id='word_1_194' title='bbox 180 725 233 752; x_wconf 88' lang='grc' dir='ltr'><strong>Τοῦ</strong></span> <span class='ocrx_word' id='word_1_195' title='bbox 247 725 275 752; x_wconf 81' lang='grc' dir='ltr'><strong>δὲ</strong></span> <span class='ocrx_word' id='word_1_196' title='bbox 287 724 400 760; x_wconf 83' lang='grc' dir='ltr'>Λαγωοῦ</span> <span class='ocrx_word' id='word_1_197' title='bbox 415 725 614 759; x_wconf 80' lang='grc' dir='ltr'>ἀνατέλλοντος,</span> <span class='ocrx_word' id='word_1_198' title='bbox 628 726 815 753; x_wconf 80' lang='grc' dir='ltr'>συνανατέλλει</span> <span class='ocrx_word' id='word_1_199' title='bbox 831 727 879 762; x_wconf 79' lang='grc' dir='ltr'>μὲν</span> 
     </span>
    </p>
   </div>
   <div class='ocr_carea' id='block_1_24' title="bbox 943 724 1716 762">
    <p class='ocr_par' dir='ltr' id='par_1_24' title="bbox 967 725 1716 762">
     <span class='ocr_line' id='line_1_24' title="bbox 967 725 1716 762; baseline 0.007 -9"><span class='ocrx_word' id='word_1_200' title='bbox 967 726 1013 754; x_wconf 86' lang='lat' dir='ltr'><strong>IV.</strong></span> <span class='ocrx_word' id='word_1_201' title='bbox 1034 725 1144 754; x_wconf 88' lang='lat' dir='ltr'><strong>Oriente</strong></span> <span class='ocrx_word' id='word_1_202' title='bbox 1157 726 1261 762; x_wconf 88' lang='lat' dir='ltr'><strong>Lepore</strong></span> <span class='ocrx_word' id='word_1_203' title='bbox 1276 727 1403 755; x_wconf 77' lang='lat' dir='ltr'><strong>zodiacus</strong></span> <span class='ocrx_word' id='word_1_204' title='bbox 1419 729 1541 756; x_wconf 81' lang='lat' dir='ltr'><strong>ascendit</strong></span> <span class='ocrx_word' id='word_1_205' title='bbox 1556 737 1571 756; x_wconf 87' lang='lat' dir='ltr'><strong>a</strong></span> <span class='ocrx_word' id='word_1_206' title='bbox 1588 728 1716 758; x_wconf 89' lang='lat' dir='ltr'><strong>Gemino-</strong></span> 
     </span>
    </p>
   </div>
   <div class='ocr_carea' id='block_1_25' title="bbox 91 770 886 807">
    <p class='ocr_par' dir='ltr' id='par_1_25' title="bbox 91 770 880 806">
     <span class='ocr_line' id='line_1_25' title="bbox 91 770 880 806; baseline 0 -9"><span class='ocrx_word' id='word_1_207' title='bbox 91 770 171 806; x_wconf 77' lang='grc' dir='ltr'><strong>αὺτῷ</strong></span> <span class='ocrx_word' id='word_1_208' title='bbox 194 771 208 797; x_wconf 91' lang='lat'><strong>6</strong></span> <span class='ocrx_word' id='word_1_209' title='bbox 227 770 358 803; x_wconf 75' lang='grc' dir='ltr'><strong>ζωδιακὸς</strong></span> <span class='ocrx_word' id='word_1_210' title='bbox 376 770 431 797; x_wconf 80' lang='grc' dir='ltr'><strong>ἀπὸ</strong></span> <span class='ocrx_word' id='word_1_211' title='bbox 451 770 574 806; x_wconf 86' lang='grc' dir='ltr'><strong>Διδύμων</strong></span> <span class='ocrx_word' id='word_1_212' title='bbox 599 771 653 806; x_wconf 87' lang='grc' dir='ltr'>μοι.</span> <span class='ocrx_word' id='word_1_213' title='bbox 676 772 697 803; x_wconf 76' lang='grc' dir='ltr'><strong>ζ’</strong></span> <span class='ocrx_word' id='word_1_214' title='bbox 721 772 767 798; x_wconf 75' lang='grc' dir='ltr'><strong>καὶ</strong></span> <span class='ocrx_word' id='word_1_215' title='bbox 791 771 880 802; x_wconf 76' lang='grc' dir='ltr'>κ’ἓως</span> 
     </span>
    </p>
   </div>
   <div class='ocr_carea' id='block_1_26' title="bbox 943 770 1716 807">
    <p class='ocr_par' dir='ltr' id='par_1_26' title="bbox 943 772 1716 807">
     <span class='ocr_line' id='line_1_26' title="bbox 943 772 1716 807; baseline 0.005 -8"><span class='ocrx_word' id='word_1_216' title='bbox 943 780 994 799; x_wconf 79' lang='grc' dir='ltr'>-ιιηι</span> <span class='ocrx_word' id='word_1_217' title='bbox 1012 776 1089 807; x_wconf 87' lang='lat' dir='ltr'><strong>parte</strong></span> <span class='ocrx_word' id='word_1_218' title='bbox 1104 772 1139 799; x_wconf 77' lang='lat'><strong>2&#39;1</strong></span> <span class='ocrx_word' id='word_1_219' title='bbox 1161 773 1194 800; x_wconf 84' lang='lat' dir='ltr'><strong>ad</strong></span> <span class='ocrx_word' id='word_1_220' title='bbox 1215 772 1313 801; x_wconf 87' lang='lat' dir='ltr'><strong>Cancri</strong></span> <span class='ocrx_word' id='word_1_221' title='bbox 1338 773 1454 801; x_wconf 88' lang='lat' dir='ltr'><strong>mediam</strong></span> <span class='ocrx_word' id='word_1_222' title='bbox 1478 774 1528 807; x_wconf 73' lang='lat' dir='ltr'><strong>l2;</strong></span> <span class='ocrx_word' id='word_1_223' title='bbox 1550 776 1681 802; x_wconf 88' lang='lat' dir='ltr'><strong>culminat</strong></span> <span class='ocrx_word' id='word_1_224' title='bbox 1700 783 1716 803; x_wconf 80' lang='grc' dir='ltr'><strong>ι</strong></span> 
     </span>
    </p>
   </div>
   <div class='ocr_carea' id='block_1_27' title="bbox 91 816 879 853">
    <p class='ocr_par' dir='ltr' id='par_1_27' title="bbox 91 816 879 853">
     <span class='ocr_line' id='line_1_27' title="bbox 91 816 879 853; baseline 0 -11"><span class='ocrx_word' id='word_1_225' title='bbox 91 816 234 852; x_wconf 77' lang='grc' dir='ltr'>Καρκίνου</span> <span class='ocrx_word' id='word_1_226' title='bbox 251 816 283 851; x_wconf 80' lang='grc' dir='ltr'><strong>ιβ’</strong></span> <span class='ocrx_word' id='word_1_227' title='bbox 300 816 385 851; x_wconf 81' lang='grc' dir='ltr'><strong>μέσης</strong></span> <span class='ocrx_word' id='word_1_228' title='bbox 395 825 401 831; x_wconf 91' lang='grc'><strong>·</strong></span> <span class='ocrx_word' id='word_1_229' title='bbox 419 817 579 853; x_wconf 87' lang='grc' dir='ltr'>μεσουρανεῖ</span> <span class='ocrx_word' id='word_1_230' title='bbox 589 816 616 842; x_wconf 84' lang='grc' dir='ltr'>δὲ</span> <span class='ocrx_word' id='word_1_231' title='bbox 628 816 682 843; x_wconf 83' lang='grc' dir='ltr'>ἀπὸ</span> <span class='ocrx_word' id='word_1_232' title='bbox 702 816 810 851; x_wconf 85' lang='grc' dir='ltr'>Ἰχθύων</span> <span class='ocrx_word' id='word_1_233' title='bbox 825 817 879 852; x_wconf 87' lang='grc' dir='ltr'>μοί.</span> 
     </span>
    </p>
   </div>
   <div class='ocr_carea' id='block_1_28' title="bbox 91 861 882 897">
    <p class='ocr_par' dir='ltr' id='par_1_28' title="bbox 91 861 882 897">
     <span class='ocr_line' id='line_1_28' title="bbox 91 861 882 897; baseline 0 -9"><span class='ocrx_word' id='word_1_234' title='bbox 91 861 115 888; x_wconf 71' lang='grc' dir='ltr'>δ’</span> <span class='ocrx_word' id='word_1_235' title='bbox 130 861 184 893; x_wconf 73' lang='grc' dir='ltr'><strong>ἕως</strong></span> <span class='ocrx_word' id='word_1_236' title='bbox 203 861 311 897; x_wconf 82' lang='grc' dir='ltr'>Ἰχθύων</span> <span class='ocrx_word' id='word_1_237' title='bbox 332 862 387 897; x_wconf 85' lang='grc' dir='ltr'>μοί,</span> <span class='ocrx_word' id='word_1_238' title='bbox 399 865 419 888; x_wconf 92' lang='grc' dir='ltr'>ε’</span> <span class='ocrx_word' id='word_1_239' title='bbox 432 862 480 889; x_wconf 73' lang='grc' dir='ltr'>καὶ</span> <span class='ocrx_word' id='word_1_240' title='bbox 494 865 528 888; x_wconf 86' lang='grc' dir='ltr'><strong>κ’.</strong></span> <span class='ocrx_word' id='word_1_241' title='bbox 550 862 605 888; x_wconf 76' lang='grc' dir='ltr'>Καὶ</span> <span class='ocrx_word' id='word_1_242' title='bbox 616 865 639 888; x_wconf 90' lang='grc' dir='ltr'>α’</span> <span class='ocrx_word' id='word_1_243' title='bbox 656 861 706 897; x_wconf 79' lang='grc' dir='ltr'>μὲν</span> <span class='ocrx_word' id='word_1_244' title='bbox 718 862 882 897; x_wconf 59' lang='grc' dir='ltr'>ἀστὴρὰνα-</span> 
     </span>
    </p>
   </div>
   <div class='ocr_carea' id='block_1_29' title="bbox 91 907 883 944">
    <p class='ocr_par' dir='ltr' id='par_1_29' title="bbox 91 907 883 944">
     <span class='ocr_line' id='line_1_29' title="bbox 91 907 883 944; baseline 0.001 -11"><span class='ocrx_word' id='word_1_245' title='bbox 91 907 184 934; x_wconf 79' lang='grc' dir='ltr'>τέλλει</span> <span class='ocrx_word' id='word_1_246' title='bbox 197 907 252 934; x_wconf 84' lang='grc' dir='ltr'><strong>τῶν</strong></span> <span class='ocrx_word' id='word_1_247' title='bbox 267 908 295 934; x_wconf 82' lang='grc' dir='ltr'>ἐν</span> <span class='ocrx_word' id='word_1_248' title='bbox 306 909 362 939; x_wconf 85' lang='grc' dir='ltr'>τοῖς</span> <span class='ocrx_word' id='word_1_249' title='bbox 379 908 430 935; x_wconf 73' lang='grc' dir='ltr'><strong>ὠσὶ</strong></span> <span class='ocrx_word' id='word_1_250' title='bbox 444 908 464 934; x_wconf 86' lang='grc' dir='ltr'>δ’</span> <span class='ocrx_word' id='word_1_251' title='bbox 481 909 494 934; x_wconf 90' lang='lat'><strong>6</strong></span> <span class='ocrx_word' id='word_1_252' title='bbox 509 908 659 943; x_wconf 85' lang='grc' dir='ltr'>ἡγούμενος</span> <span class='ocrx_word' id='word_1_253' title='bbox 679 907 733 935; x_wconf 84' lang='grc' dir='ltr'><strong>τῶν</strong></span> <span class='ocrx_word' id='word_1_254' title='bbox 755 908 883 944; x_wconf 81' lang='grc' dir='ltr'>βορειοτέ-</span> 
     </span>
    </p>
   </div>
   <div class='ocr_carea' id='block_1_30' title="bbox 95 953 884 989">
    <p class='ocr_par' dir='ltr' id='par_1_30' title="bbox 95 953 884 989">
     <span class='ocr_line' id='line_1_30' title="bbox 95 953 884 989; baseline 0 -9"><span class='ocrx_word' id='word_1_255' title='bbox 95 962 164 989; x_wconf 84' lang='grc' dir='ltr'>ρων,</span> <span class='ocrx_word' id='word_1_256' title='bbox 177 953 290 989; x_wconf 81' lang='grc' dir='ltr'>ἔσχατος</span> <span class='ocrx_word' id='word_1_257' title='bbox 308 954 337 980; x_wconf 78' lang='grc' dir='ltr'>δὲ</span> <span class='ocrx_word' id='word_1_258' title='bbox 357 955 372 980; x_wconf 89' lang='lat'><strong>6</strong></span> <span class='ocrx_word' id='word_1_259' title='bbox 394 953 552 989; x_wconf 84' lang='grc' dir='ltr'>νοτιώτερος</span> <span class='ocrx_word' id='word_1_260' title='bbox 565 953 619 980; x_wconf 86' lang='grc' dir='ltr'><strong>τῶν</strong></span> <span class='ocrx_word' id='word_1_261' title='bbox 635 954 664 980; x_wconf 85' lang='grc' dir='ltr'>ὲν</span> <span class='ocrx_word' id='word_1_262' title='bbox 682 955 738 985; x_wconf 86' lang='grc' dir='ltr'>τοῖς</span> <span class='ocrx_word' id='word_1_263' title='bbox 753 953 884 985; x_wconf 81' lang='grc' dir='ltr'>ὀπισθίοις</span> 
     </span>
    </p>
   </div>
   <div class='ocr_carea' id='block_1_31' title="bbox 94 999 883 1036">
    <p class='ocr_par' dir='ltr' id='par_1_31' title="bbox 94 999 883 1036">
     <span class='ocr_line' id='line_1_31' title="bbox 94 999 883 1036; baseline -0.001 -10"><span class='ocrx_word' id='word_1_264' title='bbox 94 999 171 1028; x_wconf 68' lang='grc' dir='ltr'>ποσί.</span> <span class='ocrx_word' id='word_1_265' title='bbox 189 1001 356 1036; x_wconf 87' lang='grc' dir='ltr'>Μεσουρανεί</span> <span class='ocrx_word' id='word_1_266' title='bbox 372 1000 400 1027; x_wconf 82' lang='grc' dir='ltr'>δὲ</span> <span class='ocrx_word' id='word_1_267' title='bbox 418 1000 472 1027; x_wconf 84' lang='grc' dir='ltr'>τῶν</span> <span class='ocrx_word' id='word_1_268' title='bbox 485 999 573 1027; x_wconf 84' lang='grc' dir='ltr'>ἄλλων</span> <span class='ocrx_word' id='word_1_269' title='bbox 594 999 701 1035; x_wconf 83' lang='grc' dir='ltr'>πρῶτος</span> <span class='ocrx_word' id='word_1_270' title='bbox 724 999 772 1034; x_wconf 84' lang='grc' dir='ltr'>μὲν</span> <span class='ocrx_word' id='word_1_271' title='bbox 791 999 837 1026; x_wconf 87' lang='grc' dir='ltr'><strong>τοῦ</strong></span> <span class='ocrx_word' id='word_1_272' title='bbox 853 1008 883 1025; x_wconf 87' lang='grc' dir='ltr'><strong>τε</strong></span> 
     </span>
    </p>
   </div>
   <div class='ocr_carea' id='block_1_32' title="bbox 95 1044 883 1081">
    <p class='ocr_par' dir='ltr' id='par_1_32' title="bbox 95 1044 883 1081">
     <span class='ocr_line' id='line_1_32' title="bbox 95 1044 883 1081; baseline -0.001 -10"><span class='ocrx_word' id='word_1_273' title='bbox 95 1044 197 1071; x_wconf 86' lang='grc' dir='ltr'>Ἵππου</span> <span class='ocrx_word' id='word_1_274' title='bbox 211 1046 225 1072; x_wconf 97' lang='lat'><strong>6</strong></span> <span class='ocrx_word' id='word_1_275' title='bbox 235 1045 281 1072; x_wconf 78' lang='grc' dir='ltr'><strong>ἐπὶ</strong></span> <span class='ocrx_word' id='word_1_276' title='bbox 293 1045 342 1081; x_wconf 82' lang='grc' dir='ltr'>τῆς</span> <span class='ocrx_word' id='word_1_277' title='bbox 356 1044 455 1079; x_wconf 84' lang='grc' dir='ltr'><strong>ὀσφύος</strong></span> <span class='ocrx_word' id='word_1_278' title='bbox 468 1044 603 1080; x_wconf 82' lang='grc' dir='ltr'>λαμπρὸς,</span> <span class='ocrx_word' id='word_1_279' title='bbox 620 1044 667 1070; x_wconf 80' lang='grc' dir='ltr'>καὶ</span> <span class='ocrx_word' id='word_1_280' title='bbox 679 1044 725 1070; x_wconf 88' lang='grc' dir='ltr'><strong>τοῦ</strong></span> <span class='ocrx_word' id='word_1_281' title='bbox 741 1044 858 1079; x_wconf 77' lang='grc' dir='ltr'><strong>Κηφέως</strong></span> <span class='ocrx_word' id='word_1_282' title='bbox 869 1045 883 1070; x_wconf 91' lang='lat'><strong>6</strong></span> 
     </span>
    </p>
   </div>
   <div class='ocr_carea' id='block_1_33' title="bbox 933 817 1703 855">
    <p class='ocr_par' dir='ltr' id='par_1_33' title="bbox 933 817 1703 855">
     <span class='ocr_line' id='line_1_33' title="bbox 933 817 1703 855; baseline 0.005 -11"><span class='ocrx_word' id='word_1_283' title='bbox 933 818 1053 844; x_wconf 88' lang='lat' dir='ltr'><strong>Piscium</strong></span> <span class='ocrx_word' id='word_1_284' title='bbox 1075 818 1092 843; x_wconf 66' lang='grc'>4</span> <span class='ocrx_word' id='word_1_285' title='bbox 1114 817 1148 844; x_wconf 86' lang='lat' dir='ltr'><strong>ad</strong></span> <span class='ocrx_word' id='word_1_286' title='bbox 1162 817 1206 843; x_wconf 74' lang='lat'><strong>25.</strong></span> <span class='ocrx_word' id='word_1_287' title='bbox 1224 817 1314 845; x_wconf 87' lang='lat' dir='ltr'><strong>Prima</strong></span> <span class='ocrx_word' id='word_1_288' title='bbox 1337 819 1422 855; x_wconf 81' lang='lat' dir='ltr'><strong>surgit</strong></span> <span class='ocrx_word' id='word_1_289' title='bbox 1435 819 1596 847; x_wconf 82' lang='lat' dir='ltr'><strong>antecedens</strong></span> <span class='ocrx_word' id='word_1_290' title='bbox 1620 820 1703 848; x_wconf 81' lang='lat' dir='ltr'><strong>borea</strong></span> 
     </span>
    </p>
   </div>
   <div class='ocr_carea' id='block_1_34' title="bbox 935 863 1715 900">
    <p class='ocr_par' dir='ltr' id='par_1_34' title="bbox 935 863 1715 900">
     <span class='ocr_line' id='line_1_34' title="bbox 935 863 1715 900; baseline 0.004 -11"><span class='ocrx_word' id='word_1_291' title='bbox 935 863 1033 889; x_wconf 89' lang='lat' dir='ltr'><strong>liorum</strong></span> <span class='ocrx_word' id='word_1_292' title='bbox 1044 882 1052 894; x_wconf 93' lang='lat'><strong>,</strong></span> <span class='ocrx_word' id='word_1_293' title='bbox 1070 870 1130 897; x_wconf 67' lang='lat' dir='ltr'><strong>quae</strong></span> <span class='ocrx_word' id='word_1_294' title='bbox 1142 868 1206 890; x_wconf 86' lang='lat' dir='ltr'><strong>sunt</strong></span> <span class='ocrx_word' id='word_1_295' title='bbox 1220 863 1247 889; x_wconf 91' lang='lat' dir='ltr'><strong>in</strong></span> <span class='ocrx_word' id='word_1_296' title='bbox 1269 863 1399 897; x_wconf 87' lang='lat' dir='ltr'><strong>auribus;</strong></span> <span class='ocrx_word' id='word_1_297' title='bbox 1417 865 1510 891; x_wconf 88' lang='lat' dir='ltr'><strong>ultima</strong></span> <span class='ocrx_word' id='word_1_298' title='bbox 1533 865 1715 900; x_wconf 82' lang='lat' dir='ltr'><strong>posteriorum</strong></span> 
     </span>
    </p>
   </div>
   <div class='ocr_carea' id='block_1_35' title="bbox 936 907 1715 945">
    <p class='ocr_par' dir='ltr' id='par_1_35' title="bbox 936 907 1715 945">
     <span class='ocr_line' id='line_1_35' title="bbox 936 907 1715 945; baseline 0.003 -11"><span class='ocrx_word' id='word_1_299' title='bbox 936 907 1033 942; x_wconf 91' lang='lat' dir='ltr'><strong>pedum</strong></span> <span class='ocrx_word' id='word_1_300' title='bbox 1051 908 1205 935; x_wconf 87' lang='lat' dir='ltr'><strong>australior.</strong></span> <span class='ocrx_word' id='word_1_301' title='bbox 1220 908 1356 935; x_wconf 82' lang='lat' dir='ltr'><strong>Culminat</strong></span> <span class='ocrx_word' id='word_1_302' title='bbox 1372 917 1386 936; x_wconf 92' lang='lat' dir='ltr'><strong>c</strong></span> <span class='ocrx_word' id='word_1_303' title='bbox 1401 909 1486 937; x_wconf 86' lang='lat' dir='ltr'><strong>stellis</strong></span> <span class='ocrx_word' id='word_1_304' title='bbox 1501 910 1612 944; x_wconf 89' lang='lat' dir='ltr'><strong>reliquis</strong></span> <span class='ocrx_word' id='word_1_305' title='bbox 1629 910 1715 945; x_wconf 84' lang='lat' dir='ltr'><strong>prior,</strong></span> 
     </span>
    </p>
   </div>
   <div class='ocr_carea' id='block_1_36' title="bbox 937 953 1716 991">
    <p class='ocr_par' dir='ltr' id='par_1_36' title="bbox 937 953 1716 991">
     <span class='ocr_line' id='line_1_36' title="bbox 937 953 1716 991; baseline 0.005 -11"><span class='ocrx_word' id='word_1_306' title='bbox 937 953 1027 980; x_wconf 85' lang='lat' dir='ltr'><strong>lucida</strong></span> <span class='ocrx_word' id='word_1_307' title='bbox 1043 961 1104 989; x_wconf 66' lang='lat' dir='ltr'><strong>quae</strong></span> <span class='ocrx_word' id='word_1_308' title='bbox 1119 954 1146 981; x_wconf 92' lang='lat' dir='ltr'><strong>in</strong></span> <span class='ocrx_word' id='word_1_309' title='bbox 1161 954 1260 982; x_wconf 83' lang='lat' dir='ltr'><strong>lumbis</strong></span> <span class='ocrx_word' id='word_1_310' title='bbox 1275 954 1360 990; x_wconf 91' lang='lat' dir='ltr'><strong>Equi,</strong></span> <span class='ocrx_word' id='word_1_311' title='bbox 1378 959 1404 982; x_wconf 87' lang='lat' dir='ltr'><strong>ct</strong></span> <span class='ocrx_word' id='word_1_312' title='bbox 1419 964 1465 990; x_wconf 86' lang='lat' dir='ltr'><strong>pes</strong></span> <span class='ocrx_word' id='word_1_313' title='bbox 1480 956 1579 991; x_wconf 88' lang='lat' dir='ltr'><strong>Cephei</strong></span> <span class='ocrx_word' id='word_1_314' title='bbox 1595 957 1716 986; x_wconf 72' lang='lat' dir='ltr'><strong>sinister;</strong></span> 
     </span>
    </p>
   </div>
   <div class='ocr_carea' id='block_1_37' title="bbox 936 998 1715 1032">
    <p class='ocr_par' dir='ltr' id='par_1_37' title="bbox 936 998 1715 1032">
     <span class='ocr_line' id='line_1_37' title="bbox 936 998 1715 1032; baseline 0.005 -7"><span class='ocrx_word' id='word_1_315' title='bbox 936 998 1035 1026; x_wconf 84' lang='lat' dir='ltr'><strong>Ultima</strong></span> <span class='ocrx_word' id='word_1_316' title='bbox 1047 1020 1055 1032; x_wconf 86' lang='lat'><strong>,</strong></span> <span class='ocrx_word' id='word_1_317' title='bbox 1076 999 1213 1027; x_wconf 87' lang='lat' dir='ltr'><strong>borealior</strong></span> <span class='ocrx_word' id='word_1_318' title='bbox 1229 1000 1432 1028; x_wconf 87' lang='lat' dir='ltr'><strong>succedentium</strong></span> <span class='ocrx_word' id='word_1_319' title='bbox 1454 1001 1481 1028; x_wconf 87' lang='lat' dir='ltr'><strong>in</strong></span> <span class='ocrx_word' id='word_1_320' title='bbox 1501 1002 1630 1030; x_wconf 88' lang='lat' dir='ltr'><strong>laterculo</strong></span> <span class='ocrx_word' id='word_1_321' title='bbox 1647 1002 1715 1030; x_wconf 83' lang='lat' dir='ltr'><strong>Ceti.</strong></span> 
     </span>
    </p>
   </div>
   <div class='ocr_carea' id='block_1_38' title="bbox 934 1043 1322 1079">
    <p class='ocr_par' dir='ltr' id='par_1_38' title="bbox 934 1043 1322 1079">
     <span class='ocr_line' id='line_1_38' title="bbox 934 1043 1322 1079; baseline 0.005 -9"><span class='ocrx_word' id='word_1_322' title='bbox 934 1043 1027 1070; x_wconf 89' lang='lat' dir='ltr'><strong>Oritur</strong></span> <span class='ocrx_word' id='word_1_323' title='bbox 1039 1043 1129 1079; x_wconf 90' lang='lat' dir='ltr'><strong>Lepus</strong></span> <span class='ocrx_word' id='word_1_324' title='bbox 1142 1044 1209 1072; x_wconf 80' lang='lat' dir='ltr'><strong>liora</strong></span> <span class='ocrx_word' id='word_1_325' title='bbox 1224 1046 1254 1077; x_wconf 78' lang='grc' dir='ltr'><strong>Ι,</strong></span> <span class='ocrx_word' id='word_1_326' title='bbox 1273 1044 1322 1073; x_wconf 79' lang='grc'><strong>12¹.</strong></span> 
     </span>
    </p>
   </div>
   <div class='ocr_carea' id='block_1_39' title="bbox 94 1089 1719 1128">
    <p class='ocr_par' dir='ltr' id='par_1_39' title="bbox 94 1089 1719 1128">
     <span class='ocr_line' id='line_1_39' title="bbox 94 1089 1719 1128; baseline 0.001 -10"><span class='ocrx_word' id='word_1_327' title='bbox 94 1091 240 1127; x_wconf 78' lang='grc' dir='ltr'><strong>ἀριστερὸς</strong></span> <span class='ocrx_word' id='word_1_328' title='bbox 256 1091 323 1122; x_wconf 82' lang='grc' dir='ltr'>ποῦς</span> <span class='ocrx_word' id='word_1_329' title='bbox 335 1099 342 1105; x_wconf 93' lang='grc'><strong>·</strong></span> <span class='ocrx_word' id='word_1_330' title='bbox 359 1090 470 1126; x_wconf 74' lang='grc' dir='ltr'>ἔσχατος</span> <span class='ocrx_word' id='word_1_331' title='bbox 486 1091 514 1117; x_wconf 84' lang='grc' dir='ltr'><strong>δὲ</strong></span> <span class='ocrx_word' id='word_1_332' title='bbox 530 1090 577 1117; x_wconf 84' lang='grc' dir='ltr'><strong>τοῦ</strong></span> <span class='ocrx_word' id='word_1_333' title='bbox 596 1091 702 1125; x_wconf 82' lang='grc' dir='ltr'>Κήτους</span> <span class='ocrx_word' id='word_1_334' title='bbox 720 1089 774 1116; x_wconf 79' lang='grc' dir='ltr'><strong>τῶν</strong></span> <span class='ocrx_word' id='word_1_335' title='bbox 796 1091 824 1116; x_wconf 83' lang='grc' dir='ltr'>ἐν</span> <span class='ocrx_word' id='word_1_336' title='bbox 845 1089 884 1115; x_wconf 80' lang='grc' dir='ltr'>τῶ</span> <span class='ocrx_word' id='word_1_337' title='bbox 902 1091 1096 1126; x_wconf 73' lang='grc' dir='ltr'>τετραπλεύρῳ</span> <span class='ocrx_word' id='word_1_338' title='bbox 1126 1092 1140 1117; x_wconf 89' lang='grc' dir='ltr'><strong>ὀ</strong></span> <span class='ocrx_word' id='word_1_339' title='bbox 1174 1091 1340 1126; x_wconf 81' lang='grc' dir='ltr'>βορειότερος</span> <span class='ocrx_word' id='word_1_340' title='bbox 1355 1091 1408 1118; x_wconf 85' lang='grc' dir='ltr'><strong>τῶν</strong></span> <span class='ocrx_word' id='word_1_341' title='bbox 1428 1093 1576 1128; x_wconf 81' lang='grc' dir='ltr'>ἑπομένων.</span> <span class='ocrx_word' id='word_1_342' title='bbox 1597 1093 1719 1120; x_wconf 80' lang='grc' dir='ltr'>Ἀνατέλ-</span> 
     </span>
    </p>
   </div>
   <div class='ocr_carea' id='block_1_40' title="bbox 95 1135 688 1171">
    <p class='ocr_par' dir='ltr' id='par_1_40' title="bbox 95 1135 688 1171">
     <span class='ocr_line' id='line_1_40' title="bbox 95 1135 688 1171; baseline -0.003 -8"><span class='ocrx_word' id='word_1_343' title='bbox 95 1136 137 1163; x_wconf 87' lang='grc' dir='ltr'><strong>λει</strong></span> <span class='ocrx_word' id='word_1_344' title='bbox 154 1136 182 1163; x_wconf 80' lang='grc' dir='ltr'><strong>δὲ</strong></span> <span class='ocrx_word' id='word_1_345' title='bbox 201 1136 216 1161; x_wconf 97' lang='lat'><strong>6</strong></span> <span class='ocrx_word' id='word_1_346' title='bbox 231 1136 343 1169; x_wconf 80' lang='grc' dir='ltr'>Λαγωὸς</span> <span class='ocrx_word' id='word_1_347' title='bbox 357 1137 386 1162; x_wconf 83' lang='grc' dir='ltr'><strong>ὲν</strong></span> <span class='ocrx_word' id='word_1_348' title='bbox 400 1135 459 1171; x_wconf 70' lang='grc' dir='ltr'><strong>ὥρᾳ</strong></span> <span class='ocrx_word' id='word_1_349' title='bbox 470 1139 493 1162; x_wconf 86' lang='grc' dir='ltr'>α’</span> <span class='ocrx_word' id='word_1_350' title='bbox 504 1136 552 1162; x_wconf 70' lang='grc' dir='ltr'><strong>καὶ</strong></span> <span class='ocrx_word' id='word_1_351' title='bbox 563 1139 584 1162; x_wconf 82' lang='grc' dir='ltr'>ε’</span> <span class='ocrx_word' id='word_1_352' title='bbox 599 1135 688 1171; x_wconf 79' lang='grc' dir='ltr'>μέρει.</span> 
     </span>
    </p>
   </div>
   <div class='ocr_carea' id='block_1_41' title="bbox 134 1182 887 1221">
    <p class='ocr_par' dir='ltr' id='par_1_41' title="bbox 134 1182 887 1221">
     <span class='ocr_line' id='line_1_41' title="bbox 134 1182 887 1221; baseline -0.001 -12"><span class='ocrx_word' id='word_1_353' title='bbox 134 1183 217 1210; x_wconf 74' lang='grc' dir='ltr'>’Όταν</span> <span class='ocrx_word' id='word_1_354' title='bbox 231 1182 259 1209; x_wconf 80' lang='grc' dir='ltr'>δὲ</span> <span class='ocrx_word' id='word_1_355' title='bbox 272 1182 377 1221; x_wconf 61' lang='grc' dir='ltr'>ὁ,Κύων</span> <span class='ocrx_word' id='word_1_356' title='bbox 389 1183 531 1218; x_wconf 80' lang='grc' dir='ltr'>ἀνατέλλῃ,</span> <span class='ocrx_word' id='word_1_357' title='bbox 546 1182 736 1209; x_wconf 78' lang='grc' dir='ltr'>συνανατέλλει</span> <span class='ocrx_word' id='word_1_358' title='bbox 751 1182 800 1217; x_wconf 84' lang='grc' dir='ltr'><strong>μὲν</strong></span> <span class='ocrx_word' id='word_1_359' title='bbox 812 1182 887 1217; x_wconf 81' lang='grc' dir='ltr'>αὐτῷ</span> 
     </span>
    </p>
   </div>
   <div class='ocr_carea' id='block_1_42' title="bbox 94 1228 884 1265">
    <p class='ocr_par' dir='ltr' id='par_1_42' title="bbox 94 1228 884 1265">
     <span class='ocr_line' id='line_1_42' title="bbox 94 1228 884 1265; baseline -0.001 -9"><span class='ocrx_word' id='word_1_360' title='bbox 94 1231 109 1257; x_wconf 90' lang='lat'><strong>6</strong></span> <span class='ocrx_word' id='word_1_361' title='bbox 127 1228 261 1261; x_wconf 75' lang='grc' dir='ltr'><strong>ζωδιακὸς</strong></span> <span class='ocrx_word' id='word_1_362' title='bbox 278 1229 332 1256; x_wconf 83' lang='grc' dir='ltr'><strong>ἀπὸ</strong></span> <span class='ocrx_word' id='word_1_363' title='bbox 349 1229 486 1265; x_wconf 79' lang='grc' dir='ltr'>Καρκίνου</span> <span class='ocrx_word' id='word_1_364' title='bbox 503 1229 557 1265; x_wconf 86' lang='grc' dir='ltr'>μοί.</span> <span class='ocrx_word' id='word_1_365' title='bbox 580 1233 610 1255; x_wconf 86' lang='grc' dir='ltr'>ιε’</span> <span class='ocrx_word' id='word_1_366' title='bbox 625 1228 677 1260; x_wconf 73' lang='grc' dir='ltr'><strong>ἕως</strong></span> <span class='ocrx_word' id='word_1_367' title='bbox 692 1229 806 1260; x_wconf 84' lang='grc' dir='ltr'>Λέοντος</span> <span class='ocrx_word' id='word_1_368' title='bbox 830 1228 884 1263; x_wconf 90' lang='grc' dir='ltr'>μοί.</span> 
     </span>
    </p>
   </div>
   <div class='ocr_carea' id='block_1_43' title="bbox 95 1274 886 1310">
    <p class='ocr_par' dir='ltr' id='par_1_43' title="bbox 95 1274 886 1310">
     <span class='ocr_line' id='line_1_43' title="bbox 95 1274 886 1310; baseline -0.003 -8"><span class='ocrx_word' id='word_1_369' title='bbox 95 1279 116 1302; x_wconf 87' lang='grc' dir='ltr'>ε’</span> <span class='ocrx_word' id='word_1_370' title='bbox 135 1275 222 1310; x_wconf 82' lang='grc' dir='ltr'>μέσης</span> <span class='ocrx_word' id='word_1_371' title='bbox 235 1283 242 1289; x_wconf 90' lang='grc'><strong>·</strong></span> <span class='ocrx_word' id='word_1_372' title='bbox 259 1276 422 1310; x_wconf 83' lang='grc' dir='ltr'>μεσουρανεῐ</span> <span class='ocrx_word' id='word_1_373' title='bbox 439 1275 469 1301; x_wconf 88' lang='grc' dir='ltr'>δὲ</span> <span class='ocrx_word' id='word_1_374' title='bbox 488 1275 541 1301; x_wconf 81' lang='grc' dir='ltr'>ἀπὸ</span> <span class='ocrx_word' id='word_1_375' title='bbox 559 1274 668 1309; x_wconf 80' lang='grc' dir='ltr'>Ἰχθύων</span> <span class='ocrx_word' id='word_1_376' title='bbox 683 1274 737 1310; x_wconf 89' lang='grc' dir='ltr'>μοί.</span> <span class='ocrx_word' id='word_1_377' title='bbox 758 1277 782 1309; x_wconf 85' lang='grc' dir='ltr'>η’</span> <span class='ocrx_word' id='word_1_378' title='bbox 800 1274 846 1301; x_wconf 76' lang='grc' dir='ltr'><strong>καὶ</strong></span> <span class='ocrx_word' id='word_1_379' title='bbox 861 1277 886 1301; x_wconf 86' lang='grc' dir='ltr'>κ’</span> 
     </span>
    </p>
   </div>
   <div class='ocr_carea' id='block_1_44' title="bbox 95 1320 882 1356">
    <p class='ocr_par' dir='ltr' id='par_1_44' title="bbox 95 1320 882 1356">
     <span class='ocr_line' id='line_1_44' title="bbox 95 1320 882 1356; baseline -0.001 -9"><span class='ocrx_word' id='word_1_380' title='bbox 95 1321 150 1352; x_wconf 70' lang='grc' dir='ltr'>ἕως</span> <span class='ocrx_word' id='word_1_381' title='bbox 162 1320 249 1356; x_wconf 83' lang='grc' dir='ltr'>Κριοῦ</span> <span class='ocrx_word' id='word_1_382' title='bbox 261 1320 282 1347; x_wconf 83' lang='grc' dir='ltr'>δ’</span> <span class='ocrx_word' id='word_1_383' title='bbox 293 1321 340 1347; x_wconf 77' lang='grc' dir='ltr'><strong>καὶ</strong></span> <span class='ocrx_word' id='word_1_384' title='bbox 355 1324 379 1348; x_wconf 89' lang='grc' dir='ltr'>κ’</span> <span class='ocrx_word' id='word_1_385' title='bbox 395 1320 490 1356; x_wconf 84' lang='grc' dir='ltr'><strong>μέσης.</strong></span> <span class='ocrx_word' id='word_1_386' title='bbox 503 1321 557 1348; x_wconf 75' lang='grc' dir='ltr'><strong>Καὶ</strong></span> <span class='ocrx_word' id='word_1_387' title='bbox 571 1323 596 1347; x_wconf 78' lang='grc' dir='ltr'>α’</span> <span class='ocrx_word' id='word_1_388' title='bbox 608 1320 656 1355; x_wconf 79' lang='grc' dir='ltr'><strong>μὲν</strong></span> <span class='ocrx_word' id='word_1_389' title='bbox 671 1320 758 1356; x_wconf 79' lang='grc' dir='ltr'>ἀστὴρ</span> <span class='ocrx_word' id='word_1_390' title='bbox 769 1320 882 1346; x_wconf 81' lang='grc' dir='ltr'>ἀνατέλ-</span> 
     </span>
    </p>
   </div>
   <div class='ocr_carea' id='block_1_45' title="bbox 94 1365 879 1403">
    <p class='ocr_par' dir='ltr' id='par_1_45' title="bbox 94 1365 879 1403">
     <span class='ocr_line' id='line_1_45' title="bbox 94 1365 879 1403; baseline -0.003 -9"><span class='ocrx_word' id='word_1_391' title='bbox 94 1366 139 1394; x_wconf 80' lang='grc' dir='ltr'><strong>λει</strong></span> <span class='ocrx_word' id='word_1_392' title='bbox 157 1367 172 1393; x_wconf 91' lang='lat'><strong>6</strong></span> <span class='ocrx_word' id='word_1_393' title='bbox 190 1367 220 1394; x_wconf 83' lang='grc' dir='ltr'>ὲν</span> <span class='ocrx_word' id='word_1_394' title='bbox 239 1366 316 1402; x_wconf 75' lang='grc' dir='ltr'>ἄκρῳ</span> <span class='ocrx_word' id='word_1_395' title='bbox 333 1366 372 1402; x_wconf 86' lang='grc' dir='ltr'>τῷ</span> <span class='ocrx_word' id='word_1_396' title='bbox 388 1366 545 1402; x_wconf 81' lang='grc' dir='ltr'>ὲμπροσθίῳ</span> <span class='ocrx_word' id='word_1_397' title='bbox 565 1367 612 1394; x_wconf 77' lang='grc' dir='ltr'>καὶ</span> <span class='ocrx_word' id='word_1_398' title='bbox 629 1366 788 1403; x_wconf 83' lang='grc' dir='ltr'>βορειοτέρῳ</span> <span class='ocrx_word' id='word_1_399' title='bbox 804 1365 879 1392; x_wconf 61' lang='lat' dir='ltr'><strong>m6!-</strong></span> 
     </span>
    </p>
   </div>
   <div class='ocr_carea' id='block_1_46' title="bbox 95 1412 882 1449">
    <p class='ocr_par' dir='ltr' id='par_1_46' title="bbox 95 1412 882 1449">
     <span class='ocr_line' id='line_1_46' title="bbox 95 1412 882 1449; baseline -0.001 -10"><span class='ocrx_word' id='word_1_400' title='bbox 95 1412 211 1448; x_wconf 76' lang='grc' dir='ltr'>ἔσχατος</span> <span class='ocrx_word' id='word_1_401' title='bbox 230 1413 259 1439; x_wconf 77' lang='grc' dir='ltr'>δὲ</span> <span class='ocrx_word' id='word_1_402' title='bbox 271 1414 285 1440; x_wconf 97' lang='lat'><strong>6</strong></span> <span class='ocrx_word' id='word_1_403' title='bbox 301 1413 330 1439; x_wconf 81' lang='grc' dir='ltr'>ὲν</span> <span class='ocrx_word' id='word_1_404' title='bbox 347 1413 420 1448; x_wconf 80' lang='grc' dir='ltr'>ἄκρᾳ</span> <span class='ocrx_word' id='word_1_405' title='bbox 492 1414 569 1448; x_wconf 81' lang='grc' dir='ltr'>οὐρᾷ.</span> <span class='ocrx_word' id='word_1_406' title='bbox 590 1413 760 1448; x_wconf 81' lang='grc' dir='ltr'>Μεσουρανεῖ</span> <span class='ocrx_word' id='word_1_407' title='bbox 777 1412 806 1438; x_wconf 77' lang='grc' dir='ltr'><strong>δὲ</strong></span> <span class='ocrx_word' id='word_1_408' title='bbox 828 1412 882 1439; x_wconf 85' lang='grc' dir='ltr'><strong>τῶν</strong></span> 
     </span>
    </p>
   </div>
   <div class='ocr_carea' id='block_1_47' title="bbox 95 1458 884 1494">
    <p class='ocr_par' dir='ltr' id='par_1_47' title="bbox 95 1458 884 1494">
     <span class='ocr_line' id='line_1_47' title="bbox 95 1458 884 1494; baseline 0 -9"><span class='ocrx_word' id='word_1_409' title='bbox 95 1458 186 1486; x_wconf 69' lang='grc' dir='ltr'>ἄλλων</span> <span class='ocrx_word' id='word_1_410' title='bbox 202 1462 226 1485; x_wconf 84' lang='grc' dir='ltr'>α’</span> <span class='ocrx_word' id='word_1_411' title='bbox 241 1458 288 1493; x_wconf 83' lang='grc' dir='ltr'><strong>μὲν</strong></span> <span class='ocrx_word' id='word_1_412' title='bbox 302 1459 316 1485; x_wconf 89' lang='lat'><strong>6</strong></span> <span class='ocrx_word' id='word_1_413' title='bbox 329 1459 358 1485; x_wconf 80' lang='grc' dir='ltr'><strong>ὲν</strong></span> <span class='ocrx_word' id='word_1_414' title='bbox 380 1460 435 1490; x_wconf 85' lang='grc' dir='ltr'>τοῖς</span> <span class='ocrx_word' id='word_1_415' title='bbox 450 1459 514 1486; x_wconf 70' lang='grc' dir='ltr'>ποσὶ</span> <span class='ocrx_word' id='word_1_416' title='bbox 529 1459 579 1494; x_wconf 79' lang='grc' dir='ltr'><strong>τῆς</strong></span> <span class='ocrx_word' id='word_1_417' title='bbox 593 1459 793 1490; x_wconf 83' lang='grc' dir='ltr'>Κασσιεπείας,</span> <span class='ocrx_word' id='word_1_418' title='bbox 808 1459 855 1485; x_wconf 79' lang='grc' dir='ltr'>καὶ</span> <span class='ocrx_word' id='word_1_419' title='bbox 869 1459 884 1485; x_wconf 86' lang='lat'><strong>6</strong></span> 
     </span>
    </p>
   </div>
   <div class='ocr_carea' id='block_1_48' title="bbox 97 1503 883 1540">
    <p class='ocr_par' dir='ltr' id='par_1_48' title="bbox 97 1503 883 1540">
     <span class='ocr_line' id='line_1_48' title="bbox 97 1503 883 1540; baseline 0 -10"><span class='ocrx_word' id='word_1_420' title='bbox 97 1503 269 1540; x_wconf 83' lang='grc' dir='ltr'>βορειότερος</span> <span class='ocrx_word' id='word_1_421' title='bbox 283 1503 337 1530; x_wconf 87' lang='grc' dir='ltr'><strong>τῶν</strong></span> <span class='ocrx_word' id='word_1_422' title='bbox 353 1503 381 1530; x_wconf 81' lang='grc' dir='ltr'><strong>ἐν</strong></span> <span class='ocrx_word' id='word_1_423' title='bbox 403 1504 441 1539; x_wconf 87' lang='grc' dir='ltr'>τῷ</span> <span class='ocrx_word' id='word_1_424' title='bbox 458 1504 536 1540; x_wconf 79' lang='grc' dir='ltr'>δεξιῴ</span> <span class='ocrx_word' id='word_1_425' title='bbox 555 1505 616 1531; x_wconf 74' lang='grc' dir='ltr'>ποδὶ</span> <span class='ocrx_word' id='word_1_426' title='bbox 629 1505 678 1540; x_wconf 84' lang='grc' dir='ltr'>τῆς</span> <span class='ocrx_word' id='word_1_427' title='bbox 694 1504 883 1540; x_wconf 79' lang='grc' dir='ltr'>Ἀνδρομέδας,</span> 
     </span>
    </p>
   </div>
   <div class='ocr_carea' id='block_1_49' title="bbox 971 1182 1719 1219">
    <p class='ocr_par' dir='ltr' id='par_1_49' title="bbox 971 1182 1719 1219">
     <span class='ocr_line' id='line_1_49' title="bbox 971 1182 1719 1219; baseline 0.005 -10"><span class='ocrx_word' id='word_1_428' title='bbox 971 1182 1039 1209; x_wconf 90' lang='lat' dir='ltr'><strong>Cum</strong></span> <span class='ocrx_word' id='word_1_429' title='bbox 1053 1182 1127 1210; x_wconf 88' lang='lat' dir='ltr'><strong>Cane</strong></span> <span class='ocrx_word' id='word_1_430' title='bbox 1143 1183 1272 1211; x_wconf 87' lang='lat' dir='ltr'><strong>zodiacus</strong></span> <span class='ocrx_word' id='word_1_431' title='bbox 1285 1185 1399 1219; x_wconf 81' lang='lat' dir='ltr'><strong>emergit</strong></span> <span class='ocrx_word' id='word_1_432' title='bbox 1412 1191 1426 1210; x_wconf 87' lang='lat' dir='ltr'><strong>a</strong></span> <span class='ocrx_word' id='word_1_433' title='bbox 1441 1183 1538 1211; x_wconf 85' lang='lat' dir='ltr'><strong>Cancri</strong></span> <span class='ocrx_word' id='word_1_434' title='bbox 1555 1185 1587 1212; x_wconf 77' lang='grc'><strong>15</strong></span> <span class='ocrx_word' id='word_1_435' title='bbox 1602 1185 1635 1212; x_wconf 89' lang='lat' dir='ltr'><strong>ad</strong></span> <span class='ocrx_word' id='word_1_436' title='bbox 1651 1185 1719 1213; x_wconf 89' lang='lat' dir='ltr'><strong>Leo-</strong></span> 
     </span>
    </p>
   </div>
   <div class='ocr_carea' id='block_1_50' title="bbox 935 1229 1718 1262">
    <p class='ocr_par' dir='ltr' id='par_1_50' title="bbox 935 1229 1718 1262">
     <span class='ocr_line' id='line_1_50' title="bbox 935 1229 1718 1262; baseline 0.003 -6"><span class='ocrx_word' id='word_1_437' title='bbox 935 1229 979 1256; x_wconf 90' lang='lat' dir='ltr'><strong>nis</strong></span> <span class='ocrx_word' id='word_1_438' title='bbox 996 1229 1112 1256; x_wconf 85' lang='lat' dir='ltr'><strong>mcdiam</strong></span> <span class='ocrx_word' id='word_1_439' title='bbox 1139 1229 1172 1262; x_wconf 85' lang='lat'><strong>5;</strong></span> <span class='ocrx_word' id='word_1_440' title='bbox 1191 1230 1322 1256; x_wconf 88' lang='lat' dir='ltr'><strong>culminat</strong></span> <span class='ocrx_word' id='word_1_441' title='bbox 1337 1237 1353 1256; x_wconf 88' lang='lat' dir='ltr'><strong>a</strong></span> <span class='ocrx_word' id='word_1_442' title='bbox 1371 1229 1406 1257; x_wconf 73' lang='lat'><strong>28</strong></span> <span class='ocrx_word' id='word_1_443' title='bbox 1421 1229 1541 1258; x_wconf 88' lang='lat' dir='ltr'><strong>Piscium</strong></span> <span class='ocrx_word' id='word_1_444' title='bbox 1562 1231 1595 1257; x_wconf 88' lang='lat' dir='ltr'><strong>ad</strong></span> <span class='ocrx_word' id='word_1_445' title='bbox 1619 1231 1718 1259; x_wconf 82' lang='lat' dir='ltr'><strong>Arietis</strong></span> 
     </span>
    </p>
   </div>
   <div class='ocr_carea' id='block_1_51' title="bbox 935 1274 1720 1310">
    <p class='ocr_par' dir='ltr' id='par_1_51' title="bbox 935 1274 1720 1310">
     <span class='ocr_line' id='line_1_51' title="bbox 935 1274 1720 1310; baseline 0.003 -9"><span class='ocrx_word' id='word_1_446' title='bbox 935 1274 970 1302; x_wconf 77' lang='grc'><strong>24</strong></span> <span class='ocrx_word' id='word_1_447' title='bbox 985 1274 1112 1302; x_wconf 88' lang='lat' dir='ltr'><strong>mediam.</strong></span> <span class='ocrx_word' id='word_1_448' title='bbox 1128 1274 1208 1302; x_wconf 82' lang='lat' dir='ltr'><strong>Prior</strong></span> <span class='ocrx_word' id='word_1_449' title='bbox 1222 1275 1308 1302; x_wconf 86' lang='lat' dir='ltr'><strong>oritur</strong></span> <span class='ocrx_word' id='word_1_450' title='bbox 1324 1275 1418 1308; x_wconf 86' lang='lat' dir='ltr'><strong>stella,</strong></span> <span class='ocrx_word' id='word_1_451' title='bbox 1434 1283 1493 1310; x_wconf 72' lang='lat' dir='ltr'><strong>qua:</strong></span> <span class='ocrx_word' id='word_1_452' title='bbox 1507 1276 1533 1302; x_wconf 93' lang='lat' dir='ltr'><strong>in</strong></span> <span class='ocrx_word' id='word_1_453' title='bbox 1547 1277 1720 1304; x_wconf 78' lang='lat' dir='ltr'><strong>extremitate</strong></span> 
     </span>
    </p>
   </div>
   <div class='ocr_carea' id='block_1_52' title="bbox 936 1320 1718 1356">
    <p class='ocr_par' dir='ltr' id='par_1_52' title="bbox 936 1320 1718 1356">
     <span class='ocr_line' id='line_1_52' title="bbox 936 1320 1718 1356; baseline 0.003 -10"><span class='ocrx_word' id='word_1_454' title='bbox 936 1320 1114 1355; x_wconf 64' lang='lat' dir='ltr'><strong>praecedentis</strong></span> <span class='ocrx_word' id='word_1_455' title='bbox 1129 1320 1345 1356; x_wconf 83' lang='lat' dir='ltr'><strong>horealiorisque</strong></span> <span class='ocrx_word' id='word_1_456' title='bbox 1366 1321 1443 1355; x_wconf 90' lang='lat' dir='ltr'><strong>pedis</strong></span> <span class='ocrx_word' id='word_1_457' title='bbox 1456 1329 1463 1353; x_wconf 85' lang='lat'><strong>;</strong></span> <span class='ocrx_word' id='word_1_458' title='bbox 1487 1321 1580 1348; x_wconf 85' lang='lat' dir='ltr'><strong>ultima</strong></span> <span class='ocrx_word' id='word_1_459' title='bbox 1592 1341 1599 1353; x_wconf 88' lang='lat'><strong><em>,</em></strong></span> <span class='ocrx_word' id='word_1_460' title='bbox 1617 1329 1675 1356; x_wconf 59' lang='lat' dir='ltr'><strong>quae</strong></span> <span class='ocrx_word' id='word_1_461' title='bbox 1691 1321 1718 1348; x_wconf 91' lang='lat' dir='ltr'><strong>in</strong></span> 
     </span>
    </p>
   </div>
   <div class='ocr_carea' id='block_1_53' title="bbox 937 1365 1720 1401">
    <p class='ocr_par' dir='ltr' id='par_1_53' title="bbox 937 1365 1720 1401">
     <span class='ocr_line' id='line_1_53' title="bbox 937 1365 1720 1401; baseline 0.001 -8"><span class='ocrx_word' id='word_1_462' title='bbox 937 1370 1059 1393; x_wconf 75' lang='lat' dir='ltr'><strong>extrema</strong></span> <span class='ocrx_word' id='word_1_463' title='bbox 1073 1365 1171 1393; x_wconf 86' lang='lat' dir='ltr'><strong>cauda.</strong></span> <span class='ocrx_word' id='word_1_464' title='bbox 1185 1365 1224 1393; x_wconf 77' lang='lat' dir='ltr'><strong>Ex</strong></span> <span class='ocrx_word' id='word_1_465' title='bbox 1238 1366 1298 1393; x_wconf 91' lang='lat' dir='ltr'><strong>aliis</strong></span> <span class='ocrx_word' id='word_1_466' title='bbox 1312 1366 1443 1393; x_wconf 88' lang='lat' dir='ltr'><strong>culminat</strong></span> <span class='ocrx_word' id='word_1_467' title='bbox 1458 1374 1488 1393; x_wconf 90' lang='lat' dir='ltr'><strong>ea</strong></span> <span class='ocrx_word' id='word_1_468' title='bbox 1500 1386 1508 1398; x_wconf 88' lang='lat'><strong><em>,</em></strong></span> <span class='ocrx_word' id='word_1_469' title='bbox 1539 1374 1599 1401; x_wconf 80' lang='lat' dir='ltr'><strong>quae</strong></span> <span class='ocrx_word' id='word_1_470' title='bbox 1621 1366 1648 1393; x_wconf 89' lang='lat' dir='ltr'><strong>in</strong></span> <span class='ocrx_word' id='word_1_471' title='bbox 1672 1374 1720 1401; x_wconf 88' lang='lat' dir='ltr'><strong>pe-</strong></span> 
     </span>
    </p>
   </div>
   <div class='ocr_carea' id='block_1_54' title="bbox 937 1411 1719 1447">
    <p class='ocr_par' dir='ltr' id='par_1_54' title="bbox 937 1411 1719 1447">
     <span class='ocr_line' id='line_1_54' title="bbox 937 1411 1719 1447; baseline 0.003 -9"><span class='ocrx_word' id='word_1_472' title='bbox 937 1411 1017 1439; x_wconf 87' lang='lat' dir='ltr'><strong>dibus</strong></span> <span class='ocrx_word' id='word_1_473' title='bbox 1045 1411 1218 1446; x_wconf 69' lang='lat' dir='ltr'><strong>Cassiepem,</strong></span> <span class='ocrx_word' id='word_1_474' title='bbox 1245 1416 1272 1439; x_wconf 86' lang='lat' dir='ltr'><strong>et</strong></span> <span class='ocrx_word' id='word_1_475' title='bbox 1301 1412 1437 1440; x_wconf 87' lang='lat' dir='ltr'><strong>borcalior</strong></span> <span class='ocrx_word' id='word_1_476' title='bbox 1466 1419 1574 1447; x_wconf 75' lang='lat' dir='ltr'><strong>earum,</strong></span> <span class='ocrx_word' id='word_1_477' title='bbox 1600 1420 1660 1447; x_wconf 76' lang='lat' dir='ltr'><strong>quae</strong></span> <span class='ocrx_word' id='word_1_478' title='bbox 1690 1413 1719 1440; x_wconf 92' lang='lat' dir='ltr'><strong>in</strong></span> 
     </span>
    </p>
   </div>
   <div class='ocr_carea' id='block_1_55' title="bbox 938 1458 1719 1493">
    <p class='ocr_par' dir='ltr' id='par_1_55' title="bbox 938 1458 1719 1493">
     <span class='ocr_line' id='line_1_55' title="bbox 938 1458 1719 1493; baseline 0.001 -8"><span class='ocrx_word' id='word_1_479' title='bbox 938 1458 1035 1485; x_wconf 81' lang='lat' dir='ltr'><strong>dextro</strong></span> <span class='ocrx_word' id='word_1_480' title='bbox 1063 1458 1243 1486; x_wconf 62' lang='lat' dir='ltr'><strong>Andromeda;</strong></span> <span class='ocrx_word' id='word_1_481' title='bbox 1273 1458 1340 1493; x_wconf 86' lang='lat' dir='ltr'><strong>pede</strong></span> <span class='ocrx_word' id='word_1_482' title='bbox 1370 1459 1509 1493; x_wconf 84' lang='lat' dir='ltr'><strong>paululum</strong></span> <span class='ocrx_word' id='word_1_483' title='bbox 1540 1458 1719 1486; x_wconf 88' lang='lat' dir='ltr'><strong>meridianum</strong></span> 
     </span>
    </p>
   </div>
   <div class='ocr_carea' id='block_1_56' title="bbox 938 1502 1720 1536">
    <p class='ocr_par' dir='ltr' id='par_1_56' title="bbox 938 1502 1720 1536">
     <span class='ocr_line' id='line_1_56' title="bbox 938 1502 1720 1536; baseline -0.003 -5"><span class='ocrx_word' id='word_1_484' title='bbox 938 1503 1094 1536; x_wconf 85' lang='lat' dir='ltr'><strong>antecedit;</strong></span> <span class='ocrx_word' id='word_1_485' title='bbox 1122 1504 1216 1531; x_wconf 87' lang='lat' dir='ltr'><strong>ultima</strong></span> <span class='ocrx_word' id='word_1_486' title='bbox 1238 1511 1320 1536; x_wconf 80' lang='lat' dir='ltr'><strong>vero,</strong></span> <span class='ocrx_word' id='word_1_487' title='bbox 1343 1503 1433 1530; x_wconf 88' lang='lat' dir='ltr'><strong>lucida</strong></span> <span class='ocrx_word' id='word_1_488' title='bbox 1451 1503 1480 1530; x_wconf 90' lang='lat' dir='ltr'><strong>in</strong></span> <span class='ocrx_word' id='word_1_489' title='bbox 1502 1503 1598 1530; x_wconf 75' lang='lat' dir='ltr'><strong>dextro</strong></span> <span class='ocrx_word' id='word_1_490' title='bbox 1618 1502 1720 1530; x_wconf 80' lang='lat' dir='ltr'><strong>femore</strong></span> 
     </span>
    </p>
   </div>
   <div class='ocr_carea' id='block_1_57' title="bbox 98 1545 886 1585">
    <p class='ocr_par' dir='ltr' id='par_1_57' title="bbox 98 1548 886 1585">
     <span class='ocr_line' id='line_1_57' title="bbox 98 1548 886 1585; baseline 0.001 -10"><span class='ocrx_word' id='word_1_491' title='bbox 98 1548 200 1584; x_wconf 82' lang='grc' dir='ltr'>μικρὸν</span> <span class='ocrx_word' id='word_1_492' title='bbox 216 1548 420 1584; x_wconf 86' lang='grc' dir='ltr'>προηγούμενος</span> <span class='ocrx_word' id='word_1_493' title='bbox 437 1548 484 1575; x_wconf 86' lang='grc' dir='ltr'><strong>τοῦ</strong></span> <span class='ocrx_word' id='word_1_494' title='bbox 506 1549 708 1585; x_wconf 47' lang='grc' dir='ltr'>μεσημϐρινοῦ</span> <span class='ocrx_word' id='word_1_495' title='bbox 731 1549 844 1584; x_wconf 73' lang='grc' dir='ltr'>ἔσχατος</span> <span class='ocrx_word' id='word_1_496' title='bbox 858 1549 886 1575; x_wconf 85' lang='grc' dir='ltr'>δὲ</span> 
     </span>
    </p>
   </div>
   <div class='ocr_carea' id='block_1_58' title="bbox 943 1545 1720 1585">
    <p class='ocr_par' dir='ltr' id='par_1_58' title="bbox 943 1547 1720 1583">
     <span class='ocr_line' id='line_1_58' title="bbox 943 1547 1720 1583; baseline -0.003 -7"><span class='ocrx_word' id='word_1_497' title='bbox 943 1548 1051 1581; x_wconf 85' lang='lat' dir='ltr'><strong>Persei,</strong></span> <span class='ocrx_word' id='word_1_498' title='bbox 1077 1554 1103 1576; x_wconf 88' lang='lat' dir='ltr'><strong>et</strong></span> <span class='ocrx_word' id='word_1_499' title='bbox 1127 1549 1276 1577; x_wconf 88' lang='lat' dir='ltr'><strong>succedens</strong></span> <span class='ocrx_word' id='word_1_500' title='bbox 1299 1555 1393 1576; x_wconf 90' lang='lat' dir='ltr'><strong>earum</strong></span> <span class='ocrx_word' id='word_1_501' title='bbox 1415 1555 1475 1583; x_wconf 79' lang='lat' dir='ltr'><strong>quae</strong></span> <span class='ocrx_word' id='word_1_502' title='bbox 1498 1552 1561 1576; x_wconf 89' lang='lat' dir='ltr'><strong>sunt</strong></span> <span class='ocrx_word' id='word_1_503' title='bbox 1583 1548 1610 1574; x_wconf 93' lang='lat' dir='ltr'><strong>in</strong></span> <span class='ocrx_word' id='word_1_504' title='bbox 1633 1547 1720 1575; x_wconf 80' lang='lat' dir='ltr'><strong>cauda</strong></span> 
     </span>
    </p>
   </div>
   <div class='ocr_carea' id='block_1_59' title="bbox 96 1592 884 1631">
    <p class='ocr_par' dir='ltr' id='par_1_59' title="bbox 96 1592 884 1631">
     <span class='ocr_line' id='line_1_59' title="bbox 96 1592 884 1631; baseline 0 -11"><span class='ocrx_word' id='word_1_505' title='bbox 96 1593 146 1621; x_wconf 82' lang='grc' dir='ltr'><strong>τοῦ</strong></span> <span class='ocrx_word' id='word_1_506' title='bbox 162 1592 288 1630; x_wconf 83' lang='grc' dir='ltr'>Περσέως</span> <span class='ocrx_word' id='word_1_507' title='bbox 301 1595 316 1621; x_wconf 89' lang='lat'><strong>6</strong></span> <span class='ocrx_word' id='word_1_508' title='bbox 334 1596 364 1621; x_wconf 78' lang='grc' dir='ltr'>ἑν</span> <span class='ocrx_word' id='word_1_509' title='bbox 378 1593 417 1630; x_wconf 79' lang='grc' dir='ltr'><strong>τῷ</strong></span> <span class='ocrx_word' id='word_1_510' title='bbox 429 1594 508 1630; x_wconf 80' lang='grc' dir='ltr'>δεξιῷ</span> <span class='ocrx_word' id='word_1_511' title='bbox 524 1595 603 1630; x_wconf 85' lang='grc' dir='ltr'><strong>μηρῷ</strong></span> <span class='ocrx_word' id='word_1_512' title='bbox 622 1595 756 1631; x_wconf 79' lang='grc' dir='ltr'>λαμπρὸς,</span> <span class='ocrx_word' id='word_1_513' title='bbox 769 1595 816 1622; x_wconf 75' lang='grc' dir='ltr'><strong>καὶ</strong></span> <span class='ocrx_word' id='word_1_514' title='bbox 838 1593 884 1621; x_wconf 83' lang='grc' dir='ltr'><strong>τοῦ</strong></span> 
     </span>
    </p>
   </div>
   <div class='ocr_carea' id='block_1_60' title="bbox 97 1640 886 1677">
    <p class='ocr_par' dir='ltr' id='par_1_60' title="bbox 97 1640 886 1677">
     <span class='ocr_line' id='line_1_60' title="bbox 97 1640 886 1677; baseline -0.001 -9"><span class='ocrx_word' id='word_1_515' title='bbox 97 1641 239 1677; x_wconf 74' lang='grc' dir='ltr'>Καρκίνου</span> <span class='ocrx_word' id='word_1_516' title='bbox 251 1641 266 1668; x_wconf 86' lang='lat'><strong>6</strong></span> <span class='ocrx_word' id='word_1_517' title='bbox 278 1641 409 1676; x_wconf 78' lang='grc' dir='ltr'>ἑπόμενος</span> <span class='ocrx_word' id='word_1_518' title='bbox 422 1640 476 1667; x_wconf 87' lang='grc' dir='ltr'><strong>τῶν</strong></span> <span class='ocrx_word' id='word_1_519' title='bbox 488 1641 516 1668; x_wconf 80' lang='grc' dir='ltr'>ἐν</span> <span class='ocrx_word' id='word_1_520' title='bbox 529 1642 561 1676; x_wconf 86' lang='grc' dir='ltr'>τῇ</span> <span class='ocrx_word' id='word_1_521' title='bbox 573 1641 651 1676; x_wconf 87' lang='grc' dir='ltr'>οὐρᾷ.</span> <span class='ocrx_word' id='word_1_522' title='bbox 670 1641 821 1668; x_wconf 85' lang='grc' dir='ltr'>Ἀνατέλλει</span> <span class='ocrx_word' id='word_1_523' title='bbox 835 1641 864 1668; x_wconf 81' lang='grc' dir='ltr'>δὲ</span> <span class='ocrx_word' id='word_1_524' title='bbox 872 1641 886 1667; x_wconf 90' lang='lat'><strong>6</strong></span> 
     </span>
    </p>
   </div>
   <div class='ocr_carea' id='block_1_61' title="bbox 97 1687 732 1724">
    <p class='ocr_par' dir='ltr' id='par_1_61' title="bbox 97 1687 732 1724">
     <span class='ocr_line' id='line_1_61' title="bbox 97 1687 732 1724; baseline 0 -9"><span class='ocrx_word' id='word_1_525' title='bbox 97 1688 182 1715; x_wconf 79' lang='grc' dir='ltr'>Κύων</span> <span class='ocrx_word' id='word_1_526' title='bbox 196 1689 226 1715; x_wconf 80' lang='grc' dir='ltr'>ὲν</span> <span class='ocrx_word' id='word_1_527' title='bbox 241 1689 300 1724; x_wconf 82' lang='grc' dir='ltr'><strong>ὥρᾳ</strong></span> <span class='ocrx_word' id='word_1_528' title='bbox 320 1689 370 1724; x_wconf 76' lang='grc' dir='ltr'>μιᾷ</span> <span class='ocrx_word' id='word_1_529' title='bbox 383 1688 431 1715; x_wconf 76' lang='grc' dir='ltr'>καὶ</span> <span class='ocrx_word' id='word_1_530' title='bbox 444 1687 504 1714; x_wconf 76' lang='grc' dir='ltr'>δυσὶ</span> <span class='ocrx_word' id='word_1_531' title='bbox 523 1687 634 1723; x_wconf 86' lang='grc' dir='ltr'>μέρεσιν</span> <span class='ocrx_word' id='word_1_532' title='bbox 647 1687 732 1724; x_wconf 84' lang='grc' dir='ltr'>ὥρας.</span> 
     </span>
    </p>
   </div>
   <div class='ocr_carea' id='block_1_62' title="bbox 136 1732 887 1770">
    <p class='ocr_par' dir='ltr' id='par_1_62' title="bbox 136 1732 887 1770">
     <span class='ocr_line' id='line_1_62' title="bbox 136 1732 887 1770; baseline -0.003 -9"><span class='ocrx_word' id='word_1_533' title='bbox 136 1734 190 1762; x_wconf 84' lang='grc' dir='ltr'>Τοῦ</span> <span class='ocrx_word' id='word_1_534' title='bbox 203 1734 232 1761; x_wconf 83' lang='grc' dir='ltr'>δὲ</span> <span class='ocrx_word' id='word_1_535' title='bbox 246 1735 384 1770; x_wconf 85' lang='grc' dir='ltr'>Πρόκυνος</span> <span class='ocrx_word' id='word_1_536' title='bbox 405 1733 594 1764; x_wconf 85' lang='grc' dir='ltr'>ἀνατέλλοντος</span> <span class='ocrx_word' id='word_1_537' title='bbox 604 1753 612 1767; x_wconf 87' lang='grc'><strong><em>,</em></strong></span> <span class='ocrx_word' id='word_1_538' title='bbox 627 1732 815 1760; x_wconf 84' lang='grc' dir='ltr'>συνανατέλλει</span> <span class='ocrx_word' id='word_1_539' title='bbox 837 1732 887 1768; x_wconf 83' lang='grc' dir='ltr'>μὲν</span> 
     </span>
    </p>
   </div>
   <div class='ocr_carea' id='block_1_63' title="bbox 98 1778 888 1816">
    <p class='ocr_par' dir='ltr' id='par_1_63' title="bbox 98 1778 888 1816">
     <span class='ocr_line' id='line_1_63' title="bbox 98 1778 888 1816; baseline -0.004 -9"><span class='ocrx_word' id='word_1_540' title='bbox 98 1780 176 1816; x_wconf 81' lang='grc' dir='ltr'>αὐτῷ</span> <span class='ocrx_word' id='word_1_541' title='bbox 196 1781 210 1806; x_wconf 88' lang='lat'><strong>6</strong></span> <span class='ocrx_word' id='word_1_542' title='bbox 231 1778 362 1812; x_wconf 72' lang='grc' dir='ltr'>ζωδιακὸς</span> <span class='ocrx_word' id='word_1_543' title='bbox 381 1780 434 1806; x_wconf 79' lang='grc' dir='ltr'>ἀπὸ</span> <span class='ocrx_word' id='word_1_544' title='bbox 455 1778 592 1814; x_wconf 75' lang='grc' dir='ltr'>Καρκίνου</span> <span class='ocrx_word' id='word_1_545' title='bbox 609 1778 628 1805; x_wconf 88' lang='lat'><em>6&#39;</em></span> <span class='ocrx_word' id='word_1_546' title='bbox 653 1779 708 1814; x_wconf 86' lang='grc' dir='ltr'>μοί.</span> <span class='ocrx_word' id='word_1_547' title='bbox 731 1779 817 1815; x_wconf 81' lang='grc' dir='ltr'>μέσης</span> <span class='ocrx_word' id='word_1_548' title='bbox 835 1779 888 1810; x_wconf 69' lang='grc' dir='ltr'>ἕως</span> 
     </span>
    </p>
   </div>
   <div class='ocr_carea' id='block_1_64' title="bbox 98 1825 887 1862">
    <p class='ocr_par' dir='ltr' id='par_1_64' title="bbox 98 1825 887 1862">
     <span class='ocr_line' id='line_1_64' title="bbox 98 1825 887 1862; baseline -0.004 -8"><span class='ocrx_word' id='word_1_549' title='bbox 98 1826 240 1862; x_wconf 80' lang='grc' dir='ltr'>Καρκίνου</span> <span class='ocrx_word' id='word_1_550' title='bbox 258 1826 314 1862; x_wconf 83' lang='grc' dir='ltr'>μοί.</span> <span class='ocrx_word' id='word_1_551' title='bbox 328 1827 365 1853; x_wconf 76' lang='grc' dir='ltr'><strong>θ¹ο</strong></span> <span class='ocrx_word' id='word_1_552' title='bbox 380 1827 542 1861; x_wconf 84' lang='grc' dir='ltr'>μεσουρανεῖ</span> <span class='ocrx_word' id='word_1_553' title='bbox 553 1825 581 1852; x_wconf 83' lang='grc' dir='ltr'>δὲ</span> <span class='ocrx_word' id='word_1_554' title='bbox 595 1825 649 1852; x_wconf 80' lang='grc' dir='ltr'>ἀπὸ</span> <span class='ocrx_word' id='word_1_555' title='bbox 665 1825 773 1860; x_wconf 84' lang='grc' dir='ltr'>Ἰχθύων</span> <span class='ocrx_word' id='word_1_556' title='bbox 792 1825 887 1860; x_wconf 85' lang='grc' dir='ltr'>μοί.ιε’</span> 
     </span>
    </p>
   </div>
   <div class='ocr_carea' id='block_1_65' title="bbox 98 1867 888 1908">
    <p class='ocr_par' dir='ltr' id='par_1_65' title="bbox 98 1867 888 1908">
     <span class='ocr_line' id='line_1_65' title="bbox 98 1867 888 1908; baseline -0.005 -8"><span class='ocrx_word' id='word_1_557' title='bbox 98 1874 154 1904; x_wconf 75' lang='grc' dir='ltr'>ἕως</span> <span class='ocrx_word' id='word_1_558' title='bbox 174 1872 282 1908; x_wconf 83' lang='grc' dir='ltr'>Ἰχθύων</span> <span class='ocrx_word' id='word_1_559' title='bbox 295 1872 349 1908; x_wconf 89' lang='grc' dir='ltr'>μοί.</span> <span class='ocrx_word' id='word_1_560' title='bbox 360 1875 384 1899; x_wconf 86' lang='grc' dir='ltr'>κ’</span> <span class='ocrx_word' id='word_1_561' title='bbox 397 1872 494 1908; x_wconf 82' lang='grc' dir='ltr'>μέσης.</span> <span class='ocrx_word' id='word_1_562' title='bbox 510 1871 565 1898; x_wconf 74' lang='grc' dir='ltr'>Καὶ</span> <span class='ocrx_word' id='word_1_563' title='bbox 576 1874 599 1898; x_wconf 83' lang='grc' dir='ltr'>α’</span> <span class='ocrx_word' id='word_1_564' title='bbox 616 1871 665 1906; x_wconf 77' lang='grc' dir='ltr'>μὲν</span> <span class='ocrx_word' id='word_1_565' title='bbox 672 1867 767 1907; x_wconf 74' lang='grc' dir='ltr'>’Βιστὴρ</span> <span class='ocrx_word' id='word_1_566' title='bbox 780 1870 888 1897; x_wconf 82' lang='grc' dir='ltr'>ἀνατέλ-</span> 
     </span>
    </p>
   </div>
   <div class='ocr_carea' id='block_1_66' title="bbox 98 1916 887 1954">
    <p class='ocr_par' dir='ltr' id='par_1_66' title="bbox 98 1916 887 1954">
     <span class='ocr_line' id='line_1_66' title="bbox 98 1916 887 1954; baseline -0.005 -9"><span class='ocrx_word' id='word_1_567' title='bbox 98 1920 142 1946; x_wconf 75' lang='grc' dir='ltr'><strong>λει</strong></span> <span class='ocrx_word' id='word_1_568' title='bbox 154 1919 169 1945; x_wconf 88' lang='lat'><strong>6</strong></span> <span class='ocrx_word' id='word_1_569' title='bbox 181 1919 331 1954; x_wconf 76' lang='grc' dir='ltr'>ἡγούμενος</span> <span class='ocrx_word' id='word_1_570' title='bbox 349 1918 395 1945; x_wconf 79' lang='grc' dir='ltr'><strong>καὶ</strong></span> <span class='ocrx_word' id='word_1_571' title='bbox 415 1917 523 1948; x_wconf 78' lang='grc' dir='ltr'>διπλοῦς</span> <span class='ocrx_word' id='word_1_572' title='bbox 536 1937 543 1950; x_wconf 89' lang='grc'><strong><em>,</em></strong></span> <span class='ocrx_word' id='word_1_573' title='bbox 560 1916 672 1952; x_wconf 73' lang='grc' dir='ltr'>ἔσχατος</span> <span class='ocrx_word' id='word_1_574' title='bbox 687 1916 715 1943; x_wconf 76' lang='grc' dir='ltr'>δὲ</span> <span class='ocrx_word' id='word_1_575' title='bbox 729 1917 743 1943; x_wconf 90' lang='lat'><strong>6</strong></span> <span class='ocrx_word' id='word_1_576' title='bbox 757 1916 887 1951; x_wconf 75' lang='grc' dir='ltr'>ἑπόμενος</span> 
     </span>
    </p>
   </div>
   <div class='ocr_carea' id='block_1_67' title="bbox 98 1961 888 2000">
    <p class='ocr_par' dir='ltr' id='par_1_67' title="bbox 98 1961 888 2000">
     <span class='ocr_line' id='line_1_67' title="bbox 98 1961 888 2000; baseline -0.008 -8"><span class='ocrx_word' id='word_1_577' title='bbox 98 1965 150 1992; x_wconf 85' lang='grc' dir='ltr'><strong>καὶ</strong></span> <span class='ocrx_word' id='word_1_578' title='bbox 162 1964 296 2000; x_wconf 86' lang='grc' dir='ltr'>λαμπρός.</span> <span class='ocrx_word' id='word_1_579' title='bbox 307 1964 477 1999; x_wconf 77' lang='grc' dir='ltr'>Μεσουρανεῖ</span> <span class='ocrx_word' id='word_1_580' title='bbox 494 1963 522 1989; x_wconf 83' lang='grc' dir='ltr'><strong>δὲ</strong></span> <span class='ocrx_word' id='word_1_581' title='bbox 541 1963 596 1989; x_wconf 84' lang='grc' dir='ltr'>τῶν</span> <span class='ocrx_word' id='word_1_582' title='bbox 609 1962 694 1990; x_wconf 85' lang='grc' dir='ltr'>ἄλλων</span> <span class='ocrx_word' id='word_1_583' title='bbox 710 1961 760 1996; x_wconf 85' lang='grc' dir='ltr'>τῆς</span> <span class='ocrx_word' id='word_1_584' title='bbox 770 1961 888 1987; x_wconf 64' lang='lat' dir='ltr'><strong>Kac-cne-</strong></span> 
     </span>
    </p>
   </div>
   <div class='ocr_carea' id='block_1_68' title="bbox 99 2005 887 2045">
    <p class='ocr_par' dir='ltr' id='par_1_68' title="bbox 99 2005 887 2045">
     <span class='ocr_line' id='line_1_68' title="bbox 99 2005 887 2045; baseline -0.008 -8"><span class='ocrx_word' id='word_1_585' title='bbox 99 2010 183 2041; x_wconf 79' lang='grc' dir='ltr'>πείας</span> <span class='ocrx_word' id='word_1_586' title='bbox 194 2010 208 2036; x_wconf 92' lang='lat'><strong>6</strong></span> <span class='ocrx_word' id='word_1_587' title='bbox 224 2010 253 2036; x_wconf 77' lang='grc' dir='ltr'>ὲν</span> <span class='ocrx_word' id='word_1_588' title='bbox 272 2009 345 2045; x_wconf 83' lang='grc' dir='ltr'><strong>μέσῳ</strong></span> <span class='ocrx_word' id='word_1_589' title='bbox 364 2008 403 2044; x_wconf 84' lang='grc' dir='ltr'>τῷ</span> <span class='ocrx_word' id='word_1_590' title='bbox 423 2008 540 2043; x_wconf 81' lang='grc' dir='ltr'>σώματι,</span> <span class='ocrx_word' id='word_1_591' title='bbox 558 2006 661 2034; x_wconf 74' lang='grc' dir='ltr'>καὶτοῦ</span> <span class='ocrx_word' id='word_1_592' title='bbox 675 2007 781 2041; x_wconf 84' lang='grc' dir='ltr'>Κήτους</span> <span class='ocrx_word' id='word_1_593' title='bbox 791 2005 843 2032; x_wconf 86' lang='grc' dir='ltr'><strong>τῶν</strong></span> <span class='ocrx_word' id='word_1_594' title='bbox 859 2006 887 2031; x_wconf 82' lang='grc' dir='ltr'>ὲν</span> 
     </span>
    </p>
   </div>
   <div class='ocr_carea' id='block_1_69' title="bbox 98 2052 888 2093">
    <p class='ocr_par' dir='ltr' id='par_1_69' title="bbox 98 2052 888 2093">
     <span class='ocr_line' id='line_1_69' title="bbox 98 2052 888 2093; baseline -0.009 -9"><span class='ocrx_word' id='word_1_595' title='bbox 98 2059 134 2093; x_wconf 80' lang='grc' dir='ltr'>τῇ</span> <span class='ocrx_word' id='word_1_596' title='bbox 150 2057 218 2092; x_wconf 77' lang='grc' dir='ltr'>οὐρᾷ</span> <span class='ocrx_word' id='word_1_597' title='bbox 229 2057 249 2084; x_wconf 88' lang='lat'><em>6&#39;</em></span> <span class='ocrx_word' id='word_1_598' title='bbox 260 2057 285 2083; x_wconf 81' lang='lat' dir='ltr'><strong>oi.</strong></span> <span class='ocrx_word' id='word_1_599' title='bbox 297 2056 434 2091; x_wconf 81' lang='grc' dir='ltr'>ἑπόμενοι.</span> <span class='ocrx_word' id='word_1_600' title='bbox 448 2054 577 2090; x_wconf 82' lang='grc' dir='ltr'>Ἐσχατοι</span> <span class='ocrx_word' id='word_1_601' title='bbox 590 2054 618 2081; x_wconf 83' lang='grc' dir='ltr'>δὲ</span> <span class='ocrx_word' id='word_1_602' title='bbox 633 2052 827 2089; x_wconf 81' lang='grc' dir='ltr'>μεσουρανοῦσι</span> <span class='ocrx_word' id='word_1_603' title='bbox 839 2052 888 2086; x_wconf 88' lang='grc' dir='ltr'>τῆς</span> 
     </span>
    </p>
   </div>
   <div class='ocr_carea' id='block_1_70' title="bbox 98 2097 888 2139">
    <p class='ocr_par' dir='ltr' id='par_1_70' title="bbox 98 2097 888 2139">
     <span class='ocr_line' id='line_1_70' title="bbox 98 2097 888 2139; baseline -0.009 -9"><span class='ocrx_word' id='word_1_604' title='bbox 98 2113 131 2131; x_wconf 86' lang='grc' dir='ltr'><strong>τε</strong></span> <span class='ocrx_word' id='word_1_605' title='bbox 149 2102 327 2139; x_wconf 77' lang='grc' dir='ltr'>Ἀνδρομέδας</span> <span class='ocrx_word' id='word_1_606' title='bbox 344 2103 358 2128; x_wconf 90' lang='lat'><strong>6</strong></span> <span class='ocrx_word' id='word_1_607' title='bbox 379 2101 506 2136; x_wconf 75' lang='grc' dir='ltr'>ἐχόμενος</span> <span class='ocrx_word' id='word_1_608' title='bbox 521 2100 576 2129; x_wconf 85' lang='grc' dir='ltr'><strong>τῶν</strong></span> <span class='ocrx_word' id='word_1_609' title='bbox 591 2101 619 2127; x_wconf 82' lang='grc' dir='ltr'>ὲν</span> <span class='ocrx_word' id='word_1_610' title='bbox 632 2102 665 2136; x_wconf 84' lang='grc' dir='ltr'>τῇ</span> <span class='ocrx_word' id='word_1_611' title='bbox 681 2099 763 2135; x_wconf 78' lang='grc' dir='ltr'><strong>ζώνῃ,</strong></span> <span class='ocrx_word' id='word_1_612' title='bbox 778 2098 825 2124; x_wconf 72' lang='grc' dir='ltr'>καὶ</span> <span class='ocrx_word' id='word_1_613' title='bbox 841 2097 888 2124; x_wconf 88' lang='grc' dir='ltr'><strong>τοῦ</strong></span> 
     </span>
    </p>
   </div>
   <div class='ocr_carea' id='block_1_71' title="bbox 98 2144 888 2184">
    <p class='ocr_par' dir='ltr' id='par_1_71' title="bbox 98 2144 888 2184">
     <span class='ocr_line' id='line_1_71' title="bbox 98 2144 888 2184; baseline -0.008 -8"><span class='ocrx_word' id='word_1_614' title='bbox 98 2150 210 2184; x_wconf 84' lang='grc' dir='ltr'>Κὴτους</span> <span class='ocrx_word' id='word_1_615' title='bbox 222 2150 236 2175; x_wconf 89' lang='lat'><strong>6</strong></span> <span class='ocrx_word' id='word_1_616' title='bbox 251 2148 418 2184; x_wconf 80' lang='grc' dir='ltr'>βορειότερος</span> <span class='ocrx_word' id='word_1_617' title='bbox 430 2147 483 2174; x_wconf 85' lang='grc' dir='ltr'><strong>τῶν</strong></span> <span class='ocrx_word' id='word_1_618' title='bbox 494 2148 522 2174; x_wconf 83' lang='grc' dir='ltr'>ὲν</span> <span class='ocrx_word' id='word_1_619' title='bbox 534 2146 572 2182; x_wconf 82' lang='grc' dir='ltr'>τῷ</span> <span class='ocrx_word' id='word_1_620' title='bbox 592 2145 794 2182; x_wconf 82' lang='grc' dir='ltr'>τετραπλεύρῳ,</span> <span class='ocrx_word' id='word_1_621' title='bbox 812 2144 888 2170; x_wconf 72' lang='grc' dir='ltr'>Ἀνα-</span> 
     </span>
    </p>
   </div>
   <div class='ocr_carea' id='block_1_72' title="bbox 98 2192 660 2230">
    <p class='ocr_par' dir='ltr' id='par_1_72' title="bbox 98 2192 660 2230">
     <span class='ocr_line' id='line_1_72' title="bbox 98 2192 660 2230; baseline -0.007 -8"><span class='ocrx_word' id='word_1_622' title='bbox 98 2195 190 2223; x_wconf 76' lang='grc' dir='ltr'>τέλλει</span> <span class='ocrx_word' id='word_1_623' title='bbox 199 2194 227 2222; x_wconf 81' lang='grc' dir='ltr'>δὲ</span> <span class='ocrx_word' id='word_1_624' title='bbox 239 2195 253 2221; x_wconf 89' lang='lat'><strong>6</strong></span> <span class='ocrx_word' id='word_1_625' title='bbox 267 2194 396 2230; x_wconf 88' lang='grc' dir='ltr'>Προκύων</span> <span class='ocrx_word' id='word_1_626' title='bbox 407 2194 435 2219; x_wconf 80' lang='grc' dir='ltr'><strong>ἐν</strong></span> <span class='ocrx_word' id='word_1_627' title='bbox 447 2196 470 2228; x_wconf 89' lang='grc' dir='ltr'><strong>γ’</strong></span> <span class='ocrx_word' id='word_1_628' title='bbox 486 2193 564 2228; x_wconf 80' lang='grc' dir='ltr'>μέρει</span> <span class='ocrx_word' id='word_1_629' title='bbox 576 2192 660 2227; x_wconf 83' lang='grc' dir='ltr'>ὧρας.</span> 
     </span>
    </p>
   </div>
   <div class='ocr_carea' id='block_1_73' title="bbox 941 1593 1719 1630">
    <p class='ocr_par' dir='ltr' id='par_1_73' title="bbox 941 1593 1719 1630">
     <span class='ocr_line' id='line_1_73' title="bbox 941 1593 1719 1630; baseline -0.003 -7"><span class='ocrx_word' id='word_1_630' title='bbox 941 1595 1052 1624; x_wconf 85' lang='lat' dir='ltr'><strong>Cancri.</strong></span> <span class='ocrx_word' id='word_1_631' title='bbox 1069 1594 1161 1623; x_wconf 85' lang='lat' dir='ltr'><strong>Oritur</strong></span> <span class='ocrx_word' id='word_1_632' title='bbox 1176 1595 1258 1624; x_wconf 86' lang='lat' dir='ltr'><strong>Canis</strong></span> <span class='ocrx_word' id='word_1_633' title='bbox 1272 1595 1340 1623; x_wconf 91' lang='lat' dir='ltr'><strong>hora</strong></span> <span class='ocrx_word' id='word_1_634' title='bbox 1351 1602 1435 1626; x_wconf 73' lang='lat' dir='ltr'><strong>&#39;una,</strong></span> <span class='ocrx_word' id='word_1_635' title='bbox 1460 1594 1573 1630; x_wconf 87' lang='lat' dir='ltr'><strong>ejusque</strong></span> <span class='ocrx_word' id='word_1_636' title='bbox 1597 1593 1719 1629; x_wconf 89' lang='lat' dir='ltr'><strong>partibus</strong></span> 
     </span>
    </p>
   </div>
   <div class='ocr_carea' id='block_1_74' title="bbox 937 1642 1052 1670">
    <p class='ocr_par' dir='ltr' id='par_1_74' title="bbox 937 1642 1052 1670">
     <span class='ocr_line' id='line_1_74' title="bbox 937 1642 1052 1670; baseline 0.009 -1"><span class='ocrx_word' id='word_1_637' title='bbox 937 1642 1052 1670; x_wconf 87' lang='lat' dir='ltr'><strong>duabus.</strong></span> 
     </span>
    </p>
   </div>
   <div class='ocr_carea' id='block_1_75' title="bbox 974 1728 1720 1765">
    <p class='ocr_par' dir='ltr' id='par_1_75' title="bbox 974 1728 1720 1765">
     <span class='ocr_line' id='line_1_75' title="bbox 974 1728 1720 1765; baseline -0.001 -7"><span class='ocrx_word' id='word_1_638' title='bbox 974 1730 1042 1758; x_wconf 86' lang='lat' dir='ltr'><strong>Cum</strong></span> <span class='ocrx_word' id='word_1_639' title='bbox 1057 1738 1086 1758; x_wconf 90' lang='lat' dir='ltr'><strong>se</strong></span> <span class='ocrx_word' id='word_1_640' title='bbox 1095 1729 1221 1765; x_wconf 83' lang='lat' dir='ltr'><strong>Procyon</strong></span> <span class='ocrx_word' id='word_1_641' title='bbox 1233 1729 1346 1762; x_wconf 84' lang='lat' dir='ltr'><strong>attollit,</strong></span> <span class='ocrx_word' id='word_1_642' title='bbox 1358 1729 1445 1756; x_wconf 90' lang='lat' dir='ltr'><strong>oritur</strong></span> <span class='ocrx_word' id='word_1_643' title='bbox 1457 1736 1510 1756; x_wconf 90' lang='lat' dir='ltr'><strong>una</strong></span> <span class='ocrx_word' id='word_1_644' title='bbox 1521 1728 1625 1756; x_wconf 87' lang='lat' dir='ltr'><strong>zodiaci</strong></span> <span class='ocrx_word' id='word_1_645' title='bbox 1639 1736 1720 1757; x_wconf 75' lang='lat' dir='ltr'><strong>arcus</strong></span> 
     </span>
    </p>
   </div>
   <div class='ocr_carea' id='block_1_76' title="bbox 939 1775 1719 1811">
    <p class='ocr_par' dir='ltr' id='par_1_76' title="bbox 939 1775 1719 1811">
     <span class='ocr_line' id='line_1_76' title="bbox 939 1775 1719 1811; baseline -0.003 -8"><span class='ocrx_word' id='word_1_646' title='bbox 939 1784 953 1803; x_wconf 89' lang='lat' dir='ltr'><strong>a</strong></span> <span class='ocrx_word' id='word_1_647' title='bbox 975 1776 1053 1811; x_wconf 76' lang='lat'><strong>135</strong></span> <span class='ocrx_word' id='word_1_648' title='bbox 1072 1775 1172 1803; x_wconf 86' lang='lat' dir='ltr'><strong>Cancri</strong></span> <span class='ocrx_word' id='word_1_649' title='bbox 1189 1776 1206 1802; x_wconf 74' lang='lat'><strong>4</strong></span> <span class='ocrx_word' id='word_1_650' title='bbox 1229 1779 1306 1810; x_wconf 86' lang='lat' dir='ltr'><strong>parte</strong></span> <span class='ocrx_word' id='word_1_651' title='bbox 1330 1775 1434 1807; x_wconf 86' lang='lat' dir='ltr'><strong>media,</strong></span> <span class='ocrx_word' id='word_1_652' title='bbox 1450 1775 1483 1802; x_wconf 85' lang='lat' dir='ltr'><strong>ad</strong></span> <span class='ocrx_word' id='word_1_653' title='bbox 1497 1775 1534 1807; x_wconf 91' lang='lat'><strong>9;</strong></span> <span class='ocrx_word' id='word_1_654' title='bbox 1554 1775 1685 1802; x_wconf 88' lang='lat' dir='ltr'><strong>culminat</strong></span> <span class='ocrx_word' id='word_1_655' title='bbox 1704 1783 1719 1802; x_wconf 88' lang='lat' dir='ltr'><strong>a</strong></span> 
     </span>
    </p>
   </div>
   <div class='ocr_carea' id='block_1_77' title="bbox 940 1821 1721 1850">
    <p class='ocr_par' dir='ltr' id='par_1_77' title="bbox 940 1821 1721 1850">
     <span class='ocr_line' id='line_1_77' title="bbox 940 1821 1721 1850; baseline -0.004 0"><span class='ocrx_word' id='word_1_656' title='bbox 940 1822 1057 1850; x_wconf 85' lang='lat' dir='ltr'><strong>Piscium</strong></span> <span class='ocrx_word' id='word_1_657' title='bbox 1082 1822 1116 1850; x_wconf 77' lang='grc'><strong>15</strong></span> <span class='ocrx_word' id='word_1_658' title='bbox 1140 1822 1173 1849; x_wconf 83' lang='lat' dir='ltr'><strong>ad</strong></span> <span class='ocrx_word' id='word_1_659' title='bbox 1191 1821 1228 1849; x_wconf 74' lang='lat'><strong>20</strong></span> <span class='ocrx_word' id='word_1_660' title='bbox 1248 1822 1374 1850; x_wconf 90' lang='lat' dir='ltr'><strong>mediam.</strong></span> <span class='ocrx_word' id='word_1_661' title='bbox 1400 1821 1480 1848; x_wconf 85' lang='lat' dir='ltr'><strong>Prior</strong></span> <span class='ocrx_word' id='word_1_662' title='bbox 1504 1821 1592 1848; x_wconf 89' lang='lat' dir='ltr'><strong>oritur</strong></span> <span class='ocrx_word' id='word_1_663' title='bbox 1612 1824 1721 1848; x_wconf 83' lang='lat' dir='ltr'><strong>antece-</strong></span> 
     </span>
    </p>
   </div>
   <div class='ocr_carea' id='block_1_78' title="bbox 938 1865 1720 1903">
    <p class='ocr_par' dir='ltr' id='par_1_78' title="bbox 938 1865 1720 1903">
     <span class='ocr_line' id='line_1_78' title="bbox 938 1865 1720 1903; baseline -0.005 -7"><span class='ocrx_word' id='word_1_664' title='bbox 938 1869 1022 1900; x_wconf 90' lang='lat' dir='ltr'><strong>dens,</strong></span> <span class='ocrx_word' id='word_1_665' title='bbox 1034 1872 1060 1896; x_wconf 88' lang='lat' dir='ltr'><strong>et</strong></span> <span class='ocrx_word' id='word_1_666' title='bbox 1075 1869 1158 1903; x_wconf 86' lang='lat' dir='ltr'><strong>dupla</strong></span> <span class='ocrx_word' id='word_1_667' title='bbox 1172 1877 1179 1901; x_wconf 90' lang='lat'><strong>;</strong></span> <span class='ocrx_word' id='word_1_668' title='bbox 1194 1868 1290 1896; x_wconf 84' lang='lat' dir='ltr'><strong>ultima</strong></span> <span class='ocrx_word' id='word_1_669' title='bbox 1300 1888 1307 1901; x_wconf 86' lang='lat'>,</span> <span class='ocrx_word' id='word_1_670' title='bbox 1321 1867 1472 1895; x_wconf 87' lang='lat' dir='ltr'><strong>succedens</strong></span> <span class='ocrx_word' id='word_1_671' title='bbox 1482 1889 1489 1898; x_wconf 79' lang='grc'><em>,</em></span> <span class='ocrx_word' id='word_1_672' title='bbox 1504 1871 1530 1894; x_wconf 89' lang='lat' dir='ltr'><strong>et</strong></span> <span class='ocrx_word' id='word_1_673' title='bbox 1544 1866 1644 1894; x_wconf 88' lang='lat' dir='ltr'><strong>lucida.</strong></span> <span class='ocrx_word' id='word_1_674' title='bbox 1660 1865 1720 1893; x_wconf 82' lang='lat' dir='ltr'><strong>Pri-</strong></span> 
     </span>
    </p>
   </div>
   <div class='ocr_carea' id='block_1_79' title="bbox 938 1911 1720 1948">
    <p class='ocr_par' dir='ltr' id='par_1_79' title="bbox 938 1911 1720 1948">
     <span class='ocr_line' id='line_1_79' title="bbox 938 1911 1720 1948; baseline -0.005 -6"><span class='ocrx_word' id='word_1_675' title='bbox 938 1922 982 1942; x_wconf 89' lang='lat' dir='ltr'><strong>ma</strong></span> <span class='ocrx_word' id='word_1_676' title='bbox 1000 1923 1034 1942; x_wconf 77' lang='lat' dir='ltr'><strong>ex</strong></span> <span class='ocrx_word' id='word_1_677' title='bbox 1048 1915 1108 1942; x_wconf 88' lang='lat' dir='ltr'><strong>aliis</strong></span> <span class='ocrx_word' id='word_1_678' title='bbox 1125 1914 1257 1941; x_wconf 83' lang='lat' dir='ltr'><strong>culmiuat</strong></span> <span class='ocrx_word' id='word_1_679' title='bbox 1267 1934 1274 1946; x_wconf 89' lang='lat'>,</span> <span class='ocrx_word' id='word_1_680' title='bbox 1291 1921 1351 1948; x_wconf 70' lang='lat' dir='ltr'><strong>quae</strong></span> <span class='ocrx_word' id='word_1_681' title='bbox 1365 1913 1394 1940; x_wconf 88' lang='lat' dir='ltr'><strong>in</strong></span> <span class='ocrx_word' id='word_1_682' title='bbox 1407 1912 1496 1940; x_wconf 90' lang='lat' dir='ltr'><strong>medio</strong></span> <span class='ocrx_word' id='word_1_683' title='bbox 1509 1912 1635 1947; x_wconf 88' lang='lat' dir='ltr'><strong>corporis</strong></span> <span class='ocrx_word' id='word_1_684' title='bbox 1651 1911 1720 1939; x_wconf 86' lang='lat' dir='ltr'><strong>Cas-</strong></span> 
     </span>
    </p>
   </div>
   <div class='ocr_carea' id='block_1_80' title="bbox 938 1957 1721 1996">
    <p class='ocr_par' dir='ltr' id='par_1_80' title="bbox 938 1957 1721 1996">
     <span class='ocr_line' id='line_1_80' title="bbox 938 1957 1721 1996; baseline -0.005 -8"><span class='ocrx_word' id='word_1_685' title='bbox 938 1962 1034 1996; x_wconf 75' lang='lat' dir='ltr'><strong>siepea:</strong></span> <span class='ocrx_word' id='word_1_686' title='bbox 1048 1970 1054 1988; x_wconf 89' lang='lat'><strong>:</strong></span> <span class='ocrx_word' id='word_1_687' title='bbox 1066 1965 1093 1988; x_wconf 86' lang='lat' dir='ltr'><strong>et</strong></span> <span class='ocrx_word' id='word_1_688' title='bbox 1104 1960 1279 1988; x_wconf 87' lang='lat' dir='ltr'><strong>suecedentes</strong></span> <span class='ocrx_word' id='word_1_689' title='bbox 1291 1967 1383 1987; x_wconf 89' lang='lat' dir='ltr'><strong>earum</strong></span> <span class='ocrx_word' id='word_1_690' title='bbox 1392 1958 1620 1994; x_wconf 70' lang='lat' dir='ltr'><strong>quatuor,qu:ein</strong></span> <span class='ocrx_word' id='word_1_691' title='bbox 1633 1957 1721 1984; x_wconf 83' lang='lat' dir='ltr'><strong>cauda</strong></span> 
     </span>
    </p>
   </div>
   <div class='ocr_carea' id='block_1_81' title="bbox 938 2005 1717 2039">
    <p class='ocr_par' dir='ltr' id='par_1_81' title="bbox 938 2005 1717 2039">
     <span class='ocr_line' id='line_1_81' title="bbox 938 2005 1717 2039; baseline -0.008 -4"><span class='ocrx_word' id='word_1_692' title='bbox 938 2008 997 2036; x_wconf 88' lang='lat' dir='ltr'><strong>Ceti</strong></span> <span class='ocrx_word' id='word_1_693' title='bbox 1016 2011 1090 2035; x_wconf 90' lang='lat' dir='ltr'><strong>sunt.</strong></span> <span class='ocrx_word' id='word_1_694' title='bbox 1110 2006 1272 2033; x_wconf 58' lang='lat' dir='ltr'><strong>Novissima;</strong></span> <span class='ocrx_word' id='word_1_695' title='bbox 1294 2005 1445 2032; x_wconf 89' lang='lat' dir='ltr'><strong>culminant</strong></span> <span class='ocrx_word' id='word_1_696' title='bbox 1468 2005 1590 2039; x_wconf 87' lang='lat' dir='ltr'><strong>proxima</strong></span> <span class='ocrx_word' id='word_1_697' title='bbox 1608 2010 1717 2035; x_wconf 85' lang='lat' dir='ltr'><strong>earum,</strong></span> 
     </span>
    </p>
   </div>
   <div class='ocr_carea' id='block_1_82' title="bbox 939 2049 1719 2088">
    <p class='ocr_par' dir='ltr' id='par_1_82' title="bbox 939 2049 1719 2088">
     <span class='ocr_line' id='line_1_82' title="bbox 939 2049 1719 2088; baseline -0.006 -8"><span class='ocrx_word' id='word_1_698' title='bbox 939 2061 998 2088; x_wconf 72' lang='lat' dir='ltr'><strong>quae</strong></span> <span class='ocrx_word' id='word_1_699' title='bbox 1015 2054 1042 2080; x_wconf 93' lang='lat' dir='ltr'><strong>in</strong></span> <span class='ocrx_word' id='word_1_700' title='bbox 1058 2051 1236 2079; x_wconf 67' lang='lat' dir='ltr'><strong>Andromedae</strong></span> <span class='ocrx_word' id='word_1_701' title='bbox 1249 2058 1318 2078; x_wconf 87' lang='lat' dir='ltr'><strong>zona</strong></span> <span class='ocrx_word' id='word_1_702' title='bbox 1329 2070 1336 2082; x_wconf 82' lang='lat'><strong><em>,</em></strong></span> <span class='ocrx_word' id='word_1_703' title='bbox 1353 2053 1380 2078; x_wconf 85' lang='lat' dir='ltr'><strong>et</strong></span> <span class='ocrx_word' id='word_1_704' title='bbox 1394 2049 1529 2077; x_wconf 85' lang='lat' dir='ltr'><strong>borealior</strong></span> <span class='ocrx_word' id='word_1_705' title='bbox 1549 2056 1581 2076; x_wconf 78' lang='lat' dir='ltr'><strong>ex</strong></span> <span class='ocrx_word' id='word_1_706' title='bbox 1598 2049 1645 2082; x_wconf 88' lang='lat' dir='ltr'><strong>iis,</strong></span> <span class='ocrx_word' id='word_1_707' title='bbox 1661 2056 1719 2083; x_wconf 72' lang='lat' dir='ltr'><strong>qua:</strong></span> 
     </span>
    </p>
   </div>
   <div class='ocr_carea' id='block_1_83' title="bbox 940 2090 1639 2129">
    <p class='ocr_par' dir='ltr' id='par_1_83' title="bbox 940 2090 1639 2129">
     <span class='ocr_line' id='line_1_83' title="bbox 940 2090 1639 2129; baseline -0.011 -3"><span class='ocrx_word' id='word_1_708' title='bbox 940 2100 967 2126; x_wconf 89' lang='lat' dir='ltr'><strong>in</strong></span> <span class='ocrx_word' id='word_1_709' title='bbox 985 2098 1117 2125; x_wconf 87' lang='lat' dir='ltr'><strong>laterculo</strong></span> <span class='ocrx_word' id='word_1_710' title='bbox 1131 2096 1199 2124; x_wconf 89' lang='lat' dir='ltr'><strong>Ceti.</strong></span> <span class='ocrx_word' id='word_1_711' title='bbox 1216 2095 1308 2123; x_wconf 88' lang='lat' dir='ltr'><strong>Oritur</strong></span> <span class='ocrx_word' id='word_1_712' title='bbox 1322 2094 1445 2129; x_wconf 81' lang='lat' dir='ltr'><strong>Procyon</strong></span> <span class='ocrx_word' id='word_1_713' title='bbox 1459 2093 1526 2121; x_wconf 84' lang='lat' dir='ltr'><strong>hora</strong></span> <span class='ocrx_word' id='word_1_714' title='bbox 1541 2093 1573 2125; x_wconf 87' lang='lat'><strong>0,</strong></span> <span class='ocrx_word' id='word_1_715' title='bbox 1587 2090 1639 2119; x_wconf 75' lang='lat'><strong>20&#39;.</strong></span> 
     </span>
    </p>
   </div>
   <div class='ocr_carea' id='block_1_84' title="bbox 137 2220 886 2275">
    <p class='ocr_par' dir='ltr' id='par_1_84' title="bbox 137 2220 886 2275">
     <span class='ocr_line' id='line_1_84' title="bbox 137 2220 886 2275; baseline -0.005 -9"><span class='ocrx_word' id='word_1_716' title='bbox 205 2220 249 2266; x_wconf 22' lang='lat' dir='ltr'><em>v66</em></span> <span class='ocrx_word' id='word_1_717' title='bbox 266 2220 379 2275; x_wconf 40' lang='grc' dir='ltr'><strong>ξΑιργοῦς</strong></span> <span class='ocrx_word' id='word_1_718' title='bbox 396 2220 608 2273; x_wconf 44' lang='grc' dir='ltr'>ἀνατελλούσηςί</span> <span class='ocrx_word' id='word_1_719' title='bbox 628 2220 814 2263; x_wconf 65' lang='grc' dir='ltr'>συνανατέλλει</span> <span class='ocrx_word' id='word_1_720' title='bbox 838 2235 886 2271; x_wconf 84' lang='grc' dir='ltr'><strong>μὲν</strong></span> 
     </span>
    </p>
   </div>
   <div class='ocr_carea' id='block_1_85' title="bbox 943 2220 1719 2275">
    <p class='ocr_par' dir='ltr' id='par_1_85' title="bbox 981 2220 1719 2263">
     <span class='ocr_line' id='line_1_85' title="bbox 981 2220 1719 2263; baseline -0.014 -8"><span class='ocrx_word' id='word_1_721' title='bbox 981 2228 1054 2263; x_wconf 77' lang='lat' dir='ltr'><strong>Argo</strong></span> <span class='ocrx_word' id='word_1_722' title='bbox 1077 2226 1138 2254; x_wconf 89' lang='lat' dir='ltr'><strong>navi</strong></span> <span class='ocrx_word' id='word_1_723' title='bbox 1160 2226 1276 2258; x_wconf 83' lang='lat' dir='ltr'><strong>oriente,</strong></span> <span class='ocrx_word' id='word_1_724' title='bbox 1293 2231 1354 2251; x_wconf 87' lang='lat' dir='ltr'><strong>cum</strong></span> <span class='ocrx_word' id='word_1_725' title='bbox 1373 2230 1404 2250; x_wconf 86' lang='lat' dir='ltr'><strong>ea</strong></span> <span class='ocrx_word' id='word_1_726' title='bbox 1423 2222 1549 2250; x_wconf 85' lang='lat' dir='ltr'><strong>zodiacus</strong></span> <span class='ocrx_word' id='word_1_727' title='bbox 1572 2220 1690 2255; x_wconf 84' lang='lat' dir='ltr'><strong>assurgit</strong></span> <span class='ocrx_word' id='word_1_728' title='bbox 1705 2227 1719 2246; x_wconf 91' lang='lat' dir='ltr'><strong>a</strong></span> 
     </span>
    </p>
   </div>
   <div class='ocr_carea' id='block_1_86' title="bbox 98 2280 884 2320">
    <p class='ocr_par' dir='ltr' id='par_1_86' title="bbox 98 2280 884 2320">
     <span class='ocr_line' id='line_1_86' title="bbox 98 2280 884 2320; baseline -0.009 -7"><span class='ocrx_word' id='word_1_729' title='bbox 98 2285 172 2320; x_wconf 79' lang='grc' dir='ltr'>αὐτῇ</span> <span class='ocrx_word' id='word_1_730' title='bbox 183 2285 197 2311; x_wconf 90' lang='lat'><strong>6</strong></span> <span class='ocrx_word' id='word_1_731' title='bbox 209 2283 338 2317; x_wconf 81' lang='grc' dir='ltr'>ζωδιακὸς</span> <span class='ocrx_word' id='word_1_732' title='bbox 348 2284 402 2310; x_wconf 82' lang='grc' dir='ltr'>ἀπὸ</span> <span class='ocrx_word' id='word_1_733' title='bbox 416 2283 528 2314; x_wconf 83' lang='grc' dir='ltr'>Λέοντος</span> <span class='ocrx_word' id='word_1_734' title='bbox 543 2283 598 2318; x_wconf 90' lang='grc' dir='ltr'>μοί.</span> <span class='ocrx_word' id='word_1_735' title='bbox 617 2285 643 2314; x_wconf 83' lang='grc' dir='ltr'>ς’</span> <span class='ocrx_word' id='word_1_736' title='bbox 654 2281 706 2312; x_wconf 74' lang='grc' dir='ltr'>ἓως</span> <span class='ocrx_word' id='word_1_737' title='bbox 717 2280 814 2317; x_wconf 84' lang='grc' dir='ltr'>Χηλῶν</span> <span class='ocrx_word' id='word_1_738' title='bbox 829 2280 884 2316; x_wconf 86' lang='grc' dir='ltr'>μοί.</span> 
     </span>
    </p>
   </div>
   <div class='ocr_carea' id='block_1_87' title="bbox 97 2326 889 2366">
    <p class='ocr_par' dir='ltr' id='par_1_87' title="bbox 97 2326 889 2366">
     <span class='ocr_line' id='line_1_87' title="bbox 97 2326 889 2366; baseline -0.008 -9"><span class='ocrx_word' id='word_1_739' title='bbox 97 2331 120 2357; x_wconf 86' lang='grc' dir='ltr'>δ’</span> <span class='ocrx_word' id='word_1_740' title='bbox 138 2330 241 2366; x_wconf 83' lang='grc' dir='ltr'>μέσης·</span> <span class='ocrx_word' id='word_1_741' title='bbox 260 2330 422 2364; x_wconf 81' lang='grc' dir='ltr'>μεσουρανΞί</span> <span class='ocrx_word' id='word_1_742' title='bbox 438 2328 466 2355; x_wconf 82' lang='grc' dir='ltr'>δὲ</span> <span class='ocrx_word' id='word_1_743' title='bbox 489 2327 543 2355; x_wconf 83' lang='grc' dir='ltr'>ἀπὸ</span> <span class='ocrx_word' id='word_1_744' title='bbox 557 2326 641 2363; x_wconf 86' lang='grc' dir='ltr'>Κριοῦ</span> <span class='ocrx_word' id='word_1_745' title='bbox 660 2330 685 2359; x_wconf 84' lang='grc' dir='ltr'>ς’</span> <span class='ocrx_word' id='word_1_746' title='bbox 701 2327 747 2353; x_wconf 69' lang='grc' dir='ltr'>καὶ</span> <span class='ocrx_word' id='word_1_747' title='bbox 762 2329 785 2352; x_wconf 88' lang='grc' dir='ltr'>κ’</span> <span class='ocrx_word' id='word_1_748' title='bbox 804 2326 889 2361; x_wconf 87' lang='grc' dir='ltr'>μέσης</span> 
     </span>
    </p>
   </div>
   <div class='ocr_carea' id='block_1_88' title="bbox 98 2371 890 2411">
    <p class='ocr_par' dir='ltr' id='par_1_88' title="bbox 98 2371 890 2411">
     <span class='ocr_line' id='line_1_88' title="bbox 98 2371 890 2411; baseline -0.009 -8"><span class='ocrx_word' id='word_1_749' title='bbox 98 2376 156 2407; x_wconf 69' lang='grc' dir='ltr'>ἕως</span> <span class='ocrx_word' id='word_1_750' title='bbox 170 2376 308 2411; x_wconf 84' lang='grc' dir='ltr'>Καρκίνου</span> <span class='ocrx_word' id='word_1_751' title='bbox 324 2375 344 2401; x_wconf 84' lang='lat'><em>6’</em></span> <span class='ocrx_word' id='word_1_752' title='bbox 363 2375 458 2411; x_wconf 76' lang='grc' dir='ltr'>μέσης.</span> <span class='ocrx_word' id='word_1_753' title='bbox 475 2373 531 2401; x_wconf 77' lang='grc' dir='ltr'><strong>Καὶ</strong></span> <span class='ocrx_word' id='word_1_754' title='bbox 546 2372 569 2400; x_wconf 84' lang='grc' dir='ltr'>α’</span> <span class='ocrx_word' id='word_1_755' title='bbox 584 2373 631 2408; x_wconf 84' lang='grc' dir='ltr'><strong>μὲν</strong></span> <span class='ocrx_word' id='word_1_756' title='bbox 647 2371 734 2407; x_wconf 84' lang='grc' dir='ltr'>ἀστὴρ</span> <span class='ocrx_word' id='word_1_757' title='bbox 752 2371 890 2398; x_wconf 71' lang='grc' dir='ltr'>ἀνατέλλει</span> 
     </span>
    </p>
   </div>
   <div class='ocr_carea' id='block_1_89' title="bbox 99 2416 887 2457">
    <p class='ocr_par' dir='ltr' id='par_1_89' title="bbox 99 2416 887 2457">
     <span class='ocr_line' id='line_1_89' title="bbox 99 2416 887 2457; baseline -0.009 -8"><span class='ocrx_word' id='word_1_758' title='bbox 99 2423 116 2449; x_wconf 93' lang='lat'><strong>6</strong></span> <span class='ocrx_word' id='word_1_759' title='bbox 132 2421 188 2449; x_wconf 84' lang='grc' dir='ltr'><strong>ὑπὸ</strong></span> <span class='ocrx_word' id='word_1_760' title='bbox 202 2421 257 2447; x_wconf 85' lang='grc' dir='ltr'><strong>τῶν</strong></span> <span class='ocrx_word' id='word_1_761' title='bbox 273 2421 302 2448; x_wconf 81' lang='grc' dir='ltr'>ὲν</span> <span class='ocrx_word' id='word_1_762' title='bbox 314 2421 387 2457; x_wconf 78' lang='grc' dir='ltr'>ἄκρᾳ</span> <span class='ocrx_word' id='word_1_763' title='bbox 399 2422 432 2456; x_wconf 86' lang='grc' dir='ltr'>τῇ</span> <span class='ocrx_word' id='word_1_764' title='bbox 446 2420 514 2455; x_wconf 77' lang='grc' dir='ltr'>οὐρᾷ</span> <span class='ocrx_word' id='word_1_765' title='bbox 529 2418 576 2445; x_wconf 88' lang='grc' dir='ltr'><strong>τοῦ</strong></span> <span class='ocrx_word' id='word_1_766' title='bbox 593 2418 681 2449; x_wconf 83' lang='grc' dir='ltr'>Κυνὸς</span> <span class='ocrx_word' id='word_1_767' title='bbox 693 2417 730 2448; x_wconf 82' lang='grc' dir='ltr'>ὡς</span> <span class='ocrx_word' id='word_1_768' title='bbox 749 2416 887 2452; x_wconf 84' lang='grc' dir='ltr'>τριπλοῦς,</span> 
     </span>
    </p>
   </div>
   <div class='ocr_carea' id='block_1_90' title="bbox 100 2463 889 2503">
    <p class='ocr_par' dir='ltr' id='par_1_90' title="bbox 100 2463 889 2503">
     <span class='ocr_line' id='line_1_90' title="bbox 100 2463 889 2503; baseline -0.006 -9"><span class='ocrx_word' id='word_1_769' title='bbox 100 2469 217 2503; x_wconf 81' lang='grc' dir='ltr'>ἔσχατος</span> <span class='ocrx_word' id='word_1_770' title='bbox 243 2467 272 2493; x_wconf 78' lang='grc' dir='ltr'>δὲ</span> <span class='ocrx_word' id='word_1_771' title='bbox 296 2468 310 2493; x_wconf 86' lang='grc' dir='ltr'>ὁ</span> <span class='ocrx_word' id='word_1_772' title='bbox 332 2466 491 2498; x_wconf 70' lang='grc' dir='ltr'>νοσιώτατος</span> <span class='ocrx_word' id='word_1_773' title='bbox 517 2465 571 2492; x_wconf 82' lang='grc' dir='ltr'><strong>τῶν</strong></span> <span class='ocrx_word' id='word_1_774' title='bbox 594 2465 623 2491; x_wconf 81' lang='grc' dir='ltr'>ὲν</span> <span class='ocrx_word' id='word_1_775' title='bbox 639 2465 672 2500; x_wconf 85' lang='grc' dir='ltr'>τῇ</span> <span class='ocrx_word' id='word_1_776' title='bbox 695 2464 820 2499; x_wconf 82' lang='grc' dir='ltr'>ἀποτομῇ</span> <span class='ocrx_word' id='word_1_777' title='bbox 842 2463 889 2490; x_wconf 86' lang='grc' dir='ltr'><strong>τοῦ</strong></span> 
     </span>
    </p>
   </div>
   <div class='ocr_carea' id='block_1_91' title="bbox 100 2508 890 2547">
    <p class='ocr_par' dir='ltr' id='par_1_91' title="bbox 100 2508 890 2547">
     <span class='ocr_line' id='line_1_91' title="bbox 100 2508 890 2547; baseline -0.009 -7"><span class='ocrx_word' id='word_1_778' title='bbox 100 2513 202 2540; x_wconf 85' lang='grc' dir='ltr'>Πλοίου</span> <span class='ocrx_word' id='word_1_779' title='bbox 215 2513 262 2539; x_wconf 72' lang='grc' dir='ltr'><strong>καὶ</strong></span> <span class='ocrx_word' id='word_1_780' title='bbox 270 2512 404 2547; x_wconf 80' lang='grc' dir='ltr'>λαμπρός.</span> <span class='ocrx_word' id='word_1_781' title='bbox 417 2511 588 2546; x_wconf 88' lang='grc' dir='ltr'>Μεσουρανεῖ</span> <span class='ocrx_word' id='word_1_782' title='bbox 594 2510 622 2536; x_wconf 83' lang='grc' dir='ltr'><strong>δὲ</strong></span> <span class='ocrx_word' id='word_1_783' title='bbox 636 2508 690 2535; x_wconf 83' lang='grc' dir='ltr'>τῶν</span> <span class='ocrx_word' id='word_1_784' title='bbox 703 2508 789 2535; x_wconf 77' lang='grc' dir='ltr'>ἄλλων</span> <span class='ocrx_word' id='word_1_785' title='bbox 802 2511 826 2534; x_wconf 83' lang='grc' dir='ltr'>α’</span> <span class='ocrx_word' id='word_1_786' title='bbox 841 2508 890 2543; x_wconf 79' lang='grc' dir='ltr'><strong>μὲν</strong></span> 
     </span>
    </p>
   </div>
   <div class='ocr_carea' id='block_1_92' title="bbox 99 2552 890 2594">
    <p class='ocr_par' dir='ltr' id='par_1_92' title="bbox 99 2552 890 2594">
     <span class='ocr_line' id='line_1_92' title="bbox 99 2552 890 2594; baseline -0.009 -8"><span class='ocrx_word' id='word_1_787' title='bbox 99 2559 151 2587; x_wconf 78' lang='grc' dir='ltr'><strong>τοῦ</strong></span> <span class='ocrx_word' id='word_1_788' title='bbox 163 2558 289 2594; x_wconf 83' lang='grc' dir='ltr'>Περσέως</span> <span class='ocrx_word' id='word_1_789' title='bbox 300 2559 314 2584; x_wconf 91' lang='lat'><strong>6</strong></span> <span class='ocrx_word' id='word_1_790' title='bbox 325 2559 354 2584; x_wconf 87' lang='grc' dir='ltr'>ὲν</span> <span class='ocrx_word' id='word_1_791' title='bbox 360 2557 400 2593; x_wconf 83' lang='grc' dir='ltr'>τῷ</span> <span class='ocrx_word' id='word_1_792' title='bbox 410 2556 545 2592; x_wconf 84' lang='grc' dir='ltr'>ἀριστερῷ</span> <span class='ocrx_word' id='word_1_793' title='bbox 555 2554 643 2591; x_wconf 84' lang='grc' dir='ltr'>μηρῷ,</span> <span class='ocrx_word' id='word_1_794' title='bbox 651 2554 696 2581; x_wconf 73' lang='grc' dir='ltr'><strong>καὶ</strong></span> <span class='ocrx_word' id='word_1_795' title='bbox 707 2555 721 2580; x_wconf 91' lang='lat'><strong>6</strong></span> <span class='ocrx_word' id='word_1_796' title='bbox 732 2552 890 2585; x_wconf 82' lang='grc' dir='ltr'>νοτιώτατος</span> 
     </span>
    </p>
   </div>
   <div class='ocr_carea' id='block_1_93' title="bbox 100 2599 890 2640">
    <p class='ocr_par' dir='ltr' id='par_1_93' title="bbox 100 2599 890 2640">
     <span class='ocr_line' id='line_1_93' title="bbox 100 2599 890 2640; baseline -0.01 -8"><span class='ocrx_word' id='word_1_797' title='bbox 100 2605 160 2632; x_wconf 82' lang='grc' dir='ltr'>τῶν</span> <span class='ocrx_word' id='word_1_798' title='bbox 178 2606 208 2632; x_wconf 85' lang='grc' dir='ltr'>ὲν</span> <span class='ocrx_word' id='word_1_799' title='bbox 223 2606 257 2640; x_wconf 86' lang='grc' dir='ltr'>τῇ</span> <span class='ocrx_word' id='word_1_800' title='bbox 270 2604 393 2639; x_wconf 81' lang='grc' dir='ltr'>ἀποτομῇ</span> <span class='ocrx_word' id='word_1_801' title='bbox 409 2602 456 2629; x_wconf 88' lang='grc' dir='ltr'><strong>τοῦ</strong></span> <span class='ocrx_word' id='word_1_802' title='bbox 469 2602 574 2637; x_wconf 85' lang='grc' dir='ltr'>Ταύρου</span> <span class='ocrx_word' id='word_1_803' title='bbox 585 2610 591 2616; x_wconf 90' lang='grc'><strong>·</strong></span> <span class='ocrx_word' id='word_1_804' title='bbox 605 2601 717 2636; x_wconf 75' lang='grc' dir='ltr'>ἔσχατος</span> <span class='ocrx_word' id='word_1_805' title='bbox 736 2599 764 2626; x_wconf 87' lang='grc' dir='ltr'>δὲ</span> <span class='ocrx_word' id='word_1_806' title='bbox 786 2600 800 2625; x_wconf 93' lang='lat'><strong>6</strong></span> <span class='ocrx_word' id='word_1_807' title='bbox 822 2607 890 2633; x_wconf 88' lang='grc' dir='ltr'>προ-</span> 
     </span>
    </p>
   </div>
   <div class='ocr_carea' id='block_1_94' title="bbox 101 2645 890 2687">
    <p class='ocr_par' dir='ltr' id='par_1_94' title="bbox 101 2645 890 2687">
     <span class='ocr_line' id='line_1_94' title="bbox 101 2645 890 2687; baseline -0.008 -10"><span class='ocrx_word' id='word_1_808' title='bbox 101 2650 256 2687; x_wconf 86' lang='grc' dir='ltr'>ηγούμενος</span> <span class='ocrx_word' id='word_1_809' title='bbox 269 2650 319 2685; x_wconf 85' lang='grc' dir='ltr'>τῆς</span> <span class='ocrx_word' id='word_1_810' title='bbox 330 2648 378 2676; x_wconf 85' lang='grc' dir='ltr'><strong>τοῦ</strong></span> <span class='ocrx_word' id='word_1_811' title='bbox 389 2649 488 2684; x_wconf 86' lang='grc' dir='ltr'>Ὕδρου</span> <span class='ocrx_word' id='word_1_812' title='bbox 500 2646 620 2683; x_wconf 82' lang='grc' dir='ltr'>κεφαλῆς</span> <span class='ocrx_word' id='word_1_813' title='bbox 631 2648 645 2674; x_wconf 87' lang='lat'><strong>6</strong></span> <span class='ocrx_word' id='word_1_814' title='bbox 656 2645 782 2681; x_wconf 75' lang='grc' dir='ltr'>ἐκφανὴς,</span> <span class='ocrx_word' id='word_1_815' title='bbox 792 2645 805 2672; x_wconf 87' lang='lat'><strong>6</strong></span> <span class='ocrx_word' id='word_1_816' title='bbox 817 2646 890 2671; x_wconf 76' lang='grc' dir='ltr'>ἐστιν</span> 
     </span>
    </p>
   </div>
   <div class='ocr_carea' id='block_1_95' title="bbox 101 2694 559 2729">
    <p class='ocr_par' dir='ltr' id='par_1_95' title="bbox 101 2694 559 2729">
     <span class='ocr_line' id='line_1_95' title="bbox 101 2694 559 2729; baseline -0.007 -6"><span class='ocrx_word' id='word_1_817' title='bbox 101 2698 133 2723; x_wconf 84' lang='grc' dir='ltr'>ὲν</span> <span class='ocrx_word' id='word_1_818' title='bbox 144 2697 202 2729; x_wconf 85' lang='grc' dir='ltr'>τοῖς</span> <span class='ocrx_word' id='word_1_819' title='bbox 215 2696 312 2727; x_wconf 86' lang='grc' dir='ltr'>νοτίοις</span> <span class='ocrx_word' id='word_1_820' title='bbox 323 2696 386 2722; x_wconf 78' lang='grc' dir='ltr'>ποσὶ</span> <span class='ocrx_word' id='word_1_821' title='bbox 401 2694 448 2721; x_wconf 79' lang='grc' dir='ltr'><strong>τοῦ</strong></span> <span class='ocrx_word' id='word_1_822' title='bbox 461 2694 559 2726; x_wconf 83' lang='grc' dir='ltr'>Κυνός.</span> 
     </span>
    </p>
   </div>
   <div class='ocr_carea' id='block_1_96' title="bbox 140 2736 891 2778">
    <p class='ocr_par' dir='ltr' id='par_1_96' title="bbox 140 2736 891 2778">
     <span class='ocr_line' id='line_1_96' title="bbox 140 2736 891 2778; baseline -0.009 -9"><span class='ocrx_word' id='word_1_823' title='bbox 140 2741 180 2771; x_wconf 85' lang='lat' dir='ltr'><strong>E&#39;.</strong></span> <span class='ocrx_word' id='word_1_824' title='bbox 198 2741 276 2778; x_wconf 76' lang='grc' dir='ltr'>Ἑξῆς</span> <span class='ocrx_word' id='word_1_825' title='bbox 287 2742 316 2768; x_wconf 78' lang='grc' dir='ltr'>δὲ</span> <span class='ocrx_word' id='word_1_826' title='bbox 330 2741 445 2777; x_wconf 78' lang='grc' dir='ltr'>ἐροῦμεν</span> <span class='ocrx_word' id='word_1_827' title='bbox 457 2740 521 2775; x_wconf 73' lang='grc' dir='ltr'>περὶ</span> <span class='ocrx_word' id='word_1_828' title='bbox 533 2740 582 2775; x_wconf 85' lang='grc' dir='ltr'>τῆς</span> <span class='ocrx_word' id='word_1_829' title='bbox 598 2737 770 2768; x_wconf 78' lang='grc' dir='ltr'>καταδύσεως</span> <span class='ocrx_word' id='word_1_830' title='bbox 781 2736 835 2763; x_wconf 84' lang='grc' dir='ltr'><strong>τῶν</strong></span> <span class='ocrx_word' id='word_1_831' title='bbox 848 2743 891 2763; x_wconf 86' lang='grc' dir='ltr'>νο-</span> 
     </span>
    </p>
   </div>
   <div class='ocr_carea' id='block_1_97' title="bbox 103 2784 577 2822">
    <p class='ocr_par' dir='ltr' id='par_1_97' title="bbox 103 2784 577 2822">
     <span class='ocr_line' id='line_1_97' title="bbox 103 2784 577 2822; baseline -0.008 -7"><span class='ocrx_word' id='word_1_832' title='bbox 103 2787 243 2822; x_wconf 77' lang='grc' dir='ltr'>τιωτέρων</span> <span class='ocrx_word' id='word_1_833' title='bbox 260 2786 306 2814; x_wconf 84' lang='grc' dir='ltr'><strong>τοῦ</strong></span> <span class='ocrx_word' id='word_1_834' title='bbox 322 2785 452 2820; x_wconf 75' lang='grc' dir='ltr'>ζωδιακοῦ</span> <span class='ocrx_word' id='word_1_835' title='bbox 469 2784 577 2812; x_wconf 86' lang='grc' dir='ltr'>κύκλου.</span> 
     </span>
    </p>
   </div>
   <div class='ocr_carea' id='block_1_98' title="bbox 142 2824 890 2868">
    <p class='ocr_par' dir='ltr' id='par_1_98' title="bbox 142 2824 890 2868">
     <span class='ocr_line' id='line_1_98' title="bbox 142 2824 890 2868; baseline -0.012 -8"><span class='ocrx_word' id='word_1_836' title='bbox 142 2833 227 2860; x_wconf 87' lang='grc' dir='ltr'>Ὅταν</span> <span class='ocrx_word' id='word_1_837' title='bbox 237 2832 286 2868; x_wconf 82' lang='grc' dir='ltr'><strong>μὲν</strong></span> <span class='ocrx_word' id='word_1_838' title='bbox 293 2829 339 2859; x_wconf 80' lang='grc' dir='ltr'><strong>οῦν</strong></span> <span class='ocrx_word' id='word_1_839' title='bbox 345 2831 411 2867; x_wconf 80' lang='grc' dir='ltr'>δύνῃ</span> <span class='ocrx_word' id='word_1_840' title='bbox 417 2833 432 2858; x_wconf 91' lang='lat'><strong>6</strong></span> <span class='ocrx_word' id='word_1_841' title='bbox 441 2831 549 2866; x_wconf 86' lang='grc' dir='ltr'>Ὕδρος,</span> <span class='ocrx_word' id='word_1_842' title='bbox 559 2827 752 2864; x_wconf 83' lang='grc' dir='ltr'>συγκαταδύνει</span> <span class='ocrx_word' id='word_1_843' title='bbox 762 2825 810 2862; x_wconf 82' lang='grc' dir='ltr'><strong>μὲν</strong></span> <span class='ocrx_word' id='word_1_844' title='bbox 818 2824 890 2860; x_wconf 81' lang='grc' dir='ltr'>αὐτῷ</span> 
     </span>
    </p>
   </div>
   <div class='ocr_carea' id='block_1_99' title="bbox 105 2871 891 2913">
    <p class='ocr_par' dir='ltr' id='par_1_99' title="bbox 105 2871 891 2913">
     <span class='ocr_line' id='line_1_99' title="bbox 105 2871 891 2913; baseline -0.01 -7"><span class='ocrx_word' id='word_1_845' title='bbox 105 2878 122 2905; x_wconf 83' lang='lat'><strong>6</strong></span> <span class='ocrx_word' id='word_1_846' title='bbox 133 2878 263 2911; x_wconf 69' lang='grc' dir='ltr'>ζωδιακὸς</span> <span class='ocrx_word' id='word_1_847' title='bbox 284 2878 337 2906; x_wconf 75' lang='grc' dir='ltr'><strong>ἀπὸ</strong></span> <span class='ocrx_word' id='word_1_848' title='bbox 355 2877 477 2913; x_wconf 87' lang='grc' dir='ltr'>Διδύμων</span> <span class='ocrx_word' id='word_1_849' title='bbox 493 2877 513 2904; x_wconf 88' lang='grc' dir='ltr'>θ’</span> <span class='ocrx_word' id='word_1_850' title='bbox 542 2876 589 2902; x_wconf 66' lang='grc' dir='ltr'><strong>καὶ</strong></span> <span class='ocrx_word' id='word_1_851' title='bbox 604 2879 629 2902; x_wconf 72' lang='grc' dir='ltr'>κ’</span> <span class='ocrx_word' id='word_1_852' title='bbox 644 2874 697 2910; x_wconf 84' lang='grc' dir='ltr'>μοί.</span> <span class='ocrx_word' id='word_1_853' title='bbox 718 2873 770 2905; x_wconf 68' lang='grc' dir='ltr'><strong>ἕως</strong></span> <span class='ocrx_word' id='word_1_854' title='bbox 787 2871 891 2907; x_wconf 79' lang='grc' dir='ltr'>Παρθέ-</span> 
     </span>
    </p>
   </div>
   <div class='ocr_carea' id='block_1_100' title="bbox 941 2266 1720 2308">
    <p class='ocr_par' dir='ltr' id='par_1_100' title="bbox 941 2266 1720 2308">
     <span class='ocr_line' id='line_1_100' title="bbox 941 2266 1720 2308; baseline -0.014 -6"><span class='ocrx_word' id='word_1_855' title='bbox 941 2274 1040 2302; x_wconf 89' lang='lat' dir='ltr'><strong>Leonis</strong></span> <span class='ocrx_word' id='word_1_856' title='bbox 1059 2277 1136 2308; x_wconf 88' lang='lat' dir='ltr'><strong>parte</strong></span> <span class='ocrx_word' id='word_1_857' title='bbox 1154 2272 1171 2299; x_wconf 83' lang='lat'><strong>6</strong></span> <span class='ocrx_word' id='word_1_858' title='bbox 1192 2271 1223 2298; x_wconf 85' lang='lat' dir='ltr'><strong>ad</strong></span> <span class='ocrx_word' id='word_1_859' title='bbox 1243 2270 1388 2297; x_wconf 77' lang='lat' dir='ltr'><strong>Chelarum</strong></span> <span class='ocrx_word' id='word_1_860' title='bbox 1403 2269 1419 2295; x_wconf 71' lang='grc' dir='ltr'><strong>Δ</strong></span> <span class='ocrx_word' id='word_1_861' title='bbox 1438 2267 1573 2299; x_wconf 79' lang='lat' dir='ltr'><strong>mediam;</strong></span> <span class='ocrx_word' id='word_1_862' title='bbox 1590 2266 1720 2293; x_wconf 86' lang='lat' dir='ltr'><strong>culminat</strong></span> 
     </span>
    </p>
   </div>
   <div class='ocr_carea' id='block_1_101' title="bbox 943 2308 1721 2346">
    <p class='ocr_par' dir='ltr' id='par_1_101' title="bbox 943 2308 1721 2346">
     <span class='ocr_line' id='line_1_101' title="bbox 943 2308 1721 2346; baseline -0.013 -2"><span class='ocrx_word' id='word_1_863' title='bbox 943 2316 978 2344; x_wconf 84' lang='lat' dir='ltr'><strong>ab</strong></span> <span class='ocrx_word' id='word_1_864' title='bbox 994 2315 1094 2344; x_wconf 83' lang='lat' dir='ltr'><strong>Arietis</strong></span> <span class='ocrx_word' id='word_1_865' title='bbox 1116 2315 1150 2341; x_wconf 82' lang='lat'><strong>‘26</strong></span> <span class='ocrx_word' id='word_1_866' title='bbox 1166 2314 1264 2346; x_wconf 84' lang='lat' dir='ltr'><strong>media,</strong></span> <span class='ocrx_word' id='word_1_867' title='bbox 1280 2313 1314 2339; x_wconf 89' lang='lat' dir='ltr'><strong>ad</strong></span> <span class='ocrx_word' id='word_1_868' title='bbox 1335 2311 1431 2339; x_wconf 86' lang='lat' dir='ltr'><strong>Cancri</strong></span> <span class='ocrx_word' id='word_1_869' title='bbox 1451 2309 1567 2337; x_wconf 88' lang='lat' dir='ltr'><strong>mediam</strong></span> <span class='ocrx_word' id='word_1_870' title='bbox 1588 2309 1614 2336; x_wconf 76' lang='grc'><strong>4.</strong></span> <span class='ocrx_word' id='word_1_871' title='bbox 1629 2308 1721 2335; x_wconf 89' lang='lat' dir='ltr'><strong>Prima</strong></span> 
     </span>
    </p>
   </div>
   <div class='ocr_carea' id='block_1_102' title="bbox 945 2354 1722 2397">
    <p class='ocr_par' dir='ltr' id='par_1_102' title="bbox 945 2354 1722 2397">
     <span class='ocr_line' id='line_1_102' title="bbox 945 2354 1722 2397; baseline -0.014 -6"><span class='ocrx_word' id='word_1_872' title='bbox 945 2363 1033 2390; x_wconf 85' lang='lat' dir='ltr'><strong>oritur</strong></span> <span class='ocrx_word' id='word_1_873' title='bbox 1056 2370 1116 2397; x_wconf 68' lang='lat' dir='ltr'><strong>qua:</strong></span> <span class='ocrx_word' id='word_1_874' title='bbox 1131 2369 1146 2389; x_wconf 89' lang='lat' dir='ltr'><strong>e</strong></span> <span class='ocrx_word' id='word_1_875' title='bbox 1162 2360 1247 2388; x_wconf 88' lang='lat' dir='ltr'><strong>stellis</strong></span> <span class='ocrx_word' id='word_1_876' title='bbox 1266 2359 1293 2386; x_wconf 90' lang='lat' dir='ltr'><strong>in</strong></span> <span class='ocrx_word' id='word_1_877' title='bbox 1313 2357 1399 2385; x_wconf 87' lang='lat' dir='ltr'><strong>cauda</strong></span> <span class='ocrx_word' id='word_1_878' title='bbox 1413 2356 1495 2384; x_wconf 89' lang='lat' dir='ltr'><strong>Canis</strong></span> <span class='ocrx_word' id='word_1_879' title='bbox 1517 2355 1546 2382; x_wconf 80' lang='lat' dir='ltr'><strong>fit</strong></span> <span class='ocrx_word' id='word_1_880' title='bbox 1567 2355 1649 2382; x_wconf 79' lang='lat' dir='ltr'><strong>veluti</strong></span> <span class='ocrx_word' id='word_1_881' title='bbox 1671 2354 1722 2381; x_wconf 90' lang='lat' dir='ltr'><strong>tri-</strong></span> 
     </span>
    </p>
   </div>
   <div class='ocr_carea' id='block_1_103' title="bbox 940 2401 1720 2446">
    <p class='ocr_par' dir='ltr' id='par_1_103' title="bbox 940 2401 1720 2446">
     <span class='ocr_line' id='line_1_103' title="bbox 940 2401 1720 2446; baseline -0.015 -8"><span class='ocrx_word' id='word_1_882' title='bbox 940 2411 1002 2446; x_wconf 79' lang='lat' dir='ltr'><strong>plex</strong></span> <span class='ocrx_word' id='word_1_883' title='bbox 1027 2419 1034 2437; x_wconf 90' lang='lat'><strong>:</strong></span> <span class='ocrx_word' id='word_1_884' title='bbox 1060 2409 1165 2441; x_wconf 87' lang='lat' dir='ltr'><strong>ultima,</strong></span> <span class='ocrx_word' id='word_1_885' title='bbox 1185 2414 1245 2442; x_wconf 57' lang='lat' dir='ltr'><strong>qua</strong></span> <span class='ocrx_word' id='word_1_886' title='bbox 1268 2407 1294 2432; x_wconf 91' lang='lat' dir='ltr'><strong>in</strong></span> <span class='ocrx_word' id='word_1_887' title='bbox 1319 2403 1487 2432; x_wconf 85' lang='lat' dir='ltr'><strong>abscissione</strong></span> <span class='ocrx_word' id='word_1_888' title='bbox 1504 2401 1586 2429; x_wconf 82' lang='lat' dir='ltr'><strong>Navis</strong></span> <span class='ocrx_word' id='word_1_889' title='bbox 1607 2401 1720 2428; x_wconf 86' lang='lat' dir='ltr'><strong>sitarum</strong></span> 
     </span>
    </p>
   </div>
   <div class='ocr_carea' id='block_1_104' title="bbox 943 2445 1720 2486">
    <p class='ocr_par' dir='ltr' id='par_1_104' title="bbox 943 2445 1720 2486">
     <span class='ocr_line' id='line_1_104' title="bbox 943 2445 1720 2486; baseline -0.014 -3"><span class='ocrx_word' id='word_1_890' title='bbox 943 2445 1144 2483; x_wconf 78' lang='lat' dir='ltr'><strong>australissima</strong></span> <span class='ocrx_word' id='word_1_891' title='bbox 1168 2457 1229 2486; x_wconf 89' lang='lat' dir='ltr'><strong>est,</strong></span> <span class='ocrx_word' id='word_1_892' title='bbox 1254 2455 1280 2480; x_wconf 84' lang='lat' dir='ltr'><strong>et</strong></span> <span class='ocrx_word' id='word_1_893' title='bbox 1299 2451 1400 2478; x_wconf 87' lang='lat' dir='ltr'><strong>lucida.</strong></span> <span class='ocrx_word' id='word_1_894' title='bbox 1422 2449 1513 2476; x_wconf 83' lang='lat' dir='ltr'><strong>Prima</strong></span> <span class='ocrx_word' id='word_1_895' title='bbox 1536 2447 1665 2476; x_wconf 86' lang='lat' dir='ltr'><strong>culminat</strong></span> <span class='ocrx_word' id='word_1_896' title='bbox 1687 2445 1720 2473; x_wconf 87' lang='lat' dir='ltr'><strong>de</strong></span> 
     </span>
    </p>
   </div>
   <div class='ocr_carea' id='block_1_105' title="bbox 942 2492 1719 2537">
    <p class='ocr_par' dir='ltr' id='par_1_105' title="bbox 942 2492 1719 2537">
     <span class='ocr_line' id='line_1_105' title="bbox 942 2492 1719 2537; baseline -0.015 -6"><span class='ocrx_word' id='word_1_897' title='bbox 942 2502 1031 2531; x_wconf 87' lang='lat' dir='ltr'><strong>stellis</strong></span> <span class='ocrx_word' id='word_1_898' title='bbox 1049 2501 1162 2537; x_wconf 89' lang='lat' dir='ltr'><strong>reliquis</strong></span> <span class='ocrx_word' id='word_1_899' title='bbox 1177 2508 1219 2533; x_wconf 88' lang='lat' dir='ltr'><strong>ea,</strong></span> <span class='ocrx_word' id='word_1_900' title='bbox 1236 2507 1295 2535; x_wconf 78' lang='lat' dir='ltr'><strong>quae</strong></span> <span class='ocrx_word' id='word_1_901' title='bbox 1309 2503 1350 2526; x_wconf 89' lang='lat' dir='ltr'><strong>cst</strong></span> <span class='ocrx_word' id='word_1_902' title='bbox 1368 2498 1396 2524; x_wconf 88' lang='lat' dir='ltr'><strong>in</strong></span> <span class='ocrx_word' id='word_1_903' title='bbox 1413 2497 1524 2524; x_wconf 86' lang='lat' dir='ltr'><strong>sinistro</strong></span> <span class='ocrx_word' id='word_1_904' title='bbox 1541 2494 1641 2522; x_wconf 83' lang='lat' dir='ltr'><strong>femore</strong></span> <span class='ocrx_word' id='word_1_905' title='bbox 1655 2492 1719 2519; x_wconf 90' lang='lat' dir='ltr'><strong>Per-</strong></span> 
     </span>
    </p>
   </div>
   <div class='ocr_carea' id='block_1_106' title="bbox 941 2538 1720 2579">
    <p class='ocr_par' dir='ltr' id='par_1_106' title="bbox 941 2538 1720 2579">
     <span class='ocr_line' id='line_1_106' title="bbox 941 2538 1720 2579; baseline -0.017 -2"><span class='ocrx_word' id='word_1_906' title='bbox 941 2550 980 2578; x_wconf 91' lang='lat' dir='ltr'><strong>sei</strong></span> <span class='ocrx_word' id='word_1_907' title='bbox 997 2558 1004 2576; x_wconf 90' lang='lat'>:</span> <span class='ocrx_word' id='word_1_908' title='bbox 1021 2552 1047 2576; x_wconf 88' lang='lat' dir='ltr'><strong>et</strong></span> <span class='ocrx_word' id='word_1_909' title='bbox 1071 2546 1271 2575; x_wconf 86' lang='lat' dir='ltr'><strong>australissima</strong></span> <span class='ocrx_word' id='word_1_910' title='bbox 1287 2547 1381 2573; x_wconf 81' lang='lat' dir='ltr'><strong>earum</strong></span> <span class='ocrx_word' id='word_1_911' title='bbox 1402 2550 1462 2579; x_wconf 65' lang='lat' dir='ltr'><strong>quae</strong></span> <span class='ocrx_word' id='word_1_912' title='bbox 1482 2544 1544 2569; x_wconf 88' lang='lat' dir='ltr'><strong>sunt</strong></span> <span class='ocrx_word' id='word_1_913' title='bbox 1558 2541 1584 2567; x_wconf 90' lang='lat' dir='ltr'><strong>in</strong></span> <span class='ocrx_word' id='word_1_914' title='bbox 1599 2538 1720 2567; x_wconf 82' lang='lat' dir='ltr'><strong>sectione</strong></span> 
     </span>
    </p>
   </div>
   <div class='ocr_carea' id='block_1_107' title="bbox 943 2583 1718 2627">
    <p class='ocr_par' dir='ltr' id='par_1_107' title="bbox 943 2583 1718 2627">
     <span class='ocr_line' id='line_1_107' title="bbox 943 2583 1718 2627; baseline -0.017 -5"><span class='ocrx_word' id='word_1_915' title='bbox 943 2594 1028 2622; x_wconf 75' lang='lat' dir='ltr'><strong>Tauri</strong></span> <span class='ocrx_word' id='word_1_916' title='bbox 1046 2603 1052 2621; x_wconf 86' lang='lat'>:</span> <span class='ocrx_word' id='word_1_917' title='bbox 1073 2593 1178 2624; x_wconf 80' lang='lat' dir='ltr'><strong>ultima,</strong></span> <span class='ocrx_word' id='word_1_918' title='bbox 1195 2591 1351 2627; x_wconf 58' lang='lat' dir='ltr'><strong>praecedens</strong></span> <span class='ocrx_word' id='word_1_919' title='bbox 1370 2588 1465 2623; x_wconf 86' lang='lat' dir='ltr'><strong>capitis</strong></span> <span class='ocrx_word' id='word_1_920' title='bbox 1476 2586 1558 2622; x_wconf 81' lang='lat' dir='ltr'><strong>llydri</strong></span> <span class='ocrx_word' id='word_1_921' title='bbox 1568 2583 1718 2620; x_wconf 84' lang='lat' dir='ltr'><strong>splendida,</strong></span> 
     </span>
    </p>
   </div>
   <div class='ocr_carea' id='block_1_108' title="bbox 940 2633 1520 2677">
    <p class='ocr_par' dir='ltr' id='par_1_108' title="bbox 940 2633 1520 2677">
     <span class='ocr_line' id='line_1_108' title="bbox 940 2633 1520 2677; baseline -0.017 -9"><span class='ocrx_word' id='word_1_922' title='bbox 940 2650 1001 2677; x_wconf 78' lang='lat' dir='ltr'><strong>quae</strong></span> <span class='ocrx_word' id='word_1_923' title='bbox 1015 2643 1057 2668; x_wconf 87' lang='lat' dir='ltr'><strong>est</strong></span> <span class='ocrx_word' id='word_1_924' title='bbox 1072 2639 1101 2666; x_wconf 91' lang='lat' dir='ltr'><strong>in</strong></span> <span class='ocrx_word' id='word_1_925' title='bbox 1120 2637 1284 2665; x_wconf 87' lang='lat' dir='ltr'><strong>australibus</strong></span> <span class='ocrx_word' id='word_1_926' title='bbox 1301 2635 1415 2672; x_wconf 89' lang='lat' dir='ltr'><strong>pedibus</strong></span> <span class='ocrx_word' id='word_1_927' title='bbox 1428 2633 1520 2661; x_wconf 85' lang='lat' dir='ltr'><strong>Canis.</strong></span> 
     </span>
    </p>
   </div>
   <div class='ocr_carea' id='block_1_109' title="bbox 977 2718 1718 2762">
    <p class='ocr_par' dir='ltr' id='par_1_109' title="bbox 977 2718 1718 2762">
     <span class='ocr_line' id='line_1_109' title="bbox 977 2718 1718 2762; baseline -0.019 -4"><span class='ocrx_word' id='word_1_928' title='bbox 977 2731 1010 2758; x_wconf 88' lang='lat' dir='ltr'><strong>V.</strong></span> <span class='ocrx_word' id='word_1_929' title='bbox 1030 2728 1185 2757; x_wconf 86' lang='lat' dir='ltr'><strong>Secundum</strong></span> <span class='ocrx_word' id='word_1_930' title='bbox 1203 2727 1260 2754; x_wconf 65' lang='lat' dir='ltr'><strong>hanc</strong></span> <span class='ocrx_word' id='word_1_931' title='bbox 1281 2732 1390 2762; x_wconf 76' lang='lat' dir='ltr'><strong>agemus</strong></span> <span class='ocrx_word' id='word_1_932' title='bbox 1406 2723 1439 2751; x_wconf 86' lang='lat' dir='ltr'><strong>de</strong></span> <span class='ocrx_word' id='word_1_933' title='bbox 1455 2728 1563 2755; x_wconf 85' lang='lat' dir='ltr'><strong>eccasu_</strong></span> <span class='ocrx_word' id='word_1_934' title='bbox 1576 2718 1718 2746; x_wconf 84' lang='lat' dir='ltr'><strong>australio-</strong></span> 
     </span>
    </p>
   </div>
   <div class='ocr_carea' id='block_1_110' title="bbox 941 2771 1466 2806">
    <p class='ocr_par' dir='ltr' id='par_1_110' title="bbox 941 2771 1466 2806">
     <span class='ocr_line' id='line_1_110' title="bbox 941 2771 1466 2806; baseline -0.017 -1"><span class='ocrx_word' id='word_1_935' title='bbox 941 2785 1000 2805; x_wconf 88' lang='lat' dir='ltr'><strong>rum</strong></span> <span class='ocrx_word' id='word_1_936' title='bbox 1017 2777 1129 2804; x_wconf 84' lang='lat' dir='ltr'><strong>zodiaco</strong></span> <span class='ocrx_word' id='word_1_937' title='bbox 1143 2773 1293 2802; x_wconf 68' lang='lat' dir='ltr'><strong>cmlestium</strong></span> <span class='ocrx_word' id='word_1_938' title='bbox 1309 2771 1466 2806; x_wconf 77' lang='lat' dir='ltr'><strong>imaginum.</strong></span> 
     </span>
    </p>
   </div>
   <div class='ocr_carea' id='block_1_111' title="bbox 977 2810 1718 2856">
    <p class='ocr_par' dir='ltr' id='par_1_111' title="bbox 977 2810 1718 2856">
     <span class='ocr_line' id='line_1_111' title="bbox 977 2810 1718 2856; baseline -0.019 -7"><span class='ocrx_word' id='word_1_939' title='bbox 977 2821 1113 2856; x_wconf 82' lang='lat' dir='ltr'><strong>Imprimis</strong></span> <span class='ocrx_word' id='word_1_940' title='bbox 1133 2827 1194 2847; x_wconf 84' lang='lat' dir='ltr'><strong>cum</strong></span> <span class='ocrx_word' id='word_1_941' title='bbox 1222 2817 1330 2853; x_wconf 83' lang='lat' dir='ltr'><strong>Hydrus</strong></span> <span class='ocrx_word' id='word_1_942' title='bbox 1353 2814 1463 2846; x_wconf 82' lang='lat' dir='ltr'><strong>occidit.</strong></span> <span class='ocrx_word' id='word_1_943' title='bbox 1490 2810 1629 2840; x_wconf 88' lang='lat' dir='ltr'><strong>descendit</strong></span> <span class='ocrx_word' id='word_1_944' title='bbox 1655 2816 1718 2856; x_wconf 85' lang='lat' dir='ltr'><strong>cum</strong></span> 
     </span>
    </p>
   </div>
   <div class='ocr_carea' id='block_1_112' title="bbox 941 2855 1717 2900">
    <p class='ocr_par' dir='ltr' id='par_1_112' title="bbox 941 2855 1717 2900">
     <span class='ocr_line' id='line_1_112' title="bbox 941 2855 1717 2900; baseline -0.021 -3"><span class='ocrx_word' id='word_1_945' title='bbox 941 2876 973 2898; x_wconf 83' lang='lat' dir='ltr'><strong>eo</strong></span> <span class='ocrx_word' id='word_1_946' title='bbox 991 2855 1119 2895; x_wconf 76' lang='lat' dir='ltr'><strong>zodiacus</strong></span> <span class='ocrx_word' id='word_1_947' title='bbox 1134 2873 1147 2892; x_wconf 88' lang='lat' dir='ltr'><strong>a</strong></span> <span class='ocrx_word' id='word_1_948' title='bbox 1160 2867 1236 2900; x_wconf 83' lang='lat' dir='ltr'><strong>parte</strong></span> <span class='ocrx_word' id='word_1_949' title='bbox 1246 2862 1419 2890; x_wconf 88' lang='lat' dir='ltr'><strong>Geminorum</strong></span> <span class='ocrx_word' id='word_1_950' title='bbox 1430 2859 1465 2888; x_wconf 79' lang='lat'><strong>‘29</strong></span> <span class='ocrx_word' id='word_1_951' title='bbox 1479 2859 1512 2887; x_wconf 79' lang='lat' dir='ltr'><strong>ad</strong></span> <span class='ocrx_word' id='word_1_952' title='bbox 1527 2856 1643 2894; x_wconf 76' lang='lat' dir='ltr'><strong>Virginis</strong></span> <span class='ocrx_word' id='word_1_953' title='bbox 1666 2855 1696 2883; x_wconf 79' lang='lat' dir='ltr'><strong>li</strong></span> <span class='ocrx_word' id='word_1_954' title='bbox 1709 2863 1717 2888; x_wconf 86' lang='lat'><strong>;</strong></span> 
     </span>
    </p>
   </div>
  </div>
