1923 3137
207 173 278 201 1115

694 169 739 195 AD
751 166 893 203 lEUSEBll
912 163 1107 194 CHRONICON
1125 163 1307 191 APPENDIX.

1758 157 1823 186 1116

206 231 338 260 culminat
357 238 373 258 a
395 230 428 258 19
445 229 533 258 media
553 228 696 256 Cltelarum
725 228 757 254 ad
783 225 922 262 Sagittarii
951 225 984 252 19

1044 231 1081 248 μου
1100 225 1150 248 ια’·
1169 221 1330 256 μεσουρανεῖ
1354 219 1382 245 δὲ
1409 218 1461 245 ἀπὸ
1483 217 1581 253 Χηλῶν
1611 216 1644 243 ιθ¹
1662 215 1752 250 μέσης
1774 215 1825 262 ἕως

208 276 339 304 mediam.
354 275 432 303 Prior
445 275 556 308 occidit,
571 275 717 302 australior
735 280 829 301 earum
845 279 904 306 quae
920 275 986 298 sunt

206 321 235 349 in
249 322 318 349 rictu
335 329 342 347 :
358 322 462 353 ultima,
478 329 538 356 quae
559 322 586 348 in
601 320 771 347 extremitate
791 319 894 346 caudae.
918 317 983 345 Cul-

207 367 314 394 minant
338 374 370 394 ex
387 367 446 394 aliis
461 367 555 400 stellis,
573 367 650 393 initio
670 365 789 400 quidem,
806 363 906 395 lucida,
925 370 986 398 quae

206 416 248 440 est
270 420 284 438 a
309 411 397 438 cauda
424 411 556 439 Draconis
579 412 670 444 tertia,
695 410 856 438 semicubito
878 409 986 436 circiter

207 456 369 484 antecedens
403 456 584 484 meridianum
620 465 627 484 :
662 457 725 483 item
757 455 847 483 lucida
885 453 986 489 cinguli

206 502 307 533 Bootae,
322 510 372 530 nec
387 510 441 530 non
457 502 612 537 pracedens
637 501 755 528 lucidam
776 502 803 527 in
817 499 987 527 extremitate

205 548 295 575 borea:
301 547 388 575 Cltelm
396 557 403 582 ς
412 552 439 575 et
446 556 505 583 quae
514 547 595 583 llydri
603 552 644 575 est
655 547 682 574 in
697 551 817 574 extrema
826 545 922 577 cauda,
931 544 995 572 vel-t

206 598 236 620 ut
245 594 404 621 semicubito
417 594 595 622 meridianum
605 593 774 620 antecedens.
784 592 923 620 Postremo
929 591 988 618 cul-

206 639 311 666 minant
327 639 459 666 Draconis
474 639 622 667 australius
638 643 744 673 tempus
764 646 770 663 :
790 641 817 665 et
834 637 985 672 Serpentis,

207 694 287 721 quem
304 690 376 714 tenet
393 686 534 721 Anguil‘er,
552 687 579 713 in
593 690 715 713 extrema
735 685 820 712 cauda
835 685 886 712 sita
904 694 910 712 ε
930 690 986 711 tum

208 732 371 760 antecedens
392 740 497 766 earum,
513 740 574 768 quae
593 733 620 760 in
638 739 703 768 sago
717 731 869 767 Sagittarii.
882 729 989 759 Occidit

208 776 316 813 Hydrus
331 778 406 806 horis
418 778 445 805 4.

243 868 353 897 Cratere
369 869 520 902 occidente,
538 877 600 897 cum
617 877 650 897 eo
673 869 813 896 descendit
826 868 954 896 zodiacus
974 876 989 895 a

208 914 305 942 Cancri
320 919 398 950 parte
411 915 442 942 2i
461 915 495 942 ad
508 897 606 942 Leonis
620 915 736 942 mediam
751 915 802 947 i3;
822 914 953 941 culminat
973 921 989 940 a
1005 897 1025 923 Β

209 962 298 988 media
329 962 363 989 15
393 962 498 997 Scorpii
524 962 557 989 ad
587 962 693 988 initium
723 961 872 997 Sagittarii.
899 960 989 987 Prima

209 1007 311 1034 occidit
324 1015 428 1040 earum,
444 1015 504 1042 qua:
518 1011 581 1035 sunt
596 1007 623 1034 in
639 1007 708 1041 basi,
720 1007 856 1034 borealior
872 1016 878 1032 ί
895 1006 990 1034 ultima

209 1060 274 1080 vero
298 1053 455 1084 australior,
476 1056 502 1080 et
524 1052 661 1079 borealior
683 1060 777 1080 earum
801 1059 861 1087 qua:
880 1055 944 1079 sunt
962 1051 990 1078 in

210 1097 297 1125 alveo.
315 1097 472 1124 Culminant
493 1098 608 1124 aliarum
627 1098 781 1129 stellarum,
803 1097 893 1130 initio,
911 1096 991 1124 Scor-

211 1143 250 1178 pii
273 1143 372 1171 tertius
390 1147 417 1170 et
438 1143 551 1178 quintus
572 1143 722 1179 spondylus
739 1151 843 1175 eorum,
860 1144 906 1178 qui
927 1149 991 1170 sunt

210 1192 273 1223 post
292 1192 397 1223 pectus,
414 1193 441 1216 et
459 1189 540 1217 tertia
561 1193 622 1224 post
637 1189 763 1216 dextrum
788 1189 929 1216 humerum
946 1188 990 1215 ln-

211 1234 339 1268 geniculi,
361 1234 389 1261 in
413 1234 526 1263 brachio
546 1235 609 1267 sita,
633 1235 706 1262 velut
732 1235 892 1263 semicubilo
914 1235 992 1263 meri-

210 1278 322 1306 dianum
349 1280 526 1315 pracedens;
553 1281 648 1308 ultima
668 1288 745 1313 vero,
763 1288 824 1316 quae
848 1281 876 1308 in
900 1281 991 1308 radice

211 1325 313 1353 sinistri
330 1325 440 1354 femoris
450 1330 490 1354 est
506 1326 654 1362 lngeniculi
671 1336 678 1354 :
695 1335 745 1355 nec
760 1335 816 1355 non
832 1327 924 1362 cuspis
937 1329 990 1354 Ar-

211 1378 270 1399 cus.
286 1370 390 1399 Occidit
405 1371 500 1400 Crater
515 1372 581 1400 hora
597 1372 623 1406 1,
635 1372 689 1400 20'.

247 1458 336 1487 Corvo
349 1459 531 1488 descendente
545 1460 626 1488 simul
639 1460 768 1488 zodiacus
780 1460 880 1488 occidit
894 1468 909 1487 a
925 1459 993 1488 Leo-

213 1504 257 1532 nis
271 1505 306 1532 29
322 1504 411 1532 media
439 1506 472 1533 ad
492 1505 637 1533 Chelarum
655 1507 705 1539 11;
723 1506 855 1534 culminat
873 1513 889 1532 a
904 1505 994 1542 Sagit-

213 1549 277 1576 tarii
302 1549 337 1576 10
355 1549 389 1576 ad
414 1550 529 1578 mediam
552 1551 713 1586 Capricorni
740 1551 767 1579 6.
791 1551 870 1578 Prior
893 1551 993 1579 occidit

167 1616 170 1621 .
215 1594 303 1627 stella,
323 1602 382 1629 quae
399 1595 427 1622 in
442 1596 640 1631 posterioribus
658 1596 815 1628 femoribus,
831 1596 992 1629 novissima,

215 1639 365 1667 succedens
388 1647 491 1673 earum,
508 1649 568 1676 qua:
585 1645 649 1669 sunt
668 1642 696 1668 in
718 1641 817 1676 capite.
837 1642 994 1670 Culminant

215 1685 330 1712 aliarum
356 1686 513 1720 stellarum,
545 1687 680 1722 principio
708 1687 817 1722 quidem
849 1687 992 1720 Draconis,

215 1738 276 1765 qua:
291 1735 332 1759 est
352 1731 380 1759 in
397 1732 477 1765 rictu,
499 1733 656 1767 praecedens
674 1734 853 1761 meridianum
876 1735 995 1763 semicuu

215 1777 272 1804 bito
300 1777 376 1812 fere;
396 1778 459 1806 item
488 1779 637 1814 Ingeniculi
664 1779 750 1807 cubiti
773 1780 879 1808 sinistri
894 1780 992 1813 ﬂexus,

215 1822 375 1851 semicubito
387 1823 494 1851 circiter
502 1823 664 1852 antecedens
677 1824 855 1852 meridianum
867 1834 874 1858 ;
890 1829 995 1860 postre-

215 1874 270 1899 ma,
285 1869 439 1903 praecedens
453 1868 604 1896 lucidarum
616 1869 709 1901 trium,
722 1878 781 1905 quae
792 1874 855 1898 sunt
869 1871 896 1897 in
908 1871 996 1906 prima

216 1914 290 1948 spira
312 1913 459 1947 Draconis;
473 1922 524 1942 nec
542 1922 598 1942 non
612 1922 655 1947 ea,
672 1923 732 1951 quae
746 1920 788 1944 est
799 1916 827 1943 in
842 1916 884 1943 ala
899 1916 995 1944 dextra

216 1958 312 1994 Cygni,
328 1960 467 1994 paululum
483 1960 550 1987 citra
566 1960 747 1987 meridianum
772 1961 878 1996 posita;
895 1965 922 1988 et
934 1969 996 1996 qua:

216 2003 245 2030 in
261 2004 374 2039 cuspide
388 2003 497 2040 Sagittae
511 2013 517 2038 ;
533 2005 596 2032 item
615 2006 760 2034 australior
775 2006 803 2034 in
815 2007 892 2035 vultu
903 2006 999 2043 Capri-

216 2051 304 2079 corni.
320 2050 425 2080 Occidit
438 2051 506 2079 Fera
515 2051 590 2080 horis
603 2051 630 2080 2.

1035 267 1147 299 Τοξότου
1165 267 1197 293 ιϐ’
1213 267 1307 302 μέσης.
1324 265 1379 291 Καὶ
1395 267 1418 291 α’
1437 264 1485 299 μὲν
1504 263 1591 298 ἀστὴρ
1610 262 1684 288 δύνει
1699 262 1714 287 6
1731 260 1824 287 νοτιώ-

1034 322 1112 348 τερος
1126 313 1180 339 τῶν
1196 314 1224 339 ὲν
1237 311 1275 347 τῷ
1291 311 1420 346 χάσματι,
1443 310 1553 345 ἔσχατος
1575 309 1604 335 δὲ
1620 310 1634 335 6
1658 309 1688 335 ἐν
1705 308 1779 342 ἄκρᾳ
1791 309 1823 342 τῇ

1035 360 1113 394 οὐρᾷ.
1130 357 1333 393 Μεσουρανοῦσι
1353 356 1380 382 δὲ
1395 355 1449 382 τῶν
1466 355 1551 383 ἄλλων
1568 355 1691 390 ἀστέρων
1709 356 1737 380 ὲν
1753 355 1823 389 ἀρχῇ
1840 372 1845 389 .-

1037 405 1087 440 μὲν
1100 404 1146 431 τοῦ
1162 413 1191 431 τε
1208 403 1357 439 Δράκοντος
1376 402 1390 428 6
1405 404 1429 436 γ’
1444 401 1497 428 ἀπὸ
1520 401 1569 436 τῆς
1585 401 1669 436 οὐρᾶς
1685 399 1823 435 λαμπρὸς,

1035 450 1073 481 ὡς
1094 450 1246 485 ὴμιπήχιον
1265 448 1469 484 προηγούμενος
1498 446 1545 473 τοῦ
1562 445 1762 482 μεσημϐρινοῦ,
1779 445 1825 471 καὶ

1035 495 1082 522 τοῦ
1097 490 1202 522 Βοὼτού
1221 495 1235 521 6
1249 495 1278 521 ὲν
1292 496 1325 530 τῇ
1343 494 1415 529 ζώνῃ
1439 492 1572 528 λαμπρὸς,
1593 493 1642 519 καὶ
1654 493 1669 519 6
1687 491 1826 527 προηγού-

1038 550 1118 578 μενος
1131 541 1178 568 τοῦ
1191 542 1219 567 ἐν
1233 541 1306 575 ἄκρᾳ
1316 541 1349 575 τῇ
1365 539 1461 575 βορείῳ
1476 539 1551 574 Χηλῇ
1562 538 1702 574 λαμπροῦ,
1718 539 1766 564 καὶ
1777 537 1823 564 τοῦ

1037 587 1136 622 Ὕδρου
1155 587 1169 613 6
1186 587 1214 612 ὲν
1228 586 1301 621 ἄκρᾳ
1311 587 1345 621 τῇ
1361 586 1429 621 οὐρᾷ
1441 604 1448 617 ,
1465 585 1503 616 ὼς
1518 585 1669 620 ήμιπήχιον
1688 583 1825 619 προηγού-

1038 641 1117 667 μενος
1142 631 1188 658 τοῦ
1216 630 1419 666 μεσημϐρινοῦ·
1440 630 1552 666 ἔσχατον
1573 629 1602 657 δὲ
1625 628 1823 665 μεσουρανοῦσι

1036 677 1081 704 τοῦ
1104 686 1133 704 τε
1153 677 1302 713 Δράκοντος
1317 677 1331 703 6
1352 675 1508 712 νοτιὼτερος
1532 676 1675 711 κρόταφος,
1701 675 1750 701 καὶ
1775 674 1823 701 τοῦ

1039 724 1154 757 Ὄφεως,
1173 723 1202 750 ὃν
1218 723 1273 758 ἔχει
1293 723 1307 749 6
1324 722 1463 758 Ὀφιοῦχος
1478 723 1492 749 6
1508 722 1537 748 ὲν
1553 722 1624 757 ἄκρᾳ
1632 722 1666 756 τῇ
1682 721 1762 757 οὐρᾷ,
1776 721 1823 746 καὶ

1036 769 1082 796 τοῦ
1096 769 1209 800 Τοξότου
1224 770 1238 795 6
1254 768 1402 804 ἡγούμενος
1419 768 1473 795 τῶν
1492 768 1521 794 ὲν
1539 769 1571 804 τῇ
1591 767 1728 802 ὲφαπτίδι.
1745 766 1824 793 Δύνει

1037 815 1065 841 δὲ
1082 816 1096 841 6
1111 814 1207 850 ’Ὑδρος
1224 816 1252 841 ἐν
1268 814 1353 850 ὥραις
1363 814 1393 841 δ’.

1074 861 1126 888 Τοῦ
1139 861 1167 887 δὲ
1183 860 1326 897 Κρατῆρος
1334 860 1465 892 δύνοντος,
1478 858 1670 895 συγκαταδύνει
1686 858 1737 894 μὲν
1749 858 1829 893 αὐτῷ

1039 908 1053 935 6
1069 907 1200 940 ζωδιακὸς
1212 907 1265 934 ἀπὸ
1276 906 1413 942 Καρκίνου
1429 907 1482 942 μοί.
1504 910 1529 932 a'
1545 906 1591 933 καὶ
1603 909 1627 932 κ’
1637 906 1689 937 ἓως
1709 905 1827 937 Λέοντος

1041 957 1073 989 ιγ’
1089 954 1174 990 μέσης
1186 961 1192 968 ·
1209 954 1367 988 μεσουρανεῖ
1379 952 1406 979 δὲ
1417 952 1470 979 ἀπὸ
1484 952 1531 979 τοῦ
1541 951 1672 988 Σκορπίου
1688 950 1722 986 ιβ’
1738 951 1829 986 μέσης

1039 999 1091 1030 ἓως
1108 999 1222 1031 Τοξότου
1238 998 1331 1034 ἀρχῆς.
1363 998 1417 1024 Καὶ
1433 1001 1457 1024 a'
1473 998 1521 1033 μὲν
1543 997 1630 1033 ἀστὴρ
1653 997 1727 1024 δύνει
1750 998 1766 1023 6
1781 997 1827 1032 βο-

1041 1045 1174 1081 ρειότερος
1188 1044 1242 1070 τῶν
1260 1046 1289 1071 ὲν
1303 1045 1336 1080 τῇ
1361 1044 1447 1079 βάσει,
1465 1044 1576 1079 ἔσχατος
1589 1044 1617 1070 δὲ
1635 1044 1650 1070 6
1664 1043 1830 1078 νοτιὼτεριος

1040 1091 1087 1117 καὶ
1102 1091 1115 1116 ὁ
1128 1090 1293 1126 βορειότερος
1306 1089 1358 1116 τῶν
1372 1091 1401 1116 ὲν
1423 1090 1461 1125 τῷ
1478 1089 1562 1116 κύτει.
1581 1087 1786 1124 Μεσουρανοῦσι
1798 1088 1827 1114 δὲ

1038 1136 1093 1163 τῶν
1108 1136 1193 1163 ἄλλων
1211 1135 1332 1171 ἀστέρων
1348 1135 1376 1161 ὲν
1395 1135 1465 1171 ἀρχῇ
1485 1135 1532 1170 μὲν
1551 1134 1597 1161 τοῦ
1614 1134 1748 1170 Σκορπίου
1772 1135 1787 1161 6
1803 1138 1828 1167 γ·

1040 1183 1087 1210 καὶ
1102 1183 1116 1208 6
1130 1186 1149 1208 ε’
1167 1181 1310 1217 σφόνδυλος
1324 1181 1377 1207 τῶν
1391 1181 1460 1216 μετὰ
1476 1181 1505 1207 τὸ
1526 1180 1631 1216 στῆθος,
1649 1180 1696 1207 καὶ
1711 1180 1759 1207 τοῦ
1782 1180 1828 1207 Ἐν

1039 1228 1148 1262 γόνασιν
1167 1228 1181 1253 6
1195 1230 1219 1262 γ’
1233 1227 1286 1253 άπὸ
1307 1227 1354 1253 τοῦ
1381 1225 1466 1258 δεξιοῦ
1492 1225 1578 1261 ὤμου,
1599 1226 1628 1251 ὲν
1642 1225 1680 1261 τῷ
1703 1225 1829 1261 βραχίονι

1040 1274 1173 1308 κείμενος,
1192 1272 1395 1307 προηγούμενος
1408 1272 1437 1298 δὲ
1450 1271 1495 1307 τοῦ
1512 1271 1696 1307 μεσημϐρινοῦ
1713 1271 1752 1303 ὡς
1763 1272 1829 1306 ἡμι-

1040 1320 1136 1354 πήχιον
1148 1327 1155 1334 ·
1178 1319 1290 1354 ἔσχατον
1313 1319 1342 1345 δὲ
1361 1318 1408 1344 τοῦ
1421 1326 1451 1344 τε
1469 1317 1513 1345 Ἐν
1529 1317 1637 1352 γόνασιν
1651 1318 1665 1343 6
1685 1318 1714 1344 ὲν
1727 1319 1760 1352 τῇ
1782 1318 1828 1343 ἐκ-

1040 1366 1119 1400 φύσει
1136 1365 1182 1392 τοῦ
1199 1364 1342 1400 ἀριστεροῦ
1360 1363 1457 1400 μηροῦ,
1479 1364 1526 1390 καὶ
1549 1363 1595 1389 τοῦ
1619 1363 1702 1396 Τόξου
1720 1364 1736 1398 ἡ
1754 1363 1827 1394 ἀκίς.

1040 1411 1118 1438 Δύνει
1132 1412 1159 1438 δὲ
1173 1413 1187 1438 6
1207 1411 1319 1446 Κρατὴρ
1331 1412 1359 1437 ὲν
1372 1409 1430 1446 ὥρᾳ
1442 1413 1466 1436 α’
1479 1410 1525 1436 καὶ
1539 1412 1563 1443 γ’
1582 1409 1671 1444 μέρει.

1075 1457 1128 1484 Τοῦ
1149 1458 1177 1483 δὲ
1191 1457 1316 1493 Κόρακος
1329 1456 1461 1487 δύνοντος,
1484 1455 1676 1489 συγκαταδύνει
1692 1454 1742 1489 μὲν
1754 1453 1830 1489 αύτῷ

1041 1503 1056 1530 6
1074 1504 1204 1536 ζωδιακὸς
1220 1503 1274 1530 ἀπὸ
1289 1502 1401 1534 Λέοντος
1419 1501 1459 1528 κθ¹
1483 1501 1538 1536 μοι.
1561 1501 1645 1536 μέσης
1665 1499 1719 1531 ἕως
1730 1499 1830 1535 Χηλῶν

1044 1553 1091 1576 ια’·
1111 1551 1271 1586 μεσουρανεῖ
1283 1549 1311 1576 δὲ
1337 1549 1390 1575 ἀπὸ
1413 1547 1526 1580 Τοξότου
1544 1550 1558 1573 ι’
1575 1546 1627 1578 ἕως
1639 1545 1784 1580 Αῐγόκερω
1805 1549 1832 1577 ς’

1046 1595 1141 1631 μέσης.
1155 1595 1209 1622 Kal.
1219 1598 1243 1621 a'
1257 1594 1306 1630 μὲν
1320 1594 1407 1630 ἀστὴρ
1418 1593 1489 1620 δύνει
1503 1595 1517 1620 6
1527 1594 1556 1619 ὲν
1565 1594 1620 1624 τοῖς
1632 1591 1765 1623 ὀπισθίοις
1779 1600 1832 1626 μη-

1046 1642 1111 1677 ροῖς,
1132 1641 1242 1676 ἔσχατος
1256 1640 1284 1667 δὲ
1298 1641 1312 1667 6
1325 1640 1456 1676 ἑπόμενος
1472 1639 1524 1666 τῶν
1539 1639 1567 1665 ἐν
1581 1639 1612 1673 τῇ
1629 1637 1746 1672 κεφαλῇ.
1757 1637 1832 1663 Μεσ-

1044 1686 1186 1722 ουρανοῦσι
1197 1686 1225 1712 δὲ
1236 1686 1290 1712 τῶν
1309 1685 1394 1712 ἄλλων
1408 1684 1529 1720 ἀστέρων
1550 1685 1579 1711 ἐν
1592 1684 1639 1719 μὲν
1649 1684 1683 1718 τῇ
1697 1683 1769 1718 ἀρχῇ
1783 1682 1831 1709 τοῦ

1044 1732 1194 1768 Δράκοντος
1205 1733 1220 1758 6
1229 1732 1258 1758 ὲν
1271 1731 1308 1767 τῷ
1318 1731 1436 1767 χάσματι
1449 1730 1650 1767 προηγούμενος
1661 1729 1709 1756 τοῦ
1724 1737 1794 1764 μεση
1799 1738 1832 1763 μ-

1046 1778 1138 1814 ϐρινοῦ
1152 1778 1190 1810 ὼς
1204 1778 1353 1813 ἡμιπήχιον
1364 1797 1372 1810 ,
1394 1777 1440 1804 καὶ
1456 1776 1502 1803 τοῦ
1520 1777 1564 1802 Ἐν
1578 1776 1688 1810 γόνασιν
1697 1776 1710 1802 6
1722 1775 1833 1810 ἀριστε-

1047 1825 1092 1860 ρὸς
1115 1823 1218 1858 ἀγκὼν,
1239 1823 1442 1860 προηγούμενος
1474 1822 1512 1854 ὡς
1534 1822 1684 1858 ἡμιπήχιον
1707 1820 1756 1847 τοῦ
1782 1829 1831 1855 με»

1046 1870 1195 1906 σημϐρινοῦ
1207 1880 1215 1886 ε
1230 1870 1340 1906 ἔσχατον
1355 1870 1384 1897 δὲ
1400 1869 1447 1896 τοῦ
1465 1868 1615 1904 Δράκοντος
1632 1867 1687 1893 τῶν
1708 1869 1739 1893 ὲν
1758 1868 1792 1901 τῇ
1808 1868 1832 1893 α’

1046 1918 1147 1954 σπείρᾳ
1162 1917 1244 1953 τριῶν
1254 1916 1386 1952 λαμπρῶν
1400 1917 1414 1942 6
1427 1915 1576 1951 ἡγούμενος
1585 1913 1633 1940 καὶ
1643 1912 1691 1938 τοῦ
1706 1911 1833 1947 Ὄρνιθος

1046 1962 1061 1988 6
1076 1961 1105 1987 ὲν
1123 1961 1195 1997 ἄκρᾳ
1210 1963 1243 1996 τῇ
1258 1960 1331 1996 δεξιᾷ
1354 1960 1478 1995 πτέρυγι,
1500 1958 1596 1994 μικρὸν
1617 1957 1833 1992 ὑπολειπόμενος

1049 2006 1097 2034 τοῦ
1112 2015 1179 2042 μεση
1185 2005 1295 2042 μϐρινοῦ
1307 2014 1314 2021 ·
1330 2006 1376 2032 καὶ
1391 2005 1437 2032 τοῦ
1463 2003 1566 2030 Ὀῖστοῦ
1580 2003 1594 2029 6
1610 2003 1657 2029 ἐπὶ
1669 2002 1720 2037 τῆς
1730 2002 1832 2032 ἀκίδος·

1050 2052 1154 2079 καὶτοῦ
1167 2053 1305 2088 Αιγόκερω
1319 2053 1333 2078 6
1346 2050 1501 2086 νοτιώτερος
1516 2050 1569 2077 τῶν
1586 2049 1614 2076 ἐν
1627 2048 1665 2084 τῷ
1682 2047 1834 2084 προσώπῳ.

1050 2097 1127 2124 Δύνει
1139 2097 1167 2124 δὲ
1182 2097 1211 2124 τὸ
1225 2097 1324 2133 Θηρίον
1340 2098 1370 2124 ὲν
1385 2097 1469 2132 ὥραις
1481 2096 1550 2123 δυσί.

739 2151 840 2178 Desunt
854 2151 896 2177 hic
909 2151 1041 2178 asterismi
1058 2152 1184 2181 Centauri
1195 2158 1221 2181 et
1235 2153 1321 2181 πενίη.

256 2209 298 2236 Vl.
320 2210 374 2237 Ara
391 2209 533 2237 occidente
557 2209 685 2237 zodiacus
706 2216 723 2235 a
741 2208 840 2236 Leonis
855 2208 942 2236 media
963 2208 993 2236 19

1084 2213 1129 2245 (τι.
1147 2211 1200 2238 Τοῦ
1225 2212 1253 2238 δὲ
1274 2211 1458 2247 Θυμιατηριου
1483 2211 1616 2243 δύνοντος,
1635 2209 1836 2244 συγκαταδύνει

221 2255 255 2283 ad
273 2255 417 2283 Chelarum
437 2255 453 2283 9
471 2255 666 2288 absconditur;
687 2254 845 2282 culminata
857 2254 998 2289 Sagittarii

221 2302 238 2330 5
252 2302 286 2329 ad
300 2301 459 2337 Capricorni
481 2301 598 2329 mediam
617 2302 642 2329 9.
657 2301 748 2328 Prima
772 2300 872 2328 Occidit
891 2304 999 2327 austra-

221 2347 273 2375 lior
287 2355 379 2375 earum
394 2355 454 2382 qum
474 2347 502 2375 in
519 2348 650 2383 margine,
669 2348 818 2382 eademque
837 2347 938 2382 dupla;
958 2346 1000 2373 ul-

221 2393 288 2421 tima
303 2393 439 2420 borealior
452 2401 545 2420 earum
559 2401 619 2428 quae
634 2394 662 2420 in
678 2393 748 2421 basi.
759 2393 915 2421 Culminant
931 2392 999 2419 alia-

223 2446 284 2466 rum
307 2438 447 2466 stellarum
467 2438 544 2465 initio
570 2439 678 2473 quidem
704 2439 806 2471 lucida.
829 2446 890 2473 qua:
910 2442 952 2466 est
973 2437 1001 2465 in

223 2484 335 2512 sinistro
350 2483 501 2519 lngeniculi
522 2484 634 2517 femore,
654 2487 682 2511 et
702 2484 790 2511 media
813 2491 918 2516 earum,
941 2491 1001 2518 quae

223 2534 289 2558 sunt
305 2531 334 2557 in
351 2537 417 2557 arcu
439 2529 578 2565 Sagittarii
596 2538 602 2556 :
619 2530 715 2557 ultima
731 2529 884 2557 lucidarum
898 2537 958 2565 qua?
973 2530 1001 2556 in

224 2577 337 2611 genibus
350 2576 505 2605 australior.
521 2576 687 2604 OcciditAra
703 2577 810 2604 duabus
821 2577 895 2604 horis
911 2580 938 2604 et
950 2575 1001 2605 ω’.

260 2720 376 2754 Quando
389 2719 478 2748 Piscis
490 2719 619 2747 australis
631 2717 742 2749 occidit,
758 2724 820 2744 cum
838 2723 871 2744 eo
889 2715 1004 2743 descen-

227 2765 264 2792 dit
279 2765 408 2793 zodiacus
425 2773 441 2792 a
454 2763 593 2800 Sagittarii
605 2767 683 2799 parte
697 2762 733 2790 24
745 2762 778 2789 ad
795 2760 955 2796 Capricorni
970 2760 1003 2787 18

227 2810 364 2842 mediam;
381 2810 514 2837 culminat
528 2817 542 2836 a
555 2808 675 2836 Piscium
691 2807 707 2834 5
724 2807 758 2834 ad
772 2806 872 2834 Arietis
887 2805 914 2832 2.
925 2804 1003 2832 Prior

228 2854 329 2884 occidit
346 2855 435 2891 stella,
449 2855 611 2887 lucidarum,
633 2862 694 2890 quae
712 2854 741 2882 in
759 2853 847 2882 cauda
868 2857 942 2887 sunt,
956 2859 1004 2880 au-

1051 2257 1099 2293 μὲν
1112 2258 1126 2284 6
1140 2257 1269 2290 ζωδιακὸς
1282 2258 1335 2285 ἀπὸ
1352 2258 1465 2289 Λέοντος
1484 2257 1516 2284 ιϐ’
1539 2256 1593 2292 μοι.
1612 2256 1699 2291 μέσης
1712 2256 1768 2288 ἕως
1780 2256 1836 2290 Χη-

1048 2304 1101 2331 λῶν
1116 2304 1154 2330 θ’·
1173 2305 1332 2340 μεσουρανεῖ
1344 2304 1372 2330 δὲ
1390 2303 1443 2331 ἀπὸ
1455 2303 1567 2336 Τοξότου
1590 2305 1610 2328 ε’
1625 2302 1678 2333 ἕως
1693 2301 1836 2336 Αἰγόκερω

1049 2350 1072 2377 θ’
1090 2350 1185 2386 μέσης.
1200 2351 1253 2377 Καὶ
1271 2349 1376 2386 πρῶτος
1393 2349 1441 2384 μὲν
1456 2349 1541 2384 ἀστὴρ
1557 2348 1630 2375 δύνει
1644 2348 1658 2374 6
1674 2347 1835 2381 vomuit-rapo;

1048 2396 1103 2424 τῶν
1122 2398 1150 2424 ὲν
1165 2396 1203 2432 τῷ
1216 2396 1297 2431 χείλει
1317 2396 1364 2422 καὶ
1377 2395 1486 2426 διπλοῦς
1497 2403 1503 2410 ·
1522 2394 1634 2429 ἔσχατος
1649 2393 1678 2420 δὲ
1703 2394 1717 2419 6
1732 2392 1835 2428 βορειό-

1048 2451 1128 2478 τερος
1141 2441 1195 2468 τῶν
1206 2442 1234 2468 ὲν
1247 2443 1279 2477 τῇ
1292 2441 1377 2476 βάσει.
1399 2439 1601 2476 Μεσουρανοῦσι
1623 2438 1653 2464 δὲ
1673 2437 1731 2464 τῶν
1749 2437 1835 2464 ἄλλων

1050 2486 1172 2521 ἀστέρων
1189 2486 1217 2512 ὲν
1231 2485 1279 2520 μὲν
1294 2487 1325 2521 τῇ
1339 2486 1409 2520 ἀρχῇ
1422 2483 1468 2511 τοῦ
1483 2493 1512 2510 τε
1535 2484 1578 2510 Ἐν
1592 2483 1704 2516 γόνασιν
1721 2482 1736 2508 6
1757 2483 1786 2508 ὲν
1799 2481 1834 2516 τῷ

1051 2531 1187 2567 ἀριστερῷ
1201 2531 1280 2567 μηρῷ
1295 2530 1431 2566 λαμπρὸς,
1449 2530 1495 2556 καὶ
1517 2528 1565 2555 τοῦ
1581 2527 1696 2560 Τοξότθυ
1718 2527 1734 2553 6
1757 2527 1836 2562 μέσος

1051 2577 1104 2603 τῶν
1118 2577 1147 2603 ὲν
1160 2576 1199 2612 τῷ
1215 2576 1282 2611 τόξῳ
1292 2584 1299 2591 ·
1317 2576 1428 2611 ἔσχατον
1446 2575 1474 2601 δὲ
1488 2574 1534 2601 τοῦ
1551 2574 1692 2608 Διγόκερω
1716 2573 1730 2598 6
1743 2571 1834 2598 νοτιώσ

1051 2631 1129 2658 τερος
1140 2622 1194 2648 τῶν
1207 2623 1236 2648 ὲν
1253 2623 1308 2652 τοῖς
1323 2621 1415 2656 γόνασι
1434 2620 1575 2656 λαμπρῶν.
1592 2619 1670 2646 Δΰνει
1685 2618 1716 2644 δὲ
1733 2618 1766 2644 τὸ
1785 2618 1834 2644 Θυ-

1053 2668 1195 2703 μιατήριον
1207 2667 1236 2693 ὲν
1249 2666 1334 2702 ὥραις
1347 2666 1368 2702 β’
1386 2667 1432 2693 καὶ
1447 2669 1474 2699 ς’
1488 2666 1575 2701 μέρει.

1056 2734 1060 2737 .
1089 2713 1173 2739 Ὅταν
1188 2712 1216 2739 δὲ
1235 2713 1250 2738 6
1272 2712 1358 2744 νότιος
1375 2711 1460 2747 ’ἰχθὺς
1483 2711 1556 2747 δύνῃ,
1575 2710 1774 2744 συγκαταδύνει
1787 2708 1833 2744 μὲν

1052 2758 1125 2793 αὐτῷ
1144 2759 1158 2784 6
1183 2757 1313 2790 ζωδιακὸς
1338 2757 1391 2784 ἀπὸ
1417 2756 1529 2790 Τοξότου
1552 2755 1606 2791 μοι.
1629 2755 1650 2781 6'
1669 2755 1718 2782 καὶ
1738 2758 1763 2781 κ’
1785 2754 1833 2784 ἕως

1052 2804 1193 2839 Αῑγόκερω
1205 2806 1240 2839 ιη’
1253 2803 1351 2838 μέσης·
1366 2802 1562 2838 μεσουρανεϊδὲ
1578 2802 1632 2828 ἀπὸ
1650 2801 1762 2836 Ἰχθύων
1780 2800 1830 2836 μοι.

1054 2854 1078 2886 γ’
1091 2850 1143 2882 ἕως
1162 2850 1246 2887 Κριοῦ
1265 2850 1321 2887 μοί.
1345 2849 1377 2885 β’.
1393 2849 1448 2876 Καὶ
1467 2852 1491 2876 α’
1509 2848 1558 2886 μὲν
1578 2847 1666 2885 ἀστὴρ
1678 2847 1752 2876 δύνει
1766 2848 1780 2875 6
1792 2855 1832 2874 vo-
