1923 3137
63 185 137 212 111⁵1

549 185 732 215 HIPPARCUI
753 187 798 214 AD
816 186 1040 214 ΡΠᾸΕΝΟΜΕΝΛ
1059 186 1124 214 LIB.
1144 187 1190 214 Ill.

1615 191 1682 219 “l8

61 240 198 276 τιὼτερος
210 240 264 267 τῶν
283 241 311 268 ὲν
331 243 363 277 τῇ
379 241 446 278 ούρᾷ
457 242 601 279 λαμπρῶν,
623 244 734 280 ἔσχατος
753 245 781 271 δὲ
800 246 813 271 6
826 246 854 271 ὲν

908 243 1039 275 stralior;
1062 242 1158 269 ultima
1179 250 1254 274 vero,
1272 242 1438 270 lucidissima
1455 243 1547 271 rostri.
1566 242 1606 270 iis
1622 245 1682 271 aliis

61 286 105 321 τῷ
121 286 219 322 ῥύγχει
236 286 360 322 λαμπρὸς
378 288 490 323 σφόδρα.
513 289 683 324 Μεσουρανεῖ
697 290 724 316 δὲ
740 289 794 316 τῶν
809 289 854 316 ἆλ-

62 334 121 359 λων
137 333 259 368 ἀστέρων
274 334 302 359 ὲν
319 334 388 368 ἀρχῇ
412 334 461 368 μὲν
481 334 536 361 τῶν
550 334 656 369 Ἰχθύων
673 335 719 361 τοῦ
733 335 854 362 νοτιωτέ-

64 385 116 412 ρου
130 379 144 404 6
158 379 186 404 ὲν
199 379 271 413 ἄκρᾳ
282 380 314 413 τῇ
327 380 409 414 οὐρᾷ·
425 378 536 414 ἔσχατον
555 380 582 406 δὲ
595 381 645 415 τῆς
664 389 693 407 τε
714 381 854 417 Ἀνδρομέ-

62 423 115 454 δας
126 425 140 450 ὁ
155 424 299 460 ἀριστερὸς
316 424 392 457 ποῦς,
407 425 453 451 καὶ
471 426 517 452 τοῦ
532 426 617 462 Κριοῦ
627 428 641 453 6
661 427 742 462 μέσος
757 427 810 454 τῶν
824 428 853 454 ἐν

62 470 98 503 τῇ
117 469 233 505 κεφαλῇ,
250 471 295 496 καὶ
308 470 353 496 τοῦ
367 471 396 497 ὲν
412 471 450 506 τῷ
474 472 557 507 Κήτει
571 472 770 508 τετραπλεύρου
784 474 798 499 6
811 481 854 499 νο-

62 513 198 550 ⁴τιὼιτερος
216 516 269 542 τῶν
287 516 436 551 ἑπομένων.
457 518 535 544 Δύνει
556 518 584 544 δὲ
601 519 615 544 6
633 519 719 554 ’ἰχθὺς
744 520 772 546 ὲν
794 519 853 556 ὥρᾳ

63 561 88 584 α’
103 559 152 584 καὶ
166 559 186 585 δ’
201 560 429 596 πεμπτημορίοις.

101 604 157 630 Τοῦ
174 605 202 631 δὲ
213 606 319 640 Κήτους
332 605 464 638 δύνοντος,
479 608 674 641 συγκαταδύνει
688 609 736 644 μὲν
750 608 823 644 αύτῷ
839 610 854 635 6

63 648 202 681 ζωδιακὸς
220 650 274 677 ἀπὸ
296 651 436 686 ’Υδροχόου
462 651 517 687 μοί.
539 656 564 687 η’
588 654 634 680 καὶ
652 657 675 680 κ’
695 654 780 689 μέσης
801 653 853 686 ἕως

62 693 156 728 Κριοῦ
171 694 200 720 ιδ
213 703 219 709 ·
240 697 402 731 μεσουρανεί
413 696 440 722 δὲ
456 697 510 723 ἀπὸ
533 698 640 734 Ταύρου
661 699 714 734 μοι.
733 698 753 733 β’
770 699 816 725 καὶ
829 701 852 725 κ’

62 738 120 770 ἕως
138 739 275 774 Καρκίνου
291 741 345 775 μοί.
373 744 401 767 ιε’
418 741 514 776 μέσης.
533 743 587 768 Καὶ
607 747 631 769 α’
648 743 697 778 μὲν
711 743 796 779 ἀστὴρ
809 743 851 770 δύ-

61 793 124 811 νειν
141 785 254 820 ἄρχεται
271 786 285 811 6
305 785 462 822 νοτιώτερος
475 787 528 814 τῶν
549 790 579 815 ὲν
595 790 627 824 τῇ
644 790 722 824 οὐρᾷ,
741 789 853 824 ἔσχατος

60 829 93 856 δὲ
106 830 121 856 6
140 830 273 865 ἑπόμενος
283 830 337 857 τῶν
351 831 378 857 ὲν
397 832 436 867 τῷ
454 832 550 868 βορείῳ
569 833 683 869 χελυνίῳ
697 835 728 860 δι.
745 835 852 861 Μεσου-

62 875 180 911 ρανοῦσι
193 876 221 902 δὲ
239 876 295 903 τῶν
314 877 401 905 ἄλλων
418 878 540 913 ἀστέρων
559 880 588 905 ὲν
608 879 656 915 μὲν
672 881 704 915 τῇ
719 880 788 915 ἀρχῇ
805 879 852 906 τοῦ

904 289 989 316 stellis
1001 288 1162 320 culminant,
1180 287 1266 320 initio,
1283 295 1343 322 quae
1360 292 1403 315 est
1418 287 1444 315 in
1463 293 1582 316 extrema
1596 289 1683 316 cauda

905 335 1079 362 australioris
1098 333 1238 366 Piscium;
1264 338 1411 368 postremo,
1432 334 1613 362 Andromedae
1635 342 1684 369 pes

903 380 1014 408 sinister
1030 388 1038 413 ;
1059 384 1085 408 et
1101 379 1188 406 media
1202 387 1306 412 earum,
1323 387 1383 414 qua:
1399 380 1426 406 in
1441 381 1528 415 capite
1544 385 1607 408 sunt
1627 380 1683 407 An-

903 425 1049 458 dromedae,
1067 428 1094 452 et
1107 425 1241 457 laterculi,
1261 424 1333 460 quod
1352 429 1394 453 est
1409 425 1437 452 in
1447 426 1524 458 Ceto,
1536 427 1682 455 succeden-

902 471 970 498 tium
984 470 1139 499 australior.
1154 469 1259 498 Occidit
1274 470 1361 499 Piscis
1373 471 1440 498 hora
1451 472 1477 505 1,
1487 473 1529 500 48¹

935 611 1082 642 Occidente
1104 611 1188 646 Ceto,‘
1201 621 1264 642 cum
1285 622 1318 642 eo
1339 610 1480 642 descendit
1498 605 1625 644 zodiacus
1647 616 1682 644 ab

902 660 1013 695 Aquarii
1033 663 1108 694 parte
1123 659 1158 686 2S
1174 659 1263 687 media
1283 660 1316 687 ad
1331 660 1431 688 Arietis
1449 661 1498 693 M;
1522 661 1652 688 culminat
1666 669 1682 688 a

902 705 984 733 Tauri
1003 705 1039 732 22
1056 704 1089 732 ad
1109 705 1206 733 Cancri
1227 705 1260 733 15
1289 706 1415 734 inediam.
1436 706 1566 735 Occidere
1589 708 1684 742 incipit

902 751 1050 778 australior
1062 758 1155 778 earum
1178 759 1238 787 quae
1253 755 1317 778 sunt
1333 752 1360 778 in
1377 751 1484 785 cauda;
1505 753 1598 780 ultima
1621 761 1682 780 suc-

902 795 1000 823 cedens
1014 796 1040 823 in
1053 796 1154 824 boreali
1171 805 1293 825 convexo
1304 798 1382 833 136
1390 799 1467 834 tergi.
1477 798 1636 826 Culminant
1647 807 1681 826 ex

902 842 963 869 aliis
984 843 1081 876 stellis,
1097 843 1176 870 initio
1197 843 1316 878 quidem,
1339 845 1485 872 australior
1508 852 1601 871 earum
1622 852 1682 880 qua:

902 893 966 915 sunt
983 888 1010 916 in
1027 889 1134 924 Aurigae
1147 890 1235 924 capite
1249 893 1276 917 et
1290 889 1386 918 dextro
1405 890 1482 926 pede,
1498 891 1591 917 ultima
1607 898 1681 924 vero,

59 931 93 949 τε
116 923 239 958 Ἠνιόχου
255 924 268 949 6
281 923 437 959 νοτιώτερος
456 924 510 951 τῶν
526 926 555 951 ἐν
565 926 597 960 τῇ
616 926 719 961 κεφαλῇ
736 925 782 952 καὶ
797 926 811 952 6
823 927 852 952 ὲν

908 934 992 961 lucida
1012 942 1072 970 quae
1087 921 1129 962 e—st
1154 921 1384 964 in_anterioribus
1403 921 1530 964 cruribus
1551 936 1636 969 υνδε,
1655 941 1683 965 et

59 966 103 1001 τῷ
119 966 201 1002 δεξιῷ
215 966 284 999 ποδί,
303 967 415 1003 ἔσχατος
432 968 459 994 δὲ
482 969 530 1004 τῆς
545 978 574 996 τε
591 970 707 1006 ’Ἄρκτου
720 971 733 996 6
750 971 778 996 έν
797 972 852 1002 τοῖς

60 1012 245 1048 ἐμπροσθίοις
257 1013 363 1039 σκέλεσι
378 1013 513 1050 λαμπρὸς,
536 1015 583 1041 καὶ
602 1015 652 1050 τῆς
671 1015 783 1051 Ἀργοῦς
796 1016 810 1041 6
823 1017 852 1042 ἐν

62 1059 143 1093 μέσῳ
171 1057 224 1084 τῶν
248 1058 344 1094 τοίχων
369 1059 503 1094 λαμπρὸς,
519 1060 720 1096 προηγούμενος
738 1060 785 1087 τοῦ
805 1070 854 1097 με-

61 1104 220 1140 σημϐρινοῦ
230 1104 268 1136 ὼς
288 1105 446 1140 ήμιπήχιον.
465 1105 541 1132 Δύνει
551 1106 579 1133 δὲ
590 1106 619 1132 τὸ
629 1106 718 1142 Κῆτος
728 1108 756 1134 ὲν
768 1107 853 1143 ὥραις

60 1150 82 1177 ἃ
100 1150 259 1182 λειπούσαις
276 1150 300 1186 η’
316 1151 403 1186 μέρει.

99 1195 155 1222 Τοῦ
171 1196 199 1222 δὲ
215 1195 340 1231 Ὠρίωνος
353 1195 485 1228 δύνοντος,
506 1197 698 1231 συγκαταδύνει
715 1198 764 1233 μὲν
779 1198 853 1234 αὐτῷ

61 1243 76 1269 6
94 1241 228 1274 ζωδιακὸς
244 1241 298 1268 ἀπὸ
310 1241 416 1277 Ταύρου
431 1242 486 1277 μοί.
504 1242 526 1274 ζ’
543 1243 595 1274 ἕως
618 1244 724 1279 Ταύρου
747 1244 801 1279 μοί.
819 1244 850 1270 λ’·

63 1289 230 1323 μεσουρανεί
242 1287 269 1314 δὲ
286 1288 339 1315 61:6
363 1288 477 1320 Λέοντος
503 1288 615 1324 μοί..ιβ’
638 1289 690 1321 ἕως
715 1289 852 1325 Παρθένου

62 1333 123 1368 μοί.
143 1336 187 1366 ιγ’.
204 1334 258 1360 Καὶ
279 1337 303 1360 α’
322 1334 371 1369 μὲν
386 1334 472 1370 ἀστὴρ
485 1333 557 1361 δύνει
576 1336 591 1361 6
609 1336 638 1362 ἐν
656 1335 695 1370 τῷ
718 1336 853 1372 ἀριστερῷ

62 1377 137 1409 ποδὶ,
153 1377 261 1412 ἔσχατοι
273 1378 301 1404 δὲ
313 1379 336 1405 οἱ
348 1378 511 1414 βορειότατοι
523 1379 577 1405 τῶν
590 1380 618 1406 ἐν
631 1379 671 1414 τῷ
688 1380 851 1416 κολλορόὸῳ.

60 1423 272 1459 Μεσουρανοῦσι
283 1424 311 1450 δὲ
323 1424 377 1451 τῶν
390 1425 476 1452 ἄλλων
490 1425 612 1460 ἀστέρων
627 1426 655 1453 ἐν
670 1427 719 1462 μὲν
732 1428 764 1462 τῇ
782 1428 852 1463 ἀρχῇ

60 1469 116 1504 τῆς
130 1469 252 1504 μεγάλης
267 1470 383 1505 Ἄρκτου
398 1471 412 1496 6
426 1471 455 1497 ἐν
475 1473 530 1503 τοῖς
540 1471 672 1504 ὀπισθίοις
687 1472 790 1506 γόνασι,
807 1474 854 1500 καὶ

61 1514 113 1541 τοῦ
127 1514 241 1547 Λέοντος
253 1516 267 1541 6
280 1516 334 1542 61:6
349 1516 424 1543 νότου
439 1516 479 1552 τῷ
492 1517 539 1544 ἐπὶ
556 1518 606 1553 τῆς
625 1518 724 1553 ὀσφύος
736 1518 854 1555 λαμπρῷ

61 1560 287 1596 παρακείμενος,
304 1561 416 1597 ἔσχατος
439 1562 466 1589 δὲ
487 1564 536 1598 τῆς
552 1563 690 1599 Παρθένου
713 1565 727 1590 6
751 1564 854 1600 βορειό-

60 1614 146 1641 τερος
160 1603 244 1642 ὦμος.
263 1607 340 1634 Δύνει
364 1608 392 1635 δὲ
411 1609 425 1635 6
448 1608 543 1644 Ὠρίων
567 1610 595 1636 ἐν
618 1609 704 1646 ὥραις
724 1610 800 1638 δυσὶν
818 1611 856 1644 ὼς

61 1651 191 1686 ἔγγιστα.

101 1700 188 1727 ὀταν
198 1699 227 1726 δὲ
241 1700 255 1726 6
271 1699 325 1727 61:6
339 1699 385 1727 τοῦ
407 1700 532 1736 Ὠρίωνος
546 1701 672 1737 Ποταμὺς
695 1701 771 1739 δύνῃ,
791 1711 857 1738 συγ-

61 1745 212 1774 καταδύνει
226 1746 274 1781 μὲν
288 1746 362 1781 αὐτῷ
382 1747 396 1773 6
412 1746 542 1779 ζωδιακὸς
559 1747 612 1774 ἀπὸ
629 1747 737 1782 Ἰχθύων
756 1748 811 1783 μοι.
833 1748 856 1781 ζ’

62 1792 120 1823 ἕως
139 1791 248 1826 Ταύρου
274 1792 330 1827 μοί.
353 1795 373 1818 ε’
393 1792 492 1828 μέσης·
513 1794 674 1828 μεσουρανεί
694 1793 722 1819 δὲ
742 1794 796 1820 ἀπὸ
812 1794 856 1820 Δι-

61 1838 161 1873 δύμων
185 1837 206 1864 6’
219 1837 271 1869 ἕως
296 1838 408 1870 Λέοντος
427 1841 442 1864 ι¹
467 1839 561 1874 μέσης.
584 1839 638 1865 Καὶ
665 1842 689 1865 α’
704 1839 752 1875 μὲν
770 1839 857 1876 ἀστὴρ

61 1883 141 1910 δύνει
153 1884 168 1909 6
184 1883 332 1919 ἡγούμενος
345 1884 392 1910 καὶ
407 1883 597 1920 λαμπρότατος
614 1884 732 1916 πάντων,
745 1884 857 1920 ἔσχατος

61 1930 94 1958 δὲ
113 1930 128 1956 6
145 1932 181 1961 α’,
197 1929 244 1955 καὶ
259 1929 313 1956 ἀπὸ
336 1929 508 1965 μεσημϐρίας
524 1929 724 1965 παρακείμενος
738 1930 777 1965 τῷ
797 1929 858 1956 ποδὶ

62 1975 115 2004 τοῦ
137 1975 274 2010 Ὠρίωνος.
291 1974 494 2011 Μεσουρανοῦσι
519 1975 548 2001 δὲ
563 1974 617 2001 τῶν
633 1975 718 2002 ἄλλων
735 1975 857 2011 ἀστέρων

63 2022 96 2048 ὲν
115 2021 166 2056 μὲν
180 2021 214 2056 τῇ
227 2021 296 2056 ἀρχῇ
318 2020 366 2055 τῆς
381 2019 482 2052 δύσεως
500 2019 553 2047 τῶν
571 2029 601 2047 τε
616 2020 738 2056 Διδύμων
757 2022 771 2047 6
785 2020 855 2056 Πρό-

64 2075 149 2098 πους,
176 2067 270 2102 μικρὸν
288 2066 498 2102 ὑπολειπόμενος
517 2066 564 2093 τοῦ
589 2066 786 2102 μεσημϐρινοῦ,
807 2067 855 2094 καὶ

63 2111 116 2139 τοῦ
131 2111 245 2146 Λαγωοῦ
256 2112 280 2138 οἱ
295 2113 324 2138 ὲν
338 2111 412 2146 μέσῳ
422 2110 460 2146 τῷ
471 2111 577 2146 σώματι
588 2111 621 2146 β’·
637 2111 750 2147 ἔσχατον
762 2111 791 2138 δὲ
807 2120 855 2147 με·

66 2155 234 2192 σουρανοῦσι
258 2155 304 2182 τοῦ
323 2164 353 2181 τε
375 2155 488 2187 Λέοντος
508 2156 523 2182 6
545 2155 676 2190 ἑπόμενος
694 2156 748 2183 τῶν
773 2157 802 2183 ὲν
815 2156 855 2192 τῷ

902 980 992 1007 lucida
1015 980 1096 1008 medii
1121 981 1216 1009 lateris
1242 981 1342 1016 Argus,
1363 989 1424 1017 quae
1444 983 1605 1009 semicubito
1628 983 1683 1009 cir-

902 1026 970 1053 citer
984 1026 1120 1053 antecedit
1139 1026 1332 1054 meridianum.
1351 1026 1457 1055 Occidit
1473 1027 1556 1055 Cetus
1567 1027 1642 1055 horis
1653 1028 1682 1061 4,

902 1072 993 1100 minus
1008 1076 1103 1099 octava
1114 1075 1200 1107 parte.

938 1199 1038 1227 Orione
1061 1199 1185 1230 cadente.
1213 1206 1275 1226 cum
1297 1207 1331 1227 eo
1354 1200 1494 1229 descendit
1520 1201 1647 1229 zodiacus
1667 1209 1683 1228 a

903 1244 986 1272 Tauri
1011 1248 1087 1279 parte
1113 1244 1128 1270 'l
1145 1244 1180 1271 ad
1205 1244 1259 1278 30;
1287 1245 1420 1273 culminat
1441 1254 1457 1273 a
1479 1245 1578 1274 Leonis
1597 1247 1630 1273 12
1649 1247 1683 1275 ad

903 1291 1023 1327 Virginis
1037 1291 1080 1318 15.
1097 1291 1176 1318 Prior
1191 1291 1291 1319 occidit
1309 1300 1341 1320 ea
1358 1301 1418 1328 qua:
1436 1293 1514 1321 estin
1532 1294 1598 1329 pede
1618 1293 1684 1321 sini-

904 1340 971 1368 stro,
998 1336 1099 1363 ultima:
1120 1343 1197 1370 vero,
1216 1343 1320 1369 earum,
1333 1345 1393 1372 quae
1408 1341 1472 1365 sunt
1491 1338 1519 1365 in
1543 1338 1689 1366 collorobo

903 1380 1021 1407 maxime
1035 1380 1181 1407 australes.
1197 1379 1236 1406 Ex
1251 1379 1312 1406 aliis
1328 1381 1414 1408 stellis
1430 1382 1582 1409 culniinant
1594 1382 1681 1414 initio.

903 1433 934 1453 ea
945 1433 1004 1460 quae
1018 1428 1060 1453 est
1075 1425 1102 1452 in
1116 1424 1313 1460 posteriOribus
1331 1426 1445 1460 genibus
1467 1426 1543 1455 Ursa:
1560 1428 1682 1462 majoris,

903 1476 931 1500 et
944 1479 1004 1507 quae
1014 1472 1048 1499 ab
1063 1475 1156 1498 austro
1167 1470 1264 1498 lucida:
1275 1470 1391 1505 adjacet,
1407 1480 1467 1507 quas
1477 1479 1518 1501 est
1530 1474 1557 1501 in
1572 1474 1683 1507 lumbis,

904 1522 1051 1553 postremo,
1060 1516 1196 1544 borealior
1205 1515 1324 1552 Virginis
1335 1517 1475 1546 humerus.
1484 1518 1590 1547 Occidit
1599 1519 1684 1548 Orion

906 1563 982 1592 horis
997 1565 1106 1592 circiter
1121 1563 1148 1591 2.

938 1697 1006 1725 Cum
1022 1697 1133 1726 Orionis
1148 1698 1245 1726 Fluvio
1255 1698 1385 1726 zodiacus
1403 1697 1504 1726 occidit
1520 1705 1534 1724 a
1564 1696 1684 1725 Piscium

904 1748 980 1780 parte
993 1744 1007 1770 7
1019 1743 1053 1771 ad
1066 1743 1148 1771 Tauri
1165 1744 1181 1772 5
1194 1744 1308 1772 mediam
1320 1752 1327 1778 ;
1344 1743 1474 1771 culminat
1483 1751 1498 1770 a
1510 1742 1685 1771 Geminorum

906 1791 924 1818 ι
938 1791 971 1817 ad
986 1790 1086 1817 Leonis
1100 1791 1218 1818 mediam
1237 1791 1280 1818 10.
1295 1790 1374 1818 Prior
1394 1790 1496 1818 occidit
1509 1789 1683 1821 antecedens,

908 1841 935 1864 et
962 1835 1130 1864 lucidissima
1154 1837 1287 1870 omnium,
1313 1836 1408 1863 ultima
1423 1843 1498 1867 vero,
1518 1843 1578 1871 quae
1599 1835 1686 1870 prima

908 1886 959 1915 est,
980 1886 1007 1910 et
1023 1889 1038 1908 a
1055 1881 1171 1910 meridie
1193 1882 1300 1917 adjacet
1321 1882 1430 1910 Orionis
1446 1881 1518 1916 pedi.
1537 1880 1557 1907 E
1574 1880 1686 1915 reliquis

909 1926 1005 1958 stellis.
1028 1933 1144 1954 occasus
1167 1927 1246 1954 initio
1268 1926 1420 1954 culminant
1436 1925 1542 1961 Propus
1560 1925 1686 1953 Gemino-

907 1981 978 2005 rum,
1000 1964 1137 2008 priululum
1158 1973 1227 1999 citra
1249 1972 1429 1999 meridianum
1456 1971 1571 2007 positus.
1586 1975 1613 1999 et
1635 1970 1687 1998 Le-

907 2020 982 2055 poris
996 2020 1024 2047 in
1033 2020 1122 2047 medio
1134 2019 1209 2052 duae;
1220 2024 1358 2054 postremo
1370 2019 1527 2051 culminant,
1539 2017 1687 2046 succedens

908 2066 936 2093 in
949 2070 1024 2101 tergo
1040 2065 1152 2098 Leonis,
1179 2069 1206 2093 et
1219 2073 1280 2100 quae
1301 2065 1329 2092 in
1345 2064 1541 2100 posterioribus
1553 2063 1629 2091 Ursa:
1642 2071 1687 2098 ge-

908 2112 1000 2143 nibus,
1016 2119 1109 2147 parum
1122 2111 1191 2139 citra
1201 2109 1381 2139 meridianum
1393 2109 1456 2138 sita.
1465 2107 1687 2137 OcciditFluvius

908 2157 984 2185 horis
999 2158 1026 2190 4,
1042 2157 1095 2185 ιε’.

65 2203 160 2238 νώτῳ,
178 2202 226 2229 καὶ
237 2202 286 2237 τῆς
302 2202 418 2238 ’Ἄρκτου
437 2203 451 2229 6
467 2203 496 2228 ἐν
515 2204 570 2233 τοῖς
592 2202 724 2234 ὀπισθίοις
735 2204 857 2238 γόνασιν,
884 2204 922 2236 ὠς
945 2205 1096 2240 ἡμιπήχιον
1126 2204 1337 2241 ὑπολειπόμενος
1365 2203 1412 2231 τοῦ
1428 2200 1624 2240 μεσημϐρινοῦ.
1639 2199 1689 2227 Δύ-

65 2258 110 2276 νει
123 2248 153 2274 δὲ
169 2249 183 2274 6
197 2247 319 2282 Ποταμδς
331 2248 360 2273 ἐν
373 2246 458 2282 ὥραις
472 2246 492 2272 6'
506 2246 553 2273 καὶ
566 2247 668 2283 ἡμίσει,
684 2247 731 2273 καὶ
744 2251 764 2273 ε’
777 2248 856 2284 μέρει
873 2247 957 2284 ὥρας.

106 2295 144 2321 Ζ’.
161 2292 215 2319 Τοῦ
229 2293 257 2319 δὲ
280 2292 393 2327 Λαγωοῦ
416 2292 549 2324 δύνοντος,
567 2292 761 2326 συγκαταδύνει
782 2293 831 2328 μὲν
846 2294 855 2320 ἐ

948 2293 1003 2321 νη.
1023 2293 1169 2322 Occidente
1187 2293 1300 2329 Lepore,
1313 2293 1454 2322 descendit
1467 2301 1529 2321 cum
1549 2300 1582 2321 eo
1597 2291 1688 2320 zodia-

67 2339 205 2373 ζωδιακὸς
223 2338 276 2365 ἀπὺ
291 2338 377 2374 Κριοῦ
396 2338 451 2374 μοί.
473 2338 494 2370 ζ’
509 2338 555 2365 καὶ
572 2341 595 2365 κ’
615 2338 700 2374 μέσης
720 2339 772 2370 ἓως
791 2339 862 2365 Ταύ-

69 2395 122 2423 ρου
139 2385 180 2412 ιδ’·
201 2385 360 2420 μεσουρανεῖ
384 2384 412 2410 δὲ
447 2383 501 2410 ἀπὸ
527 2384 664 2418 Καρκίνου
688 2384 744 2418 μοί.
768 2383 790 2410 λ’
810 2384 862 2416 ἕως

69 2432 189 2462 Λέοντος
207 2430 260 2465 μοι.
277 2433 300 2458 α’
316 2429 362 2456 καὶ
378 2433 412 2456 κ’.
431 2429 487 2456 Καὶ
504 2432 529 2456 α’
551 2429 599 2464 μὲν
615 2429 702 2464 ἀστὴρ
719 2428 790 2455 δύνει
805 2430 820 2455 6
832 2430 861 2456 ὲν

68 2478 130 2508 τοῖς
155 2474 332 2511 ἐμπροσθίοις
353 2475 442 2506 ποσὶν,
466 2473 579 2510 ἔσχατος
594 2474 622 2500 δὲ
646 2475 660 2500 6
681 2475 709 2500 ἐν
736 2474 808 2511 ἄκρᾳ
827 2476 860 2511 τῇ

69 2524 152 2558 οὐρᾷ.
171 2521 375 2557 Μεσουρανοῦσι
393 2520 422 2547 δὲ
438 2521 492 2548 τῶν
507 2520 593 2548 ἄλλων
612 2520 733 2556 ἀστέρων
756 2522 785 2548 ὲν
808 2521 858 2556 μὲν

69 2571 105 2605 τῇ
125 2569 197 2603 ἀρχῇ
221 2567 271 2602 τῆς
293 2575 324 2594 τε
336 2567 453 2602 ’Ἄρκτου
480 2565 528 2593 τοῦ
559 2565 681 2594 πλινθίου
701 2567 715 2593 6
735 2566 780 2592 ἐπὶ
805 2566 858 2593 τῶν

71 2615 158 2650 ὤμων
174 2613 268 2647 αὑτῆς,
286 2613 332 2639 καὶ
353 2611 399 2638 τοῦ
415 2611 563 2647 Δράκοντος
577 2612 591 2638 6
604 2611 633 2637 ὲν
649 2611 721 2646 ἄκρα
732 2612 764 2646 τῇ
779 2611 857 2647 ούρᾷ,

71 2660 122 2687 καὶ
139 2658 186 2685 τοῦ
201 2659 313 2689 Λέοντος
330 2658 344 2684 6
359 2658 388 2684 ὲν
409 2658 442 2692 τῇ
462 2657 570 2692 καρδίᾳ,
587 2657 633 2684 καὶ
648 2657 698 2692 τῆς
720 2657 833 2692 Ἀργοῦς
845 2657 859 2683 6

73 2704 244 2740 βορειότερος
257 2703 310 2730 τῶν
325 2704 353 2730 ὲν
367 2703 399 2738 τῇ
421 2703 556 2737 ἀποτομῇ,
574 2701 670 2737 μικρὸν
687 2701 859 2737 προηγούμε-

73 2759 120 2782 νος
138 2749 185 2776 τοῦ
203 2747 406 2784 μεσημΰρινοῦ·
423 2747 535 2783 ἔσχατον
548 2747 576 2774 δὲ
595 2747 790 2783 μεσουρανοῦσι
811 2747 858 2774 τοῦ

73 2805 105 2822 τε
120 2795 235 2826 Λέοντος
255 2795 270 2820 6
284 2793 405 2825 ὀπίσθιος
428 2793 495 2825 ποῦς
516 2793 562 2820 καὶ
582 2795 596 2820 6
616 2794 644 2820 ἐν
657 2794 712 2824 τοῖς
728 2793 860 2824 ὀπισθίοις

911 2346 960 2367 cus
980 2339 1014 2366 ab
1032 2339 1132 2367 Arietis
1146 2339 1182 2366 27
1194 2339 1281 2367 media
1296 2339 1330 2366 ad
1346 2337 1429 2365 Tauri
1449 2338 1503 2372 ﬂ;
1525 2338 1656 2366 culminat
1672 2344 1688 2364 a

909 2388 986 2421 parte
998 2385 1096 2411 Cancri
1106 2385 1141 2412 50
1155 2384 1189 2412 ad
1208 2384 1308 2412 Leonis
1326 2384 1370 2411 21.
1384 2383 1475 2411 Prima
1486 2383 1585 2412 occidit
1599 2382 1686 2416 stella,

909 2437 970 2465 quae
997 2434 1039 2457 est
1059 2430 1086 2457 in
1111 2430 1294 2458 anterioribus
1318 2428 1452 2464 pedibus;
1475 2429 1569 2456 ultima
1586 2435 1646 2463 qua:
1659 2428 1688 2455 in

909 2477 1079 2503 extremitate
1110 2476 1212 2503 cauda.
1239 2475 1261 2502 E
1285 2475 1371 2503 stellis
1399 2475 1514 2510 reliquis
1538 2475 1688 2502 culminant

909 2521 998 2553 initio,
1012 2521 1041 2547 in
1056 2519 1132 2548 Ursae
1144 2521 1286 2553 laterculo,
1297 2527 1357 2555 qua:
1370 2520 1398 2547 in
1410 2519 1532 2547 humeris
1547 2519 1618 2546 illius
1632 2522 1685 2548 est,

911 2569 938 2594 et
957 2574 1016 2601 quae
1038 2566 1067 2593 in
1087 2570 1210 2594 extrema
1226 2566 1312 2594 cauda
1325 2565 1464 2597 Draconis,
1480 2565 1543 2592 item
1560 2570 1606 2591 cor
1621 2562 1687 2590 Leo-

910 2611 963 2645 nis,
979 2615 1005 2638 et
1019 2619 1121 2645 earum,
1135 2619 1195 2646 quae
1208 2611 1235 2638 in
1250 2611 1331 2639 Navis
1344 2610 1525 2640 abscissione,
1541 2607 1685 2639 borealior,

910 2656 1019 2691 paulum
1039 2656 1203 2684 antecedens
1221 2657 1419 2689 meridianum;
1439 2658 1576 2690 postremo
1590 2652 1686 2680 culmi-

911 2707 976 2729 nant
1005 2702 1103 2730 Leonis
1116 2710 1163 2738 pes
1174 2702 1308 2738 posterior
1332 2706 1359 2729 et
1371 2709 1431 2737 qum
1446 2701 1472 2728 in
1490 2698 1687 2736 posterioribus

911 2748 1037 2776 cruribus
1054 2758 1061 2776 :
1083 2747 1146 2776 item
1169 2747 1364 2776 australissima
1384 2753 1477 2774 earum
1497 2751 1558 2780 quas
1577 2747 1640 2772 sunt
1658 2742 1687 2770 in

911 2793 970 2820 basi
986 2793 1117 2822 Crateris.
1132 2793 1238 2822 Occidit
1252 2793 1340 2828 Lepus
1355 2792 1421 2820 hora
1437 2791 1464 2825 1,
1483 2791 1536 2818 20’.

76 2840 195 2870 σκέλεσι,
215 2838 262 2865 καὶ
275 2837 323 2864 τοῦ
340 2838 484 2874 Κρατῆρος
505 2839 520 2865 6
537 2837 695 2870 νοτιώτατος
709 2837 763 2866 τῶν
781 2839 810 2865 ὲν
827 2839 859 2875 τῇ
879 2837 966 2873 βάσει.
986 2839 1063 2867 Δύνει
1074 2840 1102 2867 δὲ
1118 2840 1132 2867 6
1147 2839 1259 2874 Λαγωὸς
1274 2839 1303 2867 ὲν
1318 2838 1377 2875 ὥρᾳ
1394 2837 1441 2865 καὶ
1456 2839 1480 2872 γ’
1496 2836 1584 2874 νέφει.

113 2896 134 2913 ⁹¹
152 2904 198 2933 γρ.
219 2895 349 2931 χελωνίῳ.
