  <div class='ocr_page' id='page_1' title='image "/cluster/home/n/w/nwhite01/storage/ocr_20150623/19/njp.32101077772463/637.png"; bbox 0 0 1898 3145; ppageno 0'>
   <div class='ocr_carea' id='block_1_1' title="bbox 225 189 295 219">
    <p class='ocr_par' dir='ltr' id='par_1_1' title="bbox 225 189 295 219">
     <span class='ocr_line' id='line_1_1' title="bbox 225 189 295 219; baseline -0.029 0"><span class='ocrx_word' id='word_1_1' title='bbox 225 189 295 219; x_wconf 78' lang='lat' dir='ltr'><strong>“I9</strong></span> 
     </span>
    </p>
   </div>
   <div class='ocr_carea' id='block_1_2' title="bbox 723 179 1333 211">
    <p class='ocr_par' dir='ltr' id='par_1_2' title="bbox 723 179 1333 211">
     <span class='ocr_line' id='line_1_2' title="bbox 723 179 1333 211; baseline -0.008 0"><span class='ocrx_word' id='word_1_2' title='bbox 723 184 766 211; x_wconf 91' lang='lat' dir='ltr'><strong>AD</strong></span> <span class='ocrx_word' id='word_1_3' title='bbox 785 181 919 211; x_wconf 83' lang='lat' dir='ltr'><strong>EUSEBII</strong></span> <span class='ocrx_word' id='word_1_4' title='bbox 938 180 1135 209; x_wconf 78' lang='lat' dir='ltr'><strong>CllROMCON</strong></span> <span class='ocrx_word' id='word_1_5' title='bbox 1154 179 1333 208; x_wconf 77' lang='lat' dir='ltr'><strong>APPENDIX.</strong></span> 
     </span>
    </p>
   </div>
   <div class='ocr_carea' id='block_1_3' title="bbox 1787 176 1863 204">
    <p class='ocr_par' dir='ltr' id='par_1_3' title="bbox 1787 176 1863 204">
     <span class='ocr_line' id='line_1_3' title="bbox 1787 176 1863 204; baseline -0.013 0"><span class='ocrx_word' id='word_1_6' title='bbox 1787 176 1863 204; x_wconf 68' lang='lat'><strong>“‘30</strong></span> 
     </span>
    </p>
   </div>
   <div class='ocr_carea' id='block_1_4' title="bbox 259 232 1023 275">
    <p class='ocr_par' dir='ltr' id='par_1_4' title="bbox 259 239 1023 275">
     <span class='ocr_line' id='line_1_4' title="bbox 259 239 1023 275; baseline -0.014 0"><span class='ocrx_word' id='word_1_7' title='bbox 259 246 406 275; x_wconf 88' lang='lat' dir='ltr'><strong>Occidente</strong></span> <span class='ocrx_word' id='word_1_8' title='bbox 427 243 511 274; x_wconf 81' lang='lat' dir='ltr'><strong>Cane.</strong></span> <span class='ocrx_word' id='word_1_9' title='bbox 537 250 600 270; x_wconf 89' lang='lat' dir='ltr'><strong>cum</strong></span> <span class='ocrx_word' id='word_1_10' title='bbox 623 250 656 270; x_wconf 92' lang='lat' dir='ltr'><strong>eo</strong></span> <span class='ocrx_word' id='word_1_11' title='bbox 676 239 818 268; x_wconf 86' lang='lat' dir='ltr'><strong>descendit</strong></span> <span class='ocrx_word' id='word_1_12' title='bbox 844 239 974 266; x_wconf 84' lang='lat' dir='ltr'><strong>zodiacus</strong></span> <span class='ocrx_word' id='word_1_13' title='bbox 990 245 1023 267; x_wconf 42' lang='grc' dir='ltr'><strong>ιι,</strong></span> 
     </span>
    </p>
   </div>
   <div class='ocr_carea' id='block_1_5' title="bbox 1095 232 1863 275">
    <p class='ocr_par' dir='ltr' id='par_1_5' title="bbox 1095 232 1863 268">
     <span class='ocr_line' id='line_1_5' title="bbox 1095 232 1863 268; baseline -0.008 -4"><span class='ocrx_word' id='word_1_14' title='bbox 1095 237 1146 264; x_wconf 91' lang='grc' dir='ltr'>Τοῦ</span> <span class='ocrx_word' id='word_1_15' title='bbox 1168 237 1196 263; x_wconf 82' lang='grc' dir='ltr'>δὲ</span> <span class='ocrx_word' id='word_1_16' title='bbox 1211 236 1299 267; x_wconf 80' lang='grc' dir='ltr'>Κυνὸς</span> <span class='ocrx_word' id='word_1_17' title='bbox 1315 235 1448 266; x_wconf 80' lang='grc' dir='ltr'><strong>δύνοντος,</strong></span> <span class='ocrx_word' id='word_1_18' title='bbox 1467 233 1664 268; x_wconf 74' lang='grc' dir='ltr'>συγκαταδύνει</span> <span class='ocrx_word' id='word_1_19' title='bbox 1683 232 1736 268; x_wconf 71' lang='grc' dir='ltr'>μὲν</span> <span class='ocrx_word' id='word_1_20' title='bbox 1751 233 1836 267; x_wconf 69' lang='grc' dir='ltr'>αὑτῷ</span> <span class='ocrx_word' id='word_1_21' title='bbox 1847 233 1863 258; x_wconf 70' lang='grc' dir='ltr'>ὁ</span> 
     </span>
    </p>
   </div>
   <div class='ocr_carea' id='block_1_6' title="bbox 227 283 1005 328">
    <p class='ocr_par' dir='ltr' id='par_1_6' title="bbox 227 283 1005 328">
     <span class='ocr_line' id='line_1_6' title="bbox 227 283 1005 328; baseline -0.013 -8"><span class='ocrx_word' id='word_1_22' title='bbox 227 297 302 328; x_wconf 80' lang='lat' dir='ltr'><strong>parte</strong></span> <span class='ocrx_word' id='word_1_23' title='bbox 322 290 404 318; x_wconf 84' lang='lat' dir='ltr'><strong>Tauri</strong></span> <span class='ocrx_word' id='word_1_24' title='bbox 425 290 454 316; x_wconf 82' lang='lat' dir='ltr'><strong>H</strong></span> <span class='ocrx_word' id='word_1_25' title='bbox 476 289 508 316; x_wconf 91' lang='lat' dir='ltr'><strong>ad</strong></span> <span class='ocrx_word' id='word_1_26' title='bbox 527 288 562 316; x_wconf 66' lang='lat'><strong>29</strong></span> <span class='ocrx_word' id='word_1_27' title='bbox 577 297 584 322; x_wconf 90' lang='lat'><strong>;</strong></span> <span class='ocrx_word' id='word_1_28' title='bbox 602 288 735 315; x_wconf 86' lang='lat' dir='ltr'><strong>culminat</strong></span> <span class='ocrx_word' id='word_1_29' title='bbox 759 294 773 313; x_wconf 86' lang='lat' dir='ltr'><strong>a</strong></span> <span class='ocrx_word' id='word_1_30' title='bbox 797 285 898 313; x_wconf 81' lang='lat' dir='ltr'><strong>Leonis</strong></span> <span class='ocrx_word' id='word_1_31' title='bbox 915 284 948 310; x_wconf 81' lang='grc'><strong>17</strong></span> <span class='ocrx_word' id='word_1_32' title='bbox 972 283 1005 310; x_wconf 90' lang='lat' dir='ltr'><strong>ad</strong></span> 
     </span>
    </p>
   </div>
   <div class='ocr_carea' id='block_1_7' title="bbox 226 329 1006 372">
    <p class='ocr_par' dir='ltr' id='par_1_7' title="bbox 226 329 1006 372">
     <span class='ocr_line' id='line_1_7' title="bbox 226 329 1006 372; baseline -0.012 -8"><span class='ocrx_word' id='word_1_33' title='bbox 226 335 345 372; x_wconf 80' lang='lat' dir='ltr'><strong>Virginis</strong></span> <span class='ocrx_word' id='word_1_34' title='bbox 362 335 404 361; x_wconf 80' lang='grc' dir='ltr'><strong>Μ.</strong></span> <span class='ocrx_word' id='word_1_35' title='bbox 426 333 505 360; x_wconf 84' lang='lat' dir='ltr'><strong>Prior</strong></span> <span class='ocrx_word' id='word_1_36' title='bbox 531 332 631 361; x_wconf 88' lang='lat' dir='ltr'><strong>occidit</strong></span> <span class='ocrx_word' id='word_1_37' title='bbox 649 331 739 363; x_wconf 80' lang='lat' dir='ltr'><strong>lucida</strong></span> <span class='ocrx_word' id='word_1_38' title='bbox 758 331 855 366; x_wconf 89' lang='lat' dir='ltr'><strong>pedum</strong></span> <span class='ocrx_word' id='word_1_39' title='bbox 872 329 1006 364; x_wconf 89' lang='lat' dir='ltr'><strong>posterio-</strong></span> 
     </span>
    </p>
   </div>
   <div class='ocr_carea' id='block_1_8' title="bbox 194 376 1007 414">
    <p class='ocr_par' dir='ltr' id='par_1_8' title="bbox 194 376 1007 414">
     <span class='ocr_line' id='line_1_8' title="bbox 194 376 1007 414; baseline -0.01 -4"><span class='ocrx_word' id='word_1_40' title='bbox 194 377 198 382; x_wconf 80' lang='grc'><strong>’</strong></span> <span class='ocrx_word' id='word_1_41' title='bbox 228 389 306 413; x_wconf 86' lang='lat' dir='ltr'><strong>rum;</strong></span> <span class='ocrx_word' id='word_1_42' title='bbox 321 381 416 408; x_wconf 83' lang='lat' dir='ltr'><strong>ultima</strong></span> <span class='ocrx_word' id='word_1_43' title='bbox 433 387 509 412; x_wconf 89' lang='lat' dir='ltr'><strong>vero,</strong></span> <span class='ocrx_word' id='word_1_44' title='bbox 526 378 743 414; x_wconf 80' lang='lat' dir='ltr'><strong>splendidarum,</strong></span> <span class='ocrx_word' id='word_1_45' title='bbox 759 385 819 412; x_wconf 66' lang='lat' dir='ltr'><strong>qua:</strong></span> <span class='ocrx_word' id='word_1_46' title='bbox 835 380 898 405; x_wconf 89' lang='lat' dir='ltr'><strong>sunt</strong></span> <span class='ocrx_word' id='word_1_47' title='bbox 918 376 945 403; x_wconf 94' lang='lat' dir='ltr'><strong>in</strong></span> <span class='ocrx_word' id='word_1_48' title='bbox 961 383 1007 403; x_wconf 87' lang='lat' dir='ltr'><strong>ca-</strong></span> 
     </span>
    </p>
   </div>
   <div class='ocr_carea' id='block_1_9' title="bbox 226 422 1007 462">
    <p class='ocr_par' dir='ltr' id='par_1_9' title="bbox 226 422 1007 462">
     <span class='ocr_line' id='line_1_9' title="bbox 226 422 1007 462; baseline -0.009 -8"><span class='ocrx_word' id='word_1_49' title='bbox 226 428 290 462; x_wconf 90' lang='lat' dir='ltr'><strong>pite,</strong></span> <span class='ocrx_word' id='word_1_50' title='bbox 303 426 518 459; x_wconf 86' lang='lat' dir='ltr'><strong>australissima;</strong></span> <span class='ocrx_word' id='word_1_51' title='bbox 532 425 672 453; x_wconf 86' lang='lat' dir='ltr'><strong>stellarum</strong></span> <span class='ocrx_word' id='word_1_52' title='bbox 684 428 843 451; x_wconf 79' lang='lat' dir='ltr'><strong>eaaterarum</strong></span> <span class='ocrx_word' id='word_1_53' title='bbox 856 422 1007 449; x_wconf 88' lang='lat' dir='ltr'><strong>culminant</strong></span> 
     </span>
    </p>
   </div>
   <div class='ocr_carea' id='block_1_10' title="bbox 226 466 1008 505">
    <p class='ocr_par' dir='ltr' id='par_1_10' title="bbox 226 466 1008 505">
     <span class='ocr_line' id='line_1_10' title="bbox 226 466 1008 505; baseline -0.008 -5"><span class='ocrx_word' id='word_1_54' title='bbox 226 473 314 504; x_wconf 88' lang='lat' dir='ltr'><strong>initio,</strong></span> <span class='ocrx_word' id='word_1_55' title='bbox 332 472 495 499; x_wconf 76' lang='lat' dir='ltr'><strong>antecedens</strong></span> <span class='ocrx_word' id='word_1_56' title='bbox 503 477 674 505; x_wconf 81' lang='lat' dir='ltr'><strong>earum.quae</strong></span> <span class='ocrx_word' id='word_1_57' title='bbox 684 470 711 496; x_wconf 91' lang='lat' dir='ltr'><strong>in</strong></span> <span class='ocrx_word' id='word_1_58' title='bbox 724 469 921 504; x_wconf 74' lang='lat' dir='ltr'><strong>posterioribus</strong></span> <span class='ocrx_word' id='word_1_59' title='bbox 933 466 1008 494; x_wconf 72' lang='lat' dir='ltr'><strong>Ursae</strong></span> 
     </span>
    </p>
   </div>
   <div class='ocr_carea' id='block_1_11' title="bbox 227 513 1010 554">
    <p class='ocr_par' dir='ltr' id='par_1_11' title="bbox 227 513 1010 554">
     <span class='ocr_line' id='line_1_11' title="bbox 227 513 1010 554; baseline -0.009 -8"><span class='ocrx_word' id='word_1_60' title='bbox 227 518 360 554; x_wconf 87' lang='lat' dir='ltr'><strong>pedibus,</strong></span> <span class='ocrx_word' id='word_1_61' title='bbox 386 522 413 547; x_wconf 89' lang='lat' dir='ltr'><strong>et</strong></span> <span class='ocrx_word' id='word_1_62' title='bbox 435 524 496 552; x_wconf 75' lang='lat' dir='ltr'><strong>quae</strong></span> <span class='ocrx_word' id='word_1_63' title='bbox 520 516 547 543; x_wconf 94' lang='lat' dir='ltr'><strong>in</strong></span> <span class='ocrx_word' id='word_1_64' title='bbox 570 516 669 544; x_wconf 89' lang='lat' dir='ltr'><strong>lumbis</strong></span> <span class='ocrx_word' id='word_1_65' title='bbox 690 515 788 542; x_wconf 86' lang='lat' dir='ltr'><strong>Leonis</strong></span> <span class='ocrx_word' id='word_1_66' title='bbox 811 524 817 542; x_wconf 87' lang='lat'><strong>:</strong></span> <span class='ocrx_word' id='word_1_67' title='bbox 835 514 937 541; x_wconf 83' lang='lat' dir='ltr'><strong>ultimae</strong></span> <span class='ocrx_word' id='word_1_68' title='bbox 954 513 1010 540; x_wconf 89' lang='lat' dir='ltr'><strong>cul-</strong></span> 
     </span>
    </p>
   </div>
   <div class='ocr_carea' id='block_1_12' title="bbox 226 558 1009 598">
    <p class='ocr_par' dir='ltr' id='par_1_12' title="bbox 226 558 1009 598">
     <span class='ocr_line' id='line_1_12' title="bbox 226 558 1009 598; baseline -0.008 -7"><span class='ocrx_word' id='word_1_69' title='bbox 226 564 341 597; x_wconf 84' lang='lat' dir='ltr'><strong>minam,</strong></span> <span class='ocrx_word' id='word_1_70' title='bbox 359 571 391 591; x_wconf 87' lang='lat' dir='ltr'><strong>ea</strong></span> <span class='ocrx_word' id='word_1_71' title='bbox 415 570 476 598; x_wconf 68' lang='lat' dir='ltr'><strong>qua:</strong></span> <span class='ocrx_word' id='word_1_72' title='bbox 499 563 528 590; x_wconf 88' lang='lat' dir='ltr'><strong>in</strong></span> <span class='ocrx_word' id='word_1_73' title='bbox 553 561 669 597; x_wconf 85' lang='lat' dir='ltr'><strong>pedibus</strong></span> <span class='ocrx_word' id='word_1_74' title='bbox 690 560 792 593; x_wconf 80' lang='lat' dir='ltr'><strong>Corvi,</strong></span> <span class='ocrx_word' id='word_1_75' title='bbox 812 564 839 588; x_wconf 91' lang='lat' dir='ltr'><strong>et</strong></span> <span class='ocrx_word' id='word_1_76' title='bbox 862 558 1009 587; x_wconf 86' lang='lat' dir='ltr'><strong>australior</strong></span> 
     </span>
    </p>
   </div>
   <div class='ocr_carea' id='block_1_13' title="bbox 227 604 1009 644">
    <p class='ocr_par' dir='ltr' id='par_1_13' title="bbox 227 604 1009 644">
     <span class='ocr_line' id='line_1_13' title="bbox 227 604 1009 644; baseline -0.005 -7"><span class='ocrx_word' id='word_1_77' title='bbox 227 609 358 637; x_wconf 90' lang='lat' dir='ltr'><strong>humerus</strong></span> <span class='ocrx_word' id='word_1_78' title='bbox 372 608 511 644; x_wconf 73' lang='lat' dir='ltr'><strong>Virginis,</strong></span> <span class='ocrx_word' id='word_1_79' title='bbox 528 609 597 635; x_wconf 79' lang='lat' dir='ltr'><strong>citra</strong></span> <span class='ocrx_word' id='word_1_80' title='bbox 619 607 800 634; x_wconf 90' lang='lat' dir='ltr'><strong>meridianum</strong></span> <span class='ocrx_word' id='word_1_81' title='bbox 817 606 887 633; x_wconf 78' lang='lat' dir='ltr'><strong>situs</strong></span> <span class='ocrx_word' id='word_1_82' title='bbox 903 604 1009 633; x_wconf 83' lang='lat' dir='ltr'><strong>duabus</strong></span> 
     </span>
    </p>
   </div>
   <div class='ocr_carea' id='block_1_14' title="bbox 227 650 927 690">
    <p class='ocr_par' dir='ltr' id='par_1_14' title="bbox 227 650 927 690">
     <span class='ocr_line' id='line_1_14' title="bbox 227 650 927 690; baseline -0.006 -7"><span class='ocrx_word' id='word_1_83' title='bbox 227 654 284 683; x_wconf 80' lang='lat' dir='ltr'><strong>fere</strong></span> <span class='ocrx_word' id='word_1_84' title='bbox 295 655 381 683; x_wconf 89' lang='lat' dir='ltr'><strong>cubiti</strong></span> <span class='ocrx_word' id='word_1_85' title='bbox 397 655 530 690; x_wconf 87' lang='lat' dir='ltr'><strong>partibus.</strong></span> <span class='ocrx_word' id='word_1_86' title='bbox 545 653 652 681; x_wconf 81' lang='lat' dir='ltr'><strong>Occidit</strong></span> <span class='ocrx_word' id='word_1_87' title='bbox 662 652 745 681; x_wconf 88' lang='lat' dir='ltr'><strong>Canis</strong></span> <span class='ocrx_word' id='word_1_88' title='bbox 756 650 927 687; x_wconf 82' lang='lat' dir='ltr'><strong>sesquihora.</strong></span> 
     </span>
    </p>
   </div>
   <div class='ocr_carea' id='block_1_15' title="bbox 263 781 1010 819">
    <p class='ocr_par' dir='ltr' id='par_1_15' title="bbox 263 781 1010 819">
     <span class='ocr_line' id='line_1_15' title="bbox 263 781 1010 819; baseline -0.003 -9"><span class='ocrx_word' id='word_1_89' title='bbox 263 783 332 810; x_wconf 92' lang='lat' dir='ltr'><strong>Cum</strong></span> <span class='ocrx_word' id='word_1_90' title='bbox 350 782 490 819; x_wconf 84' lang='lat' dir='ltr'><strong>Procyone</strong></span> <span class='ocrx_word' id='word_1_91' title='bbox 503 783 642 810; x_wconf 85' lang='lat' dir='ltr'><strong>descendit</strong></span> <span class='ocrx_word' id='word_1_92' title='bbox 658 782 786 810; x_wconf 86' lang='lat' dir='ltr'><strong>zodiacus</strong></span> <span class='ocrx_word' id='word_1_93' title='bbox 803 790 817 808; x_wconf 91' lang='lat' dir='ltr'><strong>a</strong></span> <span class='ocrx_word' id='word_1_94' title='bbox 834 781 1010 810; x_wconf 84' lang='lat' dir='ltr'><strong>Geminorum</strong></span> 
     </span>
    </p>
   </div>
   <div class='ocr_carea' id='block_1_16' title="bbox 230 828 1010 863">
    <p class='ocr_par' dir='ltr' id='par_1_16' title="bbox 230 828 1010 863">
     <span class='ocr_line' id='line_1_16' title="bbox 230 828 1010 863; baseline 0.001 -8"><span class='ocrx_word' id='word_1_95' title='bbox 230 833 307 863; x_wconf 88' lang='lat' dir='ltr'><strong>parte</strong></span> <span class='ocrx_word' id='word_1_96' title='bbox 330 829 364 856; x_wconf 78' lang='grc'><strong>15</strong></span> <span class='ocrx_word' id='word_1_97' title='bbox 376 829 410 856; x_wconf 89' lang='lat' dir='ltr'><strong>ad</strong></span> <span class='ocrx_word' id='word_1_98' title='bbox 433 829 484 862; x_wconf 70' lang='lat'><strong>18;</strong></span> <span class='ocrx_word' id='word_1_99' title='bbox 505 829 637 857; x_wconf 88' lang='lat' dir='ltr'><strong>culminat</strong></span> <span class='ocrx_word' id='word_1_100' title='bbox 661 829 696 857; x_wconf 89' lang='lat' dir='ltr'><strong>ab</strong></span> <span class='ocrx_word' id='word_1_101' title='bbox 719 829 798 857; x_wconf 91' lang='lat' dir='ltr'><strong>initio</strong></span> <span class='ocrx_word' id='word_1_102' title='bbox 820 828 908 857; x_wconf 83' lang='lat' dir='ltr'><strong>Libra:</strong></span> <span class='ocrx_word' id='word_1_103' title='bbox 927 829 960 856; x_wconf 92' lang='lat' dir='ltr'><strong>ad</strong></span> <span class='ocrx_word' id='word_1_104' title='bbox 982 829 1010 856; x_wconf 71' lang='grc'><strong>4.</strong></span> 
     </span>
    </p>
   </div>
   <div class='ocr_carea' id='block_1_17' title="bbox 229 874 1010 910">
    <p class='ocr_par' dir='ltr' id='par_1_17' title="bbox 229 874 1010 910">
     <span class='ocr_line' id='line_1_17' title="bbox 229 874 1010 910; baseline -0.003 -8"><span class='ocrx_word' id='word_1_105' title='bbox 229 874 307 902; x_wconf 85' lang='lat' dir='ltr'><strong>Prior</strong></span> <span class='ocrx_word' id='word_1_106' title='bbox 321 874 420 902; x_wconf 88' lang='lat' dir='ltr'><strong>occidit</strong></span> <span class='ocrx_word' id='word_1_107' title='bbox 436 874 525 907; x_wconf 81' lang='lat' dir='ltr'><strong>stella,</strong></span> <span class='ocrx_word' id='word_1_108' title='bbox 545 874 719 908; x_wconf 78' lang='lat' dir='ltr'><strong>antecedens,</strong></span> <span class='ocrx_word' id='word_1_109' title='bbox 741 878 768 902; x_wconf 90' lang='lat' dir='ltr'><strong>et</strong></span> <span class='ocrx_word' id='word_1_110' title='bbox 785 874 896 910; x_wconf 78' lang='lat' dir='ltr'><strong>duplex,</strong></span> <span class='ocrx_word' id='word_1_111' title='bbox 914 874 1010 901; x_wconf 85' lang='lat' dir='ltr'><strong>ultima</strong></span> 
     </span>
    </p>
   </div>
   <div class='ocr_carea' id='block_1_18' title="bbox 230 919 1013 953">
    <p class='ocr_par' dir='ltr' id='par_1_18' title="bbox 230 919 1013 953">
     <span class='ocr_line' id='line_1_18' title="bbox 230 919 1013 953; baseline 0 -7"><span class='ocrx_word' id='word_1_112' title='bbox 230 920 390 953; x_wconf 84' lang='lat' dir='ltr'><strong>succedens,</strong></span> <span class='ocrx_word' id='word_1_113' title='bbox 407 924 433 947; x_wconf 89' lang='lat' dir='ltr'><strong>et</strong></span> <span class='ocrx_word' id='word_1_114' title='bbox 453 920 553 948; x_wconf 87' lang='lat' dir='ltr'><strong>lucida.</strong></span> <span class='ocrx_word' id='word_1_115' title='bbox 573 920 612 947; x_wconf 81' lang='lat' dir='ltr'><strong>Ex</strong></span> <span class='ocrx_word' id='word_1_116' title='bbox 629 920 691 947; x_wconf 82' lang='lat' dir='ltr'><strong>aliis</strong></span> <span class='ocrx_word' id='word_1_117' title='bbox 713 921 798 948; x_wconf 82' lang='lat' dir='ltr'><strong>stellis</strong></span> <span class='ocrx_word' id='word_1_118' title='bbox 813 920 945 947; x_wconf 92' lang='lat' dir='ltr'><strong>culminat</strong></span> <span class='ocrx_word' id='word_1_119' title='bbox 961 919 1013 946; x_wconf 93' lang='lat' dir='ltr'><strong>ini-</strong></span> 
     </span>
    </p>
   </div>
   <div class='ocr_carea' id='block_1_19' title="bbox 230 965 1013 1002">
    <p class='ocr_par' dir='ltr' id='par_1_19' title="bbox 230 965 1013 1002">
     <span class='ocr_line' id='line_1_19' title="bbox 230 965 1013 1002; baseline -0.001 -9"><span class='ocrx_word' id='word_1_120' title='bbox 230 967 280 999; x_wconf 89' lang='lat' dir='ltr'><strong>tio,</strong></span> <span class='ocrx_word' id='word_1_121' title='bbox 295 974 388 994; x_wconf 85' lang='lat' dir='ltr'><strong>earum</strong></span> <span class='ocrx_word' id='word_1_122' title='bbox 404 974 464 1002; x_wconf 61' lang='lat' dir='ltr'><strong>quae</strong></span> <span class='ocrx_word' id='word_1_123' title='bbox 478 971 542 994; x_wconf 91' lang='lat' dir='ltr'><strong>sunt</strong></span> <span class='ocrx_word' id='word_1_124' title='bbox 558 967 585 994; x_wconf 96' lang='lat' dir='ltr'><strong>in</strong></span> <span class='ocrx_word' id='word_1_125' title='bbox 601 966 698 994; x_wconf 81' lang='lat' dir='ltr'><strong>dextro</strong></span> <span class='ocrx_word' id='word_1_126' title='bbox 714 967 805 994; x_wconf 54' lang='lat' dir='ltr'><strong>Bootae</strong></span> <span class='ocrx_word' id='word_1_127' title='bbox 819 967 897 1001; x_wconf 74' lang='lat' dir='ltr'><strong>pede,</strong></span> <span class='ocrx_word' id='word_1_128' title='bbox 914 965 1013 998; x_wconf 89' lang='lat' dir='ltr'><strong>media,</strong></span> 
     </span>
    </p>
   </div>
   <div class='ocr_carea' id='block_1_20' title="bbox 231 1012 1012 1047">
    <p class='ocr_par' dir='ltr' id='par_1_20' title="bbox 231 1012 1012 1047">
     <span class='ocr_line' id='line_1_20' title="bbox 231 1012 1012 1047; baseline -0.001 -8"><span class='ocrx_word' id='word_1_129' title='bbox 231 1012 312 1047; x_wconf 89' lang='lat' dir='ltr'><strong>paulo</strong></span> <span class='ocrx_word' id='word_1_130' title='bbox 330 1012 399 1039; x_wconf 85' lang='lat' dir='ltr'><strong>citra</strong></span> <span class='ocrx_word' id='word_1_131' title='bbox 421 1012 603 1039; x_wconf 88' lang='lat' dir='ltr'><strong>meridianum</strong></span> <span class='ocrx_word' id='word_1_132' title='bbox 624 1013 677 1040; x_wconf 89' lang='lat' dir='ltr'><strong>sita</strong></span> <span class='ocrx_word' id='word_1_133' title='bbox 694 1022 700 1039; x_wconf 90' lang='lat'>:</span> <span class='ocrx_word' id='word_1_134' title='bbox 715 1017 742 1040; x_wconf 89' lang='lat' dir='ltr'><strong>et</strong></span> <span class='ocrx_word' id='word_1_135' title='bbox 757 1012 894 1040; x_wconf 88' lang='lat' dir='ltr'><strong>borealior</strong></span> <span class='ocrx_word' id='word_1_136' title='bbox 908 1019 1012 1043; x_wconf 87' lang='lat' dir='ltr'><strong>earum,</strong></span> 
     </span>
    </p>
   </div>
   <div class='ocr_carea' id='block_1_21' title="bbox 231 1057 1016 1092">
    <p class='ocr_par' dir='ltr' id='par_1_21' title="bbox 231 1057 1016 1092">
     <span class='ocr_line' id='line_1_21' title="bbox 231 1057 1016 1092; baseline 0 -8"><span class='ocrx_word' id='word_1_137' title='bbox 231 1065 292 1092; x_wconf 73' lang='lat' dir='ltr'><strong>quae</strong></span> <span class='ocrx_word' id='word_1_138' title='bbox 313 1061 377 1085; x_wconf 91' lang='lat' dir='ltr'><strong>sunt</strong></span> <span class='ocrx_word' id='word_1_139' title='bbox 401 1057 429 1084; x_wconf 90' lang='lat' dir='ltr'><strong>in</strong></span> <span class='ocrx_word' id='word_1_140' title='bbox 447 1057 538 1092; x_wconf 86' lang='lat' dir='ltr'><strong>capite</strong></span> <span class='ocrx_word' id='word_1_141' title='bbox 560 1057 700 1090; x_wconf 85' lang='lat' dir='ltr'><strong>Centauri,</strong></span> <span class='ocrx_word' id='word_1_142' title='bbox 725 1058 888 1085; x_wconf 87' lang='lat' dir='ltr'><strong>semicubito</strong></span> <span class='ocrx_word' id='word_1_143' title='bbox 907 1058 1016 1085; x_wconf 85' lang='lat' dir='ltr'><strong>circiter</strong></span> 
     </span>
    </p>
   </div>
   <div class='ocr_carea' id='block_1_22' title="bbox 234 1103 1016 1138">
    <p class='ocr_par' dir='ltr' id='par_1_22' title="bbox 234 1103 1016 1138">
     <span class='ocr_line' id='line_1_22' title="bbox 234 1103 1016 1138; baseline 0 -8"><span class='ocrx_word' id='word_1_144' title='bbox 234 1103 399 1131; x_wconf 85' lang='lat' dir='ltr'><strong>antecedens</strong></span> <span class='ocrx_word' id='word_1_145' title='bbox 415 1103 612 1136; x_wconf 86' lang='lat' dir='ltr'><strong>meridianum;</strong></span> <span class='ocrx_word' id='word_1_146' title='bbox 626 1103 774 1131; x_wconf 84' lang='lat' dir='ltr'><strong>novissime</strong></span> <span class='ocrx_word' id='word_1_147' title='bbox 785 1103 946 1136; x_wconf 77' lang='lat' dir='ltr'><strong>culminant,</strong></span> <span class='ocrx_word' id='word_1_148' title='bbox 956 1111 1016 1138; x_wconf 75' lang='lat' dir='ltr'><strong>quae</strong></span> 
     </span>
    </p>
   </div>
   <div class='ocr_carea' id='block_1_23' title="bbox 233 1147 1017 1183">
    <p class='ocr_par' dir='ltr' id='par_1_23' title="bbox 233 1147 1017 1183">
     <span class='ocr_line' id='line_1_23' title="bbox 233 1147 1017 1183; baseline -0.001 -8"><span class='ocrx_word' id='word_1_149' title='bbox 233 1149 261 1175; x_wconf 86' lang='lat' dir='ltr'><strong>in</strong></span> <span class='ocrx_word' id='word_1_150' title='bbox 277 1152 399 1176; x_wconf 80' lang='lat' dir='ltr'><strong>extrema</strong></span> <span class='ocrx_word' id='word_1_151' title='bbox 418 1154 460 1176; x_wconf 89' lang='lat' dir='ltr'><strong>est</strong></span> <span class='ocrx_word' id='word_1_152' title='bbox 476 1147 552 1176; x_wconf 70' lang='lat' dir='ltr'><strong>Ursa:</strong></span> <span class='ocrx_word' id='word_1_153' title='bbox 565 1148 661 1180; x_wconf 76' lang='lat' dir='ltr'><strong>cauda,</strong></span> <span class='ocrx_word' id='word_1_154' title='bbox 683 1149 822 1183; x_wconf 88' lang='lat' dir='ltr'><strong>paululum</strong></span> <span class='ocrx_word' id='word_1_155' title='bbox 845 1149 912 1175; x_wconf 89' lang='lat' dir='ltr'><strong>citra</strong></span> <span class='ocrx_word' id='word_1_156' title='bbox 938 1148 1017 1175; x_wconf 87' lang='lat' dir='ltr'><strong>meri-</strong></span> 
     </span>
    </p>
   </div>
   <div class='ocr_carea' id='block_1_24' title="bbox 233 1194 1016 1230">
    <p class='ocr_par' dir='ltr' id='par_1_24' title="bbox 233 1194 1016 1230">
     <span class='ocr_line' id='line_1_24' title="bbox 233 1194 1016 1230; baseline 0 -8"><span class='ocrx_word' id='word_1_157' title='bbox 233 1195 344 1222; x_wconf 88' lang='lat' dir='ltr'><strong>dianum</strong></span> <span class='ocrx_word' id='word_1_158' title='bbox 369 1195 480 1229; x_wconf 87' lang='lat' dir='ltr'><strong>posita,</strong></span> <span class='ocrx_word' id='word_1_159' title='bbox 496 1199 523 1222; x_wconf 91' lang='lat' dir='ltr'><strong>et</strong></span> <span class='ocrx_word' id='word_1_160' title='bbox 545 1195 680 1222; x_wconf 84' lang='lat' dir='ltr'><strong>borealior</strong></span> <span class='ocrx_word' id='word_1_161' title='bbox 694 1203 799 1227; x_wconf 87' lang='lat' dir='ltr'><strong>earum,</strong></span> <span class='ocrx_word' id='word_1_162' title='bbox 821 1203 882 1230; x_wconf 76' lang='lat' dir='ltr'><strong>qua:</strong></span> <span class='ocrx_word' id='word_1_163' title='bbox 904 1199 968 1223; x_wconf 88' lang='lat' dir='ltr'><strong>sunt</strong></span> <span class='ocrx_word' id='word_1_164' title='bbox 989 1194 1016 1222; x_wconf 93' lang='lat' dir='ltr'><strong>in</strong></span> 
     </span>
    </p>
   </div>
   <div class='ocr_carea' id='block_1_25' title="bbox 234 1240 1016 1276">
    <p class='ocr_par' dir='ltr' id='par_1_25' title="bbox 234 1240 1016 1276">
     <span class='ocr_line' id='line_1_25' title="bbox 234 1240 1016 1276; baseline -0.004 -7"><span class='ocrx_word' id='word_1_165' title='bbox 234 1241 346 1270; x_wconf 85' lang='lat' dir='ltr'><strong>sinistro</strong></span> <span class='ocrx_word' id='word_1_166' title='bbox 364 1242 431 1276; x_wconf 89' lang='lat' dir='ltr'><strong>pede</strong></span> <span class='ocrx_word' id='word_1_167' title='bbox 446 1241 538 1269; x_wconf 66' lang='lat' dir='ltr'><strong>Bootae</strong></span> <span class='ocrx_word' id='word_1_168' title='bbox 563 1251 570 1269; x_wconf 90' lang='lat'><strong>:</strong></span> <span class='ocrx_word' id='word_1_169' title='bbox 591 1241 654 1269; x_wconf 89' lang='lat' dir='ltr'><strong>item</strong></span> <span class='ocrx_word' id='word_1_170' title='bbox 667 1249 728 1276; x_wconf 77' lang='lat' dir='ltr'><strong>qua:</strong></span> <span class='ocrx_word' id='word_1_171' title='bbox 743 1241 770 1268; x_wconf 90' lang='lat' dir='ltr'><strong>in</strong></span> <span class='ocrx_word' id='word_1_172' title='bbox 790 1246 911 1268; x_wconf 78' lang='lat' dir='ltr'><strong>extrema</strong></span> <span class='ocrx_word' id='word_1_173' title='bbox 933 1240 1016 1275; x_wconf 86' lang='lat' dir='ltr'><strong>Hydri</strong></span> 
     </span>
    </p>
   </div>
   <div class='ocr_carea' id='block_1_26' title="bbox 234 1287 1017 1323">
    <p class='ocr_par' dir='ltr' id='par_1_26' title="bbox 234 1287 1017 1323">
     <span class='ocr_line' id='line_1_26' title="bbox 234 1287 1017 1323; baseline 0 -9"><span class='ocrx_word' id='word_1_174' title='bbox 234 1287 331 1320; x_wconf 85' lang='lat' dir='ltr'><strong>cauda,</strong></span> <span class='ocrx_word' id='word_1_175' title='bbox 355 1287 485 1315; x_wconf 85' lang='lat' dir='ltr'><strong>Centauri</strong></span> <span class='ocrx_word' id='word_1_176' title='bbox 507 1295 616 1323; x_wconf 82' lang='lat' dir='ltr'><strong>quoque</strong></span> <span class='ocrx_word' id='word_1_177' title='bbox 639 1287 733 1315; x_wconf 79' lang='lat' dir='ltr'><strong>dexter</strong></span> <span class='ocrx_word' id='word_1_178' title='bbox 749 1287 888 1314; x_wconf 81' lang='lat' dir='ltr'><strong>humerus.</strong></span> <span class='ocrx_word' id='word_1_179' title='bbox 909 1287 1017 1319; x_wconf 64' lang='lat' dir='ltr'><strong>Occidit</strong></span> 
     </span>
    </p>
   </div>
   <div class='ocr_carea' id='block_1_27' title="bbox 233 1332 542 1369">
    <p class='ocr_par' dir='ltr' id='par_1_27' title="bbox 233 1332 542 1369">
     <span class='ocr_line' id='line_1_27' title="bbox 233 1332 542 1369; baseline 0.003 -9"><span class='ocrx_word' id='word_1_180' title='bbox 233 1332 358 1369; x_wconf 84' lang='lat' dir='ltr'><strong>Procyon</strong></span> <span class='ocrx_word' id='word_1_181' title='bbox 370 1333 437 1360; x_wconf 88' lang='lat' dir='ltr'><strong>hora</strong></span> <span class='ocrx_word' id='word_1_182' title='bbox 450 1334 475 1364; x_wconf 91' lang='lat'><strong>0,</strong></span> <span class='ocrx_word' id='word_1_183' title='bbox 491 1332 542 1361; x_wconf 67' lang='grc' dir='ltr'><strong>η’.</strong></span> 
     </span>
    </p>
   </div>
   <div class='ocr_carea' id='block_1_28' title="bbox 1029 905 1048 932">
    <p class='ocr_par' dir='ltr' id='par_1_28' title="bbox 1029 905 1048 932">
     <span class='ocr_line' id='line_1_28' title="bbox 1029 905 1048 932; baseline 0 0"><span class='ocrx_word' id='word_1_184' title='bbox 1029 905 1048 932; x_wconf 89' lang='grc' dir='ltr'><strong>Β</strong></span> 
     </span>
    </p>
   </div>
   <div class='ocr_carea' id='block_1_29' title="bbox 271 1472 1020 1510">
    <p class='ocr_par' dir='ltr' id='par_1_29' title="bbox 271 1472 1020 1510">
     <span class='ocr_line' id='line_1_29' title="bbox 271 1472 1020 1510; baseline -0.003 -7"><span class='ocrx_word' id='word_1_185' title='bbox 271 1475 340 1503; x_wconf 91' lang='lat' dir='ltr'><strong>Cum</strong></span> <span class='ocrx_word' id='word_1_186' title='bbox 356 1475 428 1510; x_wconf 77' lang='lat' dir='ltr'><strong>Argo</strong></span> <span class='ocrx_word' id='word_1_187' title='bbox 441 1473 624 1503; x_wconf 84' lang='lat' dir='ltr'><strong>descendente</strong></span> <span class='ocrx_word' id='word_1_188' title='bbox 637 1473 766 1502; x_wconf 85' lang='lat' dir='ltr'><strong>zodiacus</strong></span> <span class='ocrx_word' id='word_1_189' title='bbox 781 1472 881 1501; x_wconf 87' lang='lat' dir='ltr'><strong>occidit</strong></span> <span class='ocrx_word' id='word_1_190' title='bbox 894 1472 929 1500; x_wconf 89' lang='lat' dir='ltr'><strong>ab</strong></span> <span class='ocrx_word' id='word_1_191' title='bbox 942 1473 1020 1501; x_wconf 87' lang='lat' dir='ltr'><strong>Arie-</strong></span> 
     </span>
    </p>
   </div>
   <div class='ocr_carea' id='block_1_30' title="bbox 237 1520 1021 1557">
    <p class='ocr_par' dir='ltr' id='par_1_30' title="bbox 237 1520 1021 1557">
     <span class='ocr_line' id='line_1_30' title="bbox 237 1520 1021 1557; baseline -0.003 -8"><span class='ocrx_word' id='word_1_192' title='bbox 237 1522 274 1549; x_wconf 86' lang='lat' dir='ltr'><strong>tis</strong></span> <span class='ocrx_word' id='word_1_193' title='bbox 290 1525 368 1557; x_wconf 85' lang='lat' dir='ltr'><strong>parte</strong></span> <span class='ocrx_word' id='word_1_194' title='bbox 385 1521 419 1548; x_wconf 82' lang='grc'>16</span> <span class='ocrx_word' id='word_1_195' title='bbox 437 1522 472 1549; x_wconf 84' lang='lat' dir='ltr'><strong>ad</strong></span> <span class='ocrx_word' id='word_1_196' title='bbox 489 1521 665 1549; x_wconf 88' lang='lat' dir='ltr'><strong>Geminorum</strong></span> <span class='ocrx_word' id='word_1_197' title='bbox 685 1521 716 1548; x_wconf 78' lang='lat' dir='ltr'><strong>l8</strong></span> <span class='ocrx_word' id='word_1_198' title='bbox 734 1530 741 1554; x_wconf 87' lang='lat'><strong>;</strong></span> <span class='ocrx_word' id='word_1_199' title='bbox 755 1521 886 1548; x_wconf 84' lang='lat' dir='ltr'><strong>culminat</strong></span> <span class='ocrx_word' id='word_1_200' title='bbox 901 1521 934 1548; x_wconf 89' lang='lat' dir='ltr'><strong>ab</strong></span> <span class='ocrx_word' id='word_1_201' title='bbox 949 1520 1021 1548; x_wconf 91' lang='lat' dir='ltr'><strong>Can-</strong></span> 
     </span>
    </p>
   </div>
   <div class='ocr_carea' id='block_1_31' title="bbox 239 1566 1056 1600">
    <p class='ocr_par' dir='ltr' id='par_1_31' title="bbox 239 1566 1056 1600">
     <span class='ocr_line' id='line_1_31' title="bbox 239 1566 1056 1600; baseline -0.002 -5"><span class='ocrx_word' id='word_1_202' title='bbox 239 1568 279 1595; x_wconf 91' lang='lat' dir='ltr'><strong>cri</strong></span> <span class='ocrx_word' id='word_1_203' title='bbox 305 1567 340 1594; x_wconf 79' lang='grc'><strong>17</strong></span> <span class='ocrx_word' id='word_1_204' title='bbox 360 1567 395 1595; x_wconf 91' lang='lat' dir='ltr'><strong>ad</strong></span> <span class='ocrx_word' id='word_1_205' title='bbox 410 1567 498 1595; x_wconf 49' lang='lat' dir='ltr'><strong>Librae.</strong></span> <span class='ocrx_word' id='word_1_206' title='bbox 517 1568 543 1595; x_wconf 84' lang='lat'><strong>5.</strong></span> <span class='ocrx_word' id='word_1_207' title='bbox 565 1567 654 1594; x_wconf 82' lang='lat' dir='ltr'><strong>Prima</strong></span> <span class='ocrx_word' id='word_1_208' title='bbox 673 1566 773 1594; x_wconf 88' lang='lat' dir='ltr'><strong>occidit</strong></span> <span class='ocrx_word' id='word_1_209' title='bbox 794 1566 971 1600; x_wconf 86' lang='lat' dir='ltr'><strong>lucidissima,</strong></span> <span class='ocrx_word' id='word_1_210' title='bbox 995 1570 1022 1594; x_wconf 91' lang='lat' dir='ltr'><strong>et</strong></span> <span class='ocrx_word' id='word_1_211' title='bbox 1035 1571 1056 1599; x_wconf 74' lang='grc' dir='ltr'><strong>ο</strong></span> 
     </span>
    </p>
   </div>
   <div class='ocr_carea' id='block_1_32' title="bbox 241 1611 1021 1648">
    <p class='ocr_par' dir='ltr' id='par_1_32' title="bbox 241 1611 1021 1648">
     <span class='ocr_line' id='line_1_32' title="bbox 241 1611 1021 1648; baseline -0.001 -8"><span class='ocrx_word' id='word_1_212' title='bbox 241 1613 440 1642; x_wconf 86' lang='lat' dir='ltr'><strong>australissima</strong></span> <span class='ocrx_word' id='word_1_213' title='bbox 454 1615 557 1644; x_wconf 55' lang='lat' dir='ltr'><strong>learum</strong></span> <span class='ocrx_word' id='word_1_214' title='bbox 574 1620 634 1648; x_wconf 68' lang='lat' dir='ltr'><strong>qum</strong></span> <span class='ocrx_word' id='word_1_215' title='bbox 655 1618 718 1640; x_wconf 91' lang='lat' dir='ltr'><strong>sunt</strong></span> <span class='ocrx_word' id='word_1_216' title='bbox 739 1612 765 1639; x_wconf 94' lang='lat' dir='ltr'><strong>in</strong></span> <span class='ocrx_word' id='word_1_217' title='bbox 781 1611 900 1640; x_wconf 87' lang='lat' dir='ltr'><strong>&#39;l‘emone</strong></span> <span class='ocrx_word' id='word_1_218' title='bbox 915 1621 922 1639; x_wconf 85' lang='lat'>:</span> <span class='ocrx_word' id='word_1_219' title='bbox 939 1620 1021 1647; x_wconf 83' lang='lat' dir='ltr'><strong>quam</strong></span> 
     </span>
    </p>
   </div>
   <div class='ocr_carea' id='block_1_33' title="bbox 241 1658 1023 1691">
    <p class='ocr_par' dir='ltr' id='par_1_33' title="bbox 241 1658 1023 1691">
     <span class='ocr_line' id='line_1_33' title="bbox 241 1658 1023 1691; baseline -0.004 -4"><span class='ocrx_word' id='word_1_220' title='bbox 241 1659 366 1687; x_wconf 92' lang='lat' dir='ltr'><strong>nonnulli</strong></span> <span class='ocrx_word' id='word_1_221' title='bbox 392 1659 532 1686; x_wconf 80' lang='lat' dir='ltr'><strong>Canobum</strong></span> <span class='ocrx_word' id='word_1_222' title='bbox 564 1658 719 1691; x_wconf 87' lang='lat' dir='ltr'><strong>nominant,</strong></span> <span class='ocrx_word' id='word_1_223' title='bbox 748 1658 854 1691; x_wconf 87' lang='lat' dir='ltr'><strong>ultima,</strong></span> <span class='ocrx_word' id='word_1_224' title='bbox 886 1658 1023 1685; x_wconf 83' lang='lat' dir='ltr'><strong>borealior</strong></span> 
     </span>
    </p>
   </div>
   <div class='ocr_carea' id='block_1_34' title="bbox 241 1703 1025 1740">
    <p class='ocr_par' dir='ltr' id='par_1_34' title="bbox 241 1703 1025 1740">
     <span class='ocr_line' id='line_1_34' title="bbox 241 1703 1025 1740; baseline -0.001 -8"><span class='ocrx_word' id='word_1_225' title='bbox 241 1713 347 1736; x_wconf 88' lang='lat' dir='ltr'><strong>earum.</strong></span> <span class='ocrx_word' id='word_1_226' title='bbox 365 1713 426 1740; x_wconf 65' lang='lat' dir='ltr'><strong>quae</strong></span> <span class='ocrx_word' id='word_1_227' title='bbox 442 1708 506 1732; x_wconf 91' lang='lat' dir='ltr'><strong>sunt</strong></span> <span class='ocrx_word' id='word_1_228' title='bbox 523 1705 551 1731; x_wconf 91' lang='lat' dir='ltr'><strong>in</strong></span> <span class='ocrx_word' id='word_1_229' title='bbox 566 1705 648 1732; x_wconf 86' lang='lat' dir='ltr'><strong>malo.</strong></span> <span class='ocrx_word' id='word_1_230' title='bbox 662 1703 820 1731; x_wconf 87' lang='lat' dir='ltr'><strong>Culminant</strong></span> <span class='ocrx_word' id='word_1_231' title='bbox 832 1711 866 1732; x_wconf 87' lang='lat' dir='ltr'><strong>ex</strong></span> <span class='ocrx_word' id='word_1_232' title='bbox 882 1704 944 1733; x_wconf 84' lang='lat' dir='ltr'><strong>aliis</strong></span> <span class='ocrx_word' id='word_1_233' title='bbox 961 1704 1025 1731; x_wconf 91' lang='lat' dir='ltr'><strong>stel-</strong></span> 
     </span>
    </p>
   </div>
   <div class='ocr_carea' id='block_1_35' title="bbox 242 1749 1024 1786">
    <p class='ocr_par' dir='ltr' id='par_1_35' title="bbox 242 1749 1024 1786">
     <span class='ocr_line' id='line_1_35' title="bbox 242 1749 1024 1786; baseline -0.004 -6"><span class='ocrx_word' id='word_1_234' title='bbox 242 1752 288 1784; x_wconf 90' lang='lat' dir='ltr'><strong>lis,</strong></span> <span class='ocrx_word' id='word_1_235' title='bbox 301 1751 379 1779; x_wconf 81' lang='lat' dir='ltr'><strong>initio</strong></span> <span class='ocrx_word' id='word_1_236' title='bbox 395 1751 505 1786; x_wconf 87' lang='lat' dir='ltr'><strong>quidem</strong></span> <span class='ocrx_word' id='word_1_237' title='bbox 520 1750 668 1778; x_wconf 87' lang='lat' dir='ltr'><strong>australior</strong></span> <span class='ocrx_word' id='word_1_238' title='bbox 684 1749 905 1778; x_wconf 85' lang='lat' dir='ltr'><strong>antecedentium</strong></span> <span class='ocrx_word' id='word_1_239' title='bbox 918 1758 1024 1783; x_wconf 88' lang='lat' dir='ltr'><strong>earum,</strong></span> 
     </span>
    </p>
   </div>
   <div class='ocr_carea' id='block_1_36' title="bbox 242 1796 1027 1834">
    <p class='ocr_par' dir='ltr' id='par_1_36' title="bbox 242 1796 1027 1834">
     <span class='ocr_line' id='line_1_36' title="bbox 242 1796 1027 1834; baseline -0.003 -9"><span class='ocrx_word' id='word_1_240' title='bbox 242 1805 304 1834; x_wconf 84' lang='lat' dir='ltr'><strong>quae</strong></span> <span class='ocrx_word' id='word_1_241' title='bbox 325 1801 389 1825; x_wconf 88' lang='lat' dir='ltr'><strong>sunt</strong></span> <span class='ocrx_word' id='word_1_242' title='bbox 411 1797 439 1824; x_wconf 92' lang='lat' dir='ltr'><strong>in</strong></span> <span class='ocrx_word' id='word_1_243' title='bbox 461 1796 560 1824; x_wconf 88' lang='lat' dir='ltr'><strong>Leonis</strong></span> <span class='ocrx_word' id='word_1_244' title='bbox 581 1796 680 1831; x_wconf 85' lang='lat' dir='ltr'><strong>capite.</strong></span> <span class='ocrx_word' id='word_1_245' title='bbox 706 1796 867 1826; x_wconf 88' lang='lat' dir='ltr'><strong>semicubito</strong></span> <span class='ocrx_word' id='word_1_246' title='bbox 883 1796 939 1824; x_wconf 80' lang='lat' dir='ltr'><strong>fere</strong></span> <span class='ocrx_word' id='word_1_247' title='bbox 956 1797 1027 1825; x_wconf 83' lang='lat' dir='ltr'><strong>citra</strong></span> 
     </span>
    </p>
   </div>
   <div class='ocr_carea' id='block_1_37' title="bbox 243 1841 1026 1878">
    <p class='ocr_par' dir='ltr' id='par_1_37' title="bbox 243 1841 1026 1878">
     <span class='ocr_line' id='line_1_37' title="bbox 243 1841 1026 1878; baseline 0 -7"><span class='ocrx_word' id='word_1_248' title='bbox 243 1843 424 1871; x_wconf 90' lang='lat' dir='ltr'><strong>meridianum</strong></span> <span class='ocrx_word' id='word_1_249' title='bbox 443 1843 533 1878; x_wconf 86' lang='lat' dir='ltr'><strong>posita</strong></span> <span class='ocrx_word' id='word_1_250' title='bbox 549 1851 556 1870; x_wconf 86' lang='lat'><strong>:</strong></span> <span class='ocrx_word' id='word_1_251' title='bbox 573 1845 600 1869; x_wconf 87' lang='lat' dir='ltr'><strong>et</strong></span> <span class='ocrx_word' id='word_1_252' title='bbox 611 1850 673 1877; x_wconf 77' lang='lat' dir='ltr'><strong>qua:</strong></span> <span class='ocrx_word' id='word_1_253' title='bbox 693 1842 720 1869; x_wconf 93' lang='lat' dir='ltr'><strong>in</strong></span> <span class='ocrx_word' id='word_1_254' title='bbox 740 1842 803 1870; x_wconf 92' lang='lat' dir='ltr'><strong>colli</strong></span> <span class='ocrx_word' id='word_1_255' title='bbox 819 1841 902 1878; x_wconf 85' lang='lat' dir='ltr'><strong>Hydri</strong></span> <span class='ocrx_word' id='word_1_256' title='bbox 924 1843 1026 1878; x_wconf 89' lang='lat' dir='ltr'><strong>radice,</strong></span> 
     </span>
    </p>
   </div>
   <div class='ocr_carea' id='block_1_38' title="bbox 243 1888 1028 1925">
    <p class='ocr_par' dir='ltr' id='par_1_38' title="bbox 243 1888 1028 1925">
     <span class='ocr_line' id='line_1_38' title="bbox 243 1888 1028 1925; baseline -0.001 -8"><span class='ocrx_word' id='word_1_257' title='bbox 243 1897 347 1925; x_wconf 83' lang='lat' dir='ltr'><strong>parva;</strong></span> <span class='ocrx_word' id='word_1_258' title='bbox 374 1889 475 1916; x_wconf 62' lang='lat' dir='ltr'><strong>ultimae</strong></span> <span class='ocrx_word' id='word_1_259' title='bbox 499 1888 649 1915; x_wconf 83' lang='lat' dir='ltr'><strong>culminant</strong></span> <span class='ocrx_word' id='word_1_260' title='bbox 667 1895 728 1923; x_wconf 68' lang='lat' dir='ltr'><strong>quae</strong></span> <span class='ocrx_word' id='word_1_261' title='bbox 750 1888 776 1915; x_wconf 92' lang='lat' dir='ltr'><strong>in</strong></span> <span class='ocrx_word' id='word_1_262' title='bbox 796 1892 917 1916; x_wconf 81' lang='lat' dir='ltr'><strong>extrema</strong></span> <span class='ocrx_word' id='word_1_263' title='bbox 941 1889 1028 1916; x_wconf 84' lang='lat' dir='ltr'><strong>cauda</strong></span> 
     </span>
    </p>
   </div>
   <div class='ocr_carea' id='block_1_39' title="bbox 245 1934 1029 1971">
    <p class='ocr_par' dir='ltr' id='par_1_39' title="bbox 245 1934 1029 1971">
     <span class='ocr_line' id='line_1_39' title="bbox 245 1934 1029 1971; baseline -0.001 -7"><span class='ocrx_word' id='word_1_264' title='bbox 245 1940 310 1965; x_wconf 83' lang='lat' dir='ltr'><strong>sunt</strong></span> <span class='ocrx_word' id='word_1_265' title='bbox 321 1936 433 1971; x_wconf 87' lang='lat' dir='ltr'><strong>majoris</strong></span> <span class='ocrx_word' id='word_1_266' title='bbox 446 1934 521 1963; x_wconf 73' lang='lat' dir='ltr'><strong>Ursze</strong></span> <span class='ocrx_word' id='word_1_267' title='bbox 535 1944 542 1963; x_wconf 92' lang='lat'>:</span> <span class='ocrx_word' id='word_1_268' title='bbox 555 1938 582 1963; x_wconf 88' lang='lat' dir='ltr'><strong>et</strong></span> <span class='ocrx_word' id='word_1_269' title='bbox 591 1935 727 1962; x_wconf 88' lang='lat' dir='ltr'><strong>borealior</strong></span> <span class='ocrx_word' id='word_1_270' title='bbox 740 1942 833 1962; x_wconf 88' lang='lat' dir='ltr'><strong>earum</strong></span> <span class='ocrx_word' id='word_1_271' title='bbox 849 1943 909 1970; x_wconf 70' lang='lat' dir='ltr'><strong>quae</strong></span> <span class='ocrx_word' id='word_1_272' title='bbox 922 1940 985 1964; x_wconf 88' lang='lat' dir='ltr'><strong>sunt</strong></span> <span class='ocrx_word' id='word_1_273' title='bbox 1001 1936 1029 1963; x_wconf 91' lang='lat' dir='ltr'><strong>in</strong></span> 
     </span>
    </p>
   </div>
   <div class='ocr_carea' id='block_1_40' title="bbox 247 1979 1030 2016">
    <p class='ocr_par' dir='ltr' id='par_1_40' title="bbox 247 1979 1030 2016">
     <span class='ocr_line' id='line_1_40' title="bbox 247 1979 1030 2016; baseline -0.003 -7"><span class='ocrx_word' id='word_1_274' title='bbox 247 1982 359 2010; x_wconf 86' lang='lat' dir='ltr'><strong>sinistro</strong></span> <span class='ocrx_word' id='word_1_275' title='bbox 370 1980 437 2016; x_wconf 83' lang='lat' dir='ltr'><strong>pede</strong></span> <span class='ocrx_word' id='word_1_276' title='bbox 450 1980 551 2012; x_wconf 77' lang='lat' dir='ltr'><strong>Bootae,</strong></span> <span class='ocrx_word' id='word_1_277' title='bbox 567 1979 731 2007; x_wconf 87' lang='lat' dir='ltr'><strong>semieubito</strong></span> <span class='ocrx_word' id='word_1_278' title='bbox 743 1979 853 2006; x_wconf 85' lang='lat' dir='ltr'><strong>circiter</strong></span> <span class='ocrx_word' id='word_1_279' title='bbox 866 1979 1030 2007; x_wconf 84' lang='lat' dir='ltr'><strong>antecedens</strong></span> 
     </span>
    </p>
   </div>
   <div class='ocr_carea' id='block_1_41' title="bbox 246 2024 1029 2061">
    <p class='ocr_par' dir='ltr' id='par_1_41' title="bbox 246 2024 1029 2061">
     <span class='ocr_line' id='line_1_41' title="bbox 246 2024 1029 2061; baseline -0.008 -4"><span class='ocrx_word' id='word_1_280' title='bbox 246 2029 438 2060; x_wconf 88' lang='lat' dir='ltr'><strong>meridianum,</strong></span> <span class='ocrx_word' id='word_1_281' title='bbox 450 2035 501 2054; x_wconf 91' lang='lat' dir='ltr'><strong>nec</strong></span> <span class='ocrx_word' id='word_1_282' title='bbox 511 2034 566 2054; x_wconf 93' lang='lat' dir='ltr'><strong>non</strong></span> <span class='ocrx_word' id='word_1_283' title='bbox 577 2033 637 2061; x_wconf 70' lang='lat' dir='ltr'><strong>quae</strong></span> <span class='ocrx_word' id='word_1_284' title='bbox 646 2026 673 2052; x_wconf 86' lang='lat' dir='ltr'><strong>in</strong></span> <span class='ocrx_word' id='word_1_285' title='bbox 687 2029 808 2053; x_wconf 78' lang='lat' dir='ltr'><strong>extrema</strong></span> <span class='ocrx_word' id='word_1_286' title='bbox 823 2024 906 2060; x_wconf 83' lang='lat' dir='ltr'><strong>Hydri</strong></span> <span class='ocrx_word' id='word_1_287' title='bbox 920 2025 1005 2052; x_wconf 84' lang='lat' dir='ltr'><strong>cauda</strong></span> <span class='ocrx_word' id='word_1_288' title='bbox 1023 2033 1029 2050; x_wconf 88' lang='lat'><strong>:</strong></span> 
     </span>
    </p>
   </div>
   <div class='ocr_carea' id='block_1_42' title="bbox 247 2072 1033 2107">
    <p class='ocr_par' dir='ltr' id='par_1_42' title="bbox 247 2072 1033 2107">
     <span class='ocr_line' id='line_1_42' title="bbox 247 2072 1033 2107; baseline -0.004 -4"><span class='ocrx_word' id='word_1_289' title='bbox 247 2080 305 2103; x_wconf 91' lang='lat' dir='ltr'><strong>tum</strong></span> <span class='ocrx_word' id='word_1_290' title='bbox 327 2075 456 2103; x_wconf 86' lang='lat' dir='ltr'><strong>Centauri</strong></span> <span class='ocrx_word' id='word_1_291' title='bbox 483 2073 578 2101; x_wconf 78' lang='lat' dir='ltr'><strong>dexter</strong></span> <span class='ocrx_word' id='word_1_292' title='bbox 600 2072 740 2105; x_wconf 85' lang='lat' dir='ltr'><strong>humerus,</strong></span> <span class='ocrx_word' id='word_1_293' title='bbox 766 2072 906 2107; x_wconf 83' lang='lat' dir='ltr'><strong>paululum</strong></span> <span class='ocrx_word' id='word_1_294' title='bbox 925 2077 1033 2100; x_wconf 85' lang='lat' dir='ltr'><strong>antece-</strong></span> 
     </span>
    </p>
   </div>
   <div class='ocr_carea' id='block_1_43' title="bbox 248 2118 981 2154">
    <p class='ocr_par' dir='ltr' id='par_1_43' title="bbox 248 2118 981 2154">
     <span class='ocr_line' id='line_1_43' title="bbox 248 2118 981 2154; baseline -0.005 -4"><span class='ocrx_word' id='word_1_295' title='bbox 248 2122 316 2150; x_wconf 86' lang='lat' dir='ltr'><strong>dens</strong></span> <span class='ocrx_word' id='word_1_296' title='bbox 331 2121 523 2150; x_wconf 89' lang='lat' dir='ltr'><strong>meridianum.</strong></span> <span class='ocrx_word' id='word_1_297' title='bbox 537 2119 643 2148; x_wconf 85' lang='lat' dir='ltr'><strong>Occidit</strong></span> <span class='ocrx_word' id='word_1_298' title='bbox 653 2118 726 2154; x_wconf 77' lang='lat' dir='ltr'><strong>Argo</strong></span> <span class='ocrx_word' id='word_1_299' title='bbox 741 2118 850 2147; x_wconf 87' lang='lat' dir='ltr'><strong>circiter</strong></span> <span class='ocrx_word' id='word_1_300' title='bbox 863 2119 938 2146; x_wconf 90' lang='lat' dir='ltr'><strong>horis</strong></span> <span class='ocrx_word' id='word_1_301' title='bbox 954 2118 981 2146; x_wconf 82' lang='lat'><strong>5.</strong></span> 
     </span>
    </p>
   </div>
   <div class='ocr_carea' id='block_1_44' title="bbox 1056 278 1861 315">
    <p class='ocr_par' dir='ltr' id='par_1_44' title="bbox 1056 278 1861 315">
     <span class='ocr_line' id='line_1_44' title="bbox 1056 278 1861 315; baseline -0.007 -6"><span class='ocrx_word' id='word_1_302' title='bbox 1056 282 1186 315; x_wconf 78' lang='grc' dir='ltr'><strong>ζωδιακὸς</strong></span> <span class='ocrx_word' id='word_1_303' title='bbox 1203 281 1257 308; x_wconf 81' lang='grc' dir='ltr'><strong>ἀπὸ</strong></span> <span class='ocrx_word' id='word_1_304' title='bbox 1279 280 1386 315; x_wconf 84' lang='grc' dir='ltr'><strong>Ταύρου</strong></span> <span class='ocrx_word' id='word_1_305' title='bbox 1403 280 1457 315; x_wconf 82' lang='grc' dir='ltr'>μοί.</span> <span class='ocrx_word' id='word_1_306' title='bbox 1482 282 1516 305; x_wconf 85' lang='grc' dir='ltr'>ια’</span> <span class='ocrx_word' id='word_1_307' title='bbox 1537 279 1595 312; x_wconf 75' lang='grc' dir='ltr'>,ἓως</span> <span class='ocrx_word' id='word_1_308' title='bbox 1609 278 1720 314; x_wconf 83' lang='grc' dir='ltr'><strong>Ταύρου</strong></span> <span class='ocrx_word' id='word_1_309' title='bbox 1749 279 1810 313; x_wconf 80' lang='grc' dir='ltr'>μοί.</span> <span class='ocrx_word' id='word_1_310' title='bbox 1838 278 1861 304; x_wconf 66' lang='grc' dir='ltr'><strong>θ’</strong></span> 
     </span>
    </p>
   </div>
   <div class='ocr_carea' id='block_1_45' title="bbox 1057 323 1861 362">
    <p class='ocr_par' dir='ltr' id='par_1_45' title="bbox 1057 323 1861 362">
     <span class='ocr_line' id='line_1_45' title="bbox 1057 323 1861 362; baseline -0.006 -8"><span class='ocrx_word' id='word_1_311' title='bbox 1057 329 1103 354; x_wconf 81' lang='grc' dir='ltr'>καὶ</span> <span class='ocrx_word' id='word_1_312' title='bbox 1115 331 1137 354; x_wconf 88' lang='grc' dir='ltr'>κ’</span> <span class='ocrx_word' id='word_1_313' title='bbox 1151 335 1158 342; x_wconf 91' lang='grc'><strong>·</strong></span> <span class='ocrx_word' id='word_1_314' title='bbox 1176 327 1336 362; x_wconf 83' lang='grc' dir='ltr'>μεσουρανεῑ</span> <span class='ocrx_word' id='word_1_315' title='bbox 1348 325 1376 352; x_wconf 80' lang='grc' dir='ltr'>δὲ</span> <span class='ocrx_word' id='word_1_316' title='bbox 1389 325 1443 352; x_wconf 79' lang='grc' dir='ltr'>ἀπὸ</span> <span class='ocrx_word' id='word_1_317' title='bbox 1455 325 1569 355; x_wconf 84' lang='grc' dir='ltr'>Λέοντος</span> <span class='ocrx_word' id='word_1_318' title='bbox 1584 323 1639 359; x_wconf 85' lang='grc' dir='ltr'>μοί.</span> <span class='ocrx_word' id='word_1_319' title='bbox 1655 323 1689 355; x_wconf 76' lang='grc' dir='ltr'><strong>ιζ’</strong></span> <span class='ocrx_word' id='word_1_320' title='bbox 1705 323 1765 355; x_wconf 73' lang='grc' dir='ltr'>ἕως</span> <span class='ocrx_word' id='word_1_321' title='bbox 1780 324 1861 359; x_wconf 76' lang='grc' dir='ltr'>Παρ-</span> 
     </span>
    </p>
   </div>
   <div class='ocr_carea' id='block_1_46' title="bbox 1057 369 1861 406">
    <p class='ocr_par' dir='ltr' id='par_1_46' title="bbox 1057 369 1861 406">
     <span class='ocr_line' id='line_1_46' title="bbox 1057 369 1861 406; baseline -0.006 -6"><span class='ocrx_word' id='word_1_322' title='bbox 1057 373 1134 400; x_wconf 84' lang='grc' dir='ltr'>θένου</span> <span class='ocrx_word' id='word_1_323' title='bbox 1154 377 1196 399; x_wconf 86' lang='grc' dir='ltr'>ια’.</span> <span class='ocrx_word' id='word_1_324' title='bbox 1212 373 1268 399; x_wconf 70' lang='grc' dir='ltr'><strong>Καὶ</strong></span> <span class='ocrx_word' id='word_1_325' title='bbox 1282 376 1305 399; x_wconf 83' lang='grc' dir='ltr'>α’</span> <span class='ocrx_word' id='word_1_326' title='bbox 1322 372 1370 406; x_wconf 83' lang='grc' dir='ltr'>μὲν</span> <span class='ocrx_word' id='word_1_327' title='bbox 1387 371 1473 406; x_wconf 81' lang='grc' dir='ltr'>ἀστὴρ</span> <span class='ocrx_word' id='word_1_328' title='bbox 1488 370 1559 397; x_wconf 82' lang='grc' dir='ltr'><strong>δύνει</strong></span> <span class='ocrx_word' id='word_1_329' title='bbox 1571 370 1586 396; x_wconf 89' lang='lat'><strong>6</strong></span> <span class='ocrx_word' id='word_1_330' title='bbox 1600 370 1628 396; x_wconf 85' lang='grc' dir='ltr'>ὲν</span> <span class='ocrx_word' id='word_1_331' title='bbox 1643 371 1701 400; x_wconf 81' lang='grc' dir='ltr'>τοῖς</span> <span class='ocrx_word' id='word_1_332' title='bbox 1712 369 1861 401; x_wconf 72' lang='grc' dir='ltr'><strong>ὀπισθίοις</strong></span> 
     </span>
    </p>
   </div>
   <div class='ocr_carea' id='block_1_47' title="bbox 1058 414 1859 452">
    <p class='ocr_par' dir='ltr' id='par_1_47' title="bbox 1058 414 1859 452">
     <span class='ocr_line' id='line_1_47' title="bbox 1058 414 1859 452; baseline -0.006 -8"><span class='ocrx_word' id='word_1_333' title='bbox 1058 418 1121 444; x_wconf 76' lang='grc' dir='ltr'>ποσὶ</span> <span class='ocrx_word' id='word_1_334' title='bbox 1141 417 1276 452; x_wconf 79' lang='grc' dir='ltr'>λαμπρὸς,</span> <span class='ocrx_word' id='word_1_335' title='bbox 1303 416 1416 451; x_wconf 75' lang='grc' dir='ltr'><strong>ἔσχατος</strong></span> <span class='ocrx_word' id='word_1_336' title='bbox 1431 415 1459 441; x_wconf 82' lang='grc' dir='ltr'>δὲ</span> <span class='ocrx_word' id='word_1_337' title='bbox 1472 415 1486 441; x_wconf 89' lang='lat'><strong>6</strong></span> <span class='ocrx_word' id='word_1_338' title='bbox 1502 414 1663 445; x_wconf 62' lang='grc' dir='ltr'>νπιώτατος</span> <span class='ocrx_word' id='word_1_339' title='bbox 1687 414 1746 440; x_wconf 82' lang='grc' dir='ltr'>τῶν</span> <span class='ocrx_word' id='word_1_340' title='bbox 1767 414 1798 440; x_wconf 84' lang='grc' dir='ltr'>ἐν</span> <span class='ocrx_word' id='word_1_341' title='bbox 1823 416 1859 448; x_wconf 81' lang='grc' dir='ltr'><strong>τῇ</strong></span> 
     </span>
    </p>
   </div>
   <div class='ocr_carea' id='block_1_48' title="bbox 1058 456 1860 497">
    <p class='ocr_par' dir='ltr' id='par_1_48' title="bbox 1058 456 1860 497">
     <span class='ocr_line' id='line_1_48' title="bbox 1058 456 1860 497; baseline -0.005 -8"><span class='ocrx_word' id='word_1_342' title='bbox 1058 462 1162 497; x_wconf 85' lang='grc' dir='ltr'>κεφαλῇ</span> <span class='ocrx_word' id='word_1_343' title='bbox 1177 456 1311 496; x_wconf 64' lang='grc' dir='ltr'>ὲκῷανῶν.</span> <span class='ocrx_word' id='word_1_344' title='bbox 1329 459 1533 496; x_wconf 86' lang='grc' dir='ltr'>Μεσουρανοῦσι</span> <span class='ocrx_word' id='word_1_345' title='bbox 1548 459 1577 486; x_wconf 80' lang='grc' dir='ltr'>δὲ</span> <span class='ocrx_word' id='word_1_346' title='bbox 1591 459 1647 486; x_wconf 88' lang='grc' dir='ltr'><strong>τῶν</strong></span> <span class='ocrx_word' id='word_1_347' title='bbox 1664 458 1757 485; x_wconf 80' lang='grc' dir='ltr'>ἄλλων</span> <span class='ocrx_word' id='word_1_348' title='bbox 1772 459 1860 485; x_wconf 77' lang='grc' dir='ltr'>ἀστέ-</span> 
     </span>
    </p>
   </div>
   <div class='ocr_carea' id='block_1_49' title="bbox 1061 504 1861 545">
    <p class='ocr_par' dir='ltr' id='par_1_49' title="bbox 1061 504 1861 545">
     <span class='ocr_line' id='line_1_49' title="bbox 1061 504 1861 545; baseline -0.008 -10"><span class='ocrx_word' id='word_1_349' title='bbox 1061 517 1113 545; x_wconf 89' lang='grc' dir='ltr'><strong>ρων</strong></span> <span class='ocrx_word' id='word_1_350' title='bbox 1124 509 1152 534; x_wconf 78' lang='grc' dir='ltr'>ὲν</span> <span class='ocrx_word' id='word_1_351' title='bbox 1167 507 1216 544; x_wconf 78' lang='grc' dir='ltr'>μὲν</span> <span class='ocrx_word' id='word_1_352' title='bbox 1231 508 1264 542; x_wconf 85' lang='grc' dir='ltr'>τῇ</span> <span class='ocrx_word' id='word_1_353' title='bbox 1278 507 1347 543; x_wconf 84' lang='grc' dir='ltr'>ἀρχῇ</span> <span class='ocrx_word' id='word_1_354' title='bbox 1362 506 1411 541; x_wconf 84' lang='grc' dir='ltr'>τῆς</span> <span class='ocrx_word' id='word_1_355' title='bbox 1424 514 1454 532; x_wconf 90' lang='grc' dir='ltr'><strong>τε</strong></span> <span class='ocrx_word' id='word_1_356' title='bbox 1469 506 1588 540; x_wconf 80' lang='grc' dir='ltr'>’Δρκτου</span> <span class='ocrx_word' id='word_1_357' title='bbox 1598 505 1612 532; x_wconf 98' lang='lat'><strong>6</strong></span> <span class='ocrx_word' id='word_1_358' title='bbox 1627 504 1786 540; x_wconf 78' lang='grc' dir='ltr'>ἡγούμενος</span> <span class='ocrx_word' id='word_1_359' title='bbox 1799 504 1861 530; x_wconf 70' lang='grc' dir='ltr'><strong>τῶν</strong></span> 
     </span>
    </p>
   </div>
   <div class='ocr_carea' id='block_1_50' title="bbox 1058 551 1860 586">
    <p class='ocr_par' dir='ltr' id='par_1_50' title="bbox 1058 551 1860 586">
     <span class='ocr_line' id='line_1_50' title="bbox 1058 551 1860 586; baseline -0.006 -5"><span class='ocrx_word' id='word_1_360' title='bbox 1058 555 1088 581; x_wconf 81' lang='grc' dir='ltr'>ὲν</span> <span class='ocrx_word' id='word_1_361' title='bbox 1104 555 1160 586; x_wconf 85' lang='grc' dir='ltr'>τοῖς</span> <span class='ocrx_word' id='word_1_362' title='bbox 1176 553 1310 584; x_wconf 81' lang='grc' dir='ltr'><strong>ὀπισθίοις</strong></span> <span class='ocrx_word' id='word_1_363' title='bbox 1334 553 1407 584; x_wconf 80' lang='grc' dir='ltr'>ποσὶ,</span> <span class='ocrx_word' id='word_1_364' title='bbox 1424 552 1471 579; x_wconf 76' lang='grc' dir='ltr'>καὶ</span> <span class='ocrx_word' id='word_1_365' title='bbox 1494 551 1540 578; x_wconf 90' lang='grc' dir='ltr'><strong>τοῦ</strong></span> <span class='ocrx_word' id='word_1_366' title='bbox 1566 551 1683 582; x_wconf 84' lang='grc' dir='ltr'>Λέοντος</span> <span class='ocrx_word' id='word_1_367' title='bbox 1699 551 1713 577; x_wconf 97' lang='lat'><strong>6</strong></span> <span class='ocrx_word' id='word_1_368' title='bbox 1730 551 1780 577; x_wconf 67' lang='grc' dir='ltr'><strong>ἐπὶ</strong></span> <span class='ocrx_word' id='word_1_369' title='bbox 1804 552 1860 586; x_wconf 76' lang='grc' dir='ltr'>τῆς</span> 
     </span>
    </p>
   </div>
   <div class='ocr_carea' id='block_1_51' title="bbox 1059 596 1857 634">
    <p class='ocr_par' dir='ltr' id='par_1_51' title="bbox 1059 596 1857 634">
     <span class='ocr_line' id='line_1_51' title="bbox 1059 596 1857 634; baseline -0.005 -7"><span class='ocrx_word' id='word_1_370' title='bbox 1059 599 1170 634; x_wconf 84' lang='grc' dir='ltr'>ὀσφύος·</span> <span class='ocrx_word' id='word_1_371' title='bbox 1185 599 1293 633; x_wconf 74' lang='grc' dir='ltr'>ἔσχατοι</span> <span class='ocrx_word' id='word_1_372' title='bbox 1316 598 1344 625; x_wconf 79' lang='grc' dir='ltr'>δὲ</span> <span class='ocrx_word' id='word_1_373' title='bbox 1366 597 1560 633; x_wconf 82' lang='grc' dir='ltr'>μεσουρανοῦσι</span> <span class='ocrx_word' id='word_1_374' title='bbox 1582 596 1630 624; x_wconf 75' lang='grc' dir='ltr'><strong>τοῦ</strong></span> <span class='ocrx_word' id='word_1_375' title='bbox 1647 605 1679 624; x_wconf 84' lang='grc' dir='ltr'><strong>τε</strong></span> <span class='ocrx_word' id='word_1_376' title='bbox 1695 597 1826 632; x_wconf 71' lang='grc' dir='ltr'>Κόρακος</span> <span class='ocrx_word' id='word_1_377' title='bbox 1842 602 1857 627; x_wconf 64' lang='grc' dir='ltr'>ὁ</span> 
     </span>
    </p>
   </div>
   <div class='ocr_carea' id='block_1_52' title="bbox 1059 639 1858 680">
    <p class='ocr_par' dir='ltr' id='par_1_52' title="bbox 1059 639 1858 680">
     <span class='ocr_line' id='line_1_52' title="bbox 1059 639 1858 680; baseline -0.006 -8"><span class='ocrx_word' id='word_1_378' title='bbox 1059 647 1088 672; x_wconf 77' lang='grc' dir='ltr'>ὲν</span> <span class='ocrx_word' id='word_1_379' title='bbox 1102 647 1159 676; x_wconf 86' lang='grc' dir='ltr'>τοῖς</span> <span class='ocrx_word' id='word_1_380' title='bbox 1173 647 1247 677; x_wconf 82' lang='grc' dir='ltr'>ποσὶ,</span> <span class='ocrx_word' id='word_1_381' title='bbox 1269 645 1317 671; x_wconf 79' lang='grc' dir='ltr'>καὶ</span> <span class='ocrx_word' id='word_1_382' title='bbox 1334 644 1383 680; x_wconf 86' lang='grc' dir='ltr'>τῆς</span> <span class='ocrx_word' id='word_1_383' title='bbox 1408 643 1547 679; x_wconf 75' lang='grc' dir='ltr'><strong>Παρθένου</strong></span> <span class='ocrx_word' id='word_1_384' title='bbox 1565 643 1579 670; x_wconf 91' lang='lat'><strong>6</strong></span> <span class='ocrx_word' id='word_1_385' title='bbox 1591 642 1755 677; x_wconf 68' lang='lat' dir='ltr'><strong>mttinepo;</strong></span> <span class='ocrx_word' id='word_1_386' title='bbox 1768 639 1858 678; x_wconf 58' lang='grc' dir='ltr'>ὦμοι,</span> 
     </span>
    </p>
   </div>
   <div class='ocr_carea' id='block_1_53' title="bbox 1060 687 1857 725">
    <p class='ocr_par' dir='ltr' id='par_1_53' title="bbox 1060 687 1857 725">
     <span class='ocr_line' id='line_1_53' title="bbox 1060 687 1857 725; baseline -0.006 -8"><span class='ocrx_word' id='word_1_387' title='bbox 1060 690 1271 725; x_wconf 78' lang='grc' dir='ltr'><strong>ὑπολειπόμενος</strong></span> <span class='ocrx_word' id='word_1_388' title='bbox 1286 689 1334 716; x_wconf 84' lang='grc' dir='ltr'><strong>τοῦ</strong></span> <span class='ocrx_word' id='word_1_389' title='bbox 1354 689 1541 725; x_wconf 76' lang='grc' dir='ltr'>μεσημϐρινοῦ</span> <span class='ocrx_word' id='word_1_390' title='bbox 1556 688 1594 720; x_wconf 85' lang='grc' dir='ltr'>ὡς</span> <span class='ocrx_word' id='word_1_391' title='bbox 1609 688 1630 724; x_wconf 84' lang='grc' dir='ltr'><strong>β’</strong></span> <span class='ocrx_word' id='word_1_392' title='bbox 1644 687 1716 724; x_wconf 80' lang='grc' dir='ltr'>μέρη</span> <span class='ocrx_word' id='word_1_393' title='bbox 1730 688 1857 723; x_wconf 72' lang='grc' dir='ltr'>πήχεως.</span> 
     </span>
    </p>
   </div>
   <div class='ocr_carea' id='block_1_54' title="bbox 1060 734 1554 770">
    <p class='ocr_par' dir='ltr' id='par_1_54' title="bbox 1060 734 1554 770">
     <span class='ocr_line' id='line_1_54' title="bbox 1060 734 1554 770; baseline -0.006 -8"><span class='ocrx_word' id='word_1_394' title='bbox 1060 736 1138 763; x_wconf 79' lang='grc' dir='ltr'>Δύνει</span> <span class='ocrx_word' id='word_1_395' title='bbox 1151 737 1178 762; x_wconf 81' lang='grc' dir='ltr'>δὲ</span> <span class='ocrx_word' id='word_1_396' title='bbox 1192 737 1206 762; x_wconf 88' lang='lat'><strong>6</strong></span> <span class='ocrx_word' id='word_1_397' title='bbox 1221 735 1302 762; x_wconf 85' lang='grc' dir='ltr'><strong>Κύων</strong></span> <span class='ocrx_word' id='word_1_398' title='bbox 1318 735 1347 762; x_wconf 79' lang='grc' dir='ltr'>ὲν</span> <span class='ocrx_word' id='word_1_399' title='bbox 1361 738 1384 768; x_wconf 86' lang='grc' dir='ltr'><strong>γ’</strong></span> <span class='ocrx_word' id='word_1_400' title='bbox 1401 734 1554 770; x_wconf 78' lang='grc' dir='ltr'>ὴμιωρίοις.</span> 
     </span>
    </p>
   </div>
   <div class='ocr_carea' id='block_1_55' title="bbox 1096 777 1860 817">
    <p class='ocr_par' dir='ltr' id='par_1_55' title="bbox 1096 777 1860 817">
     <span class='ocr_line' id='line_1_55' title="bbox 1096 777 1860 817; baseline -0.008 -8"><span class='ocrx_word' id='word_1_401' title='bbox 1096 782 1148 809; x_wconf 82' lang='grc' dir='ltr'>Τοῦ</span> <span class='ocrx_word' id='word_1_402' title='bbox 1161 783 1188 809; x_wconf 75' lang='grc' dir='ltr'>δὲ</span> <span class='ocrx_word' id='word_1_403' title='bbox 1205 782 1341 817; x_wconf 87' lang='grc' dir='ltr'>Πρόκυνος</span> <span class='ocrx_word' id='word_1_404' title='bbox 1357 781 1489 812; x_wconf 80' lang='grc' dir='ltr'>δύνοντος.</span> <span class='ocrx_word' id='word_1_405' title='bbox 1504 778 1700 813; x_wconf 81' lang='grc' dir='ltr'>συγκαταδύνει</span> <span class='ocrx_word' id='word_1_406' title='bbox 1712 778 1767 812; x_wconf 84' lang='grc' dir='ltr'>μὲν</span> <span class='ocrx_word' id='word_1_407' title='bbox 1781 777 1860 812; x_wconf 81' lang='grc' dir='ltr'><strong>αὐτῴ</strong></span> 
     </span>
    </p>
   </div>
   <div class='ocr_carea' id='block_1_56' title="bbox 1061 823 1858 861">
    <p class='ocr_par' dir='ltr' id='par_1_56' title="bbox 1061 823 1858 861">
     <span class='ocr_line' id='line_1_56' title="bbox 1061 823 1858 861; baseline -0.005 -8"><span class='ocrx_word' id='word_1_408' title='bbox 1061 827 1075 853; x_wconf 92' lang='lat'><strong>6</strong></span> <span class='ocrx_word' id='word_1_409' title='bbox 1088 826 1217 859; x_wconf 74' lang='grc' dir='ltr'><strong>ζωδιακὸς</strong></span> <span class='ocrx_word' id='word_1_410' title='bbox 1233 826 1288 853; x_wconf 80' lang='grc' dir='ltr'>ἀπὸ</span> <span class='ocrx_word' id='word_1_411' title='bbox 1309 826 1432 861; x_wconf 82' lang='grc' dir='ltr'><strong>Διδύμων</strong></span> <span class='ocrx_word' id='word_1_412' title='bbox 1450 824 1504 859; x_wconf 84' lang='grc' dir='ltr'>μοί.</span> <span class='ocrx_word' id='word_1_413' title='bbox 1522 828 1552 850; x_wconf 85' lang='grc' dir='ltr'>ιε’</span> <span class='ocrx_word' id='word_1_414' title='bbox 1577 823 1629 855; x_wconf 71' lang='grc' dir='ltr'>ἕως</span> <span class='ocrx_word' id='word_1_415' title='bbox 1645 823 1776 857; x_wconf 79' lang='grc' dir='ltr'><strong>Διδύμων</strong></span> <span class='ocrx_word' id='word_1_416' title='bbox 1800 824 1858 858; x_wconf 66' lang='grc' dir='ltr'>μοι.</span> 
     </span>
    </p>
   </div>
   <div class='ocr_carea' id='block_1_57' title="bbox 1064 869 1860 908">
    <p class='ocr_par' dir='ltr' id='par_1_57' title="bbox 1064 869 1860 908">
     <span class='ocr_line' id='line_1_57' title="bbox 1064 869 1860 908; baseline -0.008 -8"><span class='ocrx_word' id='word_1_417' title='bbox 1064 876 1097 908; x_wconf 90' lang='grc' dir='ltr'>ιη’</span> <span class='ocrx_word' id='word_1_418' title='bbox 1110 881 1116 888; x_wconf 87' lang='grc'><strong>·</strong></span> <span class='ocrx_word' id='word_1_419' title='bbox 1140 873 1300 908; x_wconf 73' lang='grc' dir='ltr'>μεσουρινεῖ</span> <span class='ocrx_word' id='word_1_420' title='bbox 1320 872 1349 899; x_wconf 82' lang='grc' dir='ltr'>δὲ</span> <span class='ocrx_word' id='word_1_421' title='bbox 1371 871 1424 898; x_wconf 80' lang='grc' dir='ltr'>ἀπὸ</span> <span class='ocrx_word' id='word_1_422' title='bbox 1441 871 1492 906; x_wconf 83' lang='grc' dir='ltr'>τῆς</span> <span class='ocrx_word' id='word_1_423' title='bbox 1507 870 1594 906; x_wconf 82' lang='grc' dir='ltr'>ἀρχῆς</span> <span class='ocrx_word' id='word_1_424' title='bbox 1611 869 1664 896; x_wconf 83' lang='grc' dir='ltr'>τῶν</span> <span class='ocrx_word' id='word_1_425' title='bbox 1682 869 1787 905; x_wconf 77' lang='grc' dir='ltr'>Χηλῶν</span> <span class='ocrx_word' id='word_1_426' title='bbox 1806 870 1860 900; x_wconf 68' lang='grc' dir='ltr'>ἕως</span> 
     </span>
    </p>
   </div>
   <div class='ocr_carea' id='block_1_58' title="bbox 1065 915 1860 955">
    <p class='ocr_par' dir='ltr' id='par_1_58' title="bbox 1065 915 1860 955">
     <span class='ocr_line' id='line_1_58' title="bbox 1065 915 1860 955; baseline -0.006 -9"><span class='ocrx_word' id='word_1_427' title='bbox 1065 919 1161 955; x_wconf 84' lang='grc' dir='ltr'><strong>Χηλῶν</strong></span> <span class='ocrx_word' id='word_1_428' title='bbox 1177 919 1231 954; x_wconf 84' lang='grc' dir='ltr'>μοί.</span> <span class='ocrx_word' id='word_1_429' title='bbox 1246 919 1277 946; x_wconf 80' lang='grc' dir='ltr'><strong>δ’.</strong></span> <span class='ocrx_word' id='word_1_430' title='bbox 1297 918 1353 945; x_wconf 76' lang='grc' dir='ltr'><strong>Καὶ</strong></span> <span class='ocrx_word' id='word_1_431' title='bbox 1368 921 1392 944; x_wconf 89' lang='grc' dir='ltr'>α’</span> <span class='ocrx_word' id='word_1_432' title='bbox 1409 917 1458 952; x_wconf 71' lang='grc' dir='ltr'>μὲν</span> <span class='ocrx_word' id='word_1_433' title='bbox 1475 917 1563 952; x_wconf 83' lang='grc' dir='ltr'>ἀστὴρ</span> <span class='ocrx_word' id='word_1_434' title='bbox 1580 916 1651 942; x_wconf 81' lang='grc' dir='ltr'>δύνει</span> <span class='ocrx_word' id='word_1_435' title='bbox 1666 917 1680 942; x_wconf 76' lang='lat'><em>.6</em></span> <span class='ocrx_word' id='word_1_436' title='bbox 1702 915 1860 950; x_wconf 64' lang='grc' dir='ltr'>ἡγούμενος</span> 
     </span>
    </p>
   </div>
   <div class='ocr_carea' id='block_1_59' title="bbox 1064 961 1862 999">
    <p class='ocr_par' dir='ltr' id='par_1_59' title="bbox 1064 961 1862 999">
     <span class='ocr_line' id='line_1_59' title="bbox 1064 961 1862 999; baseline -0.008 -7"><span class='ocrx_word' id='word_1_437' title='bbox 1064 966 1111 993; x_wconf 71' lang='grc' dir='ltr'>καὶ</span> <span class='ocrx_word' id='word_1_438' title='bbox 1124 964 1242 997; x_wconf 84' lang='grc' dir='ltr'><strong>διπλοῦς,</strong></span> <span class='ocrx_word' id='word_1_439' title='bbox 1254 964 1365 999; x_wconf 80' lang='grc' dir='ltr'><strong>ἔσχατος</strong></span> <span class='ocrx_word' id='word_1_440' title='bbox 1378 963 1406 990; x_wconf 79' lang='grc' dir='ltr'>δὲ</span> <span class='ocrx_word' id='word_1_441' title='bbox 1415 964 1429 989; x_wconf 91' lang='lat'><strong>6</strong></span> <span class='ocrx_word' id='word_1_442' title='bbox 1441 963 1572 998; x_wconf 77' lang='grc' dir='ltr'>ἑπόμενος</span> <span class='ocrx_word' id='word_1_443' title='bbox 1584 962 1630 988; x_wconf 76' lang='grc' dir='ltr'>καὶ</span> <span class='ocrx_word' id='word_1_444' title='bbox 1637 961 1669 987; x_wconf 84' lang='grc' dir='ltr'><strong>λα</strong></span> <span class='ocrx_word' id='word_1_445' title='bbox 1674 961 1779 996; x_wconf 78' lang='grc' dir='ltr'>μπρός.</span> <span class='ocrx_word' id='word_1_446' title='bbox 1788 961 1831 987; x_wconf 74' lang='lat' dir='ltr'><strong>Me</strong></span> <span class='ocrx_word' id='word_1_447' title='bbox 1836 969 1862 986; x_wconf 75' lang='lat'><strong>:-</strong></span> 
     </span>
    </p>
   </div>
   <div class='ocr_carea' id='block_1_60' title="bbox 1064 1006 1861 1047">
    <p class='ocr_par' dir='ltr' id='par_1_60' title="bbox 1064 1006 1861 1047">
     <span class='ocr_line' id='line_1_60' title="bbox 1064 1006 1861 1047; baseline -0.009 -8"><span class='ocrx_word' id='word_1_448' title='bbox 1064 1012 1174 1047; x_wconf 77' lang='grc' dir='ltr'>ουρανεῖ</span> <span class='ocrx_word' id='word_1_449' title='bbox 1192 1011 1220 1037; x_wconf 87' lang='grc' dir='ltr'>δὲ</span> <span class='ocrx_word' id='word_1_450' title='bbox 1238 1010 1292 1037; x_wconf 84' lang='grc' dir='ltr'>τῶν</span> <span class='ocrx_word' id='word_1_451' title='bbox 1315 1009 1401 1036; x_wconf 88' lang='grc' dir='ltr'>ἀλλων</span> <span class='ocrx_word' id='word_1_452' title='bbox 1420 1009 1542 1044; x_wconf 75' lang='grc' dir='ltr'>ἀστέρων</span> <span class='ocrx_word' id='word_1_453' title='bbox 1560 1009 1588 1034; x_wconf 75' lang='grc' dir='ltr'>ἐν</span> <span class='ocrx_word' id='word_1_454' title='bbox 1605 1008 1653 1043; x_wconf 75' lang='grc' dir='ltr'>μὲν</span> <span class='ocrx_word' id='word_1_455' title='bbox 1669 1009 1704 1042; x_wconf 81' lang='grc' dir='ltr'>τῇ</span> <span class='ocrx_word' id='word_1_456' title='bbox 1721 1008 1796 1042; x_wconf 77' lang='grc' dir='ltr'>ἀρχῇ</span> <span class='ocrx_word' id='word_1_457' title='bbox 1814 1006 1861 1032; x_wconf 71' lang='grc' dir='ltr'><strong>τοῦ</strong></span> 
     </span>
    </p>
   </div>
   <div class='ocr_carea' id='block_1_61' title="bbox 1065 1051 1862 1091">
    <p class='ocr_par' dir='ltr' id='par_1_61' title="bbox 1065 1051 1862 1091">
     <span class='ocr_line' id='line_1_61' title="bbox 1065 1051 1862 1091; baseline -0.009 -7"><span class='ocrx_word' id='word_1_458' title='bbox 1065 1057 1171 1084; x_wconf 86' lang='grc' dir='ltr'>Βοώτου</span> <span class='ocrx_word' id='word_1_459' title='bbox 1186 1057 1200 1083; x_wconf 92' lang='lat'><strong>6</strong></span> <span class='ocrx_word' id='word_1_460' title='bbox 1230 1056 1311 1091; x_wconf 82' lang='grc' dir='ltr'><strong>μέσος</strong></span> <span class='ocrx_word' id='word_1_461' title='bbox 1333 1055 1386 1082; x_wconf 82' lang='grc' dir='ltr'>τῶν</span> <span class='ocrx_word' id='word_1_462' title='bbox 1409 1053 1489 1089; x_wconf 77' lang='grc' dir='ltr'>ἐντῷ</span> <span class='ocrx_word' id='word_1_463' title='bbox 1513 1051 1647 1088; x_wconf 73' lang='grc' dir='ltr'><strong>ἀριστερῷ</strong></span> <span class='ocrx_word' id='word_1_464' title='bbox 1661 1052 1736 1084; x_wconf 62' lang='lat' dir='ltr'><strong>mat,</strong></span> <span class='ocrx_word' id='word_1_465' title='bbox 1762 1051 1862 1087; x_wconf 62' lang='grc' dir='ltr'>μικρὸν</span> 
     </span>
    </p>
   </div>
   <div class='ocr_carea' id='block_1_62' title="bbox 1067 1098 1862 1138">
    <p class='ocr_par' dir='ltr' id='par_1_62' title="bbox 1067 1098 1862 1138">
     <span class='ocr_line' id='line_1_62' title="bbox 1067 1098 1862 1138; baseline -0.008 -8"><span class='ocrx_word' id='word_1_466' title='bbox 1067 1103 1279 1138; x_wconf 75' lang='grc' dir='ltr'><strong>ὑπολειπόμενος</strong></span> <span class='ocrx_word' id='word_1_467' title='bbox 1292 1101 1339 1128; x_wconf 87' lang='grc' dir='ltr'><strong>τοῦ</strong></span> <span class='ocrx_word' id='word_1_468' title='bbox 1360 1099 1556 1137; x_wconf 74' lang='grc' dir='ltr'>μεσημϐρινοῦ,</span> <span class='ocrx_word' id='word_1_469' title='bbox 1577 1099 1624 1126; x_wconf 74' lang='grc' dir='ltr'>καὶ</span> <span class='ocrx_word' id='word_1_470' title='bbox 1637 1098 1685 1125; x_wconf 82' lang='grc' dir='ltr'><strong>τοῦ</strong></span> <span class='ocrx_word' id='word_1_471' title='bbox 1699 1098 1862 1133; x_wconf 55' lang='lat' dir='ltr'><strong>Rana-SVA,</strong></span> 
     </span>
    </p>
   </div>
   <div class='ocr_carea' id='block_1_63' title="bbox 1066 1145 1864 1186">
    <p class='ocr_par' dir='ltr' id='par_1_63' title="bbox 1066 1145 1864 1186">
     <span class='ocr_line' id='line_1_63' title="bbox 1066 1145 1864 1186; baseline -0.009 -10"><span class='ocrx_word' id='word_1_472' title='bbox 1066 1151 1080 1176; x_wconf 89' lang='lat'><strong>6</strong></span> <span class='ocrx_word' id='word_1_473' title='bbox 1093 1149 1260 1186; x_wconf 79' lang='grc' dir='ltr'>βορειότερος</span> <span class='ocrx_word' id='word_1_474' title='bbox 1273 1148 1326 1175; x_wconf 84' lang='grc' dir='ltr'>τῶν</span> <span class='ocrx_word' id='word_1_475' title='bbox 1340 1148 1369 1174; x_wconf 79' lang='grc' dir='ltr'>ὲν</span> <span class='ocrx_word' id='word_1_476' title='bbox 1389 1148 1421 1183; x_wconf 82' lang='grc' dir='ltr'><strong>τῇ</strong></span> <span class='ocrx_word' id='word_1_477' title='bbox 1432 1145 1548 1182; x_wconf 74' lang='grc' dir='ltr'>κεφαλῇ,</span> <span class='ocrx_word' id='word_1_478' title='bbox 1560 1146 1598 1177; x_wconf 84' lang='grc' dir='ltr'><strong>ὡς</strong></span> <span class='ocrx_word' id='word_1_479' title='bbox 1617 1145 1773 1180; x_wconf 79' lang='grc' dir='ltr'>ἡμιπήχιον</span> <span class='ocrx_word' id='word_1_480' title='bbox 1799 1154 1864 1180; x_wconf 76' lang='grc' dir='ltr'>προ-</span> 
     </span>
    </p>
   </div>
   <div class='ocr_carea' id='block_1_64' title="bbox 1067 1190 1865 1231">
    <p class='ocr_par' dir='ltr' id='par_1_64' title="bbox 1067 1190 1865 1231">
     <span class='ocr_line' id='line_1_64' title="bbox 1067 1190 1865 1231; baseline -0.009 -9"><span class='ocrx_word' id='word_1_481' title='bbox 1067 1195 1216 1231; x_wconf 85' lang='grc' dir='ltr'>ηγούμενος</span> <span class='ocrx_word' id='word_1_482' title='bbox 1226 1193 1274 1220; x_wconf 81' lang='grc' dir='ltr'><strong>τοῦ</strong></span> <span class='ocrx_word' id='word_1_483' title='bbox 1285 1191 1479 1229; x_wconf 73' lang='grc' dir='ltr'>μεσημϐρινοῦ·</span> <span class='ocrx_word' id='word_1_484' title='bbox 1494 1191 1606 1226; x_wconf 74' lang='grc' dir='ltr'>ἔσχατον</span> <span class='ocrx_word' id='word_1_485' title='bbox 1618 1190 1646 1216; x_wconf 84' lang='grc' dir='ltr'>δὲ</span> <span class='ocrx_word' id='word_1_486' title='bbox 1658 1190 1865 1226; x_wconf 72' lang='grc' dir='ltr'>μεσουρανοῦςι</span> 
     </span>
    </p>
   </div>
   <div class='ocr_carea' id='block_1_65' title="bbox 1067 1235 1866 1276">
    <p class='ocr_par' dir='ltr' id='par_1_65' title="bbox 1067 1235 1866 1276">
     <span class='ocr_line' id='line_1_65' title="bbox 1067 1235 1866 1276; baseline -0.009 -8"><span class='ocrx_word' id='word_1_487' title='bbox 1067 1241 1117 1276; x_wconf 81' lang='grc' dir='ltr'>τῆς</span> <span class='ocrx_word' id='word_1_488' title='bbox 1130 1249 1159 1267; x_wconf 88' lang='grc' dir='ltr'><strong>τε</strong></span> <span class='ocrx_word' id='word_1_489' title='bbox 1177 1241 1295 1275; x_wconf 78' lang='grc' dir='ltr'>’Δρκτου</span> <span class='ocrx_word' id='word_1_490' title='bbox 1312 1240 1326 1265; x_wconf 88' lang='lat'><strong>6</strong></span> <span class='ocrx_word' id='word_1_491' title='bbox 1346 1240 1374 1266; x_wconf 79' lang='grc' dir='ltr'>ὲν</span> <span class='ocrx_word' id='word_1_492' title='bbox 1398 1238 1471 1273; x_wconf 82' lang='grc' dir='ltr'>ἄκρᾳ</span> <span class='ocrx_word' id='word_1_493' title='bbox 1484 1238 1516 1273; x_wconf 85' lang='grc' dir='ltr'>τῇ</span> <span class='ocrx_word' id='word_1_494' title='bbox 1540 1237 1618 1271; x_wconf 78' lang='grc' dir='ltr'>οὐρᾷ,</span> <span class='ocrx_word' id='word_1_495' title='bbox 1645 1235 1866 1271; x_wconf 75' lang='grc' dir='ltr'>ὑπολειπόμενος</span> 
     </span>
    </p>
   </div>
   <div class='ocr_carea' id='block_1_66' title="bbox 1070 1280 1866 1322">
    <p class='ocr_par' dir='ltr' id='par_1_66' title="bbox 1070 1280 1866 1322">
     <span class='ocr_line' id='line_1_66' title="bbox 1070 1280 1866 1322; baseline -0.01 -9"><span class='ocrx_word' id='word_1_496' title='bbox 1070 1286 1167 1322; x_wconf 79' lang='grc' dir='ltr'>μικρὸν</span> <span class='ocrx_word' id='word_1_497' title='bbox 1181 1285 1228 1311; x_wconf 89' lang='grc' dir='ltr'><strong>τοῦ</strong></span> <span class='ocrx_word' id='word_1_498' title='bbox 1249 1283 1447 1320; x_wconf 77' lang='grc' dir='ltr'>μεσημϐρινοῦ,</span> <span class='ocrx_word' id='word_1_499' title='bbox 1461 1282 1508 1309; x_wconf 75' lang='grc' dir='ltr'>καὶ</span> <span class='ocrx_word' id='word_1_500' title='bbox 1532 1281 1579 1308; x_wconf 85' lang='grc' dir='ltr'><strong>τοῦ</strong></span> <span class='ocrx_word' id='word_1_501' title='bbox 1602 1280 1710 1307; x_wconf 80' lang='grc' dir='ltr'>Βοὼτου</span> <span class='ocrx_word' id='word_1_502' title='bbox 1727 1281 1742 1306; x_wconf 80' lang='lat'><strong>6</strong></span> <span class='ocrx_word' id='word_1_503' title='bbox 1763 1281 1866 1316; x_wconf 73' lang='grc' dir='ltr'>βορειᾶ-</span> 
     </span>
    </p>
   </div>
   <div class='ocr_carea' id='block_1_67' title="bbox 1068 1326 1867 1368">
    <p class='ocr_par' dir='ltr' id='par_1_67' title="bbox 1068 1326 1867 1368">
     <span class='ocr_line' id='line_1_67' title="bbox 1068 1326 1867 1368; baseline -0.006 -10"><span class='ocrx_word' id='word_1_504' title='bbox 1068 1326 1145 1368; x_wconf 76' lang='grc' dir='ltr'>τερος</span> <span class='ocrx_word' id='word_1_505' title='bbox 1156 1331 1209 1357; x_wconf 86' lang='grc' dir='ltr'>τῶν</span> <span class='ocrx_word' id='word_1_506' title='bbox 1225 1331 1254 1356; x_wconf 85' lang='grc' dir='ltr'>ὲν</span> <span class='ocrx_word' id='word_1_507' title='bbox 1268 1329 1307 1365; x_wconf 82' lang='grc' dir='ltr'>τῷ</span> <span class='ocrx_word' id='word_1_508' title='bbox 1321 1328 1456 1365; x_wconf 76' lang='grc' dir='ltr'>ἀριστερῷ</span> <span class='ocrx_word' id='word_1_509' title='bbox 1470 1328 1540 1359; x_wconf 75' lang='grc' dir='ltr'>ποδὶ,</span> <span class='ocrx_word' id='word_1_510' title='bbox 1560 1328 1606 1354; x_wconf 79' lang='grc' dir='ltr'>καὶ</span> <span class='ocrx_word' id='word_1_511' title='bbox 1618 1326 1665 1354; x_wconf 87' lang='grc' dir='ltr'><strong>τοῦ</strong></span> <span class='ocrx_word' id='word_1_512' title='bbox 1682 1326 1791 1362; x_wconf 80' lang='grc' dir='ltr'>Ὕδρου</span> <span class='ocrx_word' id='word_1_513' title='bbox 1807 1329 1822 1353; x_wconf 84' lang='lat'><strong>6</strong></span> <span class='ocrx_word' id='word_1_514' title='bbox 1839 1328 1867 1353; x_wconf 78' lang='grc' dir='ltr'>ἐν</span> 
     </span>
    </p>
   </div>
   <div class='ocr_carea' id='block_1_68' title="bbox 1069 1368 1865 1414">
    <p class='ocr_par' dir='ltr' id='par_1_68' title="bbox 1069 1368 1865 1414">
     <span class='ocr_line' id='line_1_68' title="bbox 1069 1368 1865 1414; baseline -0.01 -9"><span class='ocrx_word' id='word_1_515' title='bbox 1069 1377 1142 1414; x_wconf 77' lang='grc' dir='ltr'>ἄκρᾳ</span> <span class='ocrx_word' id='word_1_516' title='bbox 1156 1379 1189 1413; x_wconf 81' lang='grc' dir='ltr'>τῇ</span> <span class='ocrx_word' id='word_1_517' title='bbox 1206 1377 1285 1412; x_wconf 74' lang='grc' dir='ltr'>οὐρᾷ,</span> <span class='ocrx_word' id='word_1_518' title='bbox 1309 1375 1354 1402; x_wconf 70' lang='grc' dir='ltr'>καὶ</span> <span class='ocrx_word' id='word_1_519' title='bbox 1375 1373 1423 1401; x_wconf 91' lang='grc' dir='ltr'><strong>τοῦ</strong></span> <span class='ocrx_word' id='word_1_520' title='bbox 1449 1373 1605 1408; x_wconf 81' lang='grc' dir='ltr'>Κενταύρου</span> <span class='ocrx_word' id='word_1_521' title='bbox 1628 1374 1642 1399; x_wconf 90' lang='lat'><strong>6</strong></span> <span class='ocrx_word' id='word_1_522' title='bbox 1663 1372 1755 1404; x_wconf 64' lang='grc' dir='ltr'>δεξιὸς</span> <span class='ocrx_word' id='word_1_523' title='bbox 1780 1368 1865 1407; x_wconf 59' lang='lat'><strong>(3:15;.</strong></span> 
     </span>
    </p>
   </div>
   <div class='ocr_carea' id='block_1_69' title="bbox 1069 1418 1637 1457">
    <p class='ocr_par' dir='ltr' id='par_1_69' title="bbox 1069 1418 1637 1457">
     <span class='ocr_line' id='line_1_69' title="bbox 1069 1418 1637 1457; baseline -0.009 -8"><span class='ocrx_word' id='word_1_524' title='bbox 1069 1424 1148 1451; x_wconf 85' lang='grc' dir='ltr'>Δύνει</span> <span class='ocrx_word' id='word_1_525' title='bbox 1160 1423 1187 1450; x_wconf 82' lang='grc' dir='ltr'>δὲ</span> <span class='ocrx_word' id='word_1_526' title='bbox 1203 1423 1217 1448; x_wconf 86' lang='grc' dir='ltr'>ὁ</span> <span class='ocrx_word' id='word_1_527' title='bbox 1237 1421 1368 1457; x_wconf 89' lang='grc' dir='ltr'>Προκύων</span> <span class='ocrx_word' id='word_1_528' title='bbox 1381 1421 1411 1447; x_wconf 78' lang='grc' dir='ltr'>ὲν</span> <span class='ocrx_word' id='word_1_529' title='bbox 1425 1423 1445 1447; x_wconf 84' lang='grc' dir='ltr'>ε’</span> <span class='ocrx_word' id='word_1_530' title='bbox 1461 1419 1539 1455; x_wconf 83' lang='grc' dir='ltr'>μέρει</span> <span class='ocrx_word' id='word_1_531' title='bbox 1551 1418 1637 1454; x_wconf 81' lang='grc' dir='ltr'>ὧρας.</span> 
     </span>
    </p>
   </div>
   <div class='ocr_carea' id='block_1_70' title="bbox 1104 1464 1867 1505">
    <p class='ocr_par' dir='ltr' id='par_1_70' title="bbox 1104 1464 1867 1505">
     <span class='ocr_line' id='line_1_70' title="bbox 1104 1464 1867 1505; baseline -0.007 -10"><span class='ocrx_word' id='word_1_532' title='bbox 1104 1470 1160 1505; x_wconf 85' lang='grc' dir='ltr'><strong>Τῆς</strong></span> <span class='ocrx_word' id='word_1_533' title='bbox 1176 1468 1204 1495; x_wconf 85' lang='grc' dir='ltr'>δὲ</span> <span class='ocrx_word' id='word_1_534' title='bbox 1223 1467 1337 1504; x_wconf 82' lang='grc' dir='ltr'>Ἀργοῦς</span> <span class='ocrx_word' id='word_1_535' title='bbox 1353 1466 1492 1502; x_wconf 80' lang='grc' dir='ltr'>δυνούσης,</span> <span class='ocrx_word' id='word_1_536' title='bbox 1511 1464 1709 1500; x_wconf 81' lang='grc' dir='ltr'>συγκαταδύνει</span> <span class='ocrx_word' id='word_1_537' title='bbox 1731 1465 1784 1500; x_wconf 82' lang='grc' dir='ltr'>μὲν</span> <span class='ocrx_word' id='word_1_538' title='bbox 1798 1465 1867 1499; x_wconf 66' lang='grc' dir='ltr'>αἰτῇ</span> 
     </span>
    </p>
   </div>
   <div class='ocr_carea' id='block_1_71' title="bbox 1071 1510 1867 1548">
    <p class='ocr_par' dir='ltr' id='par_1_71' title="bbox 1071 1510 1867 1548">
     <span class='ocr_line' id='line_1_71' title="bbox 1071 1510 1867 1548; baseline -0.008 -7"><span class='ocrx_word' id='word_1_539' title='bbox 1071 1515 1085 1541; x_wconf 87' lang='lat'><strong>6</strong></span> <span class='ocrx_word' id='word_1_540' title='bbox 1098 1513 1227 1547; x_wconf 75' lang='grc' dir='ltr'>ζωδιακὸς</span> <span class='ocrx_word' id='word_1_541' title='bbox 1241 1513 1294 1539; x_wconf 77' lang='grc' dir='ltr'>ἀπὸ</span> <span class='ocrx_word' id='word_1_542' title='bbox 1308 1510 1393 1548; x_wconf 76' lang='grc' dir='ltr'>Κριοῦ</span> <span class='ocrx_word' id='word_1_543' title='bbox 1410 1511 1464 1547; x_wconf 86' lang='grc' dir='ltr'>μοί.</span> <span class='ocrx_word' id='word_1_544' title='bbox 1482 1514 1518 1543; x_wconf 84' lang='grc' dir='ltr'>ις’</span> <span class='ocrx_word' id='word_1_545' title='bbox 1532 1510 1584 1542; x_wconf 75' lang='grc' dir='ltr'>ἕως</span> <span class='ocrx_word' id='word_1_546' title='bbox 1604 1510 1729 1545; x_wconf 80' lang='grc' dir='ltr'>Διδύμων</span> <span class='ocrx_word' id='word_1_547' title='bbox 1748 1510 1807 1544; x_wconf 73' lang='grc' dir='ltr'>μοί,</span> 
     </span>
    </p>
   </div>
   <div class='ocr_carea' id='block_1_72' title="bbox 1074 1555 1867 1596">
    <p class='ocr_par' dir='ltr' id='par_1_72' title="bbox 1074 1555 1867 1596">
     <span class='ocr_line' id='line_1_72' title="bbox 1074 1555 1867 1596; baseline -0.006 -10"><span class='ocrx_word' id='word_1_548' title='bbox 1074 1560 1234 1596; x_wconf 85' lang='grc' dir='ltr'>μεσουρανεῖ</span> <span class='ocrx_word' id='word_1_549' title='bbox 1245 1558 1273 1585; x_wconf 83' lang='grc' dir='ltr'>δὲ</span> <span class='ocrx_word' id='word_1_550' title='bbox 1286 1558 1339 1585; x_wconf 74' lang='grc' dir='ltr'>ἀπὸ</span> <span class='ocrx_word' id='word_1_551' title='bbox 1348 1557 1484 1593; x_wconf 70' lang='grc' dir='ltr'>Καρκῖνου</span> <span class='ocrx_word' id='word_1_552' title='bbox 1501 1556 1555 1592; x_wconf 79' lang='grc' dir='ltr'>μοι.</span> <span class='ocrx_word' id='word_1_553' title='bbox 1578 1556 1610 1588; x_wconf 84' lang='grc' dir='ltr'><strong>ιζ’</strong></span> <span class='ocrx_word' id='word_1_554' title='bbox 1621 1556 1675 1587; x_wconf 72' lang='grc' dir='ltr'>ἕως</span> <span class='ocrx_word' id='word_1_555' title='bbox 1689 1555 1792 1590; x_wconf 82' lang='grc' dir='ltr'>Χηλῶν</span> <span class='ocrx_word' id='word_1_556' title='bbox 1814 1556 1867 1591; x_wconf 36' lang='grc' dir='ltr'>μοῖς</span> 
     </span>
    </p>
   </div>
   <div class='ocr_carea' id='block_1_73' title="bbox 1072 1602 1869 1639">
    <p class='ocr_par' dir='ltr' id='par_1_73' title="bbox 1072 1602 1869 1639">
     <span class='ocr_line' id='line_1_73' title="bbox 1072 1602 1869 1639; baseline -0.009 -6"><span class='ocrx_word' id='word_1_557' title='bbox 1072 1609 1102 1633; x_wconf 82' lang='grc' dir='ltr'><strong>ε’.</strong></span> <span class='ocrx_word' id='word_1_558' title='bbox 1114 1605 1169 1632; x_wconf 72' lang='grc' dir='ltr'><strong>Καὶ</strong></span> <span class='ocrx_word' id='word_1_559' title='bbox 1184 1608 1207 1632; x_wconf 86' lang='grc' dir='ltr'>α’</span> <span class='ocrx_word' id='word_1_560' title='bbox 1226 1604 1276 1639; x_wconf 83' lang='grc' dir='ltr'>μὲν</span> <span class='ocrx_word' id='word_1_561' title='bbox 1290 1604 1378 1639; x_wconf 84' lang='grc' dir='ltr'>ἀστὴρ</span> <span class='ocrx_word' id='word_1_562' title='bbox 1391 1603 1464 1629; x_wconf 84' lang='grc' dir='ltr'>δύνει</span> <span class='ocrx_word' id='word_1_563' title='bbox 1477 1603 1491 1629; x_wconf 90' lang='lat'><strong>6</strong></span> <span class='ocrx_word' id='word_1_564' title='bbox 1503 1602 1696 1638; x_wconf 82' lang='grc' dir='ltr'>λαμπρότατος</span> <span class='ocrx_word' id='word_1_565' title='bbox 1707 1602 1758 1627; x_wconf 74' lang='grc' dir='ltr'>καὶ</span> <span class='ocrx_word' id='word_1_566' title='bbox 1774 1602 1869 1627; x_wconf 61' lang='grc' dir='ltr'>νοτε-ὡ-</span> 
     </span>
    </p>
   </div>
   <div class='ocr_carea' id='block_1_74' title="bbox 1071 1647 1870 1684">
    <p class='ocr_par' dir='ltr' id='par_1_74' title="bbox 1071 1647 1870 1684">
     <span class='ocr_line' id='line_1_74' title="bbox 1071 1647 1870 1684; baseline -0.009 -5"><span class='ocrx_word' id='word_1_567' title='bbox 1071 1660 1152 1683; x_wconf 86' lang='grc' dir='ltr'>τατος</span> <span class='ocrx_word' id='word_1_568' title='bbox 1166 1650 1219 1677; x_wconf 85' lang='grc' dir='ltr'><strong>τῶν</strong></span> <span class='ocrx_word' id='word_1_569' title='bbox 1232 1651 1260 1677; x_wconf 78' lang='grc' dir='ltr'>ἐν</span> <span class='ocrx_word' id='word_1_570' title='bbox 1281 1649 1320 1684; x_wconf 84' lang='grc' dir='ltr'>τῷ</span> <span class='ocrx_word' id='word_1_571' title='bbox 1335 1648 1470 1684; x_wconf 80' lang='grc' dir='ltr'>Πηδαλίῳ,</span> <span class='ocrx_word' id='word_1_572' title='bbox 1485 1649 1514 1674; x_wconf 80' lang='grc' dir='ltr'>ὃν</span> <span class='ocrx_word' id='word_1_573' title='bbox 1538 1656 1609 1678; x_wconf 84' lang='grc' dir='ltr'>τινες</span> <span class='ocrx_word' id='word_1_574' title='bbox 1633 1647 1769 1674; x_wconf 68' lang='grc' dir='ltr'>Κάνωϐον</span> <span class='ocrx_word' id='word_1_575' title='bbox 1787 1656 1870 1682; x_wconf 49' lang='grc' dir='ltr'>προτί</span> 
     </span>
    </p>
   </div>
   <div class='ocr_carea' id='block_1_75' title="bbox 1073 1692 1871 1732">
    <p class='ocr_par' dir='ltr' id='par_1_75' title="bbox 1073 1692 1871 1732">
     <span class='ocr_line' id='line_1_75' title="bbox 1073 1692 1871 1732; baseline -0.009 -8"><span class='ocrx_word' id='word_1_576' title='bbox 1073 1696 1267 1732; x_wconf 77' lang='grc' dir='ltr'>αγορεύουσιν’</span> <span class='ocrx_word' id='word_1_577' title='bbox 1291 1695 1403 1729; x_wconf 73' lang='grc' dir='ltr'>ἔσχατος</span> <span class='ocrx_word' id='word_1_578' title='bbox 1435 1693 1463 1720; x_wconf 88' lang='grc' dir='ltr'>δὲ</span> <span class='ocrx_word' id='word_1_579' title='bbox 1481 1693 1495 1719; x_wconf 97' lang='lat'><strong>6</strong></span> <span class='ocrx_word' id='word_1_580' title='bbox 1516 1693 1684 1729; x_wconf 81' lang='grc' dir='ltr'>βορειότερος</span> <span class='ocrx_word' id='word_1_581' title='bbox 1705 1692 1764 1718; x_wconf 80' lang='grc' dir='ltr'><strong>τῶν</strong></span> <span class='ocrx_word' id='word_1_582' title='bbox 1788 1692 1818 1718; x_wconf 81' lang='grc' dir='ltr'>ἐν</span> <span class='ocrx_word' id='word_1_583' title='bbox 1836 1692 1871 1726; x_wconf 68' lang='grc' dir='ltr'><strong>τῷ</strong></span> 
     </span>
    </p>
   </div>
   <div class='ocr_carea' id='block_1_76' title="bbox 1077 1738 1869 1778">
    <p class='ocr_par' dir='ltr' id='par_1_76' title="bbox 1077 1738 1869 1778">
     <span class='ocr_line' id='line_1_76' title="bbox 1077 1738 1869 1778; baseline -0.009 -8"><span class='ocrx_word' id='word_1_584' title='bbox 1077 1743 1151 1778; x_wconf 75' lang='grc' dir='ltr'>ἱστῷ.</span> <span class='ocrx_word' id='word_1_585' title='bbox 1168 1741 1373 1777; x_wconf 80' lang='grc' dir='ltr'>Μεσουρανοῦσι</span> <span class='ocrx_word' id='word_1_586' title='bbox 1387 1739 1414 1766; x_wconf 77' lang='grc' dir='ltr'>δὲ</span> <span class='ocrx_word' id='word_1_587' title='bbox 1424 1739 1478 1765; x_wconf 84' lang='grc' dir='ltr'>τῶν</span> <span class='ocrx_word' id='word_1_588' title='bbox 1489 1738 1576 1765; x_wconf 76' lang='grc' dir='ltr'>ἄλλων</span> <span class='ocrx_word' id='word_1_589' title='bbox 1587 1738 1711 1773; x_wconf 80' lang='grc' dir='ltr'>ἀστέρων</span> <span class='ocrx_word' id='word_1_590' title='bbox 1728 1739 1760 1765; x_wconf 80' lang='grc' dir='ltr'>ὲν</span> <span class='ocrx_word' id='word_1_591' title='bbox 1778 1738 1830 1773; x_wconf 74' lang='grc' dir='ltr'>μὲν</span> <span class='ocrx_word' id='word_1_592' title='bbox 1842 1739 1869 1771; x_wconf 65' lang='grc' dir='ltr'><strong>τῇ</strong></span> 
     </span>
    </p>
   </div>
   <div class='ocr_carea' id='block_1_77' title="bbox 1076 1783 1871 1824">
    <p class='ocr_par' dir='ltr' id='par_1_77' title="bbox 1076 1783 1871 1824">
     <span class='ocr_line' id='line_1_77' title="bbox 1076 1783 1871 1824; baseline -0.008 -9"><span class='ocrx_word' id='word_1_593' title='bbox 1076 1789 1148 1824; x_wconf 79' lang='grc' dir='ltr'>ἀρχῇ</span> <span class='ocrx_word' id='word_1_594' title='bbox 1164 1787 1211 1814; x_wconf 89' lang='grc' dir='ltr'><strong>τοῦ</strong></span> <span class='ocrx_word' id='word_1_595' title='bbox 1223 1786 1337 1818; x_wconf 82' lang='grc' dir='ltr'>Λέοντος</span> <span class='ocrx_word' id='word_1_596' title='bbox 1353 1785 1407 1812; x_wconf 85' lang='grc' dir='ltr'><strong>τῶν</strong></span> <span class='ocrx_word' id='word_1_597' title='bbox 1419 1786 1447 1812; x_wconf 84' lang='grc' dir='ltr'>ὲν</span> <span class='ocrx_word' id='word_1_598' title='bbox 1457 1786 1490 1821; x_wconf 86' lang='grc' dir='ltr'>τῇ</span> <span class='ocrx_word' id='word_1_599' title='bbox 1504 1783 1607 1820; x_wconf 79' lang='grc' dir='ltr'>κεφαλῇ</span> <span class='ocrx_word' id='word_1_600' title='bbox 1618 1785 1632 1810; x_wconf 89' lang='lat'><strong>6</strong></span> <span class='ocrx_word' id='word_1_601' title='bbox 1644 1783 1810 1820; x_wconf 66' lang='lat' dir='ltr'><strong>vondnspo;</strong></span> <span class='ocrx_word' id='word_1_602' title='bbox 1822 1785 1871 1810; x_wconf 65' lang='grc' dir='ltr'>τῶν</span> 
     </span>
    </p>
   </div>
   <div class='ocr_carea' id='block_1_78' title="bbox 1077 1830 1872 1871">
    <p class='ocr_par' dir='ltr' id='par_1_78' title="bbox 1077 1830 1872 1871">
     <span class='ocr_line' id='line_1_78' title="bbox 1077 1830 1872 1871; baseline -0.008 -10"><span class='ocrx_word' id='word_1_603' title='bbox 1077 1834 1246 1871; x_wconf 81' lang='grc' dir='ltr'>ἡγουμένων,</span> <span class='ocrx_word' id='word_1_604' title='bbox 1257 1833 1295 1864; x_wconf 83' lang='grc' dir='ltr'>ὼς</span> <span class='ocrx_word' id='word_1_605' title='bbox 1305 1832 1455 1868; x_wconf 80' lang='grc' dir='ltr'>ήμιπήχιον</span> <span class='ocrx_word' id='word_1_606' title='bbox 1474 1831 1687 1866; x_wconf 73' lang='grc' dir='ltr'>ὑπολειπόμενος</span> <span class='ocrx_word' id='word_1_607' title='bbox 1705 1830 1756 1856; x_wconf 83' lang='grc' dir='ltr'><strong>τοῦ</strong></span> <span class='ocrx_word' id='word_1_608' title='bbox 1770 1839 1872 1865; x_wconf 60' lang='grc' dir='ltr'>μεσημ-</span> 
     </span>
    </p>
   </div>
   <div class='ocr_carea' id='block_1_79' title="bbox 1078 1876 1871 1917">
    <p class='ocr_par' dir='ltr' id='par_1_79' title="bbox 1078 1876 1871 1917">
     <span class='ocr_line' id='line_1_79' title="bbox 1078 1876 1871 1917; baseline -0.009 -9"><span class='ocrx_word' id='word_1_609' title='bbox 1078 1880 1181 1917; x_wconf 76' lang='grc' dir='ltr'>ϐρινοῦ,</span> <span class='ocrx_word' id='word_1_610' title='bbox 1199 1880 1246 1906; x_wconf 68' lang='grc' dir='ltr'>καὶ</span> <span class='ocrx_word' id='word_1_611' title='bbox 1255 1878 1302 1906; x_wconf 80' lang='grc' dir='ltr'><strong>τοῦ</strong></span> <span class='ocrx_word' id='word_1_612' title='bbox 1318 1879 1416 1914; x_wconf 83' lang='grc' dir='ltr'>’Ύδρου</span> <span class='ocrx_word' id='word_1_613' title='bbox 1432 1878 1446 1904; x_wconf 89' lang='lat'><strong>6</strong></span> <span class='ocrx_word' id='word_1_614' title='bbox 1463 1877 1532 1913; x_wconf 81' lang='grc' dir='ltr'>μετὰ</span> <span class='ocrx_word' id='word_1_615' title='bbox 1540 1877 1589 1912; x_wconf 83' lang='grc' dir='ltr'>τὴν</span> <span class='ocrx_word' id='word_1_616' title='bbox 1606 1877 1720 1910; x_wconf 74' lang='grc' dir='ltr'>ἔκφυσιν</span> <span class='ocrx_word' id='word_1_617' title='bbox 1737 1876 1788 1902; x_wconf 82' lang='grc' dir='ltr'><strong>τοῦ</strong></span> <span class='ocrx_word' id='word_1_618' title='bbox 1806 1885 1871 1910; x_wconf 65' lang='grc' dir='ltr'>τρα-</span> 
     </span>
    </p>
   </div>
   <div class='ocr_carea' id='block_1_80' title="bbox 1080 1922 1872 1962">
    <p class='ocr_par' dir='ltr' id='par_1_80' title="bbox 1080 1922 1872 1962">
     <span class='ocr_line' id='line_1_80' title="bbox 1080 1922 1872 1962; baseline -0.006 -9"><span class='ocrx_word' id='word_1_619' title='bbox 1080 1926 1161 1962; x_wconf 78' lang='grc' dir='ltr'>χήλου</span> <span class='ocrx_word' id='word_1_620' title='bbox 1182 1924 1291 1962; x_wconf 88' lang='grc' dir='ltr'>μικρός·</span> <span class='ocrx_word' id='word_1_621' title='bbox 1310 1924 1420 1960; x_wconf 74' lang='grc' dir='ltr'>ἔσχατοι</span> <span class='ocrx_word' id='word_1_622' title='bbox 1445 1923 1474 1950; x_wconf 82' lang='grc' dir='ltr'>δὲ</span> <span class='ocrx_word' id='word_1_623' title='bbox 1494 1922 1689 1958; x_wconf 82' lang='grc' dir='ltr'>μεσουρανοῦσι</span> <span class='ocrx_word' id='word_1_624' title='bbox 1709 1922 1763 1957; x_wconf 71' lang='grc' dir='ltr'>τῆς</span> <span class='ocrx_word' id='word_1_625' title='bbox 1780 1931 1810 1949; x_wconf 80' lang='grc' dir='ltr'><strong>τε</strong></span> <span class='ocrx_word' id='word_1_626' title='bbox 1830 1931 1872 1957; x_wconf 72' lang='grc' dir='ltr'>με·</span> 
     </span>
    </p>
   </div>
   <div class='ocr_carea' id='block_1_81' title="bbox 1081 1968 1873 2009">
    <p class='ocr_par' dir='ltr' id='par_1_81' title="bbox 1081 1968 1873 2009">
     <span class='ocr_line' id='line_1_81' title="bbox 1081 1968 1873 2009; baseline -0.008 -9"><span class='ocrx_word' id='word_1_627' title='bbox 1081 1973 1166 2009; x_wconf 88' lang='grc' dir='ltr'>γάλης</span> <span class='ocrx_word' id='word_1_628' title='bbox 1184 1972 1303 2008; x_wconf 79' lang='grc' dir='ltr'>’Ἄρκτου</span> <span class='ocrx_word' id='word_1_629' title='bbox 1319 1972 1343 1997; x_wconf 80' lang='grc' dir='ltr'>οἱ</span> <span class='ocrx_word' id='word_1_630' title='bbox 1361 1972 1389 1997; x_wconf 85' lang='grc' dir='ltr'>ὲν</span> <span class='ocrx_word' id='word_1_631' title='bbox 1410 1969 1482 2005; x_wconf 77' lang='grc' dir='ltr'>ἄκρᾳ</span> <span class='ocrx_word' id='word_1_632' title='bbox 1493 1971 1526 2005; x_wconf 87' lang='grc' dir='ltr'><strong>τῇ</strong></span> <span class='ocrx_word' id='word_1_633' title='bbox 1544 1970 1622 2005; x_wconf 74' lang='grc' dir='ltr'>οὐρᾷ,</span> <span class='ocrx_word' id='word_1_634' title='bbox 1636 1969 1683 1995; x_wconf 78' lang='grc' dir='ltr'>καὶ</span> <span class='ocrx_word' id='word_1_635' title='bbox 1702 1968 1752 1995; x_wconf 83' lang='grc' dir='ltr'><strong>τοῦ</strong></span> <span class='ocrx_word' id='word_1_636' title='bbox 1768 1969 1873 1995; x_wconf 50' lang='lat' dir='ltr'><strong>Mrta)</strong></span> 
     </span>
    </p>
   </div>
   <div class='ocr_carea' id='block_1_82' title="bbox 1082 2014 1874 2054">
    <p class='ocr_par' dir='ltr' id='par_1_82' title="bbox 1082 2014 1874 2054">
     <span class='ocr_line' id='line_1_82' title="bbox 1082 2014 1874 2054; baseline -0.006 -9"><span class='ocrx_word' id='word_1_637' title='bbox 1082 2020 1096 2046; x_wconf 88' lang='lat'><strong>6</strong></span> <span class='ocrx_word' id='word_1_638' title='bbox 1110 2018 1277 2054; x_wconf 77' lang='grc' dir='ltr'>βορειότερος</span> <span class='ocrx_word' id='word_1_639' title='bbox 1295 2016 1349 2043; x_wconf 81' lang='grc' dir='ltr'>τῶν</span> <span class='ocrx_word' id='word_1_640' title='bbox 1373 2017 1401 2042; x_wconf 80' lang='grc' dir='ltr'>ὲν</span> <span class='ocrx_word' id='word_1_641' title='bbox 1417 2015 1456 2051; x_wconf 83' lang='grc' dir='ltr'>τῷ</span> <span class='ocrx_word' id='word_1_642' title='bbox 1477 2015 1611 2051; x_wconf 82' lang='grc' dir='ltr'>ἀριστερῷ</span> <span class='ocrx_word' id='word_1_643' title='bbox 1627 2014 1698 2046; x_wconf 71' lang='grc' dir='ltr'>ποδὶ,</span> <span class='ocrx_word' id='word_1_644' title='bbox 1718 2014 1760 2046; x_wconf 84' lang='grc' dir='ltr'><strong>ὡς</strong></span> <span class='ocrx_word' id='word_1_645' title='bbox 1773 2016 1874 2050; x_wconf 74' lang='grc' dir='ltr'>ἡμιπῆ-</span> 
     </span>
    </p>
   </div>
   <div class='ocr_carea' id='block_1_83' title="bbox 1082 2060 1872 2100">
    <p class='ocr_par' dir='ltr' id='par_1_83' title="bbox 1082 2060 1872 2100">
     <span class='ocr_line' id='line_1_83' title="bbox 1082 2060 1872 2100; baseline -0.008 -9"><span class='ocrx_word' id='word_1_646' title='bbox 1082 2072 1141 2100; x_wconf 87' lang='grc' dir='ltr'>χιον</span> <span class='ocrx_word' id='word_1_647' title='bbox 1161 2062 1364 2099; x_wconf 81' lang='grc' dir='ltr'>προηγούμενος</span> <span class='ocrx_word' id='word_1_648' title='bbox 1381 2061 1427 2088; x_wconf 83' lang='grc' dir='ltr'><strong>τοῦ</strong></span> <span class='ocrx_word' id='word_1_649' title='bbox 1452 2060 1637 2096; x_wconf 78' lang='grc' dir='ltr'>μεσημὸρινοῦ</span> <span class='ocrx_word' id='word_1_650' title='bbox 1649 2060 1696 2086; x_wconf 77' lang='grc' dir='ltr'>καὶ</span> <span class='ocrx_word' id='word_1_651' title='bbox 1710 2060 1761 2086; x_wconf 82' lang='grc' dir='ltr'><strong>τοῦ</strong></span> <span class='ocrx_word' id='word_1_652' title='bbox 1777 2061 1872 2095; x_wconf 66' lang='grc' dir='ltr'>’Υόρπ</span> 
     </span>
    </p>
   </div>
   <div class='ocr_carea' id='block_1_84' title="bbox 1084 2105 1874 2145">
    <p class='ocr_par' dir='ltr' id='par_1_84' title="bbox 1084 2105 1874 2145">
     <span class='ocr_line' id='line_1_84' title="bbox 1084 2105 1874 2145; baseline -0.008 -8"><span class='ocrx_word' id='word_1_653' title='bbox 1084 2111 1099 2137; x_wconf 86' lang='grc' dir='ltr'>ὁ</span> <span class='ocrx_word' id='word_1_654' title='bbox 1124 2110 1152 2137; x_wconf 79' lang='grc' dir='ltr'>ὲν</span> <span class='ocrx_word' id='word_1_655' title='bbox 1177 2109 1249 2145; x_wconf 78' lang='grc' dir='ltr'>ἄκρᾳ</span> <span class='ocrx_word' id='word_1_656' title='bbox 1276 2110 1309 2144; x_wconf 86' lang='grc' dir='ltr'>τῇ</span> <span class='ocrx_word' id='word_1_657' title='bbox 1332 2108 1416 2144; x_wconf 84' lang='grc' dir='ltr'>οὐρᾷ·</span> <span class='ocrx_word' id='word_1_658' title='bbox 1433 2108 1479 2135; x_wconf 73' lang='grc' dir='ltr'>καὶ</span> <span class='ocrx_word' id='word_1_659' title='bbox 1505 2107 1552 2134; x_wconf 79' lang='grc' dir='ltr'><strong>τοῦ</strong></span> <span class='ocrx_word' id='word_1_660' title='bbox 1571 2105 1726 2142; x_wconf 79' lang='grc' dir='ltr'>Κενταύρου</span> <span class='ocrx_word' id='word_1_661' title='bbox 1752 2106 1768 2132; x_wconf 77' lang='grc' dir='ltr'>ὁ</span> <span class='ocrx_word' id='word_1_662' title='bbox 1792 2105 1874 2138; x_wconf 59' lang='grc' dir='ltr'>δεξεδς</span> 
     </span>
    </p>
   </div>
   <div class='ocr_carea' id='block_1_85' title="bbox 1086 2151 1872 2191">
    <p class='ocr_par' dir='ltr' id='par_1_85' title="bbox 1086 2151 1872 2191">
     <span class='ocr_line' id='line_1_85' title="bbox 1086 2151 1872 2191; baseline -0.008 -9"><span class='ocrx_word' id='word_1_663' title='bbox 1086 2153 1171 2191; x_wconf 80' lang='grc' dir='ltr'>ὦμος,</span> <span class='ocrx_word' id='word_1_664' title='bbox 1190 2155 1285 2190; x_wconf 77' lang='grc' dir='ltr'>μικρὸν</span> <span class='ocrx_word' id='word_1_665' title='bbox 1303 2154 1506 2189; x_wconf 86' lang='grc' dir='ltr'>προηγούμενος</span> <span class='ocrx_word' id='word_1_666' title='bbox 1520 2152 1566 2180; x_wconf 87' lang='grc' dir='ltr'><strong>τοῦ</strong></span> <span class='ocrx_word' id='word_1_667' title='bbox 1583 2151 1786 2188; x_wconf 77' lang='grc' dir='ltr'>μεσημϐρινοῦ.</span> <span class='ocrx_word' id='word_1_668' title='bbox 1801 2152 1872 2178; x_wconf 64' lang='lat' dir='ltr'><strong>AzZ-:2:</strong></span> 
     </span>
    </p>
   </div>
   <div class='ocr_carea' id='block_1_86' title="bbox 1086 2198 1607 2237">
    <p class='ocr_par' dir='ltr' id='par_1_86' title="bbox 1086 2198 1607 2237">
     <span class='ocr_line' id='line_1_86' title="bbox 1086 2198 1607 2237; baseline -0.012 -7"><span class='ocrx_word' id='word_1_669' title='bbox 1086 2203 1114 2230; x_wconf 76' lang='grc' dir='ltr'>δὲ</span> <span class='ocrx_word' id='word_1_670' title='bbox 1130 2203 1146 2237; x_wconf 84' lang='grc' dir='ltr'>ἡ</span> <span class='ocrx_word' id='word_1_671' title='bbox 1163 2200 1252 2237; x_wconf 83' lang='grc' dir='ltr'><strong>Ἀργὼ</strong></span> <span class='ocrx_word' id='word_1_672' title='bbox 1267 2201 1295 2227; x_wconf 84' lang='grc' dir='ltr'>ὲν</span> <span class='ocrx_word' id='word_1_673' title='bbox 1308 2199 1394 2236; x_wconf 82' lang='grc' dir='ltr'>ὥραις</span> <span class='ocrx_word' id='word_1_674' title='bbox 1403 2203 1423 2226; x_wconf 87' lang='grc' dir='ltr'>ε’</span> <span class='ocrx_word' id='word_1_675' title='bbox 1437 2200 1475 2231; x_wconf 85' lang='grc' dir='ltr'>ὡς</span> <span class='ocrx_word' id='word_1_676' title='bbox 1487 2198 1607 2233; x_wconf 73' lang='grc' dir='ltr'>ἔγγιστα.</span> 
     </span>
    </p>
   </div>
   <div class='ocr_carea' id='block_1_87' title="bbox 785 2261 1336 2298">
    <p class='ocr_par' dir='ltr' id='par_1_87' title="bbox 785 2261 1336 2298">
     <span class='ocr_line' id='line_1_87' title="bbox 785 2261 1336 2298; baseline -0.009 -6"><span class='ocrx_word' id='word_1_677' title='bbox 785 2265 824 2292; x_wconf 88' lang='lat' dir='ltr'><strong>De</strong></span> <span class='ocrx_word' id='word_1_678' title='bbox 838 2269 897 2292; x_wconf 83' lang='lat' dir='ltr'><strong>ortu</strong></span> <span class='ocrx_word' id='word_1_679' title='bbox 911 2267 936 2291; x_wconf 77' lang='lat' dir='ltr'><strong>et</strong></span> <span class='ocrx_word' id='word_1_680' title='bbox 956 2271 1051 2291; x_wconf 76' lang='lat' dir='ltr'><strong>occasu</strong></span> <span class='ocrx_word' id='word_1_681' title='bbox 1072 2264 1207 2298; x_wconf 78' lang='lat' dir='ltr'><strong>signorum</strong></span> <span class='ocrx_word' id='word_1_682' title='bbox 1223 2261 1336 2289; x_wconf 68' lang='lat' dir='ltr'><strong>zodiaci.</strong></span> 
     </span>
    </p>
   </div>
   <div class='ocr_carea' id='block_1_88' title="bbox 289 2323 1073 2364">
    <p class='ocr_par' dir='ltr' id='par_1_88' title="bbox 289 2323 1073 2364">
     <span class='ocr_line' id='line_1_88' title="bbox 289 2323 1073 2364; baseline -0.009 -7"><span class='ocrx_word' id='word_1_683' title='bbox 289 2328 354 2357; x_wconf 84' lang='grc' dir='ltr'>νιιι.</span> <span class='ocrx_word' id='word_1_684' title='bbox 365 2327 503 2364; x_wconf 80' lang='lat' dir='ltr'><strong>Expositis</strong></span> <span class='ocrx_word' id='word_1_685' title='bbox 512 2327 646 2354; x_wconf 84' lang='lat' dir='ltr'><strong>hactenus</strong></span> <span class='ocrx_word' id='word_1_686' title='bbox 654 2324 699 2357; x_wconf 89' lang='lat' dir='ltr'><strong>iis,</strong></span> <span class='ocrx_word' id='word_1_687' title='bbox 712 2331 772 2360; x_wconf 74' lang='lat' dir='ltr'><strong>qua:</strong></span> <span class='ocrx_word' id='word_1_688' title='bbox 782 2324 809 2351; x_wconf 92' lang='lat' dir='ltr'><strong>in</strong></span> <span class='ocrx_word' id='word_1_689' title='bbox 816 2323 1034 2359; x_wconf 85' lang='lat' dir='ltr'><strong>uniuscujusque</strong></span> <span class='ocrx_word' id='word_1_690' title='bbox 1050 2325 1073 2354; x_wconf 90' lang='lat' dir='ltr'><strong>D</strong></span> 
     </span>
    </p>
   </div>
   <div class='ocr_carea' id='block_1_89' title="bbox 255 2370 1035 2406">
    <p class='ocr_par' dir='ltr' id='par_1_89' title="bbox 255 2370 1035 2406">
     <span class='ocr_line' id='line_1_89' title="bbox 255 2370 1035 2406; baseline -0.01 -2"><span class='ocrx_word' id='word_1_691' title='bbox 255 2376 353 2405; x_wconf 87' lang='lat' dir='ltr'><strong>sideris</strong></span> <span class='ocrx_word' id='word_1_692' title='bbox 382 2378 459 2403; x_wconf 90' lang='lat' dir='ltr'><strong>extra</strong></span> <span class='ocrx_word' id='word_1_693' title='bbox 485 2372 627 2400; x_wconf 88' lang='lat' dir='ltr'><strong>zodiacum</strong></span> <span class='ocrx_word' id='word_1_694' title='bbox 664 2370 748 2406; x_wconf 89' lang='lat' dir='ltr'><strong>positi</strong></span> <span class='ocrx_word' id='word_1_695' title='bbox 783 2374 845 2397; x_wconf 91' lang='lat' dir='ltr'><strong>ortu</strong></span> <span class='ocrx_word' id='word_1_696' title='bbox 880 2376 1035 2404; x_wconf 87' lang='lat' dir='ltr'><strong>occasuque</strong></span> 
     </span>
    </p>
   </div>
   <div class='ocr_carea' id='block_1_90' title="bbox 256 2415 1035 2453">
    <p class='ocr_par' dir='ltr' id='par_1_90' title="bbox 256 2415 1035 2453">
     <span class='ocr_line' id='line_1_90' title="bbox 256 2415 1035 2453; baseline -0.012 -3"><span class='ocrx_word' id='word_1_697' title='bbox 256 2421 404 2453; x_wconf 85' lang='lat' dir='ltr'><strong>accidunt,</strong></span> <span class='ocrx_word' id='word_1_698' title='bbox 430 2419 559 2452; x_wconf 88' lang='lat' dir='ltr'><strong>deinceps</strong></span> <span class='ocrx_word' id='word_1_699' title='bbox 586 2415 729 2444; x_wconf 87' lang='lat' dir='ltr'><strong>duodecim</strong></span> <span class='ocrx_word' id='word_1_700' title='bbox 762 2415 867 2443; x_wconf 88' lang='lat' dir='ltr'><strong>zodiaci</strong></span> <span class='ocrx_word' id='word_1_701' title='bbox 895 2415 1035 2451; x_wconf 74' lang='lat' dir='ltr'><strong>signorum</strong></span> 
     </span>
    </p>
   </div>
   <div class='ocr_carea' id='block_1_91' title="bbox 256 2461 752 2497">
    <p class='ocr_par' dir='ltr' id='par_1_91' title="bbox 256 2461 752 2497">
     <span class='ocr_line' id='line_1_91' title="bbox 256 2461 752 2497; baseline -0.014 -2"><span class='ocrx_word' id='word_1_702' title='bbox 256 2470 368 2496; x_wconf 86' lang='lat' dir='ltr'><strong>coortus</strong></span> <span class='ocrx_word' id='word_1_703' title='bbox 380 2469 408 2493; x_wconf 90' lang='lat' dir='ltr'><strong>et</strong></span> <span class='ocrx_word' id='word_1_704' title='bbox 419 2471 534 2492; x_wconf 86' lang='lat' dir='ltr'><strong>occasus</strong></span> <span class='ocrx_word' id='word_1_705' title='bbox 546 2461 752 2497; x_wconf 77' lang='lat' dir='ltr'><strong>explicabimus.</strong></span> 
     </span>
    </p>
   </div>
   <div class='ocr_carea' id='block_1_92' title="bbox 289 2505 1038 2549">
    <p class='ocr_par' dir='ltr' id='par_1_92' title="bbox 289 2505 1038 2549">
     <span class='ocr_line' id='line_1_92' title="bbox 289 2505 1038 2549; baseline -0.009 -9"><span class='ocrx_word' id='word_1_706' title='bbox 289 2513 373 2549; x_wconf 80' lang='lat' dir='ltr'><strong>Igitur</strong></span> <span class='ocrx_word' id='word_1_707' title='bbox 393 2511 499 2539; x_wconf 86' lang='lat' dir='ltr'><strong>oriente</strong></span> <span class='ocrx_word' id='word_1_708' title='bbox 519 2509 636 2541; x_wconf 85' lang='lat' dir='ltr'><strong>Cancro,</strong></span> <span class='ocrx_word' id='word_1_709' title='bbox 650 2515 712 2535; x_wconf 89' lang='lat' dir='ltr'><strong>cum</strong></span> <span class='ocrx_word' id='word_1_710' title='bbox 727 2514 760 2535; x_wconf 92' lang='lat' dir='ltr'><strong>eo</strong></span> <span class='ocrx_word' id='word_1_711' title='bbox 774 2507 903 2535; x_wconf 88' lang='lat' dir='ltr'><strong>zodiacus</strong></span> <span class='ocrx_word' id='word_1_712' title='bbox 920 2505 1008 2534; x_wconf 90' lang='lat' dir='ltr'><strong>oritur</strong></span> <span class='ocrx_word' id='word_1_713' title='bbox 1022 2512 1038 2532; x_wconf 84' lang='lat' dir='ltr'><strong>a</strong></span> 
     </span>
    </p>
   </div>
   <div class='ocr_carea' id='block_1_93' title="bbox 257 2552 1039 2591">
    <p class='ocr_par' dir='ltr' id='par_1_93' title="bbox 257 2552 1039 2591">
     <span class='ocr_line' id='line_1_93' title="bbox 257 2552 1039 2591; baseline -0.013 -3"><span class='ocrx_word' id='word_1_714' title='bbox 257 2559 433 2588; x_wconf 87' lang='lat' dir='ltr'><strong>Geminorum</strong></span> <span class='ocrx_word' id='word_1_715' title='bbox 458 2559 534 2591; x_wconf 86' lang='lat' dir='ltr'><strong>parte</strong></span> <span class='ocrx_word' id='word_1_716' title='bbox 554 2554 591 2583; x_wconf 78' lang='lat'><strong>25</strong></span> <span class='ocrx_word' id='word_1_717' title='bbox 612 2554 647 2582; x_wconf 89' lang='lat' dir='ltr'><strong>ad</strong></span> <span class='ocrx_word' id='word_1_718' title='bbox 668 2553 768 2582; x_wconf 89' lang='lat' dir='ltr'><strong>Cancri</strong></span> <span class='ocrx_word' id='word_1_719' title='bbox 791 2553 843 2586; x_wconf 65' lang='lat'><strong>18;</strong></span> <span class='ocrx_word' id='word_1_720' title='bbox 874 2552 1004 2580; x_wconf 82' lang='lat' dir='ltr'><strong>eulminat</strong></span> <span class='ocrx_word' id='word_1_721' title='bbox 1023 2558 1039 2578; x_wconf 88' lang='lat' dir='ltr'><strong>a</strong></span> 
     </span>
    </p>
   </div>
   <div class='ocr_carea' id='block_1_94' title="bbox 258 2597 1041 2632">
    <p class='ocr_par' dir='ltr' id='par_1_94' title="bbox 258 2597 1041 2632">
     <span class='ocr_line' id='line_1_94' title="bbox 258 2597 1041 2632; baseline -0.011 0"><span class='ocrx_word' id='word_1_722' title='bbox 258 2604 377 2632; x_wconf 86' lang='lat' dir='ltr'><strong>Piscium</strong></span> <span class='ocrx_word' id='word_1_723' title='bbox 392 2603 410 2630; x_wconf 71' lang='grc' dir='ltr'><strong>ὃ</strong></span> <span class='ocrx_word' id='word_1_724' title='bbox 421 2600 454 2629; x_wconf 87' lang='lat' dir='ltr'><strong>ad</strong></span> <span class='ocrx_word' id='word_1_725' title='bbox 470 2600 572 2629; x_wconf 82' lang='lat' dir='ltr'><strong>Arietis</strong></span> <span class='ocrx_word' id='word_1_726' title='bbox 587 2599 600 2627; x_wconf 82' lang='grc'><strong>1</strong></span> <span class='ocrx_word' id='word_1_727' title='bbox 617 2600 744 2628; x_wconf 87' lang='lat' dir='ltr'><strong>mediam.</strong></span> <span class='ocrx_word' id='word_1_728' title='bbox 755 2598 835 2625; x_wconf 84' lang='lat' dir='ltr'><strong>Prior</strong></span> <span class='ocrx_word' id='word_1_729' title='bbox 847 2597 936 2625; x_wconf 88' lang='lat' dir='ltr'><strong>oritur</strong></span> <span class='ocrx_word' id='word_1_730' title='bbox 949 2597 1041 2629; x_wconf 85' lang='lat' dir='ltr'><strong>stella,</strong></span> 
     </span>
    </p>
   </div>
   <div class='ocr_carea' id='block_1_95' title="bbox 260 2643 1040 2685">
    <p class='ocr_par' dir='ltr' id='par_1_95' title="bbox 260 2643 1040 2685">
     <span class='ocr_line' id='line_1_95' title="bbox 260 2643 1040 2685; baseline -0.012 -9"><span class='ocrx_word' id='word_1_731' title='bbox 260 2649 338 2685; x_wconf 77' lang='lat'><strong>137</strong></span> <span class='ocrx_word' id='word_1_732' title='bbox 347 2654 407 2683; x_wconf 75' lang='lat' dir='ltr'><strong>qure</strong></span> <span class='ocrx_word' id='word_1_733' title='bbox 417 2647 445 2674; x_wconf 91' lang='lat' dir='ltr'><strong>in</strong></span> <span class='ocrx_word' id='word_1_734' title='bbox 457 2650 579 2674; x_wconf 84' lang='lat' dir='ltr'><strong>extrema</strong></span> <span class='ocrx_word' id='word_1_735' title='bbox 592 2645 673 2673; x_wconf 87' lang='lat' dir='ltr'><strong>borea</strong></span> <span class='ocrx_word' id='word_1_736' title='bbox 682 2643 764 2671; x_wconf 87' lang='lat' dir='ltr'><strong>Chela</strong></span> <span class='ocrx_word' id='word_1_737' title='bbox 775 2651 782 2676; x_wconf 91' lang='lat'><strong>;</strong></span> <span class='ocrx_word' id='word_1_738' title='bbox 792 2643 887 2670; x_wconf 90' lang='lat' dir='ltr'><strong>ultima</strong></span> <span class='ocrx_word' id='word_1_739' title='bbox 897 2648 971 2673; x_wconf 86' lang='lat' dir='ltr'><strong>vero,</strong></span> <span class='ocrx_word' id='word_1_740' title='bbox 980 2648 1040 2676; x_wconf 59' lang='lat' dir='ltr'><strong>quae</strong></span> 
     </span>
    </p>
   </div>
   <div class='ocr_carea' id='block_1_96' title="bbox 258 2688 1041 2723">
    <p class='ocr_par' dir='ltr' id='par_1_96' title="bbox 258 2688 1041 2723">
     <span class='ocr_line' id='line_1_96' title="bbox 258 2688 1041 2723; baseline -0.011 0"><span class='ocrx_word' id='word_1_741' title='bbox 258 2695 287 2723; x_wconf 86' lang='lat' dir='ltr'><strong>in</strong></span> <span class='ocrx_word' id='word_1_742' title='bbox 302 2693 474 2722; x_wconf 81' lang='lat' dir='ltr'><strong>extremitate</strong></span> <span class='ocrx_word' id='word_1_743' title='bbox 488 2691 616 2720; x_wconf 84' lang='lat' dir='ltr'><strong>australis</strong></span> <span class='ocrx_word' id='word_1_744' title='bbox 627 2690 727 2718; x_wconf 71' lang='lat' dir='ltr'><strong>Chelae.</strong></span> <span class='ocrx_word' id='word_1_745' title='bbox 742 2688 880 2716; x_wconf 85' lang='lat' dir='ltr'><strong>Culminat</strong></span> <span class='ocrx_word' id='word_1_746' title='bbox 899 2695 964 2715; x_wconf 81' lang='lat' dir='ltr'><strong>vero</strong></span> <span class='ocrx_word' id='word_1_747' title='bbox 978 2688 1041 2715; x_wconf 84' lang='lat' dir='ltr'><strong>reli-</strong></span> 
     </span>
    </p>
   </div>
   <div class='ocr_carea' id='block_1_97' title="bbox 260 2732 1042 2776">
    <p class='ocr_par' dir='ltr' id='par_1_97' title="bbox 260 2732 1042 2776">
     <span class='ocr_line' id='line_1_97' title="bbox 260 2732 1042 2776; baseline -0.01 -8"><span class='ocrx_word' id='word_1_748' title='bbox 260 2741 323 2776; x_wconf 88' lang='lat' dir='ltr'><strong>quis</strong></span> <span class='ocrx_word' id='word_1_749' title='bbox 339 2748 355 2768; x_wconf 91' lang='lat' dir='ltr'><strong>e</strong></span> <span class='ocrx_word' id='word_1_750' title='bbox 372 2740 458 2768; x_wconf 85' lang='lat' dir='ltr'><strong>stellis</strong></span> <span class='ocrx_word' id='word_1_751' title='bbox 475 2738 550 2773; x_wconf 89' lang='lat' dir='ltr'><strong>prior</strong></span> <span class='ocrx_word' id='word_1_752' title='bbox 563 2735 665 2766; x_wconf 88' lang='lat' dir='ltr'><strong>lucida,</strong></span> <span class='ocrx_word' id='word_1_753' title='bbox 679 2742 740 2769; x_wconf 61' lang='lat' dir='ltr'><strong>qua</strong></span> <span class='ocrx_word' id='word_1_754' title='bbox 762 2738 804 2762; x_wconf 88' lang='lat' dir='ltr'><strong>est</strong></span> <span class='ocrx_word' id='word_1_755' title='bbox 819 2733 847 2760; x_wconf 91' lang='lat' dir='ltr'><strong>in</strong></span> <span class='ocrx_word' id='word_1_756' title='bbox 864 2732 1042 2760; x_wconf 67' lang='lat' dir='ltr'><strong>Andromedae</strong></span> 
     </span>
    </p>
   </div>
   <div class='ocr_carea' id='block_1_98' title="bbox 261 2778 1042 2821">
    <p class='ocr_par' dir='ltr' id='par_1_98' title="bbox 261 2778 1042 2821">
     <span class='ocr_line' id='line_1_98' title="bbox 261 2778 1042 2821; baseline -0.012 -7"><span class='ocrx_word' id='word_1_757' title='bbox 261 2786 349 2821; x_wconf 85' lang='lat' dir='ltr'><strong>capite</strong></span> <span class='ocrx_word' id='word_1_758' title='bbox 365 2793 372 2812; x_wconf 87' lang='lat'><strong>:</strong></span> <span class='ocrx_word' id='word_1_759' title='bbox 388 2784 536 2813; x_wconf 83' lang='lat' dir='ltr'><strong>novissima</strong></span> <span class='ocrx_word' id='word_1_760' title='bbox 547 2788 612 2809; x_wconf 87' lang='lat' dir='ltr'><strong>vero</strong></span> <span class='ocrx_word' id='word_1_761' title='bbox 621 2780 776 2816; x_wconf 71' lang='lat' dir='ltr'><strong>praecedens</strong></span> <span class='ocrx_word' id='word_1_762' title='bbox 787 2779 936 2807; x_wconf 87' lang='lat' dir='ltr'><strong>lueidarum</strong></span> <span class='ocrx_word' id='word_1_763' title='bbox 949 2778 1042 2811; x_wconf 89' lang='lat' dir='ltr'><strong>trium,</strong></span> 
     </span>
    </p>
   </div>
   <div class='ocr_carea' id='block_1_99' title="bbox 263 2825 1043 2865">
    <p class='ocr_par' dir='ltr' id='par_1_99' title="bbox 263 2825 1043 2865">
     <span class='ocr_line' id='line_1_99' title="bbox 263 2825 1043 2865; baseline -0.01 -6"><span class='ocrx_word' id='word_1_764' title='bbox 263 2839 324 2865; x_wconf 70' lang='lat' dir='ltr'><strong>qua:</strong></span> <span class='ocrx_word' id='word_1_765' title='bbox 349 2834 415 2858; x_wconf 85' lang='lat' dir='ltr'><strong>sunt</strong></span> <span class='ocrx_word' id='word_1_766' title='bbox 441 2831 470 2857; x_wconf 90' lang='lat' dir='ltr'><strong>in</strong></span> <span class='ocrx_word' id='word_1_767' title='bbox 497 2827 597 2855; x_wconf 86' lang='lat' dir='ltr'><strong>Arietis</strong></span> <span class='ocrx_word' id='word_1_768' title='bbox 625 2827 725 2861; x_wconf 84' lang='lat' dir='ltr'><strong>capite,</strong></span> <span class='ocrx_word' id='word_1_769' title='bbox 749 2830 777 2853; x_wconf 89' lang='lat' dir='ltr'><strong>et</strong></span> <span class='ocrx_word' id='word_1_770' title='bbox 799 2833 814 2852; x_wconf 82' lang='lat' dir='ltr'><strong>a</strong></span> <span class='ocrx_word' id='word_1_771' title='bbox 839 2825 951 2852; x_wconf 90' lang='lat' dir='ltr'><strong>meridie</strong></span> <span class='ocrx_word' id='word_1_772' title='bbox 977 2825 1043 2852; x_wconf 90' lang='lat' dir='ltr'><strong>Celo</strong></span> 
     </span>
    </p>
   </div>
   <div class='ocr_carea' id='block_1_100' title="bbox 266 2871 1043 2911">
    <p class='ocr_par' dir='ltr' id='par_1_100' title="bbox 266 2871 1043 2911">
     <span class='ocr_line' id='line_1_100' title="bbox 266 2871 1043 2911; baseline -0.008 -7"><span class='ocrx_word' id='word_1_773' title='bbox 266 2876 404 2911; x_wconf 72' lang='lat' dir='ltr'><strong>adiacens,</strong></span> <span class='ocrx_word' id='word_1_774' title='bbox 440 2875 515 2903; x_wconf 82' lang='lat' dir='ltr'><strong>circa</strong></span> <span class='ocrx_word' id='word_1_775' title='bbox 541 2873 659 2902; x_wconf 84' lang='lat' dir='ltr'><strong>medium</strong></span> <span class='ocrx_word' id='word_1_776' title='bbox 694 2880 793 2908; x_wconf 88' lang='lat' dir='ltr'><strong>corpus</strong></span> <span class='ocrx_word' id='word_1_777' title='bbox 822 2871 919 2908; x_wconf 81' lang='lat' dir='ltr'><strong>ipsius,</strong></span> <span class='ocrx_word' id='word_1_778' title='bbox 945 2878 1043 2906; x_wconf 85' lang='lat' dir='ltr'><strong>expers</strong></span> 
     </span>
    </p>
   </div>
   <div class='ocr_carea' id='block_1_101' title="bbox 1121 2313 1872 2349">
    <p class='ocr_par' dir='ltr' id='par_1_101' title="bbox 1121 2313 1872 2349">
     <span class='ocr_line' id='line_1_101' title="bbox 1121 2313 1872 2349; baseline -0.012 -1"><span class='ocrx_word' id='word_1_779' title='bbox 1121 2322 1162 2348; x_wconf 80' lang='lat' dir='ltr'><strong>H&#39;.</strong></span> <span class='ocrx_word' id='word_1_780' title='bbox 1178 2320 1253 2346; x_wconf 72' lang='grc' dir='ltr'>Ἐπεὶ</span> <span class='ocrx_word' id='word_1_781' title='bbox 1269 2319 1299 2346; x_wconf 76' lang='grc' dir='ltr'>δὲ</span> <span class='ocrx_word' id='word_1_782' title='bbox 1318 2318 1372 2345; x_wconf 78' lang='grc' dir='ltr'><strong>τῶν</strong></span> <span class='ocrx_word' id='word_1_783' title='bbox 1392 2314 1469 2349; x_wconf 81' lang='grc' dir='ltr'>ὲκτδς</span> <span class='ocrx_word' id='word_1_784' title='bbox 1485 2315 1531 2343; x_wconf 85' lang='grc' dir='ltr'><strong>τοῦ</strong></span> <span class='ocrx_word' id='word_1_785' title='bbox 1548 2314 1678 2348; x_wconf 81' lang='grc' dir='ltr'>ζωδιακοῦ</span> <span class='ocrx_word' id='word_1_786' title='bbox 1700 2313 1806 2341; x_wconf 74' lang='grc' dir='ltr'>κύκλου</span> <span class='ocrx_word' id='word_1_787' title='bbox 1825 2322 1872 2340; x_wconf 65' lang='grc' dir='ltr'>κει-</span> 
     </span>
    </p>
   </div>
   <div class='ocr_carea' id='block_1_102' title="bbox 1087 2359 1872 2403">
    <p class='ocr_par' dir='ltr' id='par_1_102' title="bbox 1087 2359 1872 2403">
     <span class='ocr_line' id='line_1_102' title="bbox 1087 2359 1872 2403; baseline -0.014 -9"><span class='ocrx_word' id='word_1_788' title='bbox 1087 2367 1174 2403; x_wconf 84' lang='grc' dir='ltr'>μένων</span> <span class='ocrx_word' id='word_1_789' title='bbox 1188 2365 1311 2400; x_wconf 85' lang='grc' dir='ltr'>ἀστέρων</span> <span class='ocrx_word' id='word_1_790' title='bbox 1328 2362 1537 2398; x_wconf 69' lang='grc' dir='ltr'>ἀποδεδώκαμεν</span> <span class='ocrx_word' id='word_1_791' title='bbox 1556 2360 1592 2387; x_wconf 80' lang='grc' dir='ltr'>τὰ</span> <span class='ocrx_word' id='word_1_792' title='bbox 1610 2360 1801 2395; x_wconf 74' lang='grc' dir='ltr'>συμϐαίνοντα</span> <span class='ocrx_word' id='word_1_793' title='bbox 1819 2359 1872 2394; x_wconf 71' lang='grc' dir='ltr'>περὶ</span> 
     </span>
    </p>
   </div>
   <div class='ocr_carea' id='block_1_103' title="bbox 1088 2405 1871 2449">
    <p class='ocr_par' dir='ltr' id='par_1_103' title="bbox 1088 2405 1871 2449">
     <span class='ocr_line' id='line_1_103' title="bbox 1088 2405 1871 2449; baseline -0.01 -10"><span class='ocrx_word' id='word_1_794' title='bbox 1088 2413 1137 2449; x_wconf 84' lang='grc' dir='ltr'>τὴν</span> <span class='ocrx_word' id='word_1_795' title='bbox 1152 2412 1267 2439; x_wconf 76' lang='grc' dir='ltr'>ἑκάστου</span> <span class='ocrx_word' id='word_1_796' title='bbox 1282 2409 1372 2437; x_wconf 80' lang='grc' dir='ltr'>αὐτῶν</span> <span class='ocrx_word' id='word_1_797' title='bbox 1386 2407 1516 2443; x_wconf 61' lang='grc' dir='ltr'>ἀνατολήν</span> <span class='ocrx_word' id='word_1_798' title='bbox 1527 2416 1556 2433; x_wconf 84' lang='grc' dir='ltr'><strong>τε</strong></span> <span class='ocrx_word' id='word_1_799' title='bbox 1566 2407 1612 2433; x_wconf 79' lang='grc' dir='ltr'>καὶ</span> <span class='ocrx_word' id='word_1_800' title='bbox 1625 2405 1711 2438; x_wconf 80' lang='grc' dir='ltr'>δύσιν,</span> <span class='ocrx_word' id='word_1_801' title='bbox 1729 2405 1798 2441; x_wconf 80' lang='grc' dir='ltr'><strong>ὲξῆς</strong></span> <span class='ocrx_word' id='word_1_802' title='bbox 1811 2407 1871 2433; x_wconf 65' lang='grc' dir='ltr'><strong>ἁτε)-</strong></span> 
     </span>
    </p>
   </div>
   <div class='ocr_carea' id='block_1_104' title="bbox 1086 2451 1870 2492">
    <p class='ocr_par' dir='ltr' id='par_1_104' title="bbox 1086 2451 1870 2492">
     <span class='ocr_line' id='line_1_104' title="bbox 1086 2451 1870 2492; baseline -0.01 -8"><span class='ocrx_word' id='word_1_803' title='bbox 1086 2457 1208 2492; x_wconf 81' lang='grc' dir='ltr'>δώσομεν</span> <span class='ocrx_word' id='word_1_804' title='bbox 1223 2455 1272 2487; x_wconf 88' lang='grc' dir='ltr'><strong>τὰς</strong></span> <span class='ocrx_word' id='word_1_805' title='bbox 1288 2454 1378 2482; x_wconf 73' lang='grc' dir='ltr'>αὐτῶν</span> <span class='ocrx_word' id='word_1_806' title='bbox 1399 2454 1454 2481; x_wconf 77' lang='grc' dir='ltr'>τῶν</span> <span class='ocrx_word' id='word_1_807' title='bbox 1476 2453 1509 2488; x_wconf 79' lang='grc' dir='ltr'><strong>ιβ’</strong></span> <span class='ocrx_word' id='word_1_808' title='bbox 1523 2451 1624 2484; x_wconf 81' lang='grc' dir='ltr'>ζωδίων</span> <span class='ocrx_word' id='word_1_809' title='bbox 1645 2451 1833 2483; x_wconf 67' lang='grc' dir='ltr'>συνανατολάς</span> <span class='ocrx_word' id='word_1_810' title='bbox 1848 2458 1870 2476; x_wconf 79' lang='grc' dir='ltr'><strong>τε</strong></span> 
     </span>
    </p>
   </div>
   <div class='ocr_carea' id='block_1_105' title="bbox 1088 2500 1376 2536">
    <p class='ocr_par' dir='ltr' id='par_1_105' title="bbox 1088 2500 1376 2536">
     <span class='ocr_line' id='line_1_105' title="bbox 1088 2500 1376 2536; baseline -0.01 -7"><span class='ocrx_word' id='word_1_811' title='bbox 1088 2503 1136 2529; x_wconf 75' lang='grc' dir='ltr'>καὶ</span> <span class='ocrx_word' id='word_1_812' title='bbox 1152 2500 1376 2536; x_wconf 82' lang='grc' dir='ltr'>συγκαταδύσεις.</span> 
     </span>
    </p>
   </div>
   <div class='ocr_carea' id='block_1_106' title="bbox 1124 2541 1869 2583">
    <p class='ocr_par' dir='ltr' id='par_1_106' title="bbox 1124 2541 1869 2583">
     <span class='ocr_line' id='line_1_106' title="bbox 1124 2541 1869 2583; baseline -0.011 -8"><span class='ocrx_word' id='word_1_813' title='bbox 1124 2548 1178 2575; x_wconf 91' lang='grc' dir='ltr'>Τοῦ</span> <span class='ocrx_word' id='word_1_814' title='bbox 1195 2547 1244 2583; x_wconf 75' lang='grc' dir='ltr'>μὲν</span> <span class='ocrx_word' id='word_1_815' title='bbox 1258 2545 1304 2574; x_wconf 76' lang='grc' dir='ltr'>οὖν</span> <span class='ocrx_word' id='word_1_816' title='bbox 1318 2546 1457 2582; x_wconf 80' lang='grc' dir='ltr'>Καρκίνου</span> <span class='ocrx_word' id='word_1_817' title='bbox 1471 2543 1672 2574; x_wconf 81' lang='grc' dir='ltr'>ἀνατέλλοντος,</span> <span class='ocrx_word' id='word_1_818' title='bbox 1690 2541 1869 2569; x_wconf 54' lang='lat' dir='ltr'><strong>annva-ius:</strong></span> 
     </span>
    </p>
   </div>
   <div class='ocr_carea' id='block_1_107' title="bbox 1092 2585 1868 2631">
    <p class='ocr_par' dir='ltr' id='par_1_107' title="bbox 1092 2585 1868 2631">
     <span class='ocr_line' id='line_1_107' title="bbox 1092 2585 1868 2631; baseline -0.013 -9"><span class='ocrx_word' id='word_1_819' title='bbox 1092 2595 1141 2631; x_wconf 79' lang='grc' dir='ltr'>μὲν</span> <span class='ocrx_word' id='word_1_820' title='bbox 1154 2593 1228 2628; x_wconf 79' lang='grc' dir='ltr'>αὐτῷ</span> <span class='ocrx_word' id='word_1_821' title='bbox 1253 2594 1268 2620; x_wconf 83' lang='grc' dir='ltr'>ὁ</span> <span class='ocrx_word' id='word_1_822' title='bbox 1290 2592 1420 2625; x_wconf 69' lang='grc' dir='ltr'>ζωδιακὸς</span> <span class='ocrx_word' id='word_1_823' title='bbox 1443 2590 1496 2617; x_wconf 81' lang='grc' dir='ltr'>ἀπὸ</span> <span class='ocrx_word' id='word_1_824' title='bbox 1517 2589 1639 2624; x_wconf 88' lang='grc' dir='ltr'>Διδύμων</span> <span class='ocrx_word' id='word_1_825' title='bbox 1664 2591 1690 2622; x_wconf 87' lang='grc' dir='ltr'><strong>γ’</strong></span> <span class='ocrx_word' id='word_1_826' title='bbox 1709 2588 1758 2614; x_wconf 68' lang='grc' dir='ltr'>καὶ</span> <span class='ocrx_word' id='word_1_827' title='bbox 1785 2591 1807 2614; x_wconf 61' lang='lat' dir='ltr'><strong>te</strong></span> <span class='ocrx_word' id='word_1_828' title='bbox 1823 2585 1868 2622; x_wconf 62' lang='lat' dir='ltr'><strong>poi</strong></span> 
     </span>
    </p>
   </div>
   <div class='ocr_carea' id='block_1_108' title="bbox 1089 2632 1869 2676">
    <p class='ocr_par' dir='ltr' id='par_1_108' title="bbox 1089 2632 1869 2676">
     <span class='ocr_line' id='line_1_108' title="bbox 1089 2632 1869 2676; baseline -0.01 -8"><span class='ocrx_word' id='word_1_829' title='bbox 1089 2641 1142 2673; x_wconf 73' lang='grc' dir='ltr'>ἕως</span> <span class='ocrx_word' id='word_1_830' title='bbox 1161 2639 1300 2676; x_wconf 83' lang='grc' dir='ltr'>Καρκίνου</span> <span class='ocrx_word' id='word_1_831' title='bbox 1318 2641 1363 2674; x_wconf 83' lang='grc' dir='ltr'>ιη’·</span> <span class='ocrx_word' id='word_1_832' title='bbox 1382 2636 1542 2673; x_wconf 84' lang='grc' dir='ltr'>μεσουρανεῖ</span> <span class='ocrx_word' id='word_1_833' title='bbox 1551 2635 1579 2662; x_wconf 78' lang='grc' dir='ltr'>δὲ</span> <span class='ocrx_word' id='word_1_834' title='bbox 1594 2634 1648 2661; x_wconf 81' lang='grc' dir='ltr'><strong>ἀπὺ</strong></span> <span class='ocrx_word' id='word_1_835' title='bbox 1667 2633 1779 2669; x_wconf 76' lang='grc' dir='ltr'>Ἰχθύων</span> <span class='ocrx_word' id='word_1_836' title='bbox 1791 2636 1811 2659; x_wconf 86' lang='grc' dir='ltr'>ε’</span> <span class='ocrx_word' id='word_1_837' title='bbox 1826 2632 1869 2660; x_wconf 62' lang='lat' dir='ltr'><strong>Em;</strong></span> 
     </span>
    </p>
   </div>
   <div class='ocr_carea' id='block_1_109' title="bbox 1091 2677 1869 2722">
    <p class='ocr_par' dir='ltr' id='par_1_109' title="bbox 1091 2677 1869 2722">
     <span class='ocr_line' id='line_1_109' title="bbox 1091 2677 1869 2722; baseline -0.014 -8"><span class='ocrx_word' id='word_1_838' title='bbox 1091 2685 1177 2722; x_wconf 84' lang='grc' dir='ltr'>Κριοῦ</span> <span class='ocrx_word' id='word_1_839' title='bbox 1199 2689 1223 2712; x_wconf 86' lang='grc' dir='ltr'>α’</span> <span class='ocrx_word' id='word_1_840' title='bbox 1247 2685 1341 2720; x_wconf 84' lang='grc' dir='ltr'>μέσης.</span> <span class='ocrx_word' id='word_1_841' title='bbox 1365 2684 1420 2711; x_wconf 82' lang='grc' dir='ltr'><strong>Καὶ</strong></span> <span class='ocrx_word' id='word_1_842' title='bbox 1439 2685 1462 2708; x_wconf 92' lang='grc' dir='ltr'>α’</span> <span class='ocrx_word' id='word_1_843' title='bbox 1486 2681 1533 2717; x_wconf 82' lang='grc' dir='ltr'>μὲν</span> <span class='ocrx_word' id='word_1_844' title='bbox 1556 2679 1644 2715; x_wconf 79' lang='grc' dir='ltr'>ἀστὴρ</span> <span class='ocrx_word' id='word_1_845' title='bbox 1666 2679 1806 2706; x_wconf 71' lang='grc' dir='ltr'>ἀνατέλλει</span> <span class='ocrx_word' id='word_1_846' title='bbox 1821 2677 1869 2703; x_wconf 72' lang='grc' dir='ltr'><strong>ὀὲν</strong></span> 
     </span>
    </p>
   </div>
   <div class='ocr_carea' id='block_1_110' title="bbox 1091 2724 1868 2768">
    <p class='ocr_par' dir='ltr' id='par_1_110' title="bbox 1091 2724 1868 2768">
     <span class='ocr_line' id='line_1_110' title="bbox 1091 2724 1868 2768; baseline -0.012 -10"><span class='ocrx_word' id='word_1_847' title='bbox 1091 2733 1164 2768; x_wconf 77' lang='grc' dir='ltr'>ἄκρᾳ</span> <span class='ocrx_word' id='word_1_848' title='bbox 1234 2731 1330 2767; x_wconf 70' lang='grc' dir='ltr'>βορείῳ</span> <span class='ocrx_word' id='word_1_849' title='bbox 1343 2729 1429 2764; x_wconf 79' lang='grc' dir='ltr'>Χηλῇ,</span> <span class='ocrx_word' id='word_1_850' title='bbox 1444 2728 1556 2762; x_wconf 79' lang='grc' dir='ltr'>ἔσχατος</span> <span class='ocrx_word' id='word_1_851' title='bbox 1576 2725 1605 2752; x_wconf 77' lang='grc' dir='ltr'>δὲ</span> <span class='ocrx_word' id='word_1_852' title='bbox 1620 2727 1636 2751; x_wconf 83' lang='lat'><strong>6</strong></span> <span class='ocrx_word' id='word_1_853' title='bbox 1654 2726 1683 2751; x_wconf 78' lang='grc' dir='ltr'>ἐν</span> <span class='ocrx_word' id='word_1_854' title='bbox 1702 2724 1776 2760; x_wconf 65' lang='grc' dir='ltr'>ἄκρᾳ</span> <span class='ocrx_word' id='word_1_855' title='bbox 1787 2724 1819 2756; x_wconf 60' lang='lat' dir='ltr'><strong>cf,</strong></span> <span class='ocrx_word' id='word_1_856' title='bbox 1834 2729 1868 2768; x_wconf 46' lang='lat' dir='ltr'><strong>fr</strong></span> 
     </span>
    </p>
   </div>
   <div class='ocr_carea' id='block_1_111' title="bbox 1094 2766 1869 2813">
    <p class='ocr_par' dir='ltr' id='par_1_111' title="bbox 1094 2766 1869 2813">
     <span class='ocr_line' id='line_1_111' title="bbox 1094 2766 1869 2813; baseline -0.015 -9"><span class='ocrx_word' id='word_1_857' title='bbox 1094 2766 1139 2813; x_wconf 64' lang='grc' dir='ltr'>τεᾴ</span> <span class='ocrx_word' id='word_1_858' title='bbox 1157 2766 1244 2812; x_wconf 80' lang='grc' dir='ltr'>Χηλῇ.</span> <span class='ocrx_word' id='word_1_859' title='bbox 1263 2766 1430 2810; x_wconf 80' lang='grc' dir='ltr'>Μεσουρανεῖ</span> <span class='ocrx_word' id='word_1_860' title='bbox 1443 2773 1472 2800; x_wconf 83' lang='grc' dir='ltr'>δὲ</span> <span class='ocrx_word' id='word_1_861' title='bbox 1484 2772 1538 2800; x_wconf 86' lang='grc' dir='ltr'>τῶν</span> <span class='ocrx_word' id='word_1_862' title='bbox 1555 2771 1641 2799; x_wconf 82' lang='grc' dir='ltr'>ἀλλων</span> <span class='ocrx_word' id='word_1_863' title='bbox 1656 2770 1782 2805; x_wconf 82' lang='grc' dir='ltr'>ἀστέρων</span> <span class='ocrx_word' id='word_1_864' title='bbox 1790 2771 1813 2793; x_wconf 85' lang='grc' dir='ltr'>α’</span> <span class='ocrx_word' id='word_1_865' title='bbox 1827 2766 1869 2800; x_wconf 82' lang='grc' dir='ltr'>μὲν</span> 
     </span>
    </p>
   </div>
   <div class='ocr_carea' id='block_1_112' title="bbox 1093 2815 1868 2859">
    <p class='ocr_par' dir='ltr' id='par_1_112' title="bbox 1093 2815 1868 2859">
     <span class='ocr_line' id='line_1_112' title="bbox 1093 2815 1868 2859; baseline -0.014 -9"><span class='ocrx_word' id='word_1_866' title='bbox 1093 2824 1108 2850; x_wconf 85' lang='lat'><strong>6</strong></span> <span class='ocrx_word' id='word_1_867' title='bbox 1124 2825 1153 2851; x_wconf 72' lang='grc' dir='ltr'>ὲν</span> <span class='ocrx_word' id='word_1_868' title='bbox 1165 2825 1198 2859; x_wconf 82' lang='grc' dir='ltr'>τῇ</span> <span class='ocrx_word' id='word_1_869' title='bbox 1214 2822 1317 2857; x_wconf 75' lang='grc' dir='ltr'>κεφαλῇ</span> <span class='ocrx_word' id='word_1_870' title='bbox 1345 2821 1394 2856; x_wconf 84' lang='grc' dir='ltr'>τῆς</span> <span class='ocrx_word' id='word_1_871' title='bbox 1410 2818 1584 2857; x_wconf 82' lang='grc' dir='ltr'>Ἀνδρομέδας</span> <span class='ocrx_word' id='word_1_872' title='bbox 1603 2817 1749 2852; x_wconf 77' lang='grc' dir='ltr'>λαμπρὸς,</span> <span class='ocrx_word' id='word_1_873' title='bbox 1770 2815 1868 2859; x_wconf 47' lang='lat' dir='ltr'><strong>{quos</strong></span> 
     </span>
    </p>
   </div>
   <div class='ocr_carea' id='block_1_113' title="bbox 1093 2854 1869 2903">
    <p class='ocr_par' dir='ltr' id='par_1_113' title="bbox 1093 2854 1869 2903">
     <span class='ocr_line' id='line_1_113' title="bbox 1093 2854 1869 2903; baseline -0.013 -7"><span class='ocrx_word' id='word_1_874' title='bbox 1093 2870 1122 2896; x_wconf 80' lang='grc' dir='ltr'>δὲ</span> <span class='ocrx_word' id='word_1_875' title='bbox 1137 2854 1235 2896; x_wconf 47' lang='grc' dir='ltr'>τοῦητε</span> <span class='ocrx_word' id='word_1_876' title='bbox 1254 2854 1341 2903; x_wconf 62' lang='grc' dir='ltr'>ὶςρίὸῦ</span> <span class='ocrx_word' id='word_1_877' title='bbox 1366 2854 1421 2894; x_wconf 72' lang='grc' dir='ltr'>τῶν</span> <span class='ocrx_word' id='word_1_878' title='bbox 1446 2854 1477 2894; x_wconf 80' lang='grc' dir='ltr'>ὲν</span> <span class='ocrx_word' id='word_1_879' title='bbox 1494 2854 1528 2901; x_wconf 78' lang='grc' dir='ltr'>τῇ</span> <span class='ocrx_word' id='word_1_880' title='bbox 1551 2863 1656 2899; x_wconf 70' lang='grc' dir='ltr'>κεφαλῇ</span> <span class='ocrx_word' id='word_1_881' title='bbox 1673 2866 1697 2898; x_wconf 84' lang='grc' dir='ltr'><strong>γ’</strong></span> <span class='ocrx_word' id='word_1_882' title='bbox 1721 2854 1869 2898; x_wconf 65' lang='grc' dir='ltr'>λαμπρῶνδ</span> 
     </span>
    </p>
   </div>
  </div>
