1923 3137
30 137 112 165 1121
551 134 736 163 HIPPABCHI
755 134 801 162 AD
820 135 1044 164 PHIENOMENA
1064 136 1127 164 LIB.
1148 136 1192 165 Ill.
1624 136 1695 166 “an

30 196 216 232 ἡγούμενος,
242 195 290 222 καὶ
311 195 349 228 ὠς
372 194 441 230 πρὸς
461 194 636 231 μεσημϐρίαν
657 195 783 231 κείμενος
802 196 848 223 τοῦ

913 196 1032 229 Iominis,
1048 201 1074 224 et
1091 197 1182 224 lucida
1200 207 1206 224 :
1226 197 1288 225 item
1309 197 1456 225 anstralior
1473 195 1692 230 succedentium,

31 242 171 278 Κήτους,
185 240 257 268 κατὰ
275 241 356 276 μέσον
375 239 457 267 αὐτοῦ
472 240 502 266 τὸ
520 240 609 276 σῶμα,
631 241 851 277 ἀκατονόμαστος

913 251 964 279 [uae
978 244 1004 271 in
1020 244 1154 272 laterculo
1177 244 1258 272 Ceti:
1284 252 1335 272 nec
1354 253 1408 272 non
1433 252 1480 280 pes
1502 244 1615 272 sinister
1638 243 1695 271 An-

31 289 92 316 καὶ
111 288 244 324 λαμπρός
254 296 261 303 ³
274 288 322 314 καὶ
343 287 398 314 τῶν
423 287 453 313 ἐν
469 287 509 322 τῷ
523 287 718 324 τετραπλεύρῳ
732 288 778 314 τοῦ
793 289 851 324 Κή-

913 289 1047 323 lromedze
1062 291 1203 325 paululum
1217 291 1286 318 citra
1308 291 1488 319 meridianum
1505 291 1584 319 situs.
1600 289 1695 318 Oritur

30 343 111 366 τους
126 336 142 361 6
157 333 317 368 νοτιώτερος
332 332 387 360 τῶν
407 332 563 368 ἑπομένων⁸
576 332 624 359 καὶ
639 333 689 369 τῆς
711 333 852 369 Ἀνδρομέ-

913 334 1010 363 23ηεθι·
1025 335 1092 363 hora
1108 336 1134 367 1,
1148 339 1175 363 et
1187 335 1222 363 ει
1237 339 1325 371 parte.

31 382 91 414 δας
120 383 136 409 6
160 381 304 419 ἀριστερὸς
329 380 412 413 ποῦς,
441 380 538 416 μικρὸν
567 380 779 416 ὑπολειπόμενος
797 381 845 408 τοῦ
867 383 1064 419 μεσημϐρινοῦ.
1087 383 1239 410 Ἀνατέλλει
1255 384 1283 411 δὲ
1301 384 1315 410 6
1329 383 1466 420 Καρκίνος
1477 384 1507 410 ἐν
1520 382 1579 420 ὥρᾳ
1593 381 1628 417 α’,
1648 383 1696 410 καὶ

33 433 62 457 ad
78 431 136 457 καὶ
149 429 172 456 δ’
191 429 279 465 μέρει.

79 476 180 503 Ὅταν
194 475 222 502 δὲ
233 476 248 502 6
261 474 337 502 Λέων
353 474 497 510 ἀνατέλλῃ,
513 474 702 501 συνανατέλλει
715 475 765 510 μὲν
777 474 852 510 αὑτῷ

34 523 52 549 ὁ
68 521 216 555 ζωδιακὸς
229 522 283 549 ἀπὸ
300 521 440 557 Καρκίνου
461 521 517 557 μοι.
531 524 556 556 η’
572 521 659 557 μέσης
671 521 724 553 ἓως
738 521 853 553 Λέοντος

38 569 80 596 ιθ¹
101 568 194 604 μέσης
204 576 211 584 ·
230 569 392 604 μεσουρανεί
403 567 433 595 δὲ
447 567 500 594 ἀπὸ
517 566 627 602 Ἰχθύων
641 570 666 593 κ’
677 567 729 599 ἕως
746 567 853 603 Ταύρου

40 614 81 649 ιβ’
104 614 206 650 μέσης.
223 613 279 640 Καὶ
295 617 318 639 α’
338 613 387 649 μὲν
409 612 496 648 ἀστὴρ
515 612 654 639 ἀνατέλλει
677 612 731 639 τῶν
753 613 800 639 ἐπὶ
820 614 854 648 τῇ

39 661 164 697 κεφαλῇ
179 661 194 687 6
220 660 389 696 βορειότερος
414 659 469 686 τῶν
491 660 662 695 ἡγουμένων,
686 659 799 695 ἔσχατος
824 660 852 686 δὲ

40 708 107 735 τῶν
123 709 156 735 ἐν
166 708 223 739 τοῖς
235 707 369 738 ὀπισθίοις
382 707 456 734 ποσί.
474 707 646 743 Μεσουρανεί
658 707 686 734 δὲ
699 707 751 733 τῶν
766 707 853 734 ἄλλων

40 754 184 790 ἀστέρων
213 753 236 780 α’
265 753 314 789 μὲν
342 753 392 789 τῆς
417 762 447 780 τε
473 753 653 789 Ἀνδρομέδας
679 754 694 780 6
721 753 853 788 ἑπόμενος

41 801 108 827 τῶν
122 801 155 827 ὲν
172 801 205 836 τῇ
221 798 304 835 ζώνῃ,
319 799 366 826 καὶ
379 799 426 826 τοῦ
451 800 479 826 ἐν
496 799 534 835 τῷ
549 800 636 835 Κήτει
649 799 853 835 τετραπλεύρου

41 848 58 873 ὀ
87 845 263 882 βορειότερος
287 845 343 871 τῶν
373 845 530 880 ἑπομένωνο
552 845 664 880 ἔσχατος
691 845 718 871 δὲ
745 845 800 871 τῶν
823 853 853 871 τε

50 892 169 931 ’Υᾲδων
192 892 206 918 6
221 891 427 927 λαμπρότατος·
446 891 493 917 καὶ
511 890 558 917 τοῦ
579 890 700 926 Ἡνιόχου
729 891 743 917 6
765 891 794 917 ἐν
813 890 852 925 τῷ

45 937 198 973 ἀριστερῷ
220 936 336 971 ἀγκῶνι,
353 937 391 968 ὼς
412 937 561 972 ἡμιπὴχιον
579 936 793 972 ὑπολειπόμενος
808 935 854 962 τοῦ

47 983 259 1020 μεσημϐρινοῦ.
277 982 430 1010 ’Δνατέλλει
449 983 477 1010 δὲ
491 984 506 1010 6
520 983 597 1010 Λέων
613 982 642 1010 ὲν
659 982 745 1019 ὥραις
767 986 791 1018 γ’
808 982 856 1010 καὶ

44 1030 69 1056 δ’
93 1029 187 1065 μέρει.

88 1076 151 1111 Τῆς
164 1075 193 1102 δε
211 1075 349 1110 Παρθένου
370 1074 580 1110 ἀνατελλούσης,
598 1075 789 1102 συνανατέλλει
805 1075 857 1111 μὲν

47 1122 128 1156 αὐτῇ
145 1122 160 1147 6
171 1119 304 1152 ζωδιακὸς
320 1119 375 1146 ἀπὸ
393 1120 507 1151 Λέοντος
524 1119 580 1155 μοι.
597 1120 620 1155 β’
634 1121 681 1147 καὶ
696 1123 720 1147 κ’
734 1120 787 1152 ἕως
801 1120 858 1156 Χηὲ

46 1167 110 1194 λῶν
126 1170 170 1202 η¹’
185 1167 348 1202 μεσουρανεί
360 1166 388 1192 δὲ
401 1165 455 1192 ἀπὸ
467 1165 575 1201 Ταύρου
591 1167 646 1202 μοί.
660 1169 689 1193 ιε’
698 1167 792 1202 μέσης
805 1167 858 1199 ἕως

49 1214 200 1250 Καρκίνου
217 1212 249 1240 0'.
267 1212 323 1239 Kal
342 1215 366 1238 α’
383 1211 432 1247 μὲν
448 1212 537 1247 ἀστὴρ
551 1212 691 1240 ἁματέλλει
711 1212 765 1239 τῶν
782 1213 810 1239 έν
823 1214 855 1248 τῇ

49 1260 165 1296 κεφαλῇ
182 1261 196 1286 6
214 1258 383 1295 βορειότερος
406 1257 454 1284 τοῦ
477 1257 642 1294 ἡγουμένου,
665 1258 779 1293 ἔσχατος
798 1258 826 1284 δὲ
843 1258 857 1284 6

50 1309 84 1334 ὲν
103 1307 145 1340 τῷ
159 1304 239 1340 δεξιῷ
255 1305 326 1332 ποδί.
343 1304 515 1340 Μεσουρανεί
534 1303 562 1330 δὲ
583 1303 638 1330 τῶν
659 1303 747 1330 ἄλλων
762 1307 787 1331 α’
807 1304 857 1339 μὲν

47 1353 106 1380 τοῦ
123 1352 248 1387 Ἑνιόχου
267 1352 281 1378 6
300 1351 347 1377 ἐπὶ
372 1350 420 1377 τοῦ
446 1349 592 1386 ἀριστεροῦ
619 1349 694 1385 ὤμου
720 1349 856 1385 λαμπρὸς,

937 474 1004 501 Cum
1018 474 1110 503 Leone
1131 475 1292 504 conscendit
1308 476 1438 504 zodiacus
1463 484 1478 504 a
1501 476 1601 503 Cancri
1617 481 1696 512 parte

905 519 922 547 8
951 520 1041 548 media
1064 522 1097 549 ad
1117 521 1216 550 Leonis
1239 522 1272 550 19
1297 523 1438 556 mediam;
1461 523 1593 550 culminat
1613 530 1628 550 a
1650 522 1696 550 Pi-

903 565 991 593 scium
1013 567 1049 594 20
1066 566 1099 593 ad
1123 567 1207 594 Tauri
1223 567 1257 594 12
1276 568 1403 595 mediam.
1431 567 1508 596 Prior
1531 569 1610 596 stella
1629 575 1696 595 con-

904 613 992 647 surgit
1009 614 1240 648 antecedentium,
1256 622 1317 649 quae
1344 618 1410 641 sunt
1435 613 1461 641 in
1483 614 1584 649 capite,
1602 613 1696 641 borea-

905 659 973 691 Iior;
988 663 1128 696 postrema
1142 668 1207 688 vero
1224 668 1318 688 earum
1331 668 1391 696 qua:
1409 665 1473 689 sunt
1490 657 1517 688 in
1536 660 1695 696 posteriori-

904 705 956 733 bus
968 706 1083 740 pedibus
1100 726 1106 733 .
1125 726 1133 733 .
1151 728 1158 734 .
1179 727 1186 734 .
1205 707 1243 734 Ex
1263 708 1325 736 aliis
1341 708 1429 736 stellis
1443 708 1578 735 culminat
1606 707 1695 743 prima

905 753 1057 781 succedens
1079 761 1184 787 earum,
1203 762 1264 789 qua:
1285 758 1350 782 sunt
1364 755 1391 782 in
1411 754 1591 782 Andromeda:
1608 761 1695 787 zona,

906 802 932 825 et
949 798 1086 826 borealior
1102 800 1306 827 succedentium
1324 801 1351 828 in
1367 801 1426 828 Ceti
1437 800 1587 834 laterculo;
1600 800 1696 828 ultima

906 851 980 876 vero,
1005 844 1176 873 lucidissima
1203 845 1385 878 Sucularum,
1409 850 1433 874 et
1453 854 1514 881 qua:
1535 846 1562 873 in
1587 845 1696 881 Auriga:

908 889 1013 916 sinistri
1035 889 1121 916 cubiti
1135 889 1218 922 ﬂexu,
1241 890 1321 925 quasi
1342 891 1504 918 semicubilo
1521 891 1588 918 citra
1614 891 1696 919 meri-

906 935 1018 962 dianum
1036 936 1136 971 posita.
1152 935 1246 964 Oritur
1259 935 1314 963 Leo
1332 936 1408 964 horis
1422 936 1449 969 5,
1468 937 1517 964 15'.

943 1076 1011 1104 Cum
1027 1075 1142 1112 Virgine
1152 1076 1258 1105 zodiaci
1274 1085 1339 1113 pars
1355 1078 1453 1111 oritur,
1470 1086 1530 1114 quae
1541 1083 1585 1107 est
1598 1087 1612 1106 a
1627 1079 1697 1108 Leo-

908 1122 951 1150 nis
974 1122 1010 1149 ‘22
1031 1123 1064 1150 ad
1089 1123 1178 1151 Librae
1201 1123 1232 1156 8;
1254 1117 1388 1151 culminat
1413 1132 1429 1151 a
1452 1125 1541 1152 media
1565 1129 1643 1161 parte
1664 1126 1699 1154 15

909 1167 992 1194 Tauri
1010 1167 1044 1194 ad
1069 1167 1085 1195 9
1109 1168 1218 1196 Cancri.
1240 1168 1331 1196 Prima
1356 1169 1445 1197 oritur
1470 1178 1575 1204 earum,
1589 1179 1650 1207 quae
1669 1172 1698 1200 in

907 1214 997 1248 capite
1009 1218 1084 1246 sunt,
1107 1214 1284 1242 antecedente
1304 1215 1456 1249 borealior;
1472 1221 1621 1251 postrema,
1637 1225 1699 1253 qua!

907 1262 950 1285 est
969 1258 996 1285 in
1016 1258 1113 1286 dextro
1128 1259 1205 1294 pede.
1223 1259 1362 1287 Culminat
1379 1265 1538 1288 cazterarum
1550 1262 1635 1297 prior,
1653 1263 1697 1290 lu-

908 1304 980 1336 cida,
995 1312 1056 1339 qua:
1068 1305 1094 1332 in
1111 1305 1225 1332 sinistro
1238 1305 1354 1333 humero
1368 1311 1410 1334 est
1423 1306 1541 1343 Aurigae.
1556 1307 1698 1336 Postrema

912 1357 987 1383 vero,
1005 1350 1107 1384 lucida,
1122 1359 1184 1386 qua:
1195 1355 1238 1378 est
1252 1350 1280 1378 in
1297 1353 1471 1381 extremitate
1484 1353 1587 1388 Navis;
1607 1357 1634 1381 et
1650 1354 1698 1382 bo-

50 1399 175 1433 ἐσχατος
191 1397 218 1424 δὲ
229 1397 279 1432 τῆς
291 1405 320 1422 τε
344 1394 457 1432 ’Λργοῦς
472 1396 486 1422 6
504 1396 533 1422 ὲν
553 1394 592 1430 τῷ
605 1394 773 1430 ἀκροπολὶῳ
787 1395 853 1430 λαμ-

51 1445 129 1481 πρός
140 1454 147 1459 ·
165 1444 214 1471 καὶ
231 1442 279 1470 τοῦ
293 1442 395 1478 ’Ύδρου
412 1442 426 1468 6
442 1441 612 1478 βορειότερος
632 1441 687 1468 τῶν
703 1442 732 1468 ὲν
747 1441 786 1476 τῷ
807 1441 856 1477 χά-

53 1500 158 1528 σματι,
171 1489 385 1525 ὑπολειπόμενος
408 1488 457 1515 τοῦ
482 1488 670 1524 μεσημϐρινοῦ
690 1488 728 1520 ὡς
749 1488 855 1524 ἡμιπή-

52 1546 130 1574 χιον.
155 1536 309 1563 Ἀνατέλλει
322 1535 351 1562 δὲ
369 1536 386 1571 ἡ
408 1535 548 1571 Παρθένος
559 1536 588 1562 ὲν
601 1535 686 1572 ὥραις
699 1538 723 1570 γ’
734 1535 783 1562 καὶ
797 1535 857 1562 τέσ-
871 1535 892 1564 C

53 1592 145 1620 σαρσι
159 1582 390 1618 πεμπτημορίοις.

95 1630 136 1656 9.
153 1629 237 1656 Ὅταν
260 1628 288 1655 δὲ
306 1629 334 1655 αἱ
352 1627 440 1663 Χηλαὶ
465 1627 645 1661 ἀιεατέλλωσι,
670 1627 858 1655 συνανατέλλει

56 1676 113 1712 μὲν
132 1665 237 1706 αὑταῖς
258 1674 272 1699 6
301 1672 433 1704 ζωδιακὸς
464 1672 518 1699 ἀπὸ
543 1672 641 1707 Χηλῶν
665 1672 720 1708 μοι.
747 1671 784 1705 ις’
805 1673 859 1704 ἕως

55 1721 199 1756 Σκορπίου
217 1719 272 1755 μοί.
292 1721 343 1751 ις”
360 1720 522 1754 μεσουρανεί
543 1718 572 1744 δὲ
596 1718 651 1745 ἀπὸ
670 1719 808 1754 Καρκίνου
825 1721 857 1754 ιη’

54 1768 114 1799 ἓως
129 1766 244 1797 Λέοντος
261 1768 304 1792 ια’,
319 1764 374 1791 Καὶ
385 1764 409 1790 α’
422 1764 471 1800 μὲν
485 1764 572 1799 ἀστὴρ
585 1764 725 1791 ἀνατέλλει
742 1766 756 1791 6
768 1764 860 1791 νοτιώ-

54 1821 143 1849 τερος
155 1811 209 1839 τῶν
230 1812 260 1838 ὲν
275 1811 373 1847 ἄκραις
396 1812 456 1842 ταῖς
471 1810 575 1846 Χηλαῖς
593 1810 730 1846 λαμπρὸς,
746 1810 859 1846 ἔσχατος

55 1860 88 1886 δὲ
106 1861 122 1886 6
138 1857 300 1890 νοτιώτατος
323 1857 378 1883 τῶν
397 1857 426 1884 ὲν
450 1856 488 1892 τῷ
504 1855 623 1892 μετώπῳ
644 1856 691 1883 τοῦ
711 1857 858 1892 Σκορπίου.

57 1905 234 1940 Μεσουρανεῐ
250 1903 279 1930 δὲ
291 1903 346 1930 τῶν
361 1903 450 1930 ἄλλων
469 1902 592 1938 ἀστέρων
605 1905 630 1929 α’
648 1902 697 1938 μὲν
712 1902 767 1930 τῶν
781 1904 810 1931 ὲν
826 1905 858 1940 τῇ

58 1951 172 1987 κεφαλῇ
188 1950 236 1977 τοῦ
262 1950 375 1981 Λέοντος
399 1950 414 1976 6
434 1948 594 1985 νοτιώτερος
613 1949 668 1976 τῶν
687 1950 858 1985 ἡγουμένων,

59 1997 112 2025 καὶ
125 1996 176 2032 τῆς
194 1995 308 2032 ’Δργοῦς
319 1995 334 2021 6
345 1994 513 2030 βορειότερος
523 1994 577 2021 τῶν
592 1995 620 2021 ὲν
632 1995 707 2030 μέσῳ
723 1995 762 2030 τῷ
775 1996 840 2032 ἱστῷ
851 2005 858 2012 ι

60 2044 179 2078 ἔσχατος
194 2041 222 2067 δὲ
239 2040 286 2066 τοῦ
299 2040 414 2070 Λέοντος
424 2040 438 2065 ὀ
451 2039 585 2074 ἑπόμενος
601 2038 656 2065 τῶν
672 2039 701 2065 ὲν
726 2038 764 2074 τῷ
782 2038 861 2075 νώτῳ

62 2090 87 2124 β’
99 2089 234 2124 ἀστέρων.
257 2086 445 2114 Ἀνατέλλουσι
458 2085 486 2112 δὲ
502 2086 531 2111 αἱ
549 2085 638 2120 Χηλαὶ
656 2087 685 2113 ὲν
703 2085 762 2122 ὢρᾳ
775 2087 800 2113 α’
813 2087 861 2114 καὶ

61 2139 89 2170 γ’
111 2132 346 2170 πεμπτημορίοις.

101 2178 155 2205 Τοῦ
178 2178 206 2205 δὲ
232 2178 368 2213 Σκορπίου
390 2176 588 2210 ἀνατέλλοντος,
602 2178 790 2205 συνανατέλλει
811 2179 861 2214 μὲν

906 1396 1008 1423 realior
1022 1403 1130 1429 earum,
1147 1404 1210 1432 qua:
1226 1397 1254 1424 in
1276 1398 1349 1425 rictu
1365 1402 1429 1426 sunt
1443 1398 1539 1435 Hydri,
1556 1400 1699 1435 quasiase-

907 1443 1040 1470 niicubito
1053 1443 1124 1471 citra
1146 1444 1330 1472 meridianum
1355 1445 1417 1474 sita.
1439 1445 1534 1474 Oritur
1547 1446 1630 1483 Virgo
1645 1447 1698 1475 hoc

907 1489 946 1516 ris
959 1489 986 1522 5,
1002 1489 1055 1517 48'.

944 1622 990 1650 IX.
1009 1623 1124 1657 Quando
1140 1625 1231 1653 Clielae
1256 1625 1396 1657 oriuntur,
1420 1634 1481 1653 cum
1506 1626 1550 1654 liis
1574 1627 1699 1655 ascendit

909 1669 1038 1698 zodiacus
1053 1678 1068 1698 a
1084 1670 1232 1699 Clielarum
1254 1676 1332 1707 parte
1345 1671 1377 1698 16
1393 1671 1427 1698 ad
1452 1671 1559 1707 Scorpii
1574 1673 1622 1706 l6;
1641 1674 1699 1701 cul-

910 1717 994 1744 minat
1018 1725 1033 1744 a
1053 1717 1153 1744 Cancri
1172 1718 1216 1750 18,
1242 1717 1275 1745 ad
1299 1717 1399 1745 Leonis
1418 1719 1460 1745 11.
1486 1718 1564 1746 Prior
1585 1720 1699 1755 emergit

910 1764 1058 1792 australior
1072 1769 1099 1791 et
1118 1763 1208 1791 lucida
1225 1771 1332 1796 earum,
1354 1771 1416 1799 (iure
1440 1764 1467 1792 in
1485 1766 1616 1793 extremis
1634 1771 1699 1794 sunt

910 1809 1020 1843 Chelis;
1040 1809 1135 1837 ultima
1152 1817 1217 1837 vero
1237 1817 1332 1838 earum
1348 1818 1410 1845 quae
1428 1811 1456 1838 in
1479 1810 1569 1839 fronte
1591 1811 1699 1848 Scorpii

911 1859 986 1887 sunt,
1010 1856 1168 1883 australior.
1198 1855 1364 1884 Cmterarum
1386 1857 1474 1892 prima
1494 1857 1627 1884 culminat
1650 1866 1700 1886 au-

910 1901 1022 1930 atralior
1037 1901 1259 1929 antecedentium
1274 1909 1367 1928 earum
1386 1910 1448 1937 quae
1467 1908 1533 1931 sunt
1553 1903 1581 1930 in
1599 1903 1700 1933 Leonis

911 1948 1015 1983 capite;
1031 1950 1058 1974 et
1076 1947 1213 1974 borealior
1227 1954 1322 1974 earum
1340 1954 1399 1982 quae
1414 1953 1479 1976 sunt
1491 1949 1519 1977 in
1536 1950 1627 1985 Argus
1642 1958 1700 1978 me-

911 1993 957 2021 dio
973 1993 1068 2025 malo;
1095 1997 1244 2028 postrema,
1270 2001 1331 2028 quae
1354 1995 1381 2021 in
1407 1994 1507 2022 Leonis
1525 1995 1608 2024 dorso
1623 2000 1699 2029 sunt,

911 2039 1028 2067 duarum
1060 2039 1202 2066 stellarum
1239 2038 1424 2074 subsequens.
1451 2039 1584 2068 Oriuntur
1608 2041 1701 2070 Chelas

912 2086 979 2114 hora
996 2086 1022 2118 1,
1035 2085 1087 2113 56’.

947 2176 1016 2204 Cum
1032 2175 1147 2211 Scorpio
1167 2175 1298 2204 zodiacus
1318 2184 1333 2203 a
1348 2181 1425 2212 parte
1441 2177 1457 2204 5
1472 2177 1579 2213 Scorpii
1597 2178 1630 2206 ad
1648 2178 1700 2206 Sa-

61 2224 142 2260 αὺιέῷ
161 2226 175 2251 6
194 2224 325 2257 ζωδιακὸς
341 2223 395 2250 ἀπὸ
410 2223 546 2258 Σκορπίου
564 2223 619 2259 μοί.
635 2227 660 2258 γ’
677 2225 730 2257 ἕως
746 2225 859 2257 Τοξότου

913 2223 1016 2259 gittarii
1030 2223 1046 2250 9
1062 2222 1205 2256 ascendit;
1222 2223 1355 2250 culminat
1371 2231 1386 2250 a
1406 2223 1505 2253 Leonis
1525 2225 1542 2252 8
1559 2224 1648 2253 media
1665 2226 1699 2254 ad

62 2273 105 2299 0"
124 2272 287 2307 μεσουρανεῖ
310 2270 338 2297 δὲ
361 2271 415 2297 ἀπὸ
437 2269 551 2302 Λέοντος
574 2271 629 2305 μοι.
654 2275 678 2307 η’
702 2271 789 2307 μέσης
809 2271 861 2304 ἕως

63 2317 206 2354 Παρθένου
220 2321 263 2350 κγ’
282 2315 378 2351 μέσης.
398 2315 452 2342 Καὶ
472 2319 496 2342 α’
514 2316 563 2350 μὲν
582 2316 670 2352 ἀστὴρ
692 2316 830 2343 ἀνατέλλει
846 2317 861 2343 6

64 2364 238 2401 βορειότατος
249 2363 304 2389 τῶν
316 2362 344 2389 ὲν
359 2362 397 2398 τῷ
410 2361 537 2398 μετώπῳ,
551 2362 664 2398 ἔσχατος
677 2362 705 2389 δὲ
719 2364 733 2389 6
745 2366 770 2397 γ’
782 2363 862 2398 σφόν-

62 2413 146 2444 δυλος
162 2411 217 2438 ἀπὸ
236 2410 284 2438 τοῦ
295 2411 324 2436 ὲν
340 2408 380 2445 τῷ
397 2409 547 2444 Κενταύρῳ
560 2408 771 2445 ἀριθμούμενος,
792 2414 818 2442 ς’
832 2409 861 2436 δὲ

63 2460 104 2486 ὢν
115 2459 170 2486 τῶν
187 2457 257 2493 μετὰ
271 2457 334 2488 τοὺς
356 2456 384 2482 ὲν
399 2454 438 2490 τῷ
452 2455 554 2490 στήθει.
577 2456 748 2491 Μεσουρανεί
762 2455 791 2482 δὲ
806 2456 860 2483 τῶν

63 2505 156 2533 ἄλλων
182 2503 290 2540 πρῶτος
308 2502 358 2538 μὲν
377 2502 428 2537 τῆς
449 2501 570 2537 μεγάλης
592 2502 708 2537 Ἄρκτου
738 2502 752 2528 6
771 2502 800 2528 ὲν
821 2501 860 2537 τῷ

65 2551 164 2586 στήθει
175 2550 311 2585 λαμπρὸς,
330 2549 377 2576 καὶ
393 2548 440 2575 τοῦ
457 2547 556 2583 Ὕδρου
569 2547 624 2574 τῶν
642 2548 713 2583 μετὰ
731 2547 777 2574 τὸν
791 2548 861 2584 λαμ-

65 2596 203 2630 πρότατον
217 2595 237 2621 δ’
248 2594 302 2621 τῶν
316 2591 369 2630 πρὸ
384 2592 430 2620 τοῦ
446 2592 590 2628 Κρατῆρος
606 2593 620 2619 ὁ
632 2592 656 2626 γ’
669 2593 724 2620 ἀπὸ
740 2593 841 2626 δύσεως
852 2602 858 2608 ·

66 2641 183 2676 ἔσχατος
196 2640 224 2666 δὲ
238 2640 253 2666 6
265 2648 295 2666 τε
313 2639 426 2674 Στάχυς,
451 2638 499 2664 καὶ
523 2636 570 2663 τοῦ
591 2638 749 2674 Κενταύρου
767 2640 781 2665 6
800 2639 861 2675 ἀρι-

67 2686 165 2721 στερδς
184 2683 275 2721 ὦμος,
295 2686 333 2717 ὼς
354 2684 506 2720 ἡμιπὴχιον
522 2684 727 2720 προηγούμενος
748 2685 794 2712 τοῦ
813 2695 861 2721 με-

68 2731 233 2768 σημϐρινοῦ,
256 2731 407 2758 Ἀνατέλλει
428 2730 456 2756 δὲ
482 2730 496 2756 6
520 2729 653 2765 Σκορπίος
675 2730 704 2755 ὲν
726 2729 811 2766 ὥραις
838 2734 860 2764 γ’

66 2779 227 2810 λειπούσαις
247 2781 262 2804 ι’
279 2777 366 2813 μέρει.

105 2824 159 2851 Τοῦ
184 2825 212 2851 δὲ
233 2824 348 2856 Τοξότου
372 2824 572 2854 ἀνατέλλοντος,
595 2822 783 2849 συνανατέλλει
811 2821 860 2857 μὲν

69 2871 144 2906 αὐτῷ
165 2873 179 2898 ὁ
203 2870 333 2903 ζιώιακδς
357 2870 410 2897 ἀπὸ
431 2870 545 2903 Τοξότου
569 2869 624 2904 μοί.
649 2873 674 2901 ς’
703 2869 788 2904 μέσης
807 2868 859 2900 ἕως

912 2269 1030 2297 mediam
1042 2269 1078 2296 25
1093 2269 1228 2305 Virginis.
1244 2269 1338 2297 Oritur
1349 2270 1438 2305 prima
1451 2270 1569 2299 borealis
1582 2273 1701 2301 maxime

913 2315 939 2342 in
956 2315 1045 2342 fronte
1067 2315 1237 2350 positarum;
1263 2315 1412 2343 novissime
1428 2323 1492 2344 vero
1511 2317 1591 2344 tertia
1610 2321 1701 2346 verte-

911 2361 961 2388 bra
974 2361 1008 2388 ab
1022 2368 1065 2393 ea,
1085 2367 1145 2395 qua:
1166 2365 1209 2388 est
1224 2360 1251 2387 in
1266 2360 1416 2393 Centauro,
1438 2366 1600 2396 numerata;
1623 2368 1700 2391 sexta

912 2414 995 2442 porro
1012 2407 1046 2433 ab
1062 2407 1106 2438 iis,
1124 2413 1185 2441 qua:
1203 2411 1268 2434 sunt
1284 2406 1312 2434 in
1327 2410 1448 2442 pectore.
1465 2407 1604 2435 Culminat
1618 2412 1700 2437 caete-

911 2461 1004 2481 rarum
1029 2453 1113 2488 prior,
1137 2453 1227 2480 lucida
1246 2460 1308 2488 quas
1332 2456 1375 2480 est
1398 2453 1425 2480 in
1451 2458 1562 2488 pectore
1586 2455 1700 2490 majoris

912 2500 1006 2534 Ursae;
1019 2505 1046 2528 et
1062 2501 1089 2527 in
1104 2499 1197 2536 Hydro
1208 2504 1329 2536 quatuor
1344 2507 1359 2527 a
1377 2500 1548 2529 lucidissima
1560 2505 1623 2529 ante
1633 2501 1700 2529 Cra-

912 2549 997 2572 terem
1006 2545 1122 2573 sitarum
1133 2545 1168 2572 ab
1176 2544 1318 2572 occidente
1327 2545 1410 2573 tertia
1421 2554 1429 2579 ;
1441 2546 1590 2574 novissime
1599 2546 1681 2581 Spica
1689 2567 1698 2580 ,

912 2596 938 2620 et
957 2591 1088 2620 Centauri
1112 2591 1226 2619 sinister
1249 2591 1393 2625 humerus,
1415 2593 1494 2628 quasi
1518 2592 1699 2620 semicubitali

912 2639 1001 2674 spatio
1018 2639 1199 2666 meridianum
1213 2639 1380 2673 prazcedens.
1398 2637 1492 2665 Oritur
1507 2638 1639 2674 Scorpius
1650 2637 1700 2666 hoc

913 2687 950 2714 ris
965 2687 992 2719 5,
1008 2686 1127 2721 demptis
1143 2684 1160 2712 6
1175 2685 1324 2720 scrupulis.

947 2819 1015 2846 Cum
1031 2818 1196 2854 Sagittarius
1213 2818 1313 2850 oritur,
1328 2816 1453 2845 ascendit
1474 2823 1536 2843 cum
1558 2823 1591 2843 eo
1607 2816 1700 2844 zodia-

912 2874 960 2894 cus
976 2874 990 2893 a
1011 2870 1089 2901 parte
1108 2865 1124 2892 6
1139 2865 1281 2900 Sagittarii
1297 2863 1386 2893 media
1412 2864 1447 2892 ad
1468 2863 1629 2899 Capricorni
1647 2863 1697 2898 18,
