1923 3137
223 121 293 150 “25

728 122 773 149 AD
793 120 926 149 EUSEBII
944 120 1140 148 CHRONICON
1161 117 1341 146 APPENDIX.

1768 116 1834 144 ιιει

222 176 355 205 culminat
369 183 384 203 a
398 180 475 212 parte
490 176 578 204 media
590 176 710 212 Virginis
725 177 762 204 20
774 176 808 203 ad
820 176 926 212 Scorpii
940 185 995 204 me-

1059 176 1190 212 ὶίγόκερω
1205 178 1237 211 ιη’
1247 183 1253 190 ·
1270 173 1432 210 μεσουρανεῖ
1445 173 1472 200 δὲ
1485 173 1538 200 ἀπὸ
1553 172 1694 209 Παρθένου
1711 176 1735 199 κ’
1752 173 1836 209 μέσης

222 223 296 251 diam
306 223 333 251 9.
350 222 428 250 Prior
443 222 529 248 oritur
545 223 623 250 stella
634 230 694 257 quae
708 227 749 250 est
765 223 791 250 in
807 223 939 258 cuspide;
960 223 1003 249 ul-

209 270 291 306 ‘tima
307 275 371 296 vero
387 268 486 299 lucida,
510 275 571 302 quae
594 272 635 295 est
654 268 681 295 in
705 268 820 303 pedibus
841 259 1003 303 posteriori-

210 314 285 360 ‘bus.
314 314 479 341 Caterarum
504 313 644 341 stellarum
665 314 799 341 culminat
819 314 914 348 prima,
942 321 1003 348 quae

222 364 265 388 est
283 360 310 387 in
326 359 437 387 sinistro
451 358 571 394 Virginis
587 360 672 386 cubiti
687 359 770 391 ﬂexu,
789 360 928 395 paululum
950 367 1003 386 me-

222 405 358 432 ridianum
380 405 562 438 antecedens;
579 405 673 431 ultima
686 412 763 436 vero,
779 405 868 432 media
883 408 911 432 et
934 404 1003 431 luci-

222 449 334 477 dissima
349 449 501 482 stellarum,
515 457 576 485 quae
592 450 619 476 in
636 454 746 484 pectore
764 449 869 485 Scorpii
881 470 889 482 ,
907 453 933 477 et
943 456 1003 485 quae

221 495 250 521 in
266 494 377 522 sinistra
394 503 474 521 manu
494 500 536 522 est
548 494 689 530 Anguiferi
706 505 712 523 :
731 495 794 523 item
811 496 889 523 tertia
905 502 1003 522 secun-

221 539 286 566 dum
312 540 509 574 consequentia
539 541 679 575 signorum
703 540 737 567 ab
761 540 851 567 lucida
871 540 1001 572 Coronae,

222 586 302 621 quasi
313 586 468 613 semicubiti
484 586 628 613 intervallo
642 586 823 613 meridianum
836 586 1002 621 praecedens.

222 630 316 659 Oritur
331 630 496 666 Sagittarius
510 631 586 657 horis
602 630 629 658 5.

257 675 292 702 X.
313 675 482 710 Capricorno
502 675 675 707 ascendente,
692 674 820 702 zodiacus
837 675 923 702 oritur
940 683 1003 704 cum

223 728 256 748 eo
268 729 283 747 a
306 720 444 755 Sagittarii
468 724 545 755 parte
562 720 597 747 29
613 720 700 747 media
718 720 751 747 ad
771 720 930 755 Capricorni
951 721 1002 754 27;

223 767 355 794 culminat
379 774 393 792 a
414 765 501 792 Librae
523 769 599 801 parte
617 766 648 793 19
672 766 761 793 media
778 767 812 793 ad
828 766 860 793 18
885 765 1002 801 Scorpii.

223 809 302 837 Prior
318 810 405 836 oritur
420 810 499 836 stella
522 810 659 837 borealior
681 810 842 843 lucidarum,
860 819 920 846 quae
940 815 1004 839 sunt

1053 222 1104 254 ἕως
1118 221 1249 258 Σκορπίου
1263 221 1284 247 θ’
1298 220 1393 256 μέσης.
1412 220 1466 246 Καὶ
1482 223 1505 246 α’
1525 220 1573 255 μὲν
1596 220 1687 255 ἀστὴρ
1697 219 1836 246 ἀνατέλλει

1052 267 1066 293 6
1084 268 1113 293 ἐν
1126 268 1159 303 τῇ
1175 266 1256 298 ἁκίδι,
1272 266 1384 301 ἔσχατος
1403 266 1431 292 δὲ
1453 266 1467 292 6
1490 266 1519 292 ἐν
1538 267 1594 297 τοῖς
1616 265 1751 297 ὀπισθίοις
1775 264 1837 292 ποσὶ

1052 313 1185 351 λαμπρός.
1201 313 1369 349 Μεσουρανεῑ
1384 312 1412 338 δὲ
1433 312 1487 339 τῶν
1503 312 1590 338 ἄλλων
1607 311 1731 346 ἀστέρων
1749 314 1773 337 α’
1790 312 1837 346 μὲν

1052 360 1102 395 τῆς
1127 359 1264 395 Παρθένου
1288 360 1301 385 6
1324 360 1353 385 ἑν
1377 358 1415 393 τῷ
1441 357 1575 394 ἀριστερῷ
1594 357 1718 392 ἀγκῶνι,
1742 357 1837 392 μικρδν

1053 404 1254 441 προηγούμενος
1273 403 1319 429 τοῦ
1338 401 1522 438 μεσημϐρινοῦ
1535 410 1541 416 ·
1566 401 1680 436 ἔσχατος
1695 401 1725 427 δὲ
1741 400 1788 426 τοῦ
1809 409 1838 426 τε

1053 451 1186 486 Σκορπίου
1201 450 1215 476 6
1231 449 1315 484 μέσος
1333 448 1387 475 τῶν
1409 449 1437 474 ἐν
1461 447 1500 483 τῷ
1521 447 1611 482 στήθει
1635 446 1838 482 λαμπρότατος,

1053 495 1100 521 καὶ
1114 495 1127 520 6
1143 496 1171 521 ὲν
1188 495 1220 529 τῇ
1237 494 1367 529 ἀριστερᾷ
1382 493 1451 528 χειρὶ
1472 491 1517 518 τοῦ
1537 490 1679 526 Ὀφιούχου
1690 500 1696 506 ·
1721 491 1769 516 καὶ
1793 490 1838 516 τοῦ

1054 541 1189 575 Στεφάνου
1204 540 1218 565 6
1231 539 1253 573 γ’
1267 539 1320 565 ἀπὸ
1341 538 1387 565 τοῦ
1401 537 1526 573 λαμπροῦ
1547 537 1592 563 ἐπὶ
1607 536 1641 563 τὰ
1653 537 1786 571 ἑπόμενα,

1053 587 1201 622 ἡμιπήχιον
1228 584 1432 620 προηγούμενος
1464 583 1511 610 τοῦ
1541 582 1740 619 μεσημϐρινοῦ.
1763 583 1839 608 Ἀνα-

1053 630 1139 656 τέλλει
1152 630 1180 656 δὲ
1194 631 1208 655 6
1223 628 1339 663 Τοξότης
1352 630 1381 655 ἐν
1397 629 1481 664 ὥραις
1498 631 1532 662 γ’.

1089 677 1117 702 I'.
1133 676 1215 702 Ὅταν
1231 675 1259 701 δὲ
1279 675 1293 701 ὀ
1310 675 1466 710 Αἱγόκερως
1488 674 1628 710 ἀνατέλλῃ.
1652 673 1839 700 συνανατέλλει

1056 721 1103 755 μὲν
1123 719 1196 754 αὐτῷ
1211 720 1224 746 6
1239 720 1369 751 ζωδιακὸς
1384 719 1437 746 ἀπὸ
1455 718 1567 751 Τοξότου
1582 719 1637 754 μοί.
1651 718 1673 744 θ’
1689 719 1737 745 καὶ
1749 722 1772 744 κ’
1792 718 1838 753 μέ-

1056 774 1104 801 σης
1117 765 1168 797 ἓως
1183 765 1367 800 Αἰγοκέρωτος
1384 765 1406 797 ζ’
1422 765 1468 792 καὶ
1491 769 1529 791 κ’·
1560 766 1725 800 μεσουρανεί
1741 765 1769 791 δὲ
1789 764 1840 790 ἀπὸ

1054 811 1151 846 Χηλῶν
1167 811 1198 837 ιθ¹
1213 811 1298 846 μέσης
1310 811 1361 843 ἓως
1376 810 1508 846 Σκορπίου
1523 813 1566 845 ιη’.
1581 811 1636 837 Καὶ
1652 809 1676 836 α’
1690 811 1740 845 μὲν
1754 811 1840 846 ἀστὴρ

224 855 251 881 in
267 855 396 889 genibus;
411 855 516 887 ultima,
533 854 683 883 succedens
694 855 856 888 lucidarum,
869 864 929 891 quae
940 861 1004 884 sunt

1059 856 1191 884 Ξινατέλλει
1203 858 1216 883 6
1230 857 1395 892 βορειότερος
1408 856 1461 882 τῶν
1477 858 1506 882 ὲν
1517 858 1572 888 τοῖς
1586 856 1681 890 γόνασι
1695 856 1839 891 λαμπρῶν,

224 900 253 927 in
267 900 365 927 cauda.
379 900 500 926 Aliarum
514 901 654 927 stellarum
670 900 789 927 medium
802 902 863 928 caeli
875 903 1003 929 verticem

224 950 298 974 tenet
317 946 402 981 prior,
418 945 589 973 lucidissima
602 953 706 977 earum,
721 954 782 981 quae
798 951 862 975 sunt
876 948 903 975 in
915 948 1005 976 Bootae

224 992 334 1027 cingulo
350 996 396 1019 :et
417 991 445 1018 in
466 991 558 1018 Chelis
581 991 749 1019 antecedens
771 996 900 1021 extremae
916 993 1005 1021 Chelaa

224 1037 352 1065 borealis.
375 1037 439 1063 Item
452 1035 553 1068 lucida,
576 1044 636 1071 quae
657 1037 685 1063 in
707 1035 839 1072 Scrpentc
855 1047 904 1073 per
922 1039 1006 1068 Ursas

225 1087 333 1111 meante
347 1083 381 1110 ab
394 1083 566 1110 extremitate
577 1083 671 1110 caudze
684 1083 764 1110 tertia
780 1090 948 1117 numeratur.
964 1093 1007 1113 se-

225 1128 375 1156 micubitali
398 1128 487 1163 spatio
509 1128 688 1156 meridianum
711 1129 886 1164 prtecedens;
911 1131 1006 1158 ultimo

226 1175 357 1202 culminat
374 1174 468 1201 dexter
480 1174 611 1201 humerus
625 1174 774 1209 lngeniculi
787 1184 794 1207 ;
808 1180 834 1203 et
850 1184 910 1211 quae
930 1185 945 1203 ιι
964 1185 1007 1204 se-

225 1220 381 1255 ptentrione
394 1220 499 1254 adjacet
513 1228 545 1247 ex
560 1220 593 1248 iis
610 1228 670 1255 quae
690 1221 717 1247 in
731 1221 827 1248 dextro
842 1230 922 1250 crure
944 1227 1007 1250 sunt

226 1266 360 1301 ejusdem.
370 1265 464 1293 Oritur
477 1265 659 1302 Capricornus
674 1266 741 1294 hora
754 1268 780 1300 1,
796 1268 848 1296 50'.

260 1358 329 1387 Cum
354 1358 474 1393 Aquario
505 1358 635 1386 zodiacus
663 1358 779 1394 emergit
805 1365 820 1385 a
847 1357 1007 1393 Capricorni

226 1408 304 1440 parte
327 1405 344 1432 6
367 1405 400 1432 ad
421 1405 533 1440 Aquarii
553 1404 586 1432 21
610 1404 745 1436 mediam;
771 1405 903 1432 culminat
927 1412 942 1431 a
962 1404 1008 1431 Li-

226 1449 282 1476 brae
294 1448 329 1475 27
344 1448 376 1476 ad
391 1448 529 1484 Sagittarii
542 1448 567 1476 'l.
583 1449 673 1475 Prima
693 1449 834 1476 stellarum
851 1449 941 1477 oritur
956 1457 1007 1476 an-

227 1495 355 1522 tecedens
372 1502 432 1521 eam
455 1502 515 1530 quae
539 1498 581 1521 est
603 1495 630 1521 in
658 1502 741 1521 manu
765 1495 892 1528 sinistra;
911 1495 1006 1522 ultima

227 1547 303 1573 vero,
319 1539 409 1566 lucida
423 1539 499 1573 pedis
511 1539 608 1566 dextri.
622 1537 760 1565 Culminat
773 1546 788 1565 e
803 1539 907 1566 caeteris
919 1539 1004 1573 prior.

216 1593 290 1620 ,qua:
307 1588 349 1612 est
369 1585 397 1611 in
413 1584 502 1619 capite
524 1583 625 1610 Bootae.
646 1582 760 1615 Ultima,
777 1583 913 1610 borealior
927 1583 1008 1620 138

229 1637 324 1658 earum
335 1637 395 1665 quae
406 1633 470 1657 sunt
482 1629 508 1656 in
524 1637 588 1656 arcu
605 1629 764 1664 Sagittarii;
779 1632 806 1655 et
820 1633 875 1656 tres
888 1629 916 1656 in
933 1629 1008 1657 dire-

230 1681 301 1704 ctum
315 1675 420 1710 positae,
442 1681 473 1701 ac
489 1674 602 1702 nomine
622 1677 758 1706 carentes,
781 1681 841 1708 quae
858 1675 1008 1702 secundum

229 1721 355 1749 dextrum
370 1721 511 1747 humerum
523 1718 658 1755 Opliiuchi
675 1728 681 1746 :
698 1727 748 1746 nec
760 1727 814 1746 non
831 1719 932 1751 lucida,
948 1727 1009 1754 qua:

229 1772 271 1796 est
282 1768 309 1794 in
324 1767 436 1795 sinistro
456 1767 561 1794 femore
574 1765 736 1801 lngeniculi,
753 1766 831 1800 quasi
844 1765 1009 1792 selnicubito

229 1812 410 1840 meridianum
428 1812 595 1847 praecedens.
619 1810 712 1838 Oritur
728 1810 867 1845 Aquarius
885 1810 961 1838 horis
979 1811 1007 1843 2,

229 1863 256 1886 et
271 1859 392 1894 partibus
407 1857 523 1885 duabus.

266 1960 390 1989 Piscibus
410 1959 571 1991 orientibus,
591 1958 713 1986 ascendit
728 1965 790 1985 cum
807 1957 860 1984 illis
881 1956 1010 1984 zodiacus

231 2008 265 2034 ab
279 2006 391 2042 Aquarii
413 2010 489 2040 parte
503 2005 518 2031 7
543 2004 576 2031 ad
593 2004 693 2032 Arietis
719 2003 771 2037 l6;
792 2002 923 2030 culminat
944 2010 958 2028 a
975 2001 1010 2028 26

231 2052 337 2087 Scorpii
353 2052 386 2079 ad
408 2051 568 2086 Capricorni
579 2051 605 2077 9.
620 2050 700 2077 Prior
715 2050 829 2084 emergit
844 2057 904 2084 qua}
917 2049 944 2075 in
963 2056 1011 2075 ex-

230 2103 317 2126 tremo
340 2102 430 2125 rostro
454 2097 542 2125 Piscis
557 2097 701 2129 australis;
719 2095 879 2127 novissima,
898 2103 957 2130 qua:
983 2095 1011 2122 in

230 2144 307 2172 Nodo
323 2144 466 2170 linearum.
480 2142 645 2170 Cieterarum
660 2142 748 2177 prima
761 2141 892 2169 culminat
907 2148 966 2176 qua).
983 2140 1011 2167 in

1055 905 1166 941 ἔσχατος
1179 904 1207 931 δὲ
1217 906 1231 932 ὀ
1242 904 1372 940 ἑπόμενος
1385 904 1438 930 τῶν
1451 905 1479 930 ἐν
1489 905 1520 939 τῇ
1533 904 1600 939 οὐρᾷ
1612 903 1758 938 λαμπρῶν.
1770 904 1842 929 Μεσ-

1054 951 1160 985 ουρανεί
1175 950 1202 976 δὲ
1217 949 1270 975 τῶν
1286 948 1371 976 ἄλλων
1395 951 1418 975 α’
1437 948 1486 983 μὲν
1503 948 1550 975 τοῦ
1567 956 1597 973 τε
1621 947 1728 974 Βοώτου
1743 948 1798 973 τῶν
1815 948 1842 973 ἐν

1054 997 1087 1031 τῇ
1101 995 1171 1031 ζώνῃ
1186 997 1200 1022 6
1214 995 1413 1030 λαμπρότατος,
1429 995 1475 1021 καὶ
1489 994 1543 1021 τῶν
1563 993 1661 1029 Χηλῶν
1678 995 1691 1020 ὁ
1707 995 1842 1029 προηγοῦ-

1056 1049 1135 1075 μενος
1149 1040 1198 1075 τῆς
1207 1040 1294 1076 ἄκρας
1306 1040 1355 1075 τῆς
1366 1039 1472 1075 βορείας
1488 1039 1591 1075 Χηλῆς,
1608 1040 1655 1065 καὶ
1667 1039 1713 1065 τοῦ
1731 1040 1776 1066 διὰ
1789 1039 1841 1065 τῶν

1057 1086 1181 1121 ’Λρκτων
1200 1086 1306 1120 Ὄφεως
1320 1086 1333 1112 6
1350 1085 1373 1120 γ’
1388 1085 1433 1112 ἀπ’
1450 1086 1537 1121 ἄκρας
1550 1086 1598 1120 τῆς
1613 1086 1698 1121 οὐρᾶς
1709 1085 1842 1121 ἀριθμού-

1057 1140 1136 1167 μενος
1161 1132 1296 1167 λαμπρὸς,
1328 1131 1366 1163 ὡς
1393 1132 1542 1167 ἡμιπήχιον
1569 1131 1777 1167 προηγούμενος
1798 1132 1842 1158 cui

1057 1177 1259 1213 μεσημϐρινοῦ·
1276 1178 1388 1212 ἔσχατος
1402 1177 1429 1203 δὲ
1445 1178 1606 1212 μεσουρανεῖ
1627 1177 1674 1204 τοῦ
1698 1179 1744 1204 Ἐν
1765 1178 1844 1212 γόνα-

1056 1231 1098 1249 σιν
1113 1224 1126 1250 ὅ
1145 1232 1174 1249 τε
1194 1223 1279 1255 δεξιὸς
1297 1221 1371 1258 ὦμος
1389 1223 1435 1250 καὶ
1451 1224 1465 1250 6
1482 1223 1534 1250 ἀπὸ
1549 1224 1649 1259 ἄρκτου
1673 1225 1845 1260 παρακείμε-

1055 1277 1099 1300 νος
1111 1268 1164 1295 τῶν
1185 1270 1214 1296 ἔν
1233 1271 1265 1304 τῇ
1284 1270 1357 1305 δεξιᾷ
1369 1271 1470 1307 κνήμῃ.
1494 1271 1644 1298 Ἀνατέλλει
1660 1272 1688 1298 δὲ
1704 1274 1718 1299 6
1733 1273 1845 1306 Δὶγόκε-

1058 1323 1110 1350 ρως
1124 1315 1152 1341 ὲν
1168 1314 1227 1350 ὥρᾳ
1243 1315 1267 1341 α’
1282 1316 1329 1341 καὶ
1343 1316 1447 1351 ἡμίσει,
1463 1317 1509 1343 καὶ
1528 1320 1551 1351 γ’
1568 1317 1655 1353 μέρει.

1092 1361 1174 1387 Ὅταν
1190 1361 1218 1387 δὲ
1232 1362 1247 1388 6
1268 1361 1407 1396 ’Υδροχόος
1424 1362 1565 1399 ἀνατέλλῃ,
1589 1364 1778 1390 συνανατέλλει
1797 1365 1845 1400 μὲν

1056 1406 1130 1442 αὐτῷ
1146 1407 1160 1432 6
1176 1406 1307 1439 ζωδιακὸς
1329 1408 1381 1434 ἀπὸ
1401 1408 1540 1444 Αἰγόχερω
1556 1409 1610 1443 μοι.
1630 1413 1656 1441 ς’
1677 1409 1731 1441 ἕως
1752 1410 1845 1446 Ὑδρο-

1056 1452 1119 1487 χόου
1133 1456 1157 1478 α’
1172 1454 1218 1480 καὶ
1234 1457 1257 1479 κ’
1274 1454 1374 1489 μέσης·
1392 1456 1555 1489 μεσουρανεῖ
1565 1454 1592 1480 δὲ
1607 1454 1661 1481 ἀπὸ
1674 1456 1775 1491 Χηλῶν
1791 1457 1844 1491 μοί.

1058 1497 1080 1531 ζ’
1095 1498 1142 1525 καὶ
1155 1497 1178 1524 κ’
1190 1498 1242 1530 ἓως
1258 1499 1371 1532 Τοξότου
1385 1499 1416 1531 ζ’.
1430 1499 1484 1525 Καὶ
1496 1502 1520 1525 α’
1539 1499 1587 1534 μὲν
1603 1500 1692 1536 ἀστὴρ
1705 1501 1847 1528 ἀνατέλλει

1057 1544 1071 1570 6
1085 1543 1235 1580 ἡγούμενος
1252 1545 1299 1572 τοῦ
1317 1545 1348 1572 ὲν
1368 1546 1401 1581 τῇ
1427 1546 1558 1582 ἀριστερᾷ
1571 1546 1651 1582 χειρὶ,
1664 1546 1781 1583 ἔσχατος
1795 1548 1824 1576 δὲ
1834 1549 1848 1576 6

1057 1589 1086 1617 ὲν
1100 1590 1139 1626 τῷ
1153 1590 1231 1625 δεξιῷ
1245 1591 1305 1617 ποδὶ
1319 1591 1453 1627 λαμπρός.
1467 1593 1637 1627 Μεσουρανεῖ
1649 1593 1679 1619 δὲ
1694 1594 1749 1620 τῶν
1762 1595 1847 1621 ἄλλων

1058 1642 1082 1664 α’
1099 1638 1146 1673 μὲν
1160 1639 1174 1665 6
1191 1638 1219 1664 ὲν
1235 1639 1267 1674 τῇ
1284 1638 1387 1674 κεφαλῇ
1407 1638 1453 1665 τοῦ
1475 1638 1591 1670 Bac-luteo,
1611 1639 1728 1674 ἔσχατος
1749 1640 1778 1666 ἃ
1804 1641 1847 1667 τοῦ

1059 1683 1172 1715 Τοξότου
1194 1685 1208 1710 6
1235 1683 1401 1720 βορειότερος
1425 1684 1479 1711 τῶν
1504 1686 1532 1711 ἐν
1557 1684 1596 1719 τῷ
1620 1685 1708 1719 τόξῳ·
1731 1686 1781 1712 καὶ
1804 1686 1847 1712 τοῦ

1065 1729 1204 1764 Ὀφιούχου
1225 1731 1249 1755 οἱ
1276 1730 1351 1765 παρὰ.
1372 1730 1418 1756 τὸν
1443 1730 1528 1763 δεξιὸν
1550 1729 1623 1766 ὦμον
1641 1734 1665 1765 γ’
1683 1732 1729 1757 ἐπ’
1743 1731 1849 1763 εὐθείας

1059 1774 1287 1810 ἀκατονόμαστον
1303 1776 1349 1801 καὶ
1363 1774 1409 1801 τοῦ
1431 1775 1475 1802 Ἐν
1500 1776 1610 1810 γόνασιν
1636 1776 1651 1802 6
1676 1777 1707 1803 ἔν
1730 1776 1772 1812 τῷ
1789 1778 1847 1813 ἀρι-

1061 1819 1150 1855 στερῷ
1168 1820 1247 1856 μηρῷ
1267 1820 1401 1856 λαμπρὸς,
1418 1821 1456 1852 ὡς
1476 1822 1624 1857 ἡμιπήχιον
1642 1823 1848 1858 προηγούμενος

1059 1865 1105 1892 τοῦ
1121 1866 1316 1900 μεσημϐρινοῦ.
1333 1866 1483 1892 ’Λνατέλλει
1498 1866 1526 1892 δὲ
1538 1868 1552 1893 6
1567 1867 1712 1902 Ὑδροχόος
1722 1869 1754 1895 ὲν
1767 1868 1848 1904 ὥραις

1061 1911 1083 1946 β’
1098 1912 1145 1938 καὶ
1160 1912 1219 1938 δυσὶ
1236 1912 1346 1947 μέρεσιν
1361 1912 1446 1947 ὧρας.

1097 1958 1179 1984 Ὅταν
1194 1957 1222 1983 δὲ
1240 1959 1264 1983 οἱ
1284 1957 1383 1992 ’ἰχθύες
1401 1958 1574 1991 ἀνατέλλωσι,
1591 1960 1787 1987 συνανατέλλει
1803 1960 1849 1995 μὲν

1061 2003 1151 2034 αὐτοῖς
1165 2004 1179 2029 6
1192 2002 1320 2035 ζωδιακὸς
1336 2003 1389 2029 ἀπὸ
1406 2003 1546 2038 Ὺδροχόου
1567 2004 1621 2039 μοί.
1646 2004 1669 2036 ζ’
1693 2004 1749 2037 ἕως
1766 2005 1849 2041 Κριοῦ

1063 2047 1116 2080 ις’·
1134 2049 1293 2083 μεσουρανεῖ
1307 2048 1335 2074 δὲ
1352 2048 1405 2074 ἀπὸ
1427 2048 1560 2083 Σκορπίου
1576 2049 1631 2084 μοι.
1651 2052 1678 2081 ς’
1695 2050 1746 2076 καὶ
1761 2051 1787 2076 κ’
1802 2052 1849 2078 ἕως

1061 2094 1202 2128 Αἰγόκερω
1218 2094 1272 2128 μοί.
1297 2093 1327 2120 0’.
1346 2094 1401 2119 Καὶ
1420 2097 1443 2120 α’
1461 2094 1509 2129 μὲν
1526 2094 1612 2130 ἀστὴρ
1629 2095 1775 2122 ἀνατέλλει
1796 2098 1810 2123 6
1824 2097 1850 2123 ἐν

1062 2141 1138 2175 ἄκρῳ
1151 2140 1188 2175 τῷ
1202 2140 1295 2174 ῥύγχει
1308 2140 1353 2166 τοῦ
1370 2140 1456 2166 νοτίου
1474 2140 1584 2175 Ἰχθύος,
1601 2140 1719 2175 ἔσχατος
1738 2142 1768 2168 δὲ
1790 2143 1805 2168 6
1825 2143 1850 2167 ἑν

231 2197 362 2225 processu
379 2189 465 2216 dextri
487 2188 599 2216 femoris
621 2187 787 2223 Ingeniculi;
807 2191 834 2215 et
848 2195 909 2222 quae
933 2194 948 2213 a
967 2194 1006 2214 se-

1063 2185 1100 2220 τῷ
1113 2185 1255 2219 Συνδέσμῳ
1267 2184 1318 2210 τῶν
1335 2184 1424 2211 λίνων.
1448 2184 1619 2219 Μεσουρανεῖ
1641 2185 1670 2211 δὲ
1692 2186 1751 2212 τῶν
1767 2186 1850 2212 ἄλλων

232 2235 432 2271 ptenlrionibns
450 2234 554 2268 adjacet
571 2234 604 2260 iis
620 2241 680 2268 quae
696 2237 760 2260 sunt
776 2233 803 2259 in
819 2233 913 2260 aculeo
929 2231 1012 2258 Scor‘

232 2281 287 2316 pii;
306 2288 366 2315 qua}
382 2284 472 2307 autem
497 2281 525 2307 in
550 2280 639 2315 capite
661 2282 703 2306 est
726 2278 887 2314 lngeniculi,
903 2278 1010 2305 duabus

232 2326 342 2353 circiter
355 2326 437 2353 cubiti
454 2325 577 2361 partibus
599 2329 642 2353 est
657 2326 726 2352 citra
743 2324 942 2356 meridianum;
963 2331 1013 2358 po-

232 2376 334 2400 stremo
350 2371 480 2399 culminat
495 2372 642 2399 australior
655 2378 759 2402 earnm,
773 2377 833 2405 quae
853 2371 880 2396 in
896 2369 1012 2405 genibus

232 2418 410 2452 Capricorni:
426 2421 452 2445 et
470 2423 530 2451 qua
551 2417 578 2443 in
595 2420 706 2451 gutture
725 2420 768 2443 est
786 2415 861 2448 Avis,
879 2418 961 2449 atque
984 2414 1012 2441 in

231 2463 301 2491 ﬂexu
317 2465 365 2491 alae
381 2464 507 2490 dexterae.
521 2461 653 2489 Oriuntur
665 2461 759 2489 Pisces
773 2461 846 2488 horis
863 2461 890 2492 5,
907 2460 940 2486 6'.

1060 2233 1084 2257 α’
1099 2230 1147 2264 μὲν
1164 2229 1210 2255 τοῦ
1224 2238 1252 2255 τε
1270 2230 1313 2255 Ἐν
1329 2229 1437 2263 γόνασιν
1451 2230 1465 2255 6
1479 2230 1507 2256 ἐν
1517 2231 1550 2265 τῇ
1567 2229 1681 2265 ἐκφύσει
1698 2231 1748 2257 τοῦ
1767 2230 1850 2263 δεξιοῦ

1061 2275 1216 2311 impolle
1234 2274 1278 2300 τοῦ
1293 2274 1426 2308 Σκορπίου
1446 2275 1459 2301 6
1476 2274 1522 2301 ἀπ’
1545 2275 1654 2311 ἄρκτων
1676 2277 1851 2311 παρακείμε-

1058 2327 1103 2351 νος
1116 2320 1172 2350 τοῖς
1188 2320 1217 2345 ὲν
1235 2318 1273 2353 τῷ
1284 2319 1405 2354 κέντρῳ·
1421 2318 1435 2343 6
1455 2318 1483 2344 δὲ
1504 2319 1533 2345 ἐν
1555 2320 1586 2354 τῇ
1609 2320 1716 2355 κεφαλῇ
1738 2321 1789 2347 τοῦ
1813 2321 1852 2346 Ἐν

1058 2365 1169 2400 γόνασιν
1193 2365 1366 2392 ὑπολείπεται
1391 2364 1437 2390 τοῦ
1464 2364 1651 2400 μεσημϐρινοῦ
1670 2365 1711 2397 ὡς
1734 2366 1758 2400 β’
1784 2366 1851 2401 μέπ

1060 2412 1183 2447 πήχεως·
1199 2410 1312 2446 ἔσχατον
1329 2410 1357 2437 δὲ
1372 2411 1530 2445 μεσουρανεί
1552 2410 1599 2437 τοῦ
1623 2420 1653 2437 τε
1678 2412 1825 2448 Αἰγόκερω
1840 2412 1851 2436 ό

1059 2457 1217 2492 νοτιώτερος
1239 2456 1291 2482 τῶν
1316 2457 1346 2483 ὲν
1375 2457 1430 2487 τοῖς
1455 2456 1566 2490 γόνασιν
1601 2457 1704 2490 αὐτοῦ,
1733 2457 1784 2483 καὶ
1808 2456 1850 2482 τοῦ

234 2511 357 2547 Ὄρνιθος
373 2511 387 2537 6
400 2511 428 2535 ὲν
443 2508 482 2543 τῷ
492 2508 618 2544 λάρυγγι,
635 2509 681 2535 καὶ
693 2508 738 2535 τοῦ
752 2509 780 2535 ὲν
795 2507 833 2543 τῷ
844 2506 947 2541 ἀγκῶνι
961 2505 1011 2540 τῆς
1027 2504 1117 2537 δεξιᾶς
1149 2503 1294 2538 πτέρυγος.
1313 2502 1499 2529 Ἀνατέλλουσι
1511 2503 1540 2530 δὲ
1553 2504 1578 2529 οἱ
1594 2503 1696 2538 ’ῐχθὺες
1711 2505 1741 2530 ἐν
1769 2503 1850 2538 ὥραις

232 2561 255 2591 γ’
269 2557 315 2583 καί
330 2555 344 2582 ι’
359 2555 446 2591 μέρει.

266 2602 311 2629 Xl.
332 2602 400 2629 Cum
417 2601 508 2627 Ariete
527 2599 656 2627 zodiacus
674 2599 762 2626 oritur
784 2607 799 2626 a
822 2598 911 2626 media
931 2602 1010 2632 parte

234 2648 267 2675 ’19
281 2647 399 2675 Piscium
418 2646 451 2673 ad
469 2645 569 2672 Arietis
585 2644 618 2671 Ξι
629 2653 636 2677 ;
649 2645 779 2672 culminat
791 2651 807 2670 a
821 2644 958 2679 Sagittarii
971 2643 1006 2670 24

232 2692 319 2719 media
335 2691 369 2718 ad
391 2689 549 2725 Capricorni
565 2690 608 2716 14.
624 2688 713 2715 Prima
728 2688 815 2715 oritur
839 2695 870 2715 ea
890 2695 950 2722 qua:
970 2691 1012 2714 est

233 2737 261 2764 in
279 2737 408 2764 anteriori
434 2736 518 2772 pede;
542 2736 648 2766 ultima,
666 2734 817 2763 succedens
834 2742 927 2762 earum
950 2741 1011 2768 quae

234 2787 298 2809 sunt
315 2783 344 2809 in
370 2782 467 2809 cauda.
490 2782 653 2810 Caeterarum
677 2781 819 2813 culminat,
845 2780 1010 2807 antecedens

234 2832 328 2853 earum
341 2833 400 2861 qua
417 2830 480 2854 sunt
495 2826 522 2854 in
536 2825 601 2861 jngo
617 2823 763 2853 Fidiculae:
784 2825 847 2852 item
857 2823 1007 2852 succedens

1094 2594 1146 2620 IA'.
1158 2592 1203 2628 Τᾧ
1214 2592 1242 2619 ἃ
1253 2592 1330 2628 Κριῷ
1347 2592 1535 2619 συνανατέλλει
1549 2591 1598 2627 μὲν
1616 2592 1630 2617 6
1649 2592 1783 2624 ζωδιακὸς
1798 2592 1849 2619 ἀπὸ

1065 2639 1174 2675 Ἰχθύων
1189 2638 1244 2674 μοι.
1262 2638 1293 2665 ιθ¹
1309 2639 1393 2674 μέσης
1406 2638 1458 2670 ἓως
1469 2638 1555 2674 Κριοῦ
1566 2639 1588 2665 δ’
1602 2639 1648 2665 καὶ
1661 2642 1685 2665 κ’
1696 2648 1703 2654 ·
1719 2647 1848 2674 μεσουρα-

1057 2688 1099 2713 νεῖ
1113 2686 1142 2712 δὲ
1158 2686 1212 2712 ἀπὸ
1223 2685 1335 2716 Τοξότου
1347 2685 1366 2710 δ’
1379 2685 1425 2711 καὶ
1440 2687 1464 2711 κ’
1476 2686 1562 2721 μέσης
1581 2685 1635 2716 ἔως
1651 2685 1793 2719 Αἰγὸκερω
1808 2684 1844 2710 to‘.

1059 2732 1114 2758 Καὶ
1129 2734 1153 2756 α’
1172 2731 1220 2766 μὲν
1234 2731 1322 2766 ἀστὴρ
1342 2730 1480 2757 ἀνατέλλει
1503 2731 1518 2758 6
1544 2731 1592 2757 ἐπὶ
1613 2730 1661 2757 τοῦ
1681 2729 1845 2766 ἐμπροσθεου

1057 2776 1146 2808 ποδὸς,
1163 2776 1273 2811 ἔσχατος
1288 2776 1316 2802 δὲ
1334 2776 1348 2802 6
1367 2777 1496 2812 ἑπόμενος
1512 2777 1566 2803 τῶν
1588 2777 1617 2803 ὲν
1631 2778 1663 2812 τῇ
1681 2777 1759 2812 οὐρᾷ.
1777 2776 1846 2802 Μεσ-

1055 2823 1164 2858 ουρανεῖ
1185 2822 1213 2848 δὲ
1236 2821 1290 2849 τῶν
1314 2821 1399 2849 ἄλλων
1422 2823 1471 2858 τῆς
1495 2831 1524 2849 τε
1553 2822 1645 2858 Δύρας
1665 2824 1680 2849 ὸ
1698 2821 1845 2857 ἡγούμενος
