1923 3137
105 135 188 164 1125

593 135 776 164 HlPPARCHI
793 136 839 164 AD
857 136 1081 165 PHENOMENA
1095 136 1159 164 LIB.
1177 136 1218 164 ΙΙΙ.

1660 137 1729 166 1128

100 192 166 218 τῶν
177 192 206 217 ὲν
216 191 256 226 τῷ
267 191 417 227 ζυγώματι,
431 191 478 218 καὶ
492 191 538 218 τοῦ
550 191 663 225 Τοξότου
677 192 690 218 6
703 192 833 228 ἑπόμενος
844 193 895 219 τῶν

949 201 1043 221 earum
1060 201 1119 228 quae
1132 197 1196 220 sunt
1216 193 1244 220 in
1260 196 1335 228 tergo
1351 191 1499 227 Sagittarii,
1520 192 1626 221 duabus
1642 195 1729 225 cubiti

102 237 139 263 ὲν
151 236 193 272 τῷ
205 236 289 272 νώτῳ,
306 237 349 268 ὡς
363 236 384 271 β’
405 237 473 273 μέρη
495 238 603 273 πήχεως
623 238 826 273 προηγούμενος
851 238 897 265 τοῦ

105 283 317 319 μεσημϐρινοῦ·
341 282 453 318 ἔσχατος
474 283 501 309 δὲ
517 277 676 318 μεσουρανεῖ
696 283 742 310 τοῦ
761 292 790 310 τε
808 284 900 319 Ὑδρο-

102 330 177 364 χόου
199 331 213 356 ὁ
227 330 357 364 ἑπόμενος
369 329 423 355 τῶν
443 329 472 355 ἐν
492 329 524 364 τῇ
546 329 678 364 ἀριστερᾷ
693 329 773 364 χειρὶ,
788 329 834 355 καὶ
851 329 898 356 τοῦ

105 374 255 409 Αἰγόκερω
266 375 280 400 6
295 375 323 401 ὲν
337 373 376 408 τῷ
392 373 494 408 στήθει,
506 374 551 400 καὶ
564 373 609 400 τοῦ
619 373 744 408 Δελφῖνος
755 374 768 399 6
782 374 899 409 ἡγούμε-

103 428 156 451 νος
185 420 237 447 τῶν
257 420 285 446 έν
301 421 333 455 τῇ
355 420 433 455 οὐρᾷ.
454 420 603 446 Ἀνατέλλει
622 420 650 446 δὲ
666 419 680 445 6
695 419 779 455 Κριὸς
795 421 823 447 ὲν
840 420 899 456 ὥρᾳ

104 464 134 492 α’
152 466 200 492 καὶ
213 465 272 491 δυσὶ
284 465 510 500 πεμπτημορίοις.

147 511 201 538 Τοῦ
223 512 251 538 δὲ
275 511 381 546 Ταύρου
406 512 603 544 ἀνατέλλοντος,
629 513 818 540 συνανατέλλει
850 513 899 548 μὲν

104 556 186 592 αὐτῷ
204 558 218 583 6
234 556 363 588 ζωδιακὸς
387 557 440 583 ἀπὸ
465 557 571 593 Ταύρου
599 559 654 593 μοί.
677 559 699 591 ζ’
719 559 770 591 ἕως
792 559 897 595 Ταύρου

108 604 170 639 μοί.
185 603 206 629 0'
222 604 268 629 καὶ
291 607 330 630 ac"
346 605 506 639 μεσουρανεῖ
526 604 554 630 δὲ
572 604 625 630 ἀπὸ
639 605 824 641 Αίγοκέρωτος
842 606 896 640 μοι.

107 650 134 685 β’
146 649 195 676 καὶ
209 652 231 675 κ’
247 649 331 684 μέσης
350 649 401 681 ἕως
420 649 561 684 ’Υδροχόου
577 649 609 677 θ’.
632 651 685 676 Kal.
700 654 723 676 α’
743 650 793 685 μὲν
812 651 899 686 ἀστὴρ

107 694 252 721 ἀνατέλλει
263 696 277 721 6
290 694 449 726 νοτιώτατος
467 695 521 721 τῶν
541 696 569 721 ἐν
590 697 623 731 τῇ
639 697 762 732 ἀποτομῇ
775 696 804 727 δ’,
817 689 914 731 ἐσχα-¹

104 749 157 772 τος
177 741 205 767 δὲ
225 742 238 767 6
257 742 285 767 ὲν
303 740 380 776 ἄκρῳ
400 740 438 776 τῷ
457 740 535 776 δεξιῷ
557 742 660 777 κέρατι.
680 742 851 777 Μεσουρανεῖ
870 742 899 768 δὲ

104 787 166 813 τῶν
181 787 267 814 ἄλλων
289 790 312 814 α’
326 788 374 822 μὲν
397 787 444 813 τοῦ
466 787 589 822 Ὄρνιθος
612 787 626 813 6
650 788 678 814 ὲν
694 787 763 822 μέσῃ
783 788 816 822 τῇ
831 787 899 822 οὐρᾷ

104 832 246 867 λαμπρὸς,
265 832 375 867 ἔσχατος
398 833 426 858 δὲ
445 832 492 859 τοῦ
513 833 631 868 Κηφέως
655 833 669 858 6
695 832 898 868 προηγούμενος

952 240 1075 274 partibus
1088 239 1250 266 antecedens
1264 239 1463 272 meridianum;
1482 242 1618 274 postrema
1630 241 1729 269 culmi-

948 289 995 312 nat
1007 284 1119 320 Aquarii
1138 285 1288 313 succedens
1311 292 1415 316 earum,
1431 292 1491 319 quae
1511 289 1575 312 sunt
1597 286 1625 313 in
1646 294 1729 315 manu

949 330 1072 362 sinistra,
1086 335 1111 358 et
1126 338 1187 366 quae
1202 330 1229 357 in
1244 334 1353 365 pectore
1367 330 1546 365 Capricorni;
1565 332 1729 360 antecedens

948 377 1012 404 item
1034 384 1139 408 earum,
1157 384 1218 411 quze
1240 380 1305 404 sunt
1329 377 1356 404 in
1373 377 1460 404 cauda
1484 376 1619 412 Delphini.
1637 378 1731 406 Oritur

948 421 1027 449 Aries
1043 422 1109 449 hora
1124 421 1148 454 l,
1163 422 1215 449 24'.

984 509 1076 537 Tauro
1089 507 1253 545 emergente,
1269 510 1396 539 zodiacus
1414 512 1514 544 oritur,
1532 520 1546 539 a
1558 517 1635 547 parte
1647 505 1742 541 Tauri-

950 554 965 581 7
982 555 1015 582 ad
1029 554 1078 588 29;
1095 555 1225 582 culminat
1242 563 1257 582 a
1270 555 1431 590 Capricorni
1443 557 1479 583 22
1491 557 1580 584 media
1594 558 1627 584 ad
1638 559 1730 593 Aqua-

948 600 981 627 rii
997 599 1024 627 9.
1041 599 1120 627 Prior
1135 601 1223 628 oritur
1246 601 1446 629 australissima
1466 602 1500 629 de
1521 606 1649 636 quatuor,
1669 611 1731 638 quae

949 650 1013 675 sunt
1029 646 1056 673 in
1068 646 1256 680 ahscissione;
1270 647 1376 679 ultima,
1387 655 1447 683 qure
1458 653 1500 675 est
1515 648 1543 675 in
1558 649 1730 676 extremitate

948 693 1036 721 dextri
1049 701 1146 721 cornu.
1160 694 1324 722 Caaterarum
1341 694 1480 721 stellarum
1498 695 1630 722 culminat
1643 696 1730 730 prima

947 740 1049 772 lucida,
1065 748 1125 775 quae
1145 743 1186 767 est
1202 740 1229 766 in
1245 740 1332 767 cauda
1354 740 1442 767 media
1462 740 1565 776 Cygni;
1580 745 1728 775 postrema,

947 786 1041 818 trium,
1062 793 1122 820 qum
1136 786 1163 812 in
1177 786 1266 820 capite
1280 785 1379 820 Cephei
1392 790 1467 818 sunt,
1481 787 1657 820 antecedens,
1676 795 1730 815 una

948 839 1010 858 cum
1026 831 1122 859 dextro
1139 832 1213 859 illius
1229 831 1307 866 pede,
1330 832 1493 859 semicubito
1513 832 1623 860 circiter
1647 834 1731 860 meri-

103 878 166 905 τῶν
181 879 210 905 ὲν
223 879 256 914 τῇ
272 879 375 914 κεφαλῇ
390 882 414 913 γ’
424 887 431 894 ·
454 879 501 906 καὶ
526 880 540 905 6
563 879 648 911 δεξιὸς
664 878 745 905 αὐτοῦ
768 878 846 911 ποῦς,
862 879 895 910 ὡς

949 877 1059 905 dianum
1077 877 1251 912 praecedens;
1268 885 1319 905 nec
1342 885 1396 904 non
1411 878 1439 904 in
1460 878 1571 913 Aquarii
1592 886 1661 906 urna
1673 887 1731 907 me-

105 923 261 958 ἡμιπήχιον
293 924 496 960 προηγούμενος
533 924 578 951 τοῦ
614 924 819 960 μεσημϐρινοῦ·
852 924 898 951 καὶ

106 970 124 996 ὸ
156 969 238 1005 μέσος
262 969 316 997 τῶν
347 971 375 996 ὲν
400 971 433 1005 τῇ
462 970 572 997 κάλπιδι
599 970 646 997 τοῦ
669 971 809 1006 ’Υδροχόου
823 990 830 1002 ,
863 971 900 1002 ὡς

951 924 1006 956 dia,
1026 924 1188 951 semicubito
1203 922 1259 951 fere
1274 924 1455 951 meridianum
1478 925 1653 952 antecedens.
1673 924 1732 952 Ori-

954 973 999 997 tur
1014 969 1121 997 Taurus
1136 969 1203 996 hora
1218 969 1244 1000 l,
1260 972 1286 996 et
1301 969 1362 1004 1/8.

106 1014 261 1050 ἡμιπήχιον
291 1014 496 1050 προηγούμενος
518 1014 565 1041 τοῦ
593 1015 791 1050 μεσημϐρινοῦ.
813 1014 963 1041 Ἀνατέλλει
976 1014 1005 1040 δὲ
1021 1014 1035 1040 6
1051 1013 1156 1050 Ταῦρος
1172 1014 1200 1040 ὲν
1215 1013 1274 1049 ὥρᾳ
1286 1017 1310 1040 α’
1325 1014 1371 1040 καὶ
1383 1018 1408 1049 η’
1424 1015 1511 1050 μέρει.

144 1067 207 1095 Τῶν
222 1068 250 1094 δὲ
266 1067 387 1104 Διδύμων
405 1068 618 1102 ἀνατελλόντων,
641 1070 830 1096 συνανατέλλει
846 1070 894 1105 μὲν

105 1114 201 1146 αὐτοῖς
218 1115 232 1140 6
254 1113 384 1146 ζωδιακὸς
403 1114 456 1141 ἀπὸ
479 1114 603 1150 Διδύμων
624 1114 678 1149 μοι.
697 1114 719 1149 β’
738 1115 823 1150 μέσης
842 1115 894 1147 ἕως

104 1158 232 1193 Διδύμων
252 1158 289 1185 λ’·
317 1160 478 1194 μεσουρανεῖ
500 1159 528 1186 δὲ
546 1159 600 1186 ἀπὸ
618 1159 759 1195 Ὺδροχόου
782 1160 836 1195 μοί.
860 1162 894 1185 ια’

107 1204 197 1240 μέσης
211 1204 262 1236 ἕως
282 1204 391 1239 Ἰχθύων
406 1204 427 1231 θ’
443 1205 538 1241 μέσης.
553 1205 608 1232 Καὶ
622 1205 646 1232 α’
665 1206 713 1241 μὲν
729 1206 815 1241 ἀστὴρ
831 1206 896 1232 ἀνα-

105 1250 195 1277 τέλλει
210 1251 224 1276 ὁ
240 1251 269 1277 ὲν
285 1252 318 1286 τῇ
333 1251 463 1286 ἀριστερᾷ
485 1251 556 1286 χειρὶ¹
581 1251 627 1277 τοῦ
648 1252 800 1286 ἡγουμένου
823 1251 899 1278 Διδύ-

109 1306 174 1332 μου,
190 1297 301 1332 ἔσχατος
317 1297 346 1323 δὲ
368 1298 382 1324 6
398 1297 426 1324 ὲν
446 1298 478 1333 τῇ
502 1297 576 1332 δεξιᾷ
600 1297 670 1333 χειρὶ
695 1297 740 1324 τοῦ
764 1297 896 1333 ἑπομένου

106 1343 236 1377 Διδύμου.
253 1343 423 1379 Μεσουρανεῖ
437 1342 465 1369 δὲ
486 1343 539 1369 τῶν
561 1343 647 1370 ἄλλων
666 1343 788 1378 ἀστέρων
811 1347 835 1370 α’
848 1344 897 1379 μὲν

105 1389 156 1416 τοῦ
171 1388 288 1424 Κηφέως
301 1390 315 1416 6
331 1390 360 1416 ἐν
378 1389 416 1425 τῷ
435 1389 540 1425 σώματι
560 1389 695 1425 λαμπρὸς,
715 1390 762 1416 καὶ
784 1388 831 1415 τοῦ
850 1390 897 1416 Ὺ-

106 1435 219 1471 δροχόου
239 1436 253 1462 6
268 1437 297 1462 έν
309 1435 348 1471 τῷ
364 1436 442 1472 δεξιῷ
464 1436 524 1462 ποδὶ
539 1435 673 1472 λαμπρὸς,
688 1436 734 1463 καὶ
748 1436 794 1463 τοῦ
810 1436 897 1462 νοτίου

112 1481 217 1516 Ἰχθύος
231 1482 245 1508 6
259 1482 288 1508 ὲν
304 1481 343 1517 τῷ
358 1482 453 1518 ῥύγχει
476 1482 615 1518 λαμπρός·
632 1481 745 1517 ἔσχατος
760 1482 788 1508 δὲ
802 1490 898 1517 μεσου-

983 1068 1104 1097 Geminis
1125 1069 1290 1101 orientibus,
1308 1076 1369 1096 cum
1384 1069 1418 1096 iis
1438 1069 1566 1096 zodiacus
1580 1069 1698 1104 assurgit
1715 1077 1731 1096 a

948 1114 1122 1142 Geminorum
1132 1118 1209 1150 parte
1220 1114 1237 1141 Ξ
1248 1114 1335 1141 media
1347 1114 1380 1141 ad
1392 1114 1442 1148 30;
1456 1115 1587 1142 culminat
1596 1115 1630 1142 ab
1641 1115 1732 1150 Aqua-

948 1161 984 1188 rii
1000 1161 1030 1188 H
1048 1160 1138 1188 media
1152 1160 1185 1187 ad
1207 1161 1325 1188 mediam
1342 1160 1462 1188 Piscium
1482 1161 1509 1188 9.
1529 1160 1621 1188 Prima
1643 1161 1731 1189 oritur

949 1214 981 1234 ea
995 1208 1055 1242 quae
1074 1211 1116 1235 est
1133 1207 1160 1234 in
1183 1207 1294 1234 sinistra
1313 1215 1394 1233 manu
1412 1207 1590 1241 prmcedentis
1606 1207 1729 1241 Gemini;

948 1253 1053 1285 ultima,
1067 1260 1127 1287 qua:
1137 1257 1178 1279 est
1193 1253 1219 1279 in
1235 1252 1330 1279 dextra
1347 1252 1518 1280 succedentis
1534 1252 1650 1280 Gemini.
1666 1252 1732 1280 Cul-

948 1297 1033 1324 minat
1050 1297 1124 1332 prior
1148 1300 1308 1324 caaterarum
1336 1297 1487 1330 stellarum,
1506 1297 1597 1324 lucida
1617 1298 1644 1324 in
1668 1305 1731 1325 eor-

947 1351 1015 1378 pore
1035 1342 1153 1378 Cephei;
1180 1347 1207 1370 et
1226 1343 1327 1375 lucida,
1344 1350 1404 1378 quae
1428 1344 1456 1370 in
1484 1343 1579 1371 dextro
1596 1344 1663 1379 pede
1687 1347 1730 1371 est

948 1388 1060 1424 Aquarii
1078 1398 1083 1416 :
1099 1389 1163 1416 item
1187 1388 1277 1416 lucida
1306 1389 1333 1415 in
1353 1393 1444 1416 rostro
1466 1388 1554 1416 Piscis
1579 1389 1728 1421 australis;

948 1434 1043 1461 ultima
1070 1434 1203 1461 culminat
1228 1434 1410 1461 Andromeda
1433 1434 1522 1461 media
1543 1434 1644 1466 trium,
1668 1441 1729 1468 qua:

949 1484 1013 1508 sunt
1028 1480 1055 1506 in
1068 1480 1164 1507 dextro
1173 1479 1296 1507 humero.
1305 1479 1436 1506 Oriunlur
1446 1479 1553 1507 Gemini
1564 1479 1630 1507 hora
1640 1479 1666 1511 l,
1676 1479 1726 1506 50’.

109 1529 188 1564 ρανεῖ
207 1529 257 1563 τῆς
275 1529 453 1565 Ἀνδρομέδας
476 1530 490 1556 6
518 1529 599 1564 μέσος
619 1528 674 1555 τῶν
699 1529 728 1556 ὲν
753 1528 792 1564 τῷ
814 1528 893 1565 δεξιῷ
912 1528 981 1564 ὤμῳ
1009 1531 1043 1563 γ’.
1063 1527 1248 1554 Ἀνατέλλουσι
1279 1527 1307 1553 δὲ
1330 1527 1354 1553 οἱ
1382 1526 1490 1562 Δίδυμοι
1511 1527 1540 1554 ἐν
1558 1526 1618 1563 ὥρᾳ
1639 1530 1663 1553 α’
1682 1526 1729 1553 καὶ

107 1574 143 1602 S"
159 1575 207 1602 καὶ
223 1579 248 1610 γ’
261 1575 350 1612 μέρει.

140 1659 142 1662 τ
168 1644 238 1679 Περὶ
253 1643 310 1679 τῆς
326 1644 578 1679 συγκαταδύσεως
593 1622 656 1671 τῶν·Γ
669 1646 707 1678 ιβ’
719 1644 836 1675 ζωδίων.

143 1723 195 1749 ῙΒ’.
211 1722 295 1749 Πάλιν
317 1722 355 1754 δὲ,
369 1720 416 1748 τοῦ
432 1722 481 1757 μὲν
495 1722 634 1757 Καρκίνου
646 1722 779 1754 δύνοντος,
794 1730 896 1755 συγκα-

104 1768 216 1795 ταδύνει
231 1768 280 1803 μὲν
292 1767 365 1803 αὐτῷ
377 1769 391 1795 6
403 1768 533 1800 ζωδιακὸς
546 1768 599 1794 ἀπὸ
611 1768 734 1803 Διδύμων
749 1768 802 1803 μοί.
816 1768 837 1800 ζ’
849 1767 896 1794 καὶ

95 1817 131 1841 α’
158 1813 242 1849 μέσης
266 1813 318 1845 ἓως
339 1814 476 1848 Καρκίνου
502 1816 525 1840 κ’
553 1813 654 1848 μέσης·
680 1814 841 1848 μεσουρανεί
867 1812 895 1838 δὲ

104 1860 163 1887 ἀπὸ
173 1859 268 1895 Χηλῶν
288 1859 320 1891 ιζ’
334 1859 386 1891 ἓως
404 1859 537 1895 Σκορπίου
558 1858 601 1893 ιβ’.
617 1859 673 1885 Καὶ
690 1862 714 1885 α’
738 1858 786 1893 μὲν
808 1857 895 1893 ἀστὴρ

103 1906 181 1933 δύνει
196 1907 209 1933 ό
225 1907 253 1933 ὲν
267 1907 323 1938 τοῖς
339 1907 402 1932 ποσὶ
417 1905 463 1932 τοῦ
484 1905 623 1941 Καρκίνου
637 1904 767 1939 ἐκφανὴς,
783 1904 830 1930 καὶ
851 1903 894 1930 ἐπ’

100 1952 216 1984 εὐθείας
229 1952 354 1987 κείμενος
367 1952 405 1983 ὼς
417 1952 485 1987 πρὸς
499 1951 575 1977 δύσιν
589 1952 644 1983 τοῖς
659 1950 828 1985 νοτιωτέροις
839 1951 895 1980 τοῖς

105 1998 174 2034 περὶ
190 1997 219 2024 τὸ
237 1997 358 2032 νεφέλιον
373 1997 404 2023 τὸ
418 1999 446 2023 ὲν
459 1996 498 2031 τῷ
512 1996 652 2031 Καρκίνῳ,
667 1995 778 2030 ἔσχατος
791 1995 818 2021 δὲ
839 1995 852 2020 6
866 1995 895 2021 ὲν

105 2044 184 2079 ἄκρᾳ
198 2045 229 2079 τῇ
246 2043 338 2079 βορείᾳ
354 2043 429 2078 Χηλῇ
451 2042 497 2068 τοῦ
520 2042 669 2078 Καρκίνου.
690 2040 894 2076 Μεσουρανοῦσι

103 2092 136 2118 δὲ
152 2091 205 2117 τῶν
220 2091 306 2118 ἄλλων
322 2090 444 2126 ἀστέρων
458 2090 504 2116 τοῦ
519 2099 547 2115 τε
567 2089 672 2116 Βοώτου
685 2090 698 2116 6
710 2089 796 2123 δεξιὸς
815 2089 892 2121 ποῦς,

104 2137 157 2165 καὶ
171 2137 225 2163 τῶν
247 2137 344 2172 Χηλῶν
359 2137 373 2162 6
388 2138 416 2163 ὲν
430 2136 502 2171 ἄκρᾳ
516 2137 546 2170 τῇ
565 2135 640 2171 νοτία
656 2136 731 2172 Χηλῇ
751 2135 892 2171 λαμπρός’

105 2183 223 2217 ἔσχατον
235 2182 263 2208 δὲ
285 2181 479 2217 μεσουρανοῦσι
499 2181 544 2207 τοῦ
559 2189 588 2207 τε
606 2182 649 2207 Ἐν
661 2181 770 2215 γόνασιν
784 2183 798 2207 6
815 2182 843 2207 ἐν
856 2180 894 2215 τῷ

103 2227 187 2263 δεξιῷ
203 2228 333 2263 βραχίονι,
351 2231 374 2261 γ’
389 2226 426 2253 ὥν
441 2227 495 2254 ἀπὸ
514 2227 560 2253 τοῦ
577 2226 663 2259 δεξιοῦ
681 2226 767 2262 ὤμου,
785 2227 831 2253 καὶ
848 2226 893 2252 τοῦ

102 2273 241 2309 Σκορπίου
256 2274 270 2300 ὁ
285 2276 319 2307 γ’,
333 2273 380 2299 καὶ
394 2273 408 2299 6
425 2272 456 2303 δ’,
470 2273 515 2298 καὶ
529 2273 542 2298 6
557 2276 576 2298 ε’
591 2272 735 2307 σφόνδυλος
755 2271 807 2298 τῶν
825 2271 893 2306 μετὰ

1028 1642 1068 1670 De
1083 1642 1219 1669 duodecim
1235 1642 1381 1677 imaginum
1393 1642 1456 1669 θωιί·
1467 1641 1643 1670 descensione.

979 1730 1037 1758 XII.
1055 1730 1172 1763 Rursus,
1184 1731 1324 1759 occidente
1336 1731 1452 1764 Cancro,
1465 1731 1607 1759 descendit
1620 1739 1681 1759 cum
1696 1740 1728 1761 eo

946 1777 1075 1803 zodiacus
1098 1784 1112 1802 a
1131 1776 1217 1811 gradu
1240 1776 1415 1804 Geminorum
1437 1776 1473 1803 27
1491 1776 1526 1804 ad
1545 1777 1644 1804 Cancri
1671 1786 1729 1805 me-

946 1822 1018 1849 diam
1035 1822 1086 1855 20;
1109 1823 1242 1849 culminat
1260 1830 1275 1849 a
1301 1822 1445 1850 Chelarum
1458 1822 1491 1849 17
1506 1822 1538 1849 ad
1560 1822 1665 1858 Scorpii
1682 1823 1726 1850 12.

945 1865 1036 1893 Prima
1063 1867 1140 1893 stella
1166 1866 1268 1894 occidit
1289 1867 1391 1900 lucida,
1413 1875 1473 1902 quae
1496 1871 1538 1895 est
1561 1867 1589 1894 in
1612 1868 1727 1903 pedibus

945 1912 1055 1946 Cancri,
1072 1912 1099 1940 in
1119 1913 1253 1941 directum
1270 1914 1368 1947 posita,
1386 1914 1419 1940 ad
1435 1921 1563 1941 occasum
1582 1914 1727 1941 australio—

946 1967 991 1987 res
1011 1959 1170 1994 respiciens,
1198 1967 1258 1994 qua:
1279 1959 1353 1987 circa
1380 1960 1544 1987 nubeculam
1567 1960 1594 1987 in
1620 1960 1727 1988 Cancro

945 2008 1024 2037 sunt;
1045 2004 1151 2037 ultima,
1172 2012 1233 2039 qua:
1246 2009 1288 2032 est
1308 2005 1336 2031 in
1350 2006 1522 2033 extremitate
1537 2006 1654 2033 borealis
1671 2006 1728 2033 forr

946 2049 1015 2084 cipis
1043 2048 1161 2082 Cancri;
1195 2053 1356 2077 caeterarum
1386 2050 1525 2077 stellarum
1557 2051 1725 2083 culminant,

944 2094 1036 2122 Bootae
1051 2102 1099 2129 pes
1113 2094 1223 2127 dexter;
1240 2099 1267 2121 et
1286 2094 1432 2122 Chelarum
1450 2095 1551 2126 lucida,
1570 2103 1629 2131 quae
1641 2100 1683 2124 est
1698 2097 1726 2124 in

945 2140 1118 2168 extremitate
1132 2140 1260 2168 australis
1279 2140 1386 2173 Chelas;
1407 2145 1545 2175 postremo
1561 2142 1724 2174 culminant,

945 2195 1005 2222 quae
1018 2190 1061 2214 est
1073 2187 1099 2213 in
1113 2186 1227 2214 brachio
1241 2187 1336 2215 dextro
1348 2188 1509 2223 Ingeniculi,
1525 2193 1551 2216 et
1564 2193 1608 2217 est
1623 2190 1657 2217 ab
1674 2190 1727 2217 hu-

945 2239 1021 2259 mero
1035 2231 1132 2259 dextro
1146 2232 1239 2263 tertia;
1259 2232 1322 2259 item
1338 2231 1552 2267 Scorpiitertia,
1573 2238 1680 2269 quarta,
1699 2238 1726 2262 et

945 2276 1040 2310 quinta
1056 2276 1182 2303 vertebra
1199 2284 1293 2303 earum
1308 2284 1368 2311 quae
1383 2281 1447 2305 sunt
1465 2282 1527 2313 post
1547 2282 1653 2313 pectus.
1671 2278 1725 2306 0c-

101 2320 136 2347 τὸ
153 2318 261 2354 στῆθος.
283 2318 359 2345 Δύνει
375 2317 404 2344 δὲ
423 2319 437 2344 6
454 2317 588 2353 Καρκίνος
615 2318 644 2344 ὲν
664 2317 724 2352 ὥρᾳ
750 2320 775 2342 α’
798 2317 843 2342 καὶ
869 2319 893 2349 γ’

949 2321 1011 2348 cidit
1021 2321 1126 2349 Cancer
1140 2322 1208 2349 hora
1224 2321 1250 2354 1,
1265 2321 1317 2351 56’.

103 2365 339 2401 πεμπτημορίοις.

143 2421 196 2448 Τοῦ
208 2422 236 2447 δὲ
243 2421 357 2452 Λέοντος
372 2419 505 2452 δύνοντος,
516 2418 708 2453 σαγκαταδύνει
723 2418 773 2453 μὲν
787 2416 860 2451 αύτῷ
878 2417 892 2443 6

103 2468 239 2501 ζωδιακὸς
249 2467 302 2493 ἀπὸ
311 2466 446 2501 Καρκίνου
461 2466 515 2501 μοί.
530 2465 553 2492 α’
563 2465 610 2491 κα).
624 2468 648 2491 κ’
660 2464 746 2499 μέσης
754 2464 805 2495 ἕως
817 2464 889 2498 Παρ-

103 2516 185 2542 θένου
198 2515 251 2550 μοί.
265 2514 304 2540 ιδ¹’
316 2514 476 2549 μεσουρανεῖ
485 2512 513 2538 δὲ
524 2512 576 2538 ἀπὸ
587 2512 718 2545 Σκορπίου
732 2511 786 2546 μοί.
798 2514 831 2544 ιγ’
839 2510 890 2541 ἓως

103 2560 221 2592 Τοξότου
235 2563 258 2586 α’
274 2560 321 2586 καὶ
333 2562 356 2586 κ’
371 2559 466 2594 μέσης.
482 2558 537 2584 Καὶ
550 2561 574 2583 α’
590 2558 638 2592 μὲν
653 2557 739 2592 ἀστὴρ
758 2557 829 2583 δύνει
845 2556 890 2583 τοῦ

102 2606 221 2637 Λέοντος
246 2607 260 2632 ὁ
282 2607 310 2631 ὲν
334 2607 390 2636 τοῖς
403 2605 579 2640 ἐμπροσθίοις
603 2604 690 2635 ποσὶν,
708 2604 819 2639 ἔσχατος
832 2603 860 2629 δὲ
876 2603 890 2628 6

101 2654 134 2679 ὲν
147 2652 221 2687 ἄκρᾳ
232 2653 264 2686 τῇ
280 2652 357 2687 οὐρᾷ.
371 2651 541 2686 Μεσουρανεῖ
553 2651 581 2677 δὲ
593 2651 647 2677 τῶν
666 2650 753 2676 ἄλλων
766 2650 890 2684 ἀστέρων

102 2699 135 2724 ὲν
160 2696 210 2732 μὲν
231 2698 264 2732 τῇ
278 2697 350 2731 ἀρχῇ
368 2696 418 2730 τῆς
438 2695 539 2727 δύσεως
560 2695 608 2722 τοῦ
635 2704 665 2721 τε
685 2696 730 2722 Ἐν
745 2695 855 2731 γόνασιν
878 2695 892 2721 6

102 2742 191 2776 δεξιὸς
207 2742 283 2774 ποῦς,
296 2742 342 2768 καὶ
360 2741 406 2768 τοῦ
432 2742 572 2777 Ὅφιούχου
598 2742 629 2768 τὸ
651 2741 792 2777 ἀριστερὸν
815 2741 891 2775 γόνυ,

103 2788 142 2819 ὡς
177 2787 326 2822 ήμιπήχιον
367 2787 579 2823 ὑπολειπόμενον
606 2787 654 2814 τοῦ
686 2787 891 2823 μεσημϐρινοῦ,

103 2831 212 2860 καὶτοῦ
226 2832 359 2862 Σκορπιου
373 2834 387 2860 ὁ
406 2837 428 2859 α’
443 2833 601 2866 σφόνδυλος·
617 2833 729 2869 ἔσχατον
749 2834 776 2861 δὲ
795 2842 892 2870 μεσου-

978 2420 1046 2448 Cum
1067 2420 1156 2448 Leone
1177 2421 1277 2448 occidit
1301 2422 1430 2449 zodiacus
1447 2428 1461 2448 a
1478 2421 1577 2449 Cancri
1598 2425 1675 2457 parte
1689 2422 1721 2449 21

943 2467 1030 2493 media
1051 2467 1083 2493 ad
1100 2467 1134 2494 14
1153 2467 1290 2502 Virginis;
1320 2468 1452 2495 culminat
1475 2475 1489 2494 a
1516 2468 1623 2503 Scorpii
1640 2469 1673 2495 15
1689 2468 1724 2495 ad

946 2512 1084 2548 Sagittarii
1106 2513 1137 2539 2|
1156 2513 1285 2541 mediam.
1304 2513 1395 2540 Prima
1417 2514 1517 2541 occidit
1542 2513 1641 2541 Leonis
1663 2521 1724 2548 qua:

944 2562 984 2586 est
997 2559 1023 2585 in
1038 2558 1222 2586 anterioribus
1235 2559 1349 2593 pedibus
1362 2568 1369 2592 ;
1386 2559 1490 2590 ultima,
1508 2565 1568 2593 qua:
1582 2561 1623 2585 est
1638 2559 1665 2584 in
1676 2565 1722 2584 ex-

943 2605 1080 2633 tremitate
1092 2606 1196 2633 caudae.
1207 2606 1345 2633 Cuiminat
1359 2606 1474 2632 aliarum
1492 2604 1630 2632 stellarum
1647 2604 1725 2631 initio

943 2652 1052 2687 quidem
1076 2659 1202 2683 occasus,
1221 2651 1328 2679 Gemini
1347 2659 1396 2686 pes
1412 2651 1524 2683 dexter;
1542 2653 1569 2677 et
1583 2649 1724 2684 Anguiferi

943 2698 1085 2726 sinistrum
1097 2706 1178 2734 genu,
1192 2698 1270 2732 quasi
1287 2697 1448 2725 semicubito
1462 2696 1530 2722 citra
1543 2695 1723 2722 meridianum

943 2744 1084 2779 positum:
1101 2748 1127 2770 et
1149 2743 1256 2778 Scorpii
1281 2742 1430 2778 spondylus
1445 2742 1475 2774 I;
1502 2744 1641 2775 postremo
1665 2740 1725 2767 cul-

943 2790 1049 2816 minant
1060 2789 1192 2817 Draconis
1207 2789 1345 2816 borealius
1357 2792 1482 2821 tempus;
1507 2791 1533 2814 et
1549 2793 1609 2821 qua:
1625 2786 1652 2812 in
1666 2793 1725 2813 mo-

943 2835 989 2863 dio
1003 2839 1079 2870 tergo
1095 2835 1246 2871 Sagittarii,
1263 2834 1342 2870 quasi
1363 2833 1526 2862 semicubito
1540 2831 1723 2860 meridianum
