1923 3137
200 132 267 159 1127

708 128 751 155 AD
769 126 903 154 EUSEBII
922 125 1119 154 CHRONICON
1140 123 1320 152 APPENDIX.

1755 123 1819 150 ωδ

201 188 374 217 antecedens.
394 187 499 217 Occidit
516 187 571 215 Leo
593 185 668 214 horis
682 185 710 218 2,
735 188 761 212 et
781 184 889 211 duabus
908 183 981 210 horae

1046 182 1143 208 ›ανοῦσι
1164 181 1211 207 τοῦ
1223 189 1253 207 τε
1279 180 1430 215 Δράκοντος
1454 179 1468 204 6
1492 178 1661 214 βορειότερος
1686 179 1820 214 κρόταφος

200 234 333 269 partibus.

238 369 348 404 Virgine
369 367 520 398 occidente,
535 366 665 393 zodiacus
687 364 829 393 descendit
845 371 860 390 a
884 363 984 391 Leonis

203 415 237 441 27
255 418 331 448 parte
347 414 379 441 ad
394 413 482 440 Libra:
496 413 525 446 7;
544 412 676 439 culminat
699 419 714 437 a
738 410 877 446 Sagittarii
891 410 921 436 11
950 409 985 436 ad

202 459 361 495 Capricorni
382 459 409 486 1.
425 458 517 485 Prima
540 457 642 485 occidit
655 465 685 485 ea
702 464 762 492 quae
779 460 821 484 est
839 457 866 482 in
882 456 924 482 ala
947 455 985 482 si-

203 506 305 538 nistra;
322 505 428 537 ultima,
444 512 504 539 qua
523 508 565 531 est
584 504 611 530 in
629 504 712 530 boreo
729 503 806 537 pede.
829 501 985 529 Culminant

204 551 317 578 aliarum
337 551 487 582 stellarum,
505 550 582 577 initio
595 548 704 584 quidem
720 547 853 582 Ophiuchi
866 546 985 574 secunda

205 597 240 624 ab
253 597 424 624 extremitate
437 595 519 631 139
533 595 636 622 caudae.
653 594 718 621 Item
743 594 770 620 in
787 593 927 628 Sagittarii
947 593 986 619 la-

204 643 309 670 tcrculo
326 641 489 669 antecedens
509 640 712 671 obscuriorum,
728 647 789 675 qua:
807 639 834 666 in
852 639 986 674 oppositis

205 693 269 715 sunt
293 688 421 722 angulis;
449 691 589 721 postremo
613 686 775 719 culminant,
800 685 899 717 lucida,
927 692 987 720 qua:

204 738 247 761 est
263 734 291 760 in
312 733 402 761 medio
418 740 532 766 corpore
552 732 656 768 Cygni;
672 736 699 760 et
720 732 867 759 australior
888 738 986 758 succe-

204 779 326 806 dentium
356 779 382 806 in
406 778 521 806 rhombo
541 778 675 813 Delphini.
703 777 810 805 Occidit
831 776 915 812 Virgo
939 776 987 804 bo-

205 826 243 852 ris
257 825 284 857 2,
301 825 352 851 l2’.

240 954 310 983 Xlll.
325 954 416 982 Chelis
434 961 495 981 cum
510 952 650 985 occidunt,
672 952 814 980 descendit
825 959 878 979 una
898 951 991 978 zodia-

207 1010 256 1030 cus
273 1001 446 1029 aChelarum
474 1004 551 1035 parte
576 999 608 1026 17
628 998 717 1025 media
742 997 776 1024 ad
805 996 910 1032 Scorpii
939 997 989 1030 i5;

207 1048 339 1075 culminat
363 1055 379 1073 a
403 1046 560 1082 Capricorni
590 1050 667 1081 parte
696 1046 729 1072 10
752 1044 785 1071 ad
810 1044 845 1071 28
861 1043 989 1071 mediam.

206 1093 285 1121 Prior
301 1093 402 1121 occidit
415 1093 504 1124 stella,
521 1091 610 1119 lucida
625 1099 685 1127 quae
703 1094 744 1118 est
768 1090 796 1117 in
819 1089 990 1118 extremitate

208 1141 337 1168 australis
352 1140 455 1173 Chelas;
485 1139 592 1171 ultima,
607 1146 667 1173 quae
681 1142 722 1165 est
736 1139 763 1164 in
780 1136 880 1164 boreali
896 1136 989 1163 Chela.

207 1188 374 1215 Cmterarum
400 1186 541 1213 stellarum
569 1184 736 1215 culminant,
759 1182 847 1214 initio,
874 1181 991 1208 maxime

206 1234 324 1262 borealis
340 1241 373 1261 ex
387 1233 431 1265 iis,
451 1239 512 1267 qua:
526 1236 590 1259 sunt
605 1231 632 1258 in
658 1231 700 1257 ala
720 1229 826 1261 dextra,
844 1227 991 1255 novissime

207 1288 267 1315 qua:
280 1280 307 1307 in
319 1286 366 1307 ore
380 1278 447 1313 Equi
459 1277 559 1305 lucida.
571 1276 706 1304 Occidunt
717 1275 808 1302 Chelas
820 1274 888 1301 liora
903 1272 989 1305 1,15¹.

243 1412 310 1439 Cum
338 1410 452 1446 Scorpio
476 1409 591 1437 cadente
615 1408 714 1435 occidit
742 1414 796 1434 una
821 1406 950 1434 zodiacus
976 1412 991 1432 a

209 1462 285 1493 parte
300 1457 334 1485 15
347 1457 436 1484 media
447 1455 594 1483 Chelarum
616 1455 649 1482 ad
666 1454 774 1488 Scorpii
785 1453 801 1479 6
814 1461 820 1485 ;
834 1452 965 1480 culminat
976 1458 992 1477 a

209 1503 370 1539 Capricorni
384 1502 474 1529 media
491 1501 548 1528 7nd
561 1500 719 1536 Capricorni
731 1499 776 1526 22.
794 1498 872 1526 Prior
893 1497 992 1525 occidit

211 1550 289 1577 stella
300 1556 360 1584 quae
386 1553 428 1576 est
447 1549 474 1574 in
489 1548 506 1574 3
520 1547 672 1583 spondylo;
699 1550 837 1581 postrema
857 1544 994 1572 borealior

211 1602 315 1626 carum,
327 1602 386 1628 quae
401 1598 464 1622 sunt
480 1594 507 1621 in
531 1593 628 1620 fronte.
646 1592 821 1627 Reliquarum
854 1592 993 1618 stellarum

211 1641 372 1672 culminant,
389 1640 465 1667 initio
477 1639 586 1675 quidem
605 1646 699 1666 earum
712 1646 773 1672 qua:
792 1638 819 1663 in
841 1637 883 1663 ala
899 1637 994 1664 dextra

211 1686 308 1721 Cygni,
324 1685 423 1717 media,
445 1685 523 1720 quasi
538 1684 698 1712 scmicubito
719 1684 787 1710 citra
812 1682 993 1709 meridianum

212 1733 316 1768 posita;
330 1735 357 1758 et
372 1731 508 1758 borealior
524 1737 618 1758 earum
630 1737 691 1764 quae
714 1733 777 1756 sunt
792 1729 820 1756 in
834 1728 994 1763 Capricorni

212 1778 326 1813 genibus
341 1787 348 1805 :
361 1777 508 1805 novissime
523 1776 684 1807 culminant,
695 1774 786 1801 lucida
802 1774 829 1801 in
846 1773 932 1801 cauda
942 1774 995 1808 Cy-

211 1825 257 1860 gni
276 1824 374 1858 media,
383 1829 410 1851 et
418 1823 578 1858 Capricorni
587 1821 744 1857 praecedens
756 1821 918 1853 lucidarum,
935 1827 995 1855 quae

212 1871 240 1897 in
257 1870 355 1902 cauda,
370 1878 386 1897 a
400 1869 552 1896 meridiano
575 1868 705 1896 deﬁciens
733 1868 812 1895 besse
828 1866 884 1894 fere
898 1866 993 1894 cubiti.

212 1917 318 1945 Occidit
335 1916 466 1952 Scorpius
480 1916 546 1943 hora
562 1916 587 1943 1.

248 2048 395 2076 Occidente
411 2048 557 2084 Sagittario
568 2067 575 2079 ,
591 2046 732 2075 descendit
754 2053 807 2073 una
833 2045 961 2072 zodiacus
981 2052 996 2071 a

213 2100 288 2129 parte
304 2094 410 2129 Scorpii
427 2094 444 2121 3
458 2094 492 2120 ad
512 2092 650 2128 Sagittarii
664 2092 699 2118 27
711 2091 827 2119 mediam
841 2100 848 2124 ;
863 2091 996 2118 culminat

214 2148 229 2167 a
245 2141 403 2175 Capricorni
413 2140 448 2167 20
462 2139 496 2166 ad
522 2138 641 2167 Piscium
658 2139 675 2165 5
689 2138 814 2165 mediam.
842 2137 932 2164 Prima
951 2144 997 2164 oc-

1033 228 1080 254 καὶ
1092 227 1138 253 τοῦ
1153 227 1267 259 Τοξότου
1281 227 1295 252 6
1316 227 1345 252 ὲν
1363 225 1439 260 μέσῳ
1447 224 1486 259 τῷ
1498 223 1584 259 νώτῳ,
1605 224 1644 256 ὡς
1672 225 1822 261 ὴμιπήχιον

1033 273 1237 309 προηγούμενος
1250 271 1297 298 τοῦ
1312 269 1508 306 μεσημϐρινοῦ.
1523 270 1602 297 Δύνει
1623 270 1651 296 δὲ
1671 271 1685 297 6
1704 271 1781 297 Λέων
1795 273 1821 298 ὲν

1033 319 1117 355 ὥραις
1135 319 1156 353 β’
1176 318 1223 345 καὶ
1239 318 1300 344 δυσὶ
1320 317 1430 353 μέρεσιν
1443 316 1526 352 ὥρας.
1661 347 1667 361 ³

1068 364 1125 399 Τῆς
1138 364 1166 390 δὲ
1178 363 1315 399 Παρθένου
1329 362 1469 397 δυνούσης,
1482 362 1677 396 συγκαταδύνει
1691 364 1742 397 μὲν
1755 362 1822 398 αὐτῇ

1033 412 1047 437 6
1064 410 1194 442 ζωδιακὸς
1219 410 1273 437 ἀπὸ
1296 410 1411 441 Λέοντος
1434 409 1455 441 ζ’
1472 409 1520 435 καὶ
1538 408 1563 435 κ’
1582 409 1636 443 μοί.
1656 409 1709 440 ἕως
1727 409 1823 444 Χηλῶν

1034 457 1072 488 ζ”
1091 458 1251 492 μεσουρανεί
1271 456 1299 482 δὲ
1322 456 1375 483 ἀπὸ
1390 455 1502 488 Τοξότου
1522 459 1554 482 ια’
1568 455 1622 487 ἕως
1637 456 1825 492 Αξγοκέρωτος

1034 504 1065 530 δ’.
1080 504 1135 529 Καὶ
1147 506 1169 529 α’
1186 502 1234 537 μὲν
1250 502 1338 537 ἀστὴρ
1357 502 1428 528 δύνει
1450 502 1464 528 6
1486 503 1515 529 έν
1537 502 1610 537 ἄκρᾳ.
1633 504 1667 537 τῇ
1692 503 1825 538 ἀριστερᾷ

1035 550 1150 585 πτέρυγι
1160 558 1166 564 ⁸
1182 549 1295 584 ἔσχατος
1307 549 1335 575 δὲ
1348 549 1362 574 6
1381 549 1409 575 ὲν
1421 548 1460 584 τῷ
1472 548 1569 584 βορείῳ
1592 548 1661 574 ποδί.
1681 548 1825 583 Μεσουρα-

1035 596 1109 624 νοῦσι
1124 596 1152 622 δὲ
1166 595 1220 622 τῶν
1232 595 1319 621 ἄλλων
1337 595 1459 632 ἀστέρων
1483 595 1511 621 ἐν
1527 594 1576 629 μὲν
1596 596 1629 629 τῇ
1642 595 1715 629 ἀρχῇ
1734 593 1781 620 τοῦ
1798 603 1826 620 τε

1042 641 1182 676 Ὀφιούχου
1198 641 1212 666 ὁ
1226 640 1248 675 β’
1264 640 1311 666 ἀπ’
1326 640 1413 675 ἄκρας
1427 640 1476 675 τῆς
1495 640 1588 675 οὐρᾶς,
1611 640 1660 665 καὶ
1679 639 1728 665 τοῦ
1746 638 1826 671 Τοξό-

1035 696 1082 714 του
1095 686 1149 712 τῶν
1163 687 1192 712 ὲν
1206 685 1245 721 τῷ
1259 685 1451 721 τετραπλεύρῳ
1470 687 1484 712 ὁ
1499 685 1650 721 ἡγούμενος
1666 686 1722 712 τῶν
1741 686 1827 720 ἀμαυ-

1037 731 1155 767 ροτέρων
1173 730 1357 764 ἀντιγωνίων’
1380 729 1493 765 ἔσχατον
1514 730 1542 756 δὲ
1562 731 1763 765 μεσουῳνοῦσι
1781 730 1827 757 τοῦ

1036 786 1066 804 τε
1084 777 1208 813 Ὄρνιθος
1225 778 1239 803 6
1258 778 1286 803 ὲν
1305 777 1378 812 μέσῳ
1392 776 1430 812 τῷ
1444 777 1548 812 σώματι
1562 778 1699 813 λαμπρὸς,
1717 779 1766 804 καὶ
1782 778 1828 804 τοῦ

1039 824 1164 858 Δελφῖνος
1177 823 1230 849 τῶν
1245 823 1273 849 ἐν
1289 822 1327 857 τῷ
1341 823 1435 858 ῥόμϐῳ
1446 824 1460 849 6
1482 822 1642 858 νοτιώτερος
1658 823 1715 850 τῶν
1732 824 1829 859 ἑπομέ-

1002 859 1026 888 Β
1039 877 1101 895 νων.
1114 867 1190 893 Δύνει
1205 867 1234 894 δὲ
1255 868 1271 902 ἡ
1294 867 1429 903 Παροένος
1449 868 1478 894 ὲν
1497 866 1582 903 ὦραις
1604 867 1626 902 β’
1642 869 1692 895 καὶ
1711 868 1830 903 πέμπτῳ

1041 913 1127 949 μέρει.

1074 960 1123 986 Il".
1142 960 1226 986 Ὅταν
1241 959 1269 986 δὲ
1282 959 1309 986 αἱ
1330 959 1419 995 Χηλαὶ
1435 959 1544 991 δύνωσι,
1568 960 1768 994 σνγκαταδύνει
1782 961 1831 996 μὲν

1040 1006 1135 1038 αὑταῖς
1148 1007 1162 1033 6
1190 1005 1321 1038 ζωδιακὸς
1342 1005 1396 1032 ἀπὸ
1421 1006 1517 1039 Χηλῶν
1541 1006 1595 1041 μοί.
1616 1006 1648 1038 ιζ’
1668 1007 1758 1043 μέσης
1779 1007 1832 1040 ἓως

1040 1052 1174 1087 Σκορπίου
1193 1052 1248 1087 μοί.
1271 1055 1317 1078 ιε’·
1334 1054 1496 1088 μεσουρανεῖ
1509 1052 1599 1079 δὲὰπδ
1611 1052 1756 1089 Δίγόκερω
1775 1054 1831 1088 μοὶ.

1042 1097 1057 1123 ι’
1072 1097 1124 1129 ἕως
1147 1098 1289 1133 Αἰγόκερω
1313 1097 1368 1133 μοί.
1385 1098 1411 1133 η’
1430 1098 1476 1124 καὶ
1495 1098 1519 1124 κ’
1543 1098 1640 1133 μέσης.
1663 1099 1721 1125 Καὶ
1743 1102 1767 1125 α’
1784 1099 1832 1134 μὲν

1040 1142 1127 1178 ἀστὴρ
1142 1142 1214 1169 δύνει
1225 1144 1239 1169 6
1253 1144 1282 1170 ὲν
1295 1143 1369 1178 ἄκρᾳ
1378 1144 1411 1178 τῇ
1422 1143 1497 1178 νοτιᾳ
1506 1143 1582 1179 Χηλῇ
1597 1143 1737 1179 λαμπρὸς,
1751 1145 1832 1180 ἔσχα-

1039 1196 1085 1220 τος
1095 1188 1123 1214 δὲ
1134 1189 1149 1215 6
1164 1189 1192 1215 ὲν
1213 1189 1283 1225 μέσῃ
1298 1190 1331 1225 τῇ
1355 1189 1452 1225 βορείῳ
1468 1189 1555 1225 Χηλῇ.
1574 1190 1784 1226 Μεσουρανοῦσι
1805 1191 1833 1218 δὲ

1040 1233 1093 1260 τῶν
1110 1233 1197 1260 ἄλλων
1217 1235 1338 1270 ἀστέρων
1355 1236 1385 1261 ὲν
1405 1235 1455 1271 μὲν
1468 1237 1501 1271 τῇ
1525 1237 1595 1271 ἀρχῇ
1610 1236 1657 1262 τοῦ
1677 1237 1805 1273 Ὄρνιθος
1820 1239 1833 1265 6

1042 1279 1210 1316 βορειότατος
1235 1280 1289 1308 τῶν
1306 1281 1334 1307 ὲν
1349 1282 1381 1316 τῇ
1398 1280 1473 1317 δεξιᾷ
1489 1282 1615 1317 πτέρυγι,
1632 1282 1749 1317 ἔσχατον
1771 1283 1799 1309 δὲ
1819 1284 1834 1310 6

1041 1326 1069 1352 ἐν
1083 1325 1121 1360 τῷ
1142 1327 1254 1361 στόματι
1277 1326 1322 1353 τοῦ
1341 1327 1438 1355 Ἵππου
1464 1327 1598 1363 λαμπρός.
1615 1328 1732 1355 Δύνουσι
1759 1329 1788 1355 δὲ
1805 1329 1834 1355 αἱ

1041 1371 1130 1406 Χηλαὶ
1146 1373 1174 1398 ὲν
1190 1371 1250 1407 ὥρςι
1262 1371 1286 1397 α’
1300 1372 1348 1398 καὶ
1365 1372 1385 1398 δ’
1404 1372 1493 1407 μέρει.

1076 1417 1129 1443 Τοῦ
1143 1417 1171 1443 δὲ
1183 1418 1317 1452 Σκορπίου
1333 1417 1465 1449 δύνοντος,
1480 1418 1677 1452 συγκαταδύνει
1695 1418 1747 1453 μὲν
1762 1418 1835 1454 αὐτῷ

1042 1463 1056 1490 6
1071 1462 1201 1495 ζωδιακὸς
1218 1463 1272 1490 ἀπὸ
1288 1462 1385 1498 Χηλῶν
1402 1462 1456 1498 μοί.
1476 1463 1510 1497 ιγ’
1527 1463 1612 1499 μέσης
1631 1463 1685 1495 ἕως
1699 1464 1834 1499 Σκορπὼυ

1046 1509 1100 1545 μοι.
1119 1509 1161 1542 ς’·
1180 1510 1341 1545 μεσουρανεῖ
1364 1509 1392 1535 δὲ
1414 1509 1467 1535 ἀπὸ
1482 1508 1623 1544 Αιγόκερω
1639 1509 1660 1541 ζ’
1676 1509 1766 1545 μέσης
1784 1510 1836 1541 ἕως

1044 1555 1184 1590 Αξγὸκερω
1234 1555 1281 1581 καὶ
1295 1558 1328 1582 κ’.
1346 1555 1401 1581 Καὶ
1412 1554 1436 1581 α’
1454 1555 1502 1590 μὲν
1514 1555 1600 1591 ἀστὴρ
1613 1555 1686 1582 δύνει
1700 1557 1715 1582 6
1729 1556 1778 1582 ἐπὶ
1789 1556 1836 1582 τοῦ

1044 1601 1069 1636 γ’
1086 1600 1230 1635 σφονδύλου
1244 1600 1379 1636 κείμενος,
1394 1600 1506 1635 ἔσχατον
1522 1601 1550 1626 δὲ
1563 1601 1577 1627 ὀ
1595 1601 1770 1636 βορειότερος
1783 1601 1836 1627 τῶν

1044 1648 1072 1673 ὲν
1085 1646 1123 1681 τῷ
1139 1645 1266 1681 μετώπῳ.
1282 1645 1486 1681 Μεσουρανοῦσι
1498 1646 1526 1672 δὲ
1542 1645 1596 1672 τῶν
1609 1646 1699 1673 ἄλλων
1713 1646 1837 1681 ἀστέρων

1045 1693 1074 1719 ὲν
1087 1692 1135 1728 μὲν
1148 1694 1181 1727 τῇ
1197 1693 1267 1727 ἀρχῇ
1284 1691 1330 1718 τοῦ
1346 1692 1470 1728 Ὄρνιθος
1482 1693 1496 1718 6
1512 1692 1593 1726 μέσος
1604 1692 1658 1720 τῶν
1671 1694 1703 1719 ὲν
1716 1695 1751 1728 τῇ
1764 1693 1838 1727 δεξιᾷ

1044 1738 1170 1773 πτέρυγι,
1188 1737 1397 1773 ὑπολειπόμενος
1421 1737 1458 1769 ὡς
1479 1738 1628 1774 ήμιπήχιον
1650 1738 1700 1765 τοῦ
1728 1747 1837 1773 μεσημ-

1045 1784 1148 1820 ϐρινοῦ,
1167 1783 1213 1810 καὶ
1226 1783 1272 1809 τοῦ
1290 1784 1430 1819 Δίγόκερω
1448 1784 1461 1810 6
1477 1784 1645 1820 βορειότερος
1665 1784 1724 1811 τῶν
1741 1786 1772 1811 ὲν
1783 1787 1838 1816 rei;

1045 1829 1154 1863 γόνασιν
1164 1837 1171 1843 ⁸
1188 1828 1300 1864 ἔσχατον
1314 1828 1342 1854 δὲ
1362 1828 1557 1864 μεσουρανοῦσι
1574 1829 1620 1855 τοῦ
1634 1838 1664 1855 τε
1680 1829 1810 1865 Ὄρνιθος
1825 1831 1839 1856 6

1045 1875 1073 1901 ὲν
1091 1874 1161 1910 μέσῃ
1172 1875 1205 1909 τῇ
1221 1875 1289 1909 οὐρᾷ
1300 1874 1438 1910 λαμπρὸς,
1452 1874 1499 1901 καὶ
1514 1874 1560 1901 τοῦ
1574 1875 1719 1910 Λξγόκερω
1732 1877 1747 1902 6
1762 1875 1839 1912 ἡγού-

1047 1929 1126 1956 μενος
1145 1920 1199 1947 τῶν
1218 1921 1246 1946 ὲν
1260 1922 1291 1956 τῇ
1306 1921 1374 1956 οὐρᾷ
1394 1920 1538 1956 λαμπρῶν,
1556 1921 1778 1956 ὑπολειπόμενος
1794 1921 1838 1949 τοῦ

1047 1966 1231 2002 μεσημϐρινοῦ
1245 1966 1283 1998 ὼς
1295 1966 1317 2001 β’
1335 1966 1405 2001 μέρη
1422 1967 1540 2002 πήχεως.
1556 1966 1634 1993 Δύνει
1649 1966 1678 1993 δὲ
1702 1967 1838 2003 Σκορπίος

1046 2013 1074 2039 ἐν
1086 2012 1145 2047 ὥρᾳ
1158 2012 1193 2039 α’.

1080 2057 1133 2082 Τοῦ
1150 2057 1177 2082 δὲ
1199 2056 1311 2088 Τοξότου
1332 2056 1463 2090 δύνοντος,
1482 2057 1676 2090 συγκαταδύνει
1698 2058 1749 2092 μὲν
1767 2058 1839 2093 αὐτῷ

1045 2103 1059 2129 6
1076 2101 1205 2134 ζωδιακὸς
1219 2101 1274 2128 ἀπὸ
1289 2101 1424 2136 Σκορπίου
1442 2102 1495 2136 μοί.
1513 2101 1537 2135 γ’
1552 2101 1604 2133 ἕως
1618 2101 1737 2134 Τοξότου
1755 2102 1780 2134 ζ⁷
1795 2104 1839 2129 καὶ

1046 2147 1071 2174 κ’
1086 2148 1185 2182 μέσης·
1211 2150 1371 2183 μεσουρανεῖ
1386 2148 1412 2173 δὲ
1434 2147 1486 2173 ἀπὸ
1510 2147 1651 2183 Αῑγόκερω
1670 2148 1728 2183 μοί.
1744 2149 1772 2176 κ’
1789 2150 1839 2181 ἕως

214 2186 280 2213 cidit
290 2186 380 2212 lucida
399 2186 558 2220 posterioris
573 2185 665 2220 pedis;
692 2185 786 2212 ultima
802 2184 937 2211 borealior
948 2190 992 2210 ca-

1053 2193 1162 2228 Ίχούων
1178 2196 1197 2219 ε’
1214 2193 1310 2228 μέσης.
1327 2193 1381 2220 Καὶ
1394 2193 1418 2219 α’
1435 2193 1482 2227 μὲν
1496 2193 1582 2229 ἀστὴρ
1593 2193 1666 2220 δύνει
1680 2195 1695 2220 6
1712 2195 1840 2230 λαμπρὸς

215 2240 286 2263 rum,
302 2240 362 2266 quae
372 2237 435 2259 sunt
451 2233 477 2259 in
493 2240 568 2267 sago.
583 2232 747 2259 Caeterarum
764 2231 902 2258 stellarum
919 2230 996 2257 initio

216 2278 367 2305 culminant
385 2286 445 2312 quae
459 2282 501 2305 est
515 2278 542 2305 in
554 2278 648 2306 dextra
664 2285 746 2305 manu
759 2277 858 2312 Cephei
872 2285 879 2310 ;
895 2280 922 2303 et
939 2284 998 2311 qua:

218 2327 244 2352 in
258 2325 327 2352 [lcxu
340 2325 388 2352 alie
402 2325 519 2352 sinistrae
535 2325 635 2360 Cygni;
650 2332 700 2352 nec
712 2332 766 2352 non
790 2324 938 2352 succedens
953 2331 998 2351 ea-

217 2378 277 2397 rum
289 2378 348 2406 qua:
359 2374 422 2397 sunt
438 2370 466 2397 in
484 2374 559 2405 tergo
570 2370 738 2405 Capricorni,
754 2368 932 2396 meridianum
945 2369 999 2395 cir—

217 2414 285 2441 citer
296 2413 459 2441 antecedens
471 2422 478 2446 ;
490 2414 637 2441 novissime
650 2414 811 2447 culminant,
825 2414 936 2441 sinister
951 2420 999 2448 pes

218 2460 329 2495 Cephei,
351 2464 377 2487 et
387 2467 446 2494 quas
459 2460 486 2486 in
501 2459 630 2487 umbilico
641 2464 683 2488 cst
698 2460 775 2496 Equi.
792 2461 897 2489 Occidit
909 2460 999 2495 Sagit—

219 2508 303 2535 tarius
317 2507 391 2534 horis
406 2507 423 2533 5

253 2650 322 2678 XIV.
333 2650 400 2679 Cum
409 2650 576 2686 Capricorno
587 2650 864 2678 descenditzodiacus
875 2658 890 2676 a
902 2650 1001 2685 parte?

218 2696 377 2732 Capricorni
397 2698 429 2725 ad
453 2698 488 2725 24
516 2697 651 2729 mediam;
671 2697 803 2724 culminat
824 2704 839 2723 a
853 2697 940 2723 media
956 2696 1000 2722 Pi-

219 2745 307 2771 scium
322 2745 351 2771 11
370 2744 403 2771 ad
419 2744 519 2771 Arietis
529 2743 555 2771 9.
572 2743 662 2770 Prima
675 2743 775 2771 occidit
797 2742 942 2769 australior
956 2750 1002 2770 ea-

221 2796 281 2815 rum
296 2797 357 2824 qua:
381 2790 407 2816 in
423 2790 571 2825 geniculis;
601 2790 697 2816 ultima
726 2788 876 2816 succedens
908 2795 1001 2816 earum

220 2842 279 2869 quae
297 2840 360 2862 sunt
381 2837 407 2863 in
426 2837 523 2864 cauda.
538 2836 715 2872 Reliquarum
741 2836 880 2863 stellarum
905 2835 1002 2862 culmi-

1048 2239 1061 2265 6
1076 2239 1104 2264 έν
1121 2237 1158 2272 τῷ
1177 2237 1291 2273 ὀπισθίῳ
1307 2237 1376 2270 ποδὶ,
1394 2238 1503 2272 ἔσχατος
1517 2238 1545 2264 δὲ
1568 2239 1583 2264 6
1598 2239 1774 2275 βορειότερος
1787 2241 1838 2267 τῶν

1048 2285 1077 2311 ὲν
1092 2286 1123 2319 τῇ
1142 2284 1274 2318 ὲφαπτίδι.
1285 2284 1487 2319 Μεσουρανοῦσι
1502 2284 1530 2311 δὲ
1543 2284 1596 2311 τῶν
1609 2284 1695 2312 ἄλλων
1714 2286 1839 2322 ἀστέρων

1049 2331 1077 2356 ἐν
1091 2331 1139 2365 μὲν
1147 2331 1179 2365 τῇ
1196 2331 1266 2365 ἀρχῇ
1280 2329 1326 2356 τοῦ
1337 2330 1454 2365 Κηφέως
1465 2331 1479 2356 6
1496 2330 1604 2366 ἐνᾶκρᾳ
1616 2333 1650 2366 τῇ
1665 2331 1741 2367 δεξιᾷ
1754 2334 1837 2368 χειρὶ,

1049 2375 1097 2402 καὶ
1108 2374 1155 2401 τοῦ
1170 2375 1294 2410 Ὀρνιοος
1308 2376 1321 2401 6
1335 2376 1363 2402 ὲν
1378 2375 1416 2410 τῷ
1430 2375 1533 2408 ἀγκῶνι
1546 2376 1596 2411 τῆς
1610 2377 1761 2412 ἀριστερᾶς
1774 2379 1838 2405 πτέ-

1051 2430 1142 2458 ρυγος,
1158 2422 1204 2447 καὶ
1215 2421 1262 2447 τοῦ
1273 2422 1413 2457 Αἰγόκερω
1425 2422 1438 2447 6
1449 2421 1580 2457 ἑπόμενος
1590 2422 1645 2449 τῶν
1654 2425 1684 2450 ὲν
1698 2424 1739 2459 τῷ
1749 2424 1836 2460 νώτῳ,

1051 2466 1254 2502 προηγούμενος
1264 2466 1310 2493 τοῦ
1323 2466 1510 2502 μεσημϐρινοῦ
1525 2467 1562 2499 ὡς
1576 2469 1743 2503 ὴμιπήχιον·
1758 2469 1839 2505 ἔσχα-

1050 2521 1095 2540 τον
1108 2513 1134 2539 δὲ
1147 2513 1342 2548 μεσουρανοῦσι
1355 2513 1402 2539 τοῦ
1413 2521 1443 2539 τε
1451 2513 1566 2548 Κηῳέως
1575 2514 1589 2539 ὀ
1599 2514 1746 2550 ἀριστερὸς
1759 2516 1835 2547 1705;-

1048 2560 1096 2586 καὶ
1111 2559 1157 2586 τοῦ
1171 2559 1269 2586 Ἵππου
1283 2560 1296 2585 6
1314 2560 1342 2586 ὲν
1357 2559 1395 2594 τῷ
1414 2560 1536 2595 ὀμφαλῷ.
1550 2560 1628 2587 Δύνει
1642 2560 1671 2587 δὲ
1688 2562 1702 2587 6
1721 2561 1837 2597 Τοξότης

1051 2606 1080 2631 ἐν
1096 2605 1179 2641 ὥραις
1194 2605 1227 2639 γ’.

1087 2651 1135 2677 1Δ⁷.
1153 2650 1206 2677 Τοῦ
1223 2650 1251 2676 δὲ
1268 2651 1409 2686 Αἱγόκερω
1422 2650 1555 2683 δύνοντος,
1573 2652 1772 2686 συγκαταδύνει
1789 2653 1836 2687 μὲν

1051 2696 1125 2731 αὐτῷ
1138 2697 1152 2722 6
1165 2696 1294 2728 ζωδιακὸς
1306 2696 1359 2723 ἀπὸ
1371 2696 1511 2731 Λίγόκερω
1526 2697 1580 2731 μοι.
1597 2696 1619 2731 β’
1634 2697 1688 2728 ἕως
1698 2698 1836 2732 Αἰγόκερω

1054 2743 1108 2778 μοί.
1121 2742 1140 2768 δ’
1156 2743 1202 2769 καὶ
1212 2743 1235 2769 κ’
1251 2742 1334 2777 μέσης
1344 2751 1350 2757 ⁸
1365 2743 1527 2777 μεσουρανεῖ
1539 2743 1566 2768 δὲ
1582 2743 1637 2770 ἀπὸ
1657 2744 1768 2779 Ἰχθύων
1782 2744 1832 2779 μοί.

1054 2792 1086 2814 ια’
1103 2789 1187 2824 μέσης
1204 2789 1255 2820 ἕως
1269 2788 1353 2823 Κριοῦ
1363 2788 1395 2814 θ’.
1411 2789 1465 2814 Καὶ
1481 2788 1506 2815 α’
1522 2789 1570 2823 μὲν
1581 2789 1670 2826 ἀστὴρ
1684 2789 1756 2816 δύνει
1770 2790 1784 2815 6
1796 2797 1835 2815 vo-

1053 2834 1180 2870 τιώτερος
1196 2834 1249 2861 τῶν
1269 2835 1296 2862 ἐν
1307 2835 1362 2865 τοῖς
1375 2834 1517 2868 γονατίοις,
1534 2834 1648 2869 ἑσχατος
1661 2835 1691 2862 δὲ
1706 2836 1721 2861 6
1737 2835 1833 2869 ἑπόμε-
