1907 3144
95 161 164 189 “29

579 160 762 191 HlPPARCHI
780 163 826 191 AD
844 164 1068 195 PHIENOMENA
1088 167 1152 195 LIB.
1173 167 1215 195 lll.

1643 176 1709 205 H50

93 228 139 252 νος
155 219 210 246 τῶν
233 219 263 246 ὲν
282 220 315 255 τῇ
332 219 409 255 οὐρᾷ.
430 219 634 255 Μεσουρανοῦσι
661 221 690 248 δὲ
715 222 769 249 τῶν
792 223 869 250 ἀλλων

931 230 1007 258 nant,
1034 226 1110 254 initio
1141 227 1252 262 quidem
1270 228 1412 256 obscurior
1425 236 1518 257 earum
1533 238 1593 266 qua!
1607 239 1671 262 sunt
1683 236 1710 264 in

92 265 215 301 ἀστέρων
229 266 258 292 ὲν
274 265 324 301 μὲν
345 267 377 301 τῇ
395 266 466 302 ἀρχῇ
487 266 537 301 τῆς
553 268 738 299 Κασσιεπείας
758 268 773 294 6
786 269 876 304 ἀμαυ-

93 312 203 348 ρότερος
215 311 269 338 τῶν
280 312 309 338 ὲν
324 312 363 347 τῷ
374 312 471 348 δίφρῳ,
488 313 535 339 καὶ
547 313 597 349 τῆς
618 313 795 349 Ἀνδρομέδας
808 316 821 341 ό
833 315 877 350 βο-

93 358 228 393 ρειότερος
238 357 292 384 τῶν
304 358 333 384 ὲν
345 358 384 393 τῷ
396 358 503 394 στήθει·
520 357 631 394 ἔσχατοκὶ
641 359 670 385 δὲ
681 361 876 397 μεσουρανοῦσι

90 403 138 429 τοῦ
152 411 181 429 τε
190 403 316 439 Περσέως
325 405 339 430 ό
353 404 494 440 ἀριστερὸς
508 403 592 439 ὦμος,
607 404 817 440 ὑπολειπόμενος
827 406 874 432 τοῦ

91 450 277 492 μεσημϐρινοῦ
293 451 330 482 ὡς
346 451 367 486 β’
385 451 454 488 μέρη
469 452 588 487 πήχεως.
607 452 684 479 Δύνει
695 453 723 479 δὲ
737 454 751 480 ό
763 454 875 488 Αῑγόκε-

89 504 145 531 ρως
159 496 188 522 ἐν
203 495 262 532 ὥρᾳ
274 496 298 522 α’
317 496 364 523 καὶ
377 497 400 532 β’
414 498 524 533 μέρεσιν
536 498 619 533 ὥρας.

126 543 178 569 Τοῦ
189 542 216 568 δὲ
233 543 376 578 ’Υδροχόου
386 543 519 576 δύνοντος,
529 544 722 579 συγκαταδύνει
739 545 788 581 μὲν
799 546 874 583 αὐτῷ

86 590 101 616 ὁ
131 588 261 622 ζωδιακὸς
289 589 343 616 ἀπὸ
368 590 555 625 Αἰγοκέρωτος
579 592 633 626 μοί.
651 591 685 627 ιη’
713 592 798 628 μέσης
822 593 874 625 ἕως

91 636 236 672 ’Υδροχόου
254 636 300 663 ιε’·
319 639 479 673 μεσουρανεῑ
493 638 521 664 δὲ
537 638 590 665 ἀπὸ
607 638 692 674 Κριοῦ
711 639 765 674 μοί.
785 640 808 673 γ’
821 640 873 672 ἕως

84 682 193 718 Ταύρου
206 682 228 715 ζ*
247 682 340 717 μέσης.
358 682 413 709 Καὶ
431 682 455 709 α’
476 683 525 718 μὲν
538 683 625 719 ἀστὴρ
640 684 711 710 δύνει
724 685 739 710 6
755 684 871 720 ἡγούμε-

84 736 130 759 νος
145 727 198 755 τῶν
214 729 242 754 ἐν
254 729 286 763 τῇ
301 729 432 764 ἀριστερᾷ
447 729 528 764 χειρὶ,
546 728 658 763 ἔσχατος
671 729 700 755 δὲ
710 730 725 755 6
740 730 871 765 ἑπόμενος

82 773 138 801 τῶν
154 775 222 810 ὲντῇ
238 774 357 801 κάλπιδι.
367 774 570 810 Μεσουρανοῦσι
583 775 612 801 δὲ
626 775 679 802 τῶν
692 775 778 803 ἄλλων
793 777 871 803 ἀστέ-

83 829 140 856 ρων
153 821 181 847 ὲν
198 820 245 856 μὲν
263 822 295 856 τῇ
320 821 389 856 ἀρχῇ
404 820 449 847 τοῦ
465 821 592 857 Περσέως
609 822 623 848 6
636 822 665 848 ὲν
682 822 715 857 τῇ
737 822 811 857 ἅρπῃ
829 831 871 848 νε-

81 865 222 902 φελοειδὴς
237 865 285 898 ὢν,
298 866 403 902 καὶτῆς
421 866 597 902 Ἀνδρομέδας
609 868 622 892 6
639 865 779 902 ἀριστερὸς
792 866 869 899 ποῦς,

928 272 997 299 solio
1010 272 1175 308 Cassicpeaa,
1189 277 1216 300 et
1234 281 1327 301 earum
1340 282 1401 310 quae
1412 280 1476 302 sunt
1488 276 1515 303 in
1531 276 1711 308 Andromedae

927 322 1046 353 pectore,
1071 319 1205 346 borealior
1219 327 1225 345 :
1240 320 1389 348 novissime
1421 321 1581 356 culminant,
1600 324 1711 354 sinister

926 363 1056 391 humerus
1084 364 1188 397 Persei,-
1202 365 1271 392 citra
1300 365 1442 394 meridiem
1472 367 1578 396 duabus
1599 370 1709 399 circiter

925 411 1048 445 partibus
1061 411 1144 439 cubiti
1157 411 1235 439 situs.
1253 411 1358 440 Occidit
1370 413 1558 451 Capricornus
1568 415 1634 444 hora
1651 418 1664 445 1
1683 421 1710 446 et

925 456 1032 486 duobus
1052 457 1123 485 hora
1139 457 1272 493 partibus.

960 547 1029 573 Cum
1043 546 1164 582 Aquario
1187 547 1315 576 zodiacus
1341 549 1442 576 occidit
1456 557 1472 576 a
1490 549 1650 585 Capricorni
1666 552 1707 584 l8.

924 591 1013 619 media
1039 592 1073 619 ad
1101 591 1213 627 Aquarii
1229 593 1278 626 15;
1306 593 1439 621 culminat
1455 595 1489 622 ab
1513 595 1613 624 Arietis
1637 598 1655 624 5
1674 598 1709 625 ad

924 636 1005 664 Tauri
1031 637 1146 665 mediam
1162 638 1186 665 7.
1202 638 1282 666 Prior
1305 639 1406 667 occidit
1423 641 1512 674 stella,
1542 643 1708 672 antecedens

923 691 1027 716 earum,
1045 692 1105 719 quae
1124 689 1187 712 sunt
1202 686 1228 712 in
1240 685 1352 713 sinislra
1369 694 1468 721 manu;
1486 688 1592 720 ultima,
1613 697 1708 717 succe-

923 728 990 756 dens
1003 736 1107 762 earum,
1122 738 1182 765 quae
1198 730 1225 757 in
1237 739 1316 758 urna.
1346 730 1523 767 Reliquarum
1545 734 1704 767 culminant,

922 774 1000 802 initio
1011 775 1130 810 quidem,
1156 783 1188 803 ea
1208 783 1268 811 quae
1288 780 1330 804 est
1358 777 1385 804 in
1404 778 1489 813 harpe
1504 778 1597 807 Persei
1622 781 1707 808 nebu-

922 819 979 846 losa
989 828 996 853 ;
1006 823 1033 847 et
1047 820 1228 849 Andromedae
1244 829 1292 857 pes
1313 823 1434 856 sinister,
1449 824 1589 858 paululum
1598 830 1707 854 antece—

921 863 989 892 dens
1004 865 1184 893 meridianum
1201 874 1208 891 :
1225 866 1290 893 item
1304 866 1404 894 Arietis
1419 875 1513 895 earum
1525 876 1586 903 qum
1600 874 1665 897 sunt
1679 871 1707 897 in

82 912 183 947 μικρὸν
207 911 410 947 προηγούμενος
430 911 477 938 τοῦ
499 912 683 948 μεσημϐρινοῦ
695 921 701 927 ·
719 913 819 948 ὁμοίως
838 913 867 940 δὲ

920 910 1018 945 capite,
1030 910 1136 944 media;
1150 911 1246 938 ultima
1267 919 1343 945 vero,
1357 920 1416 948 quae
1437 917 1479 941 est
1494 913 1522 941 in
1538 914 1620 942 Tauri
1644 923 1706 943 sca-

80 957 130 983 καὶ
143 956 190 983 τοῦ
204 957 289 992 Κριοῦ
301 958 314 983 6
329 957 409 993 μέσος
420 957 474 984 τῶν
486 958 514 983 ὲν
525 959 557 993 τῇ
573 958 676 994 κεφαλῇ
690 967 696 973 ·
711 958 823 993 ἔσχατος
838 959 866 985 δὲ

79 1003 92 1028 ὁ
104 1003 142 1039 .év
157 1003 189 1038 τῇ
204 1002 352 1039 ὠμοπλάτῃ
369 1002 414 1029 τοῦ
432 1003 549 1039 Ταύρου,
579 1004 617 1034 ὡς
636 1004 785 1039 ήμιπήχιον
798 1013 866 1039 προ-

78 1048 148 1084 ηγού
153 1057 232 1084 μενος
244 1048 292 1074 τοῦ
308 1048 504 1084 μεσημϐρινοῦ,
519 1049 565 1076 καὶ
578 1049 632 1075 τῶν
646 1049 748 1076 Ὑάδων
761 1050 775 1076 6
788 1051 816 1077 ἐν
828 1050 867 1085 τῷ

79 1096 188 1130 ῥύγχει,
207 1095 244 1126 ὼς
268 1095 417 1130 ἡμιπήχιον
429 1094 640 1130 ὑπολειπόμενος
654 1095 700 1122 τοῦ
717 1096 867 1132 μεσημῦρι-

78 1141 136 1167 νοῦ.
156 1140 233 1167 Δύνει
248 1140 277 1166 δὲ
291 1141 305 1166 6
326 1139 464 1175 Ὑδροχόος
479 1141 507 1166 ὲν
529 1140 613 1175 ὥραις
632 1140 654 1175 β’
671 1142 717 1168 καὶ
739 1142 763 1177 η’
778 1142 864 1178 μέρει,

113 1186 176 1212 Τῶν
198 1186 227 1213 δὲ
247 1185 356 1221 ’ἰχθύων
375 1186 516 1217 δυνόντων,
536 1186 729 1220 συγκαταδύνει
748 1187 797 1222 μὲν
816 1188 866 1214 αὑ-

76 1234 134 1264 τοῖς
157 1233 172 1258 6
196 1231 326 1263 ζωδιακὸς
350 1231 402 1257 ἀπὺ
423 1231 564 1267 Ὑδροχόου
594 1231 648 1267 μοί.
667 1235 691 1265 γ’
707 1232 754 1258 καὶ
774 1234 798 1258 κ’
814 1232 867 1264 ἓως

76 1277 165 1314 Κριοῦ
193 1277 247 1312 μοί.
262 1276 299 1302 ε’·
321 1277 483 1311 μεσουρανεῖ
509 1276 537 1302 δὲ
547 1276 600 1302 ἀπὸ
622 1275 729 1312 Ταύρου
758 1276 811 1312 μοί.
835 1276 865 1308 ιζ’

75 1323 130 1355 ἓως
141 1323 278 1359 Καρκίνου
290 1326 326 1355 ς’.
337 1322 389 1349 Καὶ
403 1325 426 1347 α’
437 1322 485 1357 μὲν
500 1322 587 1357 ἀστὴρ
597 1322 667 1348 δύνει
678 1324 692 1348 6
707 1323 734 1348 έν
742 1322 817 1358 ἄκρῳ
828 1321 866 1357 τῷ

74 1370 175 1405 ῥύγχει
191 1369 238 1395 τοῦ
261 1368 430 1405 βορειοτέρου
453 1367 568 1403 Ἰχθύος·
590 1369 751 1404 μεσουρανεί
769 1368 796 1394 δὲ
812 1367 866 1395 τῶν

73 1416 165 1443 ἄλλων
181 1415 301 1450 ἀστέρων
315 1415 344 1441 ἐν
366 1415 414 1450 μὲν
432 1415 464 1450 τῇ
481 1415 551 1451 ἀρχῇ
569 1414 614 1441 τοῦ
632 1423 661 1440 τε
675 1414 779 1450 Ταύρου
799 1415 813 1440 6
836 1414 864 1441 ἐν

72 1464 107 1498 τῇ
125 1462 239 1496 ἐκφύσει
262 1461 308 1488 τοῦ
330 1461 416 1494 δεξιοῦ
438 1461 561 1497 κέρατος,
578 1462 625 1488 καὶ
646 1460 692 1487 τοῦ
712 1461 832 1496 ’ἰίνιόχου
852 1462 866 1487 6

16 1516 18 1519 '
72 1509 220 1545 ἀριστερὸς
243 1506 335 1544 ὦμος,
355 1508 393 1539 ὡς
415 1509 564 1543 ήμιπήχιον
590 1508 791 1543 προηγούμενος
816 1508 865 1534 τοῦ

16 1551 19 1563 ³
75 1555 268 1592 μεσημϐρινοῦ
279 1564 285 1570 ·
302 1555 413 1590 ἔσχατον
426 1555 453 1581 δὲ
474 1555 670 1590 μεσουρανοῦσι
685 1555 735 1590 τῆς
757 1563 785 1581 τε
801 1555 865 1590 ’Ἀρ-

16 1597 19 1599 ’
72 1612 139 1629 κτου
156 1604 172 1629 ὁ
186 1602 351 1638 βορειότερος
364 1601 418 1627 τῶν
432 1602 460 1627 ὲν
470 1602 525 1633 τοῖς
537 1601 713 1638 ἐμπροσθίοις
731 1600 862 1632 σκέλεσιν,

16 1655 18 1657 ’
73 1650 121 1676 καὶ
140 1648 190 1676 τοῦ
205 1648 341 1684 Καρκίνου
357 1648 382 1674 οἱ
402 1647 466 1683 περὶ
485 1647 515 1674 τὸ
531 1648 653 1683 νεφέλιον
669 1648 722 1675 τῶν
737 1648 766 1675 ὲν
788 1646 863 1682 αὐτῷ

918 955 982 990 pula
998 955 1095 988 media,
1117 956 1196 991 quasi
1214 957 1375 984 semicubito
1398 958 1580 987 meridianum
1599 964 1707 988 antece-

918 1000 995 1034 dens,
1009 1004 1035 1028 et
1065 1000 1225 1029 Sucularum
1237 1010 1297 1037 qua:
1313 1006 1355 1030 est
1376 1003 1403 1030 in
1419 1007 1518 1037 rostro,
1548 1005 1706 1033 semicubito

918 1045 974 1073 fere
987 1047 1119 1074 collocata
1140 1048 1209 1075 citra
1235 1048 1424 1076 meridianum.
1445 1049 1551 1078 Occidit
1568 1052 1705 1087 Aquarius

917 1092 993 1121 horis
1006 1092 1023 1119 2
1043 1093 1103 1128 1/8.

954 1182 1077 1211 Piscibus
1116 1183 1304 1213 occidentibus
1338 1185 1479 1213 descendit
1511 1186 1639 1215 zodiacus
1670 1187 1705 1214 ab

917 1228 1030 1264 Aquarii
1043 1233 1121 1263 parte
1134 1229 1169 1256 9.5
1192 1229 1225 1256 ad
1241 1230 1340 1258 Arietis
1350 1230 1381 1264 5;
1410 1231 1542 1258 culminat
1552 1239 1567 1258 a
1577 1231 1659 1259 Tauri
1671 1232 1704 1259 i7

918 1275 951 1302 ad
967 1274 1065 1302 Cancri
1080 1275 1105 1302 6.
1119 1274 1198 1302 Prior
1208 1276 1309 1304 occidit
1323 1284 1383 1311 qua:
1392 1280 1434 1304 est
1450 1277 1478 1304 in
1493 1281 1582 1305 rostro
1605 1278 1703 1305 borea-

918 1320 994 1348 lioris
1017 1320 1113 1353 Piscis,
1141 1321 1272 1349 culminat
1307 1323 1420 1350 aliarum
1450 1323 1590 1350 stellarum
1614 1324 1702 1357 initio,

918 1375 979 1402 quae
990 1371 1031 1394 est
1044 1367 1071 1394 in
1083 1374 1214 1402 processu
1230 1375 1316 1395 cornu
1329 1367 1415 1395 dextri
1431 1367 1513 1395 Tauri
1527 1377 1534 1401 ;
1551 1372 1578 1396 et
1593 1369 1704 1396 sinister

918 1413 1047 1441 humerus
1080 1413 1222 1446 Heniochi,
1255 1414 1418 1442 semicubito
1439 1415 1494 1442 fere
1521 1415 1703 1442 meridianum

918 1458 1072 1493 praecedens
1092 1466 1099 1484 :
1119 1458 1265 1485 novissime
1295 1466 1360 1486 vero
1378 1452 1539 1486 lculminnnt
1567 1460 1702 1487 borealior

917 1513 1022 1539 earum,
1039 1513 1099 1540 quae
1113 1505 1142 1532 in
1155 1505 1337 1532 anterioribus
1351 1505 1428 1533 Ursae
1441 1506 1584 1539 cruribus;
1601 1506 1664 1533 item
1687 1514 1703 1533 e

919 1555 1036 1587 quatuor
1060 1551 1133 1578 circa
1149 1551 1311 1578 nubeculam
1327 1551 1354 1578 in
1370 1551 1476 1579 Cancro
1492 1552 1605 1579 sitarum
1626 1553 1701 1579 occi-

918 1598 1040 1626 dentales
1052 1597 1121 1629 dum,
1135 1605 1242 1625 necnon
1266 1598 1413 1625 australior
1427 1599 1595 1626 anteriorum
1618 1598 1701 1626 Canis

917 1645 1025 1681 pedum.
1044 1644 1178 1672 Occidunt
1193 1643 1286 1672 Pisces
1297 1644 1373 1671 horis
1388 1644 1475 1672 tribus
1487 1649 1514 1672 et
1524 1644 1647 1672 semisse.

16 1688 18 1692 Υ
72 1696 214 1732 κειμένων
225 1695 245 1722 δ’
262 1695 284 1731 β’
295 1696 319 1722 οἱ
331 1696 398 1731 πρὸς
408 1696 494 1729 δύσιν,
511 1696 558 1723 καὶ
572 1695 617 1722 τοῦ
630 1695 716 1727 Κυνὸς
731 1694 911 1729 ὁνοτιώτερος
927 1693 981 1719 τῶν
997 1691 1168 1727 ἐμπροσθίων
1190 1691 1287 1718 ποδῶν.
1317 1691 1430 1718 Δύνουσι
1451 1690 1479 1717 δὲ
1498 1691 1522 1717 οἱ
1541 1690 1642 1726 ’ἰχθύες
1671 1691 1702 1717 ὲν

72 1744 163 1781 ὥραις
179 1748 203 1780 τ’
213 1744 260 1772 καὶ
275 1744 410 1780 ἡμιωρίῳ.

106 1824 160 1851 ΙΕ’.
175 1823 227 1850 Τοῦ
237 1824 264 1850 δὲ
275 1823 361 1860 Κριοῦ
370 1823 502 1856 δύνοντος,
520 1822 716 1857 συγκαταδύνει
729 1822 777 1857 μὲν
789 1820 861 1855 αὑτῷ

68 1872 83 1898 6
110 1870 246 1903 ζωδιακὸς
270 1870 324 1897 ἀπὸ
342 1870 451 1906 ’ἰχθύων
479 1869 533 1905 μοί.
555 1869 576 1895 θ’
593 1869 638 1895 καὶ
660 1872 682 1894 κ’
700 1868 750 1898 ἕως
775 1866 861 1902 Κριοῦ

70 1917 129 1952 μοι.
141 1919 171 1948 ς’
183 1916 231 1942 καὶ
245 1919 282 1942 κ’·
301 1916 461 1951 μεσουρανεῖ
472 1914 499 1940 δὲ
510 1913 563 1940 ἀπὸ
579 1913 700 1949 Διδύμων
716 1912 770 1947 μοί.
783 1911 803 1937 θ’
816 1911 862 1937 καὶ

68 1968 92 1990 κ’
108 1964 165 1995 ἕως
181 1963 317 1999 Καρκίνου
333 1962 354 1989 θ’
371 1962 417 1989 καὶ
434 1965 467 1989 κ’.
486 1961 540 1988 Καὶ
557 1964 580 1987 α’
598 1961 646 1995 μὲν
660 1959 747 1994 ἀστὴρ
763 1958 833 1984 δύνει
848 1958 862 1982 6

66 2011 97 2037 ἐν
112 2011 172 2041 τοῖς
187 2009 363 2045 ἐμπροσθίοις
373 2009 461 2040 ποσὶν,
473 2008 586 2043 ἔσχατος
597 2006 625 2032 δὲ
640 2007 653 2031 ὁ
665 2005 796 2040 ἑπόμενος
806 2002 859 2029 τῶν

65 2057 97 2082 ἐν
114 2057 151 2091 τῇ
174 2054 252 2090 οὐρᾷ.
267 2055 435 2089 Μεσουρανεί
455 2053 483 2079 δὲ
503 2052 556 2078 τῶν
583 2051 669 2077 ἄλλων
689 2049 810 2083 ἀστέρων
832 2048 859 2073 ὲν

68 2101 121 2136 μὲν
135 2102 173 2135 τῇ
193 2101 262 2136 ἀρχῇ
279 2099 325 2126 τοῦ
342 2099 429 2131 Κυνὸς
443 2100 456 2125 6
476 2100 504 2125 ὲν
520 2098 591 2133 ἄκρᾳ
605 2098 638 2132 τῇ
654 2096 730 2131 οὐρᾷ,
746 2095 782 2126 ὡς
798 2095 862 2128 ἡμι-

64 2147 181 2181 πήχιονι
188 2145 393 2180 ὑπολειπόμενος
404 2144 450 2171 τοῦ
473 2140 667 2179 μεσημϐρινοῦ,
686 2139 733 2166 καὶ
747 2139 793 2165 τοῦ
807 2139 861 2173 ἰίη-

63 2193 164 2220 δαλίου
181 2192 195 2218 6
206 2192 234 2218 ὲν
251 2191 319 2227 μέσῃ
334 2192 366 2226 τῇ
379 2191 455 2226 νοτία
474 2189 593 2225 πλευρᾷ·
609 2188 720 2222 ἔσχατον
734 2185 762 2212 δὲ
774 2184 823 2219 τῆς
831 2193 860 2210 τε

952 1815 1010 1843 XV.
1037 1815 1104 1843 Cum
1133 1815 1224 1843 Ariele
1256 1815 1383 1843 zodiacus
1411 1814 1512 1842 occidit
1535 1821 1550 1841 a
1577 1813 1698 1842 PiScium

915 1867 991 1900 parte
1001 1862 1035 1889 29
1051 1862 1083 1889 ad
1098 1861 1198 1889 Arietis
1226 1860 1278 1894 26;
1295 1861 1426 1888 culminat
1439 1867 1454 1887 a
1470 1859 1644 1887 Geminorum
1661 1859 1696 1886 29

917 1911 950 1937 ad
960 1908 1057 1936 Cancri
1069 1908 1115 1935 ‘29.
1133 1907 1210 1934 Prior
1226 1906 1325 1934 occidit
1335 1906 1424 1938 stella,
1436 1913 1497 1941 quae
1508 1909 1550 1933 est
1563 1905 1590 1932 in
1614 1909 1698 1932 ante—

916 1955 1034 1983 rioribus
1053 1954 1181 1988 pedibus;
1205 1952 1300 1978 ultima
1326 1959 1400 1984 vero,
1432 1950 1581 1978 succedens
1603 1957 1698 1978 earum

917 2008 976 2035 qua:
993 2004 1055 2027 sunt
1070 1999 1097 2025 in
1111 1997 1206 2024 cauda.
1223 1995 1388 2023 Caeterarum
1398 1995 1529 2022 culminat
1544 1995 1632 2027 initio,
1646 1994 1699 2022 Ca-

912 2046 955 2073 nis
968 2046 995 2072 in
1011 2045 1180 2072 extremitate
1192 2041 1286 2070 caudae
1296 2041 1394 2076 posita,
1408 2040 1569 2068 semicubito
1584 2040 1641 2068 fere
1659 2040 1698 2067 ci-

913 2096 955 2119 tra
969 2091 1161 2121 meridianum,
1178 2093 1205 2117 et
1221 2096 1282 2124 quae
1296 2089 1322 2115 in
1350 2087 1440 2115 medio
1468 2086 1582 2113 australi
1611 2086 1695 2114 latere

913 2138 1058 2171 Temonis;
1080 2136 1237 2168 nmissime,
1263 2135 1426 2162 antecedens
1450 2140 1555 2165 carum,
1584 2141 1644 2168 quae
1667 2133 1696 2160 in

913 2184 1111 2221 posterioribus
1122 2181 1198 2209 Ursa:
1211 2181 1336 2216 pedibus,
1352 2179 1515 2208 semicubito
1526 2179 1635 2207 circiter
1646 2186 1695 2206 an—

67 2240 196 2275 ’Ἄρκτου
211 2237 225 2263 6
236 2236 385 2273 ἡγούμενος
399 2235 452 2262 τῶν
464 2235 492 2261 ὲν
502 2236 558 2265 τοῖς
575 2232 707 2264 ὀπισθίοις
723 2231 810 2262 ποσὶν,
822 2229 859 2260 ὡς

920 2230 1041 2258 accedens
1060 2229 1252 2258 meridianum,
1268 2232 1295 2255 et
1314 2226 1464 2254 lucidarum
1480 2226 1508 2253 in
1519 2225 1591 2253 collo
1605 2233 1637 2252 ac
1651 2233 1697 2259 pe-

63 2284 223 2321 ήμιπήχιον
237 2282 439 2318 προηγούμενος
457 2280 502 2307 τοῦ
523 2278 718 2315 μεσημϐρινοῦ,
735 2277 780 2303 καὶ
810 2275 856 2302 τοῦ

62 2331 190 2361 Λέοντος
205 2328 259 2355 τῶν
276 2329 305 2354 ὲν
325 2327 363 2362 τῷ
381 2326 506 2363 τραχήλῳ
522 2325 568 2352 καὶ
584 2324 675 2359 στήθει
696 2322 829 2358 λαμπρῶν
844 2324 858 2349 6

61 2382 88 2413 γ’
103 2378 157 2405 ἀπ’
174 2377 291 2412 ἄρκτων,
305 2375 341 2407 ὡς
352 2374 373 2409 β’
392 2374 461 2409 μέρη
472 2373 581 2408 πήχεως
594 2371 803 2405 ὑπολειπόμενος
812 2368 857 2395 τοῦ

63 2423 273 2462 μεσημϐρινοῦ.
287 2422 364 2449 Δύνει
379 2421 407 2447 δὲ
420 2421 434 2446 6
446 2419 528 2455 Κριὸς
542 2420 570 2445 ὲν
581 2418 664 2453 ὥραις
678 2417 711 2452 β’.

100 2468 162 2496 Τοῦ
178 2468 206 2494 δὲ
221 2468 326 2503 Ταύρου
340 2466 473 2497 δύνοντος,
488 2463 681 2498 συγκαταδύνει
699 2462 746 2498 μὲν
760 2461 833 2496 αὐτῷ
845 2462 859 2488 ὁ

61 2513 206 2549 ζωδιακὸς
221 2512 275 2539 ἀπὸ
295 2511 380 2548 Κριοῦ
408 2511 463 2546 μοί.
479 2513 502 2536 κ’
516 2510 567 2541 ἕως
591 2509 695 2544 Ταύρου
720 2508 773 2543 μοι.
797 2506 856 2539 σις’·

61 2560 237 2598 μεσουρανεί
250 2558 277 2585 δὲ
294 2557 348 2584 ἀπὸ
364 2556 500 2592 Καρκίνου
521 2554 575 2591 μοί.
588 2554 610 2589 β’
627 2554 674 2580 καὶ
686 2556 709 2580 κ’
720 2553 772 2585 ἕως
788 2553 859 2588 Παρ-

60 2609 151 2635 ὒένου
166 2604 198 2637 ζ’.
215 2606 269 2632 Καὶ
285 2608 307 2631 α’
321 2604 368 2640 μὲν
381 2604 469 2639 ἀστὴρ
479 2602 550 2629 δύνει
564 2603 578 2628 6
593 2600 751 2634 νοτιώτερος
764 2600 817 2626 τῶν
830 2601 858 2626 ὲν

58 2656 95 2691 τῇ
121 2653 253 2687 ἀποτομῇ
269 2652 301 2684 δ’,
316 2651 428 2686 ἔσχατος
449 2649 477 2676 δὲ
495 2650 509 2676 ό
528 2649 556 2674 ὲν
572 2647 649 2682 ἄκρῳ
671 2646 710 2681 τῷ
725 2646 859 2681 ἀριστερῷ

58 2702 182 2737 κέρατι.
196 2697 399 2733 Μεσουρανοῦσι
413 2696 440 2722 δὲ
456 2695 509 2722 τῶν
528 2694 613 2722 ἄλλων
626 2692 746 2727 ἀστέρων
766 2693 794 2719 ὲν
811 2692 859 2727 μὲν

57 2750 95 2784 τῇ
111 2746 191 2783 ἀρχῇ
207 2744 254 2771 τοῦ
264 2743 362 2779 Ὕδρου
374 2743 388 2769 6
402 2740 561 2772 νοτιὼτατος
574 2739 629 2767 τῶν
641 2740 669 2766 ὲν
679 2738 718 2773 τῷ
732 2737 859 2784 τραχήλῳ

106 2793 229 2826 ἔγγιστα
237 2789 290 2816 τῶν
300 2789 345 2815 ἀπ’
354 2789 386 2815 'A
391 2796 471 2824 ρκτου
478 2786 612 2821 κειμένων
619 2784 666 2812 τοῦ
677 2783 813 2819 λαμπροῦ,
821 2782 858 2815 ὡς

58 2838 224 2876 ἡμιπήχιον
239 2834 450 2869 ὑπολειπόμενος
462 2832 509 2859 τοῦ
531 2830 737 2876 μεσημὸρινοῦί
747 2829 859 2876 ἔσχατον

58 2874 91 2912 δξ
110 2879 315 2921 μεσουρανοῦσι
325 2880 373 2914 τῆς
385 2878 520 2914 Παρθένου
532 2878 545 2903 ό
560 2877 589 2903 ὲν
603 2876 673 2912 μέσῃ
683 2876 715 2911 τῇ
727 2874 858 2910 ἀριστερᾷ

234 2927 369 2959 Parion.
385 2926 442 2956 Gn.
462 2922 549 2955 ΧίΧ.

912 2279 987 2302 ctore
999 2273 1098 2301 Leonis
1115 2281 1130 2298 a
1143 2272 1378 2307 septentrionibus
1391 2271 1482 2302 tertia,
1498 2270 1621 2305 partibus
1648 2278 1697 2297 cn—

912 2320 961 2348 biti
976 2319 1081 2347 duabus
1097 2319 1154 2346 fere
1174 2318 1242 2346 citra
1271 2317 1461 2345 meridianum.
1491 2315 1596 2343 Occidit
1617 2315 1697 2343 Aries

910 2367 984 2395 horis
999 2366 1113 2394 duabus.

948 2458 1015 2485 Cum
1030 2457 1120 2485 Tauro
1134 2457 1261 2484 zodiacus
1271 2456 1374 2484 occidit
1387 2457 1421 2484 ab
1439 2456 1540 2485 Arietis
1559 2460 1635 2491 parte
1660 2456 1695 2484 20

913 2504 991 2541 140
1022 2504 1055 2531 ad
1086 2503 1169 2530 Tauri
1197 2503 1251 2537 26;
1279 2503 1411 2531 culminat
1438 2511 1454 2530 a
1478 2503 1576 2531 Cancri
1599 2502 1635 2529 ἓξ
1661 2502 1696 2530 ad

911 2550 1031 2586 Virginis
1049 2550 1076 2576 7.
1092 2549 1170 2577 Prior
1185 2550 1285 2578 occidit
1303 2550 1390 2582 stella,
1407 2557 1468 2585 quae
1483 2553 1525 2577 est
1547 2549 1695 2576 australior

911 2599 1025 2626 sitarum
1048 2598 1076 2625 in
1091 2598 1251 2633 praecisione
1265 2603 1398 2633 quatuor;
1414 2597 1519 2629 ultima,
1535 2605 1594 2632 quae
1611 2600 1653 2624 est
1666 2596 1695 2623 in

911 2644 1080 2672 extremitate
1098 2643 1202 2672 sinistri
1216 2652 1312 2672 cornu.
1329 2643 1506 2678 lleliquarum
1532 2642 1693 2673 culminant,

911 2689 988 2716 initio
1016 2689 1135 2724 quidem,
1164 2688 1361 2716 australissima
1388 2694 1480 2715 earum
1503 2694 1562 2721 quae
1587 2689 1651 2713 sunt
1667 2685 1696 2712 in

911 2735 990 2768 collo,
1006 2735 1087 2763 trium
1098 2742 1175 2770 ηοω
1187 2735 1316 2769 proximae
1326 2738 1390 2762 sunt
1407 2733 1508 2767 iisquae
1529 2731 1562 2758 ad
1585 2736 1695 2766 septen-

912 2781 1015 2808 triones
1030 2780 1155 2815 objacent
1168 2779 1281 2810 lucidas:
1293 2777 1457 2807 semicubito
1470 2776 1525 2804 fere
1536 2777 1605 2803 citra
1614 2776 1695 2803 meri-

911 2826 1020 2854 dianum
1034 2827 1133 2865 posita,
1149 2826 1296 2854 novissime
1309 2824 1470 2856 culminant,
1484 2830 1544 2858 quae,
1565 2823 1592 2849 in
1607 2821 1696 2849 media

912 2873 1023 2901 sinistra
1037 2871 1221 2910 ala_Virginis,
1236 2871 1376 2907 paululum
1387 2869 1569 2899 meridianum
1593 2875 1694 2904 praece-

1519 2914 1555 2946 36
