1923 3137
250 162 316 190 H3!

738 157 784 185 AD
799 157 932 186 EUSEBli
950 157 1146 186 CHRONICON
1165 156 1344 202 APPENDIX.

1804 155 1872 183 “Si

248 219 318 247 dens
333 223 415 247 :-Item
428 225 509 253 parva
525 217 553 244 in
566 215 646 244 Corvi
664 216 754 244 medio
782 224 907 252 corpore.
923 216 1027 245 Occidit

1083 217 1202 252 πτέρυγι,
1221 216 1317 252 μικρὸν
1329 222 1530 251 προηγούμενος
1544 212 1590 240 τοῦ
1605 211 1807 248 μεσημϐρινοῦ,
1822 213 1867 239 καὶ

247 265 358 294 Taurus
371 265 445 292 horis
452 264 482 291 4.

288 355 408 384 Geminis
422 352 609 381 occidentibus
627 351 756 380 zodiacus
777 351 919 380 descendit
929 359 944 378 a
957 356 1033 387 parte

249 403 267 430 4
282 401 458 429 Geminorum
476 401 511 427 ad
531 400 549 427 2
571 399 687 427 mediam
715 399 830 432 Cancri;
860 398 987 425 culminat
1016 405 1032 425 ιι

250 452 326 483 parte
340 445 459 481 Virginis
474 445 506 472 Π
516 445 549 473 ad
576 445 720 472 Chelarum
744 444 779 471 22
801 443 927 471 mediam.
955 443 1033 471 Prior

249 491 349 519 occidit
363 491 452 523 stella,
466 498 527 526 qua:
551 494 665 518 vocatur
686 490 809 525 Propus;
838 490 944 521 ultima,
972 496 1032 524 quae

247 541 290 565 est
304 537 331 564 in
348 536 445 564 dextra
466 544 548 563 manu
564 535 736 564 succedentis
762 535 878 563 Gemini.
905 534 1032 570 Reliqua-

247 590 309 609 rum
324 581 458 609 culminal
471 581 550 608 initio
562 580 684 616 quidem,
698 579 887 608 Vindemialor
898 584 925 608 et
938 581 1032 608 dexter

248 628 380 656 humerus
391 626 521 662 Virginis,
535 626 695 654 semicubito
704 625 759 654 fere
774 626 952 653 meridianum
968 634 1032 661 prte-

247 673 368 706 cedens;
383 673 531 700 novissime
541 673 672 709 culminat
682 672 783 704 lucida,
799 680 860 707 qua:
883 673 962 700 estin
985 680 1033 700 ex-

247 719 385 746 tremitate
398 719 489 746 borea:
501 717 591 746 Chelze
603 737 610 750 ,
626 717 733 745 duabus
750 717 836 745 cubiti
857 717 921 750 ~fere
946 719 1032 753 parti-

241 764 300 792 bus
323 764 392 792 citra
415 763 607 792 meridianum.
627 762 763 792 Occidunt
782 763 889 791 Gemini
907 763 982 792 horis
1001 764 1029 797 2,

239 809 299 836 40'.

1082 262 1128 289 τοῦ
1137 262 1260 298 Κόρακος
1276 263 1289 288 6
1303 262 1332 288 ὲν
1345 260 1418 297 μέσῳ
1430 259 1469 295 τῷ
1479 258 1583 294 σώματι
1598 258 1707 295 μικρός.
1723 257 1802 283 Δύνει
1815 258 1842 284 δὲ
1853 259 1869 284 ό

1083 307 1187 344 Ταῦρος
1203 309 1232 335 ἐν
1249 307 1333 344 ὥραις
1345 309 1379 342 γ’.

1117 353 1176 380 Τῶν
1187 353 1215 380 δὲ
1225 353 1346 388 Διδύμων
1356 352 1497 384 δυνόντων,
1510 350 1705 386 συγκαταδύνει
1718 350 1768 385 μὲν
1778 351 1869 381 αὐτ-ῆς

1081 400 1096 426 6
1109 399 1239 431 ζωδιακὸς
1251 399 1304 426 ἀπὸ
1319 398 1440 434 Διδύμων
1455 397 1509 433 μοί.
1526 397 1547 424 δ’
1557 397 1608 429 ἕως
1624 396 1766 431 Καρκίνου
1785 396 1808 430 β’
1820 397 1867 430 μέ-

1081 453 1131 481 σης
1140 453 1147 460 ⁸
1165 446 1326 481 μεσουρανεῖ
1336 445 1364 471 δὲ
1375 444 1428 471 ἀπὸ
1439 443 1575 480 Παρθένου
1591 442 1646 477 μοί,
1660 441 1694 473 ιζ’
1707 442 1761 472 ἕως
1771 441 1868 476 Χηλῶν

1082 491 1105 525 β’
1121 490 1168 516 καὶ
1183 494 1207 517 κ’
1223 491 1318 526 μέσης.
1333 491 1387 517 Καὶ
1400 493 1424 517 α’
1439 490 1487 525 μὲν
1495 488 1580 524 ἀστὴρ
1593 488 1666 515 δύνει
1676 489 1690 514 ὁ
1702 487 1868 522 καλούμενος

1080 536 1215 572 Πρόπους,
1233 536 1345 572 ἔσχατος
1356 536 1384 562 δὲ
1405 537 1420 562 6
1435 536 1464 562 ἐν
1479 537 1512 571 τῇ
1526 534 1599 569 δεξιᾷ
1610 535 1682 569 χειρὶ
1696 533 1744 560 τοῦ
1767 534 1866 568 ἑπομέ-

1081 591 1126 609 νου
1140 582 1264 618 Διδύμου.
1288 583 1456 618 Μεσουρανεῖ
1473 582 1501 608 δὲ
1515 581 1568 607 τῶν
1592 581 1679 608 ἄλλων
1701 580 1826 615 ἀστέρων
1839 581 1866 606 ἐν

1084 628 1132 663 μὲν
1145 629 1178 663 τῇ
1194 628 1265 665 ἀρχῇ
1279 628 1293 654 ὅ
1307 637 1336 654 τε
1354 627 1559 664 Προτρυγητὴρ,
1573 627 1618 653 καὶ
1632 626 1682 662 τῆς
1702 625 1840 661 Παρθένου
1852 626 1867 652 ὁ

1080 675 1166 708 δεξιὸς
1188 672 1273 710 ὦμος,
1303 675 1342 706 ὼς
1363 675 1508 710 ἡμιπήχιον
1528 673 1735 710 προηγούμενος
1755 672 1804 698 τοῦ
1822 681 1867 707 με·

1082 720 1246 756 σημϐρινοῦ·
1267 721 1380 756 ἔσχατον
1394 721 1423 747 δὲ
1446 721 1606 756 μεσουρανεί
1623 719 1678 746 τῶν
1692 718 1791 754 Χηλῶν
1809 719 1824 744 6
1838 718 1866 743 ὲν

1080 764 1154 801 ἄκρᾳ
1165 767 1198 801 τῇ
1211 765 1302 802 βορείςι
1317 766 1393 802 Χηλῇ
1415 765 1551 801 λαμπρὸς»
1567 765 1606 797 ὡς
1627 764 1649 800 β’
1666 765 1738 800 μέρη
1759 765 1865 799 πήχεως

1081 810 1292 846 ὑπολειπόμενος
1304 810 1351 838 τοῦ
1370 810 1565 846 μεσημϐρινοῦ.
1582 810 1696 837 Δύνουσι
1710 810 1740 836 δὲ
1756 811 1780 836 οἱ
1793 810 1865 836 Δίδυ-

1083 863 1127 890 μοι
1144 857 1173 883 ὲν
1187 856 1270 892 ὥραις
1283 856 1304 892 β’
1321 857 1368 883 καὶ
1385 859 1410 889 ς’
1425 857 1511 892 μέρει.

627 918 666 947 De
679 919 807 946 distantia
833 919 973 946 stellarum
986 919 1097 949 invicem
1109 931 1154 958 per
1166 923 1307 952 intervalla
1319 930 1474 960 temporum.

268 975 351 1004 'XVl.
364 975 467 1003 Praeter
479 974 626 1003 orienlium
637 978 664 1002 et
678 974 863 1002 occidentium
877 982 939 1002 cum
959 975 1027 1004 side

1112 980 1170 1014 ις’.
1184 979 1274 1015 Χωρὶς
1288 980 1315 1007 δὲ
1328 980 1377 1016 τῆς
1389 981 1418 1006 ὲν
1428 980 1488 1011 ταῖς
1505 979 1697 1011 συνανατολαῖς
1708 980 1757 1006 καὶ
1773 978 1864 1006 δύσεσι
1892 996 1902 1003 ε

246 1022 321 1050 ribus
349 1021 453 1049 zodiaci
475 1021 593 1056 partium
620 1020 785 1053 doctrinam,
815 1028 894 1049 usum
919 1022 1030 1056 insuper

245 1068 384 1104 egregium
401 1067 502 1094 habere
521 1066 587 1093 mihi
601 1066 719 1099 videtur,
742 1066 813 1094 scire
827 1075 888 1100 nos,
904 1075 1029 1102 quamam

245 1113 386 1143 stellarum
403 1113 581 1140 inerrantium
595 1113 724 1140 horarum
743 1113 973 1148 aequinoctialium
987 1114 1030 1141 in-

240 1159 366 1187 tervallis
378 1158 507 1193 deinceps
532 1158 651 1186 invicem
675 1158 788 1186 distent.
810 1158 890 1186 Utilis
907 1160 981 1187 enim
997 1168 1029 1187 ea

244 1213 290 1233 res
306 1204 389 1233 estad
399 1203 494 1232 horam
510 1208 605 1233 exacte
620 1208 756 1232 nocturno
767 1208 889 1241 tempore
897 1205 1027 1241 colligen-

245 1250 323 1277 dam:
338 1253 395 1277 tum
411 1250 444 1277 ad
460 1249 584 1285 ecliptica
598 1250 669 1278 lunae
683 1251 782 1286 spatia,
795 1255 822 1279 et
837 1251 865 1279 id
881 1259 966 1287 genus
981 1259 1029 1279 co-

245 1297 401 1333 gnoscenda
414 1297 530 1332 reliqua,
542 1304 603 1332 quae
615 1297 650 1324 ad
675 1296 797 1324 siderum
820 1297 1029 1333 contemplatio—

244 1350 306 1370 nem
315 1342 461 1377 pertinent.

279 1388 462 1422 Quamobrem
477 1387 506 1416 in
520 1395 552 1416 eo
572 1388 686 1420 circulo,
701 1388 748 1424 qui
769 1396 817 1424 per
842 1389 920 1424 polos
933 1389 1028 1424 tropi-

245 1443 347 1470 eosque
366 1435 542 1466 describitur,
558 1434 636 1462 stella
647 1437 689 1461 est
704 1434 733 1461 in
748 1435 919 1462 extremitate
936 1435 1028 1463 caudae

245 1480 338 1512 Canis,
351 1478 471 1514 atquein
488 1486 521 1506 eo
533 1478 719 1512 semicirculo,
731 1479 778 1514 qui
793 1479 918 1507 aestivum
942 1479 1028 1515 tropi-

246 1534 308 1553 cum
326 1526 457 1554 continet.
471 1525 513 1553 Ab
525 1525 576 1552 hac
596 1525 674 1554 stella
701 1525 811 1553 horario
837 1525 919 1554 distat
945 1526 1028 1554 inter-

247 1571 328 1603 vallo,
357 1579 417 1608 quae
443 1571 470 1599 in
497 1578 635 1607 processu
663 1571 725 1599 colli
741 1571 825 1607 Hydri
857 1572 946 1608 posita
974 1576 1025 1600 est.

247 1617 373 1645 Proxime
400 1617 483 1645 etiam
513 1617 604 1645 lucida
638 1617 666 1645 in
696 1617 879 1646 anterioribus
911 1617 1026 1654 genibus

247 1661 334 1690 Urse.

282 1706 435 1735 Secundum
454 1707 593 1736 horarium
607 1707 779 1735 intervallum
805 1708 934 1735 terminat
962 1707 1028 1735 stel-

244 1754 299 1780 lula
313 1754 392 1788 paulo
406 1753 468 1789 plus
486 1753 599 1781 cubitali
620 1753 709 1788 spatio
731 1761 779 1781 cor
795 1753 893 1782 Leonis
918 1758 1027 1782 antece—

244 1800 321 1828 dens.
335 1799 437 1827 Eadem
448 1799 554 1827 stellula
572 1799 736 1835 spondylum
753 1799 887 1834 praecedit
911 1799 1025 1831 circulo,

244 1845 290 1879 qui
307 1851 354 1880 per
369 1844 447 1879 polos
473 1843 594 1878 ducitur,
623 1843 772 1873 secundum
798 1844 938 1882 horarium
959 1844 1027 1882 deli-

244 1891 336 1918 nicnte
349 1889 477 1925 spatium.
748 1882 750 1884 ’

280 1977 401 2006 Tertium
419 1977 493 2005 horae
512 1977 631 2013 spatium
657 1977 857 2006 circumscribit
875 1978 1024 2007 australior

244 2024 399 2056 ambarum,
414 2031 474 2059 qua).
487 2031 521 2052 ex
537 2027 653 2059 utraque
667 2028 744 2060 parte
761 2024 887 2066 adjacent
916 2025 1024 2058 lucidm,

244 2078 305 2105 quae
315 2073 357 2098 est
367 2069 397 2098 in
414 2069 513 2098 lumbis
527 2069 636 2099 Leonis.

281 2157 410 2190 Quartam
424 2157 518 2185 deﬁnit
531 2158 627 2186 horam
639 2159 666 2185 in
678 2157 790 2193 Virgine
804 2159 894 2191 stella,
911 2166 972 2194 qua:
984 2163 1026 2188 est

247 2203 273 2229 in
292 2202 390 2238 angulo
404 2207 480 2231 recto
491 2204 646 2240 orthogonii
666 2204 806 2240 trianguli,
823 2205 870 2240 qui
887 2206 938 2233 sub
959 2205 1026 2232 Cra-

247 2253 304 2276 tere
315 2249 383 2277 situs
398 2253 451 2282 est,
477 2253 558 2286 atque
585 2251 614 2278 in
637 2251 738 2279 lumbis
752 2255 795 2279 est
809 2251 922 2286 majoris
939 2251 1024 2285 Ursaa,

1080 1017 1204 1061 θεωρίας,
1219 1025 1365 1061 εὔχρηστον
1382 1023 1451 1052 εἶναι
1465 1024 1567 1060 νομίζω
1582 1025 1629 1052 καὶ
1642 1025 1673 1051 τὸ
1695 1025 1864 1060 παρακολου-

1079 1071 1135 1098 θεῖν
1150 1072 1224 1106 ἡμᾶς
1237 1072 1308 1103 τίνες
1319 1071 1372 1098 τῶν
1387 1070 1511 1098 ἀπλανῶν
1520 1071 1642 1106 ἀστέρων
1651 1071 1806 1105 ἀπέχουσιν
1819 1071 1863 1097 ἀπ’

1079 1117 1200 1152 ἀλλήλων
1207 1117 1276 1144 κατὰ
1291 1116 1324 1143 τὰ
1337 1116 1400 1152 ἑξῆς
1413 1116 1510 1152 ῶριαῖα
1523 1117 1668 1152 ῑσημερινὰ
1680 1116 1862 1151 διαστήματα.

1079 1163 1163 1191 Τοῦτο
1176 1163 1229 1199 γὰρ
1243 1165 1309 1199 ἡμῖν
1319 1163 1467 1199 εὖχρηστόν
1478 1164 1550 1189 ἐστιν
1562 1162 1630 1198 πρός
1647 1171 1678 1188 τε
1688 1162 1718 1188 τὸ
1728 1163 1779 1197 τὴν
1793 1162 1863 1198 ὤραν

1078 1210 1128 1245 τῆς
1139 1209 1233 1241 νυκτὸς
1248 1209 1367 1245 ἀκριϐῶς
1383 1208 1596 1243 συλλογίζεσθαι,
1609 1209 1657 1235 καὶ
1674 1209 1744 1244 πρὸς
1758 1208 1788 1234 τὺ
1805 1210 1863 1239 τοὺς

1078 1255 1264 1286 ὲκλειπτικοὺς
1275 1254 1324 1290 τῆς
1336 1254 1448 1290 σελήνης
1459 1254 1580 1290 χρόνους,
1597 1254 1644 1279 καὶ
1657 1252 1742 1288 ἕτερα
1757 1253 1863 1279 πλείονι

1078 1301 1217 1327 κατανοεῖν
1232 1299 1285 1326 τῶν
1300 1299 1328 1325 ὲν
1343 1298 1504 1334 ἀστρολογίᾳ⁴
1513 1297 1709 1333 θεωρημάτων.

1119 1389 1180 1416 Ἐπὶ
1194 1388 1242 1424 μὲν
1255 1386 1300 1416 οὖν
1308 1388 1361 1415 τῶν
1370 1387 1415 1415 διὰ
1425 1387 1477 1414 τῶν
1485 1386 1622 1424 τροπικῶν
1632 1386 1756 1422 σημείων
1767 1387 1815 1413 καὶ
1822 1387 1862 1413 διᾶ

1077 1435 1131 1462 τῶν
1140 1435 1228 1462 πόλων
1241 1434 1412 1471 γραφομένου
1423 1433 1521 1460 κύκλου
1532 1434 1619 1460 κεῖται
1631 1432 1720 1468 ἀστὴρ
1729 1433 1744 1459 6
1755 1433 1784 1458 ὲν
1794 1434 1862 1467 ἄκρα

1077 1481 1109 1516 τῇ
1121 1479 1190 1515 οὐρᾷ
1203 1479 1250 1506 τοῦ
1274 1479 1371 1512 Κυνὸς,
1388 1479 1416 1506 ὲν
1426 1478 1464 1514 τῷ
1480 1479 1525 1506 τὸν
1544 1478 1648 1514 θερινὸν
1663 1477 1798 1514 τροπικὸν
1817 1486 1861 1513 ση-

1079 1526 1153 1561 μεῖον
1173 1524 1260 1560 ἔχοντι
1285 1524 1436 1560 ἡμικυκλίῳ
1455 1524 1589 1560 κείμενος.
1613 1523 1681 1550 Ἀπὸ
1708 1524 1807 1550 τούτου
1818 1523 1861 1549 τοῦ

1077 1571 1189 1607 ἀστέρος
1203 1571 1299 1606 ἀπέχει
1314 1570 1424 1606 ὠριαῖον
1437 1570 1573 1605 διάστημα
1582 1569 1629 1596 τοῦ
1640 1577 1671 1596 τε
1688 1569 1790 1604 ’Ὑδρου
1807 1570 1821 1595 ό
1837 1570 1862 1594 ἐν

1077 1618 1110 1653 τῇ
1127 1615 1240 1652 ὲκφύσει
1257 1616 1304 1643 τοῦ
1324 1616 1457 1652 τραχήλου
1473 1616 1606 1651 κείμενος.
1623 1616 1763 1650 Ἔγγιστα
1777 1616 1806 1642 δὲ
1821 1616 1862 1642 ia‘.

1040 1649 1062 1679 θ
1077 1649 1125 1697 της
1141 1649 1258 1697 ’Ᾰρκτου
1275 1662 1289 1688 6
1301 1661 1330 1688 ὲν
1342 1649 1588 1696 τοὶς-ἐμπροσθίοις
1605 1649 1702 1694 γόνασι
1727 1660 1860 1696 λαμπρός.

1112 1707 1149 1733 T6
1160 1706 1189 1733 δὲ
1204 1706 1328 1743 δεύτερον
1349 1706 1460 1742 ὠριαίον
1473 1706 1610 1741 διάστημα
1626 1705 1755 1741 ἀφορίζει
1772 1707 1826 1732 τῶν
1837 1707 1861 1732 ἐν

1076 1752 1115 1788 τῷ
1130 1752 1224 1779 Λέοντι
1246 1753 1261 1778 ό
1283 1752 1486 1789 προηγούμενος
1512 1751 1602 1787 μικρῷ
1623 1752 1718 1787 μεῖζον
1735 1753 1753 1787 ἣ
1778 1752 1860 1787 ’νῆχον

1076 1797 1123 1825 τοῦ
1138 1799 1167 1825 ὲν
1187 1799 1219 1834 τῇ
1234 1798 1334 1834 καρδίᾳ
1356 1797 1482 1834 λαμπροῦ
1501 1798 1598 1833 μικρὸς
1618 1798 1796 1834 ἀστερίσκος.
1813 1798 1859 1824 Tt}

1075 1852 1106 1871 τε
1123 1843 1265 1879 σφονδύλου
1286 1844 1444 1878 προηγεῖται
1461 1840 1536 1874 οὗτος
1548 1844 1562 1869 ό
1580 1843 1747 1878 ἀστερίσκος
1759 1843 1805 1870 τοῦ
1822 1844 1859 1869 διὰ

1028 1900 1031 1904 ι
1076 1889 1130 1916 τῶν
1158 1889 1246 1916 πόλων
1268 1888 1368 1916 κύκλου
1387 1889 1418 1915 τὸ
1433 1888 1454 1924 β’
1469 1889 1578 1925 ὡριαῖον
1603 1889 1747 1924 διάστημα
1772 1890 1859 1925 deposi-

1076 1933 1178 1966 ζοντος.

1111 1977 1148 2004 Τὸ
1170 1976 1197 2004 δὲ
1223 1976 1313 2013 τρίτον
1329 1978 1443 2014 ὡριαῖαν
1465 1978 1602 2015 διάστημα
1628 1979 1695 2016 περὶ
1711 1980 1803 2016 μέσον
1820 1980 1859 2006 τὸν

1076 2023 1178 2051 Λέοντα
1190 2024 1313 2060 ἀφορίζει
1325 2023 1371 2051 τοῦ
1384 2024 1496 2056 Λέοντος
1511 2026 1525 2052 6
1538 2025 1700 2062 νοτιάπερος
1712 2027 1770 2053 τῶν
1782 2027 1803 2062 β’
1812 2027 1859 2053 τῶν

1076 2067 1106 2100 ἐξ
1119 2068 1246 2104 ἐκατέρου
1260 2068 1358 2104 μέρους
1374 2069 1580 2105 παρακειμένων
1593 2071 1632 2106 τῷ
1642 2072 1691 2098 ἐπὶ
1701 2072 1755 2107 τῆς
1769 2072 1859 2107 ὀσφύος

1075 2113 1202 2149 λαμπρῷ.

1111 2160 1147 2186 T6
1161 2159 1189 2186 δὲ
1201 2160 1329 2196 τέταρτον
1347 2160 1457 2196 ὡριαῖον
1472 2161 1608 2197 διάστημα
1623 2163 1690 2198 περὶ
1709 2164 1762 2199 τὴν
1780 2164 1857 2199 ἀρχὴν

1075 2204 1125 2240 τῆς
1140 2205 1277 2241 Παρθένου
1293 2206 1417 2242 ἀφορίζει
1435 2207 1481 2233 τοῦ
1494 2207 1546 2233 ὑπὸ
1566 2208 1612 2234 τὸν
1629 2209 1771 2246 Κρατῆρα
1792 2211 1858 2246 ὀρθο-

1076 2251 1173 2286 γωνίου
1195 2252 1328 2288 τριγώνου
1347 2253 1360 2279 ὁ
1373 2253 1419 2279 ἐπὶ
1438 2253 1487 2289 τῆς
1512 2253 1593 2289 όρθῆς
1613 2255 1718 2288 γωνίας
1741 2257 1857 2292 κείμενος

247 2293 354 2326 lucida,
379 2295 469 2322 minus
498 2295 626 2324 vicesima
657 2296 732 2324 hora:
759 2301 836 2332 parte
860 2297 929 2325 citra
952 2298 1026 2326 horae

1083 2297 1173 2332 ἀστήρ.
1197 2297 1225 2323 Ὁ
1237 2297 1266 2324 δὲ
1288 2297 1333 2324 ἐπὶ
1352 2298 1401 2333 τῆς
1417 2298 1515 2332 ὀσφύος
1534 2298 1584 2334 τῆς
1605 2300 1731 2335 μεγάλης
1747 2303 1856 2336 ’Δρκτου

247 2344 350 2374 quartae
360 2339 527 2368 limitaneum
542 2341 686 2370 circulum.

283 2429 389 2462 Quint-.13
401 2429 474 2457 hora:
488 2430 619 2458 terminus
631 2435 673 2459 est
693 2432 721 2459 in
747 2433 835 2460 media
851 2432 973 2469 Virgine,
1001 2433 1024 2461 si

247 2482 342 2506 exacte
357 2478 432 2513 loqui
445 2478 568 2510 velimus,
586 2479 663 2507 stella
677 2480 767 2515 nulla;
783 2488 876 2508 verum
892 2481 954 2515 plus
978 2481 1025 2508 de-

247 2524 318 2563 cinia
333 2524 406 2550 hora:
419 2528 494 2558 parte
507 2523 597 2550 dclicit
607 2524 641 2552 ab
657 2524 703 2552 illo
721 2526 837 2553 termino
868 2525 1026 2554 Vindemia-

243 2573 300 2601 ιον,
312 2573 339 2597 et
352 2568 440 2596 lucida
456 2569 484 2596 in
500 2568 594 2596 dextro
606 2569 719 2597 humero
734 2569 863 2606 Virginis.

280 2665 370 2694 Sexta;
396 2666 470 2694 horae
492 2666 570 2694 limes
594 2671 636 2695 est
653 2667 682 2694 in
708 2669 891 2703 aequinoctiali
920 2670 1023 2698 circulo

245 2712 450 2746 quamproxime
462 2711 570 2747 quidem
586 2712 612 2740 in
623 2712 759 2741 Centauro
774 2713 863 2741 lucida
877 2715 1024 2744 succedens

247 2763 351 2790 earum,
366 2762 500 2792 quersunt
511 2759 741 2787 inaustralissima
749 2765 825 2794 parte
837 2761 932 2796 thyrsi,
949 2770 1023 2797 qua:-

247 2808 300 2836 que
315 2803 474 2831 semicubito
487 2804 542 2831 fere
555 2804 672 2837 distant,
687 2812 718 2832 ac
734 2805 852 2834 medium
873 2806 929 2835 fere
953 2807 1024 2835 Cen-

246 2847 318 2874 tauri
331 2852 423 2882 potius
435 2854 577 2885 occupant.
589 2849 659 2879 item
670 2851 761 2894 media
769 2860 877 2894 earum,
890 2862 950 2889 qua:
959 2859 1024 2883 sunt

1076 2343 1201 2378 λαμπρὸς
1224 2342 1332 2369 ἔλαττον
1351 2343 1367 2378 ἢ
1385 2347 1408 2370 κ’
1424 2344 1505 2380 μέρος
1525 2343 1599 2380 ὦρας
1623 2345 1804 2374 ὑπολείπεται
1820 2347 1856 2373 τοῦ

1077 2388 1126 2424 τὴν
1138 2388 1158 2413 δ’
1172 2388 1247 2424 ὥραν
1262 2389 1436 2424 ἀφορίζοντος
1453 2389 1562 2416 κύκλου.

1113 2433 1167 2468 Τὴν
1188 2433 1216 2459 δὲ
1237 2433 1364 2469 πέμπτην
1380 2434 1454 2469 ὥραν
1476 2435 1599 2470 ἀφορίζει
1621 2437 1687 2472 περὶ
1712 2438 1803 2474 μέσην
1818 2438 1855 2472 τὴν

1077 2479 1213 2514 Παρθένον
1228 2480 1349 2516 ἀκριϐῶς
1370 2481 1419 2516 μὲν
1437 2481 1524 2513 οὐδεὶς
1544 2483 1642 2519 ἀστὴρ,
1657 2484 1697 2519 τῷ
1713 2485 1743 2511 ἃ
1759 2490 1774 2512 ι’
1788 2487 1854 2521 μέρει

1077 2523 1152 2560 ὥρας
1167 2525 1248 2552 πλέον
1269 2525 1479 2561 ὑπολειπόμενος
1495 2527 1509 2553 δ
1524 2535 1554 2553 τε
1571 2529 1774 2566 Προτρυγητὴρ
1793 2531 1854 2557 καὶὸ

1077 2571 1122 2596 ἐπὶ
1133 2570 1180 2597 τοῦ
1190 2571 1277 2605 δεξιοῦ
1292 2571 1367 2608 ὤμου
1381 2573 1430 2609 τῆς
1441 2573 1580 2609 Παρθένου
1599 2575 1727 2610 κείμενος
1736 2577 1854 2612 λαμπῂ

1076 2615 1173 2652 ἀστήρ.

1110 2674 1164 2709 Τὴν
1174 2674 1202 2701 δὲ
1215 2674 1297 2711 ἕκτην
1313 2675 1387 2712 ὥραν
1409 2675 1532 2713 ἀφορίζει
1555 2679 1602 2705 ἐπὶ
1616 2679 1663 2705 τοῦ
1687 2679 1731 2706 διὰ
1748 2679 1800 2706 τῶν
1818 2680 1850 2705 is-

1077 2719 1212 2755 ημερινῶν
1225 2721 1341 2756 σημείων
1348 2722 1457 2755 κύκλου,
1471 2723 1584 2757 ἔγγιστα
1593 2725 1642 2760 μὲν
1649 2725 1696 2752 τοῦ
1705 2726 1850 2760 Κενταύρου

1075 2765 1090 2791 6
1105 2765 1235 2800 ἑπόμενος
1248 2766 1302 2793 τῶν
1317 2768 1346 2794 ὲν
1359 2767 1398 2803 τῷ
1418 2769 1568 2804 νοτιωτάτῳ
1586 2771 1664 2806 μέρει
1686 2771 1730 2798 τοῦ
1759 2772 1849 2806 θύρσου

1076 2810 1218 2846 λαμπρῶν,
1233 2813 1279 2839 καὶ
1292 2813 1329 2845 ὡς
1340 2815 1488 2850 ἡμιπήχιον
1501 2815 1692 2852 διεστηκότων,
1713 2819 1738 2844 οἳ
1756 2819 1847 2845 κεῖνται

1075 2857 1146 2884 κατὰ
1166 2857 1247 2892 μέσον
1261 2868 1318 2892 πως
1341 2860 1371 2887 τδ
1390 2861 1485 2897 στῆθος
1500 2861 1547 2889 τοῦ
1571 2863 1746 2900 Κενταύρου·
1765 2863 1809 2890 τοῦ
1823 2862 1846 2889 δὲ
