1923 3137
112 143 186 173 “'55

111 202 247 229 Βοώτουό
264 202 344 238 μέσος
361 203 414 231 τῶν
428 204 456 230 ὲν
475 204 514 240 τῷ
528 204 663 239 ἀριστερῷ
682 202 751 236 ποδὶ,
767 204 805 235 ὡς
820 203 843 220 ’³
853 203 892 229 εί-

111 248 212 275 κοσ-τὺν
228 248 309 284 μέρος
328 249 438 285 ὼριαίου
453 250 631 284 διαστήματος
649 250 821 276 ὑπολείπεται
843 249 890 275 τοῦ

111 293 165 325 τὰς
181 293 290 328 ς’ὥρας
303 294 476 329 ἀφορίζοντος
491 294 600 321 κύκλου.

150 339 200 365 IZ’.
208 338 268 365 Τῶν
277 339 304 365 δὲ
311 339 410 375 μεταξὺ
419 340 464 366 τοῦ
471 339 663 376 φθινοπωρινοῦ
680 340 834 376 ίσημερινοῦ
843 349 890 375 ση-

113 384 193 420 μείου
209 385 255 411 καὶ
277 385 322 411 τοῦ
338 386 489 421 χειμερινοῦ
513 386 643 422 τροπικοῦ
657 389 683 418 ς’
697 386 814 421 ὡριαίων
835 386 891 413 δια-

114 431 261 466 στημάτων
274 431 304 457 τὸ
323 432 371 466 μὲν
383 435 406 458 α’
419 432 527 466 ὠριαῖον
542 433 588 458 ἐπὶ
600 432 646 458 τοῦ
665 431 729 468 περὶ
746 431 831 467 μέσας
842 431 890 463 τὰς

110 476 208 511 Χηλὰς
225 476 323 502 κύκλου
339 476 462 512 ἀφορίζει
475 477 512 508 ὡς
523 477 645 511 ἔγγιστα,
659 477 704 504 τοῦ
718 486 747 504 τε
761 477 865 503 Βοώτου
877 479 891 504 ὁ

110 522 256 557 ἀριστερὺς
266 519 349 557 ὦμος,
365 523 410 549 καὶ
422 524 436 549 ὁ
452 524 480 549 ὲν
500 523 572 559 ἄκρᾳ
586 525 619 559 τῇ
636 524 710 559 νοτίᾳ
727 524 802 559 Χηλῇ
820 523 890 558 λαμ-

109 566 183 602 πρὸς
199 567 298 602 ἀστήρ·
315 568 329 593 ὁ
342 567 389 602 μὲν
400 565 474 603 ὦμος
486 568 638 604 ἀδιαφόρως
651 569 740 596 πλεῖον
754 569 891 596 ὑπολειπό-

111 621 206 647 μενος,
218 613 234 648 ὴ
248 612 276 638 δὲ
285 613 361 648 Χηλὴ
375 613 412 644 ὡς
425 615 582 649 τριακοστὸν
598 615 679 650 μέρος
700 615 889 651 προηγουμένη

108 657 160 684 τοῦ
173 657 314 693 εἰρημένου
331 658 375 685 διὰ
384 658 438 684 τῶν
456 659 543 686 πόλων
555 660 662 687 κύκλου.

147 702 185 729 Τὸ
195 703 223 729 δε
234 702 256 737 β’
270 703 378 738 ὡριαῖον
390 703 525 739 διάστημα
539 704 661 739 ἀφορίζει
674 705 736 740 περὶ
746 704 794 741 τὴν
804 704 889 740 ἀρχὴν

107 749 159 775 τοῦ
175 748 307 783 Σκορπίου
319 748 365 775 τοῦ
382 758 413 775 τε
430 749 569 784 ὐφιούχου
585 750 599 775 ὁ
616 750 780 786 βορειότερος
796 751 849 777 τῶν
860 752 889 778 ὲν

107 796 144 830 τῇ
157 794 231 830 δεξιᾷ
244 795 314 830 χειρὶ
328 795 350 830 β’
365 796 484 831 ἀστέρων
496 795 638 831 λαμπρῶν,
654 796 678 823 οἳ
697 798 797 823 κείντάι
811 798 839 822 ὲν
850 797 889 832 τῷ

73 862 78 864 .
107 840 219 876 σώματι
231 840 278 867 τοῦ
296 841 400 875 Ὄφεως
417 841 485 875 μετά
497 840 581 873 δεξιὸν
594 842 656 876 γόνυ
674 842 720 868 τοῦ
737 842 886 878 Ὀφιούχου,

104 885 158 912 τοῦ
172 885 201 912 δὲ
220 886 354 920 Στεφάνου
371 887 386 913 ὁ
398 886 598 922 προηγούμενος
615 887 660 913 τοῦ
676 887 800 924 λαμπροῦ
812 888 849 920 ὡς
866 887 888 914 λ’

107 931 195 966 μέρος
206 930 279 966 ὥρας
297 930 469 957 ὑπολείπεται
482 930 527 958 τοῦ
544 930 586 957 διὰ
600 931 654 958 τῶν
670 930 758 958 πόλων
773 931 886 958 κύκλου·

103 976 210 1011 ὁμοίως
219 975 248 1002 δὲ
261 976 307 1002 καὶ
317 977 331 1002 ό
351 976 431 1012 μέσος
443 976 497 1003 τῶν
516 977 545 1002 ὲν
559 976 599 1012 τῷ
615 976 732 1012 μετώπῳ
747 976 793 1003 τοῦ
806 978 888 1013 Σκορ-

105 1022 174 1048 πίου
190 1024 214 1055 γ’
228 1020 359 1057 λαμπρῶν
369 1021 498 1057 ἀστέρων.

143 1065 200 1102 Τὴν
216 1066 243 1093 δὲ
257 1069 281 1101 γ’
295 1066 369 1102 ὥραν
388 1067 509 1103 ἀφορίζει
527 1068 592 1103 περὶ
605 1067 635 1095 τὺ
649 1068 730 1103 μέσον
740 1068 785 1095 τοῦ
803 1069 890 1104 Σκορ-

105 1112 172 1139 πίου
186 1111 232 1138 τοῦ
259 1112 301 1138 Ἐν
313 1113 420 1147 γόνασιν
432 1114 445 1140 ὁ
458 1114 504 1140 ἐπὶ
513 1114 560 1140 τοῦ
576 1114 662 1146 δεξιοῦ
676 1114 751 1150 ὤμου
763 1116 888 1150 κείμενος

102 1159 207 1194 ἀστὴρ,
219 1159 265 1185 καὶ
276 1160 290 1186 ὁ
302 1159 330 1186 ἐν
343 1159 412 1196 μέσῃ
422 1161 454 1195 τῇ
466 1158 539 1195 δεξιᾷ
550 1161 641 1196 κνήμῃ
656 1161 747 1194 αὑτοῦ,
756 1161 794 1194 ὡς
809 1161 830 1188 λ’
845 1162 888 1198 μέ-

104 1214 156 1240 ρος
170 1205 244 1241 ὥρας
262 1206 329 1240 πρὸς
342 1206 474 1238 ἀνατολὰς
487 1206 695 1242 παραλλάσσων.

144 1252 201 1287 Τὴν
215 1252 242 1278 δὲ
254 1252 273 1278 δ’
289 1252 412 1288 ἀφορίζει
424 1253 487 1288 περὶ
499 1253 548 1288 τὴν
561 1253 646 1289 ἀρχὴν
656 1254 702 1281 τοῦ
716 1255 828 1288 Τοξότου
840 1254 886 1282 τοῦ

101 1306 136 1323 τε
160 1297 205 1323 Ἐν
224 1297 333 1331 γόνασιν
350 1299 364 1324 ὁ
384 1300 413 1325 ὲν
435 1298 474 1333 τῷ
495 1298 628 1334 ἀριστερῷ
652 1300 731 1336 μηρῷ
752 1301 886 1337 λαμπρὸς,

102 1342 216 1377 καὶτῆς
229 1344 328 1378 μικρᾶς
345 1344 460 1379 ’Ἄρκτου
478 1346 502 1372 οἱ
521 1345 705 1383 λαμπρότατοι
720 1349 766 1376 καὶ
776 1349 888 1386 ἡγούμε-

101 1397 146 1414 νοι
158 1388 212 1415 τῶν
222 1390 250 1416 έν
261 1389 300 1424 τῷ
312 1389 421 1425 πλινθίῳ
433 1391 463 1423 δ’,
475 1391 521 1418 καὶ
528 1391 577 1421 τοῦ
592 1393 731 1431 Ὀφιούχου
743 1395 796 1422 τῶν
811 1397 839 1423 ὲν
849 1395 887 1432 τῷ

99 1433 186 1469 δεξιῷ
196 1433 262 1468 ὤμῳ
275 1435 289 1461 ό
301 1434 479 1472 βορειότερος.

141 1480 198 1517 Τὴν
216 1479 276 1513 δὲε
296 1480 369 1520 ὥραν
389 1481 513 1521 ἀφορίζει
525 1487 588 1522 περὶ
606 1487 687 1522 μέσον
701 1486 746 1514 τοῦ
762 1487 886 1521 Τοξότου,

101 1528 153 1555 τοῦ
171 1537 200 1555 τε
217 1529 328 1562 Τοξότου
348 1531 362 1557 ό
377 1532 507 1567 ἑπόμενος
519 1532 571 1560 τῶν
591 1533 619 1560 ὲν
632 1534 664 1570 τῇ
682 1533 785 1570 κεφαλῇ
802 1537 836 1569 γ’,
853 1533 891 1566 ὠς

101 1573 126 1599 λ’
144 1573 227 1609 μέρος
241 1574 314 1610 ὥρας
330 1576 397 1612 πρὸς
411 1576 541 1610 ἀνατολὰς
555 1579 760 1614 παραλλάσσων.

142 1619 200 1654 Τὴν
218 1619 245 1646 δὲ
263 1623 289 1652 ς’
305 1620 377 1656 ὥραν
391 1622 513 1657 ἀφορίζει
527 1623 572 1649 ἐπὶ
595 1623 641 1650 τοῦ
662 1623 705 1651 διὰ
723 1624 777 1650 τῶν
791 1633 884 1658 τροπι-

102 1664 165 1691 κῶν
181 1666 301 1700 σημείων
317 1666 415 1693 κύκλου
429 1668 466 1699 ὼς
481 1668 593 1703 ἔγγιστα
615 1669 668 1696 τῶν
692 1670 721 1696 ὲν
737 1669 776 1705 τῷ
798 1671 824 1681 ”
834 1671 844 1681 ‘
861 1673 886 1704 γ’

101 1711 243 1746 λαμπρῶν
269 1713 283 1738 ὁ
310 1711 484 1749 βορειότερος,
510 1714 547 1746 ὡς
573 1713 596 1741 κ’
618 1714 699 1751 μέρος
725 1715 788 1750 μιᾶς
813 1715 886 1751 ὥρας

102 1756 320 1792 ὑπολειπόμενος
335 1757 380 1785 τοῦ
398 1758 508 1786 κύκλου.

142 1803 198 1829 III’.
218 1803 277 1830 Τῶν
291 1804 319 1830 δὲ
341 1804 441 1839 μεταξὺ
456 1804 500 1831 τοῦ
517 1805 670 1842 χειμερινοῦ
690 1806 821 1842 τροπικοῦ
839 1815 886 1843 ση-

105 1848 187 1884 μείου
204 1850 248 1875 καὶ
264 1848 309 1875 τοῦ
332 1850 439 1886 ὲαρινοῦ
465 1854 491 1883 ς’
513 1851 630 1886 ὡριαίων
650 1852 839 1887 διαστημάτων
857 1852 887 1878 τὸ

106 1895 160 1930 μὲν
182 1898 206 1921 α’
223 1895 332 1931 ὼριαῖον
347 1896 482 1932 διάστημα
507 1896 629 1932 ἀφορίζει
652 1896 698 1923 τοῦ
723 1898 848 1932 Δελφίνος
873 1899 887 1924 ό

104 1941 277 1978 βορειότερος
292 1941 344 1969 τῶν
368 1943 524 1979 ἡγουμένων
539 1944 567 1970 ὲν
584 1943 622 1979 τῷ
649 1943 751 1979 ῥόμϐῳ,
774 1944 820 1970 καὶ
840 1943 886 1969 τοῦ

103 1987 295 2023 Δίγοκέρωτος
309 1988 324 2014 ό
338 1988 486 2023 ἡγούμενος
500 1989 553 2015 τῶν
569 1990 597 2016 ὲν
610 1989 648 2024 τῷ
662 1989 747 2024 νώτῳ.

144 2032 182 2059 Τὸ
197 2033 225 2059 δὲ
246 2033 266 2060 δ’
279 2034 387 2069 ὠριαῖον
404 2034 539 2070 διάστημα
557 2035 679 2070 ἀφορίζει
696 2035 759 2070 περὶ
773 2035 822 2071 τὴν
836 2036 886 2071 ἀρ-

103 2078 161 2114 χὴν
182 2078 228 2104 τοῦ
248 2078 386 2114 Ὑδροχόου
406 2079 459 2106 τῶν
479 2081 507 2107 ἐν
525 2080 563 2116 τῷ
583 2081 695 2116 στόματι
717 2081 762 2107 τοῦ
789 2082 886 2108 Ἵππου

103 2125 234 2161 λαμπρὸς
255 2125 350 2162 ἀστὴρ,
368 2126 473 2153 καὶτοῦ
490 2127 605 2162 Κηφέως
621 2129 635 2153 ὁ
657 2127 814 2164 νοτιώτερος
834 2128 888 2154 τῶν

106 2171 323 2207 προηγουμένων
337 2171 383 2198 τοῦ
399 2172 484 2205 δεξιοῦ
498 2172 583 2208 ὤμου.

145 2217 183 2243 Τὸ
203 2216 231 2243 δὲ
256 2220 280 2251 γ’
300 2217 408 2253 ὡριαῖον
428 2219 562 2254 διάστημα
583 2218 706 2254 ἀφορίζει
724 2219 787 2255 περὶ
805 2220 886 2255 μέσον

102 2262 157 2290 τοῦ
179 2262 318 2299 ’Υδροχόου
332 2264 346 2290 ὁ
356 2264 494 2299 μέσοςτῶν
504 2266 532 2291 ὲν
546 2267 578 2300 τῇ
590 2265 695 2300 κεφαλῇ
712 2265 758 2291 τοῦ
769 2266 886 2301 Κηφέως

103 2312 132 2343 γ’
151 2308 272 2344 ἀστέρων
300 2309 342 2335 ἐπ’
364 2309 469 2341 εὐθείας
492 2310 634 2345 κειμένων,
658 2311 704 2336 καὶ
725 2309 772 2336 τοῦ
788 2311 886 2337 Ἵππου

103 2354 166 2380 τῶν
188 2355 216 2380 ὲν
239 2354 276 2389 τῷ
293 2354 417 2390 τραχήλῳ
434 2354 454 2389 β’
468 2355 588 2390 ἀστέρων
613 2356 627 2382 ό
650 2355 825 2391 βορειότερος,
850 2355 887 2387 ὡς

103 2400 269 2436 τριακοστὸν
296 2401 376 2436 μέρος
399 2400 471 2435 ὥρας
486 2401 686 2436 προηγούμενος
699 2401 746 2428 τοῦ
766 2401 810 2428 διὰ
833 2401 886 2429 τῶν

103 2446 201 2474 πόλων
220 2446 328 2473 κύκλου.

144 2492 182 2519 Τὸ
194 2492 222 2519 δὲ
232 2492 252 2518 δ’
261 2493 369 2528 ὡριαῖον
379 2492 514 2527 διάστημα
527 2491 649 2527 ἀφορίζει
657 2488 726 2528 ¹περὶ
737 2493 786 2527 τὴν
800 2493 887 2528 ἀρχὴν

103 2539 165 2565 τῶν
184 2537 292 2573 Ἰχθύων
307 2538 355 2574 τῆς
369 2538 544 2574 Ἀνδρομέδας
558 2538 611 2565 τῶν
626 2539 654 2565 ὲν
678 2539 711 2574 τῇ
727 2539 800 2574 δεξιᾷ
815 2540 886 2574 χειρὶ

105 2583 230 2620 ἀστέρων
248 2585 262 2610 ό
276 2583 443 2616 νοτιώτατος,
457 2584 494 2615 ὡς
508 2586 531 2609 κ’
547 2583 628 2618 μέρος
650 2583 722 2620 ὥρας
736 2585 886 2620 ,ὑπολειπό-

107 2637 192 2666 μενος
205 2628 252 2656 τοῦ
269 2630 312 2657 διὰ
325 2638 379 2657 των
394 2629 481 2656 πόλων
497 2628 607 2656 κύκλου.

145 2675 182 2702 Τὸ
205 2676 233 2703 δὲ
260 2680 279 2703 ε’
308 2677 416 2712 ὼριαῖον
447 2675 581 2711 διάστημὶ
611 2675 672 2712 περὶ
697 2675 796 2710 μέσους
823 2676 885 2707 τοὺς

113 2721 221 2756 ’ἰχθύας
245 2722 366 2757 ἀφορίζει
386 2724 439 2757 ’τῆς
462 2721 639 2760 Kay-":01;
668 2720 682 2747 ὀ
703 2722 731 2747 ὲν
754 2721 827 2756 μέσῳ
847 2720 885 2755 τῷ

106 2764 226 2800 σώματι,
242 2766 287 2792 καὶ
302 2768 390 2802 τρίτος
405 2765 458 2791 ἀπὸ
473 2766 521 2801 τῆς
536 2765 654 2802 κεφαλῆς
677 2766 885 2802 ἀριθμούμενος-

161 2844 185 2874 9-
201 2843 221 2879 ί.
236 2844 275 2876 ὃς.

603 144 783 172 HIPPARCIII
802 144 846 171 AD
866 141 1086 170 ΡΗᾹΞΝΟΜΕΝΑ
1105 140 1168 168 LIB.
1188 141 1229 170 Ill.

1647 145 1715 171 1134

907 205 929 233 Α
943 202 970 229 in
983 200 1049 236 pede
1063 200 1175 228 sinistro
1183 199 1283 232 Bootae,
1293 198 1419 226 vicesima
1427 198 1483 227 fere
1494 203 1568 234 parte
1581 200 1685 229 distans
1699 210 1715 228 ει

941 251 1023 275 sexta:
1039 246 1111 273 hora:
1127 245 1265 272 limitaneo
1278 245 1390 272 circulo.

978 333 1056 362 XVII.
1072 335 1144 362 Inter
1158 336 1287 369 punctum
1312 333 1465 368 mquinoctii
1490 334 1664 367 autumnalis,
1689 341 1716 362 ct

941 379 1045 407 hiberni
1062 380 1158 415 tropici
1183 387 1231 406 sex
1245 379 1414 406 horariorum
1439 379 1640 407 intervallorum
1661 383 1716 416 pri-

941 433 1014 452 mum
1025 427 1153 453 terminat
1168 427 1197 454 in
1222 426 1336 459 circulo,
1351 426 1397 460 qui
1422 427 1525 454 medias
1544 427 1641 456 Chelas
1656 437 1717 464 per—

940 471 1049 502 transit,
1061 471 1183 506 proxime
1197 471 1305 506 quidem
1324 471 1436 498 sinister
1452 472 1581 500 humerus
1610 473 1715 503 Bootae:

940 520 967 544 et
981 516 1070 544 lucida
1088 516 1116 543 in
1129 517 1297 544 extremitate
1323 518 1451 545 australis
1469 518 1567 550 Chelaz,
1587 528 1602 547 e
1618 521 1717 555 quibus

940 562 1068 590 humerus
1082 562 1152 588 haud
1164 563 1248 589 multo
1264 563 1380 597 amplius
1395 563 1463 590 citra
1481 571 1488 589 :
1501 564 1584 592 Chela
1595 574 1659 593 vero
1673 568 1717 594 tri-

940 606 1041 634 cesima
1064 610 1141 641 parte
1166 607 1235 634 ultra
1260 611 1302 634 est
1318 607 1449 636 circulum
1476 608 1562 642 illum,
1578 617 1656 645 quem
1669 619 1716 646 per

940 653 1015 688 polos
1028 653 1146 680 transire
1159 653 1286 680 diximus.

975 697 1130 726 Secundum
1159 699 1298 726 horarium
1324 700 1503 729 interstitium
1539 702 1715 736 determinat,

939 744 1011 771 circa
1026 744 1133 772 initium
1148 744 1265 780 Scorpii,
1278 745 1413 773 borealior
1428 747 1578 775 lucidarum
1589 749 1714 783 duarum,

939 797 999 824 qua:
1013 790 1040 816 in
1054 790 1149 818 dextra
1161 795 1224 818 sunt
1239 790 1386 826 Ophiuchi,
1400 786 1513 828 qumque
1526 793 1553 820 in
1581 797 1716 830 serpentis

939 842 1053 869 corpore
1077 839 1139 870 post
1163 835 1295 870 Ophiuchi
1316 837 1442 864 dextrum
1471 846 1542 873 genu
1568 840 1626 868 sita:
1642 845 1714 868 sunt.

903 871 924 899 Β
937 880 972 907 At
993 881 1147 915 praecedens
1164 882 1279 908 lucidam
1290 882 1402 910 Corona:
1417 871 1552 911 tricesima
1575 885 1629 914 fere
1644 886 1717 914 horae

937 929 1015 960 parte
1029 926 1098 953 citra
1115 927 1248 954 circulum
1269 931 1312 955 est
1338 936 1387 963 per
1410 929 1487 964 polos
1520 934 1714 962 transeuntem.

937 971 1069 1001 Similiter
1082 974 1165 1001 etiam
1178 974 1266 1002 media
1283 975 1436 1002 Iucidarum
1462 976 1553 1010 trium,
1579 986 1639 1013 qua:
1653 984 1718 1007 sunt

936 1018 965 1046 in
982 1018 1071 1047 fronte
1088 1018 1194 1054 Scorpii

973 1063 1092 1092 Tertiam
1105 1065 1199 1093 deﬁnit
1213 1067 1307 1095 horam
1335 1069 1408 1096 circa
1436 1070 1554 1098 medium
1576 1072 1718 1108 Scorpium

936 1111 1026 1144 stella,
1043 1119 1104 1146 quae
1126 1112 1155 1139 in
1186 1112 1283 1141 dextro
1309 1113 1423 1143 humero
1450 1120 1490 1143 est
1512 1116 1718 1152 Ingeniculizet

937 1165 997 1192 quae
1011 1162 1053 1186 est
1064 1158 1093 1185 in
1104 1158 1226 1193 ejusdem
1244 1167 1324 1188 crure
1340 1160 1446 1194 dextro,
1462 1162 1598 1191 tricesima
1609 1165 1718 1193 circiter

937 1204 1010 1232 hom
1023 1207 1099 1240 parte
1114 1205 1147 1232 ad
1160 1205 1291 1233 orientem
1307 1207 1456 1235 declinans.

971 1250 1080 1283 Quarta
1091 1251 1166 1278 horae
1192 1251 1273 1279 limes
1287 1253 1417 1280 estcirca
1442 1253 1550 1281 initium
1579 1255 1717 1290 Sagittarii

941 1296 1032 1324 lucida
1043 1297 1070 1324 in
1097 1296 1199 1324 femore
1221 1297 1333 1325 sinistro
1350 1298 1495 1334 lngenieuli
1515 1309 1521 1327 :
1536 1304 1563 1328 et
1580 1301 1717 1329 lucidissi-

936 1349 997 1374 maa,
1009 1342 1255 1378 antecedentesque
1271 1344 1346 1380 141
1369 1345 1402 1372 de
1413 1349 1529 1380 quatuor
1546 1346 1573 1373 in
1587 1347 1717 1376 laterculo

936 1388 1050 1415 minoris
1066 1387 1156 1422 Ursae;
1175 1393 1233 1416 tum
1253 1389 1389 1417 borealior
1404 1398 1509 1424 earum,
1527 1400 1588 1427 quae
1604 1396 1669 1420 sunt
1688 1394 1716 1421 in

936 1432 1069 1469 Ophiuchi
1082 1434 1178 1462 dextro
1192 1435 1317 1463 humero.

971 1480 1098 1513 Quintam
1112 1481 1206 1508 horam
1221 1480 1383 1509 determinat
1403 1482 1476 1511 circa
1492 1484 1612 1512 medium
1627 1484 1718 1520 Sagit-

903 1536 925 1566 ρ
941 1527 1050 1559 tarium,
1065 1526 1215 1555 succedens
1229 1527 1311 1554 trium
1323 1527 1348 1554 in
1361 1528 1450 1563 capite
1465 1529 1617 1565 Sagittarii,
1636 1532 1718 1560 trice-

937 1573 1006 1602 sima
1023 1572 1132 1600 circiter
1149 1572 1224 1600 hora:
1235 1577 1309 1607 parte
1321 1573 1354 1600 ad
1364 1575 1496 1602 orientem
1512 1576 1662 1605 declinans.

972 1619 1060 1646 Sextae
1088 1618 1163 1646 horae
1187 1618 1323 1646 terminus
1336 1623 1378 1646 est
1406 1620 1434 1647 in
1461 1621 1575 1654 circulo,
1600 1623 1647 1657 qui
1669 1631 1718 1657 per

936 1665 1089 1694 solstitialia
1104 1669 1205 1701 puncta
1222 1665 1331 1698 transit,
1346 1673 1426 1700 quam
1444 1667 1567 1701 proxime
1580 1668 1717 1697 horealior

936 1718 951 1738 e
965 1711 1062 1738 lucidis
1077 1711 1175 1744 tribus,
1192 1711 1324 1739 vicesima
1338 1711 1448 1739 circiter
1463 1712 1537 1740 hora:
1553 1711 1717 1748 parte'citra

936 1757 1067 1784 circulum
1082 1757 1182 1792 posita.

972 1802 1064 1829 XVIII.
1080 1802 1110 1830 In
1125 1810 1158 1830 eo
1175 1803 1326 1838 quadrante
1338 1823 1345 1836 ,
1369 1804 1415 1839 qui
1435 1804 1468 1831 ab
1490 1804 1594 1832 hiberni
1620 1805 1716 1840 tropici

936 1852 1037 1883 puncto
1051 1848 1084 1875 ad
1100 1849 1292 1884 aequinoctium
1319 1857 1432 1877 vernum
1460 1850 1595 1885 pertinet,
1625 1857 1640 1878 e
1667 1858 1715 1878 sex

937 1894 1054 1922 horariis
1076 1894 1225 1922 intervallis
1243 1895 1361 1929 primum
1384 1895 1513 1923 terminat
1535 1896 1561 1923 in
1582 1896 1713 1931 Delphino

939 1939 1073 1967 horealior
1101 1941 1318 1968 antecedentium
1351 1942 1379 1968 in
1405 1941 1535 1974 rhombo,
1562 1946 1588 1969 et
1607 1946 1714 1970 antece-

937 1985 1004 2013 dens
1019 1993 1122 2017 earum,
1138 1994 1198 2020 quae
1213 1991 1276 2013 sunt
1289 1986 1317 2014 iu
1334 1986 1416 2014 dorso
1429 1986 1599 2022 Capricorni.

976 2031 1129 2059 Secundum
1156 2031 1294 2059 horarium
1319 2031 1490 2059 intervallum
1523 2033 1615 2060 deliuit
1641 2033 1714 2060 circa

937 2076 1043 2104 initium
1068 2077 1199 2112 Aquarii,
1225 2077 1315 2104 lucida
1339 2085 1400 2112 quae
1416 2077 1444 2104 in
1468 2085 1516 2105 ore
1531 2083 1572 2106 est
1593 2078 1671 2113 Equi,
1687 2083 1714 2107 et

938 2122 1083 2150 australior
1098 2123 1315 2151 antecedentium
1332 2122 1420 2151 dextri
1436 2123 1544 2151 humeri
1567 2123 1677 2159 Cephei.

902 2210 923 2237 Β
973 2211 1070 2239 Tertia:
1082 2211 1155 2239 hora:
1169 2211 1245 2243 limes
1262 2215 1303 2238 est
1322 2210 1396 2238 circa
1415 2210 1533 2238 medium
1547 2210 1696 2246 Aquarium
1706 2232 1713 2244 ,

937 2257 1025 2284 media
1040 2257 1121 2284 trium
1135 2257 1284 2290 stellarum,
1300 2263 1360 2291 quae
1375 2260 1438 2284 sunt
1459 2257 1487 2283 in
1504 2257 1591 2291 capite
1613 2257 1714 2292 Cephei

936 2303 964 2330 in
988 2303 1120 2330 directum
1143 2294 1255 2337 positae;
1279 2311 1328 2330 nec
1348 2310 1402 2330 non
1424 2302 1561 2330 borealior
1581 2303 1713 2337 duarum,

936 2355 996 2383 quae
1011 2348 1127 2383 suntain
1142 2347 1211 2382 Equi
1233 2348 1322 2381 collo,
1354 2347 1492 2375 tricesima
1514 2347 1622 2376 circiter
1643 2349 1716 2377 horae

937 2391 1068 2426 particula
1093 2392 1243 2426 circulum,
1268 2394 1314 2428 qui
1337 2401 1384 2429 per
1404 2393 1482 2428 polos
1507 2395 1620 2427 transit,
1637 2399 1714 2423 ante-

937 2437 1047 2466 cedens.

973 2483 1100 2515 Quartam
1124 2483 1218 2511 horam
1244 2484 1338 2512 delinit
1367 2487 1441 2514 circa
1465 2488 1584 2516 Piscium
1608 2487 1714 2515 initium

938 2528 1135 2556 australissima
1147 2535 1240 2556 earum
1256 2537 1316 2564 quae
1331 2535 1395 2558 sunt
1412 2532 1439 2559 in
1453 2533 1547 2560 dextra
1563 2540 1643 2559 manu
1658 2532 1715 2559 An-

937 2573 1089 2607 dromedae,
1106 2574 1236 2601 vicesima
1250 2579 1327 2609 parte
1343 2575 1399 2604 fere
1417 2577 1486 2604 citra
1503 2585 1563 2605 eum
1583 2577 1714 2604 circulum

938 2618 1026 2654 posita
1038 2637 1045 2650 ,
1060 2618 1106 2653 qui
1120 2627 1167 2654 per
1183 2620 1259 2654 polos
1278 2622 1384 2649 transit.

973 2664 1102 2697 Quintum
1132 2665 1270 2693 horarium
1307 2666 1477 2696 intervallum
1513 2667 1583 2694 circa
1611 2667 1714 2695 medios

938 2709 1030 2738 Pisces
1047 2710 1140 2739 deﬁnit
1154 2719 1196 2744 ea,
1209 2719 1268 2747 quae
1282 2712 1358 2739 estin
1377 2713 1466 2740 medio
1480 2720 1592 2749 corpore
1607 2713 1715 2741 Cassie-

939 2762 1005 2789 νοω,
1017 2764 1075 2791 qua
1087 2765 1102 2785 a
1115 2757 1203 2793 capite
1213 2757 1294 2786 tertia
1309 2762 1476 2786 numeratur.
