  <div class='ocr_page' id='page_1' title='image "/cluster/home/n/w/nwhite01/storage/ocr_20150623/19/njp.32101077772463/645.png"; bbox 0 0 1907 3144; ppageno 0'>
   <div class='ocr_carea' id='block_1_1' title="bbox 276 127 345 155">
    <p class='ocr_par' dir='ltr' id='par_1_1' title="bbox 276 127 345 155">
     <span class='ocr_line' id='line_1_1' title="bbox 276 127 345 155; baseline -0.014 0"><span class='ocrx_word' id='word_1_1' title='bbox 276 127 345 155; x_wconf 73' lang='grc'><strong>1155</strong></span> 
     </span>
    </p>
   </div>
   <div class='ocr_carea' id='block_1_2' title="bbox 766 125 1822 159">
    <p class='ocr_par' dir='ltr' id='par_1_2' title="bbox 766 125 1822 159">
     <span class='ocr_line' id='line_1_2' title="bbox 766 125 1822 159; baseline 0.007 -7"><span class='ocrx_word' id='word_1_2' title='bbox 766 126 810 152; x_wconf 81' lang='lat' dir='ltr'><strong>AD</strong></span> <span class='ocrx_word' id='word_1_3' title='bbox 827 125 958 153; x_wconf 86' lang='lat' dir='ltr'><strong>EUSEBll</strong></span> <span class='ocrx_word' id='word_1_4' title='bbox 977 125 1177 154; x_wconf 79' lang='lat' dir='ltr'><strong>CHRONICON</strong></span> <span class='ocrx_word' id='word_1_5' title='bbox 1197 125 1376 154; x_wconf 74' lang='lat' dir='ltr'><strong>APPENDIX.</strong></span> <span class='ocrx_word' id='word_1_6' title='bbox 1778 131 1822 159; x_wconf 72' lang='lat'><strong>“36</strong></span> 
     </span>
    </p>
   </div>
   <div class='ocr_carea' id='block_1_3' title="bbox 312 182 1051 219">
    <p class='ocr_par' dir='ltr' id='par_1_3' title="bbox 312 182 1051 217">
     <span class='ocr_line' id='line_1_3' title="bbox 312 182 1051 217; baseline 0 -6"><span class='ocrx_word' id='word_1_7' title='bbox 312 184 422 212; x_wconf 81' lang='lat' dir='ltr'><strong>Sextam</strong></span> <span class='ocrx_word' id='word_1_8' title='bbox 437 184 530 210; x_wconf 85' lang='lat' dir='ltr'><strong>horam</strong></span> <span class='ocrx_word' id='word_1_9' title='bbox 542 182 668 210; x_wconf 86' lang='lat' dir='ltr'><strong>terminat</strong></span> <span class='ocrx_word' id='word_1_10' title='bbox 687 183 810 217; x_wconf 73' lang='lat' dir='ltr'><strong>proxime</strong></span> <span class='ocrx_word' id='word_1_11' title='bbox 826 184 860 211; x_wconf 81' lang='lat' dir='ltr'><strong>ab</strong></span> <span class='ocrx_word' id='word_1_12' title='bbox 875 184 978 211; x_wconf 82' lang='lat' dir='ltr'><strong>circulo</strong></span> <span class='ocrx_word' id='word_1_13' title='bbox 988 184 1051 216; x_wconf 89' lang='lat' dir='ltr'><strong>isto,</strong></span> 
     </span>
    </p>
   </div>
   <div class='ocr_carea' id='block_1_4' title="bbox 1105 182 1821 219">
    <p class='ocr_par' dir='ltr' id='par_1_4' title="bbox 1138 184 1821 219">
     <span class='ocr_line' id='line_1_4' title="bbox 1138 184 1821 219; baseline 0.007 -9"><span class='ocrx_word' id='word_1_14' title='bbox 1138 184 1174 210; x_wconf 82' lang='lat' dir='ltr'><em>T6</em></span> <span class='ocrx_word' id='word_1_15' title='bbox 1197 184 1226 211; x_wconf 74' lang='grc' dir='ltr'>δὲ</span> <span class='ocrx_word' id='word_1_16' title='bbox 1247 188 1274 216; x_wconf 86' lang='grc' dir='ltr'>ς’</span> <span class='ocrx_word' id='word_1_17' title='bbox 1289 184 1398 218; x_wconf 86' lang='grc' dir='ltr'>ὼριαῖον</span> <span class='ocrx_word' id='word_1_18' title='bbox 1423 184 1560 219; x_wconf 82' lang='grc' dir='ltr'>διάστημα</span> <span class='ocrx_word' id='word_1_19' title='bbox 1580 184 1693 219; x_wconf 75' lang='grc' dir='ltr'><strong>ἀφορίζει</strong></span> <span class='ocrx_word' id='word_1_20' title='bbox 1714 186 1750 212; x_wconf 73' lang='grc' dir='ltr'>ἀπ’</span> <span class='ocrx_word' id='word_1_21' title='bbox 1768 189 1821 215; x_wconf 74' lang='grc' dir='ltr'>αὐτιῦ</span> 
     </span>
    </p>
   </div>
   <div class='ocr_carea' id='block_1_5' title="bbox 274 227 1051 264">
    <p class='ocr_par' dir='ltr' id='par_1_5' title="bbox 274 227 1051 264">
     <span class='ocr_line' id='line_1_5' title="bbox 274 227 1051 264; baseline 0.001 -8"><span class='ocrx_word' id='word_1_22' title='bbox 274 228 323 264; x_wconf 88' lang='lat' dir='ltr'><strong>qui</strong></span> <span class='ocrx_word' id='word_1_23' title='bbox 341 236 389 264; x_wconf 89' lang='lat' dir='ltr'><strong>per</strong></span> <span class='ocrx_word' id='word_1_24' title='bbox 399 227 596 263; x_wconf 65' lang='lat' dir='ltr'><strong>aequinoctialia</strong></span> <span class='ocrx_word' id='word_1_25' title='bbox 612 231 723 262; x_wconf 82' lang='lat' dir='ltr'><strong>puncta,</strong></span> <span class='ocrx_word' id='word_1_26' title='bbox 735 228 868 263; x_wconf 75' lang='lat' dir='ltr'><strong>polusque</strong></span> <span class='ocrx_word' id='word_1_27' title='bbox 878 229 1051 263; x_wconf 68' lang='lat' dir='ltr'><strong>describitur,</strong></span> 
     </span>
    </p>
   </div>
   <div class='ocr_carea' id='block_1_6' title="bbox 276 273 1052 310">
    <p class='ocr_par' dir='ltr' id='par_1_6' title="bbox 276 273 1052 310">
     <span class='ocr_line' id='line_1_6' title="bbox 276 273 1052 310; baseline 0.001 -8"><span class='ocrx_word' id='word_1_28' title='bbox 276 282 337 310; x_wconf 79' lang='lat' dir='ltr'><strong>quae</strong></span> <span class='ocrx_word' id='word_1_29' title='bbox 354 273 501 302; x_wconf 74' lang='lat' dir='ltr'><strong>summitati</strong></span> <span class='ocrx_word' id='word_1_30' title='bbox 521 273 591 308; x_wconf 87' lang='lat' dir='ltr'><strong>ejus,</strong></span> <span class='ocrx_word' id='word_1_31' title='bbox 608 281 668 308; x_wconf 72' lang='lat' dir='ltr'><strong>quae</strong></span> <span class='ocrx_word' id='word_1_32' title='bbox 685 281 768 308; x_wconf 82' lang='lat' dir='ltr'><strong>supra</strong></span> <span class='ocrx_word' id='word_1_33' title='bbox 792 274 910 302; x_wconf 89' lang='lat' dir='ltr'><strong>Arietem</strong></span> <span class='ocrx_word' id='word_1_34' title='bbox 925 276 977 302; x_wconf 89' lang='lat' dir='ltr'><strong>sita</strong></span> <span class='ocrx_word' id='word_1_35' title='bbox 993 280 1052 308; x_wconf 84' lang='lat' dir='ltr'><strong>est,</strong></span> 
     </span>
    </p>
   </div>
   <div class='ocr_carea' id='block_1_7' title="bbox 278 319 1054 356">
    <p class='ocr_par' dir='ltr' id='par_1_7' title="bbox 278 319 1054 356">
     <span class='ocr_line' id='line_1_7' title="bbox 278 319 1054 356; baseline 0.001 -9"><span class='ocrx_word' id='word_1_36' title='bbox 278 320 409 351; x_wconf 85' lang='lat' dir='ltr'><strong>imminet,</strong></span> <span class='ocrx_word' id='word_1_37' title='bbox 423 323 449 346; x_wconf 88' lang='lat' dir='ltr'><strong>et</strong></span> <span class='ocrx_word' id='word_1_38' title='bbox 464 319 629 347; x_wconf 76' lang='lat' dir='ltr'><strong>antecedens</strong></span> <span class='ocrx_word' id='word_1_39' title='bbox 644 319 796 347; x_wconf 87' lang='lat' dir='ltr'><strong>lucidarum</strong></span> <span class='ocrx_word' id='word_1_40' title='bbox 813 320 904 353; x_wconf 88' lang='lat' dir='ltr'><strong>trium,</strong></span> <span class='ocrx_word' id='word_1_41' title='bbox 916 329 976 356; x_wconf 76' lang='lat' dir='ltr'><strong>qua:</strong></span> <span class='ocrx_word' id='word_1_42' title='bbox 990 326 1054 348; x_wconf 90' lang='lat' dir='ltr'><strong>sunt</strong></span> 
     </span>
    </p>
   </div>
   <div class='ocr_carea' id='block_1_8' title="bbox 277 365 1053 404">
    <p class='ocr_par' dir='ltr' id='par_1_8' title="bbox 277 365 1053 404">
     <span class='ocr_line' id='line_1_8' title="bbox 277 365 1053 404; baseline 0.004 -12"><span class='ocrx_word' id='word_1_43' title='bbox 277 367 305 393; x_wconf 90' lang='lat' dir='ltr'><strong>in</strong></span> <span class='ocrx_word' id='word_1_44' title='bbox 316 366 403 401; x_wconf 79' lang='lat' dir='ltr'><strong>capite</strong></span> <span class='ocrx_word' id='word_1_45' title='bbox 415 365 515 393; x_wconf 80' lang='lat' dir='ltr'><strong>Arietis</strong></span> <span class='ocrx_word' id='word_1_46' title='bbox 527 375 534 399; x_wconf 66' lang='lat'><strong>&#39;,</strong></span> <span class='ocrx_word' id='word_1_47' title='bbox 552 373 612 401; x_wconf 80' lang='lat' dir='ltr'><strong>quae</strong></span> <span class='ocrx_word' id='word_1_48' title='bbox 626 366 754 394; x_wconf 85' lang='lat' dir='ltr'><strong>vicesima</strong></span> <span class='ocrx_word' id='word_1_49' title='bbox 767 367 876 395; x_wconf 73' lang='lat' dir='ltr'><strong>circiter</strong></span> <span class='ocrx_word' id='word_1_50' title='bbox 891 367 966 396; x_wconf 76' lang='lat' dir='ltr'><strong>horae</strong></span> <span class='ocrx_word' id='word_1_51' title='bbox 976 372 1053 404; x_wconf 89' lang='lat' dir='ltr'><strong>parte</strong></span> 
     </span>
    </p>
   </div>
   <div class='ocr_carea' id='block_1_9' title="bbox 276 411 617 440">
    <p class='ocr_par' dir='ltr' id='par_1_9' title="bbox 276 411 617 440">
     <span class='ocr_line' id='line_1_9' title="bbox 276 411 617 440; baseline 0 -1"><span class='ocrx_word' id='word_1_52' title='bbox 276 411 345 440; x_wconf 88' lang='lat' dir='ltr'><strong>citra</strong></span> <span class='ocrx_word' id='word_1_53' title='bbox 355 411 488 439; x_wconf 83' lang='lat' dir='ltr'><strong>circulum</strong></span> <span class='ocrx_word' id='word_1_54' title='bbox 502 412 617 439; x_wconf 86' lang='lat' dir='ltr'><strong>locatur.</strong></span> 
     </span>
    </p>
   </div>
   <div class='ocr_carea' id='block_1_10' title="bbox 311 457 1053 495">
    <p class='ocr_par' dir='ltr' id='par_1_10' title="bbox 311 457 1053 495">
     <span class='ocr_line' id='line_1_10' title="bbox 311 457 1053 495; baseline 0.004 -11"><span class='ocrx_word' id='word_1_55' title='bbox 311 457 340 484; x_wconf 90' lang='lat' dir='ltr'><strong>ln</strong></span> <span class='ocrx_word' id='word_1_56' title='bbox 355 465 387 485; x_wconf 89' lang='lat' dir='ltr'><strong>eo</strong></span> <span class='ocrx_word' id='word_1_57' title='bbox 402 457 565 493; x_wconf 81' lang='lat' dir='ltr'><strong>quadrante,</strong></span> <span class='ocrx_word' id='word_1_58' title='bbox 581 458 629 493; x_wconf 89' lang='lat' dir='ltr'><strong>qui</strong></span> <span class='ocrx_word' id='word_1_59' title='bbox 645 459 679 486; x_wconf 86' lang='lat' dir='ltr'><strong>ab</strong></span> <span class='ocrx_word' id='word_1_60' title='bbox 689 459 842 495; x_wconf 69' lang='lat' dir='ltr'><strong>aequinoctii</strong></span> <span class='ocrx_word' id='word_1_61' title='bbox 860 459 936 487; x_wconf 81' lang='lat' dir='ltr'><strong>verni</strong></span> <span class='ocrx_word' id='word_1_62' title='bbox 952 463 1053 495; x_wconf 88' lang='lat' dir='ltr'><strong>puncto</strong></span> 
     </span>
    </p>
   </div>
   <div class='ocr_carea' id='block_1_11' title="bbox 277 503 1054 540">
    <p class='ocr_par' dir='ltr' id='par_1_11' title="bbox 277 503 1054 540">
     <span class='ocr_line' id='line_1_11' title="bbox 277 503 1054 540; baseline 0.004 -10"><span class='ocrx_word' id='word_1_63' title='bbox 277 503 310 530; x_wconf 88' lang='lat' dir='ltr'><strong>ad</strong></span> <span class='ocrx_word' id='word_1_64' title='bbox 322 504 408 531; x_wconf 81' lang='lat' dir='ltr'><strong>aestivi</strong></span> <span class='ocrx_word' id='word_1_65' title='bbox 425 504 523 539; x_wconf 88' lang='lat' dir='ltr'><strong>tropici</strong></span> <span class='ocrx_word' id='word_1_66' title='bbox 543 509 673 539; x_wconf 89' lang='lat' dir='ltr'><strong>punctum</strong></span> <span class='ocrx_word' id='word_1_67' title='bbox 689 505 853 540; x_wconf 75' lang='lat' dir='ltr'><strong>porrigitur,</strong></span> <span class='ocrx_word' id='word_1_68' title='bbox 876 506 996 540; x_wconf 87' lang='lat' dir='ltr'><strong>primum</strong></span> <span class='ocrx_word' id='word_1_69' title='bbox 1011 505 1054 533; x_wconf 88' lang='lat' dir='ltr'><strong>in-</strong></span> 
     </span>
    </p>
   </div>
   <div class='ocr_carea' id='block_1_12' title="bbox 276 550 1052 585">
    <p class='ocr_par' dir='ltr' id='par_1_12' title="bbox 276 550 1052 585">
     <span class='ocr_line' id='line_1_12' title="bbox 276 550 1052 585; baseline 0.004 -9"><span class='ocrx_word' id='word_1_70' title='bbox 276 550 419 577; x_wconf 86' lang='lat' dir='ltr'><strong>tervallum</strong></span> <span class='ocrx_word' id='word_1_71' title='bbox 442 550 582 577; x_wconf 86' lang='lat' dir='ltr'><strong>horarium</strong></span> <span class='ocrx_word' id='word_1_72' title='bbox 603 550 732 578; x_wconf 83' lang='lat' dir='ltr'><strong>terminat</strong></span> <span class='ocrx_word' id='word_1_73' title='bbox 753 551 919 579; x_wconf 84' lang='lat' dir='ltr'><strong>lucidissima</strong></span> <span class='ocrx_word' id='word_1_74' title='bbox 943 559 1052 585; x_wconf 87' lang='lat' dir='ltr'><strong>earum,</strong></span> 
     </span>
    </p>
   </div>
   <div class='ocr_carea' id='block_1_13' title="bbox 277 594 1054 632">
    <p class='ocr_par' dir='ltr' id='par_1_13' title="bbox 277 594 1054 632">
     <span class='ocr_line' id='line_1_13' title="bbox 277 594 1054 632; baseline 0.004 -10"><span class='ocrx_word' id='word_1_75' title='bbox 277 602 338 630; x_wconf 64' lang='lat' dir='ltr'><strong>quae</strong></span> <span class='ocrx_word' id='word_1_76' title='bbox 353 598 417 622; x_wconf 87' lang='lat' dir='ltr'><strong>sunt</strong></span> <span class='ocrx_word' id='word_1_77' title='bbox 429 595 457 622; x_wconf 92' lang='lat' dir='ltr'><strong>in</strong></span> <span class='ocrx_word' id='word_1_78' title='bbox 473 594 621 630; x_wconf 76' lang='lat' dir='ltr'><strong>Gorgonio,</strong></span> <span class='ocrx_word' id='word_1_79' title='bbox 633 595 704 631; x_wconf 90' lang='lat' dir='ltr'><strong>quod</strong></span> <span class='ocrx_word' id='word_1_80' title='bbox 719 596 829 624; x_wconf 83' lang='lat' dir='ltr'><strong>sinistra</strong></span> <span class='ocrx_word' id='word_1_81' title='bbox 844 597 912 632; x_wconf 83' lang='lat' dir='ltr'><strong>gerit</strong></span> <span class='ocrx_word' id='word_1_82' title='bbox 929 597 1054 625; x_wconf 87' lang='lat' dir='ltr'><strong>Perseus.</strong></span> 
     </span>
    </p>
   </div>
   <div class='ocr_carea' id='block_1_14' title="bbox 313 641 1054 671">
    <p class='ocr_par' dir='ltr' id='par_1_14' title="bbox 313 641 1054 671">
     <span class='ocr_line' id='line_1_14' title="bbox 313 641 1054 671; baseline 0.003 -3"><span class='ocrx_word' id='word_1_83' title='bbox 313 641 469 668; x_wconf 85' lang='lat' dir='ltr'><strong>Secundum</strong></span> <span class='ocrx_word' id='word_1_84' title='bbox 498 641 669 669; x_wconf 85' lang='lat' dir='ltr'><strong>intervallum</strong></span> <span class='ocrx_word' id='word_1_85' title='bbox 693 642 821 670; x_wconf 82' lang='lat' dir='ltr'><strong>terminat</strong></span> <span class='ocrx_word' id='word_1_86' title='bbox 844 644 918 670; x_wconf 86' lang='lat' dir='ltr'><strong>circa</strong></span> <span class='ocrx_word' id='word_1_87' title='bbox 946 643 1054 671; x_wconf 89' lang='lat' dir='ltr'><strong>initium</strong></span> 
     </span>
    </p>
   </div>
   <div class='ocr_carea' id='block_1_15' title="bbox 279 686 1056 724">
    <p class='ocr_par' dir='ltr' id='par_1_15' title="bbox 279 686 1056 724">
     <span class='ocr_line' id='line_1_15' title="bbox 279 686 1056 724; baseline 0.005 -11"><span class='ocrx_word' id='word_1_88' title='bbox 279 686 361 713; x_wconf 83' lang='lat' dir='ltr'><strong>Tauri</strong></span> <span class='ocrx_word' id='word_1_89' title='bbox 375 686 524 715; x_wconf 86' lang='lat' dir='ltr'><strong>succedens</strong></span> <span class='ocrx_word' id='word_1_90' title='bbox 548 688 631 714; x_wconf 91' lang='lat' dir='ltr'><strong>trium</strong></span> <span class='ocrx_word' id='word_1_91' title='bbox 659 687 761 716; x_wconf 88' lang='lat' dir='ltr'><strong>directa</strong></span> <span class='ocrx_word' id='word_1_92' title='bbox 785 689 855 716; x_wconf 87' lang='lat' dir='ltr'><strong>serie</strong></span> <span class='ocrx_word' id='word_1_93' title='bbox 877 690 1026 724; x_wconf 88' lang='lat' dir='ltr'><strong>positarum</strong></span> <span class='ocrx_word' id='word_1_94' title='bbox 1040 697 1056 718; x_wconf 90' lang='lat' dir='ltr'><strong>e</strong></span> 
     </span>
    </p>
   </div>
   <div class='ocr_carea' id='block_1_16' title="bbox 278 732 1017 770">
    <p class='ocr_par' dir='ltr' id='par_1_16' title="bbox 278 732 1017 770">
     <span class='ocr_line' id='line_1_16' title="bbox 278 732 1017 770; baseline 0.005 -11"><span class='ocrx_word' id='word_1_95' title='bbox 278 732 399 768; x_wconf 85' lang='lat' dir='ltr'><strong>quinque</strong></span> <span class='ocrx_word' id='word_1_96' title='bbox 414 732 509 766; x_wconf 86' lang='lat' dir='ltr'><strong>stellis,</strong></span> <span class='ocrx_word' id='word_1_97' title='bbox 525 741 585 768; x_wconf 65' lang='lat' dir='ltr'><strong>qum</strong></span> <span class='ocrx_word' id='word_1_98' title='bbox 601 734 673 761; x_wconf 85' lang='lat' dir='ltr'><strong>circa</strong></span> <span class='ocrx_word' id='word_1_99' title='bbox 689 734 812 762; x_wconf 80' lang='lat' dir='ltr'><strong>dextrum</strong></span> <span class='ocrx_word' id='word_1_100' title='bbox 828 734 920 763; x_wconf 87' lang='lat' dir='ltr'><strong>Persei</strong></span> <span class='ocrx_word' id='word_1_101' title='bbox 936 743 1017 770; x_wconf 81' lang='lat' dir='ltr'><strong>genu.</strong></span> 
     </span>
    </p>
   </div>
   <div class='ocr_carea' id='block_1_17' title="bbox 297 772 1054 812">
    <p class='ocr_par' dir='ltr' id='par_1_17' title="bbox 297 772 1054 812">
     <span class='ocr_line' id='line_1_17' title="bbox 297 772 1054 812; baseline 0.003 -8"><span class='ocrx_word' id='word_1_102' title='bbox 297 772 299 775; x_wconf 66' lang='grc'>’</span> <span class='ocrx_word' id='word_1_103' title='bbox 313 776 397 804; x_wconf 85' lang='lat' dir='ltr'><strong>Tertii</strong></span> <span class='ocrx_word' id='word_1_104' title='bbox 410 777 543 805; x_wconf 83' lang='lat' dir='ltr'><strong>intervalli</strong></span> <span class='ocrx_word' id='word_1_105' title='bbox 558 778 636 806; x_wconf 85' lang='lat' dir='ltr'><strong>limes</strong></span> <span class='ocrx_word' id='word_1_106' title='bbox 649 783 691 806; x_wconf 90' lang='lat' dir='ltr'><strong>est</strong></span> <span class='ocrx_word' id='word_1_107' title='bbox 705 775 778 806; x_wconf 53' lang='lat' dir='ltr'><strong>circa</strong></span> <span class='ocrx_word' id='word_1_108' title='bbox 793 778 910 806; x_wconf 90' lang='lat' dir='ltr'><strong>medium</strong></span> <span class='ocrx_word' id='word_1_109' title='bbox 923 779 1054 812; x_wconf 87' lang='lat' dir='ltr'><strong>Taurum,</strong></span> 
     </span>
    </p>
   </div>
   <div class='ocr_carea' id='block_1_18' title="bbox 275 824 1054 860">
    <p class='ocr_par' dir='ltr' id='par_1_18' title="bbox 275 824 1054 860">
     <span class='ocr_line' id='line_1_18' title="bbox 275 824 1054 860; baseline 0.004 -10"><span class='ocrx_word' id='word_1_110' title='bbox 275 830 370 856; x_wconf 84' lang='lat' dir='ltr'><strong>earum</strong></span> <span class='ocrx_word' id='word_1_111' title='bbox 391 830 451 858; x_wconf 74' lang='lat' dir='ltr'><strong>quae</strong></span> <span class='ocrx_word' id='word_1_112' title='bbox 464 828 528 851; x_wconf 86' lang='lat' dir='ltr'><strong>sunt</strong></span> <span class='ocrx_word' id='word_1_113' title='bbox 541 824 569 851; x_wconf 85' lang='lat' dir='ltr'><strong>in</strong></span> <span class='ocrx_word' id='word_1_114' title='bbox 584 824 670 859; x_wconf 85' lang='lat' dir='ltr'><strong>pelle,</strong></span> <span class='ocrx_word' id='word_1_115' title='bbox 685 832 766 860; x_wconf 82' lang='lat' dir='ltr'><strong>quam</strong></span> <span class='ocrx_word' id='word_1_116' title='bbox 782 825 864 853; x_wconf 92' lang='lat' dir='ltr'><strong>Orion</strong></span> <span class='ocrx_word' id='word_1_117' title='bbox 886 825 997 853; x_wconf 87' lang='lat' dir='ltr'><strong>sinistra</strong></span> <span class='ocrx_word' id='word_1_118' title='bbox 1013 829 1054 853; x_wconf 92' lang='lat' dir='ltr'><strong>te-</strong></span> 
     </span>
    </p>
   </div>
   <div class='ocr_carea' id='block_1_19' title="bbox 1103 229 1822 265">
    <p class='ocr_par' dir='ltr' id='par_1_19' title="bbox 1103 229 1822 265">
     <span class='ocr_line' id='line_1_19' title="bbox 1103 229 1822 265; baseline 0.001 -8"><span class='ocrx_word' id='word_1_119' title='bbox 1103 231 1217 264; x_wconf 72' lang='grc' dir='ltr'>ἔγγιστα</span> <span class='ocrx_word' id='word_1_120' title='bbox 1233 230 1280 256; x_wconf 79' lang='grc' dir='ltr'><strong>τοῦ</strong></span> <span class='ocrx_word' id='word_1_121' title='bbox 1295 230 1338 256; x_wconf 75' lang='grc' dir='ltr'><strong>διὰ</strong></span> <span class='ocrx_word' id='word_1_122' title='bbox 1361 229 1414 256; x_wconf 83' lang='grc' dir='ltr'><strong>τῶν</strong></span> <span class='ocrx_word' id='word_1_123' title='bbox 1434 229 1597 265; x_wconf 82' lang='grc' dir='ltr'>ίσημερινῶν</span> <span class='ocrx_word' id='word_1_124' title='bbox 1618 230 1721 264; x_wconf 79' lang='grc' dir='ltr'><strong>σημείων</strong></span> <span class='ocrx_word' id='word_1_125' title='bbox 1740 232 1775 258; x_wconf 72' lang='grc' dir='ltr'>καὶ</span> <span class='ocrx_word' id='word_1_126' title='bbox 1788 233 1822 258; x_wconf 78' lang='grc' dir='ltr'><strong>τῶν</strong></span> 
     </span>
    </p>
   </div>
   <div class='ocr_carea' id='block_1_20' title="bbox 1104 274 1822 312">
    <p class='ocr_par' dir='ltr' id='par_1_20' title="bbox 1104 274 1822 312">
     <span class='ocr_line' id='line_1_20' title="bbox 1104 274 1822 312; baseline 0.001 -10"><span class='ocrx_word' id='word_1_127' title='bbox 1104 276 1192 303; x_wconf 85' lang='grc' dir='ltr'>πόλων</span> <span class='ocrx_word' id='word_1_128' title='bbox 1206 275 1378 311; x_wconf 83' lang='grc' dir='ltr'><strong>γραφομένου</strong></span> <span class='ocrx_word' id='word_1_129' title='bbox 1400 274 1510 306; x_wconf 79' lang='grc' dir='ltr'>κύκλου,</span> <span class='ocrx_word' id='word_1_130' title='bbox 1528 275 1577 301; x_wconf 85' lang='grc' dir='ltr'><strong>οὐκ</strong></span> <span class='ocrx_word' id='word_1_131' title='bbox 1592 274 1631 300; x_wconf 81' lang='grc' dir='ltr'><strong>ἔτι</strong></span> <span class='ocrx_word' id='word_1_132' title='bbox 1652 275 1672 291; x_wconf 80' lang='grc'>³³</span> <span class='ocrx_word' id='word_1_133' title='bbox 1684 275 1724 310; x_wconf 83' lang='grc' dir='ltr'><strong>τῆς</strong></span> <span class='ocrx_word' id='word_1_134' title='bbox 1739 277 1822 312; x_wconf 57' lang='grc' dir='ltr'>κορυφῆς</span> 
     </span>
    </p>
   </div>
   <div class='ocr_carea' id='block_1_21' title="bbox 1104 319 1822 357">
    <p class='ocr_par' dir='ltr' id='par_1_21' title="bbox 1104 319 1822 357">
     <span class='ocr_line' id='line_1_21' title="bbox 1104 319 1822 357; baseline 0 -9"><span class='ocrx_word' id='word_1_135' title='bbox 1104 322 1226 357; x_wconf 80' lang='grc' dir='ltr'><strong>κείμενος</strong></span> <span class='ocrx_word' id='word_1_136' title='bbox 1237 321 1284 348; x_wconf 82' lang='grc' dir='ltr'><strong>τοῦ</strong></span> <span class='ocrx_word' id='word_1_137' title='bbox 1298 321 1367 357; x_wconf 82' lang='grc' dir='ltr'><strong>ὑπὲρ</strong></span> <span class='ocrx_word' id='word_1_138' title='bbox 1380 321 1425 347; x_wconf 80' lang='grc' dir='ltr'>τὸν</span> <span class='ocrx_word' id='word_1_139' title='bbox 1437 320 1520 356; x_wconf 76' lang='grc' dir='ltr'>Κριὸν</span> <span class='ocrx_word' id='word_1_140' title='bbox 1536 319 1665 355; x_wconf 81' lang='grc' dir='ltr'><strong>κειμένου,</strong></span> <span class='ocrx_word' id='word_1_141' title='bbox 1679 321 1691 346; x_wconf 90' lang='lat'><strong>6</strong></span> <span class='ocrx_word' id='word_1_142' title='bbox 1704 321 1726 347; x_wconf 83' lang='grc' dir='ltr'>δὲ</span> <span class='ocrx_word' id='word_1_143' title='bbox 1741 322 1758 336; x_wconf 67' lang='grc'><strong>’⁸</strong></span> <span class='ocrx_word' id='word_1_144' title='bbox 1770 322 1822 356; x_wconf 74' lang='grc' dir='ltr'>ἡγού-</span> 
     </span>
    </p>
   </div>
   <div class='ocr_carea' id='block_1_22' title="bbox 1105 364 1823 401">
    <p class='ocr_par' dir='ltr' id='par_1_22' title="bbox 1105 364 1823 401">
     <span class='ocr_line' id='line_1_22' title="bbox 1105 364 1823 401; baseline -0.003 -9"><span class='ocrx_word' id='word_1_145' title='bbox 1105 374 1184 401; x_wconf 87' lang='grc' dir='ltr'>μενος</span> <span class='ocrx_word' id='word_1_146' title='bbox 1197 365 1250 392; x_wconf 86' lang='grc' dir='ltr'>τῶν</span> <span class='ocrx_word' id='word_1_147' title='bbox 1271 366 1300 392; x_wconf 79' lang='grc' dir='ltr'>ἐν</span> <span class='ocrx_word' id='word_1_148' title='bbox 1323 367 1356 401; x_wconf 80' lang='grc' dir='ltr'><strong>τῇ</strong></span> <span class='ocrx_word' id='word_1_149' title='bbox 1371 365 1474 400; x_wconf 84' lang='grc' dir='ltr'><strong>κεφαλῇ</strong></span> <span class='ocrx_word' id='word_1_150' title='bbox 1492 364 1538 391; x_wconf 84' lang='grc' dir='ltr'><strong>τοῦ</strong></span> <span class='ocrx_word' id='word_1_151' title='bbox 1555 364 1637 400; x_wconf 86' lang='grc' dir='ltr'><strong>Κριοῦ</strong></span> <span class='ocrx_word' id='word_1_152' title='bbox 1652 368 1672 398; x_wconf 64' lang='grc' dir='ltr'><strong>γ’</strong></span> <span class='ocrx_word' id='word_1_153' title='bbox 1687 365 1823 400; x_wconf 72' lang='grc' dir='ltr'>λαμπρῶν,ὃς</span> 
     </span>
    </p>
   </div>
   <div class='ocr_carea' id='block_1_23' title="bbox 1103 410 1801 446">
    <p class='ocr_par' dir='ltr' id='par_1_23' title="bbox 1103 410 1801 446">
     <span class='ocr_line' id='line_1_23' title="bbox 1103 410 1801 446; baseline 0 -8"><span class='ocrx_word' id='word_1_154' title='bbox 1103 411 1222 438; x_wconf 79' lang='grc' dir='ltr'>εἰκοστὸν</span> <span class='ocrx_word' id='word_1_155' title='bbox 1241 411 1320 446; x_wconf 85' lang='grc' dir='ltr'><strong>μέρος</strong></span> <span class='ocrx_word' id='word_1_156' title='bbox 1334 411 1407 446; x_wconf 80' lang='grc' dir='ltr'>ὧρας</span> <span class='ocrx_word' id='word_1_157' title='bbox 1423 410 1652 438; x_wconf 82' lang='grc' dir='ltr'>ὑπολείπεταικαὶ</span> <span class='ocrx_word' id='word_1_158' title='bbox 1667 412 1707 438; x_wconf 79' lang='grc' dir='ltr'><strong>τοῦ</strong></span> <span class='ocrx_word' id='word_1_159' title='bbox 1721 412 1801 439; x_wconf 58' lang='grc' dir='ltr'>κύκλοι.</span> 
     </span>
    </p>
   </div>
   <div class='ocr_carea' id='block_1_24' title="bbox 1139 456 1825 492">
    <p class='ocr_par' dir='ltr' id='par_1_24' title="bbox 1139 456 1825 492">
     <span class='ocr_line' id='line_1_24' title="bbox 1139 456 1825 492; baseline 0 -8"><span class='ocrx_word' id='word_1_160' title='bbox 1139 457 1199 484; x_wconf 88' lang='grc' dir='ltr'>Τῶν</span> <span class='ocrx_word' id='word_1_161' title='bbox 1220 457 1249 484; x_wconf 82' lang='grc' dir='ltr'>δὲ</span> <span class='ocrx_word' id='word_1_162' title='bbox 1273 456 1373 492; x_wconf 82' lang='grc' dir='ltr'>μεταξύ</span> <span class='ocrx_word' id='word_1_163' title='bbox 1391 456 1437 483; x_wconf 77' lang='grc' dir='ltr'>τοῦ</span> <span class='ocrx_word' id='word_1_164' title='bbox 1460 456 1615 492; x_wconf 83' lang='grc' dir='ltr'>ἰσημερινοῦ</span> <span class='ocrx_word' id='word_1_165' title='bbox 1638 457 1680 483; x_wconf 75' lang='grc' dir='ltr'><strong>καὶ</strong></span> <span class='ocrx_word' id='word_1_166' title='bbox 1696 457 1735 483; x_wconf 77' lang='grc' dir='ltr'><strong>τοῦ</strong></span> <span class='ocrx_word' id='word_1_167' title='bbox 1753 458 1825 492; x_wconf 70' lang='grc' dir='ltr'>Θερινιῦ</span> 
     </span>
    </p>
   </div>
   <div class='ocr_carea' id='block_1_25' title="bbox 1105 503 1824 539">
    <p class='ocr_par' dir='ltr' id='par_1_25' title="bbox 1105 503 1824 539">
     <span class='ocr_line' id='line_1_25' title="bbox 1105 503 1824 539; baseline 0.001 -10"><span class='ocrx_word' id='word_1_168' title='bbox 1105 503 1218 539; x_wconf 78' lang='grc' dir='ltr'>σημείου</span> <span class='ocrx_word' id='word_1_169' title='bbox 1233 503 1263 535; x_wconf 80' lang='grc' dir='ltr'><strong>ἓξ</strong></span> <span class='ocrx_word' id='word_1_170' title='bbox 1274 503 1392 538; x_wconf 82' lang='grc' dir='ltr'>ὠριαίων</span> <span class='ocrx_word' id='word_1_171' title='bbox 1405 503 1592 539; x_wconf 81' lang='grc' dir='ltr'><strong>διαστημάτων</strong></span> <span class='ocrx_word' id='word_1_172' title='bbox 1608 503 1635 529; x_wconf 77' lang='grc' dir='ltr'><strong>τὸ</strong></span> <span class='ocrx_word' id='word_1_173' title='bbox 1646 504 1689 538; x_wconf 80' lang='grc' dir='ltr'>μὲν</span> <span class='ocrx_word' id='word_1_174' title='bbox 1702 507 1722 530; x_wconf 84' lang='grc' dir='ltr'>α’</span> <span class='ocrx_word' id='word_1_175' title='bbox 1731 504 1824 539; x_wconf 70' lang='grc' dir='ltr'>διάστημα</span> 
     </span>
    </p>
   </div>
   <div class='ocr_carea' id='block_1_26' title="bbox 1105 548 1823 586">
    <p class='ocr_par' dir='ltr' id='par_1_26' title="bbox 1105 548 1823 586">
     <span class='ocr_line' id='line_1_26' title="bbox 1105 548 1823 586; baseline 0.001 -11"><span class='ocrx_word' id='word_1_176' title='bbox 1105 549 1227 586; x_wconf 78' lang='grc' dir='ltr'><strong>ἀφορίζει</strong></span> <span class='ocrx_word' id='word_1_177' title='bbox 1251 550 1265 576; x_wconf 88' lang='lat'><strong>6</strong></span> <span class='ocrx_word' id='word_1_178' title='bbox 1288 549 1475 585; x_wconf 80' lang='grc' dir='ltr'>λαμπρότατος</span> <span class='ocrx_word' id='word_1_179' title='bbox 1491 548 1545 576; x_wconf 82' lang='grc' dir='ltr'>τῶν</span> <span class='ocrx_word' id='word_1_180' title='bbox 1565 550 1593 576; x_wconf 79' lang='grc' dir='ltr'>ὲν</span> <span class='ocrx_word' id='word_1_181' title='bbox 1617 548 1652 584; x_wconf 84' lang='grc' dir='ltr'><strong>τῷ</strong></span> <span class='ocrx_word' id='word_1_182' title='bbox 1673 550 1766 586; x_wconf 81' lang='grc' dir='ltr'>γονατίῳ</span> <span class='ocrx_word' id='word_1_183' title='bbox 1782 551 1823 582; x_wconf 77' lang='grc' dir='ltr'><strong>⁵⁸,ὕ</strong></span> 
     </span>
    </p>
   </div>
   <div class='ocr_carea' id='block_1_27' title="bbox 1104 593 1652 629">
    <p class='ocr_par' dir='ltr' id='par_1_27' title="bbox 1104 593 1652 629">
     <span class='ocr_line' id='line_1_27' title="bbox 1104 593 1652 629; baseline 0 -10"><span class='ocrx_word' id='word_1_184' title='bbox 1104 593 1159 629; x_wconf 76' lang='grc' dir='ltr'>ἔχει</span> <span class='ocrx_word' id='word_1_185' title='bbox 1176 594 1190 619; x_wconf 98' lang='lat'><strong>6</strong></span> <span class='ocrx_word' id='word_1_186' title='bbox 1209 594 1328 629; x_wconf 82' lang='grc' dir='ltr'>Περσεὺς</span> <span class='ocrx_word' id='word_1_187' title='bbox 1344 594 1373 620; x_wconf 80' lang='grc' dir='ltr'>ὲν</span> <span class='ocrx_word' id='word_1_188' title='bbox 1386 595 1418 629; x_wconf 87' lang='grc' dir='ltr'><strong>τῇ</strong></span> <span class='ocrx_word' id='word_1_189' title='bbox 1433 594 1562 628; x_wconf 78' lang='grc' dir='ltr'><strong>ἀριστερᾷ</strong></span> <span class='ocrx_word' id='word_1_190' title='bbox 1574 593 1652 628; x_wconf 84' lang='grc' dir='ltr'>χειρί.</span> 
     </span>
    </p>
   </div>
   <div class='ocr_carea' id='block_1_28' title="bbox 1140 638 1824 674">
    <p class='ocr_par' dir='ltr' id='par_1_28' title="bbox 1140 638 1824 674">
     <span class='ocr_line' id='line_1_28' title="bbox 1140 638 1824 674; baseline 0 -9"><span class='ocrx_word' id='word_1_191' title='bbox 1140 639 1177 666; x_wconf 80' lang='grc' dir='ltr'>Τὸ</span> <span class='ocrx_word' id='word_1_192' title='bbox 1200 639 1228 665; x_wconf 84' lang='grc' dir='ltr'>δὲ</span> <span class='ocrx_word' id='word_1_193' title='bbox 1253 638 1273 674; x_wconf 83' lang='grc' dir='ltr'><strong>β’</strong></span> <span class='ocrx_word' id='word_1_194' title='bbox 1296 638 1432 674; x_wconf 75' lang='grc' dir='ltr'>διάστημα</span> <span class='ocrx_word' id='word_1_195' title='bbox 1456 639 1566 674; x_wconf 84' lang='grc' dir='ltr'>ώριαίον</span> <span class='ocrx_word' id='word_1_196' title='bbox 1596 638 1710 674; x_wconf 74' lang='grc' dir='ltr'>ἀφορίζει</span> <span class='ocrx_word' id='word_1_197' title='bbox 1732 639 1779 674; x_wconf 79' lang='grc' dir='ltr'>περὶ</span> <span class='ocrx_word' id='word_1_198' title='bbox 1793 640 1824 674; x_wconf 76' lang='grc' dir='ltr'>τὴν</span> 
     </span>
    </p>
   </div>
   <div class='ocr_carea' id='block_1_29' title="bbox 1105 682 1826 719">
    <p class='ocr_par' dir='ltr' id='par_1_29' title="bbox 1105 682 1826 719">
     <span class='ocr_line' id='line_1_29' title="bbox 1105 682 1826 719; baseline 0 -10"><span class='ocrx_word' id='word_1_199' title='bbox 1105 683 1190 718; x_wconf 83' lang='grc' dir='ltr'>ἀρχὴν</span> <span class='ocrx_word' id='word_1_200' title='bbox 1203 682 1249 710; x_wconf 78' lang='grc' dir='ltr'>τοῦ</span> <span class='ocrx_word' id='word_1_201' title='bbox 1273 683 1378 719; x_wconf 80' lang='grc' dir='ltr'>Ταύρου</span> <span class='ocrx_word' id='word_1_202' title='bbox 1396 683 1444 710; x_wconf 75' lang='grc' dir='ltr'>τοῦ</span> <span class='ocrx_word' id='word_1_203' title='bbox 1461 683 1586 718; x_wconf 77' lang='grc' dir='ltr'>Περσέως</span> <span class='ocrx_word' id='word_1_204' title='bbox 1602 684 1653 710; x_wconf 86' lang='grc' dir='ltr'><strong>τῶν</strong></span> <span class='ocrx_word' id='word_1_205' title='bbox 1667 684 1722 718; x_wconf 76' lang='grc' dir='ltr'>περὶ</span> <span class='ocrx_word' id='word_1_206' title='bbox 1732 684 1756 709; x_wconf 81' lang='grc' dir='ltr'>τὸ</span> <span class='ocrx_word' id='word_1_207' title='bbox 1771 684 1826 716; x_wconf 56' lang='grc' dir='ltr'>δεξιὼ</span> 
     </span>
    </p>
   </div>
   <div class='ocr_carea' id='block_1_30' title="bbox 1105 729 1823 765">
    <p class='ocr_par' dir='ltr' id='par_1_30' title="bbox 1105 729 1823 765">
     <span class='ocr_line' id='line_1_30' title="bbox 1105 729 1823 765; baseline 0 -9"><span class='ocrx_word' id='word_1_208' title='bbox 1105 729 1168 763; x_wconf 84' lang='grc' dir='ltr'>γόνυ</span> <span class='ocrx_word' id='word_1_209' title='bbox 1183 732 1203 755; x_wconf 86' lang='grc' dir='ltr'>ε’</span> <span class='ocrx_word' id='word_1_210' title='bbox 1219 730 1340 765; x_wconf 72' lang='grc' dir='ltr'>ἀστέρων</span> <span class='ocrx_word' id='word_1_211' title='bbox 1360 730 1374 756; x_wconf 91' lang='lat'><strong>6</strong></span> <span class='ocrx_word' id='word_1_212' title='bbox 1396 729 1525 765; x_wconf 75' lang='grc' dir='ltr'>ἑπόμενος</span> <span class='ocrx_word' id='word_1_213' title='bbox 1541 729 1594 756; x_wconf 84' lang='grc' dir='ltr'>τῶν</span> <span class='ocrx_word' id='word_1_214' title='bbox 1609 729 1650 756; x_wconf 74' lang='grc' dir='ltr'><strong>ἐπ’</strong></span> <span class='ocrx_word' id='word_1_215' title='bbox 1666 730 1754 761; x_wconf 75' lang='grc' dir='ltr'>εὐθείας</span> <span class='ocrx_word' id='word_1_216' title='bbox 1763 729 1823 764; x_wconf 76' lang='grc' dir='ltr'>τριῶν.</span> 
     </span>
    </p>
   </div>
   <div class='ocr_carea' id='block_1_31' title="bbox 1140 775 1826 811">
    <p class='ocr_par' dir='ltr' id='par_1_31' title="bbox 1140 775 1826 811">
     <span class='ocr_line' id='line_1_31' title="bbox 1140 775 1826 811; baseline -0.001 -9"><span class='ocrx_word' id='word_1_217' title='bbox 1140 775 1177 802; x_wconf 79' lang='grc' dir='ltr'><strong>Τὸ</strong></span> <span class='ocrx_word' id='word_1_218' title='bbox 1198 775 1226 802; x_wconf 83' lang='grc' dir='ltr'>δὲ</span> <span class='ocrx_word' id='word_1_219' title='bbox 1243 779 1267 809; x_wconf 84' lang='grc' dir='ltr'><strong>γ’</strong></span> <span class='ocrx_word' id='word_1_220' title='bbox 1280 775 1389 811; x_wconf 85' lang='grc' dir='ltr'>ὡριαῖον</span> <span class='ocrx_word' id='word_1_221' title='bbox 1411 775 1547 810; x_wconf 76' lang='grc' dir='ltr'>διάστημα</span> <span class='ocrx_word' id='word_1_222' title='bbox 1569 775 1687 810; x_wconf 74' lang='grc' dir='ltr'>ἀφορίζει</span> <span class='ocrx_word' id='word_1_223' title='bbox 1704 776 1756 810; x_wconf 71' lang='grc' dir='ltr'>περὶ</span> <span class='ocrx_word' id='word_1_224' title='bbox 1774 776 1826 810; x_wconf 65' lang='grc' dir='ltr'>μέσον</span> 
     </span>
    </p>
   </div>
   <div class='ocr_carea' id='block_1_32' title="bbox 1105 820 1825 857">
    <p class='ocr_par' dir='ltr' id='par_1_32' title="bbox 1105 820 1825 857">
     <span class='ocr_line' id='line_1_32' title="bbox 1105 820 1825 857; baseline 0 -10"><span class='ocrx_word' id='word_1_225' title='bbox 1105 820 1149 848; x_wconf 81' lang='grc' dir='ltr'><strong>τὸν</strong></span> <span class='ocrx_word' id='word_1_226' title='bbox 1165 820 1269 856; x_wconf 77' lang='grc' dir='ltr'>Ταῦρον</span> <span class='ocrx_word' id='word_1_227' title='bbox 1283 820 1336 847; x_wconf 82' lang='grc' dir='ltr'>τῶν</span> <span class='ocrx_word' id='word_1_228' title='bbox 1352 822 1380 848; x_wconf 81' lang='grc' dir='ltr'>ἐν</span> <span class='ocrx_word' id='word_1_229' title='bbox 1394 822 1426 856; x_wconf 84' lang='grc' dir='ltr'><strong>τῇ</strong></span> <span class='ocrx_word' id='word_1_230' title='bbox 1439 821 1514 857; x_wconf 80' lang='grc' dir='ltr'>δορᾷ,</span> <span class='ocrx_word' id='word_1_231' title='bbox 1531 821 1565 856; x_wconf 76' lang='grc' dir='ltr'><strong>ῆν</strong></span> <span class='ocrx_word' id='word_1_232' title='bbox 1585 821 1641 856; x_wconf 73' lang='grc' dir='ltr'>ἔχει</span> <span class='ocrx_word' id='word_1_233' title='bbox 1655 823 1668 848; x_wconf 86' lang='lat'><strong>6</strong></span> <span class='ocrx_word' id='word_1_234' title='bbox 1686 822 1763 857; x_wconf 83' lang='grc' dir='ltr'>Ὠρίων</span> <span class='ocrx_word' id='word_1_235' title='bbox 1776 822 1795 847; x_wconf 83' lang='grc' dir='ltr'>ἐν</span> 
     </span>
    </p>
   </div>
   <div class='ocr_carea' id='block_1_33' title="bbox 277 858 1051 905">
    <p class='ocr_par' dir='ltr' id='par_1_33' title="bbox 277 858 1051 905">
     <span class='ocr_line' id='line_1_33' title="bbox 277 858 1051 905; baseline 0.003 -9"><span class='ocrx_word' id='word_1_236' title='bbox 277 873 334 901; x_wconf 85' lang='lat' dir='ltr'><strong>net,</strong></span> <span class='ocrx_word' id='word_1_237' title='bbox 350 869 463 904; x_wconf 78' lang='lat' dir='ltr'><strong>qu‘arta,</strong></span> <span class='ocrx_word' id='word_1_238' title='bbox 476 874 503 896; x_wconf 90' lang='lat' dir='ltr'><strong>et</strong></span> <span class='ocrx_word' id='word_1_239' title='bbox 518 858 642 905; x_wconf 83' lang='lat' dir='ltr'><strong>septima.</strong></span> <span class='ocrx_word' id='word_1_240' title='bbox 667 858 734 897; x_wconf 81' lang='lat' dir='ltr'><strong>Item</strong></span> <span class='ocrx_word' id='word_1_241' title='bbox 756 870 896 905; x_wconf 80' lang='lat' dir='ltr'><strong>splendida</strong></span> <span class='ocrx_word' id='word_1_242' title='bbox 911 871 940 898; x_wconf 90' lang='lat' dir='ltr'><strong>in</strong></span> <span class='ocrx_word' id='word_1_243' title='bbox 957 870 1051 899; x_wconf 87' lang='lat' dir='ltr'><strong>mediis</strong></span> 
     </span>
    </p>
   </div>
   <div class='ocr_carea' id='block_1_34' title="bbox 1105 858 1827 905">
    <p class='ocr_par' dir='ltr' id='par_1_34' title="bbox 1105 867 1827 903">
     <span class='ocr_line' id='line_1_34' title="bbox 1105 867 1827 903; baseline 0 -10"><span class='ocrx_word' id='word_1_244' title='bbox 1105 867 1233 903; x_wconf 77' lang='grc' dir='ltr'>ἀριστερᾷ</span> <span class='ocrx_word' id='word_1_245' title='bbox 1256 867 1337 902; x_wconf 76' lang='grc' dir='ltr'>χειρὶ,</span> <span class='ocrx_word' id='word_1_246' title='bbox 1357 868 1371 893; x_wconf 91' lang='lat'><strong>6</strong></span> <span class='ocrx_word' id='word_1_247' title='bbox 1390 867 1410 893; x_wconf 68' lang='grc' dir='ltr'><strong>δ</strong></span> <span class='ocrx_word' id='word_1_248' title='bbox 1432 868 1479 894; x_wconf 83' lang='grc' dir='ltr'><strong>καὶ</strong></span> <span class='ocrx_word' id='word_1_249' title='bbox 1492 868 1507 894; x_wconf 92' lang='lat'><strong>6</strong></span> <span class='ocrx_word' id='word_1_250' title='bbox 1525 867 1557 900; x_wconf 84' lang='grc' dir='ltr'><strong>ζ’,</strong></span> <span class='ocrx_word' id='word_1_251' title='bbox 1574 867 1621 894; x_wconf 82' lang='grc' dir='ltr'>καὶ</span> <span class='ocrx_word' id='word_1_252' title='bbox 1636 867 1679 895; x_wconf 71' lang='grc' dir='ltr'><strong>τοῦ</strong></span> <span class='ocrx_word' id='word_1_253' title='bbox 1692 867 1796 903; x_wconf 78' lang='grc' dir='ltr'>Ταύρουὸ</span> <span class='ocrx_word' id='word_1_254' title='bbox 1810 868 1827 893; x_wconf 71' lang='grc' dir='ltr'><strong>ὶν</strong></span> 
     </span>
    </p>
   </div>
   <div class='ocr_carea' id='block_1_35' title="bbox 277 913 1055 950">
    <p class='ocr_par' dir='ltr' id='par_1_35' title="bbox 277 913 1055 950">
     <span class='ocr_line' id='line_1_35' title="bbox 277 913 1055 950; baseline 0.005 -9"><span class='ocrx_word' id='word_1_255' title='bbox 277 913 362 942; x_wconf 78' lang='lat' dir='ltr'><strong>Tauri</strong></span> <span class='ocrx_word' id='word_1_256' title='bbox 387 914 517 942; x_wconf 88' lang='lat' dir='ltr'><strong>cornibus</strong></span> <span class='ocrx_word' id='word_1_257' title='bbox 536 935 544 947; x_wconf 92' lang='lat'><strong>,</strong></span> <span class='ocrx_word' id='word_1_258' title='bbox 579 923 639 950; x_wconf 63' lang='lat' dir='ltr'><strong>quae</strong></span> <span class='ocrx_word' id='word_1_259' title='bbox 664 923 725 942; x_wconf 88' lang='lat' dir='ltr'><strong>cum</strong></span> <span class='ocrx_word' id='word_1_260' title='bbox 747 916 845 944; x_wconf 88' lang='lat' dir='ltr'><strong>lucidis</strong></span> <span class='ocrx_word' id='word_1_261' title='bbox 873 920 1055 945; x_wconf 84' lang='lat' dir='ltr'><strong>extremorum</strong></span> 
     </span>
    </p>
   </div>
   <div class='ocr_carea' id='block_1_36' title="bbox 278 960 1055 997">
    <p class='ocr_par' dir='ltr' id='par_1_36' title="bbox 278 960 1055 997">
     <span class='ocr_line' id='line_1_36' title="bbox 278 960 1055 997; baseline 0.005 -11"><span class='ocrx_word' id='word_1_262' title='bbox 278 967 412 987; x_wconf 86' lang='lat' dir='ltr'><strong>cornuum</strong></span> <span class='ocrx_word' id='word_1_263' title='bbox 442 960 608 995; x_wconf 81' lang='lat' dir='ltr'><strong>triangulum</strong></span> <span class='ocrx_word' id='word_1_264' title='bbox 639 961 833 996; x_wconf 86' lang='lat' dir='ltr'><strong>propemodum</strong></span> <span class='ocrx_word' id='word_1_265' title='bbox 868 962 1055 997; x_wconf 77' lang='lat' dir='ltr'><strong>acquilatcrum</strong></span> 
     </span>
    </p>
   </div>
   <div class='ocr_carea' id='block_1_37' title="bbox 279 1004 352 1032">
    <p class='ocr_par' dir='ltr' id='par_1_37' title="bbox 279 1004 352 1032">
     <span class='ocr_line' id='line_1_37' title="bbox 279 1004 352 1032; baseline 0.014 -1"><span class='ocrx_word' id='word_1_266' title='bbox 279 1004 352 1032; x_wconf 83' lang='lat' dir='ltr'><strong>facit.</strong></span> 
     </span>
    </p>
   </div>
   <div class='ocr_carea' id='block_1_38' title="bbox 313 1050 1055 1083">
    <p class='ocr_par' dir='ltr' id='par_1_38' title="bbox 313 1050 1055 1083">
     <span class='ocr_line' id='line_1_38' title="bbox 313 1050 1055 1083; baseline 0.004 -6"><span class='ocrx_word' id='word_1_267' title='bbox 313 1050 442 1083; x_wconf 86' lang='lat' dir='ltr'><strong>Quartam</strong></span> <span class='ocrx_word' id='word_1_268' title='bbox 457 1052 550 1079; x_wconf 86' lang='lat' dir='ltr'><strong>horam</strong></span> <span class='ocrx_word' id='word_1_269' title='bbox 567 1052 660 1080; x_wconf 86' lang='lat' dir='ltr'><strong>deﬁnit</strong></span> <span class='ocrx_word' id='word_1_270' title='bbox 674 1053 747 1080; x_wconf 87' lang='lat' dir='ltr'><strong>circa</strong></span> <span class='ocrx_word' id='word_1_271' title='bbox 762 1052 936 1080; x_wconf 85' lang='lat' dir='ltr'><strong>Geminorum</strong></span> <span class='ocrx_word' id='word_1_272' title='bbox 950 1053 1055 1081; x_wconf 87' lang='lat' dir='ltr'><strong>initium</strong></span> 
     </span>
    </p>
   </div>
   <div class='ocr_carea' id='block_1_39' title="bbox 279 1095 1057 1134">
    <p class='ocr_par' dir='ltr' id='par_1_39' title="bbox 279 1095 1057 1134">
     <span class='ocr_line' id='line_1_39' title="bbox 279 1095 1057 1134; baseline 0.005 -12"><span class='ocrx_word' id='word_1_273' title='bbox 279 1095 428 1123; x_wconf 83' lang='lat' dir='ltr'><strong>succedens</strong></span> <span class='ocrx_word' id='word_1_274' title='bbox 448 1103 606 1131; x_wconf 81' lang='lat' dir='ltr'><strong>parvarum,</strong></span> <span class='ocrx_word' id='word_1_275' title='bbox 631 1100 657 1124; x_wconf 79' lang='lat' dir='ltr'><strong>et</strong></span> <span class='ocrx_word' id='word_1_276' title='bbox 679 1097 831 1125; x_wconf 84' lang='lat' dir='ltr'><strong>lucidarum</strong></span> <span class='ocrx_word' id='word_1_277' title='bbox 849 1098 981 1130; x_wconf 83' lang='lat' dir='ltr'><strong>duarum,</strong></span> <span class='ocrx_word' id='word_1_278' title='bbox 997 1107 1057 1134; x_wconf 78' lang='lat' dir='ltr'><strong>quae</strong></span> 
     </span>
    </p>
   </div>
   <div class='ocr_carea' id='block_1_40' title="bbox 278 1140 1054 1178">
    <p class='ocr_par' dir='ltr' id='par_1_40' title="bbox 278 1140 1054 1178">
     <span class='ocr_line' id='line_1_40' title="bbox 278 1140 1054 1178; baseline 0.004 -11"><span class='ocrx_word' id='word_1_279' title='bbox 278 1144 353 1168; x_wconf 83' lang='lat' dir='ltr'><strong>recto</strong></span> <span class='ocrx_word' id='word_1_280' title='bbox 365 1148 450 1168; x_wconf 90' lang='lat' dir='ltr'><strong>cornu</strong></span> <span class='ocrx_word' id='word_1_281' title='bbox 465 1140 498 1168; x_wconf 85' lang='lat' dir='ltr'><strong>ad</strong></span> <span class='ocrx_word' id='word_1_282' title='bbox 512 1141 643 1169; x_wconf 88' lang='lat' dir='ltr'><strong>orientem</strong></span> <span class='ocrx_word' id='word_1_283' title='bbox 659 1142 686 1169; x_wconf 93' lang='lat' dir='ltr'><strong>in</strong></span> <span class='ocrx_word' id='word_1_284' title='bbox 706 1142 838 1169; x_wconf 89' lang='lat' dir='ltr'><strong>directum</strong></span> <span class='ocrx_word' id='word_1_285' title='bbox 859 1143 954 1178; x_wconf 62' lang='lat' dir='ltr'><strong>posita:</strong></span> <span class='ocrx_word' id='word_1_286' title='bbox 967 1147 1031 1170; x_wconf 89' lang='lat' dir='ltr'><strong>sunt</strong></span> <span class='ocrx_word' id='word_1_287' title='bbox 1047 1153 1054 1170; x_wconf 89' lang='lat'>:</span> 
     </span>
    </p>
   </div>
   <div class='ocr_carea' id='block_1_41' title="bbox 279 1185 1056 1221">
    <p class='ocr_par' dir='ltr' id='par_1_41' title="bbox 279 1185 1056 1221">
     <span class='ocr_line' id='line_1_41' title="bbox 279 1185 1056 1221; baseline 0.004 -8"><span class='ocrx_word' id='word_1_288' title='bbox 279 1194 339 1221; x_wconf 72' lang='lat' dir='ltr'><strong>quae</strong></span> <span class='ocrx_word' id='word_1_289' title='bbox 352 1191 379 1214; x_wconf 88' lang='lat' dir='ltr'><strong>et</strong></span> <span class='ocrx_word' id='word_1_290' title='bbox 394 1186 422 1214; x_wconf 93' lang='lat' dir='ltr'><strong>in</strong></span> <span class='ocrx_word' id='word_1_291' title='bbox 439 1185 549 1215; x_wconf 87' lang='lat' dir='ltr'><strong>Orionis</strong></span> <span class='ocrx_word' id='word_1_292' title='bbox 564 1187 717 1221; x_wconf 90' lang='lat' dir='ltr'><strong>collorobo,</strong></span> <span class='ocrx_word' id='word_1_293' title='bbox 734 1196 766 1215; x_wconf 89' lang='lat' dir='ltr'><strong>ac</strong></span> <span class='ocrx_word' id='word_1_294' title='bbox 782 1189 924 1217; x_wconf 84' lang='lat' dir='ltr'><strong>borcaliori</strong></span> <span class='ocrx_word' id='word_1_295' title='bbox 939 1189 1056 1217; x_wconf 86' lang='lat' dir='ltr'><strong>termino</strong></span> 
     </span>
    </p>
   </div>
   <div class='ocr_carea' id='block_1_42' title="bbox 276 1231 1056 1269">
    <p class='ocr_par' dir='ltr' id='par_1_42' title="bbox 276 1231 1056 1269">
     <span class='ocr_line' id='line_1_42' title="bbox 276 1231 1056 1269; baseline 0.008 -11"><span class='ocrx_word' id='word_1_296' title='bbox 276 1234 352 1259; x_wconf 83' lang='lat' dir='ltr'><strong>sunt.</strong></span> <span class='ocrx_word' id='word_1_297' title='bbox 375 1231 501 1260; x_wconf 81' lang='lat' dir='ltr'><strong>Proxime</strong></span> <span class='ocrx_word' id='word_1_298' title='bbox 526 1241 589 1260; x_wconf 84' lang='lat' dir='ltr'><strong>vero</strong></span> <span class='ocrx_word' id='word_1_299' title='bbox 608 1239 731 1269; x_wconf 87' lang='lat' dir='ltr'><strong>quartam</strong></span> <span class='ocrx_word' id='word_1_300' title='bbox 748 1235 843 1262; x_wconf 89' lang='lat' dir='ltr'><strong>horam</strong></span> <span class='ocrx_word' id='word_1_301' title='bbox 856 1236 986 1264; x_wconf 89' lang='lat' dir='ltr'><strong>terminat</strong></span> <span class='ocrx_word' id='word_1_302' title='bbox 1007 1244 1056 1263; x_wconf 79' lang='lat' dir='ltr'><strong>au-</strong></span> 
     </span>
    </p>
   </div>
   <div class='ocr_carea' id='block_1_43' title="bbox 278 1277 1056 1317">
    <p class='ocr_par' dir='ltr' id='par_1_43' title="bbox 278 1277 1056 1317">
     <span class='ocr_line' id='line_1_43' title="bbox 278 1277 1056 1317; baseline 0.009 -14"><span class='ocrx_word' id='word_1_303' title='bbox 278 1277 387 1304; x_wconf 85' lang='lat' dir='ltr'><strong>stralior</strong></span> <span class='ocrx_word' id='word_1_304' title='bbox 402 1277 552 1305; x_wconf 81' lang='lat' dir='ltr'><strong>lucidarum</strong></span> <span class='ocrx_word' id='word_1_305' title='bbox 576 1278 707 1312; x_wconf 88' lang='lat' dir='ltr'><strong>duarum,</strong></span> <span class='ocrx_word' id='word_1_306' title='bbox 731 1288 792 1315; x_wconf 72' lang='lat' dir='ltr'><strong>qua:</strong></span> <span class='ocrx_word' id='word_1_307' title='bbox 807 1285 870 1308; x_wconf 91' lang='lat' dir='ltr'><strong>sunt</strong></span> <span class='ocrx_word' id='word_1_308' title='bbox 896 1282 923 1309; x_wconf 92' lang='lat' dir='ltr'><strong>in</strong></span> <span class='ocrx_word' id='word_1_309' title='bbox 944 1281 1056 1317; x_wconf 89' lang='lat' dir='ltr'><strong>Leporis</strong></span> 
     </span>
    </p>
   </div>
   <div class='ocr_carea' id='block_1_44' title="bbox 278 1324 503 1359">
    <p class='ocr_par' dir='ltr' id='par_1_44' title="bbox 278 1324 503 1359">
     <span class='ocr_line' id='line_1_44' title="bbox 278 1324 503 1359; baseline 0 -8"><span class='ocrx_word' id='word_1_310' title='bbox 278 1324 367 1351; x_wconf 85' lang='lat' dir='ltr'><strong>medio</strong></span> <span class='ocrx_word' id='word_1_311' title='bbox 381 1331 503 1359; x_wconf 87' lang='lat' dir='ltr'><strong>corpore.</strong></span> 
     </span>
    </p>
   </div>
   <div class='ocr_carea' id='block_1_45' title="bbox 313 1413 1055 1450">
    <p class='ocr_par' dir='ltr' id='par_1_45' title="bbox 313 1413 1055 1450">
     <span class='ocr_line' id='line_1_45' title="bbox 313 1413 1055 1450; baseline 0.008 -11"><span class='ocrx_word' id='word_1_312' title='bbox 313 1413 444 1446; x_wconf 86' lang='lat' dir='ltr'><strong>Quintum</strong></span> <span class='ocrx_word' id='word_1_313' title='bbox 461 1413 598 1441; x_wconf 88' lang='lat' dir='ltr'><strong>horarium</strong></span> <span class='ocrx_word' id='word_1_314' title='bbox 625 1416 743 1450; x_wconf 83' lang='lat' dir='ltr'><strong>spatium</strong></span> <span class='ocrx_word' id='word_1_315' title='bbox 760 1417 890 1444; x_wconf 88' lang='lat' dir='ltr'><strong>terminat</strong></span> <span class='ocrx_word' id='word_1_316' title='bbox 910 1417 983 1445; x_wconf 71' lang='lat' dir='ltr'><strong>circa</strong></span> <span class='ocrx_word' id='word_1_317' title='bbox 997 1424 1055 1444; x_wconf 88' lang='lat' dir='ltr'><strong>me-</strong></span> 
     </span>
    </p>
   </div>
   <div class='ocr_carea' id='block_1_46' title="bbox 278 1457 1056 1497">
    <p class='ocr_par' dir='ltr' id='par_1_46' title="bbox 278 1457 1056 1497">
     <span class='ocr_line' id='line_1_46' title="bbox 278 1457 1056 1497; baseline 0.008 -13"><span class='ocrx_word' id='word_1_318' title='bbox 278 1457 340 1485; x_wconf 88' lang='lat' dir='ltr'><strong>dios</strong></span> <span class='ocrx_word' id='word_1_319' title='bbox 355 1457 482 1486; x_wconf 84' lang='lat' dir='ltr'><strong>Geminos</strong></span> <span class='ocrx_word' id='word_1_320' title='bbox 502 1458 652 1486; x_wconf 90' lang='lat' dir='ltr'><strong>lucidarum</strong></span> <span class='ocrx_word' id='word_1_321' title='bbox 676 1461 758 1488; x_wconf 92' lang='lat' dir='ltr'><strong>trium</strong></span> <span class='ocrx_word' id='word_1_322' title='bbox 771 1481 779 1494; x_wconf 93' lang='lat'><strong>,</strong></span> <span class='ocrx_word' id='word_1_323' title='bbox 804 1469 865 1496; x_wconf 68' lang='lat' dir='ltr'><strong>qua:</strong></span> <span class='ocrx_word' id='word_1_324' title='bbox 886 1462 914 1489; x_wconf 92' lang='lat' dir='ltr'><strong>in</strong></span> <span class='ocrx_word' id='word_1_325' title='bbox 943 1462 1056 1497; x_wconf 80' lang='lat' dir='ltr'><strong>genibus</strong></span> 
     </span>
    </p>
   </div>
   <div class='ocr_carea' id='block_1_47' title="bbox 280 1503 1057 1542">
    <p class='ocr_par' dir='ltr' id='par_1_47' title="bbox 280 1503 1057 1542">
     <span class='ocr_line' id='line_1_47' title="bbox 280 1503 1057 1542; baseline 0.005 -11"><span class='ocrx_word' id='word_1_326' title='bbox 280 1508 343 1531; x_wconf 77' lang='lat' dir='ltr'><strong>sunt</strong></span> <span class='ocrx_word' id='word_1_327' title='bbox 356 1503 548 1539; x_wconf 88' lang='lat' dir='ltr'><strong>Geminorum,</strong></span> <span class='ocrx_word' id='word_1_328' title='bbox 575 1507 681 1540; x_wconf 89' lang='lat' dir='ltr'><strong>media;</strong></span> <span class='ocrx_word' id='word_1_329' title='bbox 711 1514 771 1542; x_wconf 75' lang='lat' dir='ltr'><strong>quae</strong></span> <span class='ocrx_word' id='word_1_330' title='bbox 785 1507 925 1535; x_wconf 84' lang='lat' dir='ltr'><strong>tricesima</strong></span> <span class='ocrx_word' id='word_1_331' title='bbox 947 1508 1057 1535; x_wconf 89' lang='lat' dir='ltr'><strong>circiter</strong></span> 
     </span>
    </p>
   </div>
   <div class='ocr_carea' id='block_1_48' title="bbox 276 1548 1056 1588">
    <p class='ocr_par' dir='ltr' id='par_1_48' title="bbox 276 1548 1056 1588">
     <span class='ocr_line' id='line_1_48' title="bbox 276 1548 1056 1588; baseline 0.008 -13"><span class='ocrx_word' id='word_1_332' title='bbox 276 1548 354 1576; x_wconf 73' lang='lat' dir='ltr'><strong>horae</strong></span> <span class='ocrx_word' id='word_1_333' title='bbox 368 1553 444 1584; x_wconf 83' lang='lat' dir='ltr'><strong>parte</strong></span> <span class='ocrx_word' id='word_1_334' title='bbox 458 1551 585 1585; x_wconf 80' lang='lat' dir='ltr'><strong>praecedit</strong></span> <span class='ocrx_word' id='word_1_335' title='bbox 598 1552 730 1580; x_wconf 90' lang='lat' dir='ltr'><strong>circulum</strong></span> <span class='ocrx_word' id='word_1_336' title='bbox 752 1560 799 1588; x_wconf 87' lang='lat' dir='ltr'><strong>per</strong></span> <span class='ocrx_word' id='word_1_337' title='bbox 815 1553 893 1588; x_wconf 86' lang='lat' dir='ltr'><strong>polos</strong></span> <span class='ocrx_word' id='word_1_338' title='bbox 910 1557 1056 1582; x_wconf 88' lang='lat' dir='ltr'><strong>transeun-</strong></span> 
     </span>
    </p>
   </div>
   <div class='ocr_carea' id='block_1_49' title="bbox 277 1596 1004 1633">
    <p class='ocr_par' dir='ltr' id='par_1_49' title="bbox 277 1596 1004 1633">
     <span class='ocr_line' id='line_1_49' title="bbox 277 1596 1004 1633; baseline 0.007 -12"><span class='ocrx_word' id='word_1_339' title='bbox 277 1598 351 1627; x_wconf 77' lang='lat' dir='ltr'><strong>tem,</strong></span> <span class='ocrx_word' id='word_1_340' title='bbox 374 1602 479 1623; x_wconf 88' lang='lat' dir='ltr'><strong>necnon</strong></span> <span class='ocrx_word' id='word_1_341' title='bbox 496 1596 585 1624; x_wconf 88' lang='lat' dir='ltr'><strong>lucida</strong></span> <span class='ocrx_word' id='word_1_342' title='bbox 601 1597 781 1632; x_wconf 87' lang='lat' dir='ltr'><strong>posteriorum</strong></span> <span class='ocrx_word' id='word_1_343' title='bbox 795 1597 878 1625; x_wconf 88' lang='lat' dir='ltr'><strong>Canis</strong></span> <span class='ocrx_word' id='word_1_344' title='bbox 895 1597 1004 1633; x_wconf 87' lang='lat' dir='ltr'><strong>pedum.</strong></span> 
     </span>
    </p>
   </div>
   <div class='ocr_carea' id='block_1_50' title="bbox 1108 912 1828 949">
    <p class='ocr_par' dir='ltr' id='par_1_50' title="bbox 1108 912 1828 949">
     <span class='ocr_line' id='line_1_50' title="bbox 1108 912 1828 949; baseline 0 -11"><span class='ocrx_word' id='word_1_345' title='bbox 1108 913 1198 947; x_wconf 81' lang='grc' dir='ltr'>μέσοις</span> <span class='ocrx_word' id='word_1_346' title='bbox 1221 914 1277 944; x_wconf 80' lang='grc' dir='ltr'><strong>τοῖς</strong></span> <span class='ocrx_word' id='word_1_347' title='bbox 1300 912 1410 948; x_wconf 79' lang='grc' dir='ltr'>κέρασιν</span> <span class='ocrx_word' id='word_1_348' title='bbox 1434 913 1563 949; x_wconf 77' lang='grc' dir='ltr'>ἐκφανὴς,</span> <span class='ocrx_word' id='word_1_349' title='bbox 1592 913 1735 949; x_wconf 77' lang='grc' dir='ltr'>ἰσόπλευρον</span> <span class='ocrx_word' id='word_1_350' title='bbox 1752 913 1828 946; x_wconf 59' lang='lat' dir='ltr'><strong>intra</strong></span> 
     </span>
    </p>
   </div>
   <div class='ocr_carea' id='block_1_51' title="bbox 1106 957 1828 995">
    <p class='ocr_par' dir='ltr' id='par_1_51' title="bbox 1106 957 1828 995">
     <span class='ocr_line' id='line_1_51' title="bbox 1106 957 1828 995; baseline -0.001 -11"><span class='ocrx_word' id='word_1_351' title='bbox 1106 957 1235 992; x_wconf 84' lang='grc' dir='ltr'>τρίγωνον</span> <span class='ocrx_word' id='word_1_352' title='bbox 1259 958 1342 985; x_wconf 73' lang='grc' dir='ltr'>ποιῶν</span> <span class='ocrx_word' id='word_1_353' title='bbox 1365 958 1433 994; x_wconf 81' lang='grc' dir='ltr'>μετὰ</span> <span class='ocrx_word' id='word_1_354' title='bbox 1455 957 1510 986; x_wconf 79' lang='grc' dir='ltr'>τῶν</span> <span class='ocrx_word' id='word_1_355' title='bbox 1533 959 1563 985; x_wconf 78' lang='grc' dir='ltr'>ὲν</span> <span class='ocrx_word' id='word_1_356' title='bbox 1588 959 1679 995; x_wconf 74' lang='grc' dir='ltr'>ἄκροις</span> <span class='ocrx_word' id='word_1_357' title='bbox 1698 959 1744 990; x_wconf 81' lang='grc' dir='ltr'>τοῖς</span> <span class='ocrx_word' id='word_1_358' title='bbox 1764 959 1828 993; x_wconf 68' lang='grc' dir='ltr'>κέρασι</span> 
     </span>
    </p>
   </div>
   <div class='ocr_carea' id='block_1_52' title="bbox 1106 1003 1248 1040">
    <p class='ocr_par' dir='ltr' id='par_1_52' title="bbox 1106 1003 1248 1040">
     <span class='ocr_line' id='line_1_52' title="bbox 1106 1003 1248 1040; baseline 0.028 -11"><span class='ocrx_word' id='word_1_359' title='bbox 1106 1003 1248 1040; x_wconf 86' lang='grc' dir='ltr'>λαμπρῶν.</span> 
     </span>
    </p>
   </div>
   <div class='ocr_carea' id='block_1_53' title="bbox 1141 1049 1830 1086">
    <p class='ocr_par' dir='ltr' id='par_1_53' title="bbox 1141 1049 1830 1086">
     <span class='ocr_line' id='line_1_53' title="bbox 1141 1049 1830 1086; baseline -0.001 -10"><span class='ocrx_word' id='word_1_360' title='bbox 1141 1050 1178 1076; x_wconf 82' lang='grc' dir='ltr'><strong>Τὸ</strong></span> <span class='ocrx_word' id='word_1_361' title='bbox 1198 1050 1226 1076; x_wconf 88' lang='grc' dir='ltr'>δὲ</span> <span class='ocrx_word' id='word_1_362' title='bbox 1240 1050 1260 1077; x_wconf 82' lang='grc' dir='ltr'>δ’</span> <span class='ocrx_word' id='word_1_363' title='bbox 1274 1051 1384 1086; x_wconf 86' lang='grc' dir='ltr'>ὡριαῖον</span> <span class='ocrx_word' id='word_1_364' title='bbox 1399 1050 1534 1085; x_wconf 84' lang='grc' dir='ltr'>διάστημα</span> <span class='ocrx_word' id='word_1_365' title='bbox 1550 1051 1671 1086; x_wconf 80' lang='grc' dir='ltr'>ἀφορίζει</span> <span class='ocrx_word' id='word_1_366' title='bbox 1687 1050 1742 1085; x_wconf 56' lang='grc' dir='ltr'>τερ).</span> <span class='ocrx_word' id='word_1_367' title='bbox 1751 1049 1787 1084; x_wconf 68' lang='grc' dir='ltr'><strong>τὴν</strong></span> <span class='ocrx_word' id='word_1_368' title='bbox 1799 1049 1830 1083; x_wconf 69' lang='grc' dir='ltr'><strong>ἁρ-</strong></span> 
     </span>
    </p>
   </div>
   <div class='ocr_carea' id='block_1_54' title="bbox 1106 1095 1830 1133">
    <p class='ocr_par' dir='ltr' id='par_1_54' title="bbox 1106 1095 1830 1133">
     <span class='ocr_line' id='line_1_54' title="bbox 1106 1095 1830 1133; baseline 0 -12"><span class='ocrx_word' id='word_1_369' title='bbox 1106 1095 1155 1130; x_wconf 87' lang='grc' dir='ltr'>χὴν</span> <span class='ocrx_word' id='word_1_370' title='bbox 1171 1095 1225 1122; x_wconf 84' lang='grc' dir='ltr'><strong>τῶν</strong></span> <span class='ocrx_word' id='word_1_371' title='bbox 1238 1095 1371 1131; x_wconf 84' lang='grc' dir='ltr'>Διδύμων,</span> <span class='ocrx_word' id='word_1_372' title='bbox 1385 1096 1432 1123; x_wconf 81' lang='grc' dir='ltr'><strong>τθῦ</strong></span> <span class='ocrx_word' id='word_1_373' title='bbox 1448 1097 1554 1133; x_wconf 81' lang='grc' dir='ltr'>Ταύρου</span> <span class='ocrx_word' id='word_1_374' title='bbox 1565 1097 1620 1124; x_wconf 75' lang='grc' dir='ltr'>τῶν</span> <span class='ocrx_word' id='word_1_375' title='bbox 1636 1098 1675 1123; x_wconf 73' lang='grc' dir='ltr'><strong>ἐπ’</strong></span> <span class='ocrx_word' id='word_1_376' title='bbox 1688 1096 1774 1126; x_wconf 69' lang='grc' dir='ltr'>εὐθείας</span> <span class='ocrx_word' id='word_1_377' title='bbox 1782 1096 1830 1128; x_wconf 68' lang='grc' dir='ltr'>ἄκρῳ</span> 
     </span>
    </p>
   </div>
   <div class='ocr_carea' id='block_1_55' title="bbox 1105 1139 1830 1178">
    <p class='ocr_par' dir='ltr' id='par_1_55' title="bbox 1105 1139 1830 1178">
     <span class='ocr_line' id='line_1_55' title="bbox 1105 1139 1830 1178; baseline 0.003 -11"><span class='ocrx_word' id='word_1_378' title='bbox 1105 1141 1143 1176; x_wconf 81' lang='grc' dir='ltr'><strong>τῷ</strong></span> <span class='ocrx_word' id='word_1_379' title='bbox 1154 1141 1231 1177; x_wconf 84' lang='grc' dir='ltr'>δεξιῷ</span> <span class='ocrx_word' id='word_1_380' title='bbox 1249 1141 1343 1177; x_wconf 77' lang='grc' dir='ltr'>κέρατι</span> <span class='ocrx_word' id='word_1_381' title='bbox 1357 1143 1425 1178; x_wconf 82' lang='grc' dir='ltr'>πρὸς</span> <span class='ocrx_word' id='word_1_382' title='bbox 1437 1143 1567 1174; x_wconf 79' lang='grc' dir='ltr'>ἀνατολὰς</span> <span class='ocrx_word' id='word_1_383' title='bbox 1586 1143 1711 1178; x_wconf 78' lang='grc' dir='ltr'>κειμένων</span> <span class='ocrx_word' id='word_1_384' title='bbox 1725 1141 1742 1177; x_wconf 82' lang='grc' dir='ltr'><strong>β’</strong></span> <span class='ocrx_word' id='word_1_385' title='bbox 1754 1139 1830 1176; x_wconf 65' lang='grc' dir='ltr'>μικρῶνι</span> 
     </span>
    </p>
   </div>
   <div class='ocr_carea' id='block_1_56' title="bbox 1105 1184 1830 1223">
    <p class='ocr_par' dir='ltr' id='par_1_56' title="bbox 1105 1184 1830 1223">
     <span class='ocr_line' id='line_1_56' title="bbox 1105 1184 1830 1223; baseline -0.001 -12"><span class='ocrx_word' id='word_1_386' title='bbox 1105 1186 1152 1212; x_wconf 78' lang='grc' dir='ltr'><strong>καὶ</strong></span> <span class='ocrx_word' id='word_1_387' title='bbox 1165 1186 1290 1220; x_wconf 82' lang='grc' dir='ltr'>ὲκφανῶν</span> <span class='ocrx_word' id='word_1_388' title='bbox 1304 1186 1387 1213; x_wconf 85' lang='grc' dir='ltr'>ὅντων</span> <span class='ocrx_word' id='word_1_389' title='bbox 1412 1187 1581 1223; x_wconf 82' lang='grc' dir='ltr'>ἀστερίσκων</span> <span class='ocrx_word' id='word_1_390' title='bbox 1601 1189 1615 1214; x_wconf 90' lang='lat'><strong>6</strong></span> <span class='ocrx_word' id='word_1_391' title='bbox 1633 1187 1749 1221; x_wconf 70' lang='grc' dir='ltr'>ἑπόμενος</span> <span class='ocrx_word' id='word_1_392' title='bbox 1761 1184 1830 1210; x_wconf 72' lang='grc' dir='ltr'>αὐτῶν·</span> 
     </span>
    </p>
   </div>
   <div class='ocr_carea' id='block_1_57' title="bbox 1105 1228 1831 1269">
    <p class='ocr_par' dir='ltr' id='par_1_57' title="bbox 1105 1228 1831 1269">
     <span class='ocr_line' id='line_1_57' title="bbox 1105 1228 1831 1269; baseline 0 -11"><span class='ocrx_word' id='word_1_393' title='bbox 1105 1232 1174 1259; x_wconf 72' lang='grc' dir='ltr'>εἰσὶν</span> <span class='ocrx_word' id='word_1_394' title='bbox 1186 1232 1214 1259; x_wconf 85' lang='grc' dir='ltr'>δὲ</span> <span class='ocrx_word' id='word_1_395' title='bbox 1227 1228 1298 1259; x_wconf 76' lang='grc' dir='ltr'>οὗτοι</span> <span class='ocrx_word' id='word_1_396' title='bbox 1321 1233 1368 1259; x_wconf 76' lang='grc' dir='ltr'><strong>καὶ</strong></span> <span class='ocrx_word' id='word_1_397' title='bbox 1385 1234 1414 1260; x_wconf 89' lang='grc' dir='ltr'>ὲν</span> <span class='ocrx_word' id='word_1_398' title='bbox 1430 1233 1467 1268; x_wconf 84' lang='grc' dir='ltr'><strong>τῷ</strong></span> <span class='ocrx_word' id='word_1_399' title='bbox 1492 1233 1642 1269; x_wconf 76' lang='grc' dir='ltr'>κολλοϐόρῳ</span> <span class='ocrx_word' id='word_1_400' title='bbox 1652 1233 1674 1249; x_wconf 70' lang='grc'><strong>’⁸</strong></span> <span class='ocrx_word' id='word_1_401' title='bbox 1690 1231 1731 1258; x_wconf 71' lang='grc' dir='ltr'><strong>τοῦ</strong></span> <span class='ocrx_word' id='word_1_402' title='bbox 1749 1230 1831 1266; x_wconf 63' lang='grc' dir='ltr'>Ὠρίωνος</span> 
     </span>
    </p>
   </div>
   <div class='ocr_carea' id='block_1_58' title="bbox 1106 1274 1832 1315">
    <p class='ocr_par' dir='ltr' id='par_1_58' title="bbox 1106 1274 1832 1315">
     <span class='ocr_line' id='line_1_58' title="bbox 1106 1274 1832 1315; baseline 0.008 -11"><span class='ocrx_word' id='word_1_403' title='bbox 1106 1278 1152 1304; x_wconf 75' lang='grc' dir='ltr'><strong>ἐπὶ</strong></span> <span class='ocrx_word' id='word_1_404' title='bbox 1174 1277 1220 1304; x_wconf 80' lang='grc' dir='ltr'><strong>τοῦ</strong></span> <span class='ocrx_word' id='word_1_405' title='bbox 1246 1277 1413 1314; x_wconf 81' lang='grc' dir='ltr'>βορειοτέρου</span> <span class='ocrx_word' id='word_1_406' title='bbox 1437 1279 1570 1315; x_wconf 79' lang='grc' dir='ltr'>πέρατος·</span> <span class='ocrx_word' id='word_1_407' title='bbox 1599 1279 1707 1313; x_wconf 75' lang='grc' dir='ltr'>ἔγγιστα</span> <span class='ocrx_word' id='word_1_408' title='bbox 1731 1277 1754 1303; x_wconf 76' lang='grc' dir='ltr'>δὲ</span> <span class='ocrx_word' id='word_1_409' title='bbox 1772 1275 1806 1309; x_wconf 59' lang='grc' dir='ltr'><strong>τήν</strong></span> <span class='ocrx_word' id='word_1_410' title='bbox 1820 1274 1832 1298; x_wconf 65' lang='grc' dir='ltr'><strong>δ</strong></span> 
     </span>
    </p>
   </div>
   <div class='ocr_carea' id='block_1_59' title="bbox 1104 1319 1832 1359">
    <p class='ocr_par' dir='ltr' id='par_1_59' title="bbox 1104 1319 1832 1359">
     <span class='ocr_line' id='line_1_59' title="bbox 1104 1319 1832 1359; baseline -0.004 -9"><span class='ocrx_word' id='word_1_411' title='bbox 1104 1323 1230 1358; x_wconf 78' lang='grc' dir='ltr'>ἀφορίζει</span> <span class='ocrx_word' id='word_1_412' title='bbox 1241 1324 1289 1351; x_wconf 82' lang='grc' dir='ltr'>καὶ</span> <span class='ocrx_word' id='word_1_413' title='bbox 1308 1324 1355 1350; x_wconf 85' lang='grc' dir='ltr'>τοῦ</span> <span class='ocrx_word' id='word_1_414' title='bbox 1376 1323 1488 1358; x_wconf 81' lang='grc' dir='ltr'>Λαγωοῦ</span> <span class='ocrx_word' id='word_1_415' title='bbox 1501 1325 1516 1351; x_wconf 92' lang='lat'><strong>6</strong></span> <span class='ocrx_word' id='word_1_416' title='bbox 1528 1324 1683 1359; x_wconf 81' lang='grc' dir='ltr'>νοτιώτερος</span> <span class='ocrx_word' id='word_1_417' title='bbox 1697 1322 1743 1349; x_wconf 82' lang='grc' dir='ltr'>τῶν</span> <span class='ocrx_word' id='word_1_418' title='bbox 1753 1322 1775 1348; x_wconf 69' lang='grc' dir='ltr'>ἐν</span> <span class='ocrx_word' id='word_1_419' title='bbox 1786 1319 1832 1355; x_wconf 66' lang='grc' dir='ltr'>μὲσν</span> 
     </span>
    </p>
   </div>
   <div class='ocr_carea' id='block_1_60' title="bbox 1105 1369 1457 1405">
    <p class='ocr_par' dir='ltr' id='par_1_60' title="bbox 1105 1369 1457 1405">
     <span class='ocr_line' id='line_1_60' title="bbox 1105 1369 1457 1405; baseline 0.003 -9"><span class='ocrx_word' id='word_1_420' title='bbox 1105 1369 1144 1405; x_wconf 84' lang='grc' dir='ltr'><strong>τῷ</strong></span> <span class='ocrx_word' id='word_1_421' title='bbox 1159 1370 1263 1405; x_wconf 88' lang='grc' dir='ltr'>σώματι</span> <span class='ocrx_word' id='word_1_422' title='bbox 1279 1370 1300 1405; x_wconf 84' lang='grc' dir='ltr'><strong>β’</strong></span> <span class='ocrx_word' id='word_1_423' title='bbox 1313 1370 1457 1405; x_wconf 83' lang='grc' dir='ltr'>λαμπρῶν.</span> 
     </span>
    </p>
   </div>
   <div class='ocr_carea' id='block_1_61' title="bbox 1141 1411 1833 1452">
    <p class='ocr_par' dir='ltr' id='par_1_61' title="bbox 1141 1411 1833 1452">
     <span class='ocr_line' id='line_1_61' title="bbox 1141 1411 1833 1452; baseline -0.01 -9"><span class='ocrx_word' id='word_1_424' title='bbox 1141 1417 1177 1443; x_wconf 78' lang='grc' dir='ltr'><strong>Τὸ</strong></span> <span class='ocrx_word' id='word_1_425' title='bbox 1196 1416 1225 1443; x_wconf 81' lang='grc' dir='ltr'>δὲ</span> <span class='ocrx_word' id='word_1_426' title='bbox 1244 1419 1265 1443; x_wconf 80' lang='grc' dir='ltr'>ε’</span> <span class='ocrx_word' id='word_1_427' title='bbox 1279 1417 1389 1452; x_wconf 85' lang='grc' dir='ltr'>ὡριαῖον</span> <span class='ocrx_word' id='word_1_428' title='bbox 1411 1416 1546 1452; x_wconf 77' lang='grc' dir='ltr'>διάστημα</span> <span class='ocrx_word' id='word_1_429' title='bbox 1567 1415 1690 1452; x_wconf 76' lang='grc' dir='ltr'>ἀφορίζει</span> <span class='ocrx_word' id='word_1_430' title='bbox 1703 1414 1756 1450; x_wconf 77' lang='grc' dir='ltr'>περὶ</span> <span class='ocrx_word' id='word_1_431' title='bbox 1770 1411 1833 1448; x_wconf 67' lang='grc' dir='ltr'>μέσους</span> 
     </span>
    </p>
   </div>
   <div class='ocr_carea' id='block_1_62' title="bbox 1105 1455 1834 1498">
    <p class='ocr_par' dir='ltr' id='par_1_62' title="bbox 1105 1455 1834 1498">
     <span class='ocr_line' id='line_1_62' title="bbox 1105 1455 1834 1498; baseline -0.007 -10"><span class='ocrx_word' id='word_1_432' title='bbox 1105 1463 1168 1494; x_wconf 82' lang='grc' dir='ltr'>τοὺς</span> <span class='ocrx_word' id='word_1_433' title='bbox 1181 1462 1311 1498; x_wconf 81' lang='grc' dir='ltr'>Διδύμους</span> <span class='ocrx_word' id='word_1_434' title='bbox 1327 1462 1380 1489; x_wconf 84' lang='grc' dir='ltr'>τῶν</span> <span class='ocrx_word' id='word_1_435' title='bbox 1395 1462 1516 1498; x_wconf 77' lang='grc' dir='ltr'>Διδύμων</span> <span class='ocrx_word' id='word_1_436' title='bbox 1533 1463 1547 1489; x_wconf 91' lang='lat'><strong>6</strong></span> <span class='ocrx_word' id='word_1_437' title='bbox 1561 1463 1646 1498; x_wconf 79' lang='grc' dir='ltr'>μέσος</span> <span class='ocrx_word' id='word_1_438' title='bbox 1661 1463 1712 1488; x_wconf 81' lang='grc' dir='ltr'><strong>τῶν</strong></span> <span class='ocrx_word' id='word_1_439' title='bbox 1725 1461 1748 1486; x_wconf 84' lang='grc' dir='ltr'>ὲν</span> <span class='ocrx_word' id='word_1_440' title='bbox 1759 1459 1799 1488; x_wconf 76' lang='grc' dir='ltr'>τοῖς</span> <span class='ocrx_word' id='word_1_441' title='bbox 1808 1455 1834 1488; x_wconf 51' lang='grc' dir='ltr'><strong>τίν</strong></span> 
     </span>
    </p>
   </div>
   <div class='ocr_carea' id='block_1_63' title="bbox 1106 1503 1834 1552">
    <p class='ocr_par' dir='ltr' id='par_1_63' title="bbox 1106 1503 1834 1552">
     <span class='ocr_line' id='line_1_63' title="bbox 1106 1503 1834 1552; baseline -0.007 -6"><span class='ocrx_word' id='word_1_442' title='bbox 1106 1516 1167 1535; x_wconf 78' lang='grc' dir='ltr'>νασι</span> <span class='ocrx_word' id='word_1_443' title='bbox 1186 1507 1213 1542; x_wconf 60' lang='grc' dir='ltr'>Υ</span> <span class='ocrx_word' id='word_1_444' title='bbox 1232 1508 1374 1544; x_wconf 72' lang='grc' dir='ltr'>λαμπρῶν»</span> <span class='ocrx_word' id='word_1_445' title='bbox 1391 1508 1429 1540; x_wconf 77' lang='grc' dir='ltr'><strong>ὡς</strong></span> <span class='ocrx_word' id='word_1_446' title='bbox 1444 1507 1465 1534; x_wconf 89' lang='grc' dir='ltr'>λ’</span> <span class='ocrx_word' id='word_1_447' title='bbox 1481 1508 1562 1544; x_wconf 79' lang='grc' dir='ltr'>μέρος</span> <span class='ocrx_word' id='word_1_448' title='bbox 1585 1507 1660 1543; x_wconf 78' lang='grc' dir='ltr'>ὥρας</span> <span class='ocrx_word' id='word_1_449' title='bbox 1683 1503 1834 1552; x_wconf 31' lang='lat' dir='ltr'><strong>“cuius?</strong></span> 
     </span>
    </p>
   </div>
   <div class='ocr_carea' id='block_1_64' title="bbox 1108 1550 1836 1586">
    <p class='ocr_par' dir='ltr' id='par_1_64' title="bbox 1108 1550 1836 1586">
     <span class='ocr_line' id='line_1_64' title="bbox 1108 1550 1836 1586; baseline -0.008 -6"><span class='ocrx_word' id='word_1_450' title='bbox 1108 1553 1155 1580; x_wconf 80' lang='grc' dir='ltr'><strong>τοῦ</strong></span> <span class='ocrx_word' id='word_1_451' title='bbox 1173 1553 1217 1581; x_wconf 84' lang='grc' dir='ltr'><strong>διὰ</strong></span> <span class='ocrx_word' id='word_1_452' title='bbox 1226 1553 1280 1581; x_wconf 83' lang='grc' dir='ltr'>τῶν</span> <span class='ocrx_word' id='word_1_453' title='bbox 1300 1553 1388 1581; x_wconf 85' lang='grc' dir='ltr'>πόλων</span> <span class='ocrx_word' id='word_1_454' title='bbox 1403 1553 1513 1586; x_wconf 80' lang='grc' dir='ltr'><strong>κύκλου,</strong></span> <span class='ocrx_word' id='word_1_455' title='bbox 1529 1554 1578 1580; x_wconf 80' lang='grc' dir='ltr'>καὶ</span> <span class='ocrx_word' id='word_1_456' title='bbox 1594 1552 1642 1580; x_wconf 77' lang='grc' dir='ltr'>τοῦ</span> <span class='ocrx_word' id='word_1_457' title='bbox 1661 1551 1739 1582; x_wconf 80' lang='grc' dir='ltr'>Κυνὸς</span> <span class='ocrx_word' id='word_1_458' title='bbox 1750 1550 1762 1575; x_wconf 86' lang='lat'><strong>6</strong></span> <span class='ocrx_word' id='word_1_459' title='bbox 1773 1550 1793 1575; x_wconf 82' lang='grc' dir='ltr'>ὲν</span> <span class='ocrx_word' id='word_1_460' title='bbox 1802 1550 1836 1574; x_wconf 50' lang='grc' dir='ltr'>τα</span> 
     </span>
    </p>
   </div>
   <div class='ocr_carea' id='block_1_65' title="bbox 1074 1595 1466 1636">
    <p class='ocr_par' dir='ltr' id='par_1_65' title="bbox 1074 1595 1466 1636">
     <span class='ocr_line' id='line_1_65' title="bbox 1074 1595 1466 1636; baseline 0 -10"><span class='ocrx_word' id='word_1_461' title='bbox 1074 1595 1079 1604; x_wconf 87' lang='grc'><strong>’</strong></span> <span class='ocrx_word' id='word_1_462' title='bbox 1109 1599 1242 1631; x_wconf 77' lang='grc' dir='ltr'>ὀπισθίοις</span> <span class='ocrx_word' id='word_1_463' title='bbox 1256 1599 1320 1626; x_wconf 74' lang='grc' dir='ltr'>ποσὶ</span> <span class='ocrx_word' id='word_1_464' title='bbox 1334 1599 1466 1636; x_wconf 80' lang='grc' dir='ltr'>λαμπρός.</span> 
     </span>
    </p>
   </div>
   <div class='ocr_carea' id='block_1_66' title="bbox 317 1671 1051 1712">
    <p class='ocr_par' dir='ltr' id='par_1_66' title="bbox 317 1671 1051 1710">
     <span class='ocr_line' id='line_1_66' title="bbox 317 1671 1051 1710; baseline 0.001 -9"><span class='ocrx_word' id='word_1_465' title='bbox 317 1671 340 1687; x_wconf 77' lang='grc'><strong>³³</strong></span> <span class='ocrx_word' id='word_1_466' title='bbox 350 1672 411 1701; x_wconf 87' lang='lat' dir='ltr'><strong>Cor.</strong></span> <span class='ocrx_word' id='word_1_467' title='bbox 425 1674 439 1701; x_wconf 88' lang='lat'><strong>6</strong></span> <span class='ocrx_word' id='word_1_468' title='bbox 451 1674 506 1704; x_wconf 75' lang='grc' dir='ltr'><strong>ἐπί.</strong></span> <span class='ocrx_word' id='word_1_469' title='bbox 542 1675 566 1691; x_wconf 68' lang='grc'>⁵⁸</span> <span class='ocrx_word' id='word_1_470' title='bbox 579 1676 600 1710; x_wconf 81' lang='lat' dir='ltr'><strong>f.</strong></span> <span class='ocrx_word' id='word_1_471' title='bbox 612 1675 626 1702; x_wconf 79' lang='grc' dir='ltr'><strong>ὃ</strong></span> <span class='ocrx_word' id='word_1_472' title='bbox 639 1683 678 1702; x_wconf 82' lang='grc' dir='ltr'><strong>τε.</strong></span> <span class='ocrx_word' id='word_1_473' title='bbox 716 1673 739 1690; x_wconf 79' lang='grc'><em>³⁸</em></span> <span class='ocrx_word' id='word_1_474' title='bbox 755 1674 777 1709; x_wconf 81' lang='lat' dir='ltr'><strong>f.</strong></span> <span class='ocrx_word' id='word_1_475' title='bbox 792 1675 937 1710; x_wconf 86' lang='grc' dir='ltr'>Γοργονίῳ.</span> <span class='ocrx_word' id='word_1_476' title='bbox 969 1675 992 1692; x_wconf 83' lang='grc'><strong>⁹⁶</strong></span> <span class='ocrx_word' id='word_1_477' title='bbox 1006 1675 1027 1710; x_wconf 77' lang='lat' dir='ltr'><strong>f.</strong></span> <span class='ocrx_word' id='word_1_478' title='bbox 1041 1676 1051 1702; x_wconf 78' lang='lat' dir='ltr'><strong>l</strong></span> 
     </span>
    </p>
   </div>
   <div class='ocr_carea' id='block_1_67' title="bbox 1105 1671 1209 1712">
    <p class='ocr_par' dir='ltr' id='par_1_67' title="bbox 1105 1675 1209 1712">
     <span class='ocr_line' id='line_1_67' title="bbox 1105 1675 1209 1712; baseline 0.029 -11"><span class='ocrx_word' id='word_1_479' title='bbox 1105 1675 1209 1712; x_wconf 72' lang='lat' dir='ltr'><strong>lopd6tp.</strong></span> 
     </span>
    </p>
   </div>
   <div class='ocr_carea' id='block_1_68' title="bbox 298 1755 1828 1774">
    <p class='ocr_par' dir='ltr' id='par_1_68' title="bbox 298 1755 1828 1774">
     <span class='ocr_line' id='line_1_68' title="bbox 298 1755 1828 1774; baseline 0.002 -13"><span class='ocrx_word' id='word_1_480' title='bbox 298 1755 1828 1774; x_wconf 49' lang='grc' dir='ltr'>Ἢ</span> 
     </span>
    </p>
   </div>
   <div class='ocr_carea' id='block_1_69' title="bbox 748 1839 1412 1908">
    <p class='ocr_par' dir='ltr' id='par_1_69' title="bbox 748 1839 1412 1908">
     <span class='ocr_line' id='line_1_69' title="bbox 748 1839 1412 1908; baseline 0.005 -2"><span class='ocrx_word' id='word_1_481' title='bbox 748 1839 1412 1908; x_wconf 84' lang='grc' dir='ltr'><strong>ΕΡΑΤΟΣΘΕΝΟΥΣ</strong></span> 
     </span>
    </p>
   </div>
   <div class='ocr_carea' id='block_1_70' title="bbox 907 1957 1266 1992">
    <p class='ocr_par' dir='ltr' id='par_1_70' title="bbox 907 1957 1266 1992">
     <span class='ocr_line' id='line_1_70' title="bbox 907 1957 1266 1992; baseline -0.003 -8"><span class='ocrx_word' id='word_1_482' title='bbox 907 1957 959 1984; x_wconf 83' lang='lat' dir='ltr'><strong>EN</strong></span> <span class='ocrx_word' id='word_1_483' title='bbox 970 1957 1068 1992; x_wconf 81' lang='grc' dir='ltr'>ΔΔΛῼ</span> <span class='ocrx_word' id='word_1_484' title='bbox 1086 1957 1266 1984; x_wconf 82' lang='grc' dir='ltr'><strong>ΙΠΠΑΡΧΟΥ</strong></span> 
     </span>
    </p>
   </div>
   <div class='ocr_carea' id='block_1_71' title="bbox 659 2034 1452 2095">
    <p class='ocr_par' dir='ltr' id='par_1_71' title="bbox 659 2034 1452 2095">
     <span class='ocr_line' id='line_1_71' title="bbox 659 2034 1452 2095; baseline 0.006 -18"><span class='ocrx_word' id='word_1_485' title='bbox 659 2072 664 2077; x_wconf 90' lang='grc'>.</span> <span class='ocrx_word' id='word_1_486' title='bbox 684 2037 771 2082; x_wconf 88' lang='grc' dir='ltr'><strong>ΕΙΣ</strong></span> <span class='ocrx_word' id='word_1_487' title='bbox 789 2034 860 2081; x_wconf 87' lang='grc' dir='ltr'><strong>ΤΑ</strong></span> <span class='ocrx_word' id='word_1_488' title='bbox 877 2034 1093 2095; x_wconf 32' lang='grc' dir='ltr'><strong>ΑΡΑΤΟΥ.</strong></span> <span class='ocrx_word' id='word_1_489' title='bbox 1117 2038 1452 2083; x_wconf 88' lang='grc' dir='ltr'><strong>ΦΑΙΝΟΜΕΝΑ.</strong></span> 
     </span>
    </p>
   </div>
   <div class='ocr_carea' id='block_1_72' title="bbox 807 2171 1348 2230">
    <p class='ocr_par' dir='ltr' id='par_1_72' title="bbox 807 2171 1348 2230">
     <span class='ocr_line' id='line_1_72' title="bbox 807 2171 1348 2230; baseline 0.004 -3"><span class='ocrx_word' id='word_1_490' title='bbox 807 2171 1348 2230; x_wconf 86' lang='lat' dir='ltr'><strong>ERATOSTHENIS</strong></span> 
     </span>
    </p>
   </div>
   <div class='ocr_carea' id='block_1_73' title="bbox 907 2280 1259 2314">
    <p class='ocr_par' dir='ltr' id='par_1_73' title="bbox 907 2280 1259 2314">
     <span class='ocr_line' id='line_1_73' title="bbox 907 2280 1259 2314; baseline 0.006 -2"><span class='ocrx_word' id='word_1_491' title='bbox 907 2280 1025 2312; x_wconf 80' lang='lat' dir='ltr'><strong>ALIAS</strong></span> <span class='ocrx_word' id='word_1_492' title='bbox 1045 2280 1259 2314; x_wconf 81' lang='lat' dir='ltr'><strong>HIPPARCHI</strong></span> 
     </span>
    </p>
   </div>
   <div class='ocr_carea' id='block_1_74' title="bbox 671 2363 1494 2419">
    <p class='ocr_par' dir='ltr' id='par_1_74' title="bbox 671 2363 1494 2419">
     <span class='ocr_line' id='line_1_74' title="bbox 671 2363 1494 2419; baseline 0.002 -3"><span class='ocrx_word' id='word_1_493' title='bbox 671 2370 746 2416; x_wconf 83' lang='lat' dir='ltr'><strong>AD</strong></span> <span class='ocrx_word' id='word_1_494' title='bbox 781 2371 958 2418; x_wconf 82' lang='lat' dir='ltr'><strong>ARATI</strong></span> <span class='ocrx_word' id='word_1_495' title='bbox 1004 2371 1398 2419; x_wconf 67' lang='lat' dir='ltr'><strong>PHIENOMENA</strong></span> <span class='ocrx_word' id='word_1_496' title='bbox 1414 2363 1494 2418; x_wconf 70' lang='lat'><strong>(7&quot;).</strong></span> 
     </span>
    </p>
   </div>
   <div class='ocr_carea' id='block_1_75' title="bbox 321 2499 1051 2549">
    <p class='ocr_par' dir='ltr' id='par_1_75' title="bbox 321 2499 1051 2536">
     <span class='ocr_line' id='line_1_75' title="bbox 321 2499 1051 2536; baseline 0.008 -11"><span class='ocrx_word' id='word_1_497' title='bbox 321 2499 397 2536; x_wconf 62' lang='grc' dir='ltr'>ιω</span> <span class='ocrx_word' id='word_1_498' title='bbox 417 2499 437 2529; x_wconf 92' lang='lat' dir='ltr'><strong>l.</strong></span> <span class='ocrx_word' id='word_1_499' title='bbox 465 2499 657 2535; x_wconf 82' lang='lat' dir='ltr'><strong>Apparentium</strong></span> <span class='ocrx_word' id='word_1_500' title='bbox 680 2500 881 2528; x_wconf 88' lang='lat' dir='ltr'><strong>enarrationem</strong></span> <span class='ocrx_word' id='word_1_501' title='bbox 910 2502 1051 2531; x_wconf 88' lang='lat' dir='ltr'><strong>instituere</strong></span> 
     </span>
    </p>
   </div>
   <div class='ocr_carea' id='block_1_76' title="bbox 1105 2499 1838 2549">
    <p class='ocr_par' dir='ltr' id='par_1_76' title="bbox 1140 2500 1838 2549">
     <span class='ocr_line' id='line_1_76' title="bbox 1140 2500 1838 2549; baseline 0.001 -18"><span class='ocrx_word' id='word_1_502' title='bbox 1140 2505 1179 2532; x_wconf 76' lang='lat' dir='ltr'><strong>A’.</strong></span> <span class='ocrx_word' id='word_1_503' title='bbox 1201 2504 1255 2540; x_wconf 84' lang='grc' dir='ltr'><strong>Τὴν</strong></span> <span class='ocrx_word' id='word_1_504' title='bbox 1271 2505 1320 2538; x_wconf 78' lang='grc' dir='ltr'>μὲν</span> <span class='ocrx_word' id='word_1_505' title='bbox 1335 2505 1416 2539; x_wconf 78' lang='grc' dir='ltr'>δεῖξιν</span> <span class='ocrx_word' id='word_1_506' title='bbox 1427 2506 1481 2533; x_wconf 80' lang='grc' dir='ltr'><strong>τῶν</strong></span> <span class='ocrx_word' id='word_1_507' title='bbox 1492 2507 1664 2543; x_wconf 78' lang='grc' dir='ltr'>φαινομένων</span> <span class='ocrx_word' id='word_1_508' title='bbox 1675 2507 1728 2533; x_wconf 79' lang='grc' dir='ltr'>δέον</span> 
     </span>
    </p>
   </div>
   <div class='ocr_carea' id='block_1_77' title="bbox 281 2544 1051 2589">
    <p class='ocr_par' dir='ltr' id='par_1_77' title="bbox 281 2544 1051 2583">
     <span class='ocr_line' id='line_1_77' title="bbox 281 2544 1051 2583; baseline 0.001 -9"><span class='ocrx_word' id='word_1_509' title='bbox 281 2547 322 2574; x_wconf 83' lang='lat' dir='ltr'><strong>sic</strong></span> <span class='ocrx_word' id='word_1_510' title='bbox 336 2549 450 2581; x_wconf 86' lang='lat' dir='ltr'><strong>oportet,</strong></span> <span class='ocrx_word' id='word_1_511' title='bbox 464 2549 494 2572; x_wconf 91' lang='lat' dir='ltr'><strong>ut</strong></span> <span class='ocrx_word' id='word_1_512' title='bbox 507 2545 540 2572; x_wconf 93' lang='lat' dir='ltr'><strong>ad</strong></span> <span class='ocrx_word' id='word_1_513' title='bbox 551 2544 690 2572; x_wconf 87' lang='lat' dir='ltr'><strong>meridiem</strong></span> <span class='ocrx_word' id='word_1_514' title='bbox 701 2545 816 2573; x_wconf 88' lang='lat' dir='ltr'><strong>obversa</strong></span> <span class='ocrx_word' id='word_1_515' title='bbox 830 2546 936 2581; x_wconf 61' lang='lat' dir='ltr'><strong>sphaera</strong></span> <span class='ocrx_word' id='word_1_516' title='bbox 948 2567 955 2580; x_wconf 90' lang='lat'><strong>,</strong></span> <span class='ocrx_word' id='word_1_517' title='bbox 971 2555 1051 2583; x_wconf 85' lang='lat' dir='ltr'><strong>oppo-</strong></span> 
     </span>
    </p>
   </div>
   <div class='ocr_carea' id='block_1_78' title="bbox 1105 2544 1838 2589">
    <p class='ocr_par' dir='ltr' id='par_1_78' title="bbox 1105 2546 1838 2589">
     <span class='ocr_line' id='line_1_78' title="bbox 1105 2546 1838 2589; baseline 0.005 -13"><span class='ocrx_word' id='word_1_518' title='bbox 1105 2549 1173 2585; x_wconf 82' lang='grc' dir='ltr'>πρὸς</span> <span class='ocrx_word' id='word_1_519' title='bbox 1184 2550 1222 2585; x_wconf 77' lang='grc' dir='ltr'><strong>τῷ</strong></span> <span class='ocrx_word' id='word_1_520' title='bbox 1233 2549 1309 2585; x_wconf 78' lang='grc' dir='ltr'>νότῳ,</span> <span class='ocrx_word' id='word_1_521' title='bbox 1318 2550 1410 2583; x_wconf 83' lang='grc' dir='ltr'>ἀντίας</span> <span class='ocrx_word' id='word_1_522' title='bbox 1424 2551 1517 2587; x_wconf 85' lang='grc' dir='ltr'>ἔχοντα</span> <span class='ocrx_word' id='word_1_523' title='bbox 1528 2552 1579 2584; x_wconf 82' lang='grc' dir='ltr'>τὰς</span> <span class='ocrx_word' id='word_1_524' title='bbox 1590 2553 1728 2589; x_wconf 81' lang='grc' dir='ltr'>Ἀρκτους,</span> <span class='ocrx_word' id='word_1_525' title='bbox 1743 2548 1800 2580; x_wconf 58' lang='grc' dir='ltr'><strong>δεξιέι</strong></span> <span class='ocrx_word' id='word_1_526' title='bbox 1808 2546 1838 2573; x_wconf 56' lang='grc' dir='ltr'><strong>τάξ</strong></span> 
     </span>
    </p>
   </div>
   <div class='ocr_carea' id='block_1_79' title="bbox 282 2590 1056 2625">
    <p class='ocr_par' dir='ltr' id='par_1_79' title="bbox 282 2590 1056 2625">
     <span class='ocr_line' id='line_1_79' title="bbox 282 2590 1056 2625; baseline 0 -5"><span class='ocrx_word' id='word_1_527' title='bbox 282 2593 341 2620; x_wconf 68' lang='lat' dir='ltr'><strong>sita:</strong></span> <span class='ocrx_word' id='word_1_528' title='bbox 355 2591 504 2620; x_wconf 87' lang='lat' dir='ltr'><strong>habeantur</strong></span> <span class='ocrx_word' id='word_1_529' title='bbox 515 2590 600 2622; x_wconf 84' lang='lat' dir='ltr'><strong>Ursae,</strong></span> <span class='ocrx_word' id='word_1_530' title='bbox 612 2594 688 2619; x_wconf 88' lang='lat' dir='ltr'><strong>ortus</strong></span> <span class='ocrx_word' id='word_1_531' title='bbox 701 2591 736 2618; x_wconf 91' lang='lat' dir='ltr'><strong>ad</strong></span> <span class='ocrx_word' id='word_1_532' title='bbox 745 2591 866 2619; x_wconf 84' lang='lat' dir='ltr'><strong>dextram</strong></span> <span class='ocrx_word' id='word_1_533' title='bbox 883 2592 929 2625; x_wconf 84' lang='lat' dir='ltr'><strong>sit,</strong></span> <span class='ocrx_word' id='word_1_534' title='bbox 941 2600 1056 2621; x_wconf 87' lang='lat' dir='ltr'><strong>occasus</strong></span> 
     </span>
    </p>
   </div>
   <div class='ocr_carea' id='block_1_80' title="bbox 281 2634 1056 2675">
    <p class='ocr_par' dir='ltr' id='par_1_80' title="bbox 281 2634 1056 2675">
     <span class='ocr_line' id='line_1_80' title="bbox 281 2634 1056 2675; baseline 0.001 -11"><span class='ocrx_word' id='word_1_535' title='bbox 281 2636 316 2664; x_wconf 74' lang='lat' dir='ltr'><strong>ad</strong></span> <span class='ocrx_word' id='word_1_536' title='bbox 329 2636 476 2664; x_wconf 86' lang='lat' dir='ltr'><strong>sinistram.</strong></span> <span class='ocrx_word' id='word_1_537' title='bbox 487 2634 623 2675; x_wconf 85' lang='lat' dir='ltr'><strong>Naturalis</strong></span> <span class='ocrx_word' id='word_1_538' title='bbox 634 2642 714 2669; x_wconf 89' lang='lat' dir='ltr'><strong>porro</strong></span> <span class='ocrx_word' id='word_1_539' title='bbox 726 2635 838 2671; x_wconf 76' lang='lat' dir='ltr'><strong>Sphaerac</strong></span> <span class='ocrx_word' id='word_1_540' title='bbox 848 2637 941 2664; x_wconf 92' lang='lat' dir='ltr'><strong>mundi</strong></span> <span class='ocrx_word' id='word_1_541' title='bbox 953 2637 1056 2672; x_wconf 87' lang='lat' dir='ltr'><strong>positus</strong></span> 
     </span>
    </p>
   </div>
   <div class='ocr_carea' id='block_1_81' title="bbox 281 2680 1057 2716">
    <p class='ocr_par' dir='ltr' id='par_1_81' title="bbox 281 2680 1057 2716">
     <span class='ocr_line' id='line_1_81' title="bbox 281 2680 1057 2716; baseline 0.001 -7"><span class='ocrx_word' id='word_1_542' title='bbox 281 2685 323 2710; x_wconf 84' lang='lat' dir='ltr'><strong>est</strong></span> <span class='ocrx_word' id='word_1_543' title='bbox 337 2681 484 2716; x_wconf 85' lang='lat' dir='ltr'><strong>ejusmodi,</strong></span> <span class='ocrx_word' id='word_1_544' title='bbox 504 2684 534 2707; x_wconf 85' lang='lat' dir='ltr'><strong>ut</strong></span> <span class='ocrx_word' id='word_1_545' title='bbox 556 2680 584 2707; x_wconf 91' lang='lat' dir='ltr'><strong>in</strong></span> <span class='ocrx_word' id='word_1_546' title='bbox 608 2680 714 2715; x_wconf 85' lang='lat' dir='ltr'><strong>tropico</strong></span> <span class='ocrx_word' id='word_1_547' title='bbox 727 2681 822 2708; x_wconf 60' lang='lat' dir='ltr'><strong>aestivo</strong></span> <span class='ocrx_word' id='word_1_548' title='bbox 846 2682 1057 2710; x_wconf 87' lang='lat' dir='ltr'><strong>culminetCan-</strong></span> 
     </span>
    </p>
   </div>
   <div class='ocr_carea' id='block_1_82' title="bbox 281 2725 1053 2763">
    <p class='ocr_par' dir='ltr' id='par_1_82' title="bbox 281 2725 1053 2763">
     <span class='ocr_line' id='line_1_82' title="bbox 281 2725 1053 2763; baseline 0.004 -10"><span class='ocrx_word' id='word_1_549' title='bbox 281 2733 343 2761; x_wconf 88' lang='lat' dir='ltr'><strong>cer;</strong></span> <span class='ocrx_word' id='word_1_550' title='bbox 361 2727 449 2754; x_wconf 69' lang='lat' dir='ltr'><strong>Chelae</strong></span> <span class='ocrx_word' id='word_1_551' title='bbox 465 2727 493 2753; x_wconf 92' lang='lat' dir='ltr'><strong>in</strong></span> <span class='ocrx_word' id='word_1_552' title='bbox 516 2725 697 2761; x_wconf 74' lang='lat' dir='ltr'><strong>aequinoctiali</strong></span> <span class='ocrx_word' id='word_1_553' title='bbox 722 2727 902 2762; x_wconf 86' lang='lat' dir='ltr'><strong>horoscopum</strong></span> <span class='ocrx_word' id='word_1_554' title='bbox 925 2730 1053 2763; x_wconf 79' lang='lat' dir='ltr'><strong>teneant;</strong></span> 
     </span>
    </p>
   </div>
   <div class='ocr_carea' id='block_1_83' title="bbox 1106 2588 1839 2631">
    <p class='ocr_par' dir='ltr' id='par_1_83' title="bbox 1106 2588 1839 2631">
     <span class='ocr_line' id='line_1_83' title="bbox 1106 2588 1839 2631; baseline 0.008 -11"><span class='ocrx_word' id='word_1_555' title='bbox 1106 2594 1246 2626; x_wconf 84' lang='grc' dir='ltr'>ἀνατολὰς,</span> <span class='ocrx_word' id='word_1_556' title='bbox 1261 2595 1414 2631; x_wconf 85' lang='grc' dir='ltr'>εὐωνύμους</span> <span class='ocrx_word' id='word_1_557' title='bbox 1435 2596 1463 2622; x_wconf 85' lang='grc' dir='ltr'>δὲ</span> <span class='ocrx_word' id='word_1_558' title='bbox 1482 2597 1531 2629; x_wconf 70' lang='grc' dir='ltr'>τὰς</span> <span class='ocrx_word' id='word_1_559' title='bbox 1554 2588 1658 2631; x_wconf 80' lang='grc' dir='ltr'>δύσεις.</span> <span class='ocrx_word' id='word_1_560' title='bbox 1687 2597 1715 2624; x_wconf 86' lang='grc' dir='ltr'><strong>Ἦ</strong></span> <span class='ocrx_word' id='word_1_561' title='bbox 1730 2596 1754 2622; x_wconf 76' lang='grc' dir='ltr'>δὲ</span> <span class='ocrx_word' id='word_1_562' title='bbox 1771 2588 1839 2627; x_wconf 53' lang='grc' dir='ltr'><strong>Ψδπῖὴ</strong></span> 
     </span>
    </p>
   </div>
   <div class='ocr_carea' id='block_1_84' title="bbox 1107 2638 1837 2678">
    <p class='ocr_par' dir='ltr' id='par_1_84' title="bbox 1107 2638 1837 2678">
     <span class='ocr_line' id='line_1_84' title="bbox 1107 2638 1837 2678; baseline -0.01 -2"><span class='ocrx_word' id='word_1_563' title='bbox 1107 2639 1178 2671; x_wconf 72' lang='grc' dir='ltr'><strong>θέσις</strong></span> <span class='ocrx_word' id='word_1_564' title='bbox 1196 2639 1244 2675; x_wconf 73' lang='grc' dir='ltr'><strong>τῆς</strong></span> <span class='ocrx_word' id='word_1_565' title='bbox 1262 2640 1376 2676; x_wconf 78' lang='grc' dir='ltr'>σφαίρας</span> <span class='ocrx_word' id='word_1_566' title='bbox 1402 2641 1448 2669; x_wconf 71' lang='grc' dir='ltr'><strong>τοῦ</strong></span> <span class='ocrx_word' id='word_1_567' title='bbox 1469 2643 1574 2678; x_wconf 79' lang='grc' dir='ltr'>κόσμου</span> <span class='ocrx_word' id='word_1_568' title='bbox 1592 2645 1652 2671; x_wconf 70' lang='grc' dir='ltr'><strong>ἐστὶ</strong></span> <span class='ocrx_word' id='word_1_569' title='bbox 1672 2642 1775 2675; x_wconf 73' lang='grc' dir='ltr'>τοιαύτη,</span> <span class='ocrx_word' id='word_1_570' title='bbox 1792 2638 1837 2663; x_wconf 61' lang='grc' dir='ltr'><strong>ὥστε</strong></span> 
     </span>
    </p>
   </div>
   <div class='ocr_carea' id='block_1_85' title="bbox 1105 2684 1839 2724">
    <p class='ocr_par' dir='ltr' id='par_1_85' title="bbox 1105 2684 1839 2724">
     <span class='ocr_line' id='line_1_85' title="bbox 1105 2684 1839 2724; baseline 0.005 -13"><span class='ocrx_word' id='word_1_571' title='bbox 1105 2684 1175 2719; x_wconf 75' lang='grc' dir='ltr'>ἔχειν</span> <span class='ocrx_word' id='word_1_572' title='bbox 1198 2686 1411 2721; x_wconf 80' lang='grc' dir='ltr'>μεσουρανοῦντα</span> <span class='ocrx_word' id='word_1_573' title='bbox 1425 2688 1561 2724; x_wconf 82' lang='grc' dir='ltr'>Καρκίνον</span> <span class='ocrx_word' id='word_1_574' title='bbox 1575 2691 1623 2716; x_wconf 73' lang='grc' dir='ltr'><strong>ἐπὶ</strong></span> <span class='ocrx_word' id='word_1_575' title='bbox 1637 2690 1682 2716; x_wconf 79' lang='grc' dir='ltr'><strong>τοῦ</strong></span> <span class='ocrx_word' id='word_1_576' title='bbox 1699 2685 1785 2724; x_wconf 79' lang='grc' dir='ltr'>θερινοῦ</span> <span class='ocrx_word' id='word_1_577' title='bbox 1799 2689 1839 2715; x_wconf 61' lang='grc' dir='ltr'><strong>τρί’·</strong></span> 
     </span>
    </p>
   </div>
   <div class='ocr_carea' id='block_1_86' title="bbox 1106 2729 1837 2772">
    <p class='ocr_par' dir='ltr' id='par_1_86' title="bbox 1106 2729 1837 2772">
     <span class='ocr_line' id='line_1_86' title="bbox 1106 2729 1837 2772; baseline 0.011 -15"><span class='ocrx_word' id='word_1_578' title='bbox 1106 2730 1197 2764; x_wconf 84' lang='grc' dir='ltr'><strong>πικοῦ,</strong></span> <span class='ocrx_word' id='word_1_579' title='bbox 1211 2731 1370 2766; x_wconf 82' lang='grc' dir='ltr'>ἀνατολικὰς</span> <span class='ocrx_word' id='word_1_580' title='bbox 1385 2733 1476 2770; x_wconf 86' lang='grc' dir='ltr'>Χηλὰς</span> <span class='ocrx_word' id='word_1_581' title='bbox 1497 2735 1544 2762; x_wconf 72' lang='grc' dir='ltr'><strong>ἐπὶ</strong></span> <span class='ocrx_word' id='word_1_582' title='bbox 1563 2736 1613 2763; x_wconf 80' lang='grc' dir='ltr'><strong>τοῦ</strong></span> <span class='ocrx_word' id='word_1_583' title='bbox 1632 2729 1837 2772; x_wconf 66' lang='grc' dir='ltr'>ίσημερινσῧ›δυπ“</span> 
     </span>
    </p>
   </div>
   <div class='ocr_carea' id='block_1_87' title="bbox 316 2803 1129 2840">
    <p class='ocr_par' dir='ltr' id='par_1_87' title="bbox 316 2803 1129 2840">
     <span class='ocr_line' id='line_1_87' title="bbox 316 2803 1129 2840; baseline 0.006 -10"><span class='ocrx_word' id='word_1_584' title='bbox 316 2803 371 2838; x_wconf 72' lang='lat'><strong>(74)</strong></span> <span class='ocrx_word' id='word_1_585' title='bbox 388 2803 639 2840; x_wconf 74' lang='lat' dir='ltr'><strong>Pseudepigraphus</strong></span> <span class='ocrx_word' id='word_1_586' title='bbox 657 2804 701 2832; x_wconf 84' lang='lat' dir='ltr'><strong>hic</strong></span> <span class='ocrx_word' id='word_1_587' title='bbox 718 2804 843 2838; x_wconf 85' lang='lat' dir='ltr'><strong>libellus;</strong></span> <span class='ocrx_word' id='word_1_588' title='bbox 857 2812 919 2833; x_wconf 79' lang='lat' dir='ltr'><strong>nam</strong></span> <span class='ocrx_word' id='word_1_589' title='bbox 935 2805 1060 2835; x_wconf 87' lang='lat' dir='ltr'><strong>neutrius</strong></span> <span class='ocrx_word' id='word_1_590' title='bbox 1079 2811 1129 2836; x_wconf 85' lang='lat' dir='ltr'><strong>est.</strong></span> 
     </span>
    </p>
   </div>
  </div>
