1907 3144
134 152 202 177 1157

641 151 776 180 INCERTI
794 152 839 179 AD
858 151 961 179 ARATI
980 151 1214 181 PIUENOMENA.‘

1670 153 1738 182 “38

132 207 180 235 κὸν
202 207 295 244 Κριὸν,
318 208 467 243 Δράκοντος
489 209 608 246 κεφαλὴν
630 210 698 245 πρὸς
722 211 760 246 τῷ
782 211 908 246 ὁρίζοντι.

964 212 1039 240 Aries
1064 214 1092 240 in
1118 211 1258 240 occidente
1280 214 1421 245 versetur;
1445 209 1575 239 Draconis
1597 217 1678 247 caput
1700 213 1739 241 in-

131 254 291 290 Περιὲχεται
316 254 343 281 δὲ
365 255 416 282 ὑπὸ
440 256 486 281 τοῦ
498 255 642 291 ὁρίζοντος.
667 257 698 283 Ἤ
721 257 749 284 δὲ
771 258 841 285 κατὰ
861 259 911 294 τὴν

132 301 179 336 est,
183 310 215 335 γη
220 310 261 327 σιν
273 300 345 332 Θέσις
352 301 405 328 τῶν
413 301 525 337 Ἀράτου
531 303 717 338 Φαινομένων
723 305 780 331 ἐστὶ
789 305 910 341 τοιαύτη,

132 347 197 374 ὥστ’
217 347 287 382 ἔχειν
305 347 519 384 μεσουρανῶντα
535 349 689 385 Αίγόκερων
703 351 748 377 ἐπὶ
762 350 808 377 τοῦ
819 360 911 387 χειμε-

133 393 207 429 ρινοῦ
230 393 370 429 τροπικοῦ,
391 394 546 421 ἀνατολικὸν
561 395 645 430 Κριὸν
658 396 704 422 ἐπὶ
725 396 771 423 τοῦ
788 397 911 433 ἰσημερι-

131 439 188 471 νοῦ,
203 438 312 471 δυτικὰς
326 439 428 474 Χηλὰς,
453 440 602 475 Δράκοντος
622 441 741 478 κεφαλὴν
765 441 820 470 ἄνω
843 442 911 478 πρὸς

132 485 169 520 τῷ
185 485 311 520 ὁρίζοντι,
327 485 394 511 ὅπου

130 542 296 577 Μίσγονται
314 540 417 574 δύσιές
443 550 475 568 τε
489 542 537 568 καὶ
553 542 676 570 ἀντολαὶ
686 543 870 579 ἀλλήλῃσιν.

132 598 210 633 Ἔχει
234 598 262 625 δὲ
286 597 333 624 καὶ
360 597 456 629 πόλους
474 598 536 624 δύο·
562 599 691 636 ἀρκτικὸν
704 600 764 626 ὅλον
792 600 910 628 τοιοῦτον

133 643 278 679 μετέωρον,
302 643 348 670 τὸν
371 643 418 670 καὶ
436 643 539 678 βόρειον
561 644 714 680 λεγόμενον·
732 645 910 682 ἀνταρκτικὸν

130 689 159 716 δὲ
173 690 202 716 ὲν
218 688 258 724 τῷ
270 689 377 723 ἀφανεῖ,
388 688 434 715 τὸν
448 689 494 716 καὶ
509 689 594 716 νότιον
607 690 761 725 λεγόμενον.
786 692 862 726 Ἔχει
882 692 910 718 δὲ

131 735 246 766 κύκλους
271 735 406 770 μεγάλους
427 735 562 770 τέσσαρας
589 736 672 770 χωρὶς
695 736 742 763 τοῦ
764 737 909 773 ὁρίζοντος,

130 782 193 808 ἐπεὶ
207 781 365 817 προείρηται
382 781 430 816 μὲν
443 780 511 815 ἔχων
533 782 725 818 μεσημϐρινὸν,
743 783 908 819 ἰσημερινὸν,

131 827 273 860 ζωδιακὸν,
293 826 439 862 γαλαξίανο
465 826 620 862 ἐλαχίστους
643 827 672 854 δὲ
688 827 837 864 τέσσαρας·
859 829 909 864 ἁρ-

130 873 232 905 κτικὸν,
256 873 313 900 ὅλον
338 873 483 908 μετέωρον,
501 873 543 907 ἐφ’
558 869 582 907 ᾧ
601 874 809 910 κατεστήρικται
828 875 910 907 ζώδια
924 876 946 903 Β

129 920 266 954 τέσσαρα,
289 919 400 954 Ἀρκτοι
427 918 484 951 δύο,
507 919 619 954 Κηφεὺς
637 919 691 945 ἀπὸ
711 919 766 947 τῶν
793 919 908 955 στηθῶν,

129 966 258 1002 Δράκων·
285 964 389 999 θερινὸν
412 964 549 1000 τροπικὸν,
571 964 661 991 πλεῖον
684 964 779 1000 ἔχοντα
791 966 821 992 τὸ
840 966 910 1002 ὑπὲρ

129 1012 192 1046 γῆν,
206 1009 288 1047 ἧσσον
304 1010 332 1036 δὲ
350 1010 380 1036 τὺ
404 1010 455 1036 ὑπὸ
470 1010 531 1045 γῆν,
545 1010 587 1044 ἐφ’
599 1008 621 1044 ᾦ
634 1012 843 1047 κατεστήρικται
858 1012 910 1044 ζώ-

128 1058 172 1084 δια
184 1060 220 1092 η’,
237 1055 355 1090 Βοώτης,
369 1056 512 1090 Στέφανος,
532 1056 575 1082 Ἐν
585 1055 721 1090 γούνασιν,
737 1056 824 1092 Λύρα,
836 1057 910 1083 Κασ-

130 1103 248 1134 σιέπεια,
267 1102 503 1137 Ἦνίοχος,”ορνις,
516 1101 644 1138 Περσεύς.
667 1101 697 1129 '0
716 1101 744 1128 δὲ
757 1102 908 1137 χειμερινὸς

127 1148 258 1184 τροπικὸς
271 1148 360 1174 πλεῖον
373 1147 427 1183 ἔχει
445 1147 474 1174 τὸ
494 1147 546 1174 ὑπὸ
557 1148 618 1183 γῆν,
631 1145 714 1183 ἦσσον
736 1147 765 1174 δὲ
783 1147 813 1174 τὸ
839 1148 909 1183 ὑπὲρ

127 1195 198 1229 γῆν·
223 1193 266 1228 ἐφ’
293 1189 315 1227 ᾧ
336 1193 546 1229 κατηστέρισται
574 1193 657 1225 ζώδια
685 1196 727 1226 ς’”
758 1193 907 1229 Ἠριδανὸς,

134 1239 235 1277 Ἀργὼ,
250 1240 415 1275 Κένταυρος,
430 1240 472 1274 ἐφ’
485 1237 507 1274 ᾧ
529 1240 636 1276 Θηρίον,
657 1239 796 1275 Θυτήριον,
825 1239 909 1274 ’ἰχθὺς

128 1285 218 1321 μέγας
231 1285 317 1318 νότιος
335 1285 448 1321 ἀφανής.

170 1386 199 1413 Ὀ
213 1385 242 1412 δὲ
259 1386 413 1421 ίσημερινὸς
435 1385 532 1417 κύκλος
555 1384 611 1413 ἴσον
630 1385 686 1421 ἔχει
710 1385 740 1412 τὸ
764 1385 833 1423 ὑπὲρ
857 1386 910 1421 γῆν

125 1432 178 1460 καὶ
198 1432 229 1458 τὸ
250 1432 301 1458 ὑπὸ
322 1432 384 1467 γῆν,
401 1432 443 1466 ἐφ’
469 1428 491 1465 ᾧ
513 1431 720 1468 κατηστέρισται
754 1430 836 1464 ζώδια
858 1432 907 1467 ιβ’·

126 1479 237 1511 Ἵππος,
258 1478 405 1513 Ὀφιοῦχος,
423 1479 464 1513 ἐφ’
478 1473 500 1512 ᾧ
513 1478 603 1512 Ὀφις,
622 1478 728 1513 ”Υδρος,
746 1477 788 1512 ἐφ’
843 1486 909 1504 κατ-

125 1523 286 1560 ηστέρισται
298 1523 420 1559 Κρατὴρ,
431 1523 530 1559 Κόραξ,
538 1523 678 1559 Προκύων,
695 1523 794 1555 Ἀετὸς,
802 1522 908 1557 Δελφὶς,

132 1571 242 1606 Ὠρίων,
273 1570 390 1603 Ὀῖστὸς,
414 1569 563 1601 Δελτωτὺν,
595 1568 767 1604 Ἀνδρομέδα,
786 1568 908 1603 Λαγωὸς,

124 1617 231 1652 Κῆτος,
256 1615 347 1648 Κύων,
368 1613 513 1642 ὥστἐῐναι
533 1615 568 1642 τά
592 1615 679 1642 πάντα
703 1613 785 1646 ζώδια
811 1614 911 1640 εἰκοσι-

123 1662 194 1694 τρία
218 1661 257 1678 ⁹⁷·
274 1661 358 1697 χωρὶς
379 1660 434 1687 τῶν
463 1661 604 1696 ἐπισήμων
622 1661 651 1687 ὲν
675 1660 764 1692 αὐτοῖς
789 1660 911 1696 ἀστέρων

125 1707 384 1742 κατηστερισμένων
401 1710 436 1741 η’,
451 1703 506 1732 οἷον
522 1706 568 1732 ἐπὶ
583 1705 630 1732 τοῦ
657 1705 760 1733 Βοώτου
785 1705 911 1741 Ἀρκτοῦ-

126 1760 187 1788 ρος,
205 1752 251 1778 ἐπὶ
262 1751 307 1778 τοῦ
335 1751 456 1786 Ἣνιόχου
477 1749 526 1783 Αἴξ
548 1759 578 1777 τε
600 1750 647 1777 καὶ
660 1751 778 1786 Ἕριφοι,
801 1750 848 1776 ἐπὶ
863 1749 910 1777 τοῦ

125 1798 237 1834 Ταύρου
251 1797 388 1829 Πλειάδες,
404 1797 512 1828 ’Υάδες’
525 1797 571 1824 ἐπὶ
586 1797 636 1832 τῆς
649 1796 786 1832 Παρθένου
795 1795 908 1831 Στάχυς,

125 1844 345 1881 Προτρυγητήρ·
367 1844 422 1879 srri-
430 1843 476 1870 τοῦ
501 1843 588 1874 Κυνὸς
608 1842 722 1878 Σείριος,
753 1843 799 1869 καὶ
814 1842 840 1869 ετ
851 1851 910 1869 τινα

123 1889 235 1922 τούτοις
251 1890 340 1924 ὃμοια.

171 1935 202 1962 '0
215 1935 242 1962 δὲ
256 1935 384 1968 ζωδιακὸς
400 1934 499 1967 κύκλος
520 1934 576 1971 ἔχει
599 1935 680 1967 ζώδια
700 1935 748 1970 ιβ’·
762 1935 910 1971 Καρκίνον,

125 1982 242 2013 Λέοντα,
255 1981 401 2017 Παρθένον,
423 1981 525 2017 Χηλὰς,
546 1982 560 2007 ὅ
577 1982 632 2008 ἐστι
654 1981 748 2015 Ζυγὸς.
767 1981 909 2017 Σκορπίον,

125 2025 265 2062 Τοξότην,
291 2026 462 2062 Αἱγόκερων,
492 2026 648 2062 ’Υδροχόον,
673 2026 792 2061 Ἰχθύας,
816 2027 910 2063 Κριὸν,

124 2072 253 2108 ταῦρον,
277 2072 427 2107 Διδύμους·
461 2071 530 2098 ὥστε
561 2070 630 2098 εἶναι
655 2071 690 2099 τὰ
715 2072 803 2099 πάντα
829 2072 910 2105 ceam

110 2122 116 2127 ‘
123 2122 174 2154 κγ’
188 2118 221 2145 ’⁸.

165 2165 227 2191 Εἰσὶ
238 2165 266 2191 δὲ
286 2164 333 2190 καὶ
349 2163 481 2199 πλάνητες
497 2163 611 2200 ἀστέρες
626 2163 710 2199 χωρὶς
725 2163 799 2199 ἡλίου
814 2172 844 2191 τε
864 2164 911 2191 καὶ

961 259 1071 285 cumbat
1085 257 1231 285 horizonti.
1252 256 1309 284 Hoc
1335 256 1406 283 enim
1421 256 1455 283 ab
1469 257 1608 284 horizonte
1622 257 1739 285 circum-

961 304 1099 331 scribitur.
1126 303 1225 330 Verum
1247 302 1291 329 hic
1310 302 1337 329 in
1352 303 1517 337 exponendis
1531 303 1607 331 Arati
1623 303 1738 332 Phame-

961 349 1043 376 menis
1059 348 1171 383 sphzerae
1191 349 1299 383 positus
1322 348 1500 381 observatur,
1522 352 1553 376 ut
1570 349 1598 377 in
1624 350 1738 378 hiberno

960 395 1066 430 tropico
1088 394 1218 421 culmine!
1236 394 1432 429 Capricornus;
1458 394 1485 421 in
1503 395 1682 430 aequinoctiali
1704 397 1738 425 ad

960 443 1049 467 ortum
1064 440 1100 468 sit
1116 440 1210 472 Aries;
1226 440 1259 467 ad
1278 447 1407 467 occasum
1421 440 1528 475 Chelas;
1550 441 1680 470 Draconis
1694 450 1738 469 ca-

959 490 1008 522 put
1024 494 1106 522 supra
1119 485 1287 514 horizontem
1301 486 1444 521 respiciat;
1463 486 1509 514 ubi

1015 542 1161 570 Miscentur
1171 550 1289 575 occasus,
1301 547 1325 570 et
1338 547 1410 570 ortus
1420 543 1539 572 invicem.

961 610 1047 639 [labet
1068 615 1096 639 et
1113 611 1190 646 polos
1213 614 1282 640 duos
1301 623 1306 641 :
1329 613 1475 645 arcticum.
1495 613 1542 648 qui
1563 617 1636 642 totus
1651 615 1738 643 subli-

960 657 1012 685 mis
1023 660 1074 689 est,
1087 665 1118 684 ac
1133 658 1233 686 boreus
1243 658 1326 686 etiam
1348 660 1516 695 appellatur;
1538 661 1714 689 antarcticum
1728 682 1737 694 ,

959 701 1006 736 qui
1028 709 1165 737 nunquam
1184 706 1330 737 apparente
1345 704 1447 731 circulo
1463 705 1631 738 continetur,
1648 710 1675 733 et
1690 714 1739 734 au-

960 747 1051 775 stralis
1066 747 1175 775 dicitur.
1187 747 1274 776 Habet
1286 757 1350 777 vero
1361 750 1480 778 circulos
1493 752 1610 786 majores
1622 756 1739 787 quatuor

960 797 1058 828 prmter
1073 793 1242 822 horizontem
1262 804 1268 822 :
1285 802 1354 830 quos
1366 796 1422 831 jam
1437 796 1556 824 diximus
1577 805 1638 826 esse
1658 800 1739 826 meri-

960 839 1087 872 dianum,
1109 840 1340 876 mquinoetialem,
1365 843 1522 877 zodiacum,
1542 844 1670 872 lacteum.
1690 845 1739 872 Mi-

960 891 1040 912 nores
1059 884 1122 913 item
1134 891 1250 921 quatuor
1265 896 1271 913 :
1290 889 1431 921 creticum,
1446 891 1492 925 qui
1515 894 1591 918 totus
1607 895 1718 926 apparet
1729 912 1736 924 ,

959 932 988 958 in
1005 938 1091 966 eoque
1102 935 1218 966 quatuor
1229 933 1324 961 insunt
1340 936 1486 968 asterismi,
1507 936 1584 964 Ursa:
1600 937 1669 970 dum,
1687 937 1738 966 Cc-

959 977 1046 1012 pheus
1063 981 1172 1012 pectore
1185 981 1275 1012 tenus,
1287 983 1314 1006 et
1326 979 1432 1014 Draco;
1445 981 1567 1009 aestivum
1584 983 1715 1018 tropicum
1729 1004 1736 1016 ,

959 1022 1038 1058 cujus
1050 1030 1113 1058 pars
1126 1031 1209 1058 supra
1228 1029 1326 1052 terram
1341 1026 1428 1061 major
1441 1027 1565 1062 exsistit,
1581 1028 1671 1055 minor
1686 1030 1743 1058 subl

959 1072 1041 1096 terra.
1066 1069 1152 1104 Atque
1173 1070 1196 1097 is
1213 1070 1290 1106 signa
1303 1075 1364 1099 octo
1389 1073 1594 1108 complectitur,
1615 1074 1735 1108 Booten,

959 1115 1104 1148 Coronam,
1122 1115 1323 1150 lngenieulum,
1349 1117 1498 1146 Fidiculam
1511 1139 1519 1152 ,
1544 1119 1715 1156 Cassiepeam
1727 1143 1735 1154 ,

958 1161 1104 1196 Aurigam,
1123 1162 1263 1197 Cygnum,
1292 1163 1432 1192 Perseum.
1457 1165 1592 1194 Hibernus
1616 1167 1737 1202 tropicus

958 1206 1057 1240 majori
1074 1214 1108 1234 ex
1121 1211 1199 1242 parte
1218 1208 1269 1235 sub
1290 1211 1390 1235 terram
1411 1209 1587 1244 deprimitur;
1605 1212 1736 1240 minorem

959 1259 1041 1286 supra
1064 1256 1164 1279 terram
1192 1253 1300 1280 attollit.
1324 1252 1353 1280 In
1380 1261 1413 1281 eo
1431 1260 1494 1282 sunt
1518 1257 1737 1284 constellationes

960 1305 1007 1325 sex
1019 1308 1025 1325 :
1038 1297 1183 1331 Eridanus,
1197 1298 1279 1334 Argo,
1292 1298 1456 1332 Centaurus,
1470 1300 1496 1327 in
1509 1309 1563 1336 quo
1573 1301 1652 1335 Fera,
1672 1303 1735 1335 Ara,

959 1343 1046 1372 Piscis
1061 1351 1175 1379 magnus
1191 1345 1320 1372 australis
1338 1352 1391 1372 non
1412 1353 1554 1381 apparens.

992 1387 1204 1424 Equinoctialis
1219 1389 1339 1417 circulus
1354 1397 1387 1417 ex
1406 1398 1483 1426 aequo
1502 1399 1584 1426 supra
1612 1393 1737 1428 infraque

959 1437 1061 1461 terram
1087 1434 1155 1461 situs
1177 1438 1240 1468 est;
1268 1436 1297 1463 in
1318 1443 1351 1464 eo
1379 1436 1455 1472 signa
1484 1441 1547 1464 sunt
1576 1439 1734 1468 duodecim:

960 1477 1063 1514 Equus,
1078 1479 1246 1514 Ophiuchus,
1264 1481 1291 1508 in
1318 1489 1372 1516 quo
1392 1481 1509 1517 Serpens
1530 1487 1591 1511 est:
1614 1483 1735 1520 Hydrus,

960 1523 987 1551 in
1009 1532 1063 1559 quo
1089 1526 1242 1553 continetur
1266 1530 1293 1554 et
1317 1527 1412 1555 Crater
1428 1537 1434 1555 :
1450 1528 1571 1562 Corvus,
1597 1529 1735 1566 Procyon,

960 1569 1066 1605 Aquila,
1078 1570 1201 1606 Delphin,
1219 1571 1312 1605 Orion,
1330 1571 1433 1608 Sagitta
1444 1593 1452 1605 ,
1476 1573 1616 1607 Deltoton,
1633 1574 1738 1603 Andro-

960 1616 1052 1649 meda,
1077 1616 1177 1651 Lepus,
1200 1617 1299 1651 Cetus,
1316 1618 1407 1647 Canis.
1433 1620 1471 1646 ita
1487 1620 1651 1655 colliguntur
1675 1621 1737 1648 uni-

959 1669 1038 1690 verse
1063 1663 1138 1698 signa
1153 1664 1205 1691 tria
1222 1668 1249 1692 et
1264 1664 1376 1700 viginti;
1394 1669 1492 1700 praeter
1514 1665 1633 1701 insignes
1645 1667 1737 1695 stellas

959 1711 1031 1739 octo.
1041 1714 1102 1742 qua:
1115 1708 1142 1735 in
1157 1708 1211 1735 illis
1225 1709 1362 1736 collocata:
1370 1713 1442 1743 sunt,
1451 1710 1524 1737 velut
1537 1711 1563 1737 in
1581 1710 1671 1743 Boote,
1684 1712 1736 1738 Ar-

960 1757 1065 1785 cturus,
1082 1752 1109 1780 in
1126 1753 1226 1788 Auriga
1239 1753 1347 1789 Capella
1363 1759 1390 1782 et
1402 1755 1491 1789 Haedi;
1509 1756 1537 1782 in
1548 1755 1638 1783 Tauro
1652 1756 1737 1785 Pleia-

960 1796 1009 1823 des
1027 1801 1053 1824 et
1066 1796 1192 1833 Hyades;
1210 1798 1237 1824 in
1252 1797 1363 1834 Virgine
1377 1798 1467 1834 Spiea,
1489 1799 1692 1832 Vindemiator;
1708 1803 1737 1829 in

960 1839 1034 1868 Cane
1047 1840 1151 1874 Sirius,
1167 1845 1195 1870 et
1207 1843 1230 1870 si
1241 1851 1301 1878 quae
1313 1847 1377 1872 sunt
1395 1845 1529 1880 ejusmodi
1545 1846 1613 1873 aliae.

997 1930 1129 1959 Zodiaeus
1141 1931 1226 1967 signis
1235 1931 1377 1960 duodecim
1387 1933 1571 1969 distinguitur,
1582 1941 1642 1969 qua!
1654 1940 1718 1962 sunt
1729 1944 1736 1951 ·

961 1977 1075 2011 Cancer,
1088 1977 1153 2010 Leo,
1166 1977 1259 2013 Virgo,
1271 1977 1360 2006 Chelas
1371 1999 1378 2011 ,
1400 1979 1456 2006 sive
1470 1979 1550 2009 Libra
1562 1989 1569 2013 ;
1587 1979 1715 2016 Scorpius
1728 2002 1736 2015 ,

962 2022 1134 2058 Sagittarius,
1151 2023 1345 2058 Capricornus,
1361 2024 1507 2059 Aquarius,
1520 2024 1624 2057 Pisces,
1641 2025 1736 2058 Aries,

961 2069 1082 2101 Taurus,
1104 2068 1220 2097 Gemini.
1247 2069 1417 2105 Coliiguntur
1442 2069 1519 2105 signa
1535 2071 1562 2098 in
1577 2074 1662 2098 totum
1686 2071 1738 2098 tria

959 2119 987 2142 et
998 2115 1101 2151 viginti.
1489 2115 1492 2118 ’

995 2160 1112 2189 Planetae
1126 2165 1255 2196 praeterea
1275 2160 1360 2188 stellae
1384 2165 1448 2189 sunt
1468 2165 1566 2197 praeter
1595 2161 1686 2189 lunam
1707 2170 1739 2190 ac

125 2210 246 2246 σελήνης
263 2212 301 2236 ε”
315 2209 428 2245 Κρόνος,
449 2209 526 2242 Ζεὺς,
549 2209 646 2245 Ἄρης,
670 2209 821 2246 Ἀφροδίτη,
850 2210 908 2246 Ἑρ-

964 2207 1046 2235 solem
1057 2227 1065 2240 ,
1083 2207 1202 2242 quinque
1218 2216 1224 2234 :
1239 2205 1374 2235 Saturnus
1386 2225 1394 2239 ,
1407 2205 1521 2242 Iupiter,
1535 2206 1619 2240 Mars,
1631 2205 1737 2240 Venus,

149 2263 196 2290 ης-

125 2265 221 2336 Fuﬁ)»;
233 2300 262 2328 δὲ
276 2300 329 2328 τῶν
347 2300 514 2335 φαινομένων
524 2300 653 2336 ἐξήγησιν
666 2299 811 2335 πεποίηται
828 2301 912 2336 Ἄρα-

120 2355 186 2378 τος,
213 2346 364 2382 ἀρξάμενος
389 2346 443 2372 ἀπὸ
467 2345 521 2372 τῶν
542 2345 663 2381 ἄρκτων,
690 2345 738 2372 καὶ
759 2345 912 2381 περιλαϐὼν

119 2394 219 2420 πάντα
242 2393 276 2419 τὰ
299 2392 391 2428 βόρεια
414 2391 544 2419 κυκλόθεν
576 2392 656 2428 μέχρι
685 2392 731 2418 τοῦ
760 2390 910 2423 ζωδιακοῦ*

121 2437 191 2466 εἶτα
215 2438 342 2473 μεταϐὰς,
360 2439 407 2465 καὶ
430 2437 580 2472 ἀρξάμενος
606 2437 660 2464 ἀπὸ
689 2436 736 2463 τοῦ
769 2437 909 2473 Ὠρίωνος·

121 2484 193 2512 ἐπεὶ
208 2484 332 2520 λαμπρός
356 2485 425 2511 ἐστι.
442 2484 483 2510 Τὰ
507 2484 529 2510 δ’
545 2483 600 2510 ἀπὸ
621 2483 668 2509 τοῦ
685 2483 817 2515 ζωδιακοῦ
839 2483 913 2510 νότια

120 2531 221 2558 πάντα
235 2530 354 2557 καλεῖται
372 2530 451 2566 μέχρι
465 2529 512 2556 τοῦ
536 2529 727 2565 άνταρκτικοῦ.
749 2527 806 2555 Εἶθ’
827 2528 912 2561 οὕτως

122 2577 251 2614 μέτεισιν
269 2577 315 2603 ἐπὶ
330 2576 364 2603 τὰ
381 2577 453 2612 ἑξῆς.

165 2623 274 2649 Τούτων
297 2622 384 2654 οὕτως
408 2623 531 2657 ἐχόντων,
558 2622 649 2649 λοιπὸν
674 2621 837 2657 μεταϐατέον
867 2623 912 2648 ἐπὶ

119 2669 194 2700 τοὺς
209 2669 354 2704 τὲμνρντας
375 2668 490 2700 κύκλους
508 2669 554 2695 καὶ
569 2668 602 2695 τὰ
627 2668 780 2703 τεμνόμενα
801 2668 847 2694 ὑπ’
865 2668 913 2694 αύ-

118 2714 186 2741 τὼν
200 2714 291 2746 ζώδια.
321 2715 436 2750 Ὁμοίως
460 2715 488 2741 δὲ
503 2715 548 2740 ἐπί
565 2723 595 2741 τε
612 2714 660 2745 τὰς
674 2714 852 2745 συνανατολὰς
867 2715 914 2741 καὶ

116 2761 180 2792 τὰς
203 2761 414 2794 συγκαταδύσεις
429 2761 527 2793 αὐτῶν,
544 2761 617 2792 ὅπως
638 2760 718 2796 μηδὲν
741 2760 914 2796 ὑπολίπωμεν

178 2857 200 2874 ³⁷
219 2857 274 2885 Ima
297 2858 451 2894 τριάκοντα.
499 2859 521 2874 ⁵³⁸
539 2860 596 2885 Ima
615 2855 664 2893 μβ’.

962 2253 1121 2281 Mercurius.

1001 2299 1196 2335 Apparentium
1219 2299 1415 2334 expositionem
1446 2307 1479 2327 eo
1496 2300 1604 2334 ,ordine
1628 2299 1748 2328 tradidit-

963 2345 1073 2376 Aratus,
1089 2349 1120 2372 ut
1135 2352 1151 2371 a
1166 2344 1396 2380 septentrionibus
1410 2351 1535 2377 exorsus,
1551 2345 1670 2373 borealia
1686 2345 1740 2372 cir-

962 2399 1025 2419 cum
1041 2391 1132 2419 omnia
1148 2391 1398 2426 comprehenderet,
1420 2399 1506 2426 usque
1522 2391 1556 2418 ad
1580 2391 1737 2418 zodiacum:

964 2438 1027 2466 hinc
1042 2438 1076 2465 ab
1091 2437 1190 2465 Orione
1203 2445 1299 2465 rursus
1319 2437 1491 2473 auspicatus,
1515 2436 1588 2472 quod
1602 2444 1633 2464 ea
1650 2436 1739 2463 lucida

964 2485 1000 2513 sit
1016 2485 1104 2517 stella,
1121 2484 1226 2519 reliqua
1243 2487 1404 2519 pertexeret.
1419 2482 1505 2511 Porro
1522 2491 1582 2519 qua:
1597 2490 1611 2510 a
1628 2482 1745 2510 zodiaco.

964 2536 1028 2560 sunt
1043 2531 1173 2566 deinceps
1190 2530 1223 2558 ad
1242 2530 1431 2563 antarcticum,
1449 2530 1578 2557 australia
1595 2528 1685 2556 omnia
1699 2528 1740 2555 di-

964 2581 1071 2606 cuntur.
1091 2576 1195 2604 Exinde
1207 2576 1240 2603 ad
1255 2576 1308 2602 alia
1325 2576 1423 2603 transit
1439 2576 1548 2603 Aratus.
1591 2578 1595 2583 '

997 2623 1046 2651 His
1057 2622 1253 2650 animadversis
1266 2630 1338 2649 nunc
1353 2621 1387 2649 ad
1397 2629 1444 2649 eos
1458 2621 1574 2648 circulos
1590 2620 1738 2651 veniemus.

963 2669 1008 2704 qui
1021 2668 1153 2704 sphaeram
1169 2672 1276 2701 secant,
1295 2671 1322 2695 et
1339 2668 1428 2702 signa,
1448 2674 1507 2702 quae
1524 2667 1557 2693 ab
1580 2665 1632 2693 illis
1644 2673 1740 2693 secan-

963 2720 1017 2743 tur.
1036 2713 1101 2742 ltem
1118 2714 1151 2742 de
1172 2715 1279 2742 illorum
1301 2714 1440 2741 coortibus
1462 2716 1488 2740 et
1506 2711 1681 2740 cooccasibus
1700 2712 1740 2738 di-

964 2768 1067 2794 cemus,
1082 2761 1150 2788 nihil
1168 2766 1212 2792 ut,
1233 2759 1305 2795 quod
1321 2759 1429 2794 quidem
1443 2758 1520 2794 143
1535 2758 1568 2786 ad
1595 2757 1740 2786 eonstella~
