1923 3137
216 137 286 185 ᾖδε)

216 218 304 245 tiones
319 217 424 249 attinet,
441 216 468 243 in
489 215 631 250 praeteritis
644 215 827 251 relinquatur.
848 215 902 244 Sed
925 217 990 244 illud
1007 220 1027 247 Α

216 265 279 290 ante
291 269 345 289 non
361 260 538 297 ignorandum
553 266 604 293 est,
616 260 729 288 Aratum
744 261 860 289 istorum
871 262 993 289 omnium

216 308 422 343 explicationem
450 306 561 342 pingui,
579 312 608 334 ut
630 307 727 338 aiunt,
751 307 872 335 Minerva
896 308 948 335 hoc
965 309 993 336 in

216 358 337 388 poemate
353 352 522 385 instituisse;
541 360 591 381 nec
606 353 631 380 in
646 353 774 381 omnibus
790 354 856 382 satis
867 359 994 382 accurate

216 407 276 427 esse
289 403 425 426 versatum
439 408 446 426 :
463 399 585 433 quaedam
601 399 728 427 omisisse
739 420 747 433 ,
769 408 830 436 quae
845 401 872 427 in
888 401 994 436 sphzera

216 444 430 471 considerantur.
448 443 505 479 Ego
527 452 593 472 vero
607 453 667 480 qua:
682 446 716 472 ab
740 446 789 474 i'llo
812 447 994 481 praztermissa

216 493 278 517 sunt
292 497 439 524 reponam,
467 497 500 518 ne
517 490 583 525 quid
598 490 632 517 ad
648 491 729 526 hujus
746 491 932 528 integritatem
949 500 994 519 ar-

215 536 334 570 gumenti
351 536 530 564 desideretur.

249 581 392 608 Trifariam
405 590 487 617 porro
506 583 599 610 divisa:
619 589 683 611 sunt
695 584 836 611 sententiae
851 584 884 612 de
893 584 994 612 coorti-

213 627 265 655 hus
276 631 302 655 et
317 629 504 656 cooccasibus.
525 628 639 662 Quidam
657 630 728 656 enim
744 637 837 656 eorum
854 630 994 662 tractatio-

214 681 275 700 nem
287 673 508 701 accommodasse
519 678 615 708 putant
625 675 737 701 Aratum
751 675 784 702 ad
798 674 867 709 signi
882 662 993 703 orien‘tis

214 717 337 750 initium;
354 718 463 752 quidam
479 719 513 745 ad
531 723 621 745 ortum
640 719 721 746 medii
737 719 822 754 signi;
840 718 886 746 alii
898 719 931 746 ad
948 718 994 745 ab-

215 763 331 790 solutum
348 764 432 791 totius
447 767 584 791 exortum.
599 763 655 792 Hoc
681 772 746 792 vero
771 765 922 792 consistere
938 772 992 792 non

213 811 310 842 potest.
334 807 401 838 Nam
425 815 440 835 a
458 809 593 844 principio
609 809 642 836 ad
663 809 742 837 ﬁnem
769 809 873 837 zodiaci
896 809 993 837 circuli

213 857 291 880 ortus
315 853 455 888 signorum
475 862 646 890 occasusque
663 858 799 889 peragrat,
818 856 993 890 quemadmo-

687 155 856 183 APPENDIX
877 157 922 184 AD
937 157 1070 185 EUSEBII
1088 157 1295 186 CHRONICON.
1306 178 1314 186 .

1759 155 1819 184 “40

1041 218 1095 244 τῶν
1121 218 1189 253 πρὸς
1209 218 1254 245 τὸν
1273 215 1497 252 καταστερισμόν.
1518 215 1590 250 Πλην
1616 213 1729 249 νοητέον
1755 215 1818 242 τοῦθ’

1046 265 1086 291 ὅτι
1111 265 1182 291 κατὰ
1204 265 1302 296 πλάτος
1323 265 1337 291 ὁ
1361 263 1476 298 ’Ἄρατος
1496 262 1540 288 τὸν
1558 262 1622 297 περὶ
1637 260 1729 287 αὐτῶν
1749 261 1818 295 λόγον

1047 311 1192 345 πεποίηται
1216 311 1259 337 διὰ
1281 309 1327 336 τοῦ
1351 309 1510 345 ποιήματος,
1534 306 1571 342 μὴ
1596 307 1685 334 πάντα
1705 306 1818 342 ἀκρισῶς

1046 356 1271 392 καταδεξάμενος,
1287 355 1353 382 ἀλλά
1367 362 1427 381 τινα
1442 353 1612 390 παραλιπὼν,
1629 353 1702 388 ἆπερ
1716 353 1761 379 ἐπὶ
1775 355 1818 387 τῆς

1047 402 1164 438 σφαίρας
1179 403 1328 439 θεωρεῖται.
1350 400 1420 435 Ἐγὼ
1433 401 1462 427 δὲ
1477 399 1511 426 τὰ
1527 399 1765 435 παραλελειμμένα
1778 400 1817 425 ὑπ’

1045 448 1126 474 αὐτοῦ
1144 447 1361 484 προσαποδώσω,
1372 447 1445 478 ὅπως
1463 446 1543 482 μηδὲν
1559 445 1671 481 ἐλλείπῃ
1687 446 1740 472 τῶν
1758 446 1818 482 πρὸς

1045 493 1094 530 τὴν
1108 494 1232 530 θεωρίαν.

1087 583 1224 618 Ἐγένοντο
1250 582 1279 610 δὲ
1304 581 1411 618 τρισσαὶ
1432 581 1540 613 στάσεις
1564 581 1628 616 περὶ
1651 580 1787 608 ἀνατολῶν
1798 582 1818 597 "

1046 631 1092 658 καὶ⁸
1113 628 1344 664 συγκαταδύσεων.
1358 629 1389 654 Οἱ
1414 628 1463 663 μὲν
1483 627 1536 663 γὰρ
1563 626 1666 661 ἔφασαν
1689 627 1739 662 τὴν
1758 635 1819 662 πρι-

1046 676 1177 712 γματειαν
1194 673 1263 702 εἴναι
1277 674 1316 710 τῷ
1338 673 1453 709 Ἀράτῳ,
1468 672 1595 708 ἄρχοντος
1609 672 1764 699 ἀνατέλλειν
1778 672 1818 698 τοῦ

1046 720 1194 754 ζωδιακοῦ,
1213 720 1239 746 οἱ
1266 720 1295 746 δὲ
1327 718 1487 754 μεσοῦντος·
1509 718 1534 744 οἱ
1563 718 1592 744 δὲ
1613 716 1668 743 ἀπὸ
1696 716 1747 751 τῆς
1763 716 1819 751 ὅλης

1046 767 1187 802 ἀνατολῆς.
1206 766 1291 792 Τοῦτο
1313 765 1341 791 δὲ
1367 765 1415 800 οὐχ
1439 764 1564 799 ἕστηκεν.
1583 763 1647 790 Ἀπὸ
1668 762 1724 798 γὰρ
1742 762 1820 798 ἀρχῆς

1046 814 1098 845 ἕως
1112 813 1239 847 τελευτῆς
1255 811 1301 838 τοῦ
1315 810 1445 843 ζωδιακοῦ
1461 810 1560 837 κύκλου
1589 809 1698 845 ἔρχεται
1715 808 1762 835 ἐπὶ
1778 807 1821 838 τὰς

1046 857 1176 889 ἀνατολάς
1189 865 1219 883 τε
1235 857 1282 883 καὶ
1291 854 1513 890 συγκαταδύσεις,
1524 854 1553 880 ὂν
1561 853 1660 888 τρόπον
1668 853 1743 879 ἔστιν
1753 852 1802 878 ὑπὸ
1812 852 1820 866 ‘

213 898 277 926 dum
292 899 319 926 in
333 900 437 934 sphaera
450 900 513 928 licet
525 901 635 928 intueri.
649 900 718 927 Sunt
729 901 812 936 igitur
825 909 885 936 qua:
900 908 990 929 secan-

1048 905 1094 940 τῆς
1114 903 1231 938 σφαίρας
1254 901 1410 929 θεάσασθαι.
1430 900 1522 928 Ἔστιν
1546 897 1592 926 οὖν
1613 899 1648 926 τὰ
1672 898 1822 934 τεμνόμενα

213 948 258 971 tur
273 944 406 980 imagines
425 946 470 973 57.

247 991 372 1018 Arclicus
399 992 490 1026 itaque
519 992 639 1020 circulus
663 995 738 1019 secat
753 991 887 1026 imagines
901 992 969 1019 duas
986 1001 992 1019 :

213 1036 305 1064 Bootae
330 1037 448 1064 medium
464 1037 548 1065 cubiti
570 1037 680 1068 ﬂexum,
705 1041 733 1064 et
757 1037 857 1072 Cephei
882 1042 992 1073 pectus;

213 1082 286 1109 hunc
298 1090 360 1111 vero
380 1083 513 1110 circulum
526 1083 618 1111 omisit
630 1083 742 1111 Aratus.

248 1128 371 1156 tEstivus
385 1129 507 1164 tropicus
523 1135 598 1157 secat
619 1130 750 1165 imagines
762 1129 855 1157 decem
870 1138 876 1156 :
890 1128 993 1156 Henio-

213 1173 256 1199 chi
284 1181 382 1208 genua,
398 1173 532 1209 Ophiuchi
559 1175 698 1207 humeros,
726 1173 865 1209 Serpentis
880 1175 991 1207 collum,

212 1222 294 1253 caput
304 1218 369 1246 Avis
393 1223 420 1246 et
436 1220 580 1253 cervicem,
602 1221 717 1256 ungulas
730 1220 809 1255 Equi,
824 1219 915 1247 Persei
928 1221 995 1249 sini-

212 1267 298 1291 strum
323 1264 465 1292 humerum
489 1274 551 1293 cum
578 1267 689 1295 sinistra
705 1267 782 1299 tibia,
797 1267 923 1295 dextram
936 1267 993 1293 An-

211 1309 347 1338 dromedae
365 1319 474 1339 manum
488 1332 496 1344 ,
527 1313 618 1347 capita
642 1312 830 1345 Geminorum,
857 1313 992 1340 Cancrum

211 1357 339 1390 medium,
355 1357 471 1385 Leonem
485 1366 532 1393 per
544 1358 663 1386 medium
679 1379 686 1385 .
700 1379 708 1387 .
723 1379 731 1392 ,
744 1359 873 1387 humeros
887 1358 993 1393 Ophiu-

211 1401 265 1433 chi,
276 1402 373 1429 collum
388 1402 536 1438 Serpentis.

244 1447 455 1483 IEquinoctialis
469 1449 590 1477 circulus
598 1450 696 1477 transit
704 1457 752 1485 per
766 1449 899 1485 imagines
911 1449 993 1485 quin-

210 1492 316 1520 decim:
333 1493 401 1529 Equi
418 1498 498 1529 caput
511 1499 538 1523 et
563 1495 706 1528 cervicem,
728 1495 861 1530 Ophiuchi
888 1503 989 1530 genua,

211 1538 294 1574 Hydri
305 1539 416 1571 collum,
426 1539 575 1573 Craterem,
588 1540 716 1573 Corvum,
728 1540 855 1568 Orionem
870 1541 989 1568 medium
1002 1561 1024 1590 ο

210 1585 360 1614 sinistrum.
375 1584 463 1613 Piscis
476 1587 601 1619 caudam,
622 1587 741 1614 medium
756 1586 886 1618 Arietem,
904 1587 988 1614 Tauri

211 1637 309 1664 genua,
336 1629 454 1665 Virginis
478 1632 583 1666 pedem,
611 1631 709 1659 Chelas
740 1631 856 1666 medias,
881 1632 986 1667 Scorpii

210 1679 323 1710 partem.
342 1675 466 1704 Omissus
478 1681 520 1705 est
531 1677 664 1713 Procyon.

247 1719 379 1756 Tropicus
397 1721 527 1750 hibernus
551 1722 643 1750 decem
661 1722 737 1757 signa
755 1721 852 1749 dividit
870 1721 987 1750 :Erida-

208 1773 274 1793 num
286 1766 407 1798 ﬂuvium,
424 1767 513 1802 Argus
528 1767 605 1794 navis
620 1775 746 1802 puppem.
761 1768 890 1795 Centauri
903 1768 988 1794 inter-

209 1813 362 1848 scapilium,
379 1813 462 1841 Canis
485 1813 597 1848 majoris
622 1813 789 1848 posteriores
810 1814 904 1848 pedes,
928 1813 986 1841 Ceti

208 1860 331 1891 caudam,
346 1858 458 1893 Leporis
469 1859 598 1891 medium,
618 1859 724 1894 Scorpii
741 1860 876 1892 aculeum,
898 1859 986 1895 Sagit-

208 1905 270 1931 tarii
282 1912 386 1936 arcum,
400 1903 595 1938 Capricornum
611 1904 740 1937 medium,
760 1905 841 1940 pedes
855 1905 984 1940 Aquarii:

209 1949 245 1976 ita
257 1953 374 1984 quatuor
390 1953 455 1986 sunt
470 1954 595 1977 secantes
612 1950 706 1977 circuli
720 1959 728 1983 ;
746 1950 823 1986 signa
836 1958 911 1984 vero,
926 1957 987 1986 quae

208 1995 242 2021 ah
260 1995 314 2023 illis
328 1984 463 2028 secantur,
476 1995 531 2022 duo
549 1999 575 2023 et
586 1996 706 2031 triginta.

208 2061 470 2097 Quanamrcwlestes
490 2062 615 2097 imagines
630 2071 684 2089 una
704 2071 762 2089 cum
788 2062 924 2090 duodecim
941 2071 986 2090 zo-

328 2096 397 2123 diaci
411 2097 492 2132 signis
504 2096 576 2124 ortus
587 2106 745 2133 occasusque
761 2097 873 2132 faciant.

242 2151 273 2178 ΙΙ.
294 2152 361 2179 Cum
376 2152 517 2180 duodecim
534 2154 637 2181 zodiaci
660 2154 745 2188 signis
764 2155 890 2182 caelestes
913 2158 986 2182 aste-

207 2197 284 2225 rismi
297 2198 324 2224 in
340 2197 413 2225 hunc
424 2198 532 2226 modum
546 2199 671 2226 oriuntur
682 2203 709 2226 et
719 2200 857 2227 occidunt.

243 2241 352 2269 Oriente
366 2243 483 2275 Cancro,
496 2244 586 2271 .Orion
601 2248 675 2272 totus
701 2245 833 2272 exoritur.
857 2245 984 2273 Orionem
1001 2237 1023 2264 Ῑ)

208 2286 322 2321 appello,
348 2294 427 2321 quem
446 2289 543 2323 vulgus
557 2289 758 2325 Ἀλετροπόδιον
779 2290 922 2317 nominat:
939 2291 984 2326 qui

207 2330 323 2364 primum
333 2331 418 2358 oritur
425 2339 517 2359 mense
523 2332 605 2361 Julio.
621 2334 703 2361 Canis
712 2341 776 2361 vero
783 2335 892 2362 circiter
899 2335 986 2371 Augu-

208 2375 243 2401 sti
255 2375 378 2409 septimo.
393 2376 454 2404 Haec
462 2383 503 2405 est
514 2379 654 2413 splendida
667 2381 755 2413 stella,
765 2389 825 2415 quae
839 2381 866 2408 in
876 2382 985 2408 maxilla

207 2420 290 2448 Canis
300 2421 430 2454 cernitur,
442 2430 474 2451 ac
487 2423 554 2452 ﬁxas
564 2432 659 2452 omnes
671 2426 855 2461 magnitudine
864 2432 982 2462 superat:

208 2466 271 2505 item
293 2466 392 2495 ﬂuvius
407 2467 552 2496 Eridanus.
582 2469 688 2498 Occidit
705 2475 795 2498 autem
812 2471 929 2510 Corona,
959 2478 986 2500 et

207 2510 294 2539 Piscis
314 2512 395 2540 dorso
416 2517 505 2546 tenus,
525 2513 681 2550 Ophiuchus
695 2516 728 2543 ad
743 2517 873 2545 humeros
886 2525 982 2552 usque,

207 2556 346 2592 Serpentis
361 2559 471 2594 collum,
484 2559 669 2596 Arctophylax
682 2565 756 2590 totus
771 2562 838 2590 fere.

240 2643 328 2674 Leone
343 2647 459 2680 oriente,
488 2651 562 2676 totus
586 2650 698 2684 emergit
719 2648 853 2684 Procyon.
881 2649 982 2684 Lepus,

205 2690 289 2726 Hydri
302 2697 394 2727 caput,
410 2693 493 2722 Canis
509 2695 662 2722 anteriores
678 2696 770 2729 pedes.
787 2695 921 2722 Occidunt
936 2704 981 2723 re-

204 2734 284 2769 liquas
298 2740 388 2771 partes
403 2745 495 2765 eorum
508 2747 569 2774 quae
583 2747 645 2766 cum
660 2739 765 2766 Cancro
778 2744 919 2774 coeperunt
934 2748 980 2768 oc-

1045 949 1102 982 ζῶα
1119 950 1169 981 λζ’.

1084 996 1114 1023 Ὁ
1138 995 1187 1031 μὲν
1207 991 1254 1022 οὖν
1275 994 1404 1030 ἀρκτικὸς
1425 993 1524 1025 κύκλος
1543 992 1636 1028 τέμνει
1658 990 1743 1023 coam
1763 990 1821 1017 δύο·

1044 1041 1149 1068 Βοώτου
1164 1041 1245 1076 μέσον
1264 1039 1375 1074 ἀγκῶνα
1385 1060 1392 1072 ,
1405 1039 1452 1066 καὶ
1467 1038 1583 1074 Κηφέως
1604 1037 1706 1074 στήθη·
1723 1037 1774 1064 οὐκ
1785 1037 1823 1062 εἷ-

1044 1094 1111 1122 ρηκε
1126 1086 1154 1112 δὲ
1168 1085 1233 1121 περὶ
1246 1084 1339 1112 τούτου
1356 1085 1482 1120 Ἄρατος.

1084 1131 1113 1157 ’0
1125 1130 1153 1157 δὲ
1170 1130 1274 1166 Θερινὸς
1289 1129 1418 1166 τροπικὺς
1434 1129 1526 1164 τέμνει
1549 1128 1632 1160 ζώδια
1646 1131 1663 1155 ι’
1673 1136 1680 1143 ·
1701 1128 1822 1162 Ἠνιόχην

1043 1175 1154 1211 γόνατα,
1175 1170 1317 1210 Ὀφιούχου
1332 1175 1433 1210 ὤμους,
1449 1175 1556 1209 Ὄφεως
1570 1174 1716 1210 τράχηλον,
1733 1174 1823 1209 Ὀρνι-

1042 1223 1088 1255 θος
1104 1221 1224 1258 κεφαλὴν
1240 1221 1331 1248 καὶτὸ
1345 1220 1515 1256 ὑπαυχένιον,
1529 1221 1626 1247 Ἵππου
1643 1220 1741 1252 ὁπλὰς,
1757 1221 1824 1256 Περ-

1042 1269 1111 1300 σέως
1122 1265 1195 1304 ὦμον
1208 1267 1348 1304 ἀριστερὸν
1363 1267 1411 1294 καὶ
1423 1267 1530 1302 κνήμην
1542 1266 1699 1302 ἀριστερὰν,
1718 1267 1822 1301 Ἀνδρο-

1043 1314 1125 1350 μέδας
1147 1315 1226 1349 χεῖρα
1248 1313 1356 1345 δεξιὰν,
1376 1311 1499 1347 Διδύμων
1525 1311 1824 1347 κεφαλὰς,’ΚαρκΞνο-ν

1043 1360 1140 1395 μέσον,
1163 1359 1265 1386 Λέοντα
1293 1357 1369 1394 παρὰ
1383 1358 1466 1394 μέσον
1481 1359 1492 1374 ²
1509 1357 1656 1394 παρεόντε,
1684 1357 1823 1394 Ὀφιοὺχι-ιυ

1041 1405 1143 1441 ὤμους,
1161 1404 1295 1441 τράχηλον
1308 1404 1425 1438 Ὄφεως.

1081 1451 1110 1478 '0
1129 1451 1157 1478 δὲ
1173 1449 1328 1486 ἰσημερινδς
1346 1449 1446 1481 κύκλος
1458 1448 1551 1485 τέμνει
1570 1447 1653 1481 ζώδια
1665 1452 1710 1475 ιε’⁸
1726 1449 1822 1475 Ἵππου

1040 1496 1160 1532 κεφαλὴν
1181 1495 1228 1522 καὶ
1249 1494 1399 1531 τράχηλον,
1428 1494 1570 1530 Ὀφιούχου
1589 1495 1707 1529 γόνατα,
1724 1495 1824 1531 Ὕδρου

1039 1541 1182 1577 τράχηλον,
1200 1540 1333 1576 Κρατῆρα
1344 1559 1351 1572 ,
1367 1540 1497 1575 Κόρακα,
1525 1540 1639 1575 Ὠρίωνα
1661 1540 1746 1574 μέσον
1764 1541 1823 1575 ἀρι-

1041 1587 1145 1622 στερδν,
1159 1586 1259 1621 Ἰχθύος
1276 1585 1370 1620 οὐρὰν,
1384 1584 1468 1620 Κριὸν
1483 1584 1572 1620 μέσον,
1587 1584 1695 1620 Ταύρου
1711 1585 1822 1619 γόνατα,

1040 1630 1178 1666 Παρθένου
1204 1630 1289 1661 πόδα,
1317 1629 1410 1665 Χηλὰς
1435 1629 1538 1664 μέσας,
1565 1629 1701 1664 Σκορπὶου
1732 1629 1822 1664 μέρος.

1040 1677 1170 1711 Παρεῖται
1186 1675 1327 1711 Προκύων.

1081 1722 1110 1748 '0
1126 1721 1155 1747 δὲ
1173 1720 1326 1757 χειμερινὸς
1345 1719 1443 1752 κύκλος
1458 1719 1551 1754 τέμνει
1565 1718 1646 1751 ζὼδια
1662 1718 1695 1746 ι’·
1714 1720 1825 1756 Ἠριδα-

1039 1755 1084 1794 νὸν
1103 1755 1234 1801 ποταμὸν,
1255 1755 1376 1801 νἈργοῦς
1404 1766 1468 1801 νηὸς
1490 1765 1616 1800 πρύμναν
1629 1786 1637 1798 ,
1664 1765 1824 1800 Κενταύρου

1041 1811 1219 1848 μετάφρενον,
1228 1812 1316 1843 Κυνὸς
1328 1811 1443 1846 μεγάλου
1456 1811 1595 1843 ὁπισθίους
1610 1811 1705 1843 πόδας,
1715 1813 1825 1847 Κήτους

1039 1858 1138 1894 οὐρὰν,
1152 1857 1264 1892 Λαγωοῦ
1281 1857 1377 1892 μέσον,
1403 1856 1536 1892 Σκορπῖου
1552 1857 1663 1892 κέντρον
1674 1878 1681 1889 ,
1707 1858 1825 1891 Τοξότου

1039 1903 1125 1936 τόξον,
1138 1903 1277 1938 Αἰγόκερω
1291 1903 1383 1938 μέσον,
1402 1902 1544 1938 Ὑδροχόον
1556 1902 1639 1934 πόδας
1649 1912 1655 1918 ·
1667 1902 1741 1930 ὥστε
1759 1902 1826 1930 εἶναι

1039 1949 1137 1980 αὐτοὺς
1155 1948 1300 1983 τέμνοντας
1327 1947 1442 1979 κύκλους
1456 1947 1487 1978 δ’,
1511 1948 1544 1974 τὰ
1559 1947 1587 1974 δὲ
1609 1949 1766 1984 τεμνόμενα
1780 1949 1825 1975 ὑπ’

1040 1994 1128 2020 αὐτῶν
1144 1993 1226 2026 ζὼδια
1241 1993 1387 2028 τριάκοντα
1403 1993 1448 2020 καὶ
1462 1993 1541 2020 ἑπτά.

1039 2062 1112 2089 Ποῖα
1127 2062 1187 2088 τῶν
1206 2060 1313 2091 ζωδιων
1325 2060 1587 2087 συνανατέλλουσι
1604 2060 1652 2087 καὶ
1669 2068 1826 2091 συγκατα-

1114 2096 1239 2123 δύνουσι
1253 2095 1314 2128 τοῖς
1327 2096 1361 2122 ἐν
1374 2095 1412 2128 τῷ
1429 2094 1555 2128 ζωδιακῷ
1567 2096 1606 2127 ιβ’
1621 2095 1747 2128 ζωδίοις.

1074 2154 1111 2180 B'.
1129 2152 1355 2180 Συνανατέλλουσι
1366 2152 1394 2178 δὲ
1414 2151 1462 2178 καὶ
1474 2151 1706 2186 συγκαταδύνουσι
1724 2154 1783 2184 rei;
1797 2153 1827 2178 ἐν

1038 2195 1078 2231 τῷ
1093 2195 1216 2231 ζωδιακῷ
1232 2196 1266 2231 ιβ’
1280 2196 1384 2228 ζωδίοις
1400 2195 1435 2222 τὰ
1452 2195 1600 2231 φαινόμενα
1616 2195 1714 2228 οὕτως.

1073 2240 1210 2276 Καρκίνου
1234 2241 1440 2273 ἀνατέλλοντος,
1464 2240 1603 2267 ἀνατέλλει
1622 2241 1682 2273 ὅλος
1713 2242 1824 2277 Ὠρίων.

1044 2286 1139 2322 Ὠρίων
1155 2286 1214 2312 ἐστὶ
1233 2286 1264 2312 τὸ
1279 2287 1422 2322 λεγόμενον
1438 2288 1501 2322 παρ’
1522 2285 1639 2318 ἰδιώταις
1661 2287 1827 2323 Ἀλετροπύ-

1037 2332 1101 2358 διον.
1115 2332 1233 2368 Πρώτως
1242 2332 1271 2358 δέ
1287 2333 1425 2359 ἀνατέλλει
1434 2332 1504 2359 κατὰ
1516 2332 1565 2368 τὴν
1575 2332 1615 2367 κβ⁹
1628 2333 1674 2359 τοῦ
1693 2334 1808 2360 Ἰουλίου
1816 2341 1825 2349 ·

1037 2379 1051 2404 ὁ
1065 2378 1093 2404 δὲ
1110 2378 1191 2405 Κύων
1212 2377 1283 2405 κατὰ
1307 2379 1356 2414 τὴν
1370 2378 1391 2410 ζ’
1405 2378 1452 2405 τοῦ
1475 2379 1639 2413 Αὐγούστου.
1658 2380 1740 2417 Ἶξστι
1760 2381 1790 2406 δὲ
1812 2381 1826 2406 ὁ

1037 2422 1162 2459 λαμπρὸς
1177 2423 1224 2449 τοῦ
1237 2423 1332 2458 θηνυὺς
1347 2424 1357 2439 ³
1378 2424 1477 2459 μείζων
1489 2423 1544 2450 τῶν
1560 2424 1688 2452 ἀπλανῶν
1712 2426 1825 2452 πάντων

1038 2469 1176 2505 ἀστέρων·
1198 2470 1244 2496 καὶ
1259 2470 1380 2505 ποταμὸς
1400 2471 1548 2506 Ἠριδανός.
1571 2470 1650 2497 Δύνει
1669 2471 1699 2497 δὲ
1713 2472 1824 2505 Στέφα-

1037 2523 1092 2547 νος,
1121 2515 1222 2551 ’ἰχθύος
1240 2515 1271 2541 τὸ
1298 2516 1383 2551 ἥμισυ
1404 2515 1456 2547 ἓως
1482 2516 1528 2542 ἐπὶ
1551 2516 1649 2552 ῥάχιν,
1678 2517 1825 2553 Ὀφιοῦχος

1033 2561 1087 2592 ἕως
1099 2561 1191 2596 ὦμων,
1205 2562 1310 2596 Ὄφεως
1325 2561 1467 2597 τράχηλος,
1486 2562 1671 2599 ’Δρκτοφύλαξ
1683 2564 1751 2598 παρ’
1767 2564 1822 2589 ὀλί-

1034 2615 1091 2640 γον.

1071 2652 1182 2683 Λέοντος
1207 2641 1405 2685 ἀνατέλλοντος,
1422 2653 1561 2680 ἀνατέλλει
1588 2653 1722 2688 Προκύων
1741 2654 1818 2685 610;;-

1034 2697 1157 2730 Λαγωὺς,
1172 2697 1273 2732 “Υδρου
1295 2698 1411 2733 κεφαλὴ,
1429 2698 1517 2729 Κυνὸς
1538 2698 1703 2734 ἐμπρὸσθιοι
1728 2699 1818 2729 πόδες.

1033 2742 1110 2768 Δύνει
1122 2743 1149 2769 δὲ
1165 2743 1198 2769 τὰ
1215 2743 1295 2770 λοιπὰ
1310 2743 1364 2771 τῶν
1376 2744 1424 2771 σὺν
1438 2744 1567 2780 Καρκίνῳ
1583 2744 1819 2779 προκαταδεδυκό·

259 2824 280 2840 "
300 2825 319 2857 Γ.
334 2827 527 2854 συνανατολῶν.
566 2828 574 2844 ι
590 2827 610 2862 f.
627 2828 681 2855 ἐπί.
719 2829 730 2845 ³
741 2827 883 2856 Mendasus
898 2829 979 2857 locus.

1049 2829 1070 2863 f.
1087 2830 1136 2866 τῆς
1148 2831 1251 2865 γένυος.
