1907 3144
117 139 189 169 «ιιι

645 141 782 170 INCEBTI
801 140 846 168 AD
865 139 969 167 ARATI
987 138 1221 168 ΡΗᾹΞΝΟΜΕΝΔ.

1659 140 1728 168 “£2

118 207 189 225 των·
207 198 314 225 Βοὼτου
336 198 366 224 τὸ
391 198 491 230 λοιπὸν,
509 198 659 233 Στέφανος,
674 200 828 235 Ὀφιοῦχος,
851 199 896 226 καὶ

958 206 1039 226 :asum
1050 198 1150 230 facere,
1161 197 1278 230 Corona,
1290 196 1459 232 Ophiuchus,
1470 196 1584 233 ejusque
1598 198 1726 233 Serpens,

121 243 203 278 Ὄφις
218 243 310 275 αὑτοῦ,
327 243 436 278 Ἰχθύες,
454 244 554 279 Κῆτος,
575 245 618 271 Ἐν
637 245 744 279 γόνασιν
758 245 816 277 ὅλος
830 245 898 280 πλὴν

119 289 228 323 κνήμης
244 288 398 323 ἀριστερᾶς.

156 333 295 369 Παρθένου
311 333 516 369 ἀνατελλούσης,
526 334 663 361 ἀνατέλλει
676 335 773 371 Ὕδρος
789 335 840 367 ἕως
852 336 898 362 τοῦ

118 379 280 414 Κρατῆρος,
299 379 385 411 Κυνὸς
401 379 649 415 μεγάλου.όπίσθιοι
671 381 767 415 πόδες,
786 381 899 417 Ἀργοῦς

116 425 242 459 τρόπεως
261 424 381 460 πρύμνα.
404 424 481 452 Δύνει
496 425 523 452 δὲ
545 426 637 461 Λύρα,
652 426 761 461 Δελφὶς,
782 426 898 459 Ὸῖστὺς,

120 471 216 505 Ὄρνις
230 470 281 502 ἕως
296 471 388 506 οὐρᾶς,
407 471 530 506 ποταμοῦ
550 472 689 506 Ἠριδανοῦ
704 472 798 509 πρῶτα
817 473 897 509 μέρη,

119 516 220 542 Ἵππου
234 516 348 551 κεφαλὴ,
368 517 414 543 καὶ
431 517 527 552 αὐχήν.

155 561 253 596 Χηλῶν
282 561 502 595 ἀνατελλουσῶν,
527 562 666 590 ἀνατέλλει
691 563 798 598 Βοώτης
821 563 898 596 ὅλος,

125 606 216 642 Ἀργὼ
237 607 302 639 ναῦς
325 607 517 643 ὄλη,”Υδρος,
541 608 670 644 Κρατὴρ,
694 609 803 645 Κόραξ,
828 610 900 642 δεξιὰ

117 654 211 688 κνήμη
228 653 274 679 τοῦ
289 654 332 679 Ἐν
341 653 449 687 γόνασιν
463 654 514 685 ἕως
528 654 741 690 γόνατος,ἦμισυ
755 656 899 691 Στεφάνου,

116 699 203 734 ἄκρον
219 699 267 734 τῆς
284 699 370 734 οὐρᾶς.
381 699 427 725 τοῦ
447 700 612 736 Κενταύρου,
629 701 758 736 Παρεὶται
775 702 899 738 Κρατὴρ,

116 744 221 780 Κόραξ,
231 744 307 771 Δύνει
324 745 352 771 δὲ
366 746 462 772 Ἵππου
474 746 504 772 τὸ
521 746 624 778 λοιπὸν,
639 747 762 783 Ὄρνιθος
780 749 898 783 μεγάλου

116 790 198 825 οὐρὰ,
224 790 399 826 Ἀνδρομέδας
420 791 533 827 κεφαλὴ,
551 792 599 818 καὶ
618 792 708 827 Κῆτος
723 792 775 825 ἓως
794 794 899 829 λοφιᾶς,

116 835 238 870 Κηφέως
253 836 366 872 κεφαλὴ,
381 837 427 863 καὶ
443 834 522 872 ὦμοι,
539 838 586 864 καὶ
602 840 702 874 χεῖρες.
744 854 746 858 ι

156 881 291 916 Σκορπίου
315 883 518 915 ἀνατέλλοντος,
545 873 682 910 ἀνατέλλει
704 884 838 919 Στεφάνου
870 885 901 911 τὸ
915 873 938 903 Β

116 927 212 954 λοιπὸν
233 927 328 963 ἦμισυ,
353 928 452 964 Ὗδρου
469 928 551 964 οὐρὰ,
572 930 728 966 Κενταύρου
753 930 832 965 σῶμα
854 931 901 957 καὶ

115 972 225 1008 κεφαλὴ
238 992 245 1004 ,
263 973 309 999 κα)¹
326 972 364 999 τὸ.
379 973 487 1008 Θηρίον,
502 972 516 999 ὅ
540 973 598 1008 ἔχει
615 975 644 1000 ἐν
661 975 694 1010 τῇ
715 975 788 1010 δεξιᾷ
813 975 899 1011 χειρὶξ,

125 1018 266 1053 Ὀςριούχου
287 1018 389 1053 κεφαλή
410 1027 440 1045 τε
458 1019 504 1046 καὶ
518 1019 596 1056 χεὶρ,
616 1020 662 1046 καὶ
678 1019 772 1055 πρώτη
791 1019 899 1056 καμπὴ,

117 1065 134 1090 ὸ
159 1064 203 1091 Ἐν
223 1065 331 1098 γόνασιν
355 1065 429 1097 ὅλος,
457 1065 526 1101 πλὴν
549 1066 668 1101 κεφαλῆς
684 1066 736 1098 καὶ,
756 1067 901 1102 ἀριστερᾶς

116 1111 220 1147 χειρός.
235 1111 313 1138 Δύνει
333 1110 360 1137 δὲ
374 1110 433 1142 ὅλος
451 1111 586 1147 Ποταμὸς,
606 1112 701 1147 Ὠρίων
720 1113 784 1148 παρ’
801 1113 900 1147 ὀλίγον,

117 1159 227 1193 Κήτους
243 1157 333 1192 λοφιὰ,
359 1157 537 1193 Ἀνδρομέδα,
554 1158 703 1189 Δελτωτδν,
722 1159 899 1191 Κασσιέπεια,

116 1204 233 1239 Κηφεὺς
258 1203 312 1230 ἀπὺ
330 1203 450 1238 κεφαλῆς
469 1203 521 1236 ἕως
544 1203 653 1238 ὀσφύος.
683 1204 812 1240 Παρεῖται
836 1204 899 1231 Δελ-

116 1250 216 1277 τωτόν.

155 1295 269 1329 Τοξότου
284 1296 479 1329 ἀνατέλλοντος,
497 1297 636 1325 ἀνατέλλει
652 1298 792 1333 Ὀφιούχου
810 1298 899 1332 σῶμα,

119 1342 230 1375 Ὄφεως
244 1341 273 1368 τὸ
289 1342 392 1374 λοιπὸν,
414 1342 460 1369 τοῦ
481 1343 524 1369 Ἐν
537 1343 630 1377 γόνασι
651 1343 754 1378 κεφαλὴ
773 1343 820 1370 καὶ
841 1343 902 1379 ἀρι-

117 1387 205 1423 στερὰ
223 1388 301 1424 χεὶρ,
327 1388 414 1424 Λύρα,
441 1389 562 1424 Κηφεύς.
582 1389 660 1416 Δύνει
676 1389 704 1416 δὲ
720 1389 802 1417 Κύων
823 1389 898 1422 ὅλος,

124 1432 236 1467 Ὠρίων,
260 1433 388 1467 Λαγωὸς,
405 1433 525 1468 Ἡνίοχος
541 1433 610 1470 πλὴν
628 1435 735 1470 κνήμης
755 1435 901 1470 ἀριστερᾶς

117 1477 228 1512 καὶτῆς
249 1478 349 1513 χειρὸς,
362 1479 403 1512 ἐφ’
422 1476 456 1515 ἦς
471 1480 538 1505 είσιν
560 1479 618 1512 Αἲξ,
640 1480 762 1515 Ἔριφοι,
780 1481 901 1515 Περσεὺς

116 1524 190 1559 πλὴν
199 1524 245 1550 τοῦ
253 1524 337 1557 δεξιοῦ
352 1525 439 1557 ποδὸς,
459 1525 571 1561 Ἀργοῦς
582 1525 704 1560 πρύμνα,
719 1525 859 1561 Προκύων.

154 1570 295 1606 Αίγόκερω
322 1570 526 1603 ἀνατέλλοντος,
552 1571 690 1598 ἀνατέλλει
714 1572 804 1604 Ἀετὸς
821 1573 898 1605 ὅλος,

124 1614 241 1646 Ὀῖστὺς,
252 1615 393 1651 Θυτήριον,
410 1615 517 1650 Δελφὶς,
535 1616 637 1651 Ὄρνις.
648 1615 724 1643 Δύνει
736 1616 764 1643 δὲ
779 1616 900 1652 Ἧνιόχου

116 1659 154 1686 τὰ
171 1659 264 1692 λοιπὰ,
290 1660 393 1696 κεφαλὴ
411 1660 468 1687 ’καὶ
495 1661 554 1696 χεὶρ
575 1661 724 1697 ἀριστερὰ,
745 1658 818 1698 ἐφ’ᾖ
839 1658 907 1694 Αἲξ,

119 1706 247 1741 Ἐριφοι,
266 1705 354 1740 Ἀργὼ
372 1705 418 1741 ὅλη
430 1725 437 1737 ,
455 1705 554 1742 ’Ύδρος
576 1706 628 1739 ἕως
646 1707 808 1743 Κρατῆρος,
830 1707 900 1734 Κεν-

94 1751 99 1754 ’
116 1751 222 1786 ταύρου
240 1750 356 1777 όπίσθιοι
375 1751 464 1783 πόδες.
901 1754 904 1759 ‘

163 1797 306 1832 ’Υδροχόου
321 1797 519 1830 ἀνατέλλοντος,
534 1798 672 1825 ἀνατέλλει
682 1799 779 1825 Ἵππου
797 1797 900 1834 κεφαλὴ

119 1842 171 1870 καὶ
199 1842 278 1874 πόδες
309 1842 484 1878 ὲμπρόσθιοι·
509 1843 555 1870 καὶ
570 1844 741 1870 Κασσιέπεια
762 1845 898 1879 παρεῖται.

119 1888 201 1915 Δύνει
214 1887 242 1914 δὲ
256 1887 410 1923 Κενταύρου
432 1887 551 1920 ὀπίσθια,
565 1888 663 1924 Ὕδρος
679 1897 709 1915 τε
725 1889 772 1916 καὶ
787 1889 901 1926 Κρατὴρ

119 1934 177 1965 ἕως
191 1933 324 1968 Κόρακος.
342 1934 471 1968 Παρεῖται
488 1935 613 1970 Κρατήρ.

165 1978 273 2013 Ἰχθύων
300 1977 513 2011 ἀνατελλόντων,
539 1979 677 2006 ἀνατέλλει
703 1979 788 2012 νότιος
815 1973 908 2014 ’ἰχθὺςΔ

119 2026 173 2060 οὐχ
188 2025 264 2058 ὅλος,
290 2026 464 2062 Ἀνδρομέδας
480 2026 565 2058 δεξιὸν
586 2026 676 2061 μέρος.
698 2025 776 2052 Δύνει
798 2025 827 2052 δὲ
840 2026 899 2057 ὅλος

119 2071 287 2107 Κένταυρος,
301 2073 409 2108 Ὕδρος,
423 2073 525 2108 Κόραξ,
537 2072 661 2107 Κρατὴρ.

155 2117 241 2153 Κριοῦ
263 2118 466 2150 ἀνατέλλοντος,
480 2117 617 2144 ἀνατέλλει
640 2117 744 2152 κεφαλὴ
764 2117 809 2144 καὶ
825 2114 898 2152 ὦμος

117 2162 259 2197 Περσέως,
280 2163 456 2199 Ἀνδρομέδας
479 2163 622 2198 ἀριστερὸν
647 2163 739 2198 μέρος.
766 2162 899 2189 Δελτωτδν

120 2209 260 2243 παρεῖται.
278 2209 354 2235 Δύνει
370 2209 398 2235 δὲ
412 2209 552 2245 Θυτήριον,
572 2208 765 2244 Ἀρκτοφύλαξ.

157 2253 263 2290 Ταύρου
291 2255 494 2288 ἀνατέλλοντος,
519 2255 655 2282 ἀνατέλλει
680 2256 800 2291 Περσεὺς
823 2255 899 2288 ὅλος,

123 2300 252 2336 Ἢνιόχου
269 2301 348 2332 ποδὸς
359 2301 501 2337 ἀριστεροῦ
521 2301 603 2337 ἄκρον
618 2302 665 2328 καὶ
682 2301 814 2338 ἀριστερὰ
828 2302 899 2337 χεὶρ,

117 2347 164 2382 ἐφ’
215 2347 283 2374 εἰσιν
306 2347 366 2379 Αἲξ,
382 2348 506 2382 Ἔριφοι,
526 2348 632 2382 Κήτους
654 2347 733 2382 λοφιὰ
750 2348 796 2374 καὶ
822 2348 898 2384 οὐρά.

117 2393 200 2420 Δύνει
213 2393 241 2419 δὲ
261 2393 447 2429 ’Δρχτοφύλαξ
461 2394 508 2420 σὺν
522 2394 555 2429 τῇ
568 2397 590 2420 α’
608 2394 690 2430 μοίρᾳ
700 2393 748 2421 τοῦ
766 2394 864 2430 Κριοῦ.

157 2480 281 2516 Διδύμων
297 2481 502 2513 ἀνατελλόντων,
521 2481 659 2509 ἀνατέλλει
681 2482 801 2517 ποταμὸς
825 2483 900 2518 Ἡρι-

116 2527 210 2559 δανδς,
227 2527 333 2562 Κῆτος,
353 2528 458 2563 Ὠρίων.
475 2527 552 2555 Δύνει
574 2528 603 2555 δὲ
627 2528 766 2564 Ὀφιοῦχος
785 2529 837 2560 ἕως
855 2537 901 2563 γο-

119 2573 221 2600 νάτων.

160 2618 193 2644 Ἃ
218 2618 266 2653 μὲν
291 2615 338 2645 οὖν
357 2619 439 2655 ἐχρῆν
456 2619 519 2654 περὶ
538 2619 586 2655 τῆς
610 2619 726 2659 σφαίρας
743 2620 839 2652 εἰπεῖν,
863 2621 900 2653 ὡς

117 2664 189 2700 πρὸς
206 2665 368 2700 εἰσαγωγὴν,
389 2665 480 2700 σχεδὸν
500 2665 575 2692 ταῦτ’
591 2665 674 2692 ἐστίν.
690 2665 855 2698 Ἀκολούθως
871 2667 900 2693 δὲ

117 2710 170 2738 καὶ
186 2710 203 2745 ἡ
217 2710 254 2745 γῆ
273 2712 330 2737 ἐστι
347 2711 529 2746 σφαιροειδὴς,
547 2711 644 2747 ἔχουσα
662 2711 743 2745 μέσον
760 2711 840 2745 ἄξονα
863 2712 902 2738 δι-

115 2755 232 2790 ήκοντα,
248 2754 277 2786 ὃς
288 2756 384 2790 κρατεί
397 2755 480 2790 αὐτὴν
496 2755 637 2791 ἀκίνητον,
657 2755 725 2790 ἔχων
744 2756 778 2782 τὰ
793 2756 898 2789 πέρατα

117 2801 168 2835 ὲνη
174 2800 301 2835 ρεισμένα
326 2800 354 2828 ἐν
385 2810 413 2828 τε
424 2800 463 2836 τῷ
476 2801 573 2837 βορείῳ
587 2802 659 2836 πόλῳ
678 2801 724 2829 καὶ
737 2801 775 2837 τῷ

117 2846 209 2879 νοτίῳ.

948 244 1053 276 Pisces,
1070 242 1163 276 Catus,
1180 243 1354 279 lngeniculus
1377 247 1462 276 totus,
1479 248 1591 279 excepta
1615 245 1727 272 sinistra

947 290 1026 320 tibia.

983 335 1095 363 Oriente
1113 335 1224 370 Virgine
1240 334 1348 371 Hydrus
1363 335 1451 363 oritur
1475 343 1562 371 usque
1576 335 1610 362 ad
1635 335 1731 363 Crato-

949 388 1019 414 rem,
1037 381 1150 416 majoris
1165 380 1248 409 Canis
1262 381 1428 416 posteriores
1448 381 1540 416 pedes,
1568 382 1656 418 Argus
1682 390 1729 409 ea-

949 427 1016 455 rinae
1030 427 1137 462 puppis.
1150 426 1393 459 OcciditFidicttla,
1411 427 1536 462 Delphin,
1552 427 1665 463 Sagitta,
1678 429 1731 464 Cy-

949 482 1018 509 gnus
1029 474 1117 500 cauda
1131 478 1220 505 tenus,
1243 473 1352 500 Eridani
1374 473 1447 501 lluvii
1465 475 1614 502 anteriores
1630 480 1729 510 partes,

950 519 1018 554 Equi
1030 523 1112 554 caput
1127 523 1153 546 et
1163 519 1265 546 cervix.

984 563 1141 592 Orientibus
1165 565 1258 592 Chelis
1287 564 1385 592 Bootes
1403 568 1476 592 totus
1499 566 1631 596 exoritur,
1658 566 1731 600 Argo

950 612 1027 639 navis
1044 611 1160 647 integra,
1185 610 1305 646 Hydrus,
1321 610 1426 642 Crater,
1444 611 1558 643 Corvus,
1584 611 1730 646 lngeniculi

949 657 1016 695 tibia
1028 656 1122 684 dextra
1138 664 1224 692 usque
1239 657 1272 684 ad
1287 665 1368 692 genu,
1388 657 1499 684 dimidia
1511 656 1627 687 Corona,
1643 660 1732 684 extre-

949 702 1031 730 mitas
1047 702 1140 730 caudae
1154 701 1296 730 Centauri.
1313 702 1438 730 Omissus
1460 706 1501 729 est
1517 701 1613 729 Crater
1626 705 1653 729 et
1664 701 1731 728 Cor-

949 755 1010 775 vus.
1025 747 1169 779 Occidunt,
1184 746 1253 783 Equi
1267 747 1412 782 reliquum,
1426 747 1492 775 Avis
1506 747 1618 782 majoris
1633 747 1730 780 cauda,

949 792 1128 820 Andromedae
1143 796 1235 828 caput,
1255 791 1338 820 Cetus
1351 792 1462 820 cervice
1471 791 1674 827 tenus,,Cephei
1685 799 1732 818 ca-

949 842 1008 873 put,
1027 838 1131 865 humeri
1157 846 1193 878 ac‘
1206 846 1323 867 manus..

987 884 1053 912 Cum
1068 883 1180 919 Scorpio
1196 884 1309 911 dimidia
1325 891 1388 919 pars
1401 884 1485 912 altera
1500 883 1614 911 Coronae
1631 883 1730 914 oritur,

951 928 1034 965 Hydri
1055 929 1161 962 cauda,
1183 929 1311 957 Centauri
1341 937 1440 965 corpus
1462 933 1489 957 et
1511 933 1604 964 caput,
1626 936 1732 956 necnon

951 974 1030 1008 Fera,
1055 983 1135 1011 quam
1152 975 1248 1003 dextra
1261 983 1343 1003 manu
1365 975 1518 1010 prehendit,
1530 975 1671 1010 ‘Opltiuclii
1687 983 1733 1002 ca-

950 1026 1009 1056 put,
1025 1029 1133 1054 ntantis,
1156 1022 1314 1056 primusque
1336 1020 1434 1055 ﬂexus,
1457 1020 1631 1057 lngeniculus
1646 1025 1732 1053 totus,

951 1070 1049 1102 praeter
1074 1071 1155 1102 caput
1174 1071 1202 1095 et
1226 1067 1366 1095 sinistram
1382 1074 1503 1094 manum.
1521 1066 1655 1094 Occidunt
1667 1074 1732 1095 vero

951 1112 1062 1140 Fluvius
1074 1116 1156 1145 totus,
1173 1113 1256 1141 Orion
1272 1117 1345 1141 totus
1359 1113 1425 1145 fere,
1437 1112 1495 1140 Ceti
1509 1113 1610 1145 cervix,
1624 1112 1731 1139 Andro-

951 1160 1039 1192 meda,
1067 1159 1205 1198 Deltoton,
1238 1159 1394 1194 Cassiepea,
1417 1158 1541 1195 Cepheus
1560 1166 1575 1185 a
1592 1158 1681 1195 capite
1697 1158 1746 1187 ad,

951 1205 1070 1233 lumbos.
1085 1204 1222 1233 Omissum
1237 1210 1279 1233 est
1293 1204 1428 1232 Deltoton.

938 1291 949 1304 "
986 1292 1099 1321 Oriente
1115 1293 1263 1329 Sagittario
1276 1293 1365 1320 oritur
1388 1292 1523 1328 Ophiuchi
1541 1300 1652 1329 corpus,
1668 1294 1732 1322 rell-

951 1347 1034 1374 quum
1044 1339 1191 1375 Serpentis,
1201 1338 1436 1375 lngeniculicaput
1444 1346 1504 1366 cum
1515 1339 1627 1367 sinistra
1638 1347 1730 1373 manu,

950 1385 1083 1419 Fidicula,
1094 1386 1229 1421 Cepheus.
1245 1385 1378 1413 Occidunt
1389 1385 1470 1413 Canis
1478 1388 1561 1418 totus,
1575 1384 1669 1417 Orion,
1681 1385 1732 1413 Le-

951 1440 1013 1468 pus,
1026 1432 1193 1465 Heniochus,
1212 1435 1326 1466 excepta
1345 1431 1456 1459 sinistra
1475 1431 1540 1459 tibia
1551 1435 1578 1459 et
1592 1439 1685 1464 manu,
1703 1432 1732 1459 in

951 1485 1005 1512 qua
1019 1481 1083 1505 sunt
1097 1477 1207 1513 Capella
1228 1480 1256 1505 et
1276 1476 1367 1507 Haedi.
1383 1476 1510 1509 Perseus,
1527 1481 1640 1513 excepto
1652 1476 1732 1513 fpedc

952 1523 1074 1555 sinistro,
1091 1523 1190 1558 puppis
1201 1522 1300 1558 Argus,
1311 1525 1338 1549 et
1353 1521 1490 1558 Procyon.

986 1567 1054 1596 Cum
1068 1568 1234 1603 Capricorno
1248 1568 1334 1596 oritur
1347 1567 1444 1603 Aquila
1456 1571 1523 1601 tota,
1541 1567 1654 1604 Sagitta,
1666 1568 1730 1601 Ara,

951 1613 1077 1649 Delphin,
1089 1613 1208 1650 Cygnus.
1223 1613 1358 1641 Occidunt
1373 1613 1504 1641 Heniochi
1521 1613 1638 1649 reliqua,
1650 1617 1732 1649 caput

953 1659 1034 1696 1M
1050 1659 1153 1688 scilicet
1165 1663 1192 1687 et.
1212 1659 1324 1687 sinistra
1340 1666 1448 1692 manus,
1468 1660 1496 1686 in
1508 1667 1561 1695 qua
1576 1660 1665 1694 Capra
1678 1663 1730 1690 est.

951 1709 978 1733 et
1003 1704 1093 1738 Haedi,
1118 1704 1190 1740 Argo
1210 1708 1277 1737 tota,
1297 1704 1405 1740 Hydrus
1425 1704 1536 1733 Cratere
1553 1708 1644 1738 tenus,
1661 1704 1732 1733 Cen—

953 1751 1024 1778 tauri
1042 1750 1208 1786 posteriores
1224 1750 1317 1785 pedes.
1346 1768 1349 1771 -

988 1797 1099 1825 Oriente
1111 1796 1231 1832 Aquario
1242 1797 1331 1824 oritur
1347 1795 1415 1832 Equi
1431 1801 1523 1832 caput,-
1539 1805 1600 1825 cum
1614 1797 1733 1826 anterio-

954 1841 1030 1868 ribus
1040 1840 1166 1876 pedibus.
1179 1845 1207 1869 et
1224 1838 1373 1876 Cassiepea
1385 1841 1579 1877 praetermissa.
1598 1841 1732 1870 Occidunt

952 1887 1102 1922 posteriora
1128 1887 1268 1919 Centauri,
1303 1895 1415 1915 necnon»
1443 1887 1563 1923 Hydrus,
1587 1892 1614 1916 et
1628 1888 1733 1917 Crater

904 1941 908 1945 ·
951 1940 1038 1968 usque
1053 1932 1087 1960 ad
1102 1931 1231 1960 Corvum.
1245 1931 1370 1961 Omissus
1385 1936 1426 1960 est
1441 1933 1550 1962 Crater.

987 1977 1111 2005 Piscibus
1130 1977 1293 2010 orientibus,
1315 1978 1445 2006 australis
1468 1978 1556 2006 Piscis
1579 1986 1635 2006 non
1657 1982 1732 2008 totus

953 2023 1084 2056 exoritur,
1100 2022 1323 2050 et~Andromeda3
1341 2031 1403 2058 pars
1426 2023 1530 2052 dextra.
1555 2024 1640 2053 Totus
1654 2024 1734 2052 Cen-

955 2073 1049 2096 taurus
1060 2068 1170 2101 occidit,
1187 2068 1305 2104 Hydrus,
1319 2069 1433 2100 Corvus,
1450 2068 1556 2098 Crater.

990 2116 1057 2144 Cum
1085 2116 1163 2144 Aries
1185 2116 1281 2148 oritur,
1301 2120 1383 2150 caput
1409 2115 1500 2144 Persei
1529 2124 1590 2144 cum
1611 2117 1732 2146 humeris

955 2162 1051 2194 oritur,
1074 2161 1252 2189 Andromeda!
1268 2162 1379 2190 sinistra
1402 2169 1475 2197 pars.
1499 2162 1625 2191 Deltoton
1646 2163 1731 2191 omis~

915 2215 937 2242 ι)
952 2215 1012 2235 sum
1025 2211 1077 2235 est.
1097 2207 1202 2234 Occidit
1216 2207 1270 2233 Ara
1287 2209 1313 2234 et
1325 2206 1518 2242 Arctophylax.

985 2253 1054 2281 Cum
1068 2253 1173 2280 Taurus
1187 2252 1284 2285 oritur,
1300 2252 1415 2280 Perseus
1430 2256 1503 2281 totus
1518 2257 1640 2281 exortum
1654 2253 1729 2286 facit,
1742 2282 1744 2284 ,

951 2300 1015 2328 item
1034 2299 1142 2334 Aurigae
1158 2298 1263 2326 sinistri
1283 2298 1360 2334 pedis
1375 2299 1543 2331 extremitas,
1566 2304 1593 2327 et
1616 2299 1741 2328 sinistra,

951 2352 1047 2372 manus
1058 2364 1066 2377 ,
1078 2344 1112 2371 in-
1123 2351 1176 2378 qua
1188 2343 1276 2378 Capra
1291 2347 1355 2371 sunt
1369 2348 1395 2371 et
1414 2343 1503 2378 Haedi,
1519 2344 1582 2372 Cet'r
1592 2345 1684 2372 cervix
1701 2351 1729 2372 et

946 2390 1047 2418 'cauda.
1078 2388 1184 2432 Occidit
1212 2389 1395 2426 Arctophylax
1424 2397 1486 2418 cum
1520 2391 1622 2419 Arietis
1652 2394 1745 2426 parte~

971 2443 1047 2463 rlma.

971 2444 1047 2463 rima.

950 2444 969 2471 Ρ
985 2482 1052 2510 Cum
1079 2481 1307 2510 Geminis-oritur
1331 2482 1430 2510 fluvius
1453 2482 1604 2514 Eridanus,
1634 2481 1728 2516 Cetus,

951 2528 1045 2556 Orion.
1061 2528 1165 2556 Occidit
1178 2527 1336 2564 Ophiuchus
1355 2529 1469 2564 genibus
1480 2532 1571 2556 tenus.

985 2617 1048 2645 Haec
1060 2617 1116 2645 fere
1132 2621 1196 2646 sunt
1211 2625 1271 2653 quae
1285 2617 1318 2644 ad
1332 2617 1426 2644 rudem
1443 2614 1664 2643 informationem
1692 2614 1725 2642 de

951 2663 1055 2698 sphaera
1070 2663 1184 2690 dicenda
1201 2663 1320 2692 (uerunt.
1342 2662 1408 2690 Illud
1424 2668 1594 2697 consequens
1605 2664 1657 2693 est,
1675 2664 1729 2688 ter-

950 2717 1009 2736 ram
1033 2708 1151 2737 rotunda
1166 2712 1291 2736 constare
1313 2707 1410 2740 forma,
1436 2713 1516 2741 quam
1536 2706 1641 2734 medius
1666 2713 1729 2741 per-

950 2755 1049 2782 transit
1068 2755 1138 2787 axis,
1163 2759 1190 2782 et:
1209 2762 1268 2782 eam
1296 2753 1459 2781 immobilem
1488 2755 1596 2780 coercet
1616 2760 1622 2778 :
1650 2752 1729 2787 cujus

950 2805 1070 2828 extrema
1084 2809 1132 2836 per
1146 2805 1290 2836 utrumque
1305 2800 1406 2835 polum,
1419 2798 1552 2826 borealem
1568 2797 1729 2826 australem-

952 2854 1005 2882 que
1020 2847 1133 2882 trajecta
1151 2849 1224 2874 sunt.
