1923 3137
211 148 280 176 1145

247 207 328 235 Zonae
342 209 406 235 sunt
422 206 448 233 in
465 213 496 233 ea
511 205 631 240 quinque
645 215 652 233 :
675 206 908 241 septentrionalis,
931 213 991 241 quae
1004 207 1028 236 Α

213 258 270 281 tota
286 253 409 284 sublimis
422 255 480 284 est,
500 251 696 283 inhabitabilis,
712 252 859 286 frigoribus
878 252 987 285 infesta,

214 300 379 334 Saturnique
392 297 518 333 propria;
532 297 636 329 aestiva,
651 297 730 332 cujus
748 305 812 332 pars
829 306 911 333 supra
936 302 991 326 ter-

212 354 271 374 ram
299 344 386 379 major
413 343 524 376 eminet,
548 343 638 370 minor
657 343 711 370 sub
731 348 803 371 terra
819 344 989 379 deprimitur.

213 391 252 419 Ea
264 394 305 419 est
321 389 476 417 habitabilis
494 389 679 424 undiquaque,
701 394 860 424 temperata,
875 389 933 418 Jovi
949 390 991 418 di-

212 440 289 466 cata;
303 435 510 470 aequinoctialis,
519 434 597 469 cujus
608 443 671 470 pars
685 435 797 470 mqualis
811 435 880 462 infra
895 443 991 470 supra-

212 489 264 515 que
286 484 386 508 terram
411 483 512 511 exstat,
534 483 641 510 exusta,
665 480 744 507 Marti
763 480 928 515 peculiaris;
950 481 992 508 hi-

212 527 305 558 berna,
332 525 412 560 cujus
430 525 516 560 major
539 525 590 553 sub
605 530 677 553 terra
699 533 775 561 pars,
792 533 875 562 supra
890 531 990 554 terram

211 573 299 600 minor
322 571 440 604 exsistit,
454 571 481 598 in
497 571 590 598 orbem
615 572 752 606 habitata;
768 575 927 607 temperata,
948 580 993 600 sa-

211 626 259 645 cra
276 617 374 646 Veneri
389 627 396 650 ;
411 618 539 645 australis
559 625 613 645 non
632 625 777 653 apparens,
791 618 901 651 alsiosa,
914 618 993 647 inho-

212 665 294 700 spita,
311 664 446 692 Mercurio
461 664 560 692 dicata.

246 711 355 739 Arctica
377 718 445 738 zona
471 714 579 738 constat
599 711 736 746 scrupulis
765 711 942 747 scxagesimis
957 711 992 745 6;

213 756 410 792 aequinoctialis
440 755 457 784 8
477 766 483 783 :
509 756 590 783 habet
605 757 640 783 ab
654 760 767 791 utraque
782 762 857 793 parte
871 757 993 792 aequino-

213 803 301 830 ctialis
323 802 435 834 circuli;
450 802 495 829 hic
514 802 586 829 enim
600 802 714 829 mediam
739 802 824 837 ipsam
837 802 932 829 dividit
947 810 994 836 per

214 852 297 875 totam
315 848 465 882 sphaeram;
482 848 575 876 aestiva
593 848 719 883 scrupula
739 848 756 875 5
769 848 888 882 obtinet;
904 852 994 875 antar-

213 894 283 920 ctica
305 893 331 920 6.
353 892 445 928 itaque
472 894 597 928 superior
622 893 740 926 ambitus
760 898 839 921 terra:
866 894 994 929 scrupula
1008 912 1030 939 Β

214 939 317 974 colligit
335 939 438 967 tricena
452 949 459 972 ;
479 939 592 967 totidem
616 939 738 967 inferior.
754 939 839 967 Totus
855 948 919 975 ergo
934 947 993 967 am-

214 985 288 1013 bitus
303 987 443 1021 sexaginta
454 987 590 1021 scrupulis
606 991 724 1015 constat.
740 987 914 1022 Sexagesimo
936 988 996 1014 cui-

215 1039 268 1066 que
281 1032 408 1066 scrupulo
424 1031 573 1058 stadiorum
581 1031 664 1064 4,200
677 1036 842 1067 competunt.
855 1032 994 1068 (lolligun-

216 1080 261 1103 ιω·
271 1076 419 1104 stadiorum
436 1077 463 1103 in
475 1080 531 1104 tota
551 1080 622 1104 terra
633 1076 760 1109 250,000.

361 1133 398 1160 De
418 1134 450 1160 iis
472 1141 529 1168 qua:
548 1134 575 1160 in
591 1134 698 1161 sublimi
713 1138 866 1163 cernuntur.

253 1188 297 1217 Ill.
318 1189 356 1216 Ex
376 1190 454 1224 aquis
476 1197 537 1225 quae
563 1189 591 1216 in
608 1193 682 1217 terra
707 1194 780 1222 sunt,
808 1189 996 1218 exhalationes

216 1235 282 1262 oriri
307 1235 436 1261 dicuntur
453 1243 460 1262 :
481 1242 597 1269 quarum
617 1235 701 1262 altera
721 1239 764 1262 est
777 1235 890 1262 humida
905 1239 932 1263 et
947 1243 996 1263 va-

216 1281 297 1316 pida;
316 1281 400 1308 altera
421 1281 496 1308 sicca
513 1284 540 1308 et
559 1280 672 1308 fumida.
699 1280 777 1308 Prior
806 1281 949 1309 abundans
971 1285 997 1309 ct

217 1332 323 1359 coacta,
347 1327 433 1354 nubes
447 1336 453 1354 :
470 1330 582 1360 mutata,
611 1326 718 1361 pluvias
735 1330 762 1353 et
778 1327 881 1354 imbres
906 1327 996 1361 cilicii,

217 1380 249 1400 ac
271 1377 376 1404 ventos,
403 1372 450 1408 qui
467 1376 565 1400 natura
583 1380 633 1400 sua
658 1372 778 1400 indidem
796 1373 934 1400 oriuntur.
951 1373 998 1401 Est

217 1422 306 1445 autem
323 1417 420 1444 nebula
437 1417 523 1445 nubes
546 1425 677 1452 aquarum
694 1418 807 1450 sterilis,
827 1418 885 1445 sive
899 1418 998 1453 vapida

217 1463 363 1490 exhalatio.
380 1462 488 1496 Caligo,
512 1467 569 1491 atra
593 1463 679 1491 nubes
693 1468 720 1490 et
745 1464 835 1498 plena.
860 1463 998 1491 Serenitas

218 1516 265 1536 aer
284 1509 393 1536 innubis
421 1513 448 1536 et
470 1509 600 1543 liquidus.
629 1508 801 1541 Obscuritas.
818 1510 890 1537 aeris
906 1509 998 1538 densi-

218 1558 261 1582 tas
273 1554 463 1589 incomposita.
479 1554 583 1590 Κνηκίς
599 1559 642 1582 est
658 1555 744 1582 nubes
761 1555 933 1587 tenuissima,
948 1555 999 1581 hu-

219 1607 295 1627 more
323 1607 419 1627 vacua.
435 1600 489 1628 Bos
516 1605 560 1628 est
589 1601 687 1628 humor
707 1601 812 1635 puriori
827 1601 949 1636 allapsus
964 1609 997 1629 ex

218 1645 327 1676 aethere,
350 1653 382 1672 ex
407 1645 481 1673 tenui
501 1646 616 1673 materia
632 1646 799 1674 consistens.
823 1646 900 1673 Stilla
930 1654 998 1681 aqua

219 1695 261 1718 est
277 1691 432 1718 minutatim
449 1692 475 1719 in
490 1697 578 1720 terras
597 1692 730 1719 irroratis.
752 1691 848 1719 Pluvia
864 1696 906 1720 est
924 1693 999 1720 stilla

219 1736 339 1768 densior.
354 1741 381 1764 et
393 1738 476 1772 jugis.
493 1737 592 1771 Imber,
608 1739 713 1774 exiguae
728 1739 902 1766 collectiones
915 1746 1001 1773 aqua-

220 1790 279 1809 rum
290 1791 305 1810 e
317 1783 388 1811 nube
403 1784 555 1811 mutatione
571 1784 658 1811 factae.
675 1784 782 1812 Glacics
795 1789 835 1813 est
849 1792 919 1819 aqua
934 1792 1000 1812 con-

219 1831 304 1854 creta.
316 1827 428 1860 Pruina,
438 1836 484 1855 ros
495 1836 549 1856 non
563 1829 670 1864 penitus
683 1835 852 1864 compactus.
865 1829 926 1860 Nix.
939 1829 1000 1863 plu-

218 1872 325 1900 viarum
339 1874 410 1901 stilla
428 1875 455 1901 in
473 1874 546 1902 nube
561 1880 698 1902 concreta.
724 1875 813 1909 Νιφάς
828 1879 869 1903 est
888 1876 935 1902 nix
956 1879 999 1903 te-

218 1921 309 1948 nuiter
320 1921 430 1949 cadens.
448 1920 568 1954 Grando,
582 1921 668 1949 imber
681 1926 723 1949 est
739 1925 894 1950 concretus.

1012 1576 1033 1605 ϐ

255 2007 335 2036 Sicca
346 2012 435 2036 autem
451 2008 586 2036 exhalatio
603 2016 664 2036 cum
683 2017 698 2036 a
714 2008 815 2044 frigore
828 2009 998 2045 propellitur,

220 2059 316 2082 ventos
330 2054 422 2082 eilicit.
445 2054 570 2082 lncidens
589 2055 684 2082 eadem
702 2059 730 2082 et
754 2055 920 2083 inﬂammata
946 2055 999 2083 ful-

219 2100 294 2127 mina
312 2099 413 2136 gignit;
437 2100 546 2134 quando
562 2099 706 2127 confertim
722 2101 850 2135 erumpit,
878 2101 1000 2128 nondum

221 2153 336 2173 accensa
360 2146 485 2181 penitus,
504 2146 629 2174 turbines
652 2146 756 2181 igneos.
787 2149 815 2173 at
828 2147 904 2174 nullo
919 2146 1000 2174 modo

221 2198 363 2222 succensa.
377 2191 519 2226 typhones.
534 2192 602 2219 Cum
619 2197 661 2220 est
675 2192 801 2223 solutior,
813 2192 947 2226 ecnephias
960 2191 1000 2219 fa-

221 2235 268 2262 cit.
281 2235 414 2262 Caeterum
430 2236 543 2269 fulmen,
556 2240 670 2272 prester,
682 2241 709 2264 et
724 2237 825 2273 typhou
839 2237 999 2264 incumbens
1014 2240 1037 2268 Ι)

223 2281 342 2316 σκηπτός
365 2281 474 2309 dicitur.
504 2281 566 2310 Haec
590 2283 685 2318 paucis
712 2290 743 2310 ac
757 2282 918 2318 compendio
938 2290 1000 2317 per-

223 2327 368 2355 strinxisse
400 2327 637 2361 suillciat.j‘Nunc
671 2328 706 2356 ad
737 2329 879 2363 sequentia
905 2336 999 2364 perge-

222 2380 293 2401 mus.

520 2427 558 2455 De
577 2428 684 2456 mundo.

258 2485 301 2513 IV.
318 2485 435 2512 Mundus
447 2489 488 2516 est
499 2493 641 2521 compages
652 2494 685 2513 ex
698 2487 767 2514 caelo
778 2489 911 2520 terraque,
923 2489 949 2513 et
965 2486 998 2513 iis

223 2532 328 2559 naturis
344 2535 541 2566 coagmentata,
554 2539 614 2566 quae
627 2535 742 2566 utroque
756 2532 999 2560 continentur.Cm-

224 2578 279 2604 lum
299 2581 340 2604 est
353 2576 378 2603 id
392 2576 465 2611 quod
482 2577 572 2603 omnia
589 2583 648 2610 quae
665 2581 738 2608 sunt,
756 2583 851 2611 prater
868 2578 997 2612 seipsum,

223 2623 421 2658 complectitur.
441 2622 536 2650 Hither
551 2625 593 2650 est
608 2623 765 2650 tenuissima
781 2624 938 2651 substantia:
950 2624 1001 2651 dif-

225 2669 305 2701 fusio,
332 2673 427 2705 suapte
453 2673 552 2696 natura
573 2668 661 2696 calida
676 2673 702 2696 et
725 2669 882 2703 splendida;
901 2677 931 2696 ac
944 2670 1000 2704 pri~

224 2715 340 2749 inigetua
357 2719 411 2747 lux,
426 2723 514 2750 neque
536 2715 570 2742 ab
592 2715 676 2741 altera
689 2714 859 2749 participato.
887 2715 939 2741 Aer
959 2719 1001 2743 cst

225 2760 375 2787 substantia
389 2760 455 2788 levis
467 2765 493 2788 et
509 2760 667 2796 caliginosa,
689 2768 749 2795 qua:
773 2761 999 2787 communicatum

261 2837 300 2869 ‘f
318 2837 470 2872 ὑπέργειον.
516 2838 526 2854 ⁸
539 2838 560 2869 Ιὶ.
579 2837 716 2873 μυριάδες.

713 146 759 173 AD
779 147 911 176 EUSEBII
929 142 1123 174 CHRONICON
1143 140 1321 169 APPENDIX.

1753 135 1824 163 HM

1078 204 1154 238 Ἔχει
1180 201 1210 228 δὲ
1226 200 1313 233 ζώνας
1334 202 1372 226 ε”
1396 197 1498 234 βόρειόν
1519 205 1549 224 τε
1575 196 1641 232 ὃλην
1667 195 1824 231 μετέωρον,

1042 249 1183 284 ἀοίκητον,
1217 244 1439 280 κατεψυγμένην
1463 243 1584 279 Κρόνου,
1610 241 1720 277 Θερινὴν
1742 241 1825 267 πλέον

1042 295 1156 330 ἔχουσαν
1165 291 1195 320 τὸ
1210 293 1281 328 ὑπὲρ
1296 292 1357 327 γῆν,
1371 288 1453 326 ἧσσον
1465 289 1494 315 δὲ
1506 288 1538 315 τὸ
1551 288 1603 315 ὑπὸ
1615 287 1680 322 γῆν,
1692 286 1825 314 κυκλόθεν

1039 339 1195 374 οίκησίμην,
1209 335 1349 373 εὔκρατον,
1363 335 1435 366 Διός·
1450 333 1619 370 ίσημερινὴν,
1637 333 1696 359 ἴσον
1709 332 1825 366 ἔχουσαν

1039 386 1071 412 τὸ
1087 385 1139 412 ὑπὸ
1158 385 1220 419 γῆν,
1236 384 1292 410 ἴσον
1317 382 1345 409 δὲ
1359 381 1390 408 τὸ
1409 381 1477 416 ὑπὲρ
1501 379 1553 414 γῆν
1563 399 1570 411 ,
1586 377 1823 412 διακεκαυμένην,

1043 430 1157 466 Ἄρεως·
1170 427 1335 465 χειμερινὴν,
1344 427 1423 454 πλέον
1434 426 1546 461 ἔχουσαν
1557 423 1588 450 τὸ
1599 423 1653 450 ὑπὸ
1664 423 1727 458 γῆν,
1739 420 1825 458 ἧσσον

1040 475 1069 502 δὲ
1087 475 1117 501 τὸ
1143 475 1213 511 ὑπὲρ
1237 474 1307 508 γῆν,
1334 471 1463 499 κυκλόθεν
1483 469 1656 505 ᾠκισμένην·
1673 467 1823 503 εὖκρειοον,

1048 520 1215 556 Ἀφροδίτης’
1231 519 1326 551 νότιον,
1341 517 1442 552 ἀφανῆ,
1454 514 1674 551 κατεψυγμένην,
1686 513 1823 548 ἀοίκητον,

1047 565 1160 601 Ἑρμοῦ.

1085 715 1116 742 Ἦ
1132 715 1180 750 μὲν
1197 711 1242 741 οὖν
1260 712 1376 750 ἀρκτικὴ
1390 712 1460 748 ζώνη
1479 712 1540 746 -ἑχει
1561 709 1695 746 έξηκοστὰ
1712 709 1748 742 ς’,
1762 710 1780 744 ἡ
1796 709 1824 736 δὲ

1045 760 1188 796 ίσημερινὴ
1201 763 1236 795 η’,
1248 759 1278 792 ἐξ
1296 759 1424 794 ἐκατέρου
1438 757 1519 793 μέρος
1539 756 1586 783 τοῦ
1603 755 1762 792 ἰσημερινοῦ
1780 756 1824 790 μέ-

1046 814 1108 842 ρους
1122 806 1260 833 τεθεικύτα
1270 814 1277 822 ο
1292 801 1368 836 οὗτος
1381 804 1434 839 γὰρ
1449 803 1533 839 μέσην
1553 802 1638 837 αὐτὴν
1649 802 1742 836 τέμνει
1757 801 1824 827 κατὰ

1044 852 1093 887 τὴν
1123 851 1187 887 ὅλην
1212 852 1345 886 σφαῖραν·
1374 851 1391 885 ὴ
1414 849 1442 876 δὲ
1465 848 1558 884 θερινὴ
1585 848 1721 883 ὲξηκοστὰ
1747 846 1783 873 ε”
1809 848 1825 881 ἡ

1045 897 1209 933 ἀνταρκτικὴ
1221 895 1352 932 έξηκοστὰ
1367 899 1404 928 ς’·
1413 895 1483 921 ὥστε
1497 892 1566 921 εἶναι
1573 894 1623 929 τῆς
1632 894 1684 929 γῆς
1692 894 1742 927 τὴν
1750 892 1825 927 πρί-

1043 952 1115 978 γειον
1127 945 1137 959 ⁸
1147 942 1297 979 έξηκοστῶν
1309 942 1330 968 λ’
1341 951 1347 957 ·
1356 942 1454 976 ὁμοίως
1469 940 1497 967 δὲ
1510 941 1556 967 καὶ
1568 940 1599 967 τὺ
1610 939 1662 966 ὑπὺ
1674 939 1725 974 γῆν
1734 938 1825 972 ἑξηκο-

1045 989 1113 1015 στῶν
1125 989 1146 1015 λ’
1157 997 1164 1004 ·
1180 988 1301 1023 γίνεσθαι
1315 986 1360 1014 οὖν
1368 987 1430 1023 ὅλην
1443 986 1491 1022 τὴν
1505 986 1556 1020 γῆν
1567 984 1721 1020 έξηκοστῶν
1733 983 1762 1015 ξ’.
1778 983 1826 1008 Δί»-

1044 1043 1122 1061 ναται
1132 1034 1160 1061 δὲ
1171 1034 1242 1069 ἔχειν
1256 1033 1285 1060 τὺ
1293 1032 1436 1068 ἑξηκοστὸν
1451 1031 1573 1062 σταδίους
1586 1031 1630 1062 ,δσ’
1641 1039 1647 1044 ·
1664 1029 1826 1063 συνάγεσθαι

1044 1078 1089 1107 οὖν
1099 1080 1145 1107 ἐπὶ
1155 1080 1186 1106 τὸ
1200 1079 1264 1106 αὐτὸ
1275 1080 1302 1107 αἱ
1313 1079 1360 1114 τῆς
1374 1078 1436 1113 ὅλης
1452 1077 1564 1104 σταδίων
1579 1076 1633 1112 μοί.
1647 1077 1657 1092 ⁵
1669 1079 1692 1102 κ’
1706 1076 1752 1101 καὶ
1764 1079 1793 1101 ε’.

1304 1133 1375 1168 Περὶ
1389 1132 1566 1168 μεταρσίων.

1080 1193 1118 1219 Γ’.
1133 1192 1253 1219 Γίνονται
1267 1188 1323 1223 οὖν,
1339 1190 1430 1226 φησὶν,
1444 1188 1640 1223 ἀναθυμιάσεις
1653 1188 1686 1214 ἐκ
1699 1187 1752 1213 τῶν
1767 1187 1827 1213 ὑδά-

1045 1247 1099 1265 των
1114 1238 1163 1273 τῆς
1183 1238 1246 1272 γῆς,
1261 1237 1278 1272 ἡ
1299 1236 1347 1272 μὲν
1365 1235 1435 1271 ὑγρὰ
1459 1235 1506 1261 καὶ
1529 1233 1666 1268 ἀτμώδης,
1682 1234 1698 1267 ή
1717 1233 1745 1259 δὲ
1760 1232 1826 1266 Em?!

1047 1283 1094 1310 καὶ
1110 1282 1263 1316 καπνώδης.
1284 1281 1339 1308 Καὶ
1360 1281 1376 1316 ὴ
1403 1279 1585 1310 πλεονάζουσα
1599 1278 1672 1313 ὑγρὰ
1693 1277 1742 1303 καὶ
1766 1285 1827 1302 aw-

1049 1327 1177 1362 ισταμένη
1193 1327 1262 1361 νέφη
1287 1327 1374 1356 ποιεῖ,
1402 1325 1449 1351 καὶ
1472 1323 1541 1351 κατὰ
1564 1322 1714 1358 μεταϐολὴν
1738 1323 1828 1352 63:05;

1048 1372 1094 1398 καὶ
1107 1371 1236 1407 ὄμῦρους,
1254 1371 1301 1397 καὶ
1316 1370 1467 1405 πνεύματα,
1482 1369 1530 1396 ὅσα
1545 1370 1577 1396 ὲκ
1594 1368 1696 1396 τούτων
1713 1367 1824 1402 γίνεται.

1050 1417 1126 1443 ’Ἐστι
1149 1417 1178 1443 δὲ
1198 1416 1297 1452 ὀμίχλη
1313 1415 1393 1449 νέφος
1412 1415 1507 1449 ἄγονον
1532 1413 1641 1445 ὓδατος,
1667 1413 1684 1448 ἦ
1701 1412 1827 1447 ἁτμώδτις

1048 1463 1238 1498 ἀναθυμίασις.
1259 1462 1344 1496 Ζόφος
1359 1461 1387 1487 δὲ
1406 1461 1485 1495 νέφος
1504 1460 1584 1496 μέλαν
1609 1468 1639 1486 τε
1658 1459 1706 1485 καὶ
1728 1458 1828 1492 πεπλη-

1050 1508 1180 1545 ρωμένον.
1205 1506 1302 1543 Δίθρία
1320 1506 1349 1533 δὲ
1374 1506 1428 1541 ἀὴρ
1449 1505 1576 1540 ἀνέφελος
1601 1505 1648 1531 καὶ
1672 1504 1826 1539 ἁνόμιχλκ.

1055 1555 1150 1590 Ἀχλὺς
1165 1554 1194 1580 δὲ
1207 1553 1293 1588 πάχος
1309 1552 1388 1588 ἀέρος
1402 1551 1560 1578 ἀσύστατον.
1575 1551 1677 1585 Κνηκὶς
1690 1550 1719 1575 δὲ
1733 1549 1827 1583 νεφέλη

1049 1599 1209 1634 λεπτοτάτη,
1227 1597 1292 1633 κενὴ
1308 1597 1411 1628 ὓδατος.
1427 1596 1524 1632 Δρόσος
1536 1595 1564 1622 δὲ
1581 1595 1662 1630 ὑγρὸν
1680 1595 1708 1627 ἐξ
1725 1594 1829 1629 αἰῡέρος

1050 1645 1154 1680 αἰθρίου
1183 1643 1253 1670 κατὰ
1282 1642 1409 1669 σύστασιν
1433 1641 1542 1676 λεπτὴν.
1575 1641 1674 1672 Ψακᾰς
1700 1641 1728 1666 δὲ
1760 1640 1828 1675 ὕδωρ

1049 1689 1154 1720 λεπτῶς
1176 1688 1377 1722 διεστιασμένον
1400 1694 1430 1712 τε
1458 1685 1503 1712 ἐπὶ
1521 1686 1570 1721 τῆς
1594 1685 1655 1719 γῆς.
1684 1684 1777 1715 Tete;
1803 1684 1830 1710 δὲ

1049 1734 1139 1769 ψακὰς
1151 1733 1219 1768 ἁδρὰ
1233 1732 1280 1759 καὶ
1303 1732 1425 1766 συνεχής.
1441 1730 1562 1766 Ὄμϐρος
1576 1730 1603 1756 δὲ
1622 1730 1708 1766 μικρὰ
1731 1731 1829 1764 συστή-

1052 1789 1124 1816 ματα
1139 1779 1233 1810 ὓδατος
1253 1779 1285 1805 ὲκ
1299 1778 1396 1811 νέφους
1416 1776 1486 1803 κατὰ
1510 1776 1672 1811 μεταϐολήν.
1695 1776 1787 1809 Πάγῳ
1804 1775 1829 1801 ἰέ

1050 1826 1123 1852 ἐστιν
1139 1825 1211 1860 ὕδωρ
1236 1823 1368 1858 πεπηγός.
1388 1823 1480 1858 Πὰχνη
1504 1823 1532 1848 δὲ
1558 1822 1702 1857 ἠμιπαγὴς
1725 1822 1829 1857 δρόσος.

1049 1871 1123 1898 Χιὼν
1139 1871 1166 1897 δὲ
1182 1870 1266 1896 ὑετῶν
1286 1868 1376 1904 ψακὰς
1390 1870 1418 1895 έν
1436 1869 1510 1902 νέφει
1528 1868 1674 1902 πεπηγότι,
1694 1867 1784 1901 Napi;
1804 1866 1832 1892 es

1049 1918 1107 1943 ἐστι
1122 1915 1188 1952 χιὼν
1203 1916 1339 1942 πίπτουσα
1350 1915 1465 1946 λεπτῶς.
1476 1914 1588 1946 Χάλαζα
1598 1914 1626 1940 δέ
1640 1915 1714 1940 ἐστιν
1722 1913 1831 1948 ,ὖμϐρος

1051 1963 1192 1998 πεπηγώς.

1090 2010 1122 2036 Ἡ
1138 2010 1166 2036 δὲ
1181 2007 1252 2044 ξηρὰ
1261 2007 1440 2042 ἀναθυμίασις
1452 2007 1484 2033 ἐκ
1493 2005 1540 2033 τοῦ
1551 2006 1604 2033 ὑπὺ
1610 2005 1713 2040 ψύχους
1722 2005 1733 2020 ⁸
1748 2005 1833 2040 μενῶ-

1051 2056 1123 2087 σθεις
1137 2055 1252 2090 ἀνέμους
1267 2055 1388 2089 ἐμποιεῖ·
1405 2053 1578 2088 ἐμπίπτουσα
1592 2051 1620 2078 δὲ
1638 2051 1687 2077 καὶ
1701 2051 1832 2085 διάπυρος

1050 2101 1191 2136 γινομένη,
1208 2099 1370 2136 κεραυνούς·
1387 2098 1473 2134 ἀθρόα
1486 2098 1515 2124 δὲ
1535 2097 1683 2132 φερομένη,
1695 2097 1832 2131 ὴμίπυρ-ις

1050 2147 1126 2182 οὖσα,
1142 2149 1315 2185 πρηστῆρας·
1334 2148 1371 2183 μὴ
1382 2146 1565 2182 πεπωρωμένη
1578 2145 1606 2171 δέ
1620 2153 1678 2175 πως
1690 2143 1830 2178 τυφῶνας

1051 2195 1179 2231 ἀνειμένη
1195 2196 1224 2222 δὲ
1239 2197 1256 2230 ἡ
1268 2195 1337 2230 αὑτὴ
1350 2193 1476 2227 ἐκνεφίας
1495 2193 1574 2219 ποιεῖ.
1588 2190 1728 2225 Κεραυνὸς
1746 2190 1775 2216 δὲ
1787 2189 1833 2215 καὶ

1052 2242 1189 2277 πρηστὴρ.
1201 2242 1247 2268 καὶ
1257 2241 1349 2275 τυφὼς
1363 2238 1539 2273 κατασκήψας
1553 2239 1567 2264 ὁ
1579 2236 1700 2270 σκηπτὸς
1714 2236 1831 2269 λέγεται.

1052 2286 1175 2313 Τοσαῦτα
1202 2286 1251 2322 μὲν
1269 2285 1378 2321 ἀρκέσει
1400 2284 1437 2315 ὠς
1459 2284 1487 2310 ὲν
1507 2283 1623 2316 ἐπιτομῇ
1647 2280 1714 2315 περὶ
1731 2280 1833 2306 τούτων

1054 2332 1195 2368 εἰρῆσθαυ
1211 2332 1274 2367 ἑξῆς
1290 2332 1318 2358 δὲ
1333 2332 1366 2358 τὰ
1381 2329 1514 2357 ἀκόλουθα
1527 2328 1628 2355 τούτων
1642 2326 1772 2362 ἐροῦμεν.

1333 2429 1401 2463 Περὶ
1424 2429 1549 2463 κόσμου.

1087 2490 1122 2516 Δ’.
1140 2490 1249 2525 Κόσμος
1269 2488 1328 2514 ἐστὶ
1348 2487 1472 2522 σύστημα
1496 2484 1610 2520 οὐρανοῦ
1631 2484 1679 2510 καὶ
1706 2483 1770 2518 γῆς,
1789 2482 1831 2508 καὶ

1051 2535 1105 2563 τῶν
1131 2537 1160 2561 ὲν
1180 2535 1284 2566 τούτοις
1309 2534 1424 2568 φύσεων.
1451 2532 1570 2567 Οὐρανὸς
1593 2531 1621 2557 δὲ
1646 2531 1678 2556 τὸ
1708 2530 1830 2564 περιέχον

1052 2582 1140 2608 πάντα
1157 2581 1190 2607 τὰ
1202 2580 1275 2610 ὅντα,
1293 2579 1361 2614 πλὴν
1383 2577 1475 2604 αὐτοῦ.
1491 2576 1577 2611 Αἰθὴρ
1591 2576 1618 2601 δὲ
1644 2574 1740 2606 οὐσίας
1758 2574 1829 2608 χύμα

1051 2626 1081 2652 τὸ
1094 2626 1266 2656 λεπτότατον,
1283 2623 1381 2660 θερμὸν
1395 2623 1472 2658 φύσει
1488 2622 1533 2649 καὶ
1550 2621 1693 2656 λαμπρόν·
1709 2620 1740 2646 τὸ
1758 2618 1821 2656 πρῶ-

1051 2679 1096 2696 τον
1116 2671 1182 2704 φῶς,
1206 2670 1252 2696 καὶ
1279 2669 1315 2704 μὴ
1338 2668 1406 2695 κατὰ
1425 2667 1540 2702 μετοχὴν
1565 2666 1657 2701 ἐτέρου
1679 2664 1826 2699 γινόμε-νὶτν.

1057 2714 1122 2750 Ἀὴρ
1137 2715 1165 2740 δὲ
1178 2714 1254 2740 οὐσία
1268 2713 1366 2747 κούφη,
1382 2712 1492 2747 ζοφερὰ,
1508 2710 1577 2737 κατὰ
1590 2710 1706 2744 μετοχὴν
1719 2709 1746 2735 δὲ
1762 2707 1827 2742 γινό-

1053 2761 1159 2795 μενοντ.
1179 2760 1211 2786 Ἦ
1238 2759 1268 2786 δὲ
1289 2757 1377 2794 Οερμὴ
1400 2758 1446 2784 καὶ
1461 2756 1578 2791 φωτεινὴ
1593 2755 1662 2782 θεῶν
1683 2755 1715 2786 ἐξ
1728 2754 1827 2788 αἰθέρος

761 2838 771 2854 ⁵
783 2837 858 2873 [μὲν
869 2837 994 2865 ὠσθεῐσα.
1020 2838 1045 2875 η⁷
1059 2837 1109 2864 llic
1123 2838 1194 2865 locus
1208 2837 1363 2870 deprauatus
1378 2841 1401 2862 et
1417 2836 1534 2863 mutilus.
