1907 3144
153 138 224 166 1145

151 245 248 271 στάσιν
265 245 335 280 ἕχον,
361 247 417 274 ἀλλ’
441 249 485 275 ἀεὶ
511 251 647 287 φερομένη
665 252 765 287 κύκλῳ.
782 254 885 286 Πόλος⁵
901 256 930 282 δὲ

150 291 295 317 καλοῦνται
306 292 331 317 oi.
345 292 414 318 κατὰ
428 295 549 330 κορυφὴν
560 296 637 322 τόποι
649 297 699 332 τῆς
713 294 829 334 σφαίρας
839 308 846 315 ·
859 300 929 333 ἄξων

147 335 178 362 δὲ
194 336 224 362 τὸ
249 336 292 363 διὰ
308 337 388 371 μέσον
405 339 454 374 τῆς
478 341 594 377 σφαίρας
614 342 705 378 διῆκον
719 344 842 379 πνεῦμα·
861 346 930 382 ὅπερ

147 382 223 408 ἐστὶν
238 383 330 410 εὐθεῖά
341 393 393 415 τις.
406 385 507 413 Κύκλοι
518 387 546 413 δὲ
560 387 683 422 λέγονται
697 389 726 416 ὲν
742 390 782 425 τῷ
803 391 909 428 οὐρανῷ
919 402 927 408 ·

146 426 232 459 ζῶναι
245 429 274 455 δὲ
284 429 330 456 ἐπὶ
345 430 394 465 τῆς
407 431 458 466 γῆς
469 440 476 447 ·
493 432 615 469 κόλουροι
629 434 657 460 δέ
668 436 736 462 εἰσιν
750 439 788 468 ς’.

180 564 259 595 Οὗτοι
275 568 303 595 δὲ
317 569 340 595 οἱ
354 569 510 605 ἀναγκαίού
521 572 535 599 ό
546 574 741 610 μεσημϐρινὸς,
754 576 801 603 καὶ
817 576 832 603 ὁ
845 576 892 603 τοῦ
903 576 927 593 ⁸”

144 613 227 648 μέσον
249 614 366 649 τέμνων.
390 616 489 652 Νοητοὶ
509 618 558 652 μὲν
582 618 629 647 οὖν
642 618 731 647 οὗτοι·
756 621 882 658 αἰσθητὸς
897 623 925 650 δὲ

141 660 157 685 ὁ
171 660 313 693 γαλαξίας.
333 661 362 688 '0
377 662 483 697 τέμνων
496 664 543 691 καὶ
558 666 655 700 ὁρίζων
670 667 753 694 ἐστίν.
774 667 886 703 Ὀρίζων
897 669 926 696 δὲ

142 704 251 738 λέγεται
268 707 282 732 ὁ
293 706 395 738 διιστὰς
405 707 459 734 τῶν
471 709 618 745 ὁρωμένων
636 711 671 738 τὰ
686 711 723 747 μὴ
735 711 860 748 ὁρώμενα
875 713 925 748 τῆς

142 750 262 786 σφαίρας
272 760 279 767 ⁸
297 752 343 778 καὶ
359 752 415 780 ἐστι
426 762 478 780 των
497 755 641 789 μεγίστων.
656 757 755 792 Τέμνει
772 758 799 784 δὲ
813 758 858 785 τὸν
871 758 925 790 ζω-

140 794 246 826 διακὸν,
263 797 308 822 καὶ
323 797 449 831 τέμνεται
465 798 510 825 ὑπ’
530 799 621 826 αὐτοῦ.
643 801 718 827 Ὅλοι
730 801 753 828 δ’
766 802 819 829 εἰσὶ
830 802 924 829 κύκλοι

139 838 180 871 ἒξ,
195 839 219 866 οἱ
234 840 375 875 τρανοντες
389 843 399 859 ³
412 843 457 869 καὶ
472 843 632 878 διορίζοντες
646 845 680 872 τὰ
692 846 921 882 δωδεκατημόρια.

137 882 385 920 Δωδεκατημόριον
401 885 430 912 δέ
445 886 517 913 ἐστιν
532 887 645 915 ἕκαστον
659 889 755 925 τμῆμα
769 891 823 917 τῶν
844 892 873 918 ἐν
886 891 926 927 τῷ
940 899 962 928 Β

138 925 273 962 ζωδιακῷ.

675 145 813 174 INCERTI
825 148 870 176 AD
888 149 991 178 ARATI
1004 151 1243 186 ΡΗΑΞΝΟΜΕΝΑΣ

153 187 318 233 συνεστηκός
328 207 335 214 ·
352 199 380 232 ὃς
393 200 430 227 ὢν
447 201 573 238 λαμπρὸς
591 206 639 233 κα).
656 206 791 242 πυρώδης,
805 207 914 236 οὐδέποτ

981 212 1091 241 aliunde
1106 215 1222 245 calorem
1233 237 1241 250 ,
1263 226 1295 248 ac
1320 221 1410 250 lumen

1688 169 1755 197 1148

1471 243 1479 252 .
1504 231 1535 252 ex
1562 226 1661 255 aethere
1681 235 1756 257 com-

980 262 1089 293 pactum
1107 270 1113 288 :
1130 263 1176 297 qui
1201 271 1262 291 cum
1282 267 1440 301 splendidus
1455 269 1602 306 igneusque
1617 274 1663 307 sit,
1680 276 1755 304 nullo

979 307 1100 339 tempore
1111 308 1291 343 conquiescit,
1312 312 1357 339 sed
1373 312 1400 339 in
1412 313 1504 341 orbem
1515 321 1644 351 perpetuo
1661 327 1754 349 move-

979 351 1034 396 tur.
1053 349 1134 378 Polos
1148 354 1286 388 appellant
1303 355 1362 383 loca
1377 358 1500 392 quaedam
1515 349 1543 387 in
1563 349 1674 396 sphaerae
1694 373 1755 394 ver-

978 393 1030 420 tice
1047 403 1054 420 :
1072 402 1147 423 axem
1169 406 1242 431 vero,
1269 401 1394 436 spiritum
1421 404 1468 439 qui
1489 393 1622 440 sphaeram
1638 410 1753 439 mediam

977 441 1111 476 pervadit,
1135 443 1188 472 hoc
1209 449 1252 474 est
1277 447 1374 476 lineam
1403 450 1481 486 145
1496 457 1606 480 rectam.
1630 454 1754 485 Circulos

976 486 1150 517 nominamus
1166 490 1194 518 in
1218 492 1288 520 caelo
1304 502 1312 521 :
1336 502 1419 524 zonas
1434 496 1461 523 in
1473 500 1555 526 terra.
1583 498 1675 527 Coluri
1689 506 1755 529 sunt

975 537 1035 559 sex.

1012 576 1064 606 Sed
1081 579 1107 607 hi
1123 584 1187 608 sunt
1211 583 1328 613 maxime
1341 588 1489 615 necessarii
1505 597 1512 615 :
1530 590 1709 625 meridianus;
1726 596 1754 620 et

979 623 1027 672 qui
1044 625 1162 654 medium
1180 633 1264 659 secat.
1283 630 1372 666 Atque
1394 632 1421 660 hi
1445 634 1554 669 quidem
1575 623 1752 672 intelligentia

975 669 1044 700 sola,
1073 679 1127 698 non
1154 673 1244 709 reipsa
1269 678 1431 706 consistunt.
1445 681 1479 706 At
1502 680 1605 709 lacteus
1631 683 1751 711 circulus

974 721 1057 742 sensu
1089 723 1197 751 quoque
1224 721 1383 756 percipitur.
1405 722 1489 751 Porro
1517 733 1595 759 quem
1619 726 1751 755 circulum

978 767 1073 788 secare
1086 763 1203 790 medium
1223 765 1350 799 diximus,
1371 767 1441 795 idem
1465 773 1491 797 et
1508 770 1618 798 horizon
1641 771 1750 800 dicitur.

974 804 1149 835 Horizontem
1161 817 1299 841 vocamus,
1314 813 1360 847 qui
1376 814 1489 849 sphaera!
1503 821 1593 850 partes
1613 825 1669 850 eas,
1690 826 1751 854 qua}

972 850 1107 884 videntur,
1132 859 1239 888 separat
1261 856 1295 883 ab
1323 858 1356 886 iis
1384 867 1443 893 qua:
1468 861 1579 889 minime
1602 850 1748 897 videntur;

976 895 1054 931 isque
1071 897 1141 925 inter
1161 901 1293 929 maximos
1317 910 1522 938 annumeratur,
1538 914 1634 935 secans
1656 908 1749 935 zodia—

972 948 1046 974 cum,
1062 947 1089 970 et
1106 944 1225 972 vicissim
1247 947 1282 974 ab
1304 956 1337 975 co
1352 954 1454 978 sectus.
1481 951 1550 979 Sunt
1575 957 1663 980 autem
1688 953 1751 980 uni-

136 981 216 1001 verse
228 974 321 1003 circuli
336 984 393 1010 sex,
409 978 454 1012 qui
470 978 687 1009 dodecatemoria
702 981 873 1018 distinguunt
891 990 924 1012 ac
942 986 1132 1018 determinant.
1153 991 1400 1023 Dodecatemorium
1415 1001 1456 1024 cst
1484 1003 1649 1034 segmentum
1663 999 1750 1034 quod-

137 1019 201 1034 “Lm
221 1028 310 1034 Anna“
329 1030 385 1034 ﬂ...»
398 1028 458 1034 μη..
476 1024 500 1034 ς..
518 1032 544 1034 γε
555 1024 590 1034 1',
602 1033 608 1034 ε
619 1033 625 1034 ε

136 1019 205 1046 libet
219 1028 311 1048 eorum
327 1030 386 1056 quae
396 1028 460 1050 sunt
475 1024 503 1051 in
517 1024 640 1053 zodiaco.

298 1077 329 1104 Τί
345 1078 475 1113 διαφέρει
497 1079 611 1115 ἄστρον
627 1082 761 1116 ἀστέρος.

174 1133 210 1159 Ε’.
228 1133 353 1170 Διαφέρει
368 1134 396 1161 δὲ
414 1135 513 1171 ἄστρον
529 1137 652 1173 ἀστέρος.
668 1138 704 1164 Τὸ
720 1138 769 1174 μὲν
781 1145 835 1174 γαρ
847 1140 921 1168 ἐστιν

133 1178 245 1205 εἴδωλον
267 1180 298 1206 ἐκ
321 1180 425 1208 πολλῶν
447 1182 568 1219 ἀστέρων
591 1185 821 1220 μεμορφωμένον·
845 1186 875 1213 τὺ
892 1187 920 1213 δὲ

132 1224 206 1252 κατὰ
233 1225 296 1259 μίαν
319 1227 427 1262 γραφὴν
454 1229 684 1264 περιοριζόμενον.
711 1231 823 1265 Φέρεται
853 1232 881 1259 δὲ
907 1233 922 1259 ὸ

130 1270 209 1304 ἣλιος
222 1271 270 1306 τὴν
286 1272 408 1299 ἐναντίαν
428 1273 514 1309 φορὰν
533 1274 572 1310 τῷ
593 1275 698 1311 οὐρανῷ
710 1284 717 1292 ·
739 1276 809 1303 ὥστε
825 1278 922 1314 διο-σὴν

130 1314 216 1341 αὑτοῦ
247 1315 352 1351 κίνησιν
379 1315 466 1344 εἶναι·
487 1318 537 1353 τὴν
565 1319 613 1354 μὲν
629 1320 676 1347 σὺν
689 1320 727 1356 τῷ
747 1322 850 1357 κόσμῳ,
872 1323 922 1359 τὴν

128 1359 161 1386 δὲ
178 1361 238 1387 κατ’
259 1361 325 1388 ἰδίαν
340 1362 373 1389 ιο.
398 1363 474 1398 Ἔχει
490 1363 517 1390 δὲ
530 1364 576 1391 τοῦ
593 1365 642 1400 μὲν
671 1366 766 1401 θέρους
782 1368 797 1402 ὴ
820 1368 922 1405 ἡμέρα,

128 1406 177 1432 ὅτε
191 1406 263 1433 ἐστὶν
284 1408 298 1434 ὁ
311 1407 385 1442 ἣλιος
399 1409 428 1435 ἐν
447 1409 586 1445 Καρκίνῳ,
609 1411 680 1438 κατὰ
694 1411 742 1447 τὴν
761 1412 885 1440 Ἐλλάδα·
902 1416 919 1450 ἡ

127 1451 161 1478 δὲ
178 1452 226 1484 νὺξ
239 1453 286 1480 καὶ
301 1453 347 1480 δύο
360 1454 470 1491 πέμπτη
487 1455 554 1490 μόνα
568 1456 588 1471 “
598 1464 605 1471 ·
627 1457 673 1483 ἐπὶ
694 1457 722 1483 δὲ
744 1457 878 1493 χειμῶνος
888 1459 918 1486 τὸ

128 1497 276 1525 ἀνάπαλιν.
292 1500 396 1534 ’Δστρα
419 1500 561 1536 ἀμφ,ιφανῆ
582 1502 624 1534 δὶς
643 1503 698 1539 γὰρ
721 1504 768 1539 τὴν
787 1505 808 1520 ¹²
832 1506 916 1542 αὐτὴν

127 1543 227 1578 ὁρᾶται
239 1543 333 1572 νύκτα.
344 1545 386 1571 Ἐν
397 1545 435 1580 τῷ
452 1546 529 1582 νοτίῳ
543 1547 592 1574 οὐκ
599 1547 670 1575 ἐστιν
686 1549 915 1579 ιδεῖντιτοιοῦτον.
929 1541 950 1569 C

319 1649 412 1675 Πόσοι
428 1651 454 1676 οἱ
468 1650 578 1684 πάντες
590 1651 725 1686 ἀστέρες.

170 1703 214 1736 ς’.
223 1703 291 1735 Τοὺς
297 1704 399 1737 πάντας
409 1705 524 1742 ἀστέρας
535 1706 754 1744 εἷναιἾππαρχός
761 1718 843 1744 φησιν
851 1715 913 1742 ,απ’·

124 1748 187 1775 ὅσοι
201 1746 246 1775 ὤν
260 1749 392 1785 πληροῦσι
409 1751 443 1778 τὰ
459 1753 489 1778 ὲν
507 1754 564 1784 τοῖς
583 1755 754 1789 φαινομένοις
775 1755 913 1791 ὁρώμενα.

132 1794 279 1829 Ἀντίζυγα
293 1795 321 1822 δέ
337 1797 394 1823 ἐστι
408 1797 491 1829 ζώδια
503 1799 565 1825 τάδε
575 1808 581 1814 ·
602 1800 695 1835 Κριὸς,
717 1801 805 1837 Χηλαί
815 1811 822 1817 ·
843 1802 914 1829 Ταΰ-

125 1849 186 1876 pag,
208 1841 356 1876 Σκορπίοςε
379 1843 508 1878 Δίδυμοι,
531 1844 664 1881 Τοξότης”
690 1847 738 1873 καὶ
758 1847 914 1884 Διγόκερως

123 1885 257 1921 Καρκίνῳ
269 1895 275 1901 ·
291 1886 385 1914 Λέοντι
405 1888 546 1924 Ὑδροχόος
557 1898 563 1905 ·
582 1890 712 1927 Παρθένῳ
732 1892 842 1927 Ἰχθύες,

247 1953 312 1987 Περὶ
330 1953 390 1981 τῶν
403 1955 462 1989 τῆς
475 1955 610 1990 σελήνης
626 1957 797 1993 σχημάτων.

163 2009 201 2035 Ζ¹.
218 2008 278 2036 Τῶν
295 2009 322 2036 δὲ
338 2010 484 2046 σχημάτων
494 2013 543 2048 τῆς
559 2013 672 2049 σελήνης
687 2015 824 2048 φωτεινῶν
845 2016 912 2043 εἰσιν

124 2054 183 2082 οἶδε
197 2054 282 2090 [μέν.]
295 2056 445 2092 Μηνοειδὴς
461 2058 509 2093 μὲν
524 2055 570 2084 οὗν
583 2059 666 2091 ἐστιν,
679 2060 742 2087 ὅταν
758 2060 810 2087 ὕπό
823 2069 912 2097 γραμ-

125 2101 189 2137 μῶν
212 2103 388 2138 περιφέρειαν
413 2104 590 2140 περιέχηται·
621 2105 761 2141 διχότομος
783 2106 822 2139 δὲ,
848 2107 912 2134 ὅταν

121 2147 910 2182 ὴμικύκλων..............

163 2193 297 2229 Διαφορὰς
316 2193 460 2229 τέμνεσθαι
476 2195 525 2230 τῆς
541 2196 673 2232 σφαίρας·
689 2196 739 2232 τὴν
758 2197 787 2224 δὲ
807 2198 910 2233 παράλ-
925 2215 947 2242 D

122 2238 206 2274 ληλον
221 2240 268 2265 καὶ
283 2239 332 2276 τὴν
347 2239 494 2276 λεγομένην
511 2239 590 2277 λοξήν
600 2250 607 2257 ·
625 2242 665 2268 ἔτι
681 2242 710 2269 δὲ
723 2243 771 2279 τὴν
788 2242 907 2279 ὀρθινήν.

124 2284 318 2320 Παραλλήλους
345 2286 393 2321 μὲν
416 2287 444 2312 ὲν
467 2286 505 2321 τῷ
522 2287 616 2323 κόσμῳ
633 2287 789 2324 συμϐέϐηκε
809 2289 908 2323 λέγειν,

123 2330 184 2356 ὅσοι
196 2329 240 2356 τὸν
254 2330 334 2357 αὐτὸν
346 2330 435 2366 ἔχουσι
450 2331 530 2358 πόλον
544 2332 577 2367 τῇ
594 2332 663 2368 αὐτῇ
681 2333 783 2368 σφαίρᾳ
793 2343 799 2349 ·
814 2334 909 2369 ὀρθοὺς

122 2375 156 2402 δὲ
169 2375 261 2401 τούσδε
275 2377 337 2407 τοὺς
349 2376 402 2403 ἀπὸ
421 2377 473 2403 τῶν
487 2377 584 2405 πόλων.
601 2378 700 2410 Λοξοὺς
711 2378 738 2404 δὲ
750 2375 787 2405 ὧν
803 2379 837 2405 τὰ
852 2380 910 2405 ὲπί-

124 2420 194 2447 ποδα
213 2421 363 2456 κέκρυπται
380 2423 401 2438 ¹³
420 2423 487 2458 πρὸς
501 2423 563 2455 τοὺς
579 2423 739 2459 λεγομένους
753 2424 848 2460 ὀρθοὺς
861 2425 907 2452 καὶ

122 2467 189 2498 τοὺς
204 2467 399 2504 παραλλήλους.
421 2469 553 2503 Ἀπείρως
569 2469 597 2496 δὲ
612 2469 776 2496 ἐπινοεῖσθαι
789 2469 906 2506 δυναμέ-

122 2521 179 2539 νων
203 2513 231 2538 ὲν
253 2515 326 2549 τρισὶ
348 2514 488 2550 διαφοραῖς
511 2514 629 2546 κύκλων,
646 2515 754 2550 νοητέον
776 2515 828 2542 ὑπὸ
852 2515 906 2542 τῶν

125 2558 326 2593 μαθηματικῶν
355 2560 418 2592 τοὺς
447 2561 487 2591 είς
513 2560 562 2596 τὴν
592 2561 685 2596 χρείαν
714 2561 763 2596 τῆς
791 2561 906 2597 θεωρίας

122 2605 221 2640 ἔχοντα
238 2606 431 2642 παρειλῆφοαι.
447 2607 640 2643 Παραλλήλους
660 2608 688 2634 δὲ
704 2609 748 2634 τόν
761 2617 791 2634 τε
808 2609 904 2643 ἀρκτιη

121 2650 172 2677 κον
189 2651 235 2677 καὶ
249 2651 294 2678 τὸν
309 2652 412 2688 θερινὸν
428 2654 567 2689 τροπικὸν,
584 2655 632 2681 καὶ
652 2654 697 2681 τὸν
713 2654 902 2690 ἀνταρκτικόν.

123 2697 199 2732 ’Ἄρα
209 2705 239 2723 τε
258 2697 286 2723 δὲ
299 2699 388 2731 αὐτὸς,
401 2699 447 2726 καὶ
463 2699 485 2716 ³⁸
498 2700 542 2727 ἀεὶ
556 2700 680 2736 φανερὸς,
697 2700 739 2726 διὰ
751 2699 783 2726 τό
794 2708 823 2726 τε
836 2700 904 2727 πάν-

1092 1089 1163 1122 Quid
1177 1092 1281 1119 intersit
1294 1099 1396 1121 astrum
1408 1095 1476 1122 inter
1487 1099 1512 1122 et
1525 1096 1637 1124 stellam.

1005 1141 1038 1170 V.
1056 1142 1149 1171 Diilert
1157 1150 1259 1174 astrum
1274 1156 1288 1175 a
1301 1150 1387 1177 stella.
1404 1150 1451 1178 Est
1459 1152 1529 1179 enim
1539 1153 1603 1180 illud
1615 1154 1702 1190 imago
1716 1164 1748 1184 ex

972 1187 1065 1215 multis
1080 1190 1166 1218 stellis
1178 1191 1310 1228 eﬂigiata;
1326 1194 1383 1222 haec
1398 1203 1464 1223 vero
1478 1197 1604 1232 simplex,
1621 1203 1647 1226 et
1669 1187 1749 1228 unica

975 1231 1157 1268 descriptione
1177 1241 1318 1266 constans.
1336 1238 1466 1266 Caeterum
1489 1231 1539 1268 soli
1556 1247 1650 1269 contra
1667 1249 1748 1279 atque

971 1278 1070 1306 ct‘elum
1083 1281 1201 1315 agitatur
1213 1302 1220 1314 ,
1239 1283 1306 1310 adeo
1322 1287 1352 1310 ut
1367 1285 1500 1319 duplicem
1517 1290 1619 1314 motum
1634 1278 1746 1316 habeat:

973 1323 1088 1351 alterum
1106 1333 1277 1355 communem
1299 1336 1361 1356 cum
1376 1330 1487 1362 mundo,
1506 1331 1667 1365 peculiarem
1681 1334 1748 1362 alte-

972 1377 1040 1397 rum.
1055 1370 1140 1399 Habet
1150 1377 1240 1401 autem
1255 1375 1365 1403 aestivus
1376 1375 1443 1408 dies,
1456 1377 1564 1411 quando
1578 1378 1617 1405 sol
1630 1379 1745 1412 obtinet,

969 1415 997 1442 in
1019 1415 1133 1450 Graecia,
1237 1426 1289 1446 nox
1311 1427 1375 1447 vero
1391 1419 1458 1448 duas
1473 1421 1601 1456 quintas;
1616 1426 1642 1449 at
1658 1423 1746 1452 hieme

970 1466 1064 1489 contra
1076 1470 1136 1491 sese
1155 1471 1199 1492 res
1219 1464 1308 1492 habet.
1326 1465 1420 1493 Sidera
1439 1467 1583 1503 ἁμφιφανη
1601 1473 1744 1502 vocantur,

970 1515 1029 1542 quae
1043 1508 1086 1536 bis
1101 1509 1195 1537 eadem
1211 1515 1290 1539 nocte
1312 1516 1470 1540 cernuntur.
1485 1512 1514 1540 ln
1539 1514 1652 1541 australi
1676 1515 1745 1542 nihil

970 1559 1079 1590 apparet
1092 1555 1237 1590 ejusmodi.

1224 1655 1294 1688 Quot
1316 1657 1368 1683 sint
1390 1657 1485 1684 stellaz.

999 1707 1043 1736 Vl.
1061 1709 1159 1738 Stellas
1180 1718 1274 1740 omnes
1296 1711 1466 1747 Hipparchus
1476 1713 1574 1741 asserit
1587 1722 1647 1743 esse
1658 1715 1741 1744 1080;

964 1761 1023 1788 quae
1037 1754 1166 1782 nimirum
1189 1757 1410 1786 constellationes
1435 1764 1593 1793 apparentes
1615 1759 1742 1789 eﬂiciunt.

964 1800 1094 1834 Opposita
1115 1801 1193 1835 signa
1208 1806 1288 1829 sunt:
1302 1802 1391 1835 Aries,
1407 1802 1506 1837 Chelaa;
1525 1803 1639 1837 Taurus,
1662 1804 1744 1832 Sent--

963 1846 1034 1881 pius;
1046 1847 1162 1880 Gemini,
1172 1847 1345 1884 Sagittarius;
1356 1849 1420 1876 item
1433 1849 1613 1885 Capricornus
1624 1849 1743 1886 Cancro,

962 1891 1046 1920 Leoni
1062 1894 1208 1928 Aquarius,
1222 1894 1327 1930 Virgini
1339 1895 1443 1923 Pisces.

1196 1962 1234 1989 De
1249 1963 1341 1997 figuris
1360 1963 1508 1991 lunaribus.

996 2017 1052 2045 Vll.
1073 2017 1230 2046 llluminatm
1244 2022 1313 2046 luna:
1327 2019 1430 2055 efﬁgies
1449 2021 1508 2047 istae
1525 2024 1598 2048 sunt.
1611 2020 1743 2049 Cornicu-

961 2062 1015 2089 lata
1037 2062 1146 2095 dicitur,
1170 2063 1278 2098 quando
1300 2063 1373 2091 illius
1386 2065 1503 2092 ambitus
1517 2065 1596 2093 lineis
1620 2066 1742 2094 contine-

961 2107 1170 2136 tur.Dimidiata
1185 2117 1258 2142 vero,
1273 2117 1334 2136 cum
1355 2129 1363 2137 .
1385 2130 1392 2137 .
1415 2131 1421 2137 .
1441 2129 1449 2137 .
1472 2129 1479 2137 .
1498 2130 1506 2138 .
1527 2129 1535 2137 .
1555 2131 1563 2138 .
1585 2131 1594 2139 .
1614 2130 1621 2137 .
1645 2130 1652 2137 .
1672 2131 1679 2137 .
1702 2130 1709 2138 .
1731 2130 1740 2139 .

991 2196 1208 2231 Equidistantes
1227 2197 1396 2232 appellantur
1418 2197 1444 2224 in
1470 2197 1581 2231 mundo,
1596 2198 1641 2232 qui
1664 2206 1740 2225 eum-

960 2241 1021 2269 dem
1043 2242 1141 2269 habent
1160 2250 1221 2269 cum
1242 2243 1346 2277 sphwra
1365 2243 1422 2278 ipsa
1442 2244 1553 2278 polum:
1570 2245 1614 2278 qui
1630 2244 1739 2278 quidem

940 2284 945 2288 ’
959 2296 1020 2316 cum
1029 2288 1098 2323 polis
1108 2288 1267 2324 comparati,
1276 2289 1341 2316 recti
1351 2288 1535 2316 nominantur.
1545 2289 1652 2324 Obliqui
1662 2294 1737 2321 sunt,

958 2341 1074 2369 quorum
1099 2334 1178 2368 plana
1199 2334 1366 2361 inclinantur
1390 2334 1423 2361 ad
1448 2338 1547 2367 rectos,
1572 2338 1599 2362 et
1625 2334 1738 2369 aequidi-

958 2374 1071 2408 stantes.
1087 2380 1153 2407 Cum
1170 2384 1259 2408 autem
1277 2380 1390 2409 inﬁnitis
1411 2381 1498 2409 modis
1511 2381 1658 2416 excogitari
1674 2388 1738 2416 pos-

959 2427 1014 2455 sint
1030 2427 1057 2453 in
1070 2427 1169 2462 triplici
1181 2426 1332 2454 diﬂ‘erentia
1342 2428 1448 2459 circuli,
1463 2428 1666 2462 intelligendum
1682 2430 1735 2456 est,

958 2480 1006 2500 eos
1023 2472 1154 2499 duntaxat
1173 2480 1188 2499 a
1209 2473 1407 2500 mathematicis
1426 2473 1561 2500 adhibitos
1579 2472 1672 2502 fuisse.
1688 2470 1735 2505 qui

958 2517 992 2544 ad
1007 2518 1112 2544 illarum
1125 2526 1214 2545 rerum
1227 2519 1480 2552 contemplationem
1501 2517 1624 2545 utilitatis
1635 2515 1736 2550 aliquid

957 2563 1094 2591 aﬂ‘errent.
1108 2563 1230 2591 l’aralleli
1250 2569 1322 2595 sunt,
1335 2565 1462 2597 arcticus,
1476 2564 1585 2591 mstivus
1603 2562 1734 2596 tropicus,

957 2613 984 2636 et
999 2609 1177 2636 antarcticus.
1193 2609 1320 2636 Arcticus
1335 2610 1403 2636 alias
1418 2617 1524 2644 semper
1540 2615 1672 2651 apparens
1686 2614 1735 2633 vo-

956 2659 1043 2686 catur,
1063 2654 1134 2689 quod
1149 2658 1279 2689 perpetuo
1296 2654 1428 2685 videatur,
1445 2661 1493 2680 nec
1518 2659 1635 2686 unquam
1661 2650 1734 2677 occi-

957 2699 1021 2727 dat.
1039 2719 1046 2726 .
1065 2720 1072 2727 .
1090 2720 1097 2727 .
1115 2720 1122 2727 .
1146 2700 1317 2727 Concurrunt
1340 2707 1389 2735 pro
1414 2698 1554 2734 regionum
1582 2697 1731 2725 varietate:

176 2807 187 2822 ¹⁸
199 2801 223 2841 γ’.
239 2807 325 2845 ττᾴλοι.
363 2808 476 2845 ⁸⁸].
502 2809 513 2824 ⁹
529 2808 732 2845 Ῑὶτρᾳνοῦντες.
752 2808 788 2824 ’¹⁰
804 2808 868 2845 Hm:
882 2816 914 2835 ml

972 2817 1015 2845 vsa.
1034 2843 1039 2845 Α
1055 2809 1075 2824 ¹¹
1091 2809 1111 2840 f.
1124 2809 1328 2845 πεμπτημόρια.
1367 2809 1387 2824 ¹¹
1401 2808 1421 2842 1'.
1435 2807 1503 2834 κατὰ
1513 2808 1570 2842 τήν.
1610 2807 1631 2823 ί³
1644 2807 1663 2843 Ῑ.
1677 2807 1733 2834 ἐπί-

126 2841 196 2870 πεδα
214 2842 346 2870 κέκλιται.
384 2841 406 2860 ¹⁸
422 2843 441 2878 f.
457 2841 588 2878 ἀρκτικὸέ
602 2844 630 2871 δὲ
643 2845 657 2871 ὁ
668 2844 748 2875 αὐτὸς
763 2843 819 2876 καί,
838 2848 887 2871 etc.
915 2843 990 2877 Mox,
1003 2843 1046 2870 διὰ
1061 2845 1091 2870 τὸ
1105 2841 1228 2872 πάντοτε.
