1923 3137
186 142 273 184 ἐιιτ

708 148 751 175 Al)
770 145 904 176 EUSEBII
922 144 1120 174 CHRONICON
1140 144 1319 172 APPENDIX.

1750 143 1815 171 HIS

204 214 325 244 verticali
340 216 441 249 puncto
454 211 487 239 ad
500 213 631 242 austrum,
645 208 687 236 vel
704 206 856 242 aquilonem
876 204 978 239 longius

1043 210 1088 228 ore
1113 202 1269 236 φαίνεσθαι,
1299 208 1346 228 και
1375 201 1505 237 μηδέποτε
1526 201 1626 230 δύνειν.
1641 222 1648 229 .
1662 222 1670 229 .
1686 221 1695 228 .
1711 201 1817 236 Συμπι-

204 263 377 292 abscedente.

239 354 370 389 Tropicus
397 351 515 379 circulus
538 350 578 378 sic
602 347 791 377 informandus
814 347 905 374 animo
928 350 980 378 est,

206 404 335 434 tanquam
350 398 390 426 sol
408 398 436 424 in
452 397 547 424 aestivo
564 395 681 424 solstitio
699 395 805 430 positus
824 392 982 428 parallelum

205 445 287 472 istum
303 452 317 471 a
334 451 362 471 se
377 443 543 478 descriptum
561 442 687 470 sensibus
712 440 839 475 objiciat:
866 438 984 473 aequino-

204 491 294 518 ctialis
308 490 368 517 ideo
383 490 493 521 dicitur,
506 489 577 524 quod
589 488 714 516 noctibus
727 487 784 514 dies
799 489 982 521 exmquentur,

205 543 266 563 cum
283 535 316 562 ad
329 543 390 562 eum
407 536 540 562 circulum
569 533 718 561 secundum
740 539 851 560 sensum
875 530 916 558 sol
939 536 983 556 ac-

205 581 334 613 cesserit;
349 580 479 607 hibernus
495 579 616 613 tropicus
632 581 754 609 vocatur,
769 576 840 611 quod
855 583 916 602 eum
931 574 985 601 cir-

206 626 296 652 culum
323 625 364 652 sol
399 625 534 660 attingens
563 624 707 650 hibernum
729 621 874 649 solstitium
904 619 984 653 facit;

206 671 374 698 antarcticus
401 671 454 697 alio
486 670 595 696 nomine
619 676 753 703 nunquam
785 674 910 701 apparens
944 665 986 692 di-

206 716 279 743 citur
290 723 324 743 ex
342 723 374 742 eo
391 715 464 749 quod
486 716 577 749 reipsa
597 713 743 748 contingit,
764 716 794 739 ut
815 712 891 739 nullo
906 711 986 738 modo

207 762 345 788 videatur.
363 760 539 795 Obliquorum
555 760 609 787 duo
629 764 703 792 sunt,
722 759 768 793 qui
785 758 812 785 in
827 765 925 785 sensus
945 756 987 784 iu-

208 811 334 838 currunt,
354 807 481 834 zodiacus
500 810 527 834 et
549 807 669 844 lacteus;
703 808 730 831 at
751 804 907 831 horizontes
930 802 987 830 sola

208 854 306 880 mentis
320 853 484 887 cogitatione
497 855 634 880 constant.
650 851 670 878 E
687 851 769 878 rectis
791 850 876 877 coluri
888 856 987 876 nomen

207 907 241 927 ex
263 907 295 926 eo
321 900 410 927 sortiti
431 903 505 931 sunt,
523 898 595 933 quod
616 897 704 924 mutili
727 897 791 928 sint,
813 903 863 922 nec
890 894 988 929 integri

209 950 358 972 cernantur
380 945 407 972 in
431 945 610 972 conversione
633 943 754 978 sphaerae.
778 941 988 976 IEquinoctialis

210 990 272 1016 inde
295 990 405 1022 dicitur,
429 990 501 1025 quod
527 990 555 1016 in
575 997 608 1016 eo
633 988 796 1024 aequinoctia
817 987 987 1022 contingant.

210 1035 310 1063 Omnes
338 1036 385 1063 isti
418 1039 491 1063 recta
523 1039 549 1062 et
574 1034 778 1069 aaquidistantes
810 1032 987 1064 incumbunt;

210 1083 313 1117 obliqui
331 1090 395 1110 vero
411 1083 446 1109 ab
464 1090 492 1108 re
506 1082 565 1117 ipsa
577 1081 739 1109 vocabulum
752 1080 841 1115 adepti
858 1082 934 1107 sunt.

246 1128 314 1155 Cum
331 1133 418 1156 autem
435 1128 547 1162 sphaera:
567 1127 664 1155 similis
685 1127 771 1162 ﬁgura
785 1127 821 1154 sit
840 1126 944 1158 mundi,
963 1130 991 1153 et

211 1172 245 1199 ad
260 1180 321 1199 eum
340 1176 496 1206 comparata
518 1176 590 1199 terra
614 1172 701 1200 centri
724 1171 856 1199 rationem
877 1171 990 1204 habeat;

211 1227 271 1254 qum
284 1227 331 1254 per
349 1219 470 1253 ipsorum
491 1218 611 1246 medium
632 1218 745 1253 trajecta
767 1218 902 1253 cogitatur
916 1219 991 1244 recta

211 1265 292 1295 linea,
306 1272 386 1299 quam
401 1264 504 1291 circum
522 1267 676 1291 manentem
695 1267 721 1290 et
733 1263 897 1290 immobilem
911 1270 991 1289 mun-

210 1310 262 1337 dus
282 1310 411 1341 vertitur,
430 1303 673 1344 ax'is‘appellatur,
698 1308 777 1342 cujus
797 1312 917 1335 extrema
937 1307 991 1342 poli

212 1354 406 1381 nominantur:
423 1361 482 1388 qua
499 1354 607 1388 quidem
622 1357 743 1381 extrema
759 1353 880 1380 nonnulli
895 1359 992 1387 parvas

211 1407 273 1428 esse
287 1399 381 1429 stellas
402 1400 547 1433 dixerunt;
564 1400 609 1427 alii
627 1403 727 1435 puncta
746 1400 912 1434 cogitatione
926 1407 994 1426 con-

212 1446 325 1477 stantia,
340 1453 400 1480 quae
420 1449 462 1473 est
479 1445 555 1472 Arati
578 1445 723 1473 sententia.
746 1444 848 1472 [lorum
870 1444 992 1479 polorum

212 1491 281 1518 alter
294 1491 418 1518 sublimis
438 1494 490 1522 est,
505 1490 638 1525 nobisque
655 1489 837 1524 conspicuus;
855 1489 923 1516 alter
940 1489 993 1515 mi-

1029 255 1125 274 πτουσι
1138 247 1210 286 κατὰ
1225 247 1275 279 τὰς
1288 247 1433 283 διαφόρους
1447 247 1575 282 οίκήσεις,
1587 247 1634 274 τοῦ
1647 247 1721 274 κατὰ
1737 256 1816 283 κορυ-

1031 293 1082 329 φὴν
1098 282 1210 328 σημξίου
1224 282 1381 328 νοτιωτέρου
1394 292 1410 327 ῆ
1424 292 1590 328 βορειοτέρου
1605 292 1764 328 γινομένου.

1066 338 1190 365 Νοεισθω
1205 339 1226 365 δ’
1241 340 1254 365 6
1276 339 1324 374 μὲν
1341 338 1445 373 θερινὸς
1457 339 1593 373 τροπικδς,
1608 338 1658 365 τοῦ
1678 338 1759 373 ἡλίου
1773 338 1818 364 ἐπὶ

1032 385 1144 420 θερινῶν
1157 384 1265 420 τροπῶν
1278 384 1435 419 γενομένου,
1452 384 1499 411 καὶ
1513 385 1579 420 προς
1596 384 1727 420 αἱσθησιν
1741 384 1818 410 τοῦτο

1033 430 1204 465 παράλληλον
1218 430 1369 465 γράφοντος
1380 437 1387 444 ’
1401 430 1414 455 6
1429 429 1457 455 δὲ
1479 430 1644 465 ίσημερινδς,
1661 430 1709 456 διὰ
1724 430 1755 455 τὸ
1770 429 1818 461 τὰς

1033 477 1138 512 ἡμέρας
1152 478 1211 508 ταῖς
1224 477 1297 509 νυξὶν
1313 476 1474 508 ἐξισοῦσθαι,
1488 477 1534 503 τοῦ
1547 477 1622 513 ἡλίου
1639 477 1714 504 κατά
1726 477 1818 504 τοῦτον

1033 521 1175 556 γινομένου
1190 522 1235 547 τὸν
1252 521 1351 547 κύκλον
1371 522 1438 557 πρὸς
1457 522 1598 558 αἴσθησιν·
1616 523 1631 548 ὁ
1652 523 1683 549 δὲ
1699 531 1818 558 χειμερι-

1034 567 1088 598 νὸς,
1101 567 1145 593 διὰ
1157 566 1187 592 τὸ
1197 566 1243 592 τὸν
1258 566 1343 601 ἥλιον,
1355 567 1424 593 κατὰ
1437 567 1530 594 τοῦτον
1547 568 1693 603 γινόμενον
1708 568 1754 594 τὸν
1774 568 1818 594 κύ-

1035 613 1108 644 κλον,
1130 612 1285 648 χειμερινὰς
1301 612 1404 648 τροπὰς
1427 612 1575 640 ποιεῖσθαι·
1593 613 1778 648 ἀνταρκτικὸς
1796 613 1818 639 t7

1036 655 1120 690 οὗτος.
1141 659 1186 685 καὶ
1204 659 1247 685 ἀεὶ
1268 659 1372 694 ἀφανὴς
1394 660 1448 686 ἀπὸ
1469 659 1515 686 τοῦ
1533 660 1742 695 συμϐεϐηκότος
1757 660 1816 694 ἔχει,

1036 706 1083 734 καὶ
1098 705 1223 732 οὐδέποτε
1249 706 1385 740 φαίνεται·
1410 706 1462 732 τῶν
1482 705 1510 731 δὲ
1533 705 1617 738 λοξῶν
1643 706 1693 732 δύο
1715 707 1764 740 μὲν
1780 708 1818 733 ὁν-

1035 760 1089 779 των
1105 752 1127 768 ¹¹
1142 751 1209 787 πρὸς
1223 751 1357 787 αἴσθησιν,
1373 752 1387 779 ὃ
1398 760 1427 778 τε
1441 751 1569 784 ζωδιακὸς
1584 753 1630 778 καὶ
1645 754 1658 778 ό
1673 753 1817 785 γαλαξίας·

1037 798 1105 825 οἰδέ
1124 798 1259 833 ὁρίζοντες
1279 798 1384 833 ἐπινοίᾳ
1408 798 1486 833 μόνον
1508 798 1703 832 λαμῦάνονται.
1721 799 1779 824 Τῶν
1795 799 1819 824 δὲ

1038 843 1126 879 ὀρθῶν
1137 844 1160 869 οἱ
1179 843 1227 878 μὲν
1239 843 1361 879 κόλουροι
1375 843 1424 878 τὴν
1433 843 1576 878 ὀνομασίαν
1590 842 1699 876 ἔχοντες
1710 843 1764 868 ἀπὸ
1777 843 1819 868 τοῦ

1039 890 1147 917 κολοϐοῒ
1163 889 1210 916 xa‘t
1234 888 1271 925 μὴ
1287 888 1416 920 ὁλοτελεῖς
1435 889 1574 923 φαίνεσθαι
1591 889 1661 914 κατὰ
1681 889 1731 923 τῆς
1747 897 1821 923 στρο-

1040 936 1093 971 φῆς
1109 937 1158 971 τῆς
1183 936 1318 970 σφαίρας’
1338 936 1352 961 ὁ
1380 935 1409 962 δέ
1435 935 1599 970 ίσημερινὸς,
1624 935 1679 961 ἀπὸ
1697 935 1745 961 τοῦ
1764 937 1822 961 κατ’

1039 982 1119 1008 αὑτὸν
1146 981 1268 1016 γίνεσθαι
1296 980 1345 1012 τὰς
1373 980 1559 1016 μεσημϐρινάς
1583 981 1613 1006 ⁸⁸.
1638 980 1772 1013 Λέγονται
1797 980 1825 1006 δὲ

1039 1027 1139 1059 πάντες
1160 1024 1231 1054 οὗτοι
1258 1026 1325 1063 πρὸς
1347 1026 1397 1058 τὰς
1418 1025 1499 1061 ὀρθὰς
1525 1026 1726 1061 παραλλήλους·
1753 1026 1778 1051 οἱ
1799 1025 1826 1051 δὲ

1039 1073 1110 1106 λοξοὶ
1132 1073 1186 1100 ἀπὸ
1202 1073 1248 1099 τοῦ
1268 1072 1469 1108 συμϐεϐηκότος
1485 1071 1575 1106 ἔχουσι
1598 1073 1647 1107 τὴν
1664 1072 1825 1106 ὀνομασίαν.

1074 1119 1128 1146 Τοῦ
1151 1120 1171 1135 u
1189 1119 1290 1154 κόσμου
1310 1117 1492 1154 σφαιροειδοῦς
1506 1118 1697 1153 ὑποκειμένου,
1718 1119 1766 1144 καὶ
1779 1119 1827 1152 τῆς

1040 1166 1090 1201 γῆς
1105 1165 1173 1200 πρὸς
1187 1164 1267 1191 αὑτὸν
1285 1164 1396 1198 κέντρου
1413 1163 1490 1197 λόγον
1504 1163 1667 1197 ὲπεχοὺπς,
1680 1164 1698 1198 ἡ
1711 1163 1756 1189 διὰ
1776 1164 1825 1197 μὲ-

1042 1220 1088 1238 σου
1103 1210 1191 1238 αὐτῶν
1210 1209 1329 1244 ἀγομένη
1348 1208 1437 1235 εὐθεῖα
1453 1208 1545 1243 νοητὴ,
1566 1217 1597 1233 πε
1604 1209 1627 1243 ρί
1643 1209 1675 1243 ἣν
1691 1208 1827 1241 μένουσαν

1040 1258 1054 1284 6
1078 1257 1179 1291 κόσμος
1204 1255 1359 1291 στρέφεται,
1383 1254 1453 1287 ἄξων
1469 1255 1600 1285 καλεῖται,
1614 1255 1660 1279 καὶ
1677 1254 1711 1280 τὰ
1731 1254 1826 1279 τούτου

1041 1302 1146 1337 πέρατα
1158 1300 1243 1331 πόλοι,
1257 1300 1327 1334 ἆπερ
1341 1299 1411 1331 τινὲς
1429 1299 1479 1334 μὲν
1493 1299 1609 1333 ἀστέρες
1626 1297 1696 1324 εἶναι
1713 1299 1828 1333 μικρῶς

1041 1347 1158 1382 ἔφασαν·
1184 1346 1248 1373 ἔνιοι
1269 1345 1298 1371 δέ
1314 1346 1413 1380 σημεῖα
1429 1345 1521 1380 νοητὰ,
1539 1344 1610 1370 καΟὰ
1636 1345 1683 1370 καὶ
1699 1346 1826 1378 "Agna;

1042 1392 1150 1419 Τούτων
1176 1392 1204 1418 δὲ
1219 1393 1233 1418 ὁ
1256 1391 1305 1426 μὲν
1329 1390 1385 1420 ἔστι
1413 1390 1547 1426 μετέωρος
1569 1390 1614 1415 καὶ
1638 1389 1828 1424 φανερώτερος

1042 1440 1118 1474 ἡμῖν,
1133 1439 1146 1465 6
1159 1437 1187 1464 δὲ
1199 1438 1247 1472 οὐχ
1264 1437 1360 1473 ὁρᾶται
1372 1436 1415 1471 ὑφ’
1430 1436 1517 1471 ἡμῶν.
1534 1436 1586 1462 Καὶ
1609 1436 1733 1461 καλεῖται
1746 1437 1761 1461 ὁ
1783 1436 1828 1469 μὲν

1043 1485 1089 1513 ἀεὶ
1104 1483 1231 1519 φανερὸς
1247 1483 1293 1510 καὶ
1304 1483 1434 1518 βόρειος,
1445 1483 1459 1509 6
1473 1482 1501 1509 δὲ
1516 1482 1562 1509 ἀεὶ
1577 1481 1763 1516 ἀφανὴςκαὶ
1782 1482 1831 1508 rd-

212 1535 287 1562 nime
307 1542 322 1561 a
344 1535 422 1569 nobis
443 1535 573 1562 cernitur.
605 1534 682 1563 Prior
706 1542 767 1561 eum
793 1542 892 1568 semper
909 1542 991 1568 appa-
1007 1544 1029 1573 ε
1044 1541 1116 1565 τιος.

213 1588 283 1612 rens,
309 1584 364 1607 tum
385 1580 476 1607 bereus
499 1580 666 1616 appellatur;
689 1580 822 1615 posterior
839 1587 938 1614 semper
952 1588 995 1607 oc-

213 1625 298 1652 cultus
310 1629 334 1652 et
349 1626 485 1652 australis.

247 1670 306 1698 Jam
332 1671 428 1698 circuli
453 1679 515 1698 cum
543 1671 755 1700 innumerabiles
782 1672 935 1707 cogitentur
965 1672 994 1700 in

213 1717 326 1749 mundo,
342 1716 386 1744 alii
401 1722 474 1749 sunt,
497 1725 566 1752 quos
581 1718 728 1752 parallelos
750 1721 858 1751 vocant,
879 1718 924 1745 alii
947 1726 995 1754 per

214 1763 291 1797 polos
303 1766 455 1794 transeunt,
470 1763 514 1790 alii
529 1762 661 1795 ﬁnitores,
677 1764 779 1799 obliqui
798 1764 843 1791 alii
855 1768 928 1792 sunt.
942 1764 995 1791 Pa-

214 1809 303 1837 ralleli
326 1814 441 1844 quatuor
457 1813 532 1841 sunt,
549 1809 595 1844 qui
610 1809 718 1836 eosdem
731 1817 792 1836 cum
804 1810 904 1837 mundo
917 1810 995 1845 polos

214 1852 325 1879 habent.
344 1851 463 1887 Obliqui,
485 1852 531 1886 qui
547 1859 601 1878 non
621 1851 703 1887 146
711 1853 820 1880 eosdem
834 1853 993 1881 babent.....

214 1905 262 1932 per
276 1898 353 1932 polos
375 1897 471 1925 circuli
490 1900 634 1924 vocantur.
658 1897 771 1930 Quidam
794 1899 821 1925 in
842 1899 996 1927 circumfe—

215 1944 302 1970 rentia
319 1951 368 1970 sua
384 1942 475 1969 mundi
489 1943 566 1977 polos
581 1944 736 1975 continent;
748 1943 883 1978 iidemque
895 1943 993 1975 coluri,

214 1992 242 2016 et
255 1989 398 2016 meridiani
409 1993 540 2023 praeterea
555 1993 703 2023 vocantur;
723 1989 844 2017 linitores
857 1993 932 2021 sunt,
948 1989 995 2024 qui

215 2040 387 2071 apparentem
405 2035 619 2070 mundiﬁpartem
631 2039 764 2070 separant.
783 2056 790 2063 .
809 2056 816 2063 .
836 2055 844 2063 .
861 2056 868 2063 .
886 2036 938 2063 hoc
953 2039 995 2064 est

214 2088 285 2114 eam,
303 2089 361 2115 quae
375 2088 456 2115 supra
469 2084 568 2108 terram
581 2084 632 2113 est,
650 2081 684 2107 ab
697 2089 728 2108 ea
738 2089 798 2116 quae
809 2081 881 2109 infra
895 2086 994 2109 terram

215 2124 407 2151 conditur.’lli
428 2132 509 2160 porro
535 2129 684 2158 mutantur,
701 2133 750 2160 pro
773 2133 806 2153 eo
818 2134 850 2153 ac
864 2127 995 2154 verticale

215 2173 344 2204 punctum
360 2171 433 2198 aliud
446 2174 499 2204 est,
513 2171 560 2206 qui
575 2175 616 2198 est
631 2171 709 2206 polus
728 2171 887 2200 borizonlis.

252 2257 351 2285 Aratus
372 2265 448 2290 vero,
464 2259 509 2294 qui
525 2259 558 2286 ad
573 2260 776 2289 inclinationem
792 2261 901 2289 Graeciaa
919 2262 994 2297 pluet

217 2310 331 2330 nomena
346 2310 394 2330 sua
408 2306 583 2339 comparavit.
596 2314 691 2334 novem
705 2308 892 2335 tantummodo
905 2309 994 2336 circu-

216 2349 305 2375 lorum
332 2349 464 2382 meminit,
480 2358 495 2377 e
524 2351 624 2385 quibus
655 2355 717 2379 octo
747 2352 805 2379 sola
828 2353 995 2387 cogitatione

217 2393 388 2426 consistunt;
411 2402 481 2421 unus
498 2395 596 2429 majori
611 2402 687 2430 parte
707 2397 834 2425 sensibus
855 2398 992 2432 objicitur,

217 2439 263 2474 qui
290 2440 394 2467 lacteus
422 2440 532 2466 dicitur.
558 2440 625 2467 Nam
648 2445 675 2469 et
700 2442 727 2469 in
748 2442 807 2477 ipso
830 2451 897 2471 suus
924 2443 994 2471 inest

217 2487 374 2521 cogitationi
407 2486 493 2514 locus.
519 2485 558 2513 Ex
585 2487 619 2514 iis
646 2488 757 2516 circulis
784 2490 904 2524 paralleli
931 2494 995 2517 sunt

217 2533 338 2568 quinque
354 2543 359 2560 :
375 2533 628 2566 arcticus,aestivus
639 2536 769 2569 tropicus,
785 2536 994 2570 equinoctialis,

218 2578 349 2605 hibernus
368 2579 500 2613 tropicus,
523 2579 711 2613 antarcticus;
729 2581 830 2615 obliqui
848 2585 912 2608 sunt
928 2581 992 2612 duo.

217 2624 346 2651 zodiacus
357 2628 384 2651 et
394 2624 507 2655 lacteus.
525 2624 570 2659 qui
585 2625 723 2652 contrario
740 2625 854 2653 invicem
878 2627 932 2653 situ
948 2634 995 2661 pcr

217 2671 340 2704 tropicos
354 2671 464 2705 oblique
480 2671 641 2704 sinuantur;
659 2679 707 2705 per
721 2672 797 2706 polos
821 2672 996 2707 trajiciuntur

218 2716 272 2743 duo
286 2726 292 2744 :
310 2717 477 2744 meridianus
490 2721 516 2744 et
528 2717 653 2745 horizon.
663 2717 764 2744 Horum
778 2718 898 2744 omnium
915 2718 997 2743 maxi-

220 2761 257 2787 mi
284 2765 368 2795 sunt,
390 2762 589 2797 aequinoctialis
612 2766 640 2790 et
667 2762 789 2798 obliqui,
819 2770 924 2790 necnon
949 2770 996 2798 per

1079 1664 1194 1691 Κύκλων
1206 1663 1233 1690 δέ
1245 1663 1274 1690 ἐν
1291 1662 1330 1698 τῷ
1344 1661 1438 1697 κόσμῳ
1449 1659 1507 1697 [καὶ
1521 1659 1569 1696 μὴ]
1585 1659 1739 1694 νοουμένων
1752 1657 1830 1685 ἀπεί-

1047 1719 1099 1747 ρων
1121 1710 1145 1736 οὶ
1162 1709 1210 1745 μὲν
1229 1708 1395 1744 παράλληλοι
1407 1706 1593 1741 ὀνομάζονται,
1612 1705 1637 1730 οἱ
1657 1704 1685 1730 δὲ
1709 1703 1753 1730 διὰ
1777 1703 1830 1729 τῶν

1046 1756 1143 1787 πόλων,
1160 1756 1184 1782 οἱ
1200 1755 1228 1781 δὲ
1238 1754 1386 1790 ὁρίζοντες,
1401 1754 1424 1779 oi
1440 1752 1468 1779 δὲ
1490 1751 1567 1784 λοξοί.
1582 1751 1638 1777 Καὶ
1652 1751 1678 1776 οἱ
1696 1750 1830 1785 τέσσαρες

1044 1801 1209 1838 παράλληλοι
1233 1801 1281 1836 μέν
1293 1801 1361 1827 εἰσιν
1376 1800 1400 1825 οἱ
1419 1798 1482 1829 τοὺς
1496 1798 1594 1827 αὐτοὺς
1609 1797 1709 1828 πόλους
1723 1796 1830 1831 ἔχοντες

1044 1848 1083 1884 τῷ
1103 1848 1197 1883 κόσμῳ
1210 1855 1216 1862 ·
1234 1846 1305 1878 λοξο)¹
1325 1846 1354 1873 δὲ
1369 1846 1392 1871 οἰ
1409 1845 1445 1880 μὴ
1464 1845 1527 1876 τοὺς
1540 1843 1638 1874 αὐτοὺς
1655 1862 1662 1868 .
1676 1860 1683 1868 .
1696 1861 1704 1868 .
1718 1842 1763 1868 διὰ
1778 1841 1830 1867 τῶν

1045 1894 1132 1921 πόλων
1148 1893 1241 1920 κύκλοι
1253 1891 1398 1918 καλοῦνται
1410 1900 1417 1906 ·
1436 1891 1460 1917 oi
1476 1891 1504 1917 δὲ
1517 1890 1563 1916 ἐπὶ
1578 1890 1627 1924 τῆς
1648 1888 1738 1922 αὐτῆς
1751 1896 1830 1922 περι-

1045 1938 1154 1974 φερείας
1168 1938 1231 1969 τοὺς
1245 1936 1290 1963 τοῦ
1307 1936 1409 1971 κόσμου
1423 1936 1520 1967 πόλους
1535 1935 1642 1969 ἔχοντες
1651 1942 1658 1948 ·
1674 1933 1699 1959 οἱ
1713 1933 1743 1959 δὲ
1756 1932 1831 1963 ac;th

1044 1982 1116 2012 οὗτοι
1132 1984 1206 2020 ὀρθοί
1221 1992 1250 2010 τε
1267 1983 1314 2010 καὶ¹
1333 1982 1466 2017 κόλουροι,
1483 1981 1530 2008 καὶ
1547 1979 1731 2016 μεσημϐρινοὶ
1749 1987 1832 2012 προσ-

1044 2030 1232 2066 ονομάζονται·
1250 2028 1385 2064 ὁρίζοντες
1401 2027 1430 2053 δέ
1446 2028 1470 2053 ot
1487 2025 1647 2061 διορίζοντες
1663 2025 1733 2059 ἡμῖν
1747 2024 1777 2050 τό
1803 2031 1831 2049 τε

1046 2075 1159 2110 φανερὸν
1182 2073 1228 2100 τοῦ
1251 2073 1354 2108 κόσμου
1378 2093 1384 2099 .
1399 2091 1406 2098 .
1421 2092 1427 2099 .
1443 2071 1564 2097 τουτέστι
1581 2070 1610 2095 τό
1630 2077 1662 2095 τε
1685 2068 1758 2103 ὺπέρ
1781 2068 1831 2101 γῆν

1045 2119 1136 2147 καὶτὸ
1160 2119 1211 2145 ὑπὸ
1234 2119 1295 2153 γῆν.
1321 2114 1399 2144 Οὗτοι
1418 2116 1447 2142 δὲ
1468 2115 1691 2151 μεταϐάλλουσιν,
1713 2113 1780 2139 ὅταν
1801 2113 1830 2138 τὸ

1045 2164 1114 2191 κατὰ
1137 2163 1257 2199 κορυφὴν
1281 2162 1390 2197 σημεῖον
1416 2161 1508 2196 ἕτερον
1530 2160 1655 2195 γένηται·
1672 2158 1754 2185 τοῦτο
1777 2158 1830 2193 γάρ

1010 2217 1032 2245 Ι)
1044 2212 1101 2237 ἐστι
1118 2209 1197 2240 πόλος
1211 2207 1357 2244 ὁρίζοντος.
1425 2213 1438 2220 "

1084 2256 1201 2290 ’Ἄρατος
1217 2254 1275 2289 μὲν,
1292 2253 1359 2288 πρὸς
1373 2253 1402 2279 τὸ
1414 2252 1463 2287 τῆς
1484 2251 1606 2282 Ἑλλάδος
1621 2250 1706 2285 κλίμα
1720 2250 1755 2276 τὰ
1770 2259 1831 2284 φαι-

1046 2301 1143 2336 νόμενα
1161 2299 1450 2335 πραγματευσάμενος,
1469 2297 1546 2323 ἐννέα
1567 2297 1653 2332 μόνων
1668 2296 1831 2330 ἐπεμνήσθη

1046 2346 1163 2378 κύκλων,
1179 2345 1251 2372 ὀκτὼ
1269 2345 1317 2380 μὲν
1330 2344 1441 2380 νοητῶν·
1452 2342 1579 2377 αἰσθητοῦ
1593 2342 1631 2374 δὲ,
1650 2342 1698 2367 καὶ
1713 2341 1788 2367 κατὰ
1803 2340 1831 2366 τὺ

1047 2392 1125 2419 πλέον
1138 2392 1206 2423 ἐνὸς,
1217 2390 1265 2417 τοῦ
1277 2389 1442 2425 καλουμένου
1454 2388 1580 2423 γαλαξίου
1592 2387 1622 2413 ⁸³.
1636 2387 1692 2413 Καὶ¹
1702 2387 1732 2412 ἐν
1745 2386 1831 2420 τούτῳ

1046 2440 1100 2476 γὰρ
1122 2440 1221 2465 νοεῖται
1235 2437 1280 2464 διὰ
1297 2436 1391 2463 τούτου
1411 2435 1458 2462 τοῦ
1482 2434 1593 2461 κύκλου.
1610 2433 1721 2459 Τούτων
1738 2432 1761 2459 δ’
1778 2433 1830 2458 εἰσὶ

1047 2485 1211 2521 παράλληλοι
1222 2488 1240 2510 ε’
1251 2492 1258 2500 ·
1276 2482 1414 2519 ἀρκτικὸς,
1430 2481 1532 2516 θερινὸς
1548 2479 1687 2515 τροπικὸς,
1705 2479 1830 2513 ἰσημερι-

1046 2531 1100 2564 νὸς,
1117 2529 1278 2566 χειμερινὸς,
1293 2527 1480 2562 ἀνταρκτικὸς,
1501 2525 1571 2557 λοξοὶ
1586 2525 1642 2556 δύο,
1656 2524 1670 2550 ὅ
1688 2532 1718 2550 τε
1733 2523 1828 2555 ζωδια-

1046 2577 1093 2608 κδς
1108 2577 1154 2603 καὶ
1171 2576 1185 2601 ὁ
1199 2574 1339 2609 γαλαξίας,
1355 2573 1482 2603 ἐναντίως
1499 2572 1622 2606 ἀλλήλοις
1637 2570 1709 2602 κατὰ
1720 2570 1769 2604 τὴν
1784 2569 1827 2595 θέ-

1046 2630 1088 2648 σιν
1101 2622 1144 2648 διὰ
1164 2621 1217 2646 τῶν
1230 2619 1366 2655 τροπικῶν
1381 2617 1555 2652 λελοξωμένοι
1565 2625 1571 2631 ⁸
1589 2616 1636 2642 καὶ
1659 2615 1707 2641 δύο
1719 2615 1763 2642 διὰ
1776 2613 1828 2640 τῶν

1047 2667 1148 2694 πόλων·
1166 2664 1347 2701 μεσημϐρινός
1359 2672 1388 2689 τε
1399 2661 1438 2694 εἷς
1454 2662 1501 2689 καὶ
1513 2663 1527 2688 ὁ
1537 2661 1635 2697 ὁρίζων
1647 2661 1750 2697 ἕτερος.
1765 2660 1827 2685 Τού-

1046 2724 1100 2741 των
1112 2714 1140 2740 δέ
1157 2714 1208 2739 εἱσι
1222 2712 1342 2747 μέγιστοι
1354 2711 1368 2736 ὃ
1379 2718 1409 2735 τε
1424 2708 1579 2743 ἰσημερινὺς
1593 2707 1640 2733 καὶ
1653 2708 1678 2733 οἱ
1691 2706 1772 2738 λοξοὶ,
1783 2704 1827 2731 καὶ

1046 2762 1070 2787 οἱ
1086 2760 1128 2787 διὰ
1144 2758 1197 2785 τῶν
1213 2757 1311 2785 πόλων.
1329 2755 1459 2790 Μέγιστοι
1480 2754 1508 2780 δέ
1525 2753 1683 2785 καλοῦνται,
1702 2749 1739 2779 ὧν
1752 2751 1781 2779 αἱ
1797 2757 1829 2776 ta

264 2839 285 2854 ¹⁸
303 2839 323 2872 f.
336 2839 420 2872 ὄντες.
462 2841 483 2856 ¹⁸
495 2840 514 2874 Ῑ.
534 2840 687 2876 ἰσημερίας.
724 2841 745 2857 ⁸⁷
759 2841 778 2875 Ῑ.
794 2840 838 2867 τοῦ
853 2839 901 2867 δὲ.-
930 2840 951 2856 ¹⁸
968 2839 989 2867 Η

1044 2835 1166 2866 mendosa
1182 2839 1254 2862 sunt.
