1907 3144
129 161 201 190 1119

655 165 792 195 lNCERTl
811 168 855 196 AD
874 169 980 198 ARATI
998 171 1235 205 ΡΗᾹΞΝΟΜΕΝΑ.

1671 181 1739 210 1150

125 219 270 256 διάμετροι
285 219 340 247 ἴσαι
355 220 423 246 εἰσὶν
441 221 565 257 ἀλλήλοις
578 223 625 250 καὶ
637 225 668 260 τῇ
682 225 729 251 τοῦ
748 226 846 261 «ιόσμου
858 227 906 253 διας

965 229 1041 263 polos
1058 232 1194 265 producti.
1216 231 1349 260 Dicuntur
1374 238 1461 262 autent
1483 236 1603 270 maximi,
1623 245 1738 273 quorum

128 266 237 301 μέτρῳ·
251 267 297 293 καὶ
315 267 371 293 ὅσοι
384 267 415 294 τὸ
430 269 494 296 αὐτὸ
513 271 623 306 κέντρον
642 271 732 307 ἔχουσι
753 268 791 309 τῷ
805 274 909 310 κόσμῳ.

128 311 190 338 ’Ὁτι
206 312 234 338 δὲ
249 313 297 339 καὶ
315 312 401 346 ἄλλως
416 315 429 340 ὀ
443 314 486 341 διὰ
505 315 594 350 μέσων
611 317 663 344 τῶν
679 317 781 350 ζωδίων
799 319 911 355 λεγόμε-

124 366 190 390 νος,
225 358 384 392 μεσαίτατος
411 361 539 396 ὑπάρχων
568 362 616 390 τοῦ
648 363 795 398 ζωδιακοῦ,
824 367 909 401 ἡλια-

123 404 183 436 κός
202 412 231 429 τε
255 404 301 430 καὶ
326 405 514 440 ἑκλειπτικὸς
534 408 762 444 ἐπικαλούμενος·
784 411 910 445 ἡλιακὸς

126 449 190 484 μὲν,
214 450 254 476 ὅτι
278 451 292 476 ὁ
313 451 387 485 ἥλιος
412 452 462 485 τὴν
487 454 598 489 πορείαν
617 455 651 481 δι’
668 455 749 482 αὐτοῦ
776 458 908 484 ποιεῖται·

122 495 312 528 ἐκλειπτικὸς
338 496 385 530 δὲ,
416 498 457 524 ὃτι
481 498 514 524 δι’
542 500 624 527 αὐτοῦ
655 501 823 530 ἐκλείπουσιν
843 503 857 529 ὃ
880 512 909 530 τε

122 542 202 576 ἣλιος
215 542 261 569 καὶ
277 543 294 578 ἡ
314 543 422 579 σελήνη.
441 545 496 571 Καὶ⁵
509 545 563 571 τῶν
577 547 753 583 παραλλήλων
772 548 800 574 δὲ
821 549 835 575 6
860 549 909 584 μὲν

123 588 256 623 ἀρκτικὸς
276 588 326 614 οὐκ
345 589 366 604 ¹¹⁹
387 589 543 626 ὠνομάσθη,
567 592 606 618 ὅτι
621 592 689 627 πρὸς
704 594 760 624 τοῖς
776 593 909 629 ἀρκτῴοις

123 634 261 670 ὑπάρχει·
277 635 291 661 ὁ
302 634 330 661 δὲ
345 635 447 670 θερινὸς
458 638 595 671 τροπικὸς,
607 638 658 671 ὃτι,
670 639 715 665 ἐπὶ
728 639 820 666 τούτου
834 640 910 674 γενό-

125 688 209 715 μενος
224 680 308 716 ἥλιος,
322 681 391 708 κατά
405 682 453 717 τὴν
468 682 514 709 τοῦ
526 683 662 719 Καρκίνου
674 685 770 720 ἀρχὴν,
788 686 834 712 καὶ
848 686 908 712 τότε

125 726 245 761 μάλιστα
260 727 328 762 ὑπὲρ
349 728 469 763 κεφαλῆς
484 729 573 764 ἡμῶν,
590 730 683 766 θέρους
700 733 804 766 τροπὰς
826 733 909 758 ποιεῖ-

121 781 171 799 ται
183 780 190 787 ·
205 773 361 809 ίσημερινὸς
371 773 409 806 δὲ,
423 775 463 801 ὅτι
476 775 505 801 ἐν
515 775 600 811 τούτῳ
610 776 751 812 ἰσημερίας
760 777 806 804 δύο
820 779 907 805 ποιεῖ’

122 819 237 855 ἐαρινὴν
251 819 299 855 μὲν
312 820 380 846 κατὰ
392 820 441 856 τὴν
453 820 499 847 τοῦ
511 821 596 857 Κριοῦ
609 823 705 858 ἀρχὴν,
722 823 908 859 μετοπωρινὴν

120 865 153 892 δὲ
169 867 239 892 κατὰ
251 866 304 893 τῶν
324 866 420 902 Χηλῶν
430 875 437 881 ·
454 868 606 904 χειμερινὸς
618 869 644 894 δὲ
663 870 802 904 τροπικὸς,
817 871 858 904 ἐφ’
878 867 907 897 οὗ

122 911 198 937 κατὰ
209 911 257 947 τὴν
268 919 315 937 του
328 911 468 947 Αίγόκερω
484 912 570 948 ἀρχὴν
584 913 598 939 ὁ
617 913 701 948 ἣλιος,
716 913 761 940 τοῦ
778 914 848 941 κατὰ
862 923 907 941 κο-

122 958 214 993 ρυφὴν
229 958 306 993 ἡμῶν
320 958 400 989 τόπου
409 958 543 993 ἀφεστὼς,
560 960 693 995 χειμῶνος
707 961 809 996 τροπὰς
823 963 908 988 ποιεῖ-

120 1012 183 1031 ται·
207 1005 386 1040 ἀνταρκτικὸς
407 1005 435 1031 δὲ
456 1006 470 1032 ὁ
485 1005 524 1041 τῷ
546 1006 679 1042 Ἀρκτικῷ
700 1008 757 1040 ῐσος
779 1008 907 1044 ὑπάρχων

120 1052 193 1088 πρὸς
204 1051 242 1087 τῷ
257 1052 336 1087 νοτίῳ
355 1051 542 1088 τεθεμᾲτισται
555 1053 643 1088 πόλῳ⁸
659 1055 683 1080 ot
698 1054 725 1080 δὲ
737 1054 780 1081 διὰ
791 1054 845 1081 τῶν
861 1055 909 1081 πό-

119 1099 178 1125 λων
190 1098 238 1125 καὶ
251 1097 321 1130 λοξοὶ
339 1097 414 1133 παρὰ
424 1098 474 1134 τὴν
486 1098 559 1125 θέσιν
571 1099 768 1136 ὠνομάσθησαν
782 1109 789 1116 ⁶
805 1101 852 1127 καὶ
866 1101 906 1128 ὅτι

118 1144 136 1170 ὁ
156 1143 207 1178 μὲν
218 1143 347 1175 ζωδιακὸς
358 1143 418 1170 ἐπεὶ
432 1145 460 1170 ὲν
474 1143 548 1179 αὑτῷ
561 1145 595 1171 τὰ
607 1145 640 1180 ιβ’
651 1145 732 1177 ζώδια
745 1148 906 1183 κατηστέρι-

120 1198 196 1222 atat,
213 1189 260 1216 τοῦ
274 1189 318 1216 διὰ
340 1189 422 1224 μέσου
439 1189 521 1216 αὐτοῦ
537 1189 635 1217 κύκλου
652 1192 838 1228 ἐφαπτομένου
853 1192 907 1219 τῶν

118 1235 261 1272 τροπικῶν
277 1236 348 1262 κατά
359 1245 385 1262 τι
401 1235 479 1271 μόνον
496 1238 618 1271 σημεῖον.
634 1237 710 1264 Κατὰ
729 1238 778 1273 μὲν
797 1239 850 1275 γὰρ
861 1239 907 1266 τὸν

119 1281 227 1316 θερινὸν
241 1280 367 1316 τροπικὸν
383 1281 399 1316 ἡ
419 1281 466 1306 τοῦ
492 1281 627 1316 Καρκίνου
644 1283 717 1309 ἐστὶν
735 1283 816 1318 ἀρχὴ,
838 1283 907 1310 κατὰ

117 1327 149 1353 δὲ
171 1327 215 1353 τὸν
230 1326 382 1362 χειμερινὸν
402 1325 449 1352 τοῦ
463 1326 612 1362 Αίγόκερω.
634 1327 662 1353 Ὁ
674 1326 702 1353 δὲ
718 1327 846 1361 γαλαξίας
860 1328 907 1355 καὶ

119 1374 198 1408 παρὰ
214 1373 263 1408 τὴν
281 1373 374 1408 χροιὰν
397 1372 561 1408 ὠνόμασται.
584 1373 686 1405 Λευκὸς
701 1374 754 1409 γὰρ
771 1374 905 1408 φαίνεται,

118 1419 171 1446 καὶ
192 1419 272 1450 αὐτὸς
296 1418 340 1445 διὰ
363 1418 416 1445 τῶν
438 1418 576 1454 τροπικῶν
597 1418 787 1454 λελοξωμένος,
810 1420 906 1455 μικρὸν

121 1466 214 1501 μέντοι
230 1465 400 1492 ὑποπίπτων.
417 1465 612 1500 Μεσημὸρινός
626 1474 666 1497 τε,
685 1466 727 1499 ἐφ’
746 1463 776 1492 οὗ
797 1466 908 1501 τέμνον-

119 1519 168 1542 τος
181 1510 226 1537 τὸν
239 1510 362 1545 ὁρίζοντα
378 1510 430 1545 πρὸ
444 1510 467 1526 ὀ
483 1510 551 1551 τῶν,
560 1511 658 1543 πόλων,
674 1512 721 1537 καὶ
733 1512 772 1543 εἰς
785 1511 831 1538 δύο
847 1512 907 1539 τινὰ

118 1556 271 1593 ἡμικύκλια
287 1557 453 1593 διαιροῦντος
463 1577 470 1589 ,
486 1553 523 1584 ὧν
535 1557 565 1583 τὸ
582 1557 631 1592 μὲν
650 1557 828 1584 ἀνατολικὸν
838 1578 845 1590 ,
875 1558 905 1584 τὸ

117 1603 148 1630 δὲ
166 1602 288 1630 δυτικὸν
305 1603 480 1638 ὀνομάζεται,
507 1602 649 1638 συμϐαίνει
678 1603 727 1635 τὰς
753 1603 906 1639 μεσημϐρι-

117 1650 170 1681 νὰς
191 1649 389 1677 ἀποτελεῖσθαι.
406 1650 483 1685 Ἔχει
500 1650 529 1676 δὲ
544 1649 574 1675 τὸ
591 1649 639 1685 μὲν
651 1649 736 1684 ἥμισυ
758 1649 828 1685 ὑπὲρ
844 1650 905 1685 γῆν,

116 1697 150 1724 τὸ
172 1697 200 1723 δὲ
215 1697 308 1732 ἕτερον
325 1697 412 1732 ἥμισυ
426 1696 479 1722 ὑπὸ
495 1697 557 1732 γῆν,
573 1696 620 1722 καὶ
637 1695 717 1728 αὐτὸς
732 1695 776 1722 διὰ
789 1695 844 1722 τῶν
860 1696 907 1723 πό-

116 1743 175 1769 λων
190 1742 412 1778 ἀντιτεμνόμενος
422 1742 483 1777 δίχα
500 1742 552 1768 ὑπὸ
566 1741 611 1768 τοῦ
628 1741 773 1777 ὁρίζοντος.
794 1741 906 1777 Ὀρίζων

116 1788 159 1821 δὲ,
175 1786 245 1814 καθὰ
266 1786 433 1822 προείρηται,
445 1786 491 1813 ἐπὶ
503 1787 524 1802 ¹¹
536 1785 590 1812 τῶν
605 1786 792 1822 παραλλήλων.
813 1786 842 1812 ’0
859 1786 907 1821 μὲν

117 1833 176 1867 γὰρ
192 1833 330 1868 ἀρκτικὸς,
343 1832 482 1868 ἐλάχιστος
495 1831 543 1864 ὢν,
559 1832 617 1864 ὅλος
634 1831 704 1867 ὑπὲρ
718 1832 769 1867 γῆν
784 1833 855 1858 ἐστι.
865 1852 872 1859 .
882 1853 888 1859 .
897 1852 906 1866 ,

117 1878 167 1906 διὰ
179 1878 229 1913 τὴν
243 1878 280 1910 ὡς
300 1878 368 1912 πρὸς
383 1878 413 1904 τὸ
432 1878 481 1913 τῆς
501 1877 624 1909 Ἑλλάδος
641 1877 724 1912 κλίμα
737 1877 783 1904 τοῦ
804 1877 906 1912 κόσμου

117 1924 252 1959 ἔγκλισιν,
267 1925 426 1960 ἁπτομένης
437 1923 518 1951 αὐτοῦ
533 1924 583 1959 τῆς
599 1924 674 1950 κάτω
691 1923 865 1959 περιφερείας

116 1971 168 1999 τοῦ
184 1971 316 1998 ἀνάπαλιν
328 1970 380 1997 ὑπὸ
399 1970 450 2005 γῆν
464 1970 523 2002 ὅλος
538 1970 663 2006 ὑπάρχει.

164 2016 192 2042 '0
209 2016 236 2042 δὲ
252 2015 415 2051 ίσημερινὸς,
434 2015 562 2050 μέγιστος
575 2015 622 2046 ὢν,
643 2014 723 2050 μέσος
736 2014 789 2041 τῶν
802 2015 906 2050 παραλ-

116 2062 220 2098 λήλων,
239 2061 269 2088 τὸ
290 2061 338 2096 μὲν
358 2062 444 2097 ἥμισυ
466 2060 522 2096 ἔχει
542 2061 611 2096 ὑπὲρ
637 2061 687 2096 γῆν
709 2060 872 2095 τεμνόμενον
884 2061 906 2075 "

118 2107 176 2135 ὑπὸ
192 2107 237 2134 τοῦ
252 2107 386 2142 ὁρίζοντος
402 2107 477 2142 δίχα·
491 2106 521 2133 τὺ
531 2106 559 2132 δὲ
572 2106 662 2133 λοιπὸν
678 2106 762 2141 ἥμισυ
779 2106 830 2132 ὑπὸ
844 2106 904 2140 γῆν.

118 2153 256 2188 Τέμνεται
271 2152 294 2168 ⁵³
315 2152 358 2178 διὰ
383 2153 472 2187 μέσων
493 2151 553 2186 δίχα
579 2152 649 2178 κατὰ
672 2151 718 2178 δύο
735 2152 852 2187 σημεῖα·
869 2148 907 2178 ὧν

118 2198 195 2226 κατὰ
212 2199 260 2233 μὲν
273 2198 304 2224 τὺ
322 2197 350 2225 ἓν
364 2199 380 2233 ἡ
393 2198 439 2225 τοῦ
457 2197 543 2233 Κριοῦ
561 2199 633 2224 ἐστιν
652 2197 732 2233 ἁρχὴ,
746 2198 815 2224 κατὰ
831 2197 857 2223 δὲ
876 2197 906 2224 τὸ

118 2246 244 2281 ἓτερονὴ
260 2245 313 2272 τῶν
335 2245 443 2280 Χηλῶν.
465 2244 518 2271 Τοῦ
541 2244 632 2280 μέντοι
651 2243 756 2280 θερινοῦ
776 2243 905 2279 τροπικοῦ

118 2293 202 2320 πλέον
214 2292 230 2327 ἢ
244 2292 274 2318 τὸ
287 2292 372 2327 ἥμισυ
388 2291 456 2326 ὑπὲρ
473 2291 524 2325 γῆν
537 2291 589 2317 ὑπὸ
602 2291 648 2317 τοῦ
659 2291 793 2326 ὁρίζοντος
809 2290 907 2326 τέμνε-

117 2346 182 2364 ται·
199 2337 230 2363 τὸ
245 2337 272 2364 δὲ
288 2337 380 2363 λοιπὸν
394 2337 479 2371 ἣμισυ
497 2336 549 2362 ὑπὸ
564 2336 614 2370 γῆν
627 2337 695 2362 ἐστι.
714 2337 769 2362 Καὶ
787 2336 833 2362 τοῦ
853 2345 908 2371 χει-

119 2383 234 2419 μερινοῦ
249 2383 277 2409 δὲ
287 2382 415 2418 τροπικοῦ
431 2381 572 2408 ἀνάπαλιν.
589 2383 648 2408 Εἰσί
663 2391 691 2408 τε
704 2382 845 2414 ἐλάσσονες
859 2384 907 2418 μὲν

117 2430 177 2456 τῶν
201 2430 334 2464 μεγίστων
345 2437 351 2444 ·
369 2429 491 2465 μείζονες
506 2428 533 2455 δὲ
547 2428 600 2454 τῶν
617 2428 774 2463 ἐλαχίστων.
793 2429 823 2455 Οἱ
843 2429 866 2444 ³⁵
878 2429 907 2455 δὲ

118 2475 244 2511 ἀλλήλοις
260 2476 327 2510 μετὰ
344 2477 405 2505 τοὺς
419 2476 570 2511 μεγίστους,
580 2476 629 2501 ὅτε
645 2474 748 2510 θερινὸς
762 2473 800 2509 τῷ
814 2483 907 2515 χειμετ-

119 2520 199 2557 ρινῷ,
214 2521 260 2546 καὶ
275 2521 289 2546 ὁ
303 2520 430 2555 ἀρκτικὸς
450 2519 489 2555 τῷ
508 2518 690 2554 ἀνταρκτικῴ.
712 2519 777 2544 Ἀπὸ
789 2519 842 2554 γὰρ
858 2519 905 2545 τοῦ

121 2565 280 2602 ἰσημερινοῧ
295 2565 350 2592 ἴσον
364 2566 518 2601 ἀπέχουσιν,
536 2565 564 2596 ὃς
578 2565 621 2591 διὰ
639 2564 685 2591 τοῦ
702 2564 815 2599 κέντρου
834 2565 905 2591 ἐστὶν

120 2633 128 2640 .
142 2633 150 2639 .
163 2631 171 2638 .
183 2631 190 2637 .
201 2633 208 2638 .
218 2613 245 2637 ὲν
259 2611 400 2646 διαφοραῖς
422 2611 477 2637 ἴσον
491 2610 637 2645 ἀπέχοντος
657 2610 710 2636 ἀπὸ
723 2610 769 2636 τοῦ
794 2610 905 2646 κέντρου

120 2658 176 2685 [σοι
193 2657 256 2684 εἰσί.
271 2657 442 2692 Τεμνομένου
462 2657 515 2692 γὰρ
532 2656 578 2683 τοῦ
602 2656 787 2693 μεσημϐρινοῦ
807 2657 905 2684 κύκλου

118 2703 163 2733 εἰς
177 2702 215 2734 τξ¹
233 2702 339 2738 μοίρας,
360 2702 413 2729 ὰπὸ
429 2703 450 2718 ’³
472 2701 657 2738 μεσημϐρινοῦ
673 2701 773 2728 κύκλου
790 2702 836 2729 ἐπὶ
860 2703 905 2729 τὸν

118 2749 251 2784 ἀρκτικὸν
265 2748 361 2775 κύκλον
377 2748 481 2783 μοιρῶν
500 2747 543 2780 τς¹
557 2748 596 2763 ³⁸⁸
613 2747 666 2774 ἀπὸ
683 2747 711 2774 δὲ
731 2747 777 2774 τοῦ
800 2749 846 2775 ἐπὶ
860 2749 905 2776 τὸν

923 2259 945 2286 ι)

961 274 1086 302 diametri
1102 284 1164 303 cum
1181 277 1308 310 invicem,
1334 282 1392 306 tum
1409 280 1502 307 mundi
1527 281 1658 309 diametro
1676 287 1740 310 sunt

960 322 1088 356 zequales,
1103 328 1129 349 et
1145 331 1260 357 quorum
1284 323 1354 351 idem
1377 328 1419 352 est
1433 325 1582 361 mundique
1603 332 1737 355 centrum.

960 366 1066 395 Rursus
1088 368 1134 395 ille
1149 369 1195 404 qui
1212 377 1261 404 per
1275 370 1363 398 media
1384 371 1521 399 transiens
1536 372 1612 406 signa
1628 373 1737 406 dicitur,

959 413 987 441 in
1004 413 1117 441 zodiaco
1139 414 1227 442 medio
1254 415 1376 450 positus,
1400 415 1530 450 heliacus,
1555 422 1579 445 et
1605 419 1738 453 ecfipticus

960 460 1128 495 appellatur;
1145 461 1283 494 -Ιιειὶιιιιιε,
1309 462 1381 497 quod
1403 463 1491 497 ipsum
1514 464 1554 491 sol
1577 465 1672 493 itinere
1689 475 1739 494 suo

959 509 1098 540 peragrat,
1131 507 1267 540 eclipticus
1306 508 1377 542 quod
1414 509 1440 535 in
1472 516 1505 536 eo
1531 510 1572 536 sol
1609 518 1641 538 ac
1676 511 1739 538 luna

959 549 1082 577 defectus
1097 551 1247 585 patiuntur.
1259 552 1298 578 Ad
1309 552 1366 579 haec
1378 553 1448 580 inter
1462 554 1605 588 parallelos
1620 556 1738 583 arcticus

960 595 997 622 ita
1015 596 1172 623 nominatus
1191 600 1244 630 est,
1262 597 1335 632 quod
1352 598 1386 625 ad
1401 602 1508 627 arctoas
1531 601 1624 627 mundi
1649 607 1738 636 partes

959 641 1085 675 accedat;
1105 642 1216 670 aestivus
1230 644 1362 678 tropicus,
1376 645 1503 679 quoniam
1519 654 1581 673 cum
1603 647 1644 674 sol
1663 647 1690 674 in
1706 656 1738 676 co

958 692 1094 720 versatur,
1108 689 1187 716 initio
1198 689 1307 722 Cancri,
1320 691 1429 726 quando
1439 692 1534 718 vertici
1548 697 1641 720 nostro
1653 694 1739 728 potis~

959 733 1056 761 simum
1073 734 1206 767 imminet,
1217 735 1324 762 aastivas
1338 737 1528 764 conversiones
1538 737 1627 765 efﬁcit.
1645 738 1739 774 ΛΞςυὶ-

958 780 1084 807 noctialis
1102 780 1163 808 ideo
1177 784 1304 813 vocatur,
1319 782 1383 816 quia
1399 783 1439 810 sol
1453 782 1480 809 in
1496 783 1555 818 ipso
1569 783 1635 810 facit
1651 785 1737 819 aequi-

957 827 1049 853 noctia
1064 825 1134 853 duo:
1151 834 1274 860 vernum,
1292 827 1364 855 circa
1377 827 1475 856 Arietis
1492 829 1615 863 initium;
1629 836 1737 857 autum-

958 871 1033 904 nale,
1061 872 1133 898 circa
1157 872 1301 899 Chelarum
1321 873 1438 901 initium.
1459 873 1594 902 llibernus
1615 876 1738 910 tropicus

957 921 1009 949 est,
1035 918 1063 944 in
1081 926 1145 954 quo,
1163 918 1237 945 circa
1252 919 1359 945 initium
1375 919 1545 954 Capricorni,
1564 921 1604 948 sol
1627 922 1661 949 ab
1675 929 1737 949 ver-

957 962 1011 990 tice
1037 967 1133 990 nostro
1164 963 1271 996 longius
1297 964 1599 999 abscedensiliibernas
1625 973 1738 994 conver-

957 1009 1048 1036 siones
1068 1009 1156 1037 facit:
1179 1009 1345 1037 antarcticus
1368 1011 1479 1045 aequalis
1500 1011 1601 1038 arctico
1624 1012 1658 1038 ad
1686 1020 1737 1039 au-

956 1054 1066 1081 stralem
1078 1055 1170 1089 polum
1184 1055 1346 1087 collocatur;
1359 1056 1405 1090 qui
1418 1060 1506 1084 autem
1520 1064 1568 1092 per
1581 1058 1656 1092 polos
1664 1057 1738 1084 ducti

957 1099 999 1127 vel
1020 1100 1122 1135 obliqui
1142 1101 1282 1133 dicuntur,
1313 1101 1347 1128 ab
1368 1102 1422 1128 situ
1446 1109 1544 1129 nomen
1563 1106 1736 1137 acceperunt.

959 1145 1095 1174 Zodiacus
1109 1146 1170 1173 ideo
1180 1151 1303 1179 vocatur,
1319 1147 1392 1182 quod
1406 1146 1432 1174 in
1446 1155 1477 1175 eo
1492 1146 1633 1175 duodecim
1649 1148 1736 1181 zodia,

956 1190 1008 1218 hoc
1030 1195 1073 1218 est
1092 1191 1313 1219 constellationes
1333 1191 1500 1224 animalium,
1516 1191 1636 1227 efﬁgiata:
1648 1197 1713 1220 sunt
1727 1202 1736 1221 ε

957 1236 1036 1271 cujus
1047 1236 1075 1263 in
1090 1236 1179 1263 medio
1195 1236 1241 1271 qui
1253 1237 1402 1264 collocatus
1419 1240 1459 1264 est
1479 1237 1598 1265 circulus
1618 1239 1737 1273 tropicos

956 1281 984 1308 in
1007 1289 1062 1308 uno
1086 1285 1190 1315 puncto
1215 1281 1359 1316 contingit.
1380 1281 1446 1308 Nam
1474 1282 1501 1308 in
1523 1282 1617 1310 aestivo
1632 1283 1738 1317 tropico

956 1327 1054 1353 Cancri
1066 1329 1108 1354 est
1120 1327 1238 1360 initium,
1262 1327 1289 1353 in
1301 1326 1425 1359 hiberno,
1438 1326 1608 1361 Capricorni.
1622 1327 1738 1355 Lacteus

956 1372 1077 1399 circulus
1103 1379 1118 1398 a
1134 1372 1226 1399 colore
1241 1372 1282 1399 sic
1297 1371 1396 1398 dicitur
1409 1381 1416 1399 :
1432 1373 1532 1407 quippe
1546 1373 1679 1400 candidus
1691 1381 1739 1408 ap-

956 1421 1043 1451 paret,
1056 1425 1088 1445 ac
1105 1425 1154 1452 per
1168 1417 1288 1452 tropicos
1302 1418 1413 1453 obliquo
1431 1422 1458 1445 ct
1480 1418 1537 1453 ipse
1554 1422 1643 1445 tractu
1661 1419 1739 1446 duci-

956 1467 1011 1496 tur,
1022 1465 1148 1499 quamvis
1162 1463 1302 1498 paululum
1324 1464 1395 1491 citra
1420 1464 1552 1492 flectitur.
1574 1464 1738 1493 Meridianus

956 1514 1007 1543 est,
1021 1510 1048 1537 in
1065 1518 1120 1545 quo
1134 1510 1268 1537 ﬁnitorem
1283 1510 1316 1537 ad
1336 1510 1414 1545 polos
1436 1515 1556 1543 secante,
1575 1513 1602 1538 et
1625 1511 1653 1537 in
1669 1511 1739 1538 duos

957 1554 1147 1582 semicirculos
1186 1554 1341 1588 dividente;
1374 1563 1490 1590 quorum
1526 1563 1597 1584 unus
1621 1557 1737 1588 ortivus,

959 1601 1027 1628 alter
1053 1600 1177 1628 occiduus
1193 1600 1314 1633 dicitur,
1339 1601 1490 1628 meridiana
1519 1606 1655 1629 momenta
1674 1610 1740 1629 con—

958 1645 1078 1680 tingunt.
1107 1644 1195 1680 Hujus
1215 1653 1278 1680 pars
1307 1646 1419 1673 dimidia
1448 1654 1530 1681 supra
1552 1651 1651 1674 terram
1680 1651 1738 1681 est;
1792 1639 1798 1644 Χ

959 1691 1011 1718 sub
1032 1695 1106 1719 terra
1131 1691 1243 1718 dimidia
1266 1699 1330 1726 pars
1355 1692 1449 1718 altera.
1466 1691 1538 1719 idem
1553 1696 1580 1719 et
1600 1701 1647 1728 per
1662 1693 1740 1728 polos

957 1735 1084 1763 bifariam
1100 1737 1134 1763 ab
1151 1737 1292 1764 horizonte
1307 1737 1456 1764 dividitur:
1472 1737 1702 1772 quemadmodum
1723 1746 1739 1766 a

956 1782 1095 1817 parallclis
1116 1782 1287 1810 horizontem
1310 1783 1398 1818 ipsum
1419 1784 1505 1810 secari
1522 1783 1642 1812 diximus
1655 1794 1661 1812 :
1674 1793 1738 1814 nam

957 1828 1094 1862 arcticus,
1123 1829 1252 1857 minimus
1276 1837 1337 1856 cum
1367 1830 1412 1861 sit,
1437 1833 1509 1858 totus
1533 1838 1613 1865 supra
1636 1835 1737 1858 terram

957 1873 1057 1901 eminet
1074 1894 1080 1902 .
1097 1894 1103 1900 .
1119 1894 1125 1900 .
1141 1895 1147 1901 .
1162 1893 1167 1900 .
1186 1874 1221 1901 ob
1245 1874 1449 1903 inclinationem
1475 1876 1568 1903 mundi
1585 1877 1736 1904 secundum

957 1918 1067 1947 Graecia:
1082 1920 1174 1952 clima,
1187 1921 1334 1956 attingente
1350 1922 1437 1956 ipsum
1455 1921 1582 1949 inferiore
1596 1922 1711 1950 ambitu.
1728 1939 1737 1952 .

958 1985 966 1994 .
983 1985 991 1993 .
1008 1986 1013 1992 .
1032 1966 1092 1992 vice
1105 1974 1182 1993 versa
1194 1970 1267 1994 totus
1283 1967 1334 1993 sub
1346 1970 1417 1993 terra
1433 1967 1579 1995 delitescit.

993 2011 1201 2047 Equinoctialis
1218 2013 1338 2040 circulus
1362 2014 1511 2046 maximus,
1535 2022 1567 2041 ac
1595 2014 1739 2049 parallelo-

956 2065 1017 2084 rum
1033 2057 1148 2089 medius,
1162 2057 1274 2084 dimidia
1289 2058 1333 2084 sui
1348 2062 1424 2093 parte
1438 2067 1520 2094 supra
1536 2063 1637 2086 terram
1656 2060 1723 2087 attol

957 2104 1031 2138 litur,
1048 2104 1173 2131 bifariam
1190 2104 1225 2131 ab
1239 2104 1380 2132 horizonte
1394 2105 1510 2138 divisus,
1527 2106 1611 2133 altera
1625 2106 1739 2134 dimidia

956 2155 1033 2186 parte
1051 2151 1102 2178 sub
1119 2155 1191 2178 terra
1216 2151 1389 2186 deprimitur.
1417 2152 1446 2179 ln
1474 2152 1524 2180 has
1551 2160 1617 2180 vero
1645 2157 1739 2189 partes

957 2197 1025 2224 duas
1039 2197 1145 2224 duobus
1160 2197 1187 2223 in
1216 2197 1325 2232 punctis
1343 2201 1469 2225 secatur:
1490 2199 1616 2232 quorum‘
1628 2198 1655 2225 in
1683 2206 1739 2226 uno

958 2243 1058 2271 Arietis
1083 2249 1125 2271 est
1145 2243 1261 2276 initium,
1275 2243 1302 2270 in
1329 2243 1425 2277 altero,
1452 2244 1606 2272 Cliclarum.
1631 2243 1738 2280 Tropici

957 2290 1044 2318 aestivi
1070 2290 1185 2325 amplius
1209 2290 1321 2318 dimidio
1349 2291 1385 2317 ab
1411 2291 1554 2322 horizonte
1580 2291 1738 2319 intercisum

959 2344 1042 2371 supra
1067 2340 1168 2364 terram
1187 2337 1316 2371 assurgit,
1330 2337 1464 2372 reliquum
1492 2337 1543 2365 sub
1559 2342 1659 2365 terram
1677 2338 1739 2365 abs-

957 2383 1095 2411 conditur.
1127 2383 1230 2410 Contra
1261 2391 1290 2411 se
1326 2383 1407 2410 habet
1442 2384 1575 2411 hibernus
1605 2385 1737 2419 tropicus.

957 2429 1044 2456 Ambo
1068 2429 1113 2456 isti
1132 2433 1162 2456 ut
1183 2429 1303 2457 minores
1326 2429 1451 2457 maximis
1468 2434 1542 2462 sunt,
1564 2430 1603 2458 sic
1619 2430 1738 2457 minimis

959 2476 1088 2510 majores.
1115 2475 1180 2503 Post
1207 2476 1340 2503 maximos
1372 2475 1490 2510 aequales
1518 2479 1580 2502 sunt
1611 2475 1736 2505 invicem.

958 2522 1079 2556 tropicus
1105 2521 1216 2548 aestivus
1239 2521 1363 2553 hiberno,
1389 2524 1415 2547 ct
1433 2521 1550 2547 arcticus
1566 2518 1736 2546 antarctico:

958 2567 1059 2602 quippe
1075 2567 1109 2593 ab
1126 2566 1308 2600 :equinoctiali
1322 2566 1422 2593 distant
1435 2565 1576 2600 mqualitcr
1590 2573 1596 2590 :
1612 2562 1660 2597 qui
1673 2569 1738 2588 cen-

958 2616 1029 2639 trum
1045 2612 1196 2640 continent.
1215 2612 1265 2645 Qui
1283 2617 1370 2640 autem
1387 2611 1482 2638 circuli
1501 2619 1533 2638 ex
1551 2617 1628 2644 aequo
1641 2607 1736 2635 remoti

959 2662 1024 2685 sunt
1050 2664 1064 2683 a
1087 2661 1192 2689 centro,
1216 2661 1279 2684 sunt
1301 2657 1420 2692 aequales
1441 2656 1568 2682 invicem.
1584 2653 1690 2680 Etenim
1713 2653 1735 2679 si

958 2704 1138 2731 meridianum
1164 2704 1296 2731 circulum
1323 2705 1348 2730 in
1377 2702 1429 2730 360
1459 2705 1550 2737 partes
1575 2700 1735 2731 distribuas,

959 2753 1041 2777 erunt
1062 2757 1076 2776 a
1093 2749 1154 2785 polo
1169 2749 1263 2776 mundi
1280 2748 1312 2775 ad
1331 2748 1462 2776 arcticum
1485 2745 1628 2778 circulum,
1644 2748 1736 2780 partes

160 2840 179 2856 "
192 2840 212 2875 f.
229 2839 325 2877 οῷτῳς.
357 2840 386 2877 _’°
401 2839 420 2874 f.
431 2839 486 2877 διὰ.
510 2840 550 2877 _“_
656 2840 684 2877 _”
700 2839 720 2874 Ῑ.
736 2840 906 2876 τεμνόμενος.

959 2841 970 2856 ²
982 2841 1002 2876 Ῑ.
1015 2841 1141 2877 τέμνεται
1152 2841 1191 2869 δέ.
1229 2842 1251 2858 ¹⁵
1263 2842 1283 2876 Ῑ.
1301 2841 1362 2868 [σοι.
1399 2840 1422 2856 ’⁸
1439 2839 1545 2868 Videtur
1558 2837 1640 2865 πόλου
1648 2837 1735 2873 legem

119 2874 196 2904 dum.
235 2875 258 2891 “
275 2874 337 2910 Leg.
357 2874 410 2908 λς’.
427 2874 490 2902 Mox
505 2874 557 2902 ἀπὸ
572 2874 601 2901 δὲ
619 2874 722 2903 τούτου.
