1923 3137
200 129 286 173 “iis:

730 147 776 175 AD
795 146 928 175 EUSEBH
949 146 1146 176 CHRONICON
1164 147 1342 176 APPENDIX.

1771 149 1835 177 “52

217 201 262 230 36.
277 201 346 229 Hinc
353 199 387 228 ad
398 201 520 229 aestivum
532 201 677 237 tropicum,
689 202 740 236 30;
757 203 792 231 ab
805 204 858 232 hoc
868 204 902 232 ad
916 204 1001 240 aequi-

1060 205 1158 241 lepwbv
1175 205 1303 241 τροπικὸν
1323 204 1345 231 λ’
1359 211 1365 219 ·
1376 204 1423 239 ἀφ’
1436 200 1466 231 οὗ
1480 203 1526 232 ἐπὶ
1538 204 1586 232 τδν
1598 205 1762 241 ἰσημερινὸν
1783 207 1834 232 κᾶ-

217 247 362 275 noctialem
378 247 432 280 24;
447 247 510 274 inde
532 247 564 274 ad
581 248 773 281 antarcticum,
791 249 841 280 50;
869 258 884 276 a
899 258 952 285 quo
966 249 1000 277 ad

216 291 310 326 polum
333 291 479 318 australem
501 290 546 318 56.
569 290 617 319 Hae
641 297 705 320 sunt
728 292 780 320 180
803 298 895 328 partes
919 302 1001 329 supra

218 342 317 365 terram
341 337 506 372 emergentis
528 337 732 373 hemisphzerii:
751 339 863 376 reliquae
887 341 1000 368 alterius

217 387 282 412 sunt
295 382 346 411 sub
361 387 434 410 terra
449 383 562 421 conditi.

533 438 572 466 De
592 440 684 468 astris.

251 495 318 523 VIll.
335 495 479 524 Astrorum
501 496 553 524 alia
567 496 630 529 lixa,
640 497 691 524 alia
709 498 830 525 errantia
847 502 998 526 vocantur:

216 542 269 570 lixa
275 541 413 574 dicuntur,
420 542 514 577 quain
525 542 619 569 mundi
631 543 834 578 superﬁcieZnon
845 547 998 573 moventur.

215 588 265 617 sed
281 589 408 616 eumdem
434 588 557 615 ordinem
574 588 647 616 inter
671 596 700 616 sc
727 593 858 623 perpetuo
878 592 996 616 servant.

216 634 342 662 Errantia
356 638 420 662 sunt
443 635 484 662 sol
497 638 525 662 et
540 634 615 667 luna,
630 641 662 662 ac
679 634 768 662 caeteri
786 635 900 669 planetae
919 635 999 670 quin-

217 687 282 715 que.
307 681 345 707 Ex
367 680 411 707 his
426 679 498 707 enim
525 680 567 706 sol
585 698 593 706 .
607 700 613 708 .
631 700 638 707 .
655 679 683 706 in
702 687 756 706 uno
777 679 882 707 zodiaci
902 679 998 707 circuli

217 725 278 753 loco
290 728 441 757 moventur,
459 724 605 752 stationem
621 723 768 752 faciunt....
790 723 954 759 repedantes
965 723 998 750 ad

219 775 402 807 permeantem
417 771 506 798 media
523 771 601 806 signa
624 770 758 798 circulum
776 779 782 797 :
799 773 826 797 et
842 770 875 797 ad
892 774 999 805 septen-

217 818 332 849 triones,
350 821 397 844 aut
409 816 487 852 147
496 817 796 851 meridiem,mqualiter
808 817 840 843 ad
853 820 1000 850 utrumque

218 862 404 890 deﬂectentes.
423 861 603 889 lnerrantium
618 860 758 888 stellarum
772 861 832 887 alia:
847 861 880 887 ad
892 861 998 895 aquilu-

222 917 282 935 nem
300 916 314 934 a
332 908 444 935 zodiaco
456 907 559 934 circulo
573 907 705 934 recedunt
719 915 726 934 :
743 906 775 933 ad
788 910 911 934 austrum
927 906 997 933 aliae.

221 953 355 981 Dicuntur
378 957 468 980 autem
489 953 612 980 boreales
629 957 730 987 partes,
746 952 860 984 dextrae,
876 952 1002 986 superio-

221 1005 340 1032 resque:
369 1001 398 1024 ut
424 1005 484 1032 qua:
500 997 672 1024 sublirniores
696 997 830 1024 exsistant
851 997 995 1029 australes,

222 1044 351 1075 sinistrae,
366 1047 394 1071 et
410 1043 562 1071 inferiores.
576 1042 634 1070 Jam
651 1050 716 1070 vero
738 1050 799 1070 cum
828 1043 947 1070 mundus
968 1043 1002 1070 ab

220 1094 284 1118 ortu
296 1093 437 1116 moveatur
449 1089 475 1116 in
488 1096 627 1120 occasum,
640 1089 778 1116 contrario
797 1093 871 1116 motu
889 1089 1003 1124 planetae

221 1135 402 1164 nihilominus
432 1137 592 1170 agitantur:
620 1143 652 1163 ac
677 1139 788 1170 propter
817 1135 1004 1163 conversionis

221 1181 316 1208 mundi
332 1181 510 1214 celeritatem,
527 1180 622 1208 itidem
639 1185 669 1208 ut
687 1180 840 1210 inerrantes
861 1180 890 1208 in
910 1181 1003 1208 orbem

221 1227 332 1254 cientur

545 1327 584 1360 De
599 1328 686 1357 zonis.

258 1388 303 1416 IX.
313 1388 453 1417 Parallelis
461 1388 573 1424 circulis
581 1395 656 1415 zonae
664 1387 784 1422 quinque
791 1385 921 1420 subjectae
934 1387 1008 1411 sunt:

222 1433 351 1466 borealis,
361 1441 422 1468 quae
435 1437 491 1460 tota
507 1439 589 1468 supra
598 1436 697 1459 terram
707 1431 831 1458 eminens
843 1433 896 1462 est,
905 1427 1011 1455 inhabi-

223 1480 327 1511 tabilis,
340 1480 450 1511 alsiosa,
464 1478 582 1506 Saturno
593 1478 680 1505 dicata
691 1475 874 1512 ;sexagesima
883 1472 1010 1508 scrupula

223 1533 272 1553 sex
282 1529 387 1561 patens,
403 1533 435 1553 ac
444 1525 593 1552 stadiorum
608 1524 722 1557 25,200;
739 1529 801 1548 nam
813 1520 941 1555 scrupulo
951 1518 1011 1546 cui-

1054 251 1100 286 ἀφ’
1114 249 1144 279 οὗ
1159 252 1205 278 ἐπὶ
1221 251 1267 277 τὸν
1289 251 1417 286 ἀρκτικὸν
1431 252 1452 267 ⁸⁷
1468 251 1499 278 λ’.
1516 251 1596 278 Ὅθεν
1612 253 1660 278 ἐπὶ
1683 252 1732 278 τὸν
1749 252 1835 286 ἀφανῆ

1053 297 1134 324 πόλον
1148 298 1201 330 λς’.
1216 296 1270 324 Καί
1284 298 1352 323 εἰσιν
1365 293 1444 323 αὗται
1455 297 1500 323 τοῦ
1513 297 1581 332 ὑπὲρ
1593 297 1645 332 γῆν
1656 297 1835 332 ἡμισφαιρίου

1054 342 1155 379 μοιρῶν
1172 346 1227 379 ρπ’,
1241 343 1268 369 αἱ
1287 343 1316 369 δὲ
1329 342 1421 369 λοιπαὶ
1436 341 1483 369 τοῦ
1499 342 1550 369 ὑπὸ
1561 343 1622 378 γῆν.

1334 440 1405 475 Περὶ
1419 440 1544 475 ἄστρων.

1089 496 1130 523 H'.
1147 496 1208 524 Τῶν
1219 496 1247 524 δὲ
1260 496 1367 532 ἄστρων
1378 496 1413 522 τὰ
1428 496 1476 531 μὲν
1486 496 1593 531 ἀπλανῆ
1610 496 1747 529 καλεῖται,
1764 496 1797 523 τὰ
1809 497 1834 524 δὲ

1052 541 1212 577 πλανώμενα
1220 551 1226 556 ·
1245 541 1352 577 ἀπλανῆ
1365 542 1413 577 μὲν
1424 543 1457 568 τὰ
1470 542 1539 569 κατὰ
1553 543 1602 578 τὴν
1614 543 1781 578 ἐπιφάνειαν
1792 543 1834 569 τοῦ

1051 587 1154 621 κόσμου
1173 587 1210 622 μὴ
1223 586 1378 623 κινούμενα,
1396 587 1451 613 ἀλλ’
1464 587 1506 613 ἀεὶ
1517 587 1564 623 τὴν
1580 587 1668 623 αὐτὴν
1680 587 1780 622 ἔχοντα
1793 589 1835 614 τά-

1051 631 1092 665 ξιν
1109 632 1177 668 πρὸς
1198 632 1317 667 ἄλληλα·
1338 632 1501 668 πλανώμενα
1523 633 1551 659 δέ
1574 634 1649 659 ἐστιν
1668 634 1683 660 ὅ
1710 642 1741 659 τε
1766 634 1836 668 ἥλιος

1051 677 1098 704 καὶ
1119 678 1135 713 ἡ
1156 678 1264 714 σελήνη,
1286 679 1332 705 καὶ
1350 679 1374 705 οἱ
1394 681 1414 704 ε’
1429 679 1561 714 πλανῆται
1582 679 1712 714 ἀστέρες.
1734 679 1837 705 Τούτων

1051 723 1105 758 γὰρ
1120 724 1134 749 ὁ
1155 723 1204 759 μὲν
1219 723 1294 758 ἦλιος
1307 745 1313 751 .
1329 743 1336 750 .
1348 743 1355 750 .
1369 745 1376 751 .
1395 724 1437 758 ἐφ’
1453 724 1512 756 ἑνὸς
1533 724 1615 751 τόπου
1635 725 1774 756 ζωδιακοῦ
1793 725 1837 751 κύ-

1052 769 1116 796 κλου
1128 770 1274 802 κινοῦνται,
1285 770 1455 806 στηρίζονται
1464 778 1472 785 ·
1489 790 1496 798 .
1510 790 1516 796 .
1530 790 1536 797 .
1551 790 1558 796 .
1571 770 1784 802 ἀναποδίζοντες
1798 771 1838 796 ἐπὶ

1051 814 1097 841 τὸν
1110 815 1154 841 διὰ
1172 815 1253 850 μέσου
1267 815 1312 842 τὸν
1334 815 1463 848 ζωδιακὸν
1474 815 1582 847 κύκλον,
1604 815 1758 851 παριόντες
1778 815 1838 849 πρός

1051 869 1080 887 τε
1097 861 1146 893 τὰς
1162 861 1293 897 ἀρκτικὰς
1323 862 1368 888 καὶ
1391 862 1458 897 πρὸς
1474 861 1648 896 μεσημϐρίαν
1672 861 1704 887 es
1726 861 1783 887 ἴσον
1803 860 1838 893 ἐς)

1050 907 1178 943 ἑκάτερα.
1201 907 1262 934 Τῶν
1282 907 1310 933 δὲ
1327 908 1471 942 πλανήτων
1489 907 1511 923 ³⁸
1525 907 1559 933 τὰ
1578 907 1626 942 μὲν
1651 906 1724 941 πρὸς
1744 907 1840 942 βορρᾶν

1050 953 1139 979 κεῖται
1151 952 1198 979 τοῦ
1217 952 1349 985 ζωδιακοῦ
1365 952 1475 986 κύκλου,
1495 952 1530 979 τὰ
1545 952 1573 978 δὲ
1593 952 1662 987 πρὸς
1679 953 1772 978 νότον.
1788 953 1839 978 Κα-

1051 998 1135 1024 λεῖται
1147 998 1176 1024 δὲ
1195 998 1229 1025 τὰ
1249 998 1297 1034 μὲν
1314 996 1407 1033 βόρεια
1423 998 1493 1034 μέρη
1514 997 1589 1031 δεξιά
1609 1006 1639 1024 τε
1662 999 1712 1024 καὶ
1730 999 1797 1030 ἀνω,
1817 998 1840 1023 ἐν

1052 1043 1115 1078 ὕψει
1128 1043 1226 1078 μᾶλλον
1244 1044 1411 1079 ὑπάρχοντα,
1430 1043 1464 1070 τὰ
1479 1043 1506 1070 δὲ
1519 1043 1595 1070 νότια
1608 1043 1697 1070 εὑὼνυ
1702 1044 1743 1078 μά
1753 1052 1783 1069 τε
1801 1044 1841 1070 καὶ

1052 1089 1138 1117 κάτω.
1156 1090 1210 1116 Τοῦ
1226 1089 1317 1126 μέντοι
1331 1090 1433 1125 κόσμου
1453 1090 1501 1126 τὴν
1521 1090 1568 1116 ἀπ’
1586 1090 1727 1124 ἀνατολῆς
1745 1090 1792 1116 ἐπὶ
1806 1090 1842 1116 δύ-

1054 1144 1096 1163 σιν
1113 1135 1200 1171 φορὰν
1223 1136 1418 1172 στρεφομένου,
1433 1136 1484 1171 τὴν
1505 1136 1629 1162 ἐναντίαν
1644 1136 1725 1170 αὐτῷ
1743 1137 1769 1162 οἱ
1783 1136 1841 1162 πλα-

1053 1183 1133 1218 νῆται
1155 1183 1311 1218 ποιούμενοι
1329 1183 1441 1218 πορείαν
1457 1182 1532 1209 οὐδὲν
1544 1181 1625 1218 ἦττον
1641 1182 1684 1218 [ἢ]
1700 1183 1747 1209 διὰ
1761 1183 1790 1209 τὺ
1802 1183 1842 1209 τά-

1053 1237 1101 1265 χος
1117 1229 1168 1264 τῆς
1182 1229 1228 1256 τοῦ
1244 1229 1346 1265 κόσμου
1360 1229 1557 1266 περιστροφῆς,
1570 1230 1841 1265 συμπριστρεφόμε-

1058 1284 1096 1303 θοι
1111 1276 1211 1312 ὁμοίως
1224 1275 1256 1312 δὴ
1268 1277 1324 1307 τοῖς
1335 1276 1482 1303 ἀπλανέσιν
1496 1277 1615 1311 ἄστροις.

1268 1332 1338 1368 Περὶ
1347 1332 1406 1360 τῶν
1415 1333 1458 1368 ξὲν
1471 1332 1511 1367 τῇ
1526 1331 1632 1362 ζωνῶν.

1093 1388 1132 1416 Θ’.
1144 1389 1232 1416 Ζῶναι
1247 1388 1276 1416 δέ
1297 1389 1350 1416 είσι
1365 1388 1416 1423 τῆς
1432 1388 1484 1423 γῆς
1502 1387 1554 1414 ὑπὸ
1571 1388 1634 1420 τοὺς
1657 1387 1843 1423 παραλλήλους

1061 1436 1176 1468 κύκλους
1188 1436 1286 1472 ὁμοίως
1304 1439 1324 1462 ε’
1334 1444 1341 1451 ⁸
1357 1435 1469 1471 βόρειος,
1484 1434 1532 1470 ὅλη
1548 1434 1696 1470 μετέωρος.
1714 1434 1843 1469 ἀοίκητος,

1063 1482 1266 1517 κατεψυγμένη,
1290 1481 1394 1517 Κρόνου
1406 1502 1413 1514 ,
1442 1479 1595 1515 ὲξηκοστῶν
1610 1479 1659 1514 μὲν
1677 1479 1716 1512 ς’,
1738 1479 1844 1506 σταδίων

1064 1528 1092 1554 δὲ
1101 1527 1252 1563 δισμυρίων
1276 1529 1321 1562 ,εσ¹
1331 1535 1338 1542 ·
1354 1525 1384 1553 τδ
1397 1525 1451 1562 γὰρ
1474 1525 1619 1561 ἑξηκοστὸν
1634 1525 1753 1551 σταδίων
1766 1525 1842 1556 ἐστὶν,

223 1553 392 1607 que‘stadiaL
403 1574 558 1605 competunt
577 1553 657 1602 i300
678 1553 745 1604 limo
763 1553 1006 1602 4,200];‘aestiva,

1060 1553 1112 1610 ,ἆσέ
1120 1553 1158 1590 δι’
1171 1553 1508 1608 θερινὴ,¹πλείονα’ἐ)ξουσα
1517 1553 1557 1598 ’τὰ
1568 1571 1636 1607 ὑπὲρ
1650 1570 1696 1597 τὸν
1713 1553 1842 1606 ὁρίζοντιί

225 1617 306 1652 cujus
327 1617 413 1652 major
425 1624 489 1651 pars
512 1623 593 1651 supra
611 1615 746 1642 iinitorcm
770 1613 927 1645 extollitur;
943 1615 1011 1639 tem-

225 1667 330 1699 perata,
348 1663 375 1690 in
391 1670 444 1698 qua
460 1662 534 1697 regio
551 1665 647 1689 nostra
662 1660 714 1688 sita
727 1663 784 1692 est;
800 1656 1010 1689 attributaJovi,

225 1709 414 1744 scrupulorum
435 1708 565 1744 quinque,
589 1706 740 1735 stadiorum
755 1704 873 1737 21,000;
891 1703 1012 1739 atquinoo

225 1756 315 1783 ctialis
332 1755 462 1790 aequalem
479 1761 573 1790 supra,
597 1752 721 1787 infraque
747 1751 916 1778 horizontem
939 1749 1012 1777 obti-

225 1809 294 1830 nens
311 1805 415 1837 partem
426 1819 436 1834 ,
449 1799 635 1828 inhabitabilis
648 1802 701 1831 est,
721 1802 828 1829 exusta,
843 1796 937 1824 Martis
953 1801 1013 1830 pro-

226 1847 297 1884 pria,
310 1845 489 1882 amplitudine
499 1844 690 1880 scrupulorum
699 1846 771 1876 octo,
778 1843 830 1869 hoc
839 1845 881 1870 est
893 1842 927 1869 ab
938 1845 1014 1868 utra-

227 1900 281 1928 que
307 1891 508 1927 aequinoctialis
532 1894 610 1925 parte
636 1895 770 1924 quatuor;
799 1887 845 1914 hic
863 1887 936 1914 enim
957 1891 1014 1913 tam

227 1939 326 1975 ipsam,
338 1945 420 1974 quam
435 1940 520 1964 totam
532 1936 665 1972 sphaeram
676 1933 794 1961 mediam
805 1931 912 1960 dividit.
926 1930 1014 1958 [labet

227 1986 376 2015 stadiorum
388 1983 503 2017 55,600;
516 1982 642 2010 hiemalis
650 1984 746 2009 contra
757 1983 839 2015 atque
852 1979 945 2006 azstiva
957 1985 1015 2005 ma-

224 2033 279 2068 jori
298 2032 340 2060 sui
356 2036 433 2068 parte
447 2030 498 2058 sub
510 2028 743 2059 horizontelatct,
759 2025 927 2057 habitabilis,
947 2027 1016 2052 tem-

226 2081 338 2114 perata,
357 2077 449 2104 dicata
465 2073 782 2108 Veneri,scrupulorum
802 2071 936 2106 quinque,
957 2073 1015 2098 sta-

227 2124 336 2152 diorum
351 2122 452 2154 21,000
462 2130 470 2156 ;
482 2120 621 2154 australis,
638 2126 698 2154 qua:
709 2122 766 2146 tota
779 2116 924 2148 delitescit,
937 2115 1017 2143 inha-

227 2167 360 2199 bitabilis,
376 2166 485 2202 frigida,
502 2166 536 2193 ad
552 2164 716 2192 Mercurium
730 2162 885 2198 pertinens,
901 2168 1017 2195 scrupu-

1060 1619 1200 1654 εὐκρατος,
1217 1619 1246 1645 ὲν
1263 1615 1281 1654 ἦ
1299 1618 1373 1645 ἐστιν
1391 1618 1408 1653 ἡ
1423 1617 1484 1644 καθ’
1503 1618 1577 1652 ἡμᾶς
1598 1616 1765 1651 οἰκουμένη,
1779 1616 1843 1646 Διὸς,

1061 1664 1212 1701 ἑξηκοστῶν
1220 1664 1251 1697 ε’,
1259 1663 1372 1690 σταδίων
1380 1663 1408 1690 δὲ
1417 1663 1564 1698 δισμυρίων
1575 1662 1622 1689 ml.
1628 1670 1653 1697 ¹α
1662 1671 1669 1678 ·
1692 1662 1843 1697 ίωςμερινῆ,

1063 1711 1119 1737 ῐσον
1146 1710 1244 1746 ἔχουσα
1259 1709 1306 1736 τὸν
1324 1709 1394 1744 ὑπὲρ
1422 1709 1473 1744 γῆν
1492 1708 1617 1744 ὁρίζοντα
1633 1707 1672 1743 τῷ
1686 1708 1734 1734 ὑπ’
1757 1707 1844 1736 αὐτὸν.

1062 1756 1198 1791 ἀοίκητος,
1212 1755 1421 1791 διακεκαυμένη,
1434 1755 1549 1789 Ἀρεως,
1572 1753 1728 1789 ἐξηκοστῶν
1751 1754 1800 1788 μὲν
1813 1756 1845 1788 η’,

1063 1802 1093 1835 ἐξ
1103 1801 1233 1838 ἑκατέρου
1249 1801 1348 1837 μέρους
1358 1800 1404 1827 τοῦ
1424 1799 1580 1836 ιεημερινοῦ
1597 1800 1741 1834 τεσσάρων
1752 1807 1758 1812 ·
1774 1796 1845 1829 οὗτπ

1062 1848 1117 1883 γὰρ
1142 1847 1227 1883 αὐτὴν
1253 1847 1300 1874 καὶ
1324 1846 1373 1882 τὴν
1400 1846 1463 1880 ὅλην
1494 1846 1611 1880 σφαῖραν
1624 1844 1721 1879 τέμνει
1745 1844 1845 1880 μέσηνυ

1064 1893 1206 1920 σταδίωνδ⁷
1224 1893 1394 1929 τρισμυρίων
1411 1892 1458 1919 καὶ
1473 1895 1521 1927 mf
1531 1900 1538 1906 ·
1555 1891 1847 1926 χειμερινὴάνᾶπαλιν

1063 1941 1097 1976 τῇ
1112 1939 1204 1975 θερινῇ
1216 1939 1307 1964 πλεῖον
1323 1937 1422 1973 ἔχουσα
1432 1936 1463 1963 τὺ
1478 1931 1548 1972 ὑπὲρ
1565 1936 1587 1952 ³ο
1603 1935 1649 1962 τὸν
1661 1936 1798 1971 ὁρίζοντα,
1814 1937 1849 1962 οὶ-

1064 1986 1194 2022 κουμένη,
1216 1984 1358 2020 εὔκρατος,
1378 1982 1545 2018 Ἀφροδίτης,
1569 1982 1725 2017 ἐξηκοστῶν
1743 1986 1774 2013 ε’,
1791 1991 1850 2009 πα-

1064 2032 1129 2060 δίων
1145 2031 1174 2058 δὲ
1191 2030 1341 2066 δισμυρίων
1359 2029 1407 2056 καί
1421 2037 1463 2064 ,α’
1480 2029 1576 2060 νότιος,
1592 2028 1641 2063 ὅλη
1659 2028 1780 2063 ἀφανὴς,
1797 2028 1849 2054 ἀοί-

1065 2086 1164 2114 κητος,
1186 2075 1399 2111 κατεψυγμένη,
1420 2074 1532 2110 Ἑρμοῦ,
1556 2072 1711 2109 ἑξηκοστῶν
1745 2073 1794 2108 μὲν
1816 2077 1849 2105 ς’,

1067 2123 1180 2150 σταδίων
1205 2122 1234 2149 δὲ
1262 2120 1411 2156 δισμυρίων
1423 2119 1476 2156 βό.
1497 2119 1542 2151 Ὦς
1558 2116 1627 2145 εἶναι
1648 2118 1720 2155 ὑπὲρ
1741 2119 1787 2145 τὸν
1799 2119 1851 2154 ορί-

1067 2168 1146 2201 ζοντα
1160 2168 1322 2204 περίμετρον
1342 2167 1391 2202 τῆς
1405 2166 1458 2202 γῆς
1471 2165 1605 2202 ἑξηκοστά
1620 2165 1670 2200 μὲν
1682 2165 1716 2198 λ’,
1740 2165 1852 2192 σταδίων

229 2215 319 2242 lorum
329 2221 388 2246 sex,
408 2212 559 2241 stadiorum
572 2210 685 2242 25,200.
703 2208 875 2244 Colliguntur
894 2206 1007 2234 ambitus

1065 2214 1202 2252 μυριάδων
1216 2214 1244 2241 δὲ
1266 2213 1298 2249 ιβ’
1311 2213 1358 2240 καὶ
1375 2221 1414 2248 ,ς.

231 2263 312 2287 ιρι-ηε
325 2265 409 2294 supra
426 2258 570 2289 ﬁnitorem,
588 2255 716 2290 scrupula
726 2254 777 2287 50,
793 2252 943 2282 stadiorum
950 2259 1016 2279 vero

232 2306 360 2339 426,000.

267 2353 399 2380 Caeterum
414 2352 459 2387 qui
475 2351 503 2378 in
520 2349 615 2378 eodem
631 2349 734 2384 degunt
757 2345 948 2382 hemisphaerio
968 2345 1018 2373 bo-

231 2399 320 2427 reales
339 2399 537 2433 australesque,
560 2397 688 2425 dicuntur
711 2394 893 2425 antichtones,
920 2392 967 2427 qui
990 2392 1018 2418 in

233 2445 340 2472 duobus
355 2443 555 2478 hemisphaeriis
579 2449 662 2477 supra
675 2440 802 2474 infraque
816 2442 928 2471 terram,
948 2437 1019 2464 anti-

235 2490 331 2519 nodes.

271 2547 415 2582 Catalogua
430 2545 607 2582 scriptorum.
614 2544 658 2579 qui
668 2543 779 2570 Aratum
787 2541 983 2569 commentariis

499 2581 553 2608 suis
578 2579 755 2606 illustrarunt.

344 2640 449 2668 Attalus
463 2638 597 2665 Rhodius.

343 2675 520 2703 Aristarchus
534 2672 653 2700 Samius.

342 2710 499 2745 Apollonius
511 2711 658 2745 geometra.

344 2742 495 2781 Antigonus
505 2742 706 2779 grammaticus.

1104 2345 1256 2374 Καλοῦνται
1281 2345 1310 2372 δὲ
1337 2345 1375 2378 oi}
1392 2343 1441 2380 μὲν
1460 2342 1506 2370 ἐπὶ
1521 2342 1568 2370 τοῦ
1580 2342 1663 2370 αὑτοῦ
1677 2342 1853 2378 ἡμισφαιρίου

1071 2393 1170 2430 βόρειοι
1185 2402 1214 2420 τε
1224 2393 1271 2420 καὶ
1280 2391 1387 2419 νατιώτε
1392 2399 1432 2427 ροι
1443 2390 1631 2421 κατοικοῦντες
1642 2389 1806 2425 αὐτόχθονες
1817 2389 1836 2403 ²¹
1846 2396 1852 2401 ⁸

1069 2442 1094 2468 οἱ
1111 2441 1139 2468 δὲ
1154 2440 1195 2475 ἐφ’
1207 2439 1337 2474 ἑκατέρου
1350 2437 1404 2465 τῶν
1420 2435 1605 2473 ἡμισφαιρίων
1618 2435 1692 2471 ὑπὲρ
1703 2435 1757 2471 γῆν
1769 2443 1797 2461 τε
1813 2434 1853 2461 καὶ

1072 2487 1123 2514 ὑπὸ
1133 2488 1184 2522 γῆν
1201 2484 1353 2515 ἀντίποδες.

1181 2543 1211 2568 οι
1225 2540 1291 2575 περὶ
1302 2539 1355 2566 τοῦ
1371 2538 1493 2572 ποιητοῦ
1507 2536 1734 2572 συνταξάμενοι
1747 2545 1755 2551 ·

1178 2629 1308 2660 ’Λτταλος
1329 2627 1437 2660 Ῥόδιος.

1182 2665 1358 2700 Ἀρίσταρχος
1374 2663 1484 2700 Σάμιος.

1183 2697 1356 2729 atomum;
1371 2697 1540 2732 γεωμέτρης.

1183 2735 1332 2769 ’Δντίγονος
1350 2732 1548 2768 γραμματικός.

277 2837 299 2853 “
316 2836 378 2865 Cor.
399 2835 586 2870 ἀνταρκτικόν.
623 2835 646 2851 ’⁸
661 2833 720 2862 Imo
734 2831 868 2860 ἀπλανῶν.
906 2831 928 2848 ’⁸
945 2830 1007 2859 Post

1060 2834 1068 2857 t
1082 2829 1151 2857 ratio
1165 2828 1218 2861 ῥσ.
1257 2827 1278 2843 ³⁸
1296 2825 1353 2854 Imo
1367 2824 1429 2852 ὑπό.
1467 2823 1487 2840 ³¹
1502 2823 1564 2851 Cor.
1580 2822 1750 2858 ἀντίχθονες.
