1907 3144
214 135 285 163 “55

213 199 241 222 et
256 194 318 223 Sais
331 196 396 227 urbs
406 200 448 224 est
459 195 486 223 in
502 195 628 229 Thracia,
641 197 678 231 ei,
692 205 753 232 quae
763 200 807 225 est
820 197 848 224 in
859 196 986 232 IEgypto,
1001 200 1024 228 Α

213 241 393 277 cognominis.
412 241 464 269 Sed
476 242 510 269 ab
522 241 659 277 Aegyptia,
676 242 758 270 Saitae
775 252 781 270 :
797 243 831 270 ab
851 242 990 279 Threcen-

214 287 249 320 si,
266 287 322 315 Saii
335 288 407 314 cives
422 287 606 319 nominantur,
621 292 651 315 ut
664 291 780 315 testatur
788 288 968 316 Archiloehus
981 298 987 316 :

214 343 309 378 Clypea
319 342 421 378 quidem
433 342 557 370 Saiorum
572 344 668 379 aliquis
682 345 839 380 gloriatur;
856 354 930 380 quem
954 345 989 372 ad

818 379 955 415 [frutetum

213 411 289 439 Intus
300 412 460 447 inculpatum
474 413 567 448 reliqui
578 414 712 449 ingratiis.

211 467 316 497 Rursus
336 469 447 497 Athena:
473 470 532 497 alia;
553 474 617 497 sunt
635 470 662 497 in
682 470 782 505 Attica,
801 471 861 499 alia:
887 472 914 498 in
935 471 989 499 Eu—

211 515 270 542 btea
278 523 285 549 ;
294 522 408 550 quarum
417 516 538 544 meminit
546 516 574 543 in
581 516 679 543 Glauco
687 517 818 545 maritima
825 516 969 553 Aischylus
980 526 986 544 :

210 612 313 641 Exinde
324 614 439 642 Athenas
454 615 554 643 Daidas
565 624 579 642 e
593 615 695 644 Persis.

210 668 311 697 Verum
337 671 371 698 ab
397 671 511 699 Athenis
534 673 641 705 Atticis,
666 673 857 708 Athenienses,
875 674 908 702 ab
932 674 987 701 Eu-

209 715 367 743 boeensibus
386 716 525 744 Athenetze
543 719 771 753 cognominantur
787 729 794 746 :
808 723 838 746 ut
859 720 886 747 in
901 721 988 754 primo

210 759 379 796 Geographiw
390 762 459 789 libro
471 767 566 790 auctor
576 769 618 791 est
631 763 836 792 Eratosthenes.
847 765 891 792 Sic
905 766 988 801 igitur

208 805 243 832 ab
254 805 335 838 Solis,
360 808 407 842 qui
422 813 484 836 sunt
498 809 526 836 in
539 809 644 842 Cilicia,
670 810 817 838 Solenses:
833 811 867 838 ab
889 811 923 838 iis
939 812 985 846 qui

208 855 272 879 sunt
286 853 313 879 in
323 852 421 888 Cypro,
435 854 501 881 Solii
512 856 698 882 nominantur.
721 855 823 883 Horum
836 857 937 884 mentio
956 860 984 884 ﬁt

207 904 223 923 a
237 896 336 926 Solone
350 899 377 926 in
400 899 510 935 Elegiis,
536 908 604 935 quas
627 901 661 928 ad
685 901 869 936 Cypranorem
893 909 983 937 regem

207 943 318 978 scripsit
333 952 340 971 :
356 944 404 978 qui
418 944 451 971 de
465 943 573 973 Solonis
590 946 705 973 consilio
719 953 782 973 cum
797 946 891 974 urbem
920 955 987 975 con-

207 986 333 1019 didisset,
357 995 418 1015 eam
441 988 468 1015 in
483 989 566 1023 hujus
582 990 697 1025 gratiam
718 989 797 1018 Solos
818 992 984 1026 appellavit:

207 1036 238 1059 nt
252 1039 301 1067 pro
316 1032 380 1060 dato
397 1034 512 1062 consilio
523 1034 551 1061 id
564 1035 589 1062 ei
603 1035 716 1063 honoris
731 1036 870 1064 tribueret.
900 1036 986 1065 Verba

208 1075 316 1104 Solonis
330 1077 464 1112 ejusmodi
479 1082 541 1106 sunt
553 1087 561 1106 :

998 883 1020 911 Β

207 1133 287 1161 Nunc
301 1143 359 1162 vero
373 1140 400 1162 tu
415 1135 518 1171 quidem
529 1136 599 1172 apud
613 1137 700 1165 Salios
720 1137 766 1165 diu
781 1139 840 1166 istic
860 1147 983 1174 regnans,

249 1202 324 1230 Hanc
334 1204 422 1231 urbem
436 1204 547 1238 incolas,
563 1201 789 1241 genusquétuum.

207 1236 322 1276 Me_vero
333 1246 390 1265 cum
409 1241 469 1276 navi
485 1236 673 1276 celeriuinclyla
690 1242 721 1268 ab
741 1241 830 1268 insula

241 1271 402 1300 Incolumem
412 1274 522 1302 deducat
533 1271 707 1311 Cypris'viola
721 1277 854 1304 redimita.

244 1328 317 1356 Vixit
330 1329 429 1357 Aratus
442 1331 493 1358 sub
508 1331 643 1366 Antigono
664 1331 828 1359 Macedonim
845 1339 917 1367 rege,
939 1340 983 1368 qut

205 1375 324 1404 Gonatas
340 1379 382 1403 est
396 1376 497 1409 dictus,
519 1376 647 1405 Demetrii
667 1377 826 1406 Poliorcetes
845 1378 909 1410 lilio,
936 1378 983 1413 qui

207 1428 317 1448 uxorem
329 1421 423 1448 habuit
439 1420 555 1454 Philam,
574 1420 689 1450 Seleuco
700 1427 727 1449 et
741 1422 895 1450 Slratonica
909 1424 984 1458 geni-

204 1471 270 1494 tam.
289 1466 340 1500 Qui
357 1475 418 1494 cum
437 1467 589 1494 litterarum
605 1468 744 1495 studiosus
761 1473 844 1501 esset,
867 1476 982 1503 praeser-

205 1513 308 1548 timque
319 1513 430 1547 poeticae
440 1512 558 1546 deditus,
574 1512 647 1540 dedit
658 1521 778 1549 operam.
793 1519 821 1540 ut
835 1521 897 1541 cum
914 1514 982 1542 alios

204 1559 357 1593 complures
372 1558 443 1593 apud
455 1567 484 1586 se
496 1559 618 1587 eruditos
632 1559 743 1587 haberet
766 1559 901 1592 homines,
925 1564 981 1587 tum
995 1549 1016 1578 (ί

204 1605 233 1632 in
244 1605 340 1640 primis
352 1606 474 1632 Aratum.
490 1604 540 1633 Hic
563 1606 645 1641 igitur
658 1605 692 1633 ad
708 1613 799 1640 regem
813 1613 875 1632 cum
890 1606 982 1633 venis-

204 1654 256 1682 set,
272 1653 353 1685 atque
364 1651 428 1677 etin
444 1651 497 1678 alio
515 1659 613 1686 genere
626 1651 767 1683 doctrinae,
782 1654 809 1678 et
826 1650 855 1678 in
879 1652 983 1686 poetica

204 1697 321 1723 maxime
332 1704 392 1724 sese
405 1697 444 1723 illi
466 1697 621 1732 probasset,
646 1697 788 1732 ipsiusmet
802 1697 913 1724 hortatu
937 1706 982 1726 re-

204 1742 246 1776 gis
262 1741 296 1768 ad
312 1743 454 1770 scribenda
466 1742 641 1770 Pltaznomena
649 1743 768 1770 animum
784 1743 883 1778 adjecit
897 1753 904 1771 :
922 1751 983 1771 cum

204 1787 238 1814 ab
260 1787 355 1815 eodem
381 1787 486 1815 Eudoxi
509 1788 609 1816 librum
634 1788 794 1823 accepisset,
823 1788 896 1823 quod
912 1787 984 1815 Eno-

203 1840 290 1867 ptrum
315 1835 496 1868 inscribitur,
524 1838 637 1869 rogante
661 1834 700 1862 uti
718 1842 778 1869 quae
798 1834 826 1861 in
856 1842 889 1862 eo
914 1834 983 1861 libro

204 1887 285 1916 prosa
309 1880 432 1908 oratione
448 1880 550 1915 scripta
564 1885 666 1914 essent,
691 1880 816 1908 versibus
838 1879 983 1908 redderen-

203 1929 248 1952 tur
265 1934 271 1953 :
289 1933 321 1952 ac
340 1925 420 1953 simul
439 1924 545 1953 dicente
561 1935 568 1952 :
589 1925 772 1961 Εὺδοξάτερον,
788 1924 815 1951 id
840 1929 881 1953 est
905 1924 984 1960 149

203 1971 400 2006 gloriosiorem,
434 1979 467 1999 eo
495 1970 566 1998 facto
596 1970 747 1998 reddideris
770 1970 912 1997 Eudoxum
927 1989 936 2003 ,
959 1970 982 1997 si

204 2014 238 2041 ab
259 2021 291 2042 eo
314 2015 412 2042 tradita
434 2015 601 2043 carminibus
615 2015 769 2050 Iexprimas.
798 2013 870 2042 Vixit
893 2019 982 2041 autem

203 2060 353 2096 Antigonus
383 2060 540 2097 Olympiade
559 2069 628 2089 cxxv
646 2070 653 2088 :
669 2068 722 2097 quo
743 2064 863 2095 tempore
891 2059 983 2088 ﬂoruit

203 2106 320 2139 Aratus,
346 2111 374 2134 et
396 2107 548 2135 Alexander
576 2107 695 2135 Etolus.
730 2106 851 2134 Meminit
879 2105 983 2140 δραστιιὶ

204 2151 277 2178 illius
291 2151 405 2183 Eudoxi,
428 2155 455 2179 et
476 2153 604 2187 Antigoni
625 2155 707 2187 atque
732 2151 880 2189 Alexandri
896 2151 981 2178 Aitoli

205 2197 232 2224 in
246 2197 366 2232 epistolis
377 2197 496 2232 Aratus;
522 2202 606 2233 utque
622 2206 669 2225 rex
687 2198 719 2225 ad
733 2198 906 2225 scribendum
917 2206 979 2225 eum
995 2215 1017 2241 Β

203 2243 326 2270 hortatus
338 2243 384 2271 sit.
401 2243 498 2271 Fertur
513 2248 540 2271 et
552 2243 680 2279 Dionysio
690 2243 855 2271 lleracleotae
870 2251 980 2278 operam

204 2289 321 2317 dedisse.
348 2289 420 2317 Idem
445 2289 598 2324 Odysseam‘
617 2290 751 2322 correxit;
778 2293 805 2317 et
829 2289 981 2317 emendatio

204 2334 326 2369 quaedam
339 2334 411 2361 illius
425 2335 548 2368 [nomine
571 2335 667 2362 Aratea
691 2334 804 2367 dicitur,
825 2335 899 2362 velut
919 2334 980 2362 Ari-

205 2379 327 2407 starchea
340 2384 367 2408 et
385 2380 590 2416 Aristophaneo.
606 2381 739 2409 Asserunt
755 2381 839 2416 aliqui
861 2381 937 2408 illum
952 2381 980 2407 in

205 2425 310 2461 Syriam
327 2426 476 2461 profectum
490 2427 561 2462 apud
576 2427 738 2454 Antiochum
754 2427 870 2462 degisse,
891 2427 924 2453 ab
934 2433 981 2453 eo-

205 2479 257 2507 que
271 2476 392 2507 rogatum
403 2479 473 2505 esse.
490 2477 519 2499 ut
534 2472 646 2500 Iliadem
667 2473 824 2508 corrigeret,
848 2472 919 2507 quod
934 2473 980 2500 de-

203 2521 314 2553 pravata
331 2521 403 2545 esset
416 2526 430 2545 a
450 2519 551 2546 multis.
568 2519 732 2546 Nicandrum
759 2526 823 2547 vero
844 2518 979 2553 Colopho-

205 2565 280 2591 nium
297 2571 358 2590 cum
372 2563 453 2591 Arato
477 2565 546 2599 apud
567 2565 729 2601 Antigonum
753 2565 854 2592 vixisse
873 2564 918 2598 qui
934 2563 977 2590 di-

205 2612 285 2641 cunt;
299 2615 330 2634 ac
342 2612 396 2634 tam
410 2609 520 2636 Aratum
532 2617 629 2637 rerum
644 2610 808 2641 caelestium,
831 2616 912 2643 quam
929 2609 978 2634 Ni-

206 2653 334 2680 candrum
353 2652 492 2680 medicina:
514 2651 652 2687 imperitos
685 2656 767 2683 fuisse
795 2654 882 2688 (aiunt
905 2653 977 2679 enim

203 2700 365 2735 Antigonum
383 2699 476 2729 Arato,
499 2694 544 2730 qui
571 2693 741 2728 professione
765 2698 884 2725 medicus
908 2702 975 2730 erat,

205 2743 347 2779 mandasse
371 2745 400 2768 ut
422 2740 596 2775 phzenomena
617 2738 817 2773 conscriberet;
842 2740 976 2769 Nicandro

719 137 891 166 APPENDIX
905 136 951 164 AD
969 135 1104 164 EUSEBII
1120 136 1326 167 CHRONICON.

1748 140 1814 168 “56

1039 205 1088 232 μος
1102 197 1130 223 ὲν
1154 196 1292 232 Αἰγύπτῳ.
1316 197 1383 223 Ἀλλ’
1395 197 1449 224 ἀπὸ
1468 197 1518 232 μὲν
1538 198 1588 233 τῆς
1601 198 1630 224 ἐν
1645 198 1777 234 Αἰγύπτῳ
1791 201 1813 226 oi

1039 241 1145 268 πολῖται
1160 241 1253 268 Σαῗται
1267 242 1420 274 καλοῦνται,
1446 244 1470 268 οἱ
1489 242 1517 268 δὲ
1536 243 1584 278 τῆς
1596 243 1707 279 Θρᾴκης
1725 244 1813 270 Σάῐοιο

1039 285 1076 316 ὡς
1098 287 1144 312 καὶ
1161 286 1313 322 Ἀρλίλοχός
1328 295 1408 322 φησιν
1424 295 1430 301 ·

1045 343 1156 370 Ἀσπίδι
1160 343 1219 378 μὲν
1227 344 1322 370 Σαΐων
1333 343 1542 378 τις-ἀγάλλεται
1550 351 1558 360 ·
1571 343 1611 378 ἣν
1623 345 1704 379 παρὰ
1717 344 1817 380 θάμνῳ

1097 410 1199 443 Ἐντὸς
1214 411 1372 445 ἀμώμητον
1390 410 1548 442 κάλλιπον,
1561 411 1616 437 οὐκ
1628 410 1751 438 ἐθέλων.

1038 467 1092 494 Καὶ
1109 467 1187 494 πάλιν
1205 466 1315 501 Ἀθῆναι
1339 466 1387 502 μέν
1407 467 1459 493 εισι
1479 466 1529 501 τῆς
1559 466 1698 501 Ἀττικῆς·
1717 467 1772 493 εἰσὶ
1791 467 1818 493 δὲ

1037 513 1084 539 καὶ
1097 513 1146 547 τῆς
1162 512 1275 544 Εὐϐοίας
1291 513 1323 539 ³³.
1345 512 1491 547 ’Δθηναίων
1512 512 1619 543 Δαΐόαις
1638 511 1775 548 μέμνηται
1791 514 1819 539 ἐν

1037 559 1162 592 Γλαύκῳ
1176 559 1286 591 ποντίῳ
1299 558 1428 593 Αἰσχύλος

1037 614 1152 641 Κᾶπειτ’
1170 614 1291 648 Ἀθήνας
1301 613 1407 646 Δὰἵδας
1424 614 1491 648 παρ’
1510 614 1544 641 ἐκ
1561 613 1695 648 Περσῶν.

1044 671 1111 697 Ἀλλ’
1123 671 1176 697 ἀπὸ
1195 670 1249 697 τῶν
1274 670 1303 696 ὲν
1317 671 1351 705 τῇ
1376 670 1483 705 Ἀττικῇ
1498 671 1523 696 οἱ
1539 670 1645 696 πολῖται
1669 669 1816 705 Ἀθηναῖοι,

1036 716 1090 742 ἀπὸ
1104 716 1131 742 δὲ
1147 716 1200 742 τῶν
1224 718 1253 743 ἐν
1271 716 1372 751 Εὑὸοίᾳ.
1398 715 1543 751 Ἀθηνῆται
1561 716 1701 750 λέγονται·
1724 715 1817 750 ὥσπερ

1043 761 1236 798 Ἐρατοσθένης
1256 762 1337 797 φησιν
1356 763 1385 788 ὲν
1404 761 1443 796 τῷ
1466 760 1564 796 πρώτῳ
1588 760 1819 795 Γεωγραφουμέ-

1036 816 1105 834 νων.
1126 807 1217 839 Οὕτως
1241 804 1287 834 οὖν
1302 807 1348 833 καὶ
1364 806 1418 833 ἀπὸ
1433 806 1486 833 τῶν
1501 807 1530 833 ὲν
1545 806 1658 841 Κιλικίᾳ.
1681 806 1772 832 Σόλων
1795 807 1818 831 οἱ

1037 853 1141 879 πολῖται
1153 853 1240 885 Σολεῖς
1249 862 1256 868 ν
1268 853 1320 880 ἀπὺ
1332 852 1360 879 δὲ
1374 852 1427 879 τῶν
1439 851 1580 887 emam?
1594 852 1692 878 Σόλιοι.
1711 852 1819 887 Μέμνη-

1035 909 1080 926 ται
1096 900 1124 927 δὲ
1145 900 1244 926 τούτων
1262 900 1349 926 Σόλων
1365 900 1394 926 ὲν
1410 900 1469 931 ταῖς
1494 899 1650 933 Ἑλεγείαις
1669 900 1730 929 ταῖς
1752 898 1818 932 πρὸς

1035 946 1201 981 Κυπράνορα.
1227 945 1272 973 τὸν
1296 945 1424 980 βασιλέα·
1453 945 1499 977 ὃς,
1527 944 1740 980 συμϐουλευθεὶς
1768 944 1818 970 ὑπὸ

1036 991 1152 1023 Σόλωνος
1162 991 1253 1017 κτίσαι
1268 991 1317 1026 τὴν
1337 991 1424 1023 πόλιν,
1444 991 1524 1026 χάριν
1539 989 1586 1016 τοῦ
1605 990 1704 1025 ἀνδρὸς
1720 990 1818 1020 Σόλους

1034 1036 1190 1072 ὠνόμασεν·
1213 1036 1327 1072 ἀμοιϐὴν
1354 1036 1455 1071 ταύτην
1478 1035 1568 1071 νέμων
1588 1036 1638 1071 τῆς
1660 1035 1817 1070 συμϐουλῆς

1035 1081 1118 1117 αὐτῷ.
1136 1081 1216 1116 Λέγει
1229 1082 1256 1108 δὲ
1269 1083 1284 1108 ὀ
1298 1081 1385 1108 Σόλων
1400 1081 1486 1113 οὕτως
1496 1090 1503 1097 ο

1033 1137 1098 1164 Νὗν
1115 1137 1149 1164 δὲ
1166 1138 1207 1165 σὺ
1218 1138 1287 1173 μὲν,
1310 1139 1443 1166 Σολίοισι
1459 1139 1557 1166 πολὺν
1579 1139 1693 1173 χρόνον
1718 1137 1815 1164 ἐνθάδ’

1649 1173 1814 1200 fdi-damur.

1682 1182 1805 1200 νασσωι·

1649 1173 1814 1209 [ἀνάσσων.

1070 1207 1163 1242 Τήνδε
1175 1208 1264 1235 πόλιν
1278 1209 1372 1242 ναίοις
1383 1209 1432 1235 καὶ
1443 1209 1528 1243 γένος
1539 1208 1685 1243 ὑμέτερον
1694 1217 1702 1224 ·

1032 1243 1130 1277 Αὐτὰρ
1145 1243 1197 1277 ἐμὲ
1208 1243 1265 1278 ξὺν
1279 1243 1330 1277 νηῒ
1355 1244 1409 1278 θοῇ
1423 1244 1545 1277 κλεινῆς
1558 1244 1618 1270 ἀπὸ
1632 1244 1733 1277 νήσου

1075 1277 1200 1313 Ἁσκηθῆ
1208 1277 1317 1313 πέμποι
1330 1278 1441 1313 Κύπρις
1457 1279 1644 1313 ἰοστέφανος.

1067 1334 1163 1369 Γέγονε
1174 1334 1202 1361 δὲ
1218 1335 1232 1361 ὁ
1244 1335 1360 1371 ’Δρατος
1376 1335 1446 1361 κατὰ
1474 1334 1624 1368 Ἀντίγονον
1641 1335 1688 1361 τὸν
1698 1335 1748 1370 τῆς
1758 1336 1814 1362 Μα-

1033 1381 1153 1412 κεδονίας
1172 1380 1293 1416 βασιλέα,
1319 1381 1350 1412 ὃς
1381 1380 1538 1408 ἐπεκαλεῖτο
1563 1381 1583 1406 Γ
1584 1382 1693 1412 θνατᾶς.
1716 1379 1772 1407 Ἦν
1788 1381 1815 1407 δὲ

1033 1427 1090 1458 υἱὸς
1114 1427 1268 1463 Δημητρίου
1282 1427 1329 1454 τοῦ
1351 1426 1533 1462 Πολιορκητοῦ
1547 1435 1554 1442 ’
1568 1427 1615 1453 καὶ
1629 1428 1748 1460 γυναῖκα
1761 1424 1815 1461 εἶχε

1032 1473 1112 1500 Φίλαν
1124 1473 1174 1508 τὴν
1187 1472 1316 1499 Σελεύκου
1332 1473 1378 1500 καὶ
1394 1473 1574 1509 Στρατονίκης
1597 1473 1746 1508 θυγατέρα.
1764 1471 1816 1499 Ἦν

1032 1518 1060 1544 δὲ
1070 1517 1208 1552 φιλολόγος
1231 1518 1372 1553 γενόμενος
1383 1526 1390 1532 ·
1411 1518 1457 1544 καὶ
1473 1517 1537 1552 περὶ
1554 1517 1699 1552 ποιητικὴν
1719 1518 1815 1543 ἐσπου-

1032 1563 1129 1596 δακὼς,
1145 1565 1209 1600 περὶ⁴
1217 1563 1312 1590 πολλοῦ
1322 1564 1466 1598 ἐποιήσατο
1474 1563 1587 1594 πολλοὺς
1602 1563 1650 1598 μὲν
1659 1563 1707 1589 καὶ
1721 1563 1815 1593 ἄλλους

1032 1609 1085 1636 τῶν
1109 1610 1330 1645 πεπαιδευμένων
1344 1610 1414 1645 ἔχειν
1425 1610 1490 1645 παρ’
1501 1609 1585 1644 αὐτῷ,
1598 1610 1645 1636 καὶ
1660 1609 1693 1644 δὴ
1706 1609 1756 1636 καὶ
1772 1608 1815 1635 τὸν

1034 1656 1150 1692 Ἀρατον
1159 1664 1166 1670 ·
1180 1656 1219 1688 ὃς,
1236 1655 1311 1692 παρὰ
1323 1655 1361 1690 τῷ
1373 1655 1476 1690 βασιλεῖ
1485 1655 1639 1690 γενόμενος,
1653 1656 1702 1681 καὶ
1712 1655 1815 1681 εὐδοκι-

1034 1701 1122 1736 μήσας
1134 1701 1162 1728 ἐν
1173 1710 1203 1727 τε
1213 1703 1245 1737 τῇ
1256 1701 1322 1737 ἄλλῃ
1334 1701 1503 1736 πολυμαθείᾳ
1523 1701 1570 1728 καὶ
1586 1702 1728 1735 ποιητικῇ,
1755 1708 1816 1735 προ-

1033 1747 1137 1781 ετράπη
1148 1747 1192 1773 ὑπ’
1203 1746 1284 1773 αὐτοῦ
1297 1747 1331 1773 τὰ
1338 1747 1502 1781 Φαινόμενα.
1507 1746 1610 1781 γράψαι
1617 1745 1664 1772 τοῦ
1674 1745 1815 1780 βασιλέως,

1032 1791 1146 1825 Εὐδόξου
1165 1791 1381 1827 ἐπιγραφόμενον
1406 1791 1505 1826 βιϐλίον
1527 1791 1700 1825 Κατόπτρου
1726 1791 1815 1821 δόντος

1006 1836 1008 1838 ’
1033 1836 1121 1871 αὐτῷ,
1147 1837 1193 1862 καὶ
1222 1835 1385 1868 ἀξιώσαντος
1410 1836 1444 1862 τὰ
1471 1836 1500 1862 ἐν
1527 1835 1600 1870 αὑτῷ
1627 1835 1816 1870 καταλογάδην

1032 1882 1159 1917 λεχθέντα
1181 1883 1244 1916 περὶ
1260 1881 1312 1908 τῶν
1336 1881 1503 1916 φαινομένων
1520 1881 1609 1916 μέτρῳ
1623 1880 1647 1896 ³⁵
1662 1879 1734 1907 εἶναι
1748 1889 1755 1895 ·
1770 1881 1815 1907 καὶ

1033 1926 1090 1961 ἅμα
1111 1926 1242 1957 εἰπόντος,
1259 1926 1296 1958 ὡς
1319 1926 1494 1961 Εὺδοξότερον
1516 1927 1601 1958 ποιεῖς
1622 1926 1668 1952 τὸν
1690 1926 1815 1958 Εὔδοξον,

1033 1972 1154 2004 ἐκτείνας
1178 1972 1212 1999 τὰ
1239 1973 1303 2007 παρ’
1315 1972 1390 2006 αὐτῷ
1412 1972 1525 2007 κείμενα
1549 1971 1650 2007 μέτρῳ.
1666 1971 1767 2005 Γέγονε
1789 1972 1816 1998 δὲ

1039 2018 1186 2052 Ἀντίγονος
1202 2017 1271 2045 κατὰ
1279 2018 1327 2053 τὴν
1346 2021 1400 2052 ρκεν
1418 2017 1586 2052 Ὀλυμπιάδα
1597 2025 1604 2032 ·
1630 2017 1692 2044 καθ’
1713 2017 1744 2043 ὃν
1760 2018 1817 2053 xy}-

1032 2071 1076 2088 νην
1091 2063 1213 2098 ἤκμασεν
1228 2063 1242 2088 ὁ
1263 2062 1389 2097 ΙἌρατος,
1406 2063 1452 2089 καὶ
1470 2062 1641 2098 Ἀλέξανδρος
1653 2064 1668 2089 ὁ
1683 2063 1814 2094 Αἰτωλὸς.

1032 2107 1178 2142 Μέμνηται
1202 2107 1231 2133 δὲ
1253 2106 1298 2133 τοῦ
1324 2107 1495 2140 Κατόιττρου
1522 2107 1648 2140 Εὑδόξου,”
1666 2109 1714 2134 καὶ
1735 2108 1817 2134 Ἀντι-

1032 2153 1109 2186 γόνου
1140 2152 1313 2188 Ἀλεξάνδρου
1328 2153 1350 2168 ⁸⁸
1365 2152 1411 2179 τοῦ
1435 2152 1562 2185 Αἰτωλοῦ,
1583 2153 1630 2179 καὶ
1652 2153 1691 2184 ὡς
1712 2152 1815 2187 ἠξιώθη

1033 2198 1085 2224 ὑπὸ
1096 2197 1142 2225 τοῦ
1155 2198 1286 2233 βασιλέως
1317 2197 1430 2234 γράψαι,
1450 2199 1478 2225 ἐν
1493 2200 1551 2230 ταῖς
1568 2199 1646 2230 ἰδίαις
1660 2200 1816 2229 ἐπιστολαῖς

1032 2243 1156 2278 Ἄρατος.
1174 2243 1289 2276 Λέγεται
1302 2243 1330 2269 δὲ
1343 2243 1516 2278 ὲσχολακὲναι
1538 2245 1668 2279 Διονυσίῳ
1680 2244 1720 2280 τῷ
1735 2245 1815 2280 Ἦρα-
1836 2251 1842 2261 ί

1031 2289 1154 2325 κλειώτῃ.
1185 2289 1240 2316 Καὶ
1262 2289 1311 2324 τὴν
1340 2288 1513 2316 Ὀδύσσειαν
1536 2289 1565 2316 δὲ
1584 2290 1744 2326 διώρθωσε”
1767 2291 1813 2317 καὶ

1030 2335 1150 2361 καλεῖταί
1161 2343 1202 2365 τις
1217 2334 1356 2369 διόρθωσις
1363 2334 1448 2366 οὕτως
1460 2335 1606 2370 Ἀράτειος,
1617 2335 1656 2366 ὡς
1671 2336 1815 2371 Ἀριστάρ-

1030 2389 1110 2416 χειος,
1127 2380 1173 2406 καὶ
1191 2379 1416 2414 Ἀριστοφάνειος.
1430 2380 1508 2411 Τινὲς
1520 2380 1548 2406 δὲ
1560 2381 1640 2408 αὑτὸν
1655 2383 1697 2412 εἰς
1715 2382 1814 2416 Συρίαν

1030 2425 1185 2461 ἐληλυθέναι
1200 2425 1275 2459 φασὶ,
1300 2425 1346 2451 καὶ
1369 2426 1506 2459 γεγονέναι
1523 2426 1587 2461 παρ’
1607 2427 1749 2462 Ἀντιόχῳ,
1768 2428 1813 2453 καὶ

1031 2471 1160 2506 ἠξιῶσθαι
1173 2470 1218 2497 ὑπ’
1234 2470 1314 2496 αὐτοῦ
1328 2471 1396 2497 ὥστε
1409 2471 1457 2506 τὴν
1479 2470 1584 2497 Ἰλιάδα
1602 2471 1812 2506 διορθώσασθαι,

1030 2516 1074 2543 διὰ
1100 2516 1130 2542 τὸ
1151 2516 1203 2542 ὑπὸ
1228 2515 1332 2542 πολλῶν
1345 2515 1519 2551 λελυμάνθαι.
1537 2517 1567 2542 Ol
1585 2515 1614 2542 δὲ
1624 2516 1752 2550 λέγοντες
1763 2517 1811 2542 Νί-

1030 2562 1143 2597 κανδρον
1170 2561 1214 2588 τὸν
1235 2561 1404 2596 Κολοφώνιον
1431 2562 1498 2597 μετὰ
1522 2562 1635 2597 Ἀράτου
1670 2563 1811 2597 Ἀντιτιῖνῳ

1032 2607 1276 2643 συγκεχρονικέναι,
1299 2608 1345 2634 καὶ
1362 2608 1475 2642 Ἄρατον
1499 2607 1535 2642 μὴ
1552 2605 1621 2634 εἶναι
1642 2608 1810 2643 ἐπιστήμονα

1029 2654 1083 2680 τῶν
1094 2654 1235 2689 οὐρανίων,
1251 2654 1317 2689 μήτε
1326 2653 1473 2688 Νίκανδρον
1480 2653 1533 2679 τῶν
1541 2653 1671 2688 ἰατρικῶν
1693 2654 1809 2688 (λέγουσι

1029 2698 1093 2733 γὰρ,
1109 2698 1145 2729 ὡς
1161 2698 1214 2733 ἄρα
1230 2699 1243 2723 ὁ
1271 2698 1418 2732 Ἀντίγονος
1445 2699 1547 2733 ’Δράτῳ
1573 2698 1624 2732 μὲν
1645 2698 1703 2725 ὄντι
1729 2697 1808 2732 ἰατρῷ

1029 2743 1142 2776 ἐπέταξε
1156 2744 1190 2770 τὰ
1202 2745 1365 2779 Φαινόμενα
1379 2743 1491 2779 γράψαι,
1508 2743 1652 2779 Νικάνδρῳ
1662 2744 1702 2778 δὲ,
1713 2745 1807 2778 cio-.90—

238 2819 265 2860 _“
274 2819 334 2855 [μσς.
352 2818 470 2853 ’Δθῆναι,
486 2814 522 2846 ὧν
535 2815 677 2852 μέμνηται.
714 2816 736 2831 ³⁸
749 2815 768 2849 Ῑ.
783 2815 914 2852 ἔμμετρα.
953 2819 975 2834 ⁸³
993 2819 1073 2854 [κκαὶ
1096 2820 1180 2852 Ἀλεξ.
