1907 3144
119 147 189 177 1157

815 142 918 171 ARATI
940 136 1034 171 vm.‘

1662 138 1732 167 H58

117 206 189 240 λόγῳ
197 203 355 238 ὑπάρχοντι,
367 201 401 228 τὰ
416 200 545 236 Θηριακὰ
558 199 604 227 καὶ
617 199 898 235 τὰἈλεξιφάρμακα·

961 208 1015 228 vero
1030 200 1176 234 astrologo,
1198 198 1318 226 theriaca
1342 200 1371 225 et
1391 196 1607 232 alexipharmaca
1623 205 1630 224 :
1649 198 1684 224 ob
1694 196 1732 224 id-

117 248 180 276 ὅθεν
197 248 243 274 καὶ
259 246 387 281 ἑκάτερον
407 245 496 271 αὐτῶν
515 244 645 278 ἐσφάλθαι
667 244 902 272 κατολισθαίνοντα

118 295 166 321 ἐπὶ
178 293 213 320 τὰ
224 293 277 320 ἴδια
291 294 339 327 τῆς
360 291 475 326 τέχνης)
488 311 494 323 ,
512 290 664 325 ψεύδονται.
685 289 821 324 Ἀγνοοῦσι
837 289 901 325 γὰρ,

119 341 158 372 ὡς
171 340 201 366 οὐ
227 339 383 373 συνήκμασε
394 337 433 371 τῷ
455 337 559 371 Ἀράτῳ
575 335 722 371 Νίκανδρος
734 344 740 350 ·
755 335 810 362 ἀλλ’
830 335 902 373 ἔστιν

120 385 203 412 αὑτοῦ
219 384 286 411 πολὺ
304 383 443 418 νεώτερος.
467 381 616 416 Ἀντίγονος
634 381 698 417 γὰρ,
709 378 730 415 ᾧ
747 381 903 415 συνεγένετο

122 431 251 466 Ἄρατος,
265 429 336 456 κατὰ
350 429 395 454 τὸν
408 427 514 463 πρῶτον
529 427 573 454 καὶ
586 427 708 462 δεύτερον
725 427 817 461 γέγονε
832 428 902 453 Πτο-

120 477 248 512 λεμαῖον·
264 475 414 509 Νίκανδρος
427 474 455 500 δὲ
471 473 541 500 κατὰ
556 473 601 500 τὸν
613 473 746 508 πέμπτον.
760 473 902 509 Μέμνηται

121 523 189 558 γοῦν
199 522 280 549 αὑτοῦ
292 522 339 548 καὶ
346 520 517 556 Καλλίμαχος
528 520 565 552 ὡς
582 519 764 555 πρεσϐυτέρου
777 520 807 545 οὐ
826 519 903 554 μόνον

121 570 154 596 ὲν
166 570 221 600 τοῖς
230 568 469 602 Ἐπιγράμμασιν,
483 566 549 593 ἀλλὰ
560 566 606 593 καὶ
619 567 647 592 ὲν
660 567 714 597 τοῖς
726 566 792 601 προς
806 565 904 601 Πραξι-

123 615 225 649 φάνην,
250 613 320 640 πάνυ
334 612 451 639 ἐπαινῶν
466 612 554 645 αὑτὸν,
568 611 605 643 ὡς
617 610 758 646 πολυμαθῆ
780 611 827 637 καὶ
842 611 903 646 άρι-

123 669 188 687 στον
196 659 319 694 ποιητήν.
331 659 427 692 Γέγονε
439 657 467 684 δὲ
480 659 493 684 6
502 658 617 693 ’Δρατος
631 657 752 692 ζηλωτὴς
767 657 885 683 Ἠσιόδου
895 665 902 673 ·

121 706 163 738 ὡς
177 705 223 732 καὶ
246 704 418 739 Καλλίμαχος
435 703 647 738 παρεσημήνατο
659 701 738 729 τοῦτο
752 701 794 728 διὰ
804 701 849 728 τοῦ
864 703 904 734 είς

122 751 206 778 αὑτὸν
219 750 425 786 ἐπιγράμματος
439 748 538 780 οὕτως·

129 837 266 866 Ἠσιόδου
280 837 304 864 6‘
316 837 338 853 "
346 836 463 871 ἄεισμα,
477 835 528 871 καί
535 836 551 862 ό
562 835 679 869 τρόπος,
689 836 724 861 οὐ
737 836 790 862 τόν
802 834 903 862 ἀοιδὸν

163 874 320 906 Ἕσχατον,
339 869 607 906 ἀλλ’ᾚκαισώμῃτο
618 871 833 904 μελιχρότατον

125 908 190 936 Τῶν
200 904 295 934 sat-tiam
308 907 323 933 ὃ
338 906 451 938 Σολεὺς
462 905 642 939 ἀπεμάξατο.
654 906 783 938 Χαίρετε,
795 904 901 931 λεπταὶ

167 943 291 977 Ῥήσεις,
306 940 415 976 ἁρήτου
430 941 576 975 σύγγονος
589 940 611 955 ³⁷
626 939 799 974 ἀγρυπνίης.

126 999 252 1035 Ἔγραψε
268 999 296 1025 δὲ
311 998 358 1025 καὶ
372 997 438 1025 ἄλλα
451 998 589 1033 ποιήματα
603 997 666 1032 περί
681 1006 711 1023 τε
729 997 847 1033 Ὀμήρου
860 998 906 1024 καὶ

131 1045 271 1078 Ἰλιάδος,
300 1045 330 1071 οὒ
365 1044 443 1079 μόνον
464 1044 499 1070 τὰ
525 1044 699 1078 (ῥαινόμενα,
727 1043 774 1070 καὶ
798 1042 906 1069 ὀστολο-

125 1092 208 1126 γίαν,
225 1090 271 1117 καὶ
289 1090 411 1126 ἰατρικὰς
428 1090 572 1124 δυνάμεις,
594 1089 639 1115 καὶ
658 1089 697 1120 είς
716 1089 791 1116 Πᾶνα
814 1088 906 1124 ὕμνον,

125 1124 177 1165 {at
200 1138 240 1169 et;
259 1124 349 1172 Μύριν
364 1136 409 1162 τὸν
429 1135 541 1170 ἀδελφὸν
560 1134 727 1170 ἐπικήδειον,
750 1133 797 1160 καὶ
818 1133 908 1169 διοση-

129 1183 211 1219 μείας
221 1203 229 1215 ,
247 1183 293 1209 καὶ
309 1181 456 1214 Σκυθικὸν,
473 1181 520 1208 καὶ
535 1180 605 1208 κατὰ
620 1180 716 1207 λεπτὸν
736 1179 811 1207 ἄλλα.
833 1180 908 1206 Ἑπι-

126 1229 315 1264 τετευγμένως
339 1228 366 1254 δὲ
389 1227 461 1262 αὐτῷ
483 1227 588 1262 ἐγράφη
611 1227 646 1253 τὰ
671 1227 850 1260 Φαινόμενα·
871 1226 909 1257 ὡς

128 1271 397 1308 παρευὼκιμηθῆναι
424 1271 528 1302 πάντας
555 1271 600 1297 ὑπ’
630 1271 752 1306 ’Λράτου.
776 1271 831 1297 Καὶ
855 1270 908 1306 γὰρ

127 1317 245 1350 Εὔδοξος
262 1317 276 1343 6
291 1317 397 1348 Κνίδιος
420 1316 522 1352 ἔγραψε
537 1316 689 1351 ξφαινόμενα
699 1337 707 1348 ,
722 1316 769 1342 καὶ
793 1317 880 1348 Λάσος
895 1317 909 1343 ὁ

128 1364 264 1398 Μάγνηςι,
282 1362 341 1397 οὐχὶ
362 1363 376 1388 6
397 1362 569 1398 Ἑρμιονεὺς.
591 1361 648 1388 ἀλλ’
670 1361 812 1397 ὁμώνυμος
832 1362 909 1394 ἄλλος

128 1409 213 1443 Λάσῳ
223 1407 261 1442 τῷ
277 1406 423 1442 Ἑρμιονεῖ·
435 1407 480 1433 καὶ
492 1406 657 1441 Ἕρμιππος,
673 1407 719 1433 καὶ
736 1407 908 1442 Ἡγησιάναξ,

130 1455 180 1481 καὶ
201 1453 392 1489 Ἀριστοφάνης
405 1455 419 1479 6
433 1451 588 1484 Βυζάντιος,
605 1451 651 1479 καὶ
663 1452 736 1478 ἄλλοι
749 1452 857 1479 πολλοί·
873 1449 911 1480 ὧν

129 1500 182 1527 καὶ
204 1499 367 1535 Πτολεμαῖος
390 1499 524 1534 μέμνηται
544 1500 558 1525 6
583 1498 706 1533 βασιλεὺς
721 1498 866 1533 ἰδιοφυέσιν
889 1500 911 1516 ³³

130 1545 220 1577 οὕτως
230 1554 236 1561 ·

130 1601 225 1628 Πάνθ’
245 1599 422 1635 Ἡγησιάναξ
438 1608 470 1626 τε
488 1589 535 1626 καὶ
553 1599 715 1634 Ἕρμιππος
731 1602 793 1627 κατ’
807 1601 913 1635 αἴθρην

174 1636 281 1669 Τείρεα,
298 1635 345 1662 καὶ
358 1637 413 1670 πολ
419 1635 463 1661 λοι
478 1635 569 1670 ταῦτα
583 1635 618 1661 τὰ
631 1636 795 1670 φαινόμενα

131 1671 255 1703 Βίϐλοις
276 1669 465 1705 ἐγκατέθεπο
475 1678 482 1685 ⁸
497 1669 556 1697 ἀπὸ
570 1670 686 1697 σκοποῦ
701 1670 723 1685 ⁸⁰
739 1671 763 1696 6“
777 1670 912 1705 ἀφάμαρ-

177 1741 264 1767 mea
287 1740 352 1767 τότε
374 1740 395 1757 δι
418 1740 602 1774 λεπτολόγου
628 1740 766 1774 σκήπτου
788 1706 913 1801 ῑξέἔέος

794 1799 798 1801 .
823 1784 876 1801 γει.

794 1784 876 1811 ιεχει.

131 1833 192 1859 Καὶ
206 1832 278 1859 ἄλλοι
293 1832 321 1859 δὲ
336 1832 427 1858 πολλοὶ
438 1832 581 1871 ¹γεγόνασιν
594 1832 716 1867 ¹’Ᾱρατοι,
731 1830 825 1866 ἄνδρες
838 1830 912 1856 ὲλλὸ-

131 1887 223 1914 γιμοι,
239 1878 436 1914 ἱστοριογράφοι
447 1886 455 1894 ·
468 1878 560 1913 ὥσπερ
577 1878 590 1904 ὁ
602 1877 725 1908 Κνίδιος,
741 1873 771 1903 οὗ
786 1876 913 1911 φέρονται

131 1924 308 1959 Αἰγυπτιακὰ
322 1925 443 1960 ἱστορικὰ
459 1923 659 1959 συγγράμματα
671 1932 679 1938 ·
696 1923 742 1949 καὶ
756 1923 846 1959 τρίτος
859 1924 914 1949 ἐπι-

133 1970 289 2006 σημότατος
303 1969 461 2001 Σικυώνιος,
480 1967 510 1996 οὗ
532 1970 605 1995 ἐστιν
623 1970 639 2004 ή
661 1967 820 1999 πολύὸιϐλος
842 1968 913 1994 ἱστο-

135 2016 195 2053 ρία,
213 2016 282 2051 ὑπὲρ
295 2015 329 2042 τὰ
341 2016 362 2042 λ’
379 2015 467 2050 βιϐλία
481 2015 589 2050 ἔχουσα.
608 2014 663 2045 Τὰς
682 2014 710 2040 δὲ
730 2014 842 2049 Ἀράτου
855 2015 914 2040 ἐπι-

133 2062 243 2094 στολὰς,
253 2058 290 2088 ὧν
301 2062 426 2097 ἀνωτέρω
434 2061 554 2096 ἐμνήσθη
560 2069 617 2096 μεν,
626 2060 733 2086 πάντων
745 2059 836 2095 σχεδὸν
847 2067 877 2086 συ
882 2068 914 2094 μ-

129 2108 296 2143 -φωνούντων
314 2108 362 2140 τὰς
375 2109 414 2139 είς
431 2107 511 2134 αὑτὸν
528 2105 730 2142 ἀναφερομένας
742 2105 823 2132 αὑτοῦ
835 2104 912 2136 εἶναι,

132 2155 185 2182 καὶ
199 2153 395 2188 ὁμολογούντων
410 2153 522 2188 γνησίας
543 2154 641 2186 αὑτὰς,
658 2153 736 2188 μόνος
757 2152 914 2178 Ἀπολλωνί-

131 2201 185 2234 δης
195 2200 323 2235 ὸΚηφεὺς
334 2200 362 2226 ἐν
372 2199 411 2234 τῷ
422 2199 505 2234 ὀγδόῳ
514 2199 582 2233 Περὶ
589 2197 832 2232 κατεψευσμένης
840 2199 914 2224 ἱστο-

129 2243 217 2279 ρίας,
231 2244 280 2270 οὑκ
293 2241 360 2270 εἶναι
371 2242 455 2275 αὑτὰς
474 2243 584 2278 Ἀράτου
603 2244 693 2279 φησὶν,
707 2242 773 2270 ἀλλὰ
787 2242 912 2278 Σαϐιρίου

134 2288 284 2320 Πόλλωνος.
301 2288 353 2315 Τοῦ
375 2289 403 2315 δὲ
424 2288 505 2315 αὑτοῦ
526 2288 619 2316 τούτου
638 2288 719 2324 φησὶν
735 2286 803 2315 εἶναι
819 2288 913 2314 ἔπινε-

132 2334 298 2370 γραμμένας
310 2334 455 2369 Εὐριπίδου
468 2334 621 2365 ἐπιστολάς.

393 2389 463 2424 Περὶ
481 2389 659 2425 ἐξηγήσεως.

173 2446 228 2481 Τὴν
255 2446 282 2472 δὲ
303 2446 356 2472 τῶν
382 2445 547 2480 φαινομένων
576 2445 702 2480 ἐξήγησιν
731 2445 837 2480 πρῶτον
861 2446 909 2481 μὲν

133 2491 257 2526 ἑστώσης
277 2491 325 2526 τῆς
346 2491 477 2526 σφαίρας,
500 2490 568 2525 μετὰ
587 2491 616 2517 δὲ.
632 2490 717 2517 ταῦτα
741 2491 910 2526 κινουμένης,

132 2537 281 2572 ἐποιήσατο
299 2537 424 2572 Ἄρατος.
441 2536 485 2562 Διὸ
498 2536 651 2572 συμόέὸηκε
663 2537 752 2568 πάσας
770 2537 818 2568 τὰς
833 2537 911 2571 σφαί-

133 2591 188 2619 ρας
214 2583 243 2610 ὲν
271 2583 389 2619 ἁμαρτίᾳ
415 2582 466 2609 ὑπὸ
490 2583 544 2610 τῶν
572 2583 721 2618 ζωγράφων
747 2582 909 2618 γράφεσθαι.

137 2628 259 2656 Ἑστῶτα
277 2629 329 2664 γὰρ
350 2629 397 2655 καὶ
422 2629 535 2664 ἀκίνητα
556 2629 704 2664 γράφοντες
727 2628 805 2661 αὐτὰ,
825 2629 909 2663 σφάλ-

133 2682 209 2710 ματα
222 2673 305 2700 πολλὰ
319 2674 347 2701 ἐν
363 2675 395 2710 τῇ
407 2675 510 2709 κινήσει
522 2675 550 2701 ὲν
563 2676 617 2706 τοῖς
633 2674 850 2701 συνανατέλλουσι
863 2675 909 2701 καὶ

131 2719 315 2747 ὰντιδύνουσιν
331 2720 438 2756 ἄστροις
452 2720 483 2747 ⁸³.
499 2720 606 2747 Ποιοῦσι
623 2719 709 2755 δὲτὴν
725 2721 811 2756 ἀρχὴν
826 2720 910 2747 ἑστώ-

184 2815 206 2830 ³⁶
217 2814 237 2848 f.
259 2815 321 2842 τόδ’.
348 2815 421 2848 Mox,
456 2816 559 2847 ἀοιδῶν.

621 2817 681 2857 ³⁷].
696 2817 824 2857 ἀρρήτου,
853 2821 888 2857 et
910 2817 1043 2857 ςόγγονοι.

955 256 1008 283 que
1025 247 1118 274 ambos
1133 246 1284 276 aberrasse,
1303 243 1336 271 ad
1359 250 1392 271 ea
1413 251 1474 278 qua
1496 246 1574 270 erant
1590 242 1656 269 artis
1676 250 1732 269 sua:

953 293 1073 328 propria,
1089 290 1226 326 delapsos)
1246 299 1252 317 :
1269 289 1326 316 haec
1340 289 1386 324 qui
1413 289 1517 322 dicunt,
1543 288 1598 314 falli
1612 295 1660 314 eos
1685 294 1733 313 ne-

953 346 1030 366 cesse
1045 341 1096 365 est.
1112 337 1170 364 Non
1185 336 1255 364 enim
1268 336 1357 363 sciunt
1373 342 1434 361 cum
1450 334 1532 360 Arato
1543 341 1596 360 non
1608 333 1734 360 floruisse

953 384 1118 412 Nicandrum
1130 404 1138 415 ,
1154 382 1201 410 sed
1215 389 1247 409 eo
1259 382 1343 408 multo
1351 380 1486 415 juniorem
1502 379 1638 406 exstitisse
1650 387 1657 411 ;
1670 385 1733 405 nam

953 430 1116 465 Antigonus,
1129 436 1247 464 quocum
1262 427 1312 454 luit
1332 426 1441 457 Aratus,
1456 425 1544 460 primo
1566 432 1597 451 ac
1613 423 1734 452 secund‘o

953 475 1098 503 Ptolemwo
1124 478 1255 510 regnante
1285 472 1371 505 vixit;
1393 471 1527 498 Nicander
1552 470 1603 497 sub
1629 470 1733 504 quinto.

956 523 1050 556 Itaque
1064 521 1247 548 Callimachus
1261 519 1336 546 Arati
1352 522 1480 552 tanquam
1496 516 1640 543 anterioris
1658 523 1735 542 men-

954 568 1053 594 tionem
1069 566 1143 599 facit,
1158 573 1211 592 non
1234 565 1320 592 solum
1345 564 1372 590 in
1399 563 1656 597 Epigrammatibus,
1686 561 1734 588 sed

954 612 1033 639 etiam
1046 612 1073 638 in
1088 612 1121 638 iis
1140 618 1200 646 quae
1214 611 1248 638 ad
1270 609 1468 643 Praxiphanem
1489 607 1619 641 scripsit;
1637 606 1684 633 ubi
1707 610 1735 633 et

954 657 1029 684 illum
1042 656 1163 691 impense
1180 655 1326 687 collaudat,
1341 659 1469 689 tanquam
1479 653 1613 680 eruditum
1625 656 1652 679 et
1665 652 1736 687 opti-

953 710 1028 729 mum
1056 706 1174 737 poetam.
1197 701 1330 728 Cancrum
1356 699 1503 726 Hesiodum
1526 698 1668 725 aemulatus
1694 702 1736 724 est

953 747 1071 780 Aratus;
1100 746 1173 782 quod
1188 746 1371 774 Callimachus
1393 745 1588 780 epigrammate
1618 743 1736 779 quodam

956 793 986 821 in
999 802 1060 822 eum
1073 794 1175 828 scripto
1189 796 1302 820 testatus
1318 796 1359 819 est
1371 791 1414 818 his
1427 790 1517 818 verbis
1534 799 1540 816 :

991 840 1099 874 Hesiodi
1114 840 1161 866 hoc
1174 847 1288 871 carmen,
1299 843 1323 866 et
1332 837 1435 869 modus,
1445 845 1497 864 non
1510 843 1666 871 poetarum;

1027 875 1235 901 Postremum...

989 909 1141 937 Carminum
1155 908 1271 936 Solensia
1289 907 1425 941 expressit.
1449 906 1560 937 Salvete.
1577 905 1685 933 subtilia

1026 945 1114 976 Dicta,
1127 943 1317 978 inexplicabilis
1329 950 1453 977 germana
1469 942 1574 976 vigilite.

990 1002 1092 1030 Prteter
1111 1001 1285 1028 Phtenomena
1306 999 1417 1034 scripsit
1434 1003 1461 1026 et
1474 999 1527 1026 alia
1544 1001 1680 1034 poemata,
1704 996 1739 1025 de

957 1047 1074 1075 Homero
1101 1051 1128 1074 et
1156 1045 1256 1078 Iliade;
1284 1044 1317 1072 de
1343 1044 1463 1077 ossibus,
1489 1051 1521 1071 ac
1553 1043 1668 1070 medicis
1698 1042 1738 1069 la-

957 1093 1114 1124 cultatibus,
1128 1092 1257 1127 hymnum
1274 1091 1301 1118 in
1316 1090 1400 1123 Pana,
1416 1090 1567 1125 epicedium
1593 1090 1620 1123 in
1649 1088 1739 1124 Myrin

958 1139 1081 1170 fratrem,
1102 1138 1135 1165 de
1155 1137 1288 1164 ostentis:
1303 1136 1471 1171 Scythicum,
1493 1140 1520 1163 et
1543 1135 1596 1162 alia
1616 1134 1740 1170 quaedam

957 1184 1073 1212 minuta.
1099 1183 1127 1209 In
1153 1182 1335 1210 Pharnomenis
1362 1189 1426 1209 vero
1448 1181 1600 1209 scribendis
1628 1180 1741 1215 potissi-

958 1237 1031 1256 mum
1044 1228 1181 1262 excelluit,
1206 1229 1272 1255 adeo
1299 1232 1329 1254 ut
1347 1231 1460 1255 caeteros
1483 1228 1562 1262 longe
1586 1231 1738 1262 superaret.

958 1275 1024 1303 Nam
1039 1274 1165 1301 Eudoxus
1181 1281 1288 1308 quoque
1300 1273 1413 1300 Cnidius
1432 1273 1465 1300 de
1479 1273 1663 1308 phaenomenis
1676 1273 1740 1299 scri-

958 1321 1022 1356 psit,
1040 1324 1067 1347 et
1078 1319 1164 1347 Lasus
1176 1319 1297 1355 Magnes,
1318 1327 1373 1346 non
1391 1318 1605 1349 llcrmionensis,
1644 1318 1690 1345 sed
1713 1318 1738 1345 ei

959 1366 1223 1402 quillermionensis
1237 1370 1306 1397 erat,
1331 1364 1515 1399 cognominis;
1539 1371 1645 1391 necnon
1672 1363 1740 1390 [ler-

959 1413 1076 1447 mippus,
1094 1411 1272 1446 Hegesianax,
1293 1410 1489 1445 Aristophanes
1510 1409 1666 1444 Byzantius,
1683 1409 1742 1435 alii-

961 1466 1012 1494 que
1029 1458 1199 1493 complures;
1215 1455 1250 1486 de
1261 1457 1362 1492 quibus
1377 1457 1498 1484 meminit
1514 1455 1687 1490 Ptolemasus,
1702 1456 1740 1482 ita

962 1503 1083 1531 scribens
1096 1512 1103 1530 :

995 1603 1091 1630 Omnia
1109 1602 1284 1637 Hegesianax,
1297 1607 1321 1629 et
1341 1603 1497 1637 Hermippus
1513 1602 1626 1630 wtlmea

1033 1639 1114 1665 Astra
1121 1644 1144 1665 et
1155 1639 1241 1672 plures
1257 1638 1311 1664 haec
1322 1638 1491 1672 plta'namena

997 1674 1083 1701 Libris
1097 1675 1281 1700 commiserunt
1293 1681 1303 1705 ;
1316 1673 1360 1700 sed
1376 1681 1392 1699 a
1405 1680 1481 1706 acopo
1493 1672 1659 1700 aberrarunt.

1035 1740 1131 1768 Verum
1159 1739 1263 1766 subtilis
1288 1739 1421 1774 scriptoris
1446 1739 1619 1774 principatum
1643 1739 1740 1766 Aratus

1590 1773 1707 1810 [eblincL

996 1833 1096 1862 Praeter
1117 1834 1190 1861 hunc
1219 1833 1381 1861 exstiterunt
1404 1832 1449 1859 alii
1476 1832 1628 1867 complures
1653 1832 1740 1864 Arati,

963 1880 1085 1908 celebres
1112 1879 1236 1907 historici
1254 1889 1259 1905 :
1277 1879 1350 1906 velut
1378 1878 1501 1911 Cnidius,
1526 1878 1604 1912 cujus
1632 1881 1740 1906 exstant

963 1925 1185 1961 Egyptiacarum
1201 1925 1376 1952 historiarum
1399 1924 1482 1957 libri;
1497 1924 1594 1951 tertius
1613 1925 1678 1951 item
1692 1931 1742 1950 no-

962 1972 1044 1999 minis
1059 1971 1179 2006 ejusdem
1197 1970 1350 2005 Sicyonius,
1365 1969 1444 2005 longe
1451 1969 1640 2002 clarissimus;
1656 1977 1672 1996 a
1686 1975 1742 2003 quo

962 2017 1056 2045 multis
1071 2017 1151 2044 libris
1170 2016 1242 2044 edita
1259 2020 1301 2043 est
1310 2015 1434 2043 historia.
1455 2015 1523 2042 Sunt
1534 2015 1606 2043 enim
1625 2015 1741 2049 amplius

963 2064 1080 2098 triginta.
1098 2062 1175 2096 Quod
1193 2063 1226 2090 ad
1238 2062 1366 2098 epistolas
1388 2062 1464 2089 Arati
1485 2065 1598 2096 spectat,
1625 2068 1740 2096 quarum

963 2117 1043 2144 supra
1057 2110 1229 2137 meminimus
1240 2129 1247 2140 ,
1262 2117 1322 2137 cum
1339 2110 1366 2135 in
1379 2109 1430 2136 hoc
1448 2108 1618 2135 consentiant
1633 2114 1739 2139 omnes,

963 2155 1036 2182 illius
1049 2163 1094 2182 eas
1111 2163 1172 2183 esse
1186 2163 1338 2190 germanas,
1359 2162 1418 2190 que
1430 2154 1481 2189 ipsi
1497 2153 1672 2181 tribuuntur:
1696 2161 1741 2181 so-

963 2201 1007 2228 lus
1019 2201 1178 2236 Apollonius
1192 2201 1315 2236 Cepheus
1327 2201 1353 2228 in
1373 2204 1469 2227 octavo
1480 2199 1519 2238 De
1531 2199 1601 2234 falsa
1617 2199 1738 2232 historia,

964 2251 1044 2281 negat
1057 2254 1103 2274 eas
1113 2248 1187 2274 Arati
1203 2254 1272 2280 esse,
1289 2247 1336 2274 sed
1352 2245 1450 2273 Sabirii
1467 2245 1595 2273 Pollonis.
1607 2245 1629 2271 A
1647 2252 1700 2279 quo
1713 2248 1740 2271 et

964 2292 1025 2319 illas
1039 2300 1100 2319 esse
1114 2293 1229 2327 scriptas
1243 2292 1373 2326 epistolas
1398 2291 1497 2319 asserit
1519 2297 1579 2326 quae
1603 2289 1739 2325 Euripidis

964 2338 1073 2366 nomine
1085 2337 1322 2365 circumferuntur.

1098 2393 1136 2420 De
1149 2394 1313 2420 enarratione
1327 2394 1506 2428 apparentium
1518 2393 1604 2421 Arati.

996 2451 1193 2486 Apparentium
1218 2451 1350 2478 rationem
1380 2451 1420 2478 sic
1441 2450 1540 2478 Aratus
1555 2449 1688 2485 exposuit,
1710 2453 1739 2476 ut

965 2497 1103 2524 immotam
1122 2497 1209 2531 primo
1223 2497 1366 2532 sphaeram,
1384 2501 1445 2532 post
1458 2497 1577 2524 eamdem
1590 2503 1649 2523 sese
1672 2502 1738 2522 con-

966 2546 1112 2570 vertentem
1128 2543 1269 2577 aspiceret.
1289 2542 1358 2570 Hinc
1372 2546 1482 2578 apparet
1503 2542 1622 2577 sphaeras
1644 2548 1738 2568 omnes

964 2595 979 2614 a
994 2587 1143 2622 pictoribus
1162 2595 1216 2615 non
1231 2589 1288 2615 sine
1303 2595 1395 2615 errore
1416 2588 1499 2622 pingi.
1520 2587 1586 2614 Cum
1604 2586 1675 2613 enim
1691 2593 1738 2613 eo-

964 2633 1024 2660 dem
1048 2633 1109 2661 loco
1135 2635 1312 2662 consistentia
1338 2640 1364 2662 et
1389 2633 1536 2661 immobilia
1563 2632 1736 2664 describant,

963 2678 1055 2713 plures
1070 2687 1103 2706 ex
1118 2686 1151 2706 eo
1169 2687 1280 2707 necesse
1290 2683 1332 2707 est
1348 2679 1376 2706 in
1391 2678 1539 2706 orientibus
1553 2676 1633 2704 simul
1649 2680 1675 2704 et
1690 2684 1737 2703 oc-

962 2723 1115 2752 cidentibus
1131 2724 1266 2752 sideribus
1280 2731 1387 2752 errores
1402 2721 1528 2751 incidere.
1546 2721 1626 2748 Initio
1645 2721 1737 2756 itaque

1094 2818 1116 2834 ³⁸
1129 2818 1170 2844 An
1184 2819 1278 2854 ista);
1299 2819 1344 2846 καί
1361 2826 1451 2854 φησιν.
1505 2817 1526 2833 ³⁹
1544 2815 1602 2844 Scr.
1617 2815 1650 2844 τὰ
1662 2815 1734 2843 κατ’.

132 2849 159 2866 ⁸⁸
174 2848 233 2877 Scr.
244 2850 414 2879 ἁποσκόπιοι.
452 2853 472 2868 ⁸³
486 2851 543 2879 Scr.
558 2851 598 2885 τό,
630 2848 665 2878 αι’
682 2848 826 2886 σκῆίπτρον.
865 2851 888 2870 ’θ’
906 2875 908 2879 .

961 2848 972 2879 έ
984 2853 1102 2881 nonnihil
1114 2853 1246 2881 mendosa.
