1907 3144
235 130 306 159 “59

235 189 270 217 ab
285 187 389 224 sphaera
405 188 571 216 consistente
582 186 665 221 facto,
678 186 712 215 de
723 194 784 220 axe,
801 188 874 223 polo,
891 191 919 215 et
934 187 967 215 iis
978 187 1014 216 εἱ-
1028 191 1052 220 Α

236 235 359 267 deribus,
381 241 441 269 quae
459 234 553 261 arctici
580 233 677 260 circuli
704 233 807 261 ambitu
837 233 1013 266 clauduntur,

236 287 389 307 sermonem
399 279 532 311 instituit;
548 278 700 313 cuiusmodi
716 283 790 311 sunt,
813 278 898 311 Ursae,
916 279 1013 311 Draco,

236 328 264 353 et
277 333 336 360 quae
351 325 385 351 ab
397 324 506 359 cingulo
519 324 553 351 ad
569 324 650 359 pedes
666 323 766 359 Cephei
788 325 942 359 pertinent;
957 328 1014 351 tum

236 369 270 397 de
293 370 325 396 iis
345 376 405 404 qua:
428 368 559 396 arcticum
580 369 651 396 inter
676 372 703 396 et
727 369 868 396 zodiacum
884 369 1015 396 collocata

235 415 368 442 videntur.
384 414 424 442 Ac
437 414 471 441 de
484 414 518 442 iis
528 414 648 449 quidem,
674 422 734 450 quae
755 414 827 441 inter
842 415 973 442 arctieum
988 418 1015 442 et

236 461 387 494 zodiacum,
403 464 485 495 atque
499 460 680 487 antarclicum
694 460 747 488 sita
763 463 837 492 sunt,
847 460 884 486 ita
901 460 1012 488 scribit:

236 517 318 550 Atque
335 516 390 542 alia
405 516 508 550 quidem
525 515 592 542 inter
611 515 760 550 aquilonem
781 519 806 542 et
820 516 869 542 iter
886 515 949 542 solis

236 550 270 577 In
285 550 367 578 medio
377 551 438 584 [usa
446 555 516 582 sunt;
528 550 583 577 alia
593 550 625 577 ab
635 550 835 585 inferioriparte
842 551 981 585 incipiunt.

235 607 336 635 Verum
372 615 531 635 conversam
556 611 650 642 postea
670 607 867 642 contemplatus
892 606 1014 634 eamdem

235 653 379 689 sphaeram,
395 653 473 688 150
486 657 605 686 ortuum,
617 660 648 680 ac
663 653 744 681 simul
766 653 910 680 orientium
925 656 953 680 et
968 660 1014 680 oc-

235 699 385 727 cidentium
410 699 611 726 enarrationem
635 699 697 726 iniit
717 699 751 727 ab
770 699 874 726 oriente
897 698 1013 731 Cancro,

235 745 402 773 culminaute
414 744 513 777 Ariete,
528 748 555 772 et
566 745 705 772 occidente
729 744 906 780 Capricorno.
929 743 1014 772 Orsus

237 795 327 818 autem
343 791 376 818 ab
386 795 483 818 exortu
497 790 606 823 Cancri,
625 797 687 818 cum
702 798 789 826 eoque
807 790 889 818 simul
899 790 1014 818 orientia

236 840 264 863 et
278 835 429 864 accidentia
443 844 477 863 ex
498 835 613 864 adverso
630 836 719 864 sidera
740 836 1013 871 persecutus,[dein-

236 889 300 916 ceps
315 881 439 910 eumdem
456 881 580 909 ordinem
596 888 651 909 non
664 881 816 912 tenuit,sed
829 882 913 910 variis
928 881 1016 909 modis
1030 875 1051 904 Β

236 935 303 955 usus
318 931 360 955 est
374 936 381 954 :
396 931 448 955 ute
458 927 569 962 regione
577 927 714 954 interdum
726 927 877 954 occidentia
888 927 1015 962 primum,

236 977 300 1008 post
314 972 395 1000 stmul
410 972 525 1000 orientia
535 972 703 1000 describeret
716 980 723 1005 ;
738 973 766 999 in
782 972 842 1000 aliis
857 973 916 1000 vice
926 980 1014 1005 versa,

237 1026 252 1045 a
265 1018 450 1045 coorientibus
472 1017 614 1053 inciperet,
638 1018 727 1053 iisque
748 1018 916 1045 contrarium
937 1025 1016 1046 occa-

238 1071 298 1093 sum
313 1063 440 1091 facientia
450 1063 607 1098 subiiceret.

272 1107 326 1135 Sed
352 1108 486 1143 poeticum
509 1107 561 1135 hoc
586 1115 655 1143 opus
679 1108 800 1143 plerique
823 1107 1015 1143 depravarunt,

237 1154 367 1189 pictores,
388 1153 547 1185 astronomi,
568 1153 748 1188 grammatici,
769 1158 930 1189 geometrae;
955 1161 1016 1181 cum

237 1197 272 1225 ad
295 1205 372 1226 suam
389 1198 504 1233 quisque
520 1202 638 1225 mentem
656 1205 688 1224 ac
709 1198 875 1226 voluntatem
898 1199 1018 1235 privatas

236 1243 358 1278 picturas
371 1246 399 1271 et
414 1242 651 1278 interpretationes
670 1243 801 1278 exigeret.

269 1288 449 1317 Proleruntur
472 1296 488 1315 a
513 1287 651 1316 nonnullis
673 1287 849 1317 Pltamomena
876 1288 935 1317 sine
962 1289 1018 1316 ullo

237 1336 370 1371 prooemio
385 1335 414 1362 in
427 1334 500 1362 hunc
520 1335 632 1362 modum
647 1343 655 1362 :

237 1392 288 1420 Ha:
300 1392 404 1428 quidem
415 1391 582 1419 nihilominus
600 1390 701 1424 multa,
718 1395 743 1419 et
753 1391 818 1419 alibi
839 1391 900 1420 alia:
914 1393 1018 1427 potius;

236 1448 345 1484 quidam
363 1448 470 1475 diversa
484 1447 616 1482 prommia
631 1446 762 1480 referunt,
783 1447 855 1475 velut
873 1457 880 1476 :

324 1504 364 1532 De
378 1504 433 1531 sole
446 1509 470 1531 et
484 1503 581 1538 insigni
595 1504 658 1531 luna

324 1540 408 1567 Dicite
420 1539 492 1571 mihi,
509 1537 599 1568 Murre.

237 1595 270 1624 lu
284 1595 345 1623 aliis
358 1593 580 1630 exemplaribus:

237 1653 347 1683 Anclide
358 1653 487 1687 hospitum
504 1660 609 1688 sacrum
632 1660 751 1687 germen,
777 1660 824 1688 age
839 1657 867 1680 tu
887 1653 951 1681 mihi

237 1689 373 1718 Calenam
390 1689 505 1723 attingas
516 1687 551 1714 ad
564 1688 703 1720 semitam;

237 1747 300 1781 alia,

324 1816 462 1851 Antigone,
476 1814 607 1849 hospitum
622 1821 726 1841 sacrum
738 1821 851 1848 germen.

236 1873 337 1902 Verum
358 1873 432 1900 omni
455 1879 569 1908 prorsus
587 1877 681 1898 carere
699 1869 832 1905 prooemio
847 1876 916 1904 opus
931 1869 1016 1902 istud,

236 1919 396 1947 indecorum
409 1921 470 1951 est;
489 1924 521 1944 ac
541 1924 602 1944 cum
620 1916 703 1951 hujus
726 1919 811 1950 poetae
830 1915 969 1950 praestanti
983 1914 1019 1941 fa-

235 1966 346 1999 cultate,
360 1969 417 1991 tum
431 1970 496 1991 vero
509 1962 578 1989 tanti
595 1961 746 1997 argumenti
763 1961 904 1996 majestate
926 1962 1017 1989 minus

235 2012 362 2047 dignum,
376 2010 416 2037 sic
435 2009 509 2037 enim
523 2007 594 2035 initii
615 2014 648 2035 ac
659 2007 734 2034 velut
747 2006 844 2042 capitis
858 2013 954 2041 expers
974 2014 1018 2034 es-

236 2062 279 2086 set
288 2057 339 2085 hoc
351 2063 456 2092 poema.
469 2054 510 2082 Ab
524 2054 559 2081 iis
574 2058 664 2081 autem
679 2051 800 2080 exordiis
818 2052 950 2084 inchoari,
964 2052 1017 2079 An-

237 2103 319 2136 clidef,
340 2105 367 2129 et
386 2101 412 2128 id
430 2107 516 2135 genus
534 2098 656 2130 caeteris,
681 2104 736 2124 non
749 2104 782 2124 eo
794 2097 888 2133 solum
912 2096 1018 2124 videtur

237 2147 395 2179 absurdum,
406 2146 477 2180 quod
490 2149 599 2180 propter
619 2143 783 2171 cacozeliam
805 2143 840 2170 ab
854 2142 930 2169 Arati
947 2143 1017 2178 stylo

237 2194 282 2222 isti
296 2200 391 2221 versus
410 2192 589 2224 abhorreant;
606 2190 654 2218 sed
673 2190 746 2217 inest
762 2189 789 2217 id
811 2189 840 2216 in
855 2196 887 2217 eo
909 2196 1017 2224 quaque

745 127 790 155 AD
808 127 940 170 EU§EBII
958 125 1153 155 CHRONICON
1173 124 1353 153 APPENDIX.

1033 1546 1055 1577 α

1755 130 1804 157 “60

1065 195 1115 223 σης
1130 187 1179 222 τῆς
1194 186 1310 222 σφαίρας
1334 185 1398 221 περὶ
1419 184 1508 217 ἄξονος
1535 185 1583 212 καὶ
1604 186 1700 219 πόλων,
1717 189 1805 216 καὶτῶν

1067 232 1142 264 ὲντὸς
1157 232 1203 259 τοῦ
1218 231 1349 268 ἀρκτικοῠ
1368 231 1466 258 κύκλου
1481 231 1588 267 ἄστρων
1608 232 1651 259 τὸν
1663 232 1731 267 λόγον
1741 237 1805 262 ποιεῖ-

1066 287 1121 304 ται.
1140 278 1219 312 Λέγω
1232 278 1261 304 δὲ
1274 278 1409 313 Ἄρκτων,
1424 278 1471 304 καὶ
1484 277 1640 312 Δράκοντος,
1657 278 1698 305 καὶ
1713 279 1758 306 τῶν
1768 281 1805 307 ἀπὺ

1066 324 1116 360 τῆς
1129 323 1216 360 ζώνης
1234 323 1314 358 μέχρι
1329 323 1416 350 ποδῶν
1428 322 1475 349 τοῦ
1492 323 1609 358 Κηφέως
1620 331 1626 338 ·
1643 322 1696 350 εἶτα
1709 326 1806 361 περὶτῶν

1069 372 1170 408 μεταξὺ
1189 369 1236 397 τοῦ
1260 369 1388 405 ἀρκτικοῦ
1403 368 1451 395 καὶ
1465 367 1595 400 ζωδιακοῦ
1617 367 1680 396 εἶναι
1697 371 1806 406 νομιζομέ-

1067 426 1130 445 νων.
1154 416 1234 450 Λέγει
1254 415 1283 442 δὲ
1307 414 1438 449 περὶτῶν
1456 414 1557 449 μεταξὺ
1578 415 1624 441 τοῦ
1643 416 1755 451 ἀρκτικοῦ
1774 417 1806 442 καὶ

1067 462 1209 497 ζωδιακοῦ,
1225 462 1272 488 καὶ
1286 460 1465 496 ἀνταρκτικοῦ
1477 460 1562 492 οὕτως
1575 469 1583 476 ο

1066 521 1121 548 Καὶ
1134 521 1170 547 τὰ
1180 519 1238 554 μὲν
1249 517 1306 546 οὖν
1316 517 1413 552 ,ϐορέω
1422 517 1478 554 νκᾳὶ
1491 517 1618 550 ἀλήσιος
1629 518 1730 554 flii-xilem

1066 553 1229 590 Macarii-lic
1243 554 1365 589 κέχυται
1374 561 1381 568 ·
1398 553 1434 580 τὰ
1449 553 1482 580 δὲ
1495 554 1609 579 νειόθεν
1622 553 1729 587 ἄρχεται
1740 553 1804 580 illo.

1066 614 1147 641 Κινου
1152 613 1233 648 μένης
1243 612 1271 639 δὲ
1283 612 1332 647 τῆς
1344 611 1470 647 σφαίρας,
1480 610 1502 626 ⁸³
1509 610 1563 637 τῶν
1575 610 1711 643 ἀνατολῶν,
1718 611 1755 637 καὶ
1764 619 1806 636 συν-

1066 658 1261 686 ανατελλόντων
1278 658 1324 684 καὶ
1336 656 1526 684 ἁντιδυνόντων
1541 656 1681 691 πεποίηται
1695 656 1740 682 ἀπὸ
1754 657 1806 691 Κιρ-

1066 705 1142 732 κινου
1159 703 1358 734 ἀνατέλλοντος,
1378 702 1425 729 καὶ
1445 701 1670 737 μεσουρανοῦντος
1682 700 1762 736 Κριοῦ,
1775 702 1805 726 ul

1066 749 1205 785 Αἰγόκερω
1220 748 1354 779 δύνοντος.
1377 746 1541 782 ’Δρξάμενος
1559 745 1647 781 μέντοι
1664 745 1711 771 ἀπὸ
1729 745 1804 780 Καρκί-

1066 805 1111 823 νου
1127 795 1325 827 ἀνατέλλοντος,
1339 793 1386 820 καὶ
1399 793 1422 808 ⁶⁴
1436 792 1546 828 προσέτι
1567 791 1602 818 τὰ
1622 790 1806 818 συνανατέὶᾱιοπι

1069 842 1143 877 αὐτῷ
1159 841 1245 876 ἄστρα
1256 861 1263 874 ,
1279 840 1327 867 καὶ
1343 837 1513 866 ἀντιδύνοντα
1529 839 1557 864 ἐν
1572 838 1629 869 τοῖς
1645 836 1702 871 ἑξῆς
1715 836 1806 869 οὑκὲτή-

1066 896 1133 923 ρησε
1146 886 1248 921 ταύτην
1269 885 1318 921 τὴν
1338 884 1413 916 τάξιν
1425 892 1431 899 ·
1448 882 1516 910 ἀλλὰ
1535 881 1684 918 διαφόρως,
1701 880 1754 907 ποτὲ
1774 880 1807 915 μὲν

1064 932 1099 959 τὰ
1114 931 1285 958 ὰντιδύνοντα
1300 929 1396 966 πρῶτα
1410 929 1502 962 λέγει,
1519 927 1630 963 ὕστερον
1642 927 1669 954 δὲ
1682 927 1711 954 τὰ
1724 935 1807 952 συνανα-

1066 978 1207 1004 τέλλοντα·
1224 977 1270 1003 ἐπὶ
1295 976 1324 1002 δέ
1344 983 1423 1002 τινων
1447 974 1598 1002 ἀνάπαλιν·
1623 973 1711 1009 πρῶτα.
1731 973 1768 1007 μὲν
1785 971 1807 997 tit

1066 1023 1302 1055 συνανατέλλοντα,
1320 1022 1431 1058 ὕστερον
1445 1020 1479 1047 τὰ
1489 1019 1668 1047 ἀντιδύνοντα.

1108 1112 1259 1149 Ἐλύμηναν
1280 1112 1309 1138 δὲ
1328 1110 1420 1138 πολλοὶ
1438 1109 1516 1137 τοῦτο
1540 1110 1570 1137 τὸ
1587 1110 1688 1146 ποίημα
1703 1108 1807 1143 ζωγράςοι

1066 1160 1114 1188 καὶ
1128 1159 1288 1195 ἀστρονόμοι
1299 1177 1307 1190 ,
1326 1157 1373 1184 καὶ
1395 1156 1584 1192 γραμματικοὶ
1597 1178 1604 1189 ,
1620 1156 1664 1183 καὶ
1679 1154 1808 1190 γεωμέτραι.

1066 1206 1179 1237 ἕκαστος
1192 1204 1281 1231 αὐτῶν
1296 1203 1364 1239 πρὸς
1378 1202 1409 1228 τὸ
1425 1202 1547 1238 βούλημα
1557 1202 1590 1229 τὸ
1606 1202 1667 1229 [διον
1681 1199 1770 1237 γραφὰς
1778 1198 1809 1225 ναὶ

1067 1251 1209 1287 ὶξηγὴσεις
1226 1250 1292 1282 ιδίας
1302 1248 1467 1283 ποιούμενοι.

1101 1297 1213 1333 Φέρεται
1229 1296 1263 1332 δὴ
1285 1296 1320 1323 τὰ
1337 1294 1502 1329 Φαινόμενα
1520 1293 1574 1321 ὑπὸ
1593 1294 1641 1329 μέν
1660 1300 1730 1319 τινων
1751 1291 1810 1325 an,»

1067 1343 1195 1379 οιμίαστα
1206 1351 1214 1357 ·

1070 1402 1102 1427 οι
1113 1399 1171 1435 μὲν
1183 1398 1261 1434 ὁμῶς
1272 1398 1378 1432 πολέες
1390 1407 1421 1425 τε
1432 1397 1479 1424 καὶ
1492 1397 1622 1430 ἄλλυδις
1631 1396 1712 1423 ἄλλοι
1722 1395 1808 1426 ἐόντες·

1069 1446 1121 1473 ὑπὸ
1133 1446 1162 1473 δέ
1173 1454 1253 1472 τινων
1264 1445 1379 1482 διάφορα
1394 1444 1533 1480 προοίμια,
1548 1445 1638 1479 ἀρχὴν
1650 1443 1747 1478 ἔχοντα·

1143 1502 1225 1537 Ἀμφί
1238 1510 1289 1536 μοι
1305 1501 1417 1537 ἠελίοιο
1433 1499 1629 1535 περιιῖειτοῖό
1640 1508 1670 1526 τε
1679 1498 1761 1534 μήνης

1142 1536 1268 1564 Ἐσπετέ
1278 1545 1340 1571 μοι,
1353 1536 1471 1563 Μοῦσαι

1068 1596 1129 1624 τινὰ
1143 1596 1171 1622 δὲ
1185 1595 1240 1622 τῶν
1255 1594 1429 1629 ἀντιγράφων
1439 1601 1446 1608 ·

1075 1651 1224 1687 Ἀτκλείδη
1237 1650 1343 1682 ξείνων
1356 1649 1436 1687 lepor:
1450 1649 1553 1687 θάλος,
1569 1651 1596 1677 εὶ
1605 1650 1630 1677 δ’
1645 1649 1694 1684 ἁτε
1703 1648 1737 1675 σύ
1745 1655 1782 1682 μοι

1067 1685 1215 1722 Οὐρανίην
1228 1686 1379 1720 ψαύσειας
1391 1685 1439 1712 ἐπὶ
1453 1686 1551 1720 τρίϐον
1561 1694 1569 1700 ·

1068 1744 1126 1771 Ενια
1141 1743 1170 1770 δέ
1179 1751 1186 1758 ·

1142 1799 1297 1834 Ἀντίγονε,
1310 1798 1416 1831 ξείνων
1431 1797 1510 1832 ἱερὸν
1520 1798 1624 1831 θάλος.

1067 1857 1104 1884 Τὸ
1122 1857 1171 1892 μὲν
1182 1853 1228 1883 οὖν
1245 1855 1456 1891 ἀπροοιμίαστον
1468 1854 1600 1890 φέρεσθαι
1616 1854 1645 1881 τὸ
1659 1854 1751 1888 ποίημα
1764 1859 1811 1877 πιν-

1066 1903 1149 1935 τελῶς
1168 1903 1242 1929 ἐστιν
1264 1902 1386 1937 ἀπρεπὲς
1407 1902 1455 1928 καὶ
1473 1899 1583 1933 ἀνάξιον
1603 1901 1653 1936 τῆς
1670 1898 1713 1927 τοῦ
1731 1894 1811 1931 ποιητοῦ

1066 1949 1165 1985 ἀρετῆς
1189 1949 1236 1975 καὶ
1260 1948 1311 1982 τῆς
1341 1947 1504 1983 τηλικαύτης
1536 1946 1706 1977 ὑποθέσεως·
1727 1944 1812 1976 ἅναρχσν

1067 1996 1120 2031 γὰρ
1142 1995 1190 2022 καὶ
1205 1994 1341 2029 ἀκέφαλον
1362 1994 1438 2021 ἔσται
1458 1993 1489 2020 τὸ
1503 1993 1610 2028 ποίημα
1620 2001 1627 2008 ·
1642 1992 1671 2019 τὸ
1689 1992 1715 2017 δὲ
1726 1989 1769 2016 ἀπὸ
1779 1986 1811 2013 τοῦ

1073 2042 1239 2077 Ἆγκλείὸη,
1263 2042 1310 2068 καὶ
1333 2041 1387 2067 τῶν
1412 2041 1476 2076 ἑξῆς
1497 2040 1640 2075 ἄρχεσθαι,
1661 2039 1722 2074 πρὸς
1739 2036 1769 2070 τῷ
1783 2034 1812 2060 διὰ

1066 2088 1230 2125 κακοζηλίαν
1254 2089 1382 2123 ἐκφυγεῖν
1402 2087 1485 2114 ταῦτα
1506 2087 1541 2113 τὰ
1566 2086 1620 2122 ἔπη
1644 2085 1685 2112 τὸν
1706 2083 1811 2119 Ἀράτειον

1066 2134 1237 2171 χαρακτῆρα,
1253 2133 1292 2161 ἔτι
1307 2134 1353 2161 καὶ
1368 2132 1521 2168 ἐναντίωμα
1540 2132 1598 2168 ἔχει
1614 2132 1644 2158 τὺ
1656 2131 1747 2157 οἴεσθαι
1758 2127 1812 2154 £659-

1068 2182 1300 2219 μηκονταετηρίδα
1322 2179 1402 2214 εἶναι,
1417 2181 1446 2207 ὲν
1470 2177 1487 2216 ᾖ
1511 2179 1721 2206 ἀποκαθίσταται
1735 2176 1746 2202 ό
1759 2174 1812 2209 ἥλως

237 2219 467 2276 pugnans:quod
481 2237 560 2264 annis
571 2219 739 2271 septuaginta
757 2234 791 2262 ad
805 2235 875 2262 idem
886 2219 1014 2269 punctum

1067 2229 1120 2257 ἀπὸ
1137 2228 1249 2264 σημείου
1263 2228 1309 2255 ἐπὶ
1321 2228 1441 2262 σημεῖον.
1458 2227 1535 2262 Ἔχει
1546 2226 1602 2261 γὰρ
1619 2225 1649 2252 τὸ
1660 2219 1829 2258 κατεψευσμέ-ι

236 2281 359 2311 revocari
372 2281 439 2309 solis
457 2279 594 2307 curricula
612 2278 770 2306 credantur.
795 2276 861 2305 Tale
883 2280 925 2305 est
944 2276 1017 2304 enim

238 2327 452 2355 commcntitium
463 2325 529 2352 illud
542 2325 698 2352 exordium:

239 2385 339 2419 Septies
353 2392 411 2411 cum
426 2383 555 2410 decenniis
566 2382 695 2410 conversis
710 2381 795 2408 annis.

237 2440 305 2468 Cum
318 2444 407 2466 tamen
418 2439 517 2465 Aratus
530 2437 715 2465 novemdecim
726 2441 858 2463 armorum
873 2434 961 2469 spatio
975 2440 1018 2461 re-

237 2485 314 2515 stitui
322 2485 405 2513 solem
414 2484 441 2512 in
449 2483 520 2511 idem
528 2483 690 2519 principium
698 2481 814 2514 noverit,
824 2481 862 2508 ita
875 2480 1016 2509 scribens:

313 2561 321 2569 .
343 2563 349 2569 .
372 2562 380 2568 .
396 2560 403 2568 .
420 2539 483 2568 Iam
498 2540 567 2567 enim
581 2538 704 2566 celebrati
718 2542 779 2565 sunt

239 2561 762 2609 ὶνόιὲεἰιιᾶεὲίὶιῖἆῖἓιῖἱὲ’ἔριὲἷᾶὧῖἶοῐὶςῖ

239 2613 305 2640 Tum
320 2617 482 2647 quotcunque
495 2610 527 2647 ab
544 2606 647 2644 cingulo
664 2611 697 2647 ad
720 2612 867 2647 extremum
875 2606 997 2634 Orionem

239 2647 301 2675 Nox
314 2642 416 2679 coaluit,
435 2642 460 2673 et
478 2646 512 2672 ad
527 2642 618 2672 canem
632 2643 757 2670 audacem
775 2642 892 2670 Orionis.

238 2703 317 2733 Unde
337 2704 361 2732 si
380 2701 543 2739 prooemium
563 2699 630 2728 illud
651 2699 856 2731 admiserimus,
881 2697 909 2724 in
927 2703 959 2725 eo
973 2703 1015 2724 se-

239 2750 378 2787 ptuaginta
398 2755 531 2776 annorum
556 2747 650 2774 orbem
675 2750 753 2782 poeta
782 2742 1014 2772 constitueritzin

275 2828 298 2845 “
314 2828 493 2855 Deestnomen
511 2826 606 2861 ἀρχήν.
652 2824 676 2841 ⁸⁸
691 2824 767 2851 Deest
791 2821 901 2857 aliquid.

1067 2283 1111 2303 vov
1128 2274 1270 2310 προοίμιον
1283 2272 1368 2305 οὕτως
1382 2281 1389 2288 ’

1070 2375 1201 2409 Ἐπταχα
1213 2373 1273 2401 σὺν
1288 2372 1427 2400 ὃεχάδεσι
1440 2371 1665 2407 περιπλομένων
1674 2365 1800 2396 ενιαυτών-

1069 2430 1123 2459 Τοῦ
1144 2429 1258 2466 Ἀράτου
1277 2427 1579 2463 ὲννεακαιδεκαετηρίδα
1593 2427 1689 2457 εἰδότος
1705 2425 1813 2451 ἀποκατι-

1070 2476 1198 2512 στατικὴν
1211 2475 1257 2502 τοῦ
1270 2475 1345 2511 ἡλίου
1357 2474 1400 2501 διὰ
1411 2474 1511 2501 τούτων
1519 2482 1526 2490 ’

1068 2557 1077 2563 .
1099 2554 1106 2561 .
1128 2554 1135 2561 .
1152 2553 1159 2560 .
1180 2553 1186 2559 .
1205 2552 1212 2559 .
1234 2552 1241 2559 .
1257 2551 1264 2558 .
1288 2532 1326 2558 Τὰ
1340 2531 1396 2566 τὰρ
1411 2528 1654 2566 away-clpam"
1669 2526 1721 2560 ἤδη

1074 2567 1298 2596 Ἐννεακαίδεκα
1308 2564 1404 2593 κύκλα
1417 2565 1540 2599 φαεινοῦ
1557 2564 1670 2598 ἠελίοιο
1681 2571 1687 2577 ·

1069 2605 1165 2631 Ὄσσα
1178 2604 1202 2629 τ’
1218 2602 1276 2630 ἀπὸ
1291 2601 1381 2634 ζώνης
1399 2603 1442 2633 εὶς
1453 2600 1584 2634 ἔσχατον
1600 2599 1714 2634 Ὠρίωνα

1068 2639 1131 2671 Νὺξ
1144 2637 1325 2670 ἐπιδινεῖται,
1342 2633 1426 2663 Κύνα
1441 2643 1471 2662 τε
1490 2634 1607 2669 θρασὺν
1624 2633 1752 2667 Ὠρίωνος.

1069 2696 1149 2722 Ὥστε
1163 2695 1188 2721 εἰ
1207 2692 1434 2729 προσδεχθειημεν
1447 2691 1478 2718 τὸ
1494 2690 1646 2726 προοίμιον,
1662 2690 1689 2715 ὲν
1705 2684 1766 2719 αὐτῷ

1068 2726 1364 2777 ἑϐδομηκονταετηρνίδα
1376 2726 1453 2765 ἐσται
1476 2737 1564 2771 λέγων
1583 2738 1597 2763 ὸ
1617 2733 1737 2771 ποιητὴς»
1752 2731 1774 2756 έν
1791 2726 1810 2753 δὲ

948 2820 971 2837 ⁸⁵
987 2820 1008 2853 Ῑ.
1027 2817 1205 2846 συναείδεται.
