1907 3144
229 142 296 169 ιιοπ

728 139 773 166 ΔΙ)
792 137 926 166 ευδιξοιι
945 136 1141 166 (ἮΠοὶῖιῦοΝ
1160 135 1342 165 ᾹΡΡΕΝῦιΧζ·

1768 133 1832 160 “68

769 303 1310 373 ΘΕΟΔΩΡΟΥ

859 425 984 468 ΠΕΡΙ
1005 423 1203 468 ΜΗΝΩΝ

410 560 720 608 THEODORI
767 562 929 608 GAZ/E
997 562 1179 606 LIBER
1214 560 1290 604 DE
1323 555 1624 626 MENSiBUS

708 656 859 686 JOANNE
880 657 1068 686 PERRELLO
1089 656 1131 684 ΙΝ
1137 654 1336 684 TERPRETE.

261 762 338 799 153
355 762 375 791 Ι.
391 762 485 799 Operae
495 762 604 798 quidem
624 762 738 797 pretium
758 765 810 793 est.
827 765 854 789 et
870 761 1000 789 mensium

1089 761 1127 787 A'.
1149 759 1204 793 Πρὸ
1222 758 1302 794 ἔργον
1326 756 1374 792 μὲν
1390 755 1437 782 καὶ
1455 755 1486 781 τὸ
1499 754 1547 786 τὰς
1568 751 1717 788 ὀνομασίας
1739 752 1834 799 statim

226 809 420 845 appellationes
435 817 573 845 pernosse,
587 809 652 836 etin
667 809 701 835 iis
712 807 819 836 utendis
828 808 947 835 Atticum
959 816 1004 836 or-

225 855 314 883 dinem
329 856 424 891 sequi:
441 863 596 891 quanquam
609 855 634 882 id
648 855 756 890 assequi
776 862 829 882 non
851 858 893 882 est
914 854 1002 883 facile.

227 901 368 937 Siquidem
394 902 514 929 virorum
532 901 621 936 prisca
639 905 786 935 nostraque
799 904 878 928 :etate
901 900 1003 927 littera-

225 955 284 974 rum
298 946 423 974 doctrina
442 947 604 981 insignium,
628 947 724 980 partim
741 946 775 974 de
790 946 886 974 ordine
909 953 1003 974 eorum

224 996 251 1019 et
263 999 315 1019 usu
332 992 432 1018 nullam
446 992 611 1019 mentionem
630 991 770 1025 fecerunt;
796 992 895 1026 partim
910 992 1004 1019 nescio

225 1036 291 1072 quid
313 1036 418 1065 ordinis
435 1036 625 1063 tradiderunt:
648 1044 740 1063 verum
769 1036 834 1063 dum
858 1044 888 1064 se
907 1041 1003 1071 putant

225 1086 382 1118 perpetuam
395 1082 492 1109 seriem
509 1082 645 1117 colligere,
655 1082 748 1116 procul
760 1090 775 1108 a
789 1086 861 1108 recta
877 1082 1004 1109 aberrare

225 1128 312 1162 palam
344 1131 503 1163 arguuntur.
533 1127 662 1154 Nonnulli
694 1134 758 1154 vero
791 1128 1003 1163 interpretantes

224 1174 349 1208 quisnam
361 1174 396 1201 sit
410 1174 510 1201 mensis
522 1173 739 1207 Hecaloinbmon,
750 1174 844 1209 quisve
857 1173 1002 1206 Posidcon,

223 1225 251 1246 et
266 1227 319 1254 quo
334 1224 412 1254 pacto
431 1219 597 1254 reliquorum
611 1219 710 1254 cuique
726 1227 787 1246 cum
803 1220 938 1247 mensium
952 1226 1003 1246 no-

224 1265 342 1293 minibus
358 1265 522 1297 conveniat,
547 1269 577 1292 ut
594 1273 609 1292 a
624 1265 754 1293 Romanis
770 1270 889 1300 tempora
905 1273 1002 1292 nume-

224 1314 332 1342 rantur,
347 1309 415 1337 nihil
428 1313 556 1337 enarrant
581 1310 656 1342 sani,
680 1317 768 1345 neque
792 1314 865 1336 certe
882 1316 1002 1337 consona

223 1355 294 1383 imer
308 1363 337 1382 se
350 1359 581 1389 commemorant;
598 1355 646 1383 sed
659 1356 703 1382 hic
715 1355 839 1382 Martium
857 1355 1002 1383 Hecatom-

225 1401 344 1428 baeonem
360 1404 449 1433 vocat,
463 1401 508 1428 ille
519 1399 621 1427 Iulium
634 1410 641 1434 ;
656 1401 802 1436 itidemque
817 1401 842 1428 in
855 1402 916 1428 aliis
931 1402 1002 1429 inlcr

1053 807 1106 834 τῶν
1120 805 1221 842 μηνῶν,
1236 805 1283 831 καὶ
1304 803 1378 836 τάξει
1399 801 1515 837 χρῆσθαι
1537 799 1574 831 ὡς
1591 799 1730 833 Ἀθηναῖοι
1749 795 1814 833 ἦγον
1825 805 1832 812 .

1057 853 1087 880 οὐ
1104 852 1192 890 ῥᾴδιον
1209 851 1237 878 δὲ
1250 850 1328 877 τοῦτο
1344 848 1445 875 λαϐεῖν.
1460 846 1519 874 Τῶν
1531 854 1561 872 τε
1575 845 1630 880 γὰρ
1642 845 1776 879 πρότερον
1791 843 1835 870 καὶ

1053 899 1106 926 τῶν
1120 898 1179 925 καθ’
1197 897 1269 933 ἡμᾶς
1289 895 1320 931 δὴ
1342 894 1489 928 ἐλλογίμων
1510 893 1533 918 οἱ
1549 891 1597 927 μὲν
1620 891 1699 917 οὐθὲν
1715 890 1835 925 περὶτὰ-

1055 943 1120 976 ξεως
1133 943 1179 969 καὶ
1194 942 1287 977 χρείας
1298 941 1400 974 ἔφασαν
1410 939 1512 965 τούτων
1524 946 1530 952 ·
1545 937 1568 963 οἱ
1584 937 1613 963 δὲ
1624 936 1701 968 τάξιν
1715 935 1764 970 μέν
1778 943 1834 961 τινα

1053 989 1252 1020 ἀποδεδώκασι,
1268 988 1297 1014 τὸ
1309 987 1406 1022 ἐφεξῆς
1427 985 1543 1020 οἰόμενοι
1571 983 1675 1017 λέγειν·
1700 983 1797 1017 πόρρω
1809 981 1834 1007 δὲ

1053 1035 1275 1070 ἀποπλανώμενοι
1289 1033 1335 1060 τοῦ
1348 1032 1426 1067 ὀρθοῦ
1439 1031 1592 1065 ἐλέγχονται
1608 1037 1672 1063 gave
1679 1028 1744 1063 ρῶς.
1754 1028 1786 1054 Ἐ
1795 1035 1836 1054 ,ιιι

1053 1081 1074 1108 δ’
1094 1079 1288 1117 ἑρμηνεύοντες
1300 1099 1306 1111 ,
1322 1079 1395 1109 ὅστις
1412 1077 1460 1112 μὲν
1478 1073 1682 1110 Ἑκατομϐαιὼν
1704 1073 1759 1099 τῶν
1784 1082 1833 1108 μη-

1053 1126 1116 1160 νῶν,
1136 1127 1208 1157 ὅστις
1220 1125 1248 1151 δὲ
1258 1123 1416 1155 Ποσειδεὼν,
1428 1120 1536 1148 καὶτῶν
1550 1120 1649 1146 λοιπῶν
1670 1120 1787 1149 ἕκαστος
1799 1118 1833 1148 ὼς

1054 1173 1216 1208 ἑφαρμόττοι
1239 1170 1305 1206 πρὸς
1326 1169 1361 1195 τὰ
1379 1169 1496 1203 ὀνόματα
1512 1166 1566 1193 τῶν
1584 1165 1692 1201 μηνῶν,
1712 1163 1834 1198 καθάπερ

1052 1221 1148 1255 ἄγουσι
1168 1219 1294 1254 Ῥωμαῖοι
1313 1218 1375 1249 τοὺς
1387 1216 1513 1253 χρόνους,
1527 1214 1603 1241 οὐδὲν
1620 1214 1635 1240 ὃ
1654 1221 1679 1238 τι
1694 1213 1743 1238 καὶ
1761 1211 1834 1246 ὖγιὶς

1053 1267 1138 1293 εἰπεῖν
1153 1264 1332 1295 ἀποδιδόασιν,
1348 1263 1407 1289 οὐδὲ
1421 1261 1453 1297 δὴ
1475 1260 1579 1295 συνῳδά
1592 1267 1623 1294 γε
1643 1258 1770 1292 ἀλλήλοις
1788 1265 1834 1291 φα-

1054 1312 1095 1338 σιν
1106 1320 1113 1326 ·
1127 1311 1183 1337 ἀλλ’
1196 1311 1210 1336 ὁ
1226 1310 1275 1345 μὲν
1288 1309 1408 1344 Μάρτιον
1426 1307 1498 1341 λέγει
1510 1306 1554 1333 τὸν
1572 1302 1807 1339 Ἑκατομϐαιῶνα,
1821 1303 1835 1327 6

1052 1357 1081 1383 δὲ,
1098 1356 1221 1382 Ὶούλιονο
1239 1354 1339 1390 ὁμοίως
1360 1353 1388 1379 δὲ
1402 1353 1469 1379 xiiii
1487 1352 1538 1378 τῶν
1554 1349 1639 1377 ἄλλων
1657 1347 1834 1382 διαςωνοῦσιν

1053 1402 1186 1437 ἀλλήλοις,
1198 1401 1254 1437 ἅμα
1268 1400 1314 1427 καὶ
1325 1398 1553 1434 διαμαρτάνοντες
1567 1396 1678 1422 ἕκαστοι
1691 1392 1833 1428 τάληθοῦς.

223 1454 253 1473 se
268 1446 441 1479 discordant;
457 1453 606 1481 omnesque
621 1447 702 1473 simul
722 1454 736 1473 a
751 1447 865 1474 veritate
878 1447 937 1482 ipsa
949 1447 1000 1475 dis-

1052 1449 1106 1476 Καὶ
1122 1447 1235 1483 Πλήθων
1245 1447 1267 1473 δ’
1283 1447 1324 1480 ἐφ’
1339 1445 1415 1480 ἡμῶν
1435 1445 1504 1479 ἀνὴρ
1523 1442 1575 1469 τῶν
1591 1439 1835 1475 ὲπιφανῶν,·χαλε-

223 1492 335 1519 cedunt.
367 1492 398 1519 Et
421 1500 486 1520 vero
512 1492 625 1520 Pletbon
643 1493 692 1520 hoc
709 1494 808 1521 saeculo
824 1494 867 1520 vir
889 1494 980 1522 clarus
993 1514 1000 1527 ,

223 1545 367 1573 operosum
382 1542 512 1574 reputans
530 1539 649 1567 invenire
663 1546 716 1574 qua
735 1539 840 1566 ratione
852 1539 889 1566 ‘hi
907 1543 1001 1566 mutuo

224 1584 425 1619 respondeant,
445 1585 581 1620 inquirere
597 1585 718 1619 destitit;
737 1585 764 1612 in
780 1586 1000 1614 commentariis-

223 1638 276 1663 que
291 1630 324 1657 de
347 1631 434 1665 legum
457 1631 638 1664 institutione,
653 1638 715 1658 cum
729 1631 762 1659 de
777 1631 882 1663 diebus,
899 1632 1002 1660 mensi-

223 1674 286 1707 bus,
296 1679 323 1702 et
335 1682 406 1702 anno
420 1677 574 1711 praecipiat;
606 1684 659 1712 qua
687 1681 776 1704 tamen
798 1677 903 1704 ratione
917 1677 1001 1705 Athe-

223 1721 332 1750 nienses
351 1728 458 1749 menses
480 1729 545 1749 suos
561 1726 690 1757 agerent,
713 1730 747 1750 ne
763 1723 873 1750 verbum
891 1723 1001 1758 quidem

223 1767 297 1796 facit.
314 1767 434 1795 Tametsi
451 1768 478 1795 in
494 1769 600 1796 caeteris
614 1768 705 1800 rebus,
719 1776 780 1803 quae
792 1769 824 1796 ad
836 1776 928 1796 vocem
940 1776 1002 1804 spe-

221 1817 308 1847 ctant,
324 1822 371 1842 eos
386 1814 508 1841 aemulari
523 1814 628 1849 magnis
644 1815 714 1842 votis
727 1815 829 1850 expetit
841 1834 848 1847 ,
871 1815 898 1842 in
912 1823 1000 1852 eoque

221 1859 328 1891 sedulo,
344 1863 371 1887 et
385 1860 463 1894 quasi
483 1859 607 1887 ali‘ectate
620 1867 730 1895 operam
749 1864 830 1888 navat
845 1870 852 1888 :
868 1861 915 1889 sed
928 1862 1001 1897 quod

222 1905 304 1933 faciat
320 1905 410 1941 quivis
425 1913 441 1933 e
457 1906 537 1941 vulgo
550 1925 558 1937 ,
577 1905 737 1941 simpliciter
756 1907 800 1934 hic
812 1915 845 1935 ex
861 1908 1002 1937 accidente

222 1950 354 1983 nominat,
369 1950 485 1985 primum
501 1950 584 1982 hunc,
602 1950 677 1978 illum
693 1952 843 1980 secundum
857 1961 863 1986 ;
886 1954 1000 1988 pariter-

221 2002 274 2030 que
289 1995 375 2029 alios,
400 1999 429 2023 ut
444 1995 577 2031 cujusque
598 1998 631 2023 ad
648 1996 764 2031 primum
780 1998 848 2025 ordo
863 2006 924 2026 sese
949 1999 999 2026 ha-

221 2041 286 2068 bet:
303 2049 356 2069 non
373 2049 452 2069 secus
467 2049 499 2069 ac
520 2043 543 2069 si
556 2042 617 2078 quis
636 2050 734 2070 manus
754 2043 854 2079 digitos
873 2044 1000 2072 nomina-

221 2089 310 2118 turus,
337 2086 408 2114 hunc
428 2086 551 2121 pollicem
568 2094 622 2114 non
642 2090 734 2118 vocet,
759 2087 835 2115 illum
862 2088 998 2123 indicem,

222 2130 305 2157 alium
324 2132 452 2163 medium,
466 2135 493 2160 et
507 2133 625 2168 reliquos
650 2133 774 2160 similiter
790 2142 797 2160 :
815 2137 842 2160 at
860 2142 916 2169 pra:
934 2142 1001 2162 con-

222 2177 380 2204 stitutorum
394 2178 509 2214 singulis
523 2179 662 2206 nominum
675 2180 797 2215 penuria,
810 2181 939 2215 primum,
957 2189 1000 2210 se-

222 2222 352 2254 cundum.
363 2227 389 2251 et
403 2224 512 2252 tertium
520 2224 603 2252 dicat.
617 2224 710 2260 Neque
726 2233 790 2253 vero
806 2226 839 2253 iis
852 2227 898 2261 qui
912 2227 999 2254 multo

221 2271 286 2296 ante
309 2268 476 2303 floruerunt,
507 2271 597 2299 minus
626 2271 733 2300 diiiicile
770 2272 854 2301 fuisse
882 2273 996 2302 vident:

221 2314 439 2350 quandoquidem
465 2317 559 2345 Pollux
579 2318 680 2354 scripto
701 2319 740 2346 De
759 2327 846 2346 rerum
863 2320 997 2348 vocabulis

221 2361 292 2389 libro
304 2361 337 2388 ad
344 2361 520 2390 Commodum
535 2363 679 2399 Caesarem,
695 2365 796 2393 mensis
810 2366 919 2401 quidem
940 2367 999 2395 dies

222 2412 252 2435 ut
276 2408 434 2436 numerandi
463 2414 526 2437 sunt
548 2411 761 2446 nominandique
782 2411 866 2445 dicit;
900 2412 952 2440 etsi
971 2412 999 2440 id

220 2463 276 2483 non
295 2455 361 2483 satis
382 2459 456 2483 recte
472 2465 481 2490 ;
503 2457 577 2492 ipsos
597 2465 661 2484 vero
685 2465 794 2486 menses
811 2459 914 2487 Atticos
931 2466 999 2494 prae~

220 2501 354 2530 termittit.
371 2501 452 2537 Atqui
470 2511 519 2538 par
530 2508 589 2531 erat
604 2511 664 2531 eum
682 2505 842 2539 praesertim.
855 2506 901 2540 qui
916 2506 999 2533 Com-

220 2545 329 2573 modum
344 2546 439 2574 alienae
456 2547 554 2583 lingua:
568 2547 656 2575 virum
675 2548 763 2576 Attice
779 2549 852 2585 loqui
867 2550 995 2581 doceret,

219 2595 392 2619 enumeratos
408 2600 575 2628 nuncupare,
592 2597 619 2620 et
634 2594 668 2628 (si
683 2594 763 2622 modo
785 2595 877 2631 sciret)
894 2595 927 2622 ad
941 2596 996 2630 ple-

218 2643 284 2664 num
297 2638 444 2673 explicare.
469 2638 527 2666 Non
554 2638 633 2667 facile
655 2640 737 2675 igitur
760 2640 865 2668 Atticos
887 2649 995 2670 mensus

215 2680 350 2710 Romanis
364 2683 478 2711 reddere
496 2684 663 2717 nominibus,
676 2686 936 2721 convenientemque
951 2695 996 2714 or-

214 2728 311 2755 dinem
322 2729 365 2756 his
381 2729 596 2758 accommodare.
612 2729 680 2758 Huic
695 2731 875 2759 nihilominus
887 2732 997 2767 inquisi-

1052 1494 1101 1521 τεὸν
1115 1493 1264 1529 ἡγούμενος
1278 1493 1367 1527 εὑρεῖν
1382 1491 1412 1517 τὸ
1429 1489 1558 1522 ἀνάλογον
1574 1487 1679 1517 τούτοις
1690 1506 1697 1517 ,
1712 1485 1757 1511 εἴα
1776 1486 1834 1511 ἐπι-

1052 1540 1158 1576 ζητεῖν·
1174 1540 1225 1566 κὰν
1248 1539 1303 1569 τοῖς
1324 1537 1387 1573 περὶ
1408 1535 1567 1571 νομοθεσίας
1588 1533 1620 1568 δὴ
1643 1533 1751 1566 λόγοις,
1774 1531 1835 1568 περὶ

1051 1585 1162 1621 ἡμερῶν
1180 1585 1226 1611 καὶ
1250 1582 1353 1620 μηνῶν,
1370 1583 1415 1609 καὶ
1431 1580 1553 1608 ἐνιαυτοῦ
1570 1578 1773 1614 ὑφηγούμενος,
1788 1577 1835 1602 οὐχ

1051 1630 1177 1666 ὀνομάζει
1191 1629 1228 1661 ὡς
1250 1628 1366 1655 Ἀττικοὶ
1380 1625 1446 1662 ἦγον
1457 1626 1520 1657 τοὺς
1536 1625 1622 1660 μῆνας
1639 1623 1740 1659 (καίτοι
1753 1623 1835 1648 τᾶλλα

1050 1676 1085 1703 τὰ
1101 1675 1166 1711 περὶ
1187 1675 1236 1710 τὴν
1257 1673 1346 1708 φωνὴν
1369 1670 1481 1698 ἕπεσθαι
1504 1668 1728 1705 προθυμούμενος
1745 1668 1834 1693 Ἀττιο

1052 1724 1118 1755 κοῖς,
1136 1722 1183 1748 καὶ
1202 1720 1302 1756 σφόδρα
1316 1718 1380 1754 περὶ
1394 1717 1473 1744 τοῦτο
1493 1716 1672 1749 σπουδάζων),
1690 1714 1748 1740 ἀλλ’
1769 1715 1837 1749 ὅπερ

1052 1769 1084 1796 ἃν
1100 1769 1114 1795 ὁ
1128 1766 1215 1803 τυχὼν
1228 1766 1310 1797 εἴποι,
1328 1764 1421 1795 ἁπλῶς
1432 1763 1516 1794 οὕτως
1528 1762 1560 1788 ὲκ
1570 1761 1616 1788 τοῦ
1631 1760 1838 1796 συμϐεϐηκότος

1051 1814 1143 1845 καλεῖ,
1162 1813 1207 1840 τὸν
1226 1812 1273 1848 μὲν
1297 1811 1413 1846 πρῶτον,
1433 1809 1477 1836 τὸν
1499 1809 1527 1836 δὲ
1546 1808 1687 1843 δεύτερτν,
1707 1809 1758 1834 καὶ
1774 1807 1837 1837 τοὺς

1050 1860 1145 1891 ἄλλους
1162 1858 1275 1895 ὁμοίως,
1295 1858 1332 1889 ὼς
1359 1857 1472 1888 ἕκαστος
1495 1855 1551 1891 ἔχει
1573 1855 1675 1887 τάξεως
1697 1854 1769 1889 πρὸς
1791 1854 1836 1880 τὸν

1051 1906 1157 1943 πρῶτον
1169 1913 1175 1920 ·
1193 1905 1318 1940 καθάπερ
1331 1905 1356 1930 εῐ
1371 1912 1422 1935 τις,
1439 1903 1499 1934 τοὺς
1514 1902 1563 1937 τῆς
1581 1902 1671 1937 χειρὸς
1684 1901 1838 1934 δακτύλους

1049 1953 1179 1989 ὀνομάσαι
1194 1951 1302 1985 ἐθέλων,
1316 1951 1346 1977 οὺ
1368 1950 1414 1977 τὸν
1438 1949 1486 1985 μὲν
1505 1948 1581 1976 καλεῖ
1605 1948 1703 1983 μέγαν,
1723 1949 1739 1984 ἢ
1759 1948 1836 1974 ἀντί-

1050 2007 1138 2035 χειρα,
1151 1999 1195 2026 τὸν
1202 1998 1231 2025 δὲ
1242 1997 1359 2033 λιχανὸν,
1374 1997 1418 2023 τὸν
1432 1996 1461 2023 δὲ
1478 1996 1568 2031 μέσον,
1587 1995 1709 2026 καὶτοὺς
1723 1994 1836 2026 λοιποὺς

1050 2046 1194 2078 ὡσαύτως·
1218 2045 1275 2072 ἀλλ’
1291 2045 1336 2071 ὑπ’
1353 2044 1468 2078 ἀπορίας
1485 2042 1538 2070 τῶν
1552 2043 1675 2073 ἑκάστοις
1699 2041 1837 2076 κειμένων

1051 2101 1083 2127 γε
1096 2092 1233 2127 ὀνομάτων
1249 2089 1365 2126 πρῶτον,
1378 2089 1424 2116 καὶ
1435 2088 1570 2124 δεύτερον,
1588 2088 1635 2114 καὶ
1647 2086 1739 2122 τρίτον
1754 2095 1838 2122 προο-

1051 2137 1186 2174 αγορεύει.
1201 2137 1291 2163 Ἔοικε
1315 2136 1343 2162 δὲ
1360 2136 1426 2171 μηδὲ
1449 2136 1503 2166 τοῖς
1528 2134 1595 2160 πολὺ
1618 2133 1722 2169 πρόσθε
1743 2134 1836 2169 ῥᾴδιον

1051 2183 1118 2211 εἶναι
1132 2192 1138 2199 ·
1157 2184 1196 2210 ὅτι
1207 2183 1239 2219 δὴ
1252 2183 1298 2209 καὶ
1312 2181 1491 2216 Πολυδεύκης,
1505 2180 1540 2207 τὰ
1553 2179 1750 2215 Ὀνομαστιλεὰ
1762 2179 1835 2206 Καί-

1051 2238 1113 2265 σαρι
1127 2229 1263 2264 Κομμόδῳ
1286 2227 1493 2263 συγγεγραφὼς,
1509 2227 1558 2258 τὰς
1584 2226 1633 2261 μὲν
1654 2225 1765 2261 ἡμέρας
1788 2225 1836 2252 τοῦ

1051 2275 1133 2312 μηνὸς
1147 2276 1220 2306 ὅπως
1239 2274 1403 2310 ἀριθμητέον
1425 2282 1455 2300 τε
1481 2273 1527 2299 κα).
1547 2272 1713 2307 ὀνομαστέον
1740 2271 1835 2304 λέγει,

1050 2323 1074 2348 ει
1097 2321 1143 2348 καὶ
1160 2321 1198 2357 μὴ
1218 2321 1319 2354 καλῶς,
1335 2321 1399 2352 τοὺς
1418 2321 1504 2356 μῆνας
1518 2319 1540 2345 δ’
1555 2319 1654 2350 αὐτοὺς
1669 2318 1837 2353 παρασιτῶν

1049 2367 1200 2395 ἀπολείπει.
1216 2367 1291 2403 Χρῆν
1307 2367 1335 2393 δὲ
1355 2366 1557 2402 καταριθμῆσαι
1572 2366 1619 2391 καὶ
1639 2364 1751 2396 τούτους
1775 2365 1835 2389 δνο-

1051 2415 1169 2450 μάζοντα
1187 2414 1233 2441 καὶ
1244 2413 1435 2448 διασαφοῦντα,
1449 2413 1527 2448 εἰπερ
1542 2411 1599 2448 ᾔδει
1609 2420 1616 2426 ·
1637 2411 1726 2441 ἄλλως
1740 2419 1773 2437 τε
1789 2411 1837 2436 καὶ

1048 2461 1189 2497 Κόμμοδον
1209 2461 1263 2488 τῶν
1287 2459 1490 2496 ὲτερογλώττων
1505 2459 1565 2485 τινὰ
1587 2458 1749 2489 Ἀττικὶζειν
1761 2456 1836 2484 655'-

1049 2515 1146 2535 σκοντα
1161 2508 1209 2543 τὴν
1224 2508 1323 2543 φωνήν.
1340 2507 1415 2533 Ἔστι
1437 2506 1485 2542 μὲν
1501 2503 1546 2532 οὖν
1559 2505 1589 2531 οὐ
1606 2504 1698 2540 ῥᾴδιον
1717 2502 1835 2530 ἀποδοῦ-

1049 2563 1091 2581 ναι
1106 2555 1162 2585 τοῖς
1180 2554 1319 2589 Ῥωμαίων
1336 2553 1448 2588 ὀνόμασι
1468 2551 1503 2578 τὰ
1518 2551 1572 2579 τῶν
1594 2551 1745 2585 Ἀθηνκαῖων
1768 2550 1833 2584 περὶ

1047 2599 1109 2631 τοὺς
1126 2599 1222 2634 μῆνας,
1236 2599 1283 2625 καὶ
1303 2599 1352 2634 τὴν
1370 2599 1557 2634 προσήκουσαν
1580 2597 1656 2629 τάξιν
1676 2597 1778 2632 εὑρεῖν.
1794 2595 1831 2622 οὗ

1049 2644 1101 2680 μὴν
1115 2645 1181 2671 ἀλλὰ
1195 2645 1324 2680 ζητητέον
1345 2645 1391 2672 καὶ
1410 2644 1463 2671 τῶν
1478 2644 1523 2670 ἐπὶ
1545 2644 1748 2679 πραγματείαις
1774 2643 1828 2668 διε-.-

1048 2690 1139 2725 φόροις
1159 2688 1399 2724 μνημονευσάντων
1415 2688 1497 2723 μηνός
1516 2696 1562 2714 του
1577 2687 1610 2713 τὰ
1625 2687 1760 2721 λεγόμενα.
1774 2686 1820 2711 ἐπι

1048 2735 1176 2762 σκεπτέον
1185 2744 1191 2750 ·
1206 2735 1253 2762 καὶ
1267 2736 1298 2761 ὲκ
1313 2735 1441 2762 πλειόνων
1452 2734 1638 2768 συλλογιστόον
1651 2732 1828 2768 διορὶζοντας,

219 2771 286 2799 tioni
300 2780 381 2807 opera
394 2773 482 2800 danda
493 2778 545 2807 est,
553 2779 579 2803 et
597 2783 690 2803 eorum
698 2776 745 2811 qui
759 2775 873 2803 diversis
881 2776 908 2804 iii
916 2777 997 2805 rebus

1051 2781 1091 2816 ἐφ’
1106 2782 1167 2808 ὅσον
1188 2781 1390 2817 διακριϐοῦσθαι
1409 2782 1455 2808 καὶ
1477 2781 1540 2816 περὶ
1565 2780 1620 2806 τῶν
1644 2779 1775 2806 τοιούτοιν
1796 2777 1826 2804 ἂι

219 2817 321 2846 mensis
334 2818 484 2853 cuiuspiam
498 2821 693 2855 memineruntJ
708 2821 779 2850 dicta
795 2823 988 2858 inspectandi;

1042 2825 1099 2860 εἴη·
1114 2827 1187 2859 ὅπως
1202 2827 1236 2854 ἂν
1257 2827 1420 2861 Ἑλληνικοῖς
1442 2828 1555 2863 ὀνόμασι
1572 2827 1629 2854 τῶν
1649 2827 1743 2862 μηνῶν
1766 2825 1820 2853 εγω
