1907 3144
87 148 156 176 1109

565 146 736 175 THEODOBI
756 145 858 173 GALE
872 145 973 173 LIBER
993 146 1035 172 DE
1052 146 1232 173 MENSIBUS.

1633 147 1702 173 “70

87 216 137 244 μεν
164 207 303 243 χρῆσθαι,
328 208 490 244 Ἑλληνικῶς
520 206 668 243 φράζοντες
683 227 690 240 ,
715 206 782 234 ἀλλὰ
813 206 868 241 μὴ,

922 210 976 233 tum
989 213 1021 234 ex
1040 206 1165 241 pluribus
1184 205 1313 233 distincta
1334 205 1513 239 explicatione
1537 205 1702 231 ratiocinan-

85 253 176 281 ὀθνεῖα
194 253 424 289 παραμιγνύντες,
440 252 587 287 Εενίζωμεν
599 252 663 288 περὶ
679 252 728 287 τὴν
741 251 869 286 πατρῷαν

85 299 189 335 φωνὴν,
204 299 251 326 καὶ
265 299 367 335 ἐκμελῆ
383 299 428 326 τὸν
444 299 521 333 λόγον
535 298 667 333 ποιῶμεν,
677 297 823 331 Φιλοσόφου
842 296 870 323 δὲ

85 345 134 373 καὶ
154 345 185 372 τὸ
208 346 272 382 περὶ
296 345 390 372 τούτου
410 345 555 380 ἐσκέφθαι·
574 344 624 378 τῆς
641 343 725 377 αὐτῆς
745 342 799 377 γὰρ
815 342 873 367 ἐπν-

85 392 194 427 στήμης
214 392 287 418 ἐστὶν
299 391 386 427 ὀρθῶς
401 400 430 418 τε
445 393 500 423 τοῖς
523 389 658 425 κειμένοις
679 388 794 424 χρῆσθαι
810 387 870 414 ὀνό-

85 445 164 472 μασι,
183 438 229 464 καὶ
250 438 332 474 μηδὲν
345 437 484 468 ἀλλοεθνὲς
501 435 675 467 ἐπιπολάζειν
691 435 745 465 τοῖς
761 433 870 464 οἰκείοις

83 485 150 520 ιᾷν·
167 484 260 520 ὥσπερ
275 484 370 520 ἀμέλει
383 484 430 511 καὶ
448 483 482 510 τὰ
500 482 548 518 μὲν
568 482 605 517 μὴ
618 481 773 516 ὑπάρχοντα
792 487 870 513 νομοη

83 532 191 564 θετεῖν,
205 532 239 558 τὰ
259 531 288 558 δὲ
313 531 457 567 μοχθηρῶς
480 529 661 565 ὡνομασμένα
685 528 742 558 τοῖς
763 525 870 557 πολλοῖς

81 577 263 613 διορθοῦσθαι.
280 576 358 604 Οὕτω
379 577 432 612 γὰρ
452 576 484 603 ἂν
505 576 606 610 ἑκάστη
629 574 682 601 τῶν
699 570 867 607 ἐπιστημῶν,

82 624 189 659 βέλτιον
202 623 232 650 τὸ
244 623 328 658 αὐτῆς
345 623 423 659 ἔργον
443 622 621 653 ἀποτελοῦσα,
638 618 817 655 συμὸάλλοιτο
830 618 870 648 είς

80 671 134 706 τὴν
154 670 293 706 πολιτικὴν
317 669 475 696 κοινωνίαν·
507 668 620 704 μάλιστα
643 667 670 693 δὲ
682 666 710 692 αἱ
729 664 793 700 περὶ
807 662 869 693 τοὺς

80 717 191 751 λόγους.

921 251 996 283 dum,
1016 258 1153 286 quatenus
1171 251 1228 279 ﬂeri
1255 251 1354 286 poterit
1381 250 1414 278 de
1433 250 1532 278 talibus
1550 254 1645 278 exacta
1661 251 1703 277 in-

921 299 1074 334 vestigatio,
1090 303 1121 326 ut
1131 298 1223 326 Graece
1245 298 1367 325 dicentes
1382 296 1485 325 Grecis
1502 297 1635 324 mensium
1652 306 1702 324 no-

921 345 1039 372 minibus
1054 349 1180 378 utamur;
1197 348 1223 372 et
1237 352 1271 372 ne
1283 348 1394 372 externa
1406 343 1611 379 permiscentes,
1622 347 1703 378 atque

920 391 1102 423 inculcantes,
1116 391 1143 418 in
1159 395 1285 418 nostrate
1297 391 1387 426 lingua
1403 390 1480 426 quasi
1496 390 1615 425 hospites
1628 397 1704 425 pere-

921 437 1029 472 grinum
1047 437 1176 472 quiddam
1206 445 1346 469 sonemus,
1362 441 1389 465 et
1416 437 1536 472 ineptum
1563 437 1702 463 inconcin-

922 489 1041 517 numque
1055 490 1210 510 sermonem
1227 482 1366 510 faciamus.
1388 482 1473 510 Porro
1490 481 1641 518 philosophi
1660 484 1703 509 est

921 527 1003 555 etiam
1019 527 1175 562 hujusmodi
1198 530 1414 556 commentatio:
1440 536 1501 556 cum
1525 528 1633 563 quidem
1656 535 1704 563 ps-

922 571 991 598 ritia:
1006 571 1042 599 sit
1056 572 1107 600 rite
1122 572 1259 607 impositis
1273 573 1430 601 nominibus
1443 574 1492 606 uti,
1502 576 1529 601 et
1545 573 1612 600 nihil
1629 580 1704 608 pere-

922 617 1027 652 grinum
1044 619 1098 653 pati
1118 619 1146 646 in
1164 619 1284 654 propriis
1294 620 1503 655 vernaculisque
1517 619 1702 655 superﬂuere:

921 662 1149 697 quemadmodum
1173 668 1246 692 certe
1258 684 1266 696 .
1293 666 1402 692 nomina
1418 666 1440 693 si
1455 666 1568 698 desunt,
1593 670 1619 693 et
1634 673 1702 693 nova

921 707 1039 737 formare
1047 714 1073 737 et
1085 717 1227 745 perperam
1243 719 1258 738 a
1269 711 1383 740 rudibus
1399 711 1483 739 indita
1495 713 1640 748 corrigere.
1657 711 1704 740 Sic

82 764 158 791 enim
178 771 346 798 unaquaeque
365 763 508 797 disciplina
542 761 638 789 melius
671 758 812 794 magisque
846 762 896 782 suo
925 762 1036 784 munere
1063 757 1177 793 fungens
1207 759 1342 788 universae
1371 759 1527 795 reipublicae
1550 760 1702 794 conducat;

81 810 220 845 imprimis
235 815 323 838 autem
338 818 376 839 eae
391 814 464 838 artes
478 817 538 845 quae
559 809 714 837 consistunt
737 806 765 833 in
790 803 856 832 recti
875 803 1009 832 sermonis
1021 805 1136 834 ratione.

338 879 439 915 Μῆνες
458 879 625 913 Ἀθηναίων.

121 937 162 966 B’.
176 937 285 964 Δώδεκα
301 938 350 973 μὲν
367 935 514 966 τοίνυνοτδν
533 934 648 971 ἀριθμὸν
663 933 732 961 εἶναι
751 931 869 968 ὀνόματα

81 983 179 1020 μηνῶν
189 983 285 1016 ταῦτα,
297 983 334 1016 ὡς
351 983 483 1019 Ἀθηναῖοι
494 980 572 1018 ἦγον,
586 981 686 1013 πάντες
698 978 868 1016 ὁμολογοῦσιν

259 1071 443 1106 Μουνυχιωνα,

260 1106 450 1142 Θαργηλιῶνα,

262 1141 479 1177 Σκιροφοριῶνα,

267 1175 500 1212 Ἑκατομϐαιῶνα,

260 1211 490 1246 Μεταγειτνιῶνα,

260 1246 462 1282 Βοηδρομιῶνα,

260 1282 510 1318 Μαιμακτηριῶνα,

260 1316 447 1352 Πυανεψιῶνα,

267 1352 492 1388 Ἀνθεστηριῶνα,

262 1387 439 1420 Ποσειδεῶνα,

263 1421 436 1457 Γαμηλιῶνα,

267 1457 492 1493 Ἐλαφηϐολιῶνα.

120 1503 189 1539 Περὶ
202 1503 229 1530 δὲ
243 1503 343 1537 τάξεως
358 1505 403 1531 καὶ
423 1505 467 1532 τοῦ
489 1504 588 1541 ἐφεξῆς
605 1506 621 1540 ἡ
639 1505 753 1541 διαφορά
772 1513 801 1531 τε
823 1505 868 1531 καὶ

1099 874 1178 910 154
1198 874 1300 903 Menses
1321 876 1526 905 Atheniensium.

957 927 989 955 ll.
1010 928 1078 958 Esse
1090 930 1173 965 igitur
1186 931 1243 959 haec
1261 931 1412 960 Atticorum
1429 934 1564 961 mensium
1578 934 1702 967 nomine.

922 972 1067 1002 duodecim
1088 984 1214 1010 numero,
1225 977 1353 1007 omnibus
1370 979 1397 1006 in
1418 978 1546 1008 confesso
1563 984 1615 1008 est.
1634 979 1704 1009 Sunt

921 1024 1012 1050 autem
1028 1021 1084 1051 hac
1099 1032 1106 1050 :
1336 1030 1341 1035 ‘

1097 1067 1263 1104 Munychion
1276 1089 1284 1102 .

1098 1102 1262 1140 Thargelion
1276 1125 1283 1137 ,

1097 1137 1291 1174 §ciropliorion

1096 1173 1303 1208 ﬂecat’ombaeon
1317 1195 1324 1208 ,

1098 1207 1273 1244 Metagituion
1285 1230 1292 1242 ,

1094 1243 1166 1271 Boed
1171 1243 1275 1272 romion
1285 1267 1292 1276 ,

1096 1278 1296 1307 Maemacterion
1310 1299 1318 1312 ,

1094 1312 1280 1349 Pyanepsion,

1094 1349 1288 1377 Anthesterion
1301 1370 1309 1382 .

1095 1383 1230 1419 Posidcon
1239 1406 1247 1419 ,

1096 1418 1236 1447 Gamelion
1249 1440 1257 1450 ,

1100 1453 1306 1490 Elaphebolion.

956 1498 1088 1528 Caeterum
1115 1501 1177 1536 quis
1193 1502 1270 1536 ordo,
1283 1506 1310 1530 et
1324 1510 1384 1538 quae
1403 1511 1498 1536 series,
1515 1507 1595 1540 atque
1621 1505 1701 1532 etiam

79 1550 288 1586 ἀμφισϐήτησίς
311 1552 384 1577 ἑστι·
404 1552 471 1588 πρὸς
486 1552 513 1578 δὲ
530 1553 576 1579 καὶ
593 1553 655 1588 περὶ
669 1551 724 1583 τοῦ.
743 1551 799 1583 πῶς
821 1552 868 1585 δεῖ,

922 1547 1074 1581 quomodo,
1099 1551 1125 1575 et
1146 1548 1246 1583 quibus
1272 1548 1363 1576 verbis
1390 1549 1418 1576 in
1435 1548 1558 1577 Latinam
1580 1550 1701 1586 linguam

81 1597 289 1632 μεταφέροντας
315 1599 354 1629 εἰς
381 1598 429 1633 τὴν
450 1598 571 1625 Λατίνων
594 1598 699 1633 φωνὴν,
716 1597 868 1634 ὀνομάζειν.

80 1641 198 1677 Πρῶτον
221 1641 252 1677 δὴ
275 1643 338 1677 περὶ
359 1643 460 1676 τάξεως
484 1644 530 1670 καὶ
551 1643 597 1670 τοῦ
625 1644 722 1680 ἐφεξῆς
747 1644 847 1670 τούτων
861 1652 868 1659 ·

79 1688 182 1714 ιπειτα
203 1689 267 1721 περὶ
281 1689 427 1724 ἑρμηνείας
441 1689 597 1725 θεωρητέον.
614 1691 691 1717 Δοκεῖ
705 1690 759 1726 γὰρ
777 1690 870 1726 ὥσπερ

80 1735 217 1769 στοιχεῖον
244 1735 389 1770 ἑρμηνείας
410 1733 476 1762 οὖσα
501 1735 602 1763 τούτων
621 1737 637 1772 ἡ
659 1735 734 1768 τάξις
747 1744 753 1751 ’
768 1737 814 1763 καὶ
836 1737 871 1764 τὰ

80 1780 174 1808 πολλὰ
190 1781 254 1813 ἴσως
274 1781 327 1808 τῶν
339 1781 406 1817 πρὸς
423 1782 472 1817 τὴν
489 1783 637 1818 ἑρμηνείαν
657 1783 798 1810 τεινόντων
816 1783 870 1810 δέοι

79 1827 131 1859 ἂν,
148 1826 334 1862 λαμϐάνοντας
347 1828 378 1855 ἐκ
390 1827 442 1854 τῶν
453 1829 503 1863 τῆς
521 1828 670 1861 συντάξεως
684 1829 800 1861 οίκείων,
815 1829 870 1856 δει-

78 1873 187 1900 vatiam.
206 1874 281 1901 Μετὰ
302 1874 329 1901 δὲ
348 1875 433 1902 ταῦτα
457 1875 520 1911 περὶ
535 1875 630 1910 χρείας
648 1875 742 1911 ῥητέον
755 1883 762 1890 ·
776 1874 870 1902 τούτου

79 1920 141 1956 γὰρ
160 1920 239 1947 ἓνεκα
254 1920 300 1947 καὶ
316 1921 366 1956 τὴν
382 1921 457 1953 τάξιν
474 1921 571 1948 εἰδέναι
593 1921 709 1956 μάλιστα
727 1921 871 1957 προαιρού-

80 1964 169 2001 μεθα.
185 1966 239 1992 Καὶ
257 1966 324 2001 πρὸς
344 1966 465 1997 τούτοις,
478 1967 506 1992 εἴ
523 1975 547 1993 τι
567 1966 630 1993 ἄλλο
649 1975 706 1998 πως
723 1967 821 1993 οἰκεῖον
836 1967 868 2001 τῇ

79 2009 182 2044 σκέψει
208 2009 271 2045 τῇδέ
285 2010 353 2042 ἐστι,
373 2010 568 2046 προσληπτέον,
586 2011 672 2047 βραχύ
689 2019 716 2037 τι
738 2019 871 2046 συμπερι-

79 2055 288 2091 λαμϐάνοντας,
302 2056 345 2083 ἵνα
365 2056 401 2092 μὴ
417 2056 461 2083 τοῦ
481 2056 562 2092 ἔργου
580 2057 672 2092 μεῖζον
686 2057 717 2084 τὸ
734 2057 870 2093 πάρεργον

80 2102 206 2138 γίνηται.

280 2160 349 2193 Περὶ
365 2159 477 2192 τάξεως
493 2159 552 2187 τῶν
562 2159 676 2195 μηνῶν.

920 1593 1115 1622 transferentes
1130 1595 1266 1630 appellare
1280 1599 1423 1631 oporteat,
1448 1597 1492 1624 hic
1510 1597 1654 1626 discrimen
1666 1603 1701 1626 τι

920 1641 1115 1668 controversia.
1133 1641 1255 1669 Primum
1278 1642 1360 1678 igitur
1382 1643 1416 1670 de
1436 1643 1531 1671 ordine
1555 1648 1582 1671 et
1609 1645 1699 1679 serie;

920 1691 981 1722 post
997 1687 1029 1715 de
1055 1688 1277 1723 interpretatione
1303 1689 1541 1718 considerandum.
1567 1689 1700 1718 Nimirum

920 1733 987 1760 ordo
1015 1734 1073 1769 ipse
1102 1735 1176 1762 velut
1201 1735 1435 1771 interpretationis
1460 1736 1623 1764 elementum
1639 1739 1700 1771 est,

921 1786 981 1806 cum
997 1784 1022 1806 et
1035 1780 1118 1807 multa
1134 1779 1203 1808 forte
1218 1788 1310 1808 eorum
1328 1789 1389 1817 qua!
1403 1781 1437 1809 ad
1450 1781 1701 1817 interpretationem

920 1825 1050 1858 tendunt,
1072 1834 1104 1853 ex
1126 1828 1338 1855 constructionis
1357 1828 1515 1863 ordinisque
1540 1828 1701 1864 proprietate

920 1870 1071 1898 elicientenr
1093 1877 1216 1907 oporteat
1238 1873 1391 1902 ostendere.
1415 1873 1474 1902 Mox
1491 1874 1524 1902 de
1541 1882 1591 1902 usu
1607 1874 1703 1901 dicen-

920 1919 983 1946 dum
1000 1929 1007 1946 :
1025 1919 1105 1954 cujus
1127 1921 1214 1955 gratia
1236 1921 1358 1948 ordinem
1374 1922 1445 1950 scire
1459 1922 1591 1957 imprimis
1606 1921 1702 1949 statui-

920 1973 991 1992 mus.
1005 1965 1045 1992 Ad
1055 1965 1122 1999 haec,
1132 1967 1154 1994 si
1165 1967 1229 2002 quid
1245 1967 1317 1994 aliud
1333 1968 1395 1995 huic
1403 1968 1625 1995 commentationi
1638 1976 1702 2003 pro-

920 2011 1105 2046 prium,nobis
1116 2014 1308 2041 assumendum
1320 2018 1372 2046 est,
1385 2015 1613 2049 compendiariam
1628 2016 1706 2043 viam‘

921 2058 1149 2093 amplexantibus,
1165 2063 1239 2088 utne
1253 2060 1343 2096 operis
1353 2060 1543 2088 diverticulum
1559 2060 1605 2089 ﬂat
1618 2068 1699 2097 opera

921 2103 1044 2133 instituto
1061 2105 1160 2140 majus.

1160 2163 1198 2191 De
1219 2163 1310 2190 ordine
1325 2164 1462 2191 mensium.

118 2217 159 2244 Γ.
178 2215 304 2250 Εἰλήφθω
324 2216 467 2252 τοιγαροῦν
483 2217 535 2252 μὴν
558 2218 572 2243 ό
590 2217 678 2253 τυχὼν
701 2217 807 2253 πρῶτος
831 2217 868 2253 τῷ

955 2215 998 2244 ΙΙΙ.
1030 2215 1158 2245 Sumatur
1186 2217 1278 2253 itaque
1302 2218 1406 2253 primus
1435 2219 1550 2256 quisque
1587 2222 1700 2255 mensis.

76 2264 158 2299 λόγῳ
170 2271 177 2278 δ
195 2262 264 2289 ἔστω
287 2262 325 2294 δὲ,
340 2264 365 2289 εἰ
384 2262 472 2296 δοκεῖ,
493 2263 640 2290 Ποσειδεὼν
653 2272 659 2278 ”
681 2263 749 2299 μετὰ
773 2264 868 2290 Ποσει-

77 2309 173 2338 δεῶνα
185 2309 218 2344 δὴ
232 2308 312 2340 εὐθὺς
326 2308 480 2344 Γαμηλιών.
493 2310 638 2346 Μάρτυρες
651 2310 679 2337 δὲ
691 2310 784 2337 τούτου
798 2311 869 2346 Ἀρι-

79 2355 214 2390 στοτέλης
226 2363 255 2382 τε
267 2356 313 2382 καὶ
322 2355 500 2391 Θεόφραστος,
513 2355 607 2391 ἄνδρες
620 2356 736 2388 παλαιᾶς
749 2357 867 2392 μνήμης,

78 2402 130 2430 καὶ
143 2401 283 2436 ἐμπείρως
297 2400 403 2436 ἔχοντες
415 2401 464 2436 τῆς
487 2401 633 2436 Ἀθηναίων
647 2402 748 2437 φωνῆς.
760 2404 805 2429 Δεῖ
815 2403 868 2439 γὰρ

80 2448 122 2484 μὴ
136 2447 283 2482 ἀμάρτυρα
297 2447 420 2481 φάσκειν,
439 2446 476 2479 ὡς
489 2447 514 2473 οἳ
533 2447 631 2482 προτοῦ
650 2448 736 2479 θέσεις
753 2448 819 2484 πρὸς
830 2449 868 2485 τῷ

77 2493 178 2530 ψευδεῖ
194 2492 240 2519 καὶ
260 2492 422 2523 ἀδεσπότους
443 2491 644 2525 ἀποδεδώκασι,
661 2493 783 2527 λέγοντες
804 2495 867 2530 περὶ

77 2540 208 2568 τούτων·
231 2537 288 2564 ἀλλ’
309 2538 351 2573 ἐφ’
380 2538 504 2570 ἑκάστοις
541 2539 680 2575 μάρτυρας
703 2540 867 2575 παρέχεσθαι

78 2587 186 2622 ἄνδρας
199 2585 380 2619 ἀξιοπίστους,
397 2585 489 2621 ὥσπερ
504 2586 532 2612 ἐν
551 2585 725 2622 δικαστηρίῳ.
742 2586 799 2613 Πᾶν
814 2586 867 2623 γὰρ

77 2635 114 2662 τὸ
134 2634 164 2660 ὲν
179 2633 282 2664 τούτοις
299 2632 393 2659 πιστὸν
415 2633 465 2659 οὐκ
486 2633 518 2659 ἐκ
535 2633 692 2668 τεκμηρίων
714 2634 761 2660 καὶ
782 2633 867 2668 λόγων

78 2680 223 2712 τοιούτων,
242 2679 298 2706 ἀλλ’
313 2679 342 2711 ἐξ
358 2675 396 2705 ὧν
415 2687 486 2710 τινες
501 2679 555 2706 τῶν
571 2679 682 2711 ἐνδόξων
701 2679 777 2706 εἶπόν
797 2681 866 2708 ἐστι,

78 2726 195 2755 Τούτων
206 2726 238 2761 δὴ
247 2727 261 2752 ὁ
273 2727 321 2761 μὲν
333 2727 360 2752 ἐν
373 2727 403 2760 τῇ
415 2726 477 2760 περί
490 2725 523 2752 τὰ
533 2725 590 2758 ζῶα
601 2726 705 2761 ἱστορίᾳ
715 2723 766 2753 ὧδε
777 2727 849 2761 λέγει
858 2735 865 2742 ⁶

83 2783 93 2799 ι
116 2774 150 2800 'H
173 2773 201 2799 δὲ
225 2773 314 2804 θυννὶς
338 2772 410 2806 ἅπαξ
432 2773 538 2799 τίκτει·
561 2773 629 2800 ἀλλὰ
649 2773 693 2800 διὰ
711 2773 741 2800 τὸ
761 2773 795 2801 τὰ
819 2774 868 2809 μὲν

80 2818 187 2854 πρώῖα,
198 2817 233 2844 τὰ
247 2818 273 2844 δὲ
289 2818 351 2853 ὅψια
367 2817 516 2853 προΐεσθαι,
533 2818 573 2850 δὶς
583 2819 656 2845 δοκεῖ
671 2819 781 2847 τίκτειν.
791 2820 867 2846 Ἔστι

79 2864 112 2891 δι
130 2865 144 2890 ὁ
158 2864 208 2899 μὲν
221 2863 325 2899 πρῶτος
338 2863 415 2896 τόκος
432 2864 494 2899 περὶ
509 2863 553 2890 τὸν
569 2864 735 2892 Ποτειδεῶνα
750 2865 801 2901 πρὸ
815 2865 868 2893 τῶν

921 2269 981 2290 sese
993 2266 1022 2289 ut
1037 2263 1152 2291 dicendo
1166 2263 1311 2297 obtulerit;
1334 2265 1440 2299 sitque,
1467 2266 1489 2293 si
1510 2266 1607 2301 placet,
1624 2266 1702 2294 Posi-

921 2307 1008 2340 deon;
1038 2313 1100 2343 post
1126 2309 1198 2336 hunc
1220 2309 1349 2337 continuo
1373 2309 1523 2338 Gamelion.
1550 2311 1635 2347 Cujus
1662 2313 1701 2340 rei

922 2357 1005 2382 testes
1021 2354 1181 2382 Aristoteles
1191 2359 1217 2382 et
1228 2354 1441 2390 Theophrastus,
1457 2357 1553 2392 prisca:
1563 2359 1701 2387 memor-iac

922 2399 982 2432 viri,
992 2404 1074 2435 atque
1087 2399 1181 2428 Attica:
1193 2401 1291 2437 linguae
1301 2401 1390 2436 periti.
1406 2402 1497 2438 Neque
1509 2404 1582 2430 enim
1594 2404 1637 2431 hic
1647 2412 1700 2432 non

921 2445 1060 2480 productis
1076 2446 1239 2474 testimoniis
1261 2454 1340 2481 agere
1361 2447 1440 2481 licet,
1469 2452 1498 2476 ut
1515 2449 1561 2484 qui
1587 2449 1702 2478 antehac

922 2490 1015 2522 falsas,
1031 2491 1199 2525 testibusque
1209 2494 1320 2526 egentes
1341 2491 1491 2526 positiones
1506 2492 1677 2520 tradiderunt
1691 2513 1699 2525 ,

922 2536 992 2563 hanc
1005 2535 1039 2563 de
1054 2536 1193 2564 mensibus
1219 2537 1396 2572 quaestionem
1421 2540 1569 2564 tractantes
1583 2546 1592 2566 ι
1606 2545 1700 2565 verum

898 2602 901 2605 .
921 2582 948 2609 in
966 2582 1081 2618 singulis
1095 2585 1179 2610 testes
1190 2583 1325 2615 excitare,
1346 2583 1419 2610 viros
1433 2583 1580 2618 locupletes
1597 2585 1624 2610 et
1648 2582 1701 2610 [ide

920 2629 1016 2664 dignos
1031 2636 1098 2663 opus
1113 2631 1165 2660 est,
1179 2635 1233 2655 non
1247 2636 1327 2656 sccns
1341 2634 1421 2664 atque
1439 2629 1589 2663 injudicio.
1617 2629 1700 2662 Quid—
1735 2654 1738 2657 .

921 2675 985 2710 quid
998 2676 1069 2702 enim
1091 2676 1118 2702 in
1133 2674 1175 2702 his
1192 2675 1340 2709 probabile.
1358 2683 1411 2702 non
1428 2683 1458 2702 ex
1474 2675 1559 2710 signis
1573 2682 1700 2703 necessa-

922 2723 981 2754 riis,
998 2722 1208 2757 hujusmodique
1231 2722 1382 2749 rationibus
1402 2723 1477 2756 sequi
1497 2726 1625 2756 oportet:
1652 2723 1700 2751 sed

920 2776 952 2796 cx
971 2769 1004 2795 iis
1020 2777 1141 2800 sumere,
1166 2775 1226 2803 qua:
1240 2768 1333 2796 dixere
1350 2769 1417 2796 clari
1440 2769 1615 2803 celebresque
1635 2768 1697 2796 viri.

921 2815 1023 2844 Horum
1049 2815 1132 2850 igitur
1156 2815 1225 2842 alter
1240 2815 1266 2841 in
1283 2815 1396 2842 historia
1411 2814 1569 2842 animalium
1585 2815 1625 2842 sic
1639 2813 1698 2842 ait:

924 2871 934 2888 ι
951 2858 1066 2890 Thuuna
1091 2862 1170 2888 ctiam
1187 2861 1269 2889 semel
1284 2862 1369 2897 parit:
1391 2861 1437 2889 sed
1454 2869 1515 2890 cum
1538 2861 1608 2890 alios
1630 2860 1701 2890 fetus
1731 2884 1734 2889 .
