1931 3135
209 142 271 169 “7|

713 145 758 172 AD
782 145 916 174 EUSEBII
932 145 1129 175 CHRONICON
1149 146 1328 174 APPENDIX.

1756 145 1824 172 H73

205 204 393 236 praematuras,
407 202 475 230 alios
499 203 634 232 serotinos
657 204 806 239 producat,
823 206 864 234 bis
883 207 990 234 videtur

1044 207 1160 243 τροπῶν,
1177 208 1192 233 ὁ
1203 207 1224 234 δ’
1241 207 1352 243 ὕστερος
1365 205 1412 233 τοῦ
1427 206 1516 242 ἔαρος.
1532 216 1541 232 ι
1558 206 1733 242 Θεόφραστος
1746 206 1774 232 δὲ
1795 206 1824 232 ἐν

205 254 321 280 parere:
340 247 449 283 editque
465 248 582 283 priorem
599 253 705 284 partum
728 251 839 279 circiter
853 251 985 280 Posideo-

207 300 268 319 uem
290 297 352 321 ante
380 294 523 326 brumam,
553 296 732 329 posteriorem
761 305 832 325 vere.
859 308 869 323 ι
900 297 985 326 Porro

207 337 410 373 Theophrastus
424 339 453 367 in
481 340 593 368 historia
621 341 654 369 de
682 343 781 377 plantis
796 363 803 375 ,
820 343 984 379 principium

206 387 333 413 sementis
348 386 472 414 secundae
486 390 546 422 post
566 387 687 416 brumale
705 389 851 417 solstitium
866 398 927 418 esse
943 391 986 418 di-

206 430 253 462 cit,
265 439 356 459 mense
370 431 525 461 Gamelione
538 443 544 460 :
571 435 651 469 cujus
665 435 774 470 quidem
795 437 914 464 auctoris
929 437 986 464 haec

206 479 269 503 sunt
290 477 371 504 verba
388 486 422 513 ε]
438 478 476 506 lta
498 480 633 514 appellant
645 500 652 512 ,
674 490 683 506 ι
697 481 794 516 inquit.
809 490 818 506 t
841 489 894 508 non
909 486 985 510 satus

205 522 311 557 quidem
326 524 457 552 rationem
473 525 612 557 habentes,
627 526 674 553 sed
684 530 762 554 ortus
773 531 799 554 et
814 535 880 555 usus
893 527 986 562 cujus-

204 575 277 603 que:
301 570 520 606 quandoquidem
541 576 618 600 satus
639 573 668 600 ﬁt
686 574 833 601 contrariis
848 573 903 602 fere
918 578 986 602 tem-

205 614 327 649 poribus.
351 614 518 652 Principium
533 618 606 644 enim
624 618 729 646 hiberni
748 619 844 654 (quem
869 620 986 654 primam

205 667 352 689 sementem
367 663 519 699 appellant)
545 668 607 699 post
621 665 744 692 estivum
759 665 905 692 solstitium
926 670 984 697 est,

207 713 301 734 mense
325 707 537 744 Metagitnione:
564 715 591 737 at
607 718 714 738 rursum
741 711 852 738 secundi
866 731 873 742 .
895 719 987 739 mense

208 751 381 788 Gamelione,
407 761 469 790 post
491 756 638 786 solstitium
664 757 818 784 hibernum.
841 767 851 783 ι
872 757 900 783 Si
921 764 987 792 ergo

210 799 311 827 dictum
326 804 368 828 est
382 808 397 828 a
409 802 490 830 claris
502 802 556 830 illis
568 803 634 830 viris
645 823 653 836 ,
678 803 788 830 circiter
811 802 986 830 Posideonem

209 848 272 872 ante
290 845 425 879 brumam,
441 853 467 876 et
482 856 574 876 mense
588 848 743 876 Gamelione
764 855 826 884 post
844 848 985 876 brumam:

1037 254 1070 288 τῇ
1087 253 1149 288 περὶ
1163 253 1197 279 τὰ
1210 253 1279 287 φυτὰ
1298 253 1402 288 ἱστορίᾳ
1422 253 1508 288 ἀρχὴν
1525 250 1594 278 εἷναί
1615 261 1682 287 φησι
1697 251 1746 278 τοῦ
1765 252 1824 278 δευ-

1037 299 1115 334 τέρου
1130 298 1182 325 τῶν
1194 299 1298 334 ἀροτῶν
1315 299 1374 334 μεθ’
1391 299 1465 334 ἡλίου
1478 298 1579 334 τροπὰς
1595 298 1766 334 χειμερινὰς.
1778 298 1824 324 τοῦ

1038 344 1212 379 Γαμηλιῶνος
1228 345 1320 380 μηνός.
1335 345 1411 379 Ἔχει
1422 345 1449 371 δὲ
1496 344 1567 376 λέξις
1579 344 1653 379 αὑτῷ
1667 341 1730 370 i553-
1748 353 1757 368 ι
1769 345 1825 370 Κα-

1039 389 1113 416 λοῦσι
1130 390 1158 416 δὲ
1171 390 1256 421 οὕτως
1272 391 1302 416 οὐ
1318 390 1385 425 πρὸς
1397 391 1444 425 τὴν
1460 390 1563 424 σπορὰν
1584 389 1740 424 βλέποντες,
1757 388 1826 414 ἁλλὰ

1039 435 1107 470 ’πρὸς
1129 435 1176 471 τὴν
1197 435 1302 470 γένεσιν
1323 436 1369 462 καὶ
1385 436 1434 470 τὴν
1453 436 1545 471 χρείαν
1565 435 1691 461 ἑκάστου.
1717 435 1824 469 Ἐπεὶῆ

1038 489 1071 515 γε
1086 481 1174 516 σπορὰ
1194 481 1285 517 σχεδὸν
1298 481 1327 507 ὲν
1343 482 1398 512 τοῖς
1416 481 1545 512 ἐναντίοις
1560 480 1673 513 γίνεται.
1692 481 1825 514 Χειμερι-

1039 527 1085 553 νοῦ
1099 528 1153 563 γὰρ
1174 528 1244 562 ἀρχὴ
1267 527 1337 562 μετὰ
1352 526 1456 562 τροπὰς
1475 527 1582 562 θερινὰς
1595 546 1601 558 ,
1618 526 1665 552 τοῦ
1688 526 1824 560 Μεταγει-

1039 572 1151 603 τνιῶνος
1168 572 1251 607 μηνὸς
1271 571 1392 607 (καλοῦσι
1411 572 1439 598 δὲ
1454 572 1546 599 τοῦτον
1563 572 1670 608 πρῶτον
1687 571 1743 597 τῶν
1763 572 1825 607 ἀρο-

1038 617 1116 649 τῶν)”
1131 617 1178 643 τοῦ
1189 618 1314 653 δευτέρου
1331 617 1411 644 πάλιν
1429 617 1486 652 μεθ’
1501 617 1574 652 ἡλίου
1587 617 1691 653 τροπὰς
1705 625 1826 652 χειμερι-

1039 663 1098 695 νὰς,
1111 662 1157 689 τοῦ
1171 663 1344 698 Γαμηλιῶνος
1357 663 1448 698 μηνός.
1461 672 1470 687 ι
1487 663 1517 688 Εἰ
1532 662 1563 698 δὴ
1579 663 1642 698 περὶ
1656 662 1824 688 Ποσειδεῶνι

1042 708 1094 743 πρὸ
1104 708 1159 734 τῶν
1174 707 1292 743 τροπῶν,
1306 708 1353 734 καὶ
1364 707 1538 743 Γαμηλιῶνος
1555 707 1622 742 μετὰ
1637 707 1758 742 τροπάς·
1773 707 1824 732 Γα-

1042 753 1164 789 μηλιῶνα
1180 753 1248 788 μετὰ
1269 753 1435 780 Ποσειδεῶνα
1454 751 1523 780 εἶναι
1539 753 1657 788 ἀνάγκη.
1675 753 1720 784 Ὧς
1738 753 1767 779 δὲ
1779 753 1826 778 καὶ

1040 799 1148 834 ἐφεξῆς,
1168 799 1305 834 συμφανὲς
1319 800 1350 826 ἐκ
1362 799 1408 825 τοῦ
1425 799 1615 835 προκειμένου,
1631 800 1678 826 καί
1694 799 1745 832 τῆς
1758 799 1826 834 φρά-

1041 854 1110 876 σεως
1129 845 1201 872 τοῦτ’
1221 845 1330 872 ἀκούειν
1343 845 1441 880 χρεών.
1461 846 1489 872 ’0
1509 845 1563 880 γὰρ
1581 846 1644 881 περὶ
1656 845 1826 871 Ποσειδεῶνα

207 891 390 921 Gamelionem
415 897 476 928 post
500 893 679 922 Posideonem
702 895 765 922 inde
790 902 850 922 esse
876 901 989 921 necesse

1044 891 1091 927 πρὸ
1102 891 1155 918 τῶν
1166 891 1273 926 τροπῶν
1286 891 1371 925 λέγων
1383 892 1429 918 καὶ
1438 891 1612 926 Γαμηλιῶνος
1629 891 1698 926 μετὰ
1712 891 1826 926 τροπὰς,

206 941 257 965 est.
273 938 349 971 Quod
366 944 455 967 autem
481 947 543 967 mox
563 941 644 967 etiam
666 944 806 975 sequatur,
821 940 932 967 evidens
946 943 989 967 est

206 991 239 1010 ex
251 984 466 1018 praecedentibus
479 1004 487 1017 ,
508 989 534 1013 et
557 993 591 1012 ex
608 985 761 1013 elocutione
785 985 811 1012 id
840 985 990 1020 intelligere

207 1030 344 1057 convenit.
373 1030 425 1063 Qui
449 1038 566 1066 namque
589 1031 654 1058 dicit
674 1031 783 1059 circiter
811 1031 988 1059 Posideonem

208 1079 272 1102 ante
293 1076 432 1108 brumam,
454 1080 482 1104 et
507 1077 664 1105 Gamelione
694 1081 754 1112 post
781 1077 924 1110 brumam;
947 1077 990 1104 vel

209 1120 281 1146 circa
297 1128 358 1147 eum
374 1129 494 1148 mensem
517 1121 607 1157 (quem
626 1122 758 1158 nominat)
785 1123 812 1150 id
841 1123 989 1151 solstitium

207 1172 268 1192 esse
281 1165 349 1198 vult,
359 1167 400 1194 vel
416 1170 488 1194 certe
500 1167 572 1194 circa
586 1168 740 1202 proximum
757 1169 910 1196 ostendere.
922 1168 989 1195 Nam

207 1211 278 1246 quod
298 1211 428 1239 hibernus
446 1211 482 1239 sit
505 1211 649 1244 Posideon,
665 1220 698 1240 ex
714 1213 748 1240 iis
765 1213 791 1240 in
808 1217 933 1248 promptu
947 1217 989 1241 est

208 1263 268 1291 qua}
285 1255 446 1284 Aristoteles
469 1257 496 1284 in
511 1257 606 1284 eadem
630 1257 745 1285 historia
758 1278 765 1290 ,
793 1258 826 1285 de
842 1258 988 1293 mugilibus

208 1303 328 1338 piscibus
341 1303 560 1331 commodissime
574 1303 715 1331 discernit.
739 1304 808 1332 Cum
823 1304 894 1332 enim
914 1303 988 1339 prius

207 1344 434 1382 dixissetfhieme
445 1349 571 1385 mugilem
585 1357 690 1384 parere,
701 1354 794 1384 postea
808 1350 900 1378 subdit
911 1357 988 1376 men-

207 1402 276 1427 sem,
290 1394 362 1422 circa
378 1402 457 1429 quem
474 1395 554 1430 parit,
568 1400 630 1429 puta
644 1394 833 1423 Posideonem.
850 1395 912 1422 Haec
927 1403 990 1422 vero

209 1445 322 1475 utraque
352 1439 380 1466 in
413 1439 509 1474 quinto
544 1439 663 1467 historia:
690 1440 734 1467 bis
755 1441 844 1468 verbis
870 1441 989 1468 scribit:

212 1495 221 1510 ι
239 1485 308 1512 Sunt
325 1489 414 1512 autem
429 1493 489 1520 quae
501 1485 540 1512 vel
554 1493 602 1520 per
619 1486 747 1518 hiemem,
757 1490 913 1514 aestatemve
926 1494 990 1515 suos

209 1535 305 1566 partus
321 1530 418 1563 edant;
438 1537 486 1565 per
503 1530 628 1563 hiemem,
646 1531 735 1566 lupus,
750 1532 857 1567 mugilis
869 1553 876 1565 ,
898 1539 963 1559 acus
981 1543 988 1560 :

211 1585 260 1611 per
273 1579 393 1603 aestatem
415 1575 488 1603 circa
506 1575 769 1608 Ilecatombmonem,
789 1578 910 1606 thunuae.
932 1588 941 1604 ι
959 1578 992 1605 Et

212 1621 292 1656 paulo
303 1625 383 1656 post:
404 1630 413 1646 ί
429 1620 528 1649 Parere
553 1629 616 1649 vero
631 1622 765 1656 incipiunt
782 1630 814 1649 ex
829 1623 992 1658 mugilibus,

213 1668 340 1695 labeones
354 1667 462 1702 quidem
477 1675 569 1695 mense
586 1667 753 1701 Posideone,
771 1671 798 1695 et
812 1675 953 1700 mucones,
967 1673 994 1696 et

212 1715 361 1749 capitones,
375 1719 525 1749 geruntque
541 1714 637 1741 diebus
661 1713 783 1741 tricenis.
812 1724 821 1740 ι
840 1713 896 1741 lloe
922 1714 993 1742 idem

212 1768 322 1788 rursum
334 1760 402 1787 libro
413 1760 527 1794 septimo
543 1759 617 1786 dicit.
641 1759 729 1786 Simul
742 1768 805 1787 vero
820 1764 927 1788 constat
939 1761 994 1788 sol-

212 1807 337 1835 stitialem
349 1814 410 1834 esse
423 1805 612 1833 Posideonem.
627 1805 694 1832 Nam
717 1806 739 1833 si
764 1811 826 1833 ante
847 1806 994 1834 solstitium

213 1852 286 1880 circa
302 1850 498 1883 Posideoncm,
527 1850 711 1886 hibernusque
733 1851 884 1879 Posideon:
907 1853 994 1879 maui—

214 1899 311 1928 festum
338 1901 381 1926 est
412 1897 520 1925 circiter
547 1895 723 1924 Posideonem
749 1898 894 1925 solstitium
923 1906 992 1925 esse.

213 1946 291 1972 Circa
306 1945 378 1972 enim
401 1945 516 1979 priuiqu
538 1944 680 1971 hibernum
705 1951 825 1972 mensem
847 1945 993 1976 solstitium

213 1991 360 2026 peragitur.
377 1989 410 2016 Et
424 1990 467 2016 illa
492 1989 600 2025 quidem
617 1989 729 2022 locutio,
751 1999 759 2015 t
778 1989 850 2017 circa
868 1989 994 2017 Posideo.

214 2045 275 2064 ncm
292 2041 354 2064 ante
371 2036 505 2068 brumam,
523 2046 532 2062 ι
560 2043 615 2072 quo
639 2043 732 2063 mense
751 2036 796 2062 llat
820 2037 997 2064 circumscri-

214 2083 270 2116 bit;
288 2087 317 2110 ut
344 2081 451 2110 dicendi
471 2089 578 2118 quoque
603 2081 739 2114 formula,
766 2089 818 2117 qua
846 2082 911 2117 quid
935 2085 997 2116 post

213 2129 337 2156 brumam
352 2123 414 2162 tieri
428 2129 595 2164 perhibetur,
605 2128 632 2156 id
647 2136 708 2156 esse
719 2128 845 2163 designat
857 2127 935 2163 155
944 2129 997 2155 cir-

213 2175 282 2202 citer
296 2175 419 2202 eumdem
435 2182 555 2202 mensem
566 2196 572 2207 ,
600 2182 654 2209 quo
678 2175 824 2202 solstitium
841 2175 996 2202 confectum

1040 938 1098 973 ἦτοι
1112 937 1175 974 περὶ
1190 938 1234 964 τὸν
1251 937 1448 973 ὀνομαζόμενον
1472 938 1544 973 μῆνα
1566 939 1614 970 τὰς
1633 938 1738 973 τροπὰς
1759 936 1826 964 εἶναι

1041 983 1174 1018 βούλεται,
1195 983 1211 1018 ἢ
1236 983 1299 1019 περὶ
1317 983 1362 1010 τὸν
1383 983 1520 1018 ἐγγύτατά
1541 992 1572 1018 γε
1594 983 1701 1019 δηλοῦν.
1717 985 1780 1010 ’Ὁτι
1799 983 1829 1010 δε

1040 1029 1086 1055 καὶ
1101 1028 1254 1064 χειμερινὸς
1276 1026 1309 1055 αὖ
1332 1029 1346 1054 ὁ
1367 1028 1533 1060 Ποσειδεὼν,
1550 1028 1628 1063 δῆλον
1651 1029 1680 1062 ἐξ
1698 1025 1735 1055 ὧν
1755 1029 1827 1063 Ἀρι-

1041 1075 1166 1110 στοτέλης
1182 1075 1210 1101 ὲν
1227 1076 1259 1110 τῇ
1273 1075 1341 1110 αὐτῇ
1361 1075 1466 1110 ἱστορίᾳ
1482 1075 1630 1110 διευκιρνεξ
1642 1075 1707 1110 περὶ
1727 1075 1828 1110 ἰχθύων

1039 1121 1093 1148 τῶν
1112 1122 1285 1157 καλουμένων
1302 1120 1448 1156 κεστρέων.
1467 1121 1558 1147 Εἰπὼν
1575 1121 1628 1157 γὰρ
1643 1121 1773 1157 πρόσθεν,
1786 1122 1827 1148 ὅτι

1040 1165 1172 1201 χειμῶνος
1195 1167 1209 1192 ὁ
1238 1166 1368 1200 κεστρεὺς
1393 1166 1497 1198 τίκτει,
1517 1166 1585 1201 μετὰ
1603 1166 1690 1193 ταῦτα
1713 1167 1761 1192 καὶ
1783 1167 1827 1193 τὸν

1041 1212 1125 1247 μῆνα,
1142 1213 1205 1248 περὶ
1219 1213 1247 1239 ὃν
1259 1213 1354 1244 τίκτει,
1367 1211 1494 1247 ὀνομάζει
1511 1213 1607 1247 λέγων,
1623 1214 1663 1240 ὅτι
1678 1213 1827 1240 Ποσειδεῶ-

1041 1267 1093 1290 νος.
1113 1259 1213 1293 ’Ἂμφω
1236 1258 1264 1284 δὲ
1286 1258 1372 1285 ταῦτα
1387 1259 1415 1284 ὲν
1440 1258 1478 1293 τῷ
1501 1258 1618 1294 πέμπτῳ
1641 1259 1690 1294 τῆς
1709 1259 1827 1295 ἱστορίας

1040 1305 1086 1331 ἐπὶ
1098 1305 1160 1340 τῇδε
1173 1306 1205 1340 τῇ
1223 1303 1313 1336 λέξει·
1333 1315 1341 1330 ι
1358 1303 1450 1330 Τίκτει
1461 1304 1483 1330 δ’
1497 1304 1555 1331 ἔνια
1571 1305 1617 1331 καὶ
1633 1305 1768 1340 χειμῶνος
1781 1306 1827 1338 ναὶ

1041 1351 1136 1386 θέρους
1148 1360 1154 1365 ·
1172 1351 1304 1386 χειμῶνος
1331 1351 1380 1386 μὲν
1405 1351 1508 1387 λάϐραξ
1520 1372 1527 1383 ,
1541 1352 1672 1386 κεστρεὺς
1685 1372 1693 1384 ,
1718 1351 1825 1386 βελόνη·

1040 1397 1136 1432 θέρους
1151 1396 1179 1423 δὲ
1196 1396 1259 1432 περὶ
1276 1396 1320 1423 τὸν
1337 1397 1561 1433 Ἑκατομϐαιῶνα
1576 1397 1712 1428 Θυννίόεςε
1727 1407 1736 1422 ι
1755 1395 1825 1423 εἶτα·

1043 1452 1052 1468 ι
1068 1443 1212 1478 Ἀρχονται
1225 1442 1253 1468 δὲ
1266 1443 1368 1469 τίκτειν
1381 1443 1435 1470 τῶν
1450 1443 1585 1478 κεστρέων
1599 1444 1623 1470 οἱ
1653 1444 1702 1478 μὲν
1715 1442 1826 1478 χελῶυες

1040 1489 1087 1515 τοῦ
1100 1488 1289 1520 Ποσειδεῶνος,
1305 1489 1352 1515 καὶ
1367 1490 1381 1516 ὁ
1399 1489 1488 1525 μύξων
1504 1488 1680 1524 καλούμενος,
1697 1489 1745 1514 καὶ
1758 1489 1772 1514 ὁ
1786 1488 1828 1515 κέ-

1042 1534 1124 1568 φαλος
1134 1541 1141 1549 ·
1158 1534 1252 1561 κυοῦσι
1265 1534 1292 1561 δὲ
1305 1535 1451 1570 τριάκοντα
1465 1535 1581 1570 ἡμέρας.
1598 1544 1606 1560 ι
1626 1534 1714 1560 Τοῦτο
1728 1533 1750 1560 δ’
1767 1533 1831 1560 αὐτὸ

1044 1579 1124 1606 πάλιν
1141 1580 1187 1605 καὶ
1206 1580 1234 1605 ὲν
1254 1579 1293 1615 τῷ
1306 1580 1411 1615 ἑῆδόμῳ
1429 1579 1521 1614 φησίν.
1541 1580 1616 1614 Ἅμα
1638 1578 1666 1604 δὲ
1681 1578 1773 1612 δήλον,
1789 1577 1827 1603 ὅτι

1043 1626 1089 1652 καὶ
1108 1626 1236 1661 τροπικὸς
1256 1627 1270 1652 ὀ
1285 1625 1444 1652 Ποσειδεὼν.
1462 1626 1493 1651 Εἰ
1509 1625 1563 1660 γὰρ
1582 1625 1644 1660 περὶ
1661 1623 1828 1650 Ποσειδεῶνε

1043 1671 1095 1706 πρὶν
1115 1671 1169 1697 τῶν
1185 1671 1309 1707 τροπῶν,
1326 1671 1478 1706 χειμερινὸς
1492 1672 1513 1697 δ’
1529 1672 1542 1697 ὁ
1558 1669 1709 1696 Ποσειδεὼν
1722 1677 1729 1684 ·
1749 1677 1827 1703 φανε-

1045 1718 1099 1753 ρὸν,
1115 1718 1154 1744 ὅτι
1170 1717 1232 1752 περὶ
1248 1718 1416 1744 Ποσειδεῶνα
1432 1717 1460 1743 αἱ
1479 1717 1589 1752 τροπαί.
1606 1716 1674 1752 Περὶ
1686 1715 1743 1751 γὰρ
1757 1714 1829 1750 πρῶ-

1043 1773 1088 1790 τον
1106 1764 1178 1799 μῆνα
1191 1763 1244 1790 τῶν
1257 1764 1417 1799 χειμερινῶν
1433 1763 1551 1797 γίνονται
1566 1764 1592 1789 αἰ
1612 1762 1724 1798 τροπαί.
1744 1762 1798 1788 Καὶ
1813 1762 1832 1795 ἡ

1046 1819 1056 1834 ‹
1070 1809 1133 1844 περὶ
1151 1808 1316 1835 Ποσειδεῶνα
1328 1809 1380 1844 πρὸ
1393 1809 1446 1835 τῶν
1465 1809 1571 1844 τροπῶν
1584 1819 1592 1835 ι
1609 1808 1688 1844 ῥῆσις
1702 1827 1710 1840 ,
1729 1808 1783 1842 ἄρα
1802 1807 1834 1833 το

1044 1854 1108 1880 ποτε
1117 1854 1162 1881 τοῦ
1175 1854 1256 1889 μηνὸς
1263 1854 1372 1890 διορίζει
1381 1863 1387 1869 ·
1395 1855 1432 1886 ὡς
1444 1855 1489 1880 καὶ
1501 1854 1570 1889 μετὰ
1577 1854 1678 1890 τροπὰς
1689 1853 1829 1887 γινομένου

1044 1900 1090 1926 τοῦ
1111 1900 1170 1936 περὶ
1185 1901 1230 1926 τὸν
1246 1901 1325 1927 αὑτὸν
1346 1901 1427 1935 μῆνα,
1440 1901 1503 1936 περὶ
1517 1900 1546 1926 ὃν
1557 1902 1583 1926 αἱ
1595 1899 1704 1934 τροπαί.
1721 1899 1759 1926 οὗ
1782 1898 1832 1933 μὴν

1045 1947 1112 1973 ἀλλὰ
1125 1947 1171 1973 καὶ
1183 1946 1236 1972 τῶν
1247 1946 1360 1982 ὀρνίθων
1372 1946 1478 1973 ἁλκυὼν
1492 1946 1576 1972 τίκτει
1590 1946 1638 1980 μὲν
1654 1945 1719 1980 περὶ
1731 1944 1832 1979 τροπὰς

1046 1992 1210 2028 χειμερινάς.
1237 1992 1283 2019 Διδ
1312 1992 1358 2019 καὶ
1376 1992 1619 2024 κα).οὖνται,.ὃταν
1645 1990 1776 2017 εὐδιειναὶ
1792 1989 1823 2023 γέ

1045 2048 1143 2066 νωνται
1161 2040 1188 2065 at
1205 2039 1313 2074 τροπαὶ,
1333 2039 1498 2065 Ἀλκυόνειαι
1508 2037 1620 2073 ἡμέραι,
1635 2036 1706 2063 ἑπτὰ
1722 2035 1772 2071 μὲν
1783 2034 1832 2070 πρὸ

1046 2084 1164 2120 τροπῶν,
1183 2083 1252 2110 ἑπτὰ
1273 2083 1301 2110 δὲ
1323 2083 1391 2118 μετὰ
1410 2083 1529 2118 τροπάς·
1546 2082 1672 2117 καθάπερ
1694 2082 1742 2107 καὶ
1763 2081 1831 2115 Ἀρισ

1048 2129 1174 2165 ποτέλης
1190 2129 1255 2164 φησι
1266 2137 1272 2143 ·
1287 2129 1409 2156 καλεῖται
1423 2129 1451 2155 δὲ
1466 2128 1640 2160 Ποσειδεωνὶς
1654 2129 1712 2158 τοῖς
1729 2126 1832 2156 πολλοῖς

1047 2175 1064 2209 ἡ
1080 2174 1153 2209 ὅρνις
1166 2193 1174 2206 ,
1195 2173 1271 2210 παρὰ
1284 2181 1330 2200 του
1351 2173 1405 2199 τῶν
1418 2173 1531 2200 ἀστείων
1542 2192 1550 2204 ,
1562 2172 1598 2204 ὡς
1611 2172 1692 2202 ἔοικε,
1717 2169 1832 2205 τοῦνομα

215 2222 261 2249 sit.
275 2220 427 2254 Quinetiam
451 2220 553 2256 Alcyon
582 2221 640 2249 avis
666 2221 740 2248 circa
770 2221 893 2248 brumam
917 2220 986 2256 parit

1050 2220 1183 2254 είληψόσι,
1199 2219 1273 2256 παρὰ
1287 2220 1316 2246 τὸ
1328 2220 1430 2247 τίκτειν
1450 2219 1627 2250 Ποσειδεῶνος
1645 2217 1730 2253 μηνός
1740 2225 1747 2231 ·
1765 2216 1832 2242 ὥστε

215 2266 397 2300 Quamobrem
411 2266 518 2301 quoties
533 2267 629 2294 bruma
638 2273 733 2294 serena
742 2270 793 2299 est,
806 2266 864 2293 dies
875 2265 998 2301 Alcyonii

216 2312 386 2348 appellantur
407 2316 509 2346 septem
536 2316 599 2340 ante
626 2312 769 2345 brumam,
800 2315 828 2338 et
852 2315 956 2347 septem
983 2319 998 2338 a

217 2358 331 2391 bruma;
348 2360 377 2384 ut
387 2357 467 2384 etiam
479 2358 638 2385 Aristoteles
652 2358 701 2389 ait,
715 2362 880 2392 vocaturque
897 2365 912 2383 a
928 2358 999 2385 mul-

216 2404 253 2431 tis
271 2403 328 2438 ipsa
346 2403 403 2429 avis
418 2401 588 2434 Posideonis.
612 2402 638 2429 id
665 2406 706 2431 est
723 2401 893 2434 Decembria,
911 2403 945 2429 ab
959 2403 999 2430 ie—

215 2448 280 2483 pido
297 2448 423 2483 quopiam
439 2452 466 2475 et
486 2449 590 2475 urbano
614 2452 741 2479 auctore,
761 2453 790 2475 ut
807 2448 931 2477 videtur.
948 2456 997 2483 ap-

219 2493 390 2528 pellationem
410 2492 560 2522 mutuatis.
591 2492 662 2526 quod
688 2492 777 2527 pariat
803 2500 896 2520 mense
921 2491 999 2520 Posi-

218 2539 305 2566 deone
318 2548 324 2566 :
339 2538 411 2569 adeo
424 2543 453 2565 ut
465 2538 530 2564 illud
549 2537 655 2564 abunde
667 2546 794 2573 magnum
807 2544 997 2573 argumentum

218 2586 264 2617 sit,
286 2585 455 2613 solstitialem
477 2591 539 2611 esse
567 2583 765 2615 Posideonem.
792 2587 820 2611 et
843 2584 997 2611 hiemalium

219 2633 353 2661 mensium
367 2633 496 2667 primum.
511 2630 588 2658 Nunc
605 2630 687 2666 igitur
700 2638 733 2657 ex
751 2631 794 2658 his
810 2636 948 2666 sumptum
963 2633 998 2658 sit

1050 2268 1160 2302 σημεῖον
1183 2266 1229 2293 καὶ
1250 2266 1321 2293 τοῦτ’
1334 2266 1366 2293 ἂν
1386 2267 1428 2300 εἴη
1445 2265 1574 2301 τροπικὸν
1593 2263 1662 2291 εἶναι
1678 2263 1724 2290 τὸν
1740 2264 1822 2289 Ποσει

1048 2311 1143 2344 δεῶνα,
1161 2312 1207 2338 καὶ
1226 2311 1279 2338 τῶν
1292 2311 1454 2347 χειμερινῶν
1469 2311 1586 2348 πρῶτον.
1603 2310 1659 2336 Νῦν
1677 2310 1727 2344 μὲν
1741 2307 1788 2335 οὖν
1804 2308 1832 2334 ἐκ

1047 2358 1151 2384 τούτων
1174 2357 1294 2392 εἰλήφθω
1315 2358 1468 2393 χειμερινόν
1486 2365 1516 2383 τε
1543 2357 1588 2383 καὶ
1610 2355 1741 2391 τροπικὸν
1768 2352 1831 2380 εἶναι

1048 2404 1093 2430 τὸν
1110 2403 1277 2430 Ποσειδεῶνα
1288 2412 1294 2418 ·
1311 2403 1423 2437 ὕστερον
1445 2403 1471 2429 δὲ
1498 2402 1544 2429 καὶ
1564 2402 1598 2428 δι’
1613 2400 1755 2436 ἀκριϐείας
1773 2399 1824 2434 μίλ

1051 2449 1095 2476 λον
1117 2450 1296 2485 δειχθήσεται.
1326 2450 1380 2485 Τὴν
1410 2449 1431 2476 δ’
1448 2449 1589 2484 ἀκρίϐειαν
1615 2448 1663 2482 οὐχ
1685 2446 1786 2481 ὁμοίως
1806 2446 1829 2471 ὲκ

1053 2495 1152 2522 ἅπασιν
1166 2495 1302 2530 ἐπιζητεῖν
1315 2495 1364 2527 δεῖ,
1380 2495 1436 2521 ἀλλ’
1452 2495 1479 2521 ὲν
1493 2495 1616 2526 ἑκάστοις
1630 2493 1701 2520 κατᾶ
1715 2492 1764 2528 τὴν
1775 2492 1824 2518 ὑπο

1052 2541 1182 2576 κειμένην
1197 2541 1272 2576 ὕλην,
1289 2542 1336 2567 καὶ
1354 2541 1400 2567 ἐπὶ
1416 2540 1550 2571 τοσοῦτον,
1566 2539 1608 2573 ἐφ’
1624 2539 1684 2565 ὅσον
1701 2537 1788 2564 οἰκεία
1800 2537 1830 2571 τῇ

1054 2586 1166 2621 μεθόδῳ.

1003 2652 1009 2663 ,
1030 2633 1171 2661 hibernum
1204 2639 1231 2661 et
1252 2634 1422 2661 solstitialem
1445 2641 1506 2661 esse
1526 2632 1726 2662 Posideonem;
1746 2636 1828 2665 quan.

218 2687 300 2715 quam
341 2680 422 2707 etiam
462 2678 619 2714 diligentius
655 2677 769 2712 posthac
805 2677 1045 2706 demonstrabitur.
1075 2679 1127 2707 Sed
1149 2687 1198 2707 nec
1233 2680 1303 2708 hanc
1329 2680 1428 2715 pariter
1463 2679 1490 2706 in
1515 2678 1643 2705 omnibus
1668 2677 1828 2712 diligentiam

218 2725 358 2760 requirere
382 2729 506 2760 oportet;
535 2732 627 2751 verum
657 2724 684 2750 in
708 2723 822 2758 singulis
850 2724 1000 2751 secundum
1017 2726 1166 2761 subiectam
1184 2727 1335 2757 materiam.
1353 2731 1434 2761 atque
1447 2726 1591 2757 hactenus,
1623 2727 1759 2759 quatenus
1787 2729 1821 2756 pe

219 2773 330 2800 culiaris
343 2776 385 2800 est
400 2773 515 2800 docendi
532 2772 641 2799 rationi.

255 2817 440 2845 Gamelionem
454 2825 536 2853 porro
549 2818 640 2845 statim
656 2817 780 2852 sequitur
792 2816 984 2852 Elaphebolion
998 2827 1005 2852 ;

228 2864 377 2891 novissimo
389 2864 461 2891 enim
478 2871 570 2892 mense
586 2864 700 2892 brumali
715 2871 784 2899 opus
798 2868 857 2898 est;
873 2866 945 2899 atqui
964 2865 1007 2891 hic

1090 2817 1166 2844 Μετὰ
1179 2817 1207 2843 δὲ
1225 2817 1386 2852 Γαμηλιῶνα
1405 2815 1483 2847 εὐθὺς
1507 2814 1720 2850 Ἐλαφηῦολιὼν·
1744 2813 1827 2840 τελευα

1059 2864 1132 2890 ταίου
1151 2864 1203 2899 γὰρ
1219 2864 1303 2900 μηνὸς.
1317 2863 1369 2890 τῶν
1390 2862 1549 2897 χειμερινῶν
1565 2861 1618 2888 δεῖ·
1637 2861 1727 2888 οὑτοσὶ
1743 2859 1771 2886 δὲ
1788 2865 1826 2884 re!
