  <div class='ocr_page' id='page_1' title='image "/cluster/home/n/w/nwhite01/storage/ocr_20150623/19/njp.32101077772463/664.png"; bbox 0 0 1931 3135; ppageno 0'>
   <div class='ocr_carea' id='block_1_1' title="bbox 122 152 193 180">
    <p class='ocr_par' dir='ltr' id='par_1_1' title="bbox 122 152 193 180">
     <span class='ocr_line' id='line_1_1' title="bbox 122 152 193 180; baseline 0 0"><span class='ocrx_word' id='word_1_1' title='bbox 122 152 193 180; x_wconf 79' lang='lat' dir='ltr'><strong>H73</strong></span> 
     </span>
    </p>
   </div>
   <div class='ocr_carea' id='block_1_2' title="bbox 581 152 1255 186">
    <p class='ocr_par' dir='ltr' id='par_1_2' title="bbox 581 152 1255 186">
     <span class='ocr_line' id='line_1_2' title="bbox 581 152 1255 186; baseline 0.004 -6"><span class='ocrx_word' id='word_1_2' title='bbox 581 153 752 182; x_wconf 73' lang='lat' dir='ltr'><strong>THEODOIH</strong></span> <span class='ocrx_word' id='word_1_3' title='bbox 772 152 874 181; x_wconf 59' lang='lat' dir='ltr'><strong>GAZIE</strong></span> <span class='ocrx_word' id='word_1_4' title='bbox 894 152 994 180; x_wconf 75' lang='lat' dir='ltr'><strong>LIBER</strong></span> <span class='ocrx_word' id='word_1_5' title='bbox 1014 155 1057 182; x_wconf 87' lang='lat' dir='ltr'><strong>DE</strong></span> <span class='ocrx_word' id='word_1_6' title='bbox 1073 155 1255 186; x_wconf 77' lang='lat' dir='ltr'><strong>MENSIBUS.</strong></span> 
     </span>
    </p>
   </div>
   <div class='ocr_carea' id='block_1_3' title="bbox 1662 155 1733 183">
    <p class='ocr_par' dir='ltr' id='par_1_3' title="bbox 1662 155 1733 183">
     <span class='ocr_line' id='line_1_3' title="bbox 1662 155 1733 183; baseline 0 0"><span class='ocrx_word' id='word_1_7' title='bbox 1662 155 1733 183; x_wconf 63' lang='grc' dir='ltr'><strong>ηπ</strong></span> 
     </span>
    </p>
   </div>
   <div class='ocr_carea' id='block_1_4' title="bbox 121 204 907 252">
    <p class='ocr_par' dir='ltr' id='par_1_4' title="bbox 121 210 902 249">
     <span class='ocr_line' id='line_1_4' title="bbox 121 210 902 249; baseline 0.003 -11"><span class='ocrx_word' id='word_1_8' title='bbox 121 212 253 242; x_wconf 78' lang='grc' dir='ltr'>λευταῖος.</span> <span class='ocrx_word' id='word_1_9' title='bbox 279 211 393 246; x_wconf 85' lang='grc' dir='ltr'>Σημεῑον</span> <span class='ocrx_word' id='word_1_10' title='bbox 419 210 463 238; x_wconf 84' lang='grc' dir='ltr'>δέ·</span> <span class='ocrx_word' id='word_1_11' title='bbox 481 211 643 247; x_wconf 83' lang='grc' dir='ltr'><strong>Θουκυδίδης</strong></span> <span class='ocrx_word' id='word_1_12' title='bbox 661 213 716 249; x_wconf 85' lang='grc' dir='ltr'>γὰρ·</span> <span class='ocrx_word' id='word_1_13' title='bbox 735 215 763 240; x_wconf 79' lang='grc' dir='ltr'>ἔν</span> <span class='ocrx_word' id='word_1_14' title='bbox 786 213 902 249; x_wconf 79' lang='grc' dir='ltr'>τετάρτῃ</span> 
     </span>
    </p>
   </div>
   <div class='ocr_carea' id='block_1_5' title="bbox 959 204 1729 252">
    <p class='ocr_par' dir='ltr' id='par_1_5' title="bbox 959 204 1729 252">
     <span class='ocr_line' id='line_1_5' title="bbox 959 204 1729 252; baseline 0.003 -12"><span class='ocrx_word' id='word_1_15' title='bbox 959 219 1025 242; x_wconf 83' lang='lat' dir='ltr'><strong>:erte</strong></span> <span class='ocrx_word' id='word_1_16' title='bbox 1040 221 1205 250; x_wconf 83' lang='lat' dir='ltr'><strong>postremus.</strong></span> <span class='ocrx_word' id='word_1_17' title='bbox 1224 216 1308 251; x_wconf 84' lang='lat' dir='ltr'><strong>Cujus</strong></span> <span class='ocrx_word' id='word_1_18' title='bbox 1322 216 1360 243; x_wconf 86' lang='lat' dir='ltr'><strong>rei</strong></span> <span class='ocrx_word' id='word_1_19' title='bbox 1377 216 1484 251; x_wconf 77' lang='lat' dir='ltr'><strong>signum</strong></span> <span class='ocrx_word' id='word_1_20' title='bbox 1492 204 1538 244; x_wconf 76' lang='lat' dir='ltr'><strong>est</strong></span> <span class='ocrx_word' id='word_1_21' title='bbox 1549 237 1556 250; x_wconf 95' lang='lat'><strong>,</strong></span> <span class='ocrx_word' id='word_1_22' title='bbox 1571 216 1642 252; x_wconf 86' lang='lat' dir='ltr'><strong>quod</strong></span> <span class='ocrx_word' id='word_1_23' title='bbox 1656 217 1729 243; x_wconf 88' lang='lat' dir='ltr'><strong>Thu-</strong></span> 
     </span>
    </p>
   </div>
   <div class='ocr_carea' id='block_1_6' title="bbox 123 257 902 293">
    <p class='ocr_par' dir='ltr' id='par_1_6' title="bbox 123 257 902 293">
     <span class='ocr_line' id='line_1_6' title="bbox 123 257 902 293; baseline 0.001 -9"><span class='ocrx_word' id='word_1_24' title='bbox 123 257 175 284; x_wconf 65' lang='grc' dir='ltr'><strong>τῶν</strong></span> <span class='ocrx_word' id='word_1_25' title='bbox 194 257 317 292; x_wconf 72' lang='grc' dir='ltr'><strong>ἱστοριῶν</strong></span> <span class='ocrx_word' id='word_1_26' title='bbox 341 257 389 293; x_wconf 85' lang='grc' dir='ltr'><strong>τὴν</strong></span> <span class='ocrx_word' id='word_1_27' title='bbox 416 257 548 284; x_wconf 77' lang='grc' dir='ltr'>ἐνιαύσιον</span> <span class='ocrx_word' id='word_1_28' title='bbox 565 258 733 292; x_wconf 74' lang='grc' dir='ltr'><strong>ἐκεχειρίαν,</strong></span> <span class='ocrx_word' id='word_1_29' title='bbox 754 258 801 293; x_wconf 77' lang='grc' dir='ltr'>τὴν</span> <span class='ocrx_word' id='word_1_30' title='bbox 827 267 902 292; x_wconf 89' lang='grc' dir='ltr'>γενο-</span> 
     </span>
    </p>
   </div>
   <div class='ocr_carea' id='block_1_7' title="bbox 120 302 903 338">
    <p class='ocr_par' dir='ltr' id='par_1_7' title="bbox 120 302 903 338">
     <span class='ocr_line' id='line_1_7' title="bbox 120 302 903 338; baseline 0.001 -10"><span class='ocrx_word' id='word_1_31' title='bbox 120 303 210 338; x_wconf 76' lang='grc' dir='ltr'>μένην</span> <span class='ocrx_word' id='word_1_32' title='bbox 231 302 452 337; x_wconf 76' lang='grc' dir='ltr'><strong>Λακεδαιμονίοις</strong></span> <span class='ocrx_word' id='word_1_33' title='bbox 473 303 520 329; x_wconf 82' lang='grc' dir='ltr'>καὶ</span> <span class='ocrx_word' id='word_1_34' title='bbox 547 303 711 338; x_wconf 77' lang='grc' dir='ltr'>Ἀθηναίοις,</span> <span class='ocrx_word' id='word_1_35' title='bbox 728 304 903 334; x_wconf 75' lang='grc' dir='ltr'><strong>τελευτῶντος</strong></span> 
     </span>
    </p>
   </div>
   <div class='ocr_carea' id='block_1_8' title="bbox 120 348 903 384">
    <p class='ocr_par' dir='ltr' id='par_1_8' title="bbox 120 348 903 384">
     <span class='ocr_line' id='line_1_8' title="bbox 120 348 903 384; baseline 0.001 -10"><span class='ocrx_word' id='word_1_36' title='bbox 120 348 215 382; x_wconf 69' lang='grc' dir='ltr'>ὀγδόου</span> <span class='ocrx_word' id='word_1_37' title='bbox 229 348 304 380; x_wconf 79' lang='grc' dir='ltr'>ἔτους</span> <span class='ocrx_word' id='word_1_38' title='bbox 320 348 359 383; x_wconf 87' lang='grc' dir='ltr'><strong>τῷ</strong></span> <span class='ocrx_word' id='word_1_39' title='bbox 374 349 494 383; x_wconf 81' lang='grc' dir='ltr'>πολέμῳ,</span> <span class='ocrx_word' id='word_1_40' title='bbox 508 349 615 384; x_wconf 81' lang='grc' dir='ltr'>τετράδι</span> <span class='ocrx_word' id='word_1_41' title='bbox 632 350 676 375; x_wconf 72' lang='grc' dir='ltr'><strong>ἐπὶ</strong></span> <span class='ocrx_word' id='word_1_42' title='bbox 691 350 755 375; x_wconf 81' lang='grc' dir='ltr'>δέκα</span> <span class='ocrx_word' id='word_1_43' title='bbox 767 350 813 375; x_wconf 75' lang='grc' dir='ltr'>τοῦ</span> <span class='ocrx_word' id='word_1_44' title='bbox 829 349 903 375; x_wconf 91' lang='grc' dir='ltr'>Ἐλα-</span> 
     </span>
    </p>
   </div>
   <div class='ocr_carea' id='block_1_9' title="bbox 120 395 902 430">
    <p class='ocr_par' dir='ltr' id='par_1_9' title="bbox 120 395 902 430">
     <span class='ocr_line' id='line_1_9' title="bbox 120 395 902 430; baseline 0 -9"><span class='ocrx_word' id='word_1_45' title='bbox 120 395 289 430; x_wconf 77' lang='grc' dir='ltr'>φηϐολιῶνος</span> <span class='ocrx_word' id='word_1_46' title='bbox 308 396 389 430; x_wconf 78' lang='grc' dir='ltr'>μηνὸς</span> <span class='ocrx_word' id='word_1_47' title='bbox 407 395 594 429; x_wconf 83' lang='grc' dir='ltr'>ὁμολογεῖσθαί</span> <span class='ocrx_word' id='word_1_48' title='bbox 613 404 679 430; x_wconf 78' lang='grc' dir='ltr'>φησι</span> <span class='ocrx_word' id='word_1_49' title='bbox 690 403 696 410; x_wconf 94' lang='grc'><strong>·</strong></span> <span class='ocrx_word' id='word_1_50' title='bbox 713 395 761 430; x_wconf 82' lang='grc' dir='ltr'><strong>τὴν</strong></span> <span class='ocrx_word' id='word_1_51' title='bbox 779 396 800 421; x_wconf 86' lang='grc' dir='ltr'>δ’</span> <span class='ocrx_word' id='word_1_52' title='bbox 818 395 902 430; x_wconf 82' lang='grc' dir='ltr'>αὐτὴν</span> 
     </span>
    </p>
   </div>
   <div class='ocr_carea' id='block_1_10' title="bbox 120 439 901 476">
    <p class='ocr_par' dir='ltr' id='par_1_10' title="bbox 120 439 901 476">
     <span class='ocr_line' id='line_1_10' title="bbox 120 439 901 476; baseline -0.001 -9"><span class='ocrx_word' id='word_1_53' title='bbox 120 442 277 476; x_wconf 74' lang='grc' dir='ltr'>ἐκεχειρίαν</span> <span class='ocrx_word' id='word_1_54' title='bbox 293 442 339 467; x_wconf 68' lang='grc' dir='ltr'>καὶ</span> <span class='ocrx_word' id='word_1_55' title='bbox 354 441 501 471; x_wconf 79' lang='grc' dir='ltr'>διελθόντος</span> <span class='ocrx_word' id='word_1_56' title='bbox 514 441 559 467; x_wconf 80' lang='grc' dir='ltr'>τοῦ</span> <span class='ocrx_word' id='word_1_57' title='bbox 575 441 707 475; x_wconf 84' lang='grc' dir='ltr'>χειμῶνος</span> <span class='ocrx_word' id='word_1_58' title='bbox 722 442 779 475; x_wconf 76' lang='grc' dir='ltr'>ἅμα</span> <span class='ocrx_word' id='word_1_59' title='bbox 794 439 840 476; x_wconf 82' lang='grc' dir='ltr'>ἦρι</span> <span class='ocrx_word' id='word_1_60' title='bbox 854 440 901 466; x_wconf 82' lang='grc' dir='ltr'>τοῦ</span> 
     </span>
    </p>
   </div>
   <div class='ocr_carea' id='block_1_11' title="bbox 120 485 902 520">
    <p class='ocr_par' dir='ltr' id='par_1_11' title="bbox 120 485 902 520">
     <span class='ocr_line' id='line_1_11' title="bbox 120 485 902 520; baseline 0 -9"><span class='ocrx_word' id='word_1_61' title='bbox 120 486 313 520; x_wconf 72' lang='grc' dir='ltr'><strong>ἐπιγινομένου</strong></span> <span class='ocrx_word' id='word_1_62' title='bbox 338 486 432 520; x_wconf 76' lang='grc' dir='ltr'>θέρους</span> <span class='ocrx_word' id='word_1_63' title='bbox 460 485 608 519; x_wconf 81' lang='grc' dir='ltr'>γεγονέναι.</span> <span class='ocrx_word' id='word_1_64' title='bbox 638 486 696 511; x_wconf 83' lang='grc' dir='ltr'>Κάν</span> <span class='ocrx_word' id='word_1_65' title='bbox 726 487 759 520; x_wconf 80' lang='grc' dir='ltr'>τῇ</span> <span class='ocrx_word' id='word_1_66' title='bbox 790 485 902 520; x_wconf 78' lang='grc' dir='ltr'><strong>πέμπτῃ</strong></span> 
     </span>
    </p>
   </div>
   <div class='ocr_carea' id='block_1_12' title="bbox 120 532 902 567">
    <p class='ocr_par' dir='ltr' id='par_1_12' title="bbox 120 532 902 567">
     <span class='ocr_line' id='line_1_12' title="bbox 120 532 902 567; baseline -0.003 -8"><span class='ocrx_word' id='word_1_67' title='bbox 120 533 144 559; x_wconf 88' lang='grc' dir='ltr'>δ’</span> <span class='ocrx_word' id='word_1_68' title='bbox 158 532 193 559; x_wconf 81' lang='grc' dir='ltr'><strong>αὖ</strong></span> <span class='ocrx_word' id='word_1_69' title='bbox 215 533 266 559; x_wconf 76' lang='grc' dir='ltr'><strong>τῶν</strong></span> <span class='ocrx_word' id='word_1_70' title='bbox 285 532 372 559; x_wconf 73' lang='grc' dir='ltr'>αὐτῶν</span> <span class='ocrx_word' id='word_1_71' title='bbox 395 532 518 567; x_wconf 73' lang='grc' dir='ltr'>ἱστοριῶν</span> <span class='ocrx_word' id='word_1_72' title='bbox 540 532 654 563; x_wconf 73' lang='grc' dir='ltr'>σπονδὰς</span> <span class='ocrx_word' id='word_1_73' title='bbox 674 532 798 565; x_wconf 80' lang='grc' dir='ltr'>γενέσθαι</span> <span class='ocrx_word' id='word_1_74' title='bbox 821 532 902 566; x_wconf 82' lang='grc' dir='ltr'>φησὶν</span> 
     </span>
    </p>
   </div>
   <div class='ocr_carea' id='block_1_13' title="bbox 121 577 902 614">
    <p class='ocr_par' dir='ltr' id='par_1_13' title="bbox 121 577 902 614">
     <span class='ocr_line' id='line_1_13' title="bbox 121 577 902 614; baseline -0.003 -9"><span class='ocrx_word' id='word_1_75' title='bbox 121 578 170 605; x_wconf 70' lang='grc' dir='ltr'><strong>ἐπὶ</strong></span> <span class='ocrx_word' id='word_1_76' title='bbox 191 578 320 614; x_wconf 82' lang='grc' dir='ltr'>ἄρχοντος</span> <span class='ocrx_word' id='word_1_77' title='bbox 346 577 488 614; x_wconf 75' lang='grc' dir='ltr'>Ἀθήνῃσιν</span> <span class='ocrx_word' id='word_1_78' title='bbox 510 578 649 608; x_wconf 78' lang='grc' dir='ltr'><strong>Ἀλκαίου,</strong></span> <span class='ocrx_word' id='word_1_79' title='bbox 673 577 902 612; x_wconf 69' lang='grc' dir='ltr'>Ἐλαφηϐολιῶνος</span> 
     </span>
    </p>
   </div>
   <div class='ocr_carea' id='block_1_14' title="bbox 123 622 903 658">
    <p class='ocr_par' dir='ltr' id='par_1_14' title="bbox 123 622 903 658">
     <span class='ocr_line' id='line_1_14' title="bbox 123 622 903 658; baseline -0.001 -9"><span class='ocrx_word' id='word_1_80' title='bbox 123 624 211 658; x_wconf 71' lang='grc' dir='ltr'>μηνὸς</span> <span class='ocrx_word' id='word_1_81' title='bbox 233 623 298 658; x_wconf 67' lang='grc' dir='ltr'>ἕκτῃ</span> <span class='ocrx_word' id='word_1_82' title='bbox 326 623 472 657; x_wconf 75' lang='grc' dir='ltr'>φθίνοντος.</span> <span class='ocrx_word' id='word_1_83' title='bbox 497 623 553 654; x_wconf 82' lang='grc' dir='ltr'><strong>Τὰς</strong></span> <span class='ocrx_word' id='word_1_84' title='bbox 570 623 592 649; x_wconf 82' lang='grc' dir='ltr'>δ’</span> <span class='ocrx_word' id='word_1_85' title='bbox 615 622 699 654; x_wconf 77' lang='grc' dir='ltr'>αὐτὰς</span> <span class='ocrx_word' id='word_1_86' title='bbox 721 623 834 654; x_wconf 74' lang='grc' dir='ltr'>σπονδὰς</span> <span class='ocrx_word' id='word_1_87' title='bbox 857 623 903 648; x_wconf 79' lang='grc' dir='ltr'>καὶ</span> 
     </span>
    </p>
   </div>
   <div class='ocr_carea' id='block_1_15' title="bbox 120 667 900 704">
    <p class='ocr_par' dir='ltr' id='par_1_15' title="bbox 120 667 900 704">
     <span class='ocr_line' id='line_1_15' title="bbox 120 667 900 704; baseline -0.001 -9"><span class='ocrx_word' id='word_1_88' title='bbox 120 669 303 700; x_wconf 81' lang='grc' dir='ltr'>τελευτῶντος</span> <span class='ocrx_word' id='word_1_89' title='bbox 317 668 363 695; x_wconf 77' lang='grc' dir='ltr'>τοῦ</span> <span class='ocrx_word' id='word_1_90' title='bbox 381 669 512 704; x_wconf 85' lang='grc' dir='ltr'>χειμῶνος</span> <span class='ocrx_word' id='word_1_91' title='bbox 529 669 586 704; x_wconf 76' lang='grc' dir='ltr'><strong>ἅμα</strong></span> <span class='ocrx_word' id='word_1_92' title='bbox 605 667 652 704; x_wconf 85' lang='grc' dir='ltr'>ἦρι</span> <span class='ocrx_word' id='word_1_93' title='bbox 668 668 792 702; x_wconf 79' lang='grc' dir='ltr'>γενέσθαι</span> <span class='ocrx_word' id='word_1_94' title='bbox 810 668 900 703; x_wconf 77' lang='grc' dir='ltr'>φησίν.</span> 
     </span>
    </p>
   </div>
   <div class='ocr_carea' id='block_1_16' title="bbox 124 714 904 750">
    <p class='ocr_par' dir='ltr' id='par_1_16' title="bbox 124 714 904 750">
     <span class='ocr_line' id='line_1_16' title="bbox 124 714 904 750; baseline -0.001 -9"><span class='ocrx_word' id='word_1_95' title='bbox 124 716 187 741; x_wconf 87' lang='grc' dir='ltr'>Ἔτι</span> <span class='ocrx_word' id='word_1_96' title='bbox 201 716 223 741; x_wconf 82' lang='grc' dir='ltr'>δ’</span> <span class='ocrx_word' id='word_1_97' title='bbox 243 714 428 750; x_wconf 77' lang='grc' dir='ltr'>Ἀριστοτέλης</span> <span class='ocrx_word' id='word_1_98' title='bbox 439 714 492 740; x_wconf 90' lang='grc' dir='ltr'><strong>τῶν</strong></span> <span class='ocrx_word' id='word_1_99' title='bbox 505 714 605 750; x_wconf 83' lang='grc' dir='ltr'>θηρίων</span> <span class='ocrx_word' id='word_1_100' title='bbox 620 715 668 750; x_wconf 85' lang='grc' dir='ltr'>τὴν</span> <span class='ocrx_word' id='word_1_101' title='bbox 687 715 786 749; x_wconf 77' lang='grc' dir='ltr'>ἄρκτον</span> <span class='ocrx_word' id='word_1_102' title='bbox 803 715 904 749; x_wconf 83' lang='grc' dir='ltr'>ἱστορεῖ</span> 
     </span>
    </p>
   </div>
   <div class='ocr_carea' id='block_1_17' title="bbox 122 759 901 795">
    <p class='ocr_par' dir='ltr' id='par_1_17' title="bbox 122 759 901 795">
     <span class='ocr_line' id='line_1_17' title="bbox 122 759 901 795; baseline -0.001 -9"><span class='ocrx_word' id='word_1_103' title='bbox 122 761 174 795; x_wconf 82' lang='grc' dir='ltr'>τὴν</span> <span class='ocrx_word' id='word_1_104' title='bbox 188 761 277 795; x_wconf 86' lang='grc' dir='ltr'>ὀχείαν</span> <span class='ocrx_word' id='word_1_105' title='bbox 292 760 424 786; x_wconf 80' lang='grc' dir='ltr'>ποιεῖσθαι</span> <span class='ocrx_word' id='word_1_106' title='bbox 438 760 483 786; x_wconf 76' lang='grc' dir='ltr'>τοῦ</span> <span class='ocrx_word' id='word_1_107' title='bbox 497 761 578 795; x_wconf 74' lang='grc' dir='ltr'>μηνὸς</span> <span class='ocrx_word' id='word_1_108' title='bbox 590 760 636 786; x_wconf 82' lang='grc' dir='ltr'>τοῦ</span> <span class='ocrx_word' id='word_1_109' title='bbox 657 759 885 795; x_wconf 75' lang='grc' dir='ltr'>Ἐλαφηϐολιῶνος</span> <span class='ocrx_word' id='word_1_110' title='bbox 894 767 901 775; x_wconf 89' lang='grc'>·</span> 
     </span>
    </p>
   </div>
   <div class='ocr_carea' id='block_1_18' title="bbox 123 803 934 842">
    <p class='ocr_par' dir='ltr' id='par_1_18' title="bbox 123 803 934 842">
     <span class='ocr_line' id='line_1_18' title="bbox 123 803 934 842; baseline -0.002 -9"><span class='ocrx_word' id='word_1_111' title='bbox 123 807 201 833; x_wconf 84' lang='grc' dir='ltr'>κύειν</span> <span class='ocrx_word' id='word_1_112' title='bbox 214 807 242 833; x_wconf 82' lang='grc' dir='ltr'>δὲ</span> <span class='ocrx_word' id='word_1_113' title='bbox 267 807 371 842; x_wconf 78' lang='grc' dir='ltr'>ἡμέρας</span> <span class='ocrx_word' id='word_1_114' title='bbox 396 806 559 842; x_wconf 72' lang='grc' dir='ltr'>τριάκοντα,</span> <span class='ocrx_word' id='word_1_115' title='bbox 581 807 627 833; x_wconf 75' lang='grc' dir='ltr'><strong>καὶ</strong></span> <span class='ocrx_word' id='word_1_116' title='bbox 646 807 747 833; x_wconf 82' lang='grc' dir='ltr'>τίκτειν</span> <span class='ocrx_word' id='word_1_117' title='bbox 771 806 834 840; x_wconf 70' lang='grc' dir='ltr'>περὶ</span> <span class='ocrx_word' id='word_1_118' title='bbox 857 806 902 831; x_wconf 70' lang='grc' dir='ltr'>τὸν</span> <span class='ocrx_word' id='word_1_119' title='bbox 921 803 934 842; x_wconf 36' lang='grc' dir='ltr'><em>ς</em></span> 
     </span>
    </p>
   </div>
   <div class='ocr_carea' id='block_1_19' title="bbox 123 836 929 886">
    <p class='ocr_par' dir='ltr' id='par_1_19' title="bbox 123 836 929 886">
     <span class='ocr_line' id='line_1_19' title="bbox 123 836 929 886; baseline 0.001 -11"><span class='ocrx_word' id='word_1_120' title='bbox 123 850 237 885; x_wconf 79' lang='grc' dir='ltr'>καιρὸν,</span> <span class='ocrx_word' id='word_1_121' title='bbox 263 836 292 876; x_wconf 64' lang='grc' dir='ltr'>ὃν</span> <span class='ocrx_word' id='word_1_122' title='bbox 320 836 420 884; x_wconf 51' lang='grc' dir='ltr'>ίρωλεῖί</span> <span class='ocrx_word' id='word_1_123' title='bbox 439 851 501 877; x_wconf 80' lang='grc' dir='ltr'>ὅταν</span> <span class='ocrx_word' id='word_1_124' title='bbox 524 851 551 877; x_wconf 76' lang='grc' dir='ltr'>δὲ</span> <span class='ocrx_word' id='word_1_125' title='bbox 571 850 688 886; x_wconf 78' lang='grc' dir='ltr'>ἐκθρέψῃ</span> <span class='ocrx_word' id='word_1_126' title='bbox 713 836 929 886; x_wconf 45' lang='grc' dir='ltr'>τρίτῳ-μηνὶ,ἷ</span> 
     </span>
    </p>
   </div>
   <div class='ocr_carea' id='block_1_20' title="bbox 123 883 942 932">
    <p class='ocr_par' dir='ltr' id='par_1_20' title="bbox 123 883 942 932">
     <span class='ocr_line' id='line_1_20' title="bbox 123 883 942 932; baseline -0.001 -10"><span class='ocrx_word' id='word_1_127' title='bbox 123 896 260 923; x_wconf 69' lang='grc' dir='ltr'>ἐκϐαίνειν</span> <span class='ocrx_word' id='word_1_128' title='bbox 275 896 324 931; x_wconf 75' lang='grc' dir='ltr'>ἤδη</span> <span class='ocrx_word' id='word_1_129' title='bbox 341 896 387 922; x_wconf 78' lang='grc' dir='ltr'>τοῦ</span> <span class='ocrx_word' id='word_1_130' title='bbox 405 896 493 932; x_wconf 75' lang='grc' dir='ltr'>ἔαρος.</span> <span class='ocrx_word' id='word_1_131' title='bbox 510 896 602 923; x_wconf 78' lang='grc' dir='ltr'>Ταῦτα</span> <span class='ocrx_word' id='word_1_132' title='bbox 615 897 637 923; x_wconf 78' lang='grc' dir='ltr'>δ’</span> <span class='ocrx_word' id='word_1_133' title='bbox 650 896 732 923; x_wconf 78' lang='grc' dir='ltr'>εἰπὼν</span> <span class='ocrx_word' id='word_1_134' title='bbox 745 897 773 922; x_wconf 80' lang='grc' dir='ltr'><strong>ἐν</strong></span> <span class='ocrx_word' id='word_1_135' title='bbox 789 896 903 931; x_wconf 73' lang='grc' dir='ltr'>ἑϐδόμῳ,</span> <span class='ocrx_word' id='word_1_136' title='bbox 918 883 942 914; x_wconf 76' lang='grc' dir='ltr'><strong>Β</strong></span> 
     </span>
    </p>
   </div>
   <div class='ocr_carea' id='block_1_21' title="bbox 124 942 904 979">
    <p class='ocr_par' dir='ltr' id='par_1_21' title="bbox 124 942 904 979">
     <span class='ocr_line' id='line_1_21' title="bbox 124 942 904 979; baseline 0.001 -11"><span class='ocrx_word' id='word_1_137' title='bbox 124 942 208 969; x_wconf 81' lang='grc' dir='ltr'>πάλιν</span> <span class='ocrx_word' id='word_1_138' title='bbox 234 943 262 968; x_wconf 82' lang='grc' dir='ltr'><strong>ὲν</strong></span> <span class='ocrx_word' id='word_1_139' title='bbox 287 942 371 977; x_wconf 76' lang='grc' dir='ltr'>ὀγδόῳ</span> <span class='ocrx_word' id='word_1_140' title='bbox 393 943 459 978; x_wconf 75' lang='grc' dir='ltr'>φησὶ</span> <span class='ocrx_word' id='word_1_141' title='bbox 486 943 535 979; x_wconf 79' lang='grc' dir='ltr'>τὴν</span> <span class='ocrx_word' id='word_1_142' title='bbox 564 943 662 977; x_wconf 80' lang='grc' dir='ltr'>ἄρκτον</span> <span class='ocrx_word' id='word_1_143' title='bbox 688 943 817 969; x_wconf 75' lang='grc' dir='ltr'>ἐντίκτειν</span> <span class='ocrx_word' id='word_1_144' title='bbox 841 943 904 978; x_wconf 76' lang='grc' dir='ltr'>περὶ</span> 
     </span>
    </p>
   </div>
   <div class='ocr_carea' id='block_1_22' title="bbox 123 986 905 1024">
    <p class='ocr_par' dir='ltr' id='par_1_22' title="bbox 123 986 905 1024">
     <span class='ocr_line' id='line_1_22' title="bbox 123 986 905 1024; baseline 0 -10"><span class='ocrx_word' id='word_1_145' title='bbox 123 988 219 1014; x_wconf 76' lang='grc' dir='ltr'>τοῦτον</span> <span class='ocrx_word' id='word_1_146' title='bbox 235 988 279 1014; x_wconf 81' lang='grc' dir='ltr'><strong>τὸν</strong></span> <span class='ocrx_word' id='word_1_147' title='bbox 295 988 400 1023; x_wconf 72' lang='grc' dir='ltr'>καιρὸν,</span> <span class='ocrx_word' id='word_1_148' title='bbox 412 988 458 1014; x_wconf 70' lang='grc' dir='ltr'>καὶ</span> <span class='ocrx_word' id='word_1_149' title='bbox 475 988 571 1022; x_wconf 84' lang='grc' dir='ltr'>φωλεῖν</span> <span class='ocrx_word' id='word_1_150' title='bbox 588 988 640 1019; x_wconf 79' lang='grc' dir='ltr'>ἕως</span> <span class='ocrx_word' id='word_1_151' title='bbox 652 988 684 1015; x_wconf 77' lang='grc' dir='ltr'><strong>ἂν</strong></span> <span class='ocrx_word' id='word_1_152' title='bbox 698 987 755 1024; x_wconf 84' lang='grc' dir='ltr'>ὥρα</span> <span class='ocrx_word' id='word_1_153' title='bbox 770 986 905 1024; x_wconf 79' lang='grc' dir='ltr'>ᾗὲξάγειν</span> 
     </span>
    </p>
   </div>
   <div class='ocr_carea' id='block_1_23' title="bbox 124 1033 905 1069">
    <p class='ocr_par' dir='ltr' id='par_1_23' title="bbox 124 1033 905 1069">
     <span class='ocr_line' id='line_1_23' title="bbox 124 1033 905 1069; baseline -0.003 -8"><span class='ocrx_word' id='word_1_154' title='bbox 124 1034 189 1064; x_wconf 69' lang='grc' dir='ltr'>τοὺς</span> <span class='ocrx_word' id='word_1_155' title='bbox 201 1033 334 1068; x_wconf 81' lang='grc' dir='ltr'>σκύμνους</span> <span class='ocrx_word' id='word_1_156' title='bbox 344 1041 351 1048; x_wconf 80' lang='grc'><strong><em>⁸</em></strong></span> <span class='ocrx_word' id='word_1_157' title='bbox 365 1033 442 1059; x_wconf 82' lang='grc' dir='ltr'>τοῦτο</span> <span class='ocrx_word' id='word_1_158' title='bbox 455 1033 483 1059; x_wconf 84' lang='grc' dir='ltr'>δὲ</span> <span class='ocrx_word' id='word_1_159' title='bbox 496 1035 580 1060; x_wconf 74' lang='grc' dir='ltr'>ποιεῖν</span> <span class='ocrx_word' id='word_1_160' title='bbox 590 1033 636 1059; x_wconf 76' lang='grc' dir='ltr'>τοῦ</span> <span class='ocrx_word' id='word_1_161' title='bbox 648 1033 726 1068; x_wconf 76' lang='grc' dir='ltr'>ἔαρος</span> <span class='ocrx_word' id='word_1_162' title='bbox 739 1034 803 1068; x_wconf 77' lang='grc' dir='ltr'>περὶ</span> <span class='ocrx_word' id='word_1_163' title='bbox 816 1034 905 1069; x_wconf 88' lang='grc' dir='ltr'>τρίτον</span> 
     </span>
    </p>
   </div>
   <div class='ocr_carea' id='block_1_24' title="bbox 126 1079 904 1115">
    <p class='ocr_par' dir='ltr' id='par_1_24' title="bbox 126 1079 904 1115">
     <span class='ocr_line' id='line_1_24' title="bbox 126 1079 904 1115; baseline 0.001 -10"><span class='ocrx_word' id='word_1_164' title='bbox 126 1079 200 1114; x_wconf 79' lang='grc' dir='ltr'>μῆνα</span> <span class='ocrx_word' id='word_1_165' title='bbox 211 1079 263 1105; x_wconf 77' lang='grc' dir='ltr'><strong>ἀπὸ</strong></span> <span class='ocrx_word' id='word_1_166' title='bbox 279 1079 332 1105; x_wconf 91' lang='grc' dir='ltr'><strong>τῶν</strong></span> <span class='ocrx_word' id='word_1_167' title='bbox 348 1079 464 1114; x_wconf 80' lang='grc' dir='ltr'>τροπῶν.</span> <span class='ocrx_word' id='word_1_168' title='bbox 475 1080 548 1105; x_wconf 74' lang='grc' dir='ltr'>Ὥστ⁴</span> <span class='ocrx_word' id='word_1_169' title='bbox 561 1080 643 1106; x_wconf 76' lang='grc' dir='ltr'>ἐάντε</span> <span class='ocrx_word' id='word_1_170' title='bbox 659 1080 760 1106; x_wconf 82' lang='grc' dir='ltr'>τίκτειν</span> <span class='ocrx_word' id='word_1_171' title='bbox 776 1080 829 1106; x_wconf 83' lang='grc' dir='ltr'><strong>ἀπὸ</strong></span> <span class='ocrx_word' id='word_1_172' title='bbox 842 1088 904 1115; x_wconf 87' lang='grc' dir='ltr'>τρο-</span> 
     </span>
    </p>
   </div>
   <div class='ocr_carea' id='block_1_25' title="bbox 124 1124 905 1160">
    <p class='ocr_par' dir='ltr' id='par_1_25' title="bbox 124 1124 905 1160">
     <span class='ocr_line' id='line_1_25' title="bbox 124 1124 905 1160; baseline 0 -9"><span class='ocrx_word' id='word_1_173' title='bbox 124 1124 184 1151; x_wconf 83' lang='grc' dir='ltr'><strong>πῶν</strong></span> <span class='ocrx_word' id='word_1_174' title='bbox 207 1124 369 1159; x_wconf 79' lang='grc' dir='ltr'>χειμερινῶν</span> <span class='ocrx_word' id='word_1_175' title='bbox 385 1125 448 1160; x_wconf 78' lang='grc' dir='ltr'>περὶ</span> <span class='ocrx_word' id='word_1_176' title='bbox 465 1126 555 1160; x_wconf 84' lang='grc' dir='ltr'>τρίτον</span> <span class='ocrx_word' id='word_1_177' title='bbox 574 1125 661 1160; x_wconf 75' lang='grc' dir='ltr'>μῆνα,</span> <span class='ocrx_word' id='word_1_178' title='bbox 679 1126 725 1151; x_wconf 78' lang='grc' dir='ltr'>ἐάν</span> <span class='ocrx_word' id='word_1_179' title='bbox 746 1134 775 1151; x_wconf 88' lang='grc' dir='ltr'><strong>τε</strong></span> <span class='ocrx_word' id='word_1_180' title='bbox 799 1125 905 1159; x_wconf 76' lang='grc' dir='ltr'>ἐξάγειν</span> 
     </span>
    </p>
   </div>
   <div class='ocr_carea' id='block_1_26' title="bbox 123 1170 903 1207">
    <p class='ocr_par' dir='ltr' id='par_1_26' title="bbox 123 1170 903 1207">
     <span class='ocr_line' id='line_1_26' title="bbox 123 1170 903 1207; baseline 0.001 -11"><span class='ocrx_word' id='word_1_181' title='bbox 123 1170 178 1197; x_wconf 78' lang='grc' dir='ltr'><strong>ἀπὸ</strong></span> <span class='ocrx_word' id='word_1_182' title='bbox 202 1170 312 1205; x_wconf 79' lang='grc' dir='ltr'>ἐαρινῆς</span> <span class='ocrx_word' id='word_1_183' title='bbox 340 1170 483 1205; x_wconf 75' lang='grc' dir='ltr'>ἰσημερίας</span> <span class='ocrx_word' id='word_1_184' title='bbox 509 1171 572 1205; x_wconf 77' lang='grc' dir='ltr'>περὶ</span> <span class='ocrx_word' id='word_1_185' title='bbox 595 1171 685 1205; x_wconf 81' lang='grc' dir='ltr'>τρίτον</span> <span class='ocrx_word' id='word_1_186' title='bbox 708 1171 816 1197; x_wconf 82' lang='grc' dir='ltr'>ἀκούειν</span> <span class='ocrx_word' id='word_1_187' title='bbox 842 1172 903 1207; x_wconf 83' lang='grc' dir='ltr'>δέῃ·</span> 
     </span>
    </p>
   </div>
   <div class='ocr_carea' id='block_1_27' title="bbox 122 1215 905 1252">
    <p class='ocr_par' dir='ltr' id='par_1_27' title="bbox 122 1215 905 1252">
     <span class='ocr_line' id='line_1_27' title="bbox 122 1215 905 1252; baseline 0.001 -10"><span class='ocrx_word' id='word_1_188' title='bbox 122 1217 184 1242; x_wconf 89' lang='grc' dir='ltr'>κατ’</span> <span class='ocrx_word' id='word_1_189' title='bbox 199 1215 281 1250; x_wconf 69' lang='grc' dir='ltr'><strong>ἄμφω</strong></span> <span class='ocrx_word' id='word_1_190' title='bbox 295 1215 323 1242; x_wconf 78' lang='grc' dir='ltr'>δὲ</span> <span class='ocrx_word' id='word_1_191' title='bbox 339 1216 383 1242; x_wconf 83' lang='grc' dir='ltr'><strong>τὸν</strong></span> <span class='ocrx_word' id='word_1_192' title='bbox 402 1217 615 1250; x_wconf 53' lang='grc' dir='ltr'>Ἐλαςηεολιῶνά</span> <span class='ocrx_word' id='word_1_193' title='bbox 627 1225 657 1250; x_wconf 73' lang='grc' dir='ltr'><strong>γε</strong></span> <span class='ocrx_word' id='word_1_194' title='bbox 672 1218 742 1252; x_wconf 84' lang='grc' dir='ltr'>μῆνα</span> <span class='ocrx_word' id='word_1_195' title='bbox 756 1217 905 1244; x_wconf 83' lang='grc' dir='ltr'>τελευταῖον</span> 
     </span>
    </p>
   </div>
   <div class='ocr_carea' id='block_1_28' title="bbox 123 1259 905 1298">
    <p class='ocr_par' dir='ltr' id='par_1_28' title="bbox 123 1259 905 1298">
     <span class='ocr_line' id='line_1_28' title="bbox 123 1259 905 1298; baseline 0.003 -11"><span class='ocrx_word' id='word_1_196' title='bbox 123 1259 195 1288; x_wconf 80' lang='grc' dir='ltr'>εἶναι</span> <span class='ocrx_word' id='word_1_197' title='bbox 209 1262 262 1288; x_wconf 85' lang='grc' dir='ltr'><strong>τῶν</strong></span> <span class='ocrx_word' id='word_1_198' title='bbox 279 1262 438 1297; x_wconf 79' lang='grc' dir='ltr'>χειμερινῶν</span> <span class='ocrx_word' id='word_1_199' title='bbox 461 1264 506 1288; x_wconf 79' lang='grc' dir='ltr'><strong>καὶ</strong></span> <span class='ocrx_word' id='word_1_200' title='bbox 520 1262 610 1298; x_wconf 88' lang='grc' dir='ltr'>τρίτον</span> <span class='ocrx_word' id='word_1_201' title='bbox 631 1263 781 1297; x_wconf 79' lang='grc' dir='ltr'>συμϐαίνει.</span> <span class='ocrx_word' id='word_1_202' title='bbox 798 1262 905 1289; x_wconf 88' lang='grc' dir='ltr'>Τίκτειν</span> 
     </span>
    </p>
   </div>
   <div class='ocr_carea' id='block_1_29' title="bbox 124 1308 905 1343">
    <p class='ocr_par' dir='ltr' id='par_1_29' title="bbox 124 1308 905 1343">
     <span class='ocr_line' id='line_1_29' title="bbox 124 1308 905 1343; baseline 0.001 -9"><span class='ocrx_word' id='word_1_203' title='bbox 124 1308 180 1343; x_wconf 75' lang='grc' dir='ltr'><strong>γάρ</strong></span> <span class='ocrx_word' id='word_1_204' title='bbox 194 1316 259 1342; x_wconf 83' lang='grc' dir='ltr'>φησι</span> <span class='ocrx_word' id='word_1_205' title='bbox 277 1309 340 1343; x_wconf 78' lang='grc' dir='ltr'>περὶ</span> <span class='ocrx_word' id='word_1_206' title='bbox 356 1308 384 1335; x_wconf 73' lang='grc' dir='ltr'>ὃν</span> <span class='ocrx_word' id='word_1_207' title='bbox 403 1310 496 1343; x_wconf 72' lang='grc' dir='ltr'>καιρὸν</span> <span class='ocrx_word' id='word_1_208' title='bbox 522 1309 636 1343; x_wconf 73' lang='grc' dir='ltr'>μάλιστα</span> <span class='ocrx_word' id='word_1_209' title='bbox 660 1309 759 1343; x_wconf 66' lang='grc' dir='ltr'><strong>φωλεῖ·</strong></span> <span class='ocrx_word' id='word_1_210' title='bbox 779 1308 861 1343; x_wconf 75' lang='grc' dir='ltr'>φωλεῖ</span> <span class='ocrx_word' id='word_1_211' title='bbox 877 1309 905 1335; x_wconf 82' lang='grc' dir='ltr'><strong>δὲ</strong></span> 
     </span>
    </p>
   </div>
   <div class='ocr_carea' id='block_1_30' title="bbox 123 1354 906 1391">
    <p class='ocr_par' dir='ltr' id='par_1_30' title="bbox 123 1354 906 1391">
     <span class='ocr_line' id='line_1_30' title="bbox 123 1354 906 1391; baseline 0 -10"><span class='ocrx_word' id='word_1_212' title='bbox 123 1354 159 1381; x_wconf 76' lang='grc' dir='ltr'>τὰ</span> <span class='ocrx_word' id='word_1_213' title='bbox 171 1356 286 1391; x_wconf 85' lang='grc' dir='ltr'>χερσαῖα</span> <span class='ocrx_word' id='word_1_214' title='bbox 301 1355 389 1381; x_wconf 77' lang='grc' dir='ltr'>πάντα</span> <span class='ocrx_word' id='word_1_215' title='bbox 412 1355 458 1381; x_wconf 84' lang='grc' dir='ltr'>τοῦ</span> <span class='ocrx_word' id='word_1_216' title='bbox 483 1356 624 1391; x_wconf 83' lang='grc' dir='ltr'>χειμῶνος,</span> <span class='ocrx_word' id='word_1_217' title='bbox 638 1355 675 1387; x_wconf 86' lang='grc' dir='ltr'>ὡς</span> <span class='ocrx_word' id='word_1_218' title='bbox 697 1355 802 1391; x_wconf 80' lang='grc' dir='ltr'>εἴρηται</span> <span class='ocrx_word' id='word_1_219' title='bbox 819 1356 847 1381; x_wconf 81' lang='grc' dir='ltr'>ἐν</span> <span class='ocrx_word' id='word_1_220' title='bbox 866 1354 906 1389; x_wconf 84' lang='grc' dir='ltr'>τῷ</span> 
     </span>
    </p>
   </div>
   <div class='ocr_carea' id='block_1_31' title="bbox 123 1399 906 1436">
    <p class='ocr_par' dir='ltr' id='par_1_31' title="bbox 123 1399 906 1436">
     <span class='ocr_line' id='line_1_31' title="bbox 123 1399 906 1436; baseline 0.001 -11"><span class='ocrx_word' id='word_1_221' title='bbox 123 1400 221 1435; x_wconf 82' lang='grc' dir='ltr'>ὀγδόῳ.</span> <span class='ocrx_word' id='word_1_222' title='bbox 250 1400 411 1435; x_wconf 75' lang='grc' dir='ltr'>Χειμερινὸς</span> <span class='ocrx_word' id='word_1_223' title='bbox 432 1400 484 1436; x_wconf 79' lang='grc' dir='ltr'><strong>ἄρα</strong></span> <span class='ocrx_word' id='word_1_224' title='bbox 507 1401 521 1426; x_wconf 87' lang='grc' dir='ltr'>ὁ</span> <span class='ocrx_word' id='word_1_225' title='bbox 553 1399 769 1435; x_wconf 72' lang='grc' dir='ltr'>Ἐλαφηϐολιῶν,</span> <span class='ocrx_word' id='word_1_226' title='bbox 790 1400 854 1435; x_wconf 77' lang='grc' dir='ltr'>περὶ</span> <span class='ocrx_word' id='word_1_227' title='bbox 876 1399 906 1426; x_wconf 74' lang='grc' dir='ltr'>ὃν</span> 
     </span>
    </p>
   </div>
   <div class='ocr_carea' id='block_1_32' title="bbox 124 1445 905 1482">
    <p class='ocr_par' dir='ltr' id='par_1_32' title="bbox 124 1445 905 1482">
     <span class='ocr_line' id='line_1_32' title="bbox 124 1445 905 1482; baseline 0 -11"><span class='ocrx_word' id='word_1_228' title='bbox 124 1445 197 1472; x_wconf 75' lang='grc' dir='ltr'>κύει,</span> <span class='ocrx_word' id='word_1_229' title='bbox 213 1446 249 1472; x_wconf 79' lang='grc' dir='ltr'><strong>Οὐ</strong></span> <span class='ocrx_word' id='word_1_230' title='bbox 262 1446 369 1481; x_wconf 88' lang='grc' dir='ltr'>πρῶτος</span> <span class='ocrx_word' id='word_1_231' title='bbox 382 1446 420 1477; x_wconf 85' lang='grc' dir='ltr'><strong>δὲ,</strong></span> <span class='ocrx_word' id='word_1_232' title='bbox 434 1446 492 1472; x_wconf 78' lang='grc' dir='ltr'>οὐδὲ</span> <span class='ocrx_word' id='word_1_233' title='bbox 503 1445 635 1480; x_wconf 86' lang='grc' dir='ltr'>δεύτερος·</span> <span class='ocrx_word' id='word_1_234' title='bbox 648 1446 737 1481; x_wconf 82' lang='grc' dir='ltr'>τρίτος</span> <span class='ocrx_word' id='word_1_235' title='bbox 750 1445 803 1482; x_wconf 85' lang='grc' dir='ltr'>ἄρα</span> <span class='ocrx_word' id='word_1_236' title='bbox 814 1454 820 1460; x_wconf 90' lang='grc'><strong>·</strong></span> <span class='ocrx_word' id='word_1_237' title='bbox 836 1445 862 1471; x_wconf 80' lang='grc' dir='ltr'><strong>εί</strong></span> <span class='ocrx_word' id='word_1_238' title='bbox 874 1453 905 1479; x_wconf 85' lang='grc' dir='ltr'><strong>γε</strong></span> 
     </span>
    </p>
   </div>
   <div class='ocr_carea' id='block_1_33' title="bbox 124 1490 767 1526">
    <p class='ocr_par' dir='ltr' id='par_1_33' title="bbox 124 1490 767 1526">
     <span class='ocr_line' id='line_1_33' title="bbox 124 1490 767 1526; baseline -0.002 -9"><span class='ocrx_word' id='word_1_239' title='bbox 124 1493 202 1526; x_wconf 84' lang='grc' dir='ltr'>τρεῖς</span> <span class='ocrx_word' id='word_1_240' title='bbox 217 1492 280 1526; x_wconf 76' lang='grc' dir='ltr'>περὶ</span> <span class='ocrx_word' id='word_1_241' title='bbox 294 1491 412 1525; x_wconf 74' lang='grc' dir='ltr'>ἑκάστην</span> <span class='ocrx_word' id='word_1_242' title='bbox 429 1491 482 1517; x_wconf 87' lang='grc' dir='ltr'><strong>τῶν</strong></span> <span class='ocrx_word' id='word_1_243' title='bbox 496 1490 574 1526; x_wconf 85' lang='grc' dir='ltr'>ὡρῶν</span> <span class='ocrx_word' id='word_1_244' title='bbox 591 1490 673 1526; x_wconf 84' lang='grc' dir='ltr'>μῆνές</span> <span class='ocrx_word' id='word_1_245' title='bbox 690 1491 767 1516; x_wconf 83' lang='grc' dir='ltr'>εἰσιν.</span> 
     </span>
    </p>
   </div>
   <div class='ocr_carea' id='block_1_34' title="bbox 956 260 1729 296">
    <p class='ocr_par' dir='ltr' id='par_1_34' title="bbox 956 260 1729 296">
     <span class='ocr_line' id='line_1_34' title="bbox 956 260 1729 296; baseline 0.003 -10"><span class='ocrx_word' id='word_1_246' title='bbox 956 260 1066 295; x_wconf 85' lang='lat' dir='ltr'><strong>cydides</strong></span> <span class='ocrx_word' id='word_1_247' title='bbox 1079 261 1199 289; x_wconf 63' lang='lat' dir='ltr'><strong>historiae</strong></span> <span class='ocrx_word' id='word_1_248' title='bbox 1210 262 1278 288; x_wconf 90' lang='lat' dir='ltr'><strong>libro</strong></span> <span class='ocrx_word' id='word_1_249' title='bbox 1289 266 1385 296; x_wconf 89' lang='lat' dir='ltr'><strong>quarto</strong></span> <span class='ocrx_word' id='word_1_250' title='bbox 1399 262 1522 289; x_wconf 80' lang='lat' dir='ltr'><strong>inducias</strong></span> <span class='ocrx_word' id='word_1_251' title='bbox 1538 269 1642 290; x_wconf 81' lang='lat' dir='ltr'><strong>annuas</strong></span> <span class='ocrx_word' id='word_1_252' title='bbox 1660 261 1729 288; x_wconf 90' lang='lat' dir='ltr'><strong>inter</strong></span> 
     </span>
    </p>
   </div>
   <div class='ocr_carea' id='block_1_35' title="bbox 955 305 1730 341">
    <p class='ocr_par' dir='ltr' id='par_1_35' title="bbox 955 305 1730 341">
     <span class='ocr_line' id='line_1_35' title="bbox 955 305 1730 341; baseline 0.004 -10"><span class='ocrx_word' id='word_1_253' title='bbox 955 305 1136 334; x_wconf 82' lang='lat' dir='ltr'><strong>Athenienses</strong></span> <span class='ocrx_word' id='word_1_254' title='bbox 1153 306 1425 341; x_wconf 73' lang='lat' dir='ltr'><strong>Lacedaemoniosque</strong></span> <span class='ocrx_word' id='word_1_255' title='bbox 1446 306 1549 339; x_wconf 77' lang='lat' dir='ltr'><strong>factas,</strong></span> <span class='ocrx_word' id='word_1_256' title='bbox 1574 314 1644 334; x_wconf 87' lang='lat' dir='ltr'><strong>anno</strong></span> <span class='ocrx_word' id='word_1_257' title='bbox 1666 307 1730 334; x_wconf 83' lang='lat' dir='ltr'><strong>belli</strong></span> 
     </span>
    </p>
   </div>
   <div class='ocr_carea' id='block_1_36' title="bbox 954 352 1730 387">
    <p class='ocr_par' dir='ltr' id='par_1_36' title="bbox 954 352 1730 387">
     <span class='ocr_line' id='line_1_36' title="bbox 954 352 1730 387; baseline 0.003 -10"><span class='ocrx_word' id='word_1_258' title='bbox 954 356 1049 378; x_wconf 77' lang='lat' dir='ltr'><strong>octavo</strong></span> <span class='ocrx_word' id='word_1_259' title='bbox 1068 353 1230 385; x_wconf 82' lang='lat' dir='ltr'><strong>excedente,</strong></span> <span class='ocrx_word' id='word_1_260' title='bbox 1253 353 1355 381; x_wconf 84' lang='lat' dir='ltr'><strong>mensis</strong></span> <span class='ocrx_word' id='word_1_261' title='bbox 1375 352 1595 387; x_wconf 85' lang='lat' dir='ltr'><strong>Elaphebolionis</strong></span> <span class='ocrx_word' id='word_1_262' title='bbox 1619 356 1730 386; x_wconf 79' lang='lat' dir='ltr'><strong>quarto—</strong></span> 
     </span>
    </p>
   </div>
   <div class='ocr_carea' id='block_1_37' title="bbox 954 397 1729 434">
    <p class='ocr_par' dir='ltr' id='par_1_37' title="bbox 954 397 1729 434">
     <span class='ocr_line' id='line_1_37' title="bbox 954 397 1729 434; baseline 0 -11"><span class='ocrx_word' id='word_1_263' title='bbox 954 397 1061 424; x_wconf 77' lang='lat' dir='ltr'><strong>decimo</strong></span> <span class='ocrx_word' id='word_1_264' title='bbox 1079 398 1122 425; x_wconf 88' lang='lat' dir='ltr'><strong>die</strong></span> <span class='ocrx_word' id='word_1_265' title='bbox 1144 403 1237 434; x_wconf 86' lang='lat' dir='ltr'><strong>pactas</strong></span> <span class='ocrx_word' id='word_1_266' title='bbox 1260 407 1319 426; x_wconf 86' lang='lat' dir='ltr'><strong>esse</strong></span> <span class='ocrx_word' id='word_1_267' title='bbox 1344 399 1428 430; x_wconf 91' lang='lat' dir='ltr'><strong>dicit,</strong></span> <span class='ocrx_word' id='word_1_268' title='bbox 1450 403 1476 425; x_wconf 87' lang='lat' dir='ltr'><strong>et</strong></span> <span class='ocrx_word' id='word_1_269' title='bbox 1499 398 1607 425; x_wconf 85' lang='lat' dir='ltr'><strong>easdem</strong></span> <span class='ocrx_word' id='word_1_270' title='bbox 1635 401 1729 425; x_wconf 83' lang='lat' dir='ltr'><strong>exacta</strong></span> 
     </span>
    </p>
   </div>
   <div class='ocr_carea' id='block_1_38' title="bbox 955 443 1729 477">
    <p class='ocr_par' dir='ltr' id='par_1_38' title="bbox 955 443 1729 477">
     <span class='ocr_line' id='line_1_38' title="bbox 955 443 1729 477; baseline 0 -8"><span class='ocrx_word' id='word_1_271' title='bbox 955 444 1064 477; x_wconf 87' lang='lat' dir='ltr'><strong>quidem</strong></span> <span class='ocrx_word' id='word_1_272' title='bbox 1083 444 1188 476; x_wconf 70' lang='lat' dir='ltr'><strong>hieme,</strong></span> <span class='ocrx_word' id='word_1_273' title='bbox 1205 446 1315 472; x_wconf 87' lang='lat' dir='ltr'><strong>ineunte</strong></span> <span class='ocrx_word' id='word_1_274' title='bbox 1330 445 1410 471; x_wconf 85' lang='lat' dir='ltr'><strong>simul</strong></span> <span class='ocrx_word' id='word_1_275' title='bbox 1426 452 1488 471; x_wconf 89' lang='lat' dir='ltr'><strong>vere</strong></span> <span class='ocrx_word' id='word_1_276' title='bbox 1510 444 1612 470; x_wconf 65' lang='lat' dir='ltr'><strong>aastatis</strong></span> <span class='ocrx_word' id='word_1_277' title='bbox 1632 443 1729 469; x_wconf 73' lang='lat' dir='ltr'><strong>subse-</strong></span> 
     </span>
    </p>
   </div>
   <div class='ocr_carea' id='block_1_39' title="bbox 954 488 1730 525">
    <p class='ocr_par' dir='ltr' id='par_1_39' title="bbox 954 488 1730 525">
     <span class='ocr_line' id='line_1_39' title="bbox 954 488 1730 525; baseline -0.003 -9"><span class='ocrx_word' id='word_1_278' title='bbox 954 490 1063 524; x_wconf 85' lang='lat' dir='ltr'><strong>quentis</strong></span> <span class='ocrx_word' id='word_1_279' title='bbox 1080 490 1228 517; x_wconf 77' lang='lat' dir='ltr'><strong>confectas.</strong></span> <span class='ocrx_word' id='word_1_280' title='bbox 1247 490 1278 517; x_wconf 85' lang='lat' dir='ltr'><strong>Et</strong></span> <span class='ocrx_word' id='word_1_281' title='bbox 1295 491 1374 518; x_wconf 85' lang='lat' dir='ltr'><strong>etiam</strong></span> <span class='ocrx_word' id='word_1_282' title='bbox 1393 491 1419 517; x_wconf 91' lang='lat' dir='ltr'><strong>in</strong></span> <span class='ocrx_word' id='word_1_283' title='bbox 1436 491 1529 525; x_wconf 82' lang='lat' dir='ltr'><strong>quinto</strong></span> <span class='ocrx_word' id='word_1_284' title='bbox 1549 489 1669 523; x_wconf 82' lang='lat' dir='ltr'><strong>ejusdem</strong></span> <span class='ocrx_word' id='word_1_285' title='bbox 1688 488 1730 514; x_wconf 90' lang='lat' dir='ltr'><strong>hi-</strong></span> 
     </span>
    </p>
   </div>
   <div class='ocr_carea' id='block_1_40' title="bbox 955 534 1730 571">
    <p class='ocr_par' dir='ltr' id='par_1_40' title="bbox 955 534 1730 571">
     <span class='ocr_line' id='line_1_40' title="bbox 955 534 1730 571; baseline -0.001 -10"><span class='ocrx_word' id='word_1_286' title='bbox 955 536 1063 567; x_wconf 58' lang='lat' dir='ltr'><strong>storiae,</strong></span> <span class='ocrx_word' id='word_1_287' title='bbox 1080 536 1234 570; x_wconf 62' lang='lat' dir='ltr'><strong>praefectum</strong></span> <span class='ocrx_word' id='word_1_288' title='bbox 1251 541 1358 571; x_wconf 81' lang='lat' dir='ltr'><strong>gerente</strong></span> <span class='ocrx_word' id='word_1_289' title='bbox 1381 536 1492 563; x_wconf 77' lang='lat' dir='ltr'><strong>Athenis</strong></span> <span class='ocrx_word' id='word_1_290' title='bbox 1515 536 1603 562; x_wconf 67' lang='lat' dir='ltr'><strong>Alcaeo</strong></span> <span class='ocrx_word' id='word_1_291' title='bbox 1629 534 1730 560; x_wconf 71' lang='lat' dir='ltr'><strong>fmdera</strong></span> 
     </span>
    </p>
   </div>
   <div class='ocr_carea' id='block_1_41' title="bbox 954 580 1731 616">
    <p class='ocr_par' dir='ltr' id='par_1_41' title="bbox 954 580 1731 616">
     <span class='ocr_line' id='line_1_41' title="bbox 954 580 1731 616; baseline -0.001 -9"><span class='ocrx_word' id='word_1_292' title='bbox 954 589 1084 615; x_wconf 81' lang='lat' dir='ltr'><strong>percussa</strong></span> <span class='ocrx_word' id='word_1_293' title='bbox 1109 590 1170 609; x_wconf 88' lang='lat' dir='ltr'><strong>esse</strong></span> <span class='ocrx_word' id='word_1_294' title='bbox 1190 581 1273 613; x_wconf 84' lang='lat' dir='ltr'><strong>dicit,</strong></span> <span class='ocrx_word' id='word_1_295' title='bbox 1297 582 1399 609; x_wconf 82' lang='lat' dir='ltr'><strong>mensis</strong></span> <span class='ocrx_word' id='word_1_296' title='bbox 1414 580 1632 616; x_wconf 75' lang='lat' dir='ltr'><strong>Elaphebolionis</strong></span> <span class='ocrx_word' id='word_1_297' title='bbox 1653 583 1731 607; x_wconf 85' lang='lat' dir='ltr'><strong>sexto</strong></span> 
     </span>
    </p>
   </div>
   <div class='ocr_carea' id='block_1_42' title="bbox 955 625 1730 661">
    <p class='ocr_par' dir='ltr' id='par_1_42' title="bbox 955 625 1730 661">
     <span class='ocr_line' id='line_1_42' title="bbox 955 625 1730 661; baseline 0 -10"><span class='ocrx_word' id='word_1_298' title='bbox 955 630 1016 652; x_wconf 86' lang='lat' dir='ltr'><strong>ante</strong></span> <span class='ocrx_word' id='word_1_299' title='bbox 1032 625 1111 652; x_wconf 75' lang='lat' dir='ltr'><strong>tinum</strong></span> <span class='ocrx_word' id='word_1_300' title='bbox 1127 626 1184 658; x_wconf 89' lang='lat' dir='ltr'><strong>die,</strong></span> <span class='ocrx_word' id='word_1_301' title='bbox 1201 627 1282 661; x_wconf 89' lang='lat' dir='ltr'><strong>idque</strong></span> <span class='ocrx_word' id='word_1_302' title='bbox 1296 626 1346 653; x_wconf 86' lang='lat' dir='ltr'><strong>sub</strong></span> <span class='ocrx_word' id='word_1_303' title='bbox 1363 627 1460 653; x_wconf 86' lang='lat' dir='ltr'><strong>hiemis</strong></span> <span class='ocrx_word' id='word_1_304' title='bbox 1474 629 1626 653; x_wconf 76' lang='lat' dir='ltr'><strong>extremum</strong></span> <span class='ocrx_word' id='word_1_305' title='bbox 1641 629 1667 651; x_wconf 88' lang='lat' dir='ltr'><strong>et</strong></span> <span class='ocrx_word' id='word_1_306' title='bbox 1683 632 1730 651; x_wconf 91' lang='lat' dir='ltr'><strong>ve-</strong></span> 
     </span>
    </p>
   </div>
   <div class='ocr_carea' id='block_1_43' title="bbox 954 670 1730 698">
    <p class='ocr_par' dir='ltr' id='par_1_43' title="bbox 954 670 1730 698">
     <span class='ocr_line' id='line_1_43' title="bbox 954 670 1730 698; baseline 0 -2"><span class='ocrx_word' id='word_1_307' title='bbox 954 670 993 696; x_wconf 93' lang='lat' dir='ltr'><strong>ris</strong></span> <span class='ocrx_word' id='word_1_308' title='bbox 1005 670 1121 697; x_wconf 90' lang='lat' dir='ltr'><strong>initium.</strong></span> <span class='ocrx_word' id='word_1_309' title='bbox 1135 671 1270 698; x_wconf 68' lang='lat' dir='ltr'><strong>Praeterea</strong></span> <span class='ocrx_word' id='word_1_310' title='bbox 1283 678 1345 698; x_wconf 88' lang='lat' dir='ltr'><strong>vero</strong></span> <span class='ocrx_word' id='word_1_311' title='bbox 1359 671 1455 698; x_wconf 84' lang='lat' dir='ltr'><strong>scribit</strong></span> <span class='ocrx_word' id='word_1_312' title='bbox 1470 670 1628 697; x_wconf 82' lang='lat' dir='ltr'><strong>Aristoteles</strong></span> <span class='ocrx_word' id='word_1_313' title='bbox 1640 677 1730 696; x_wconf 90' lang='lat' dir='ltr'><strong>ursam</strong></span> 
     </span>
    </p>
   </div>
   <div class='ocr_carea' id='block_1_44' title="bbox 956 715 1731 751">
    <p class='ocr_par' dir='ltr' id='par_1_44' title="bbox 956 715 1731 751">
     <span class='ocr_line' id='line_1_44' title="bbox 956 715 1731 751; baseline -0.001 -9"><span class='ocrx_word' id='word_1_314' title='bbox 956 716 1030 743; x_wconf 86' lang='lat' dir='ltr'><strong>coire</strong></span> <span class='ocrx_word' id='word_1_315' title='bbox 1047 724 1140 744; x_wconf 83' lang='lat' dir='ltr'><strong>mense</strong></span> <span class='ocrx_word' id='word_1_316' title='bbox 1157 716 1380 751; x_wconf 84' lang='lat' dir='ltr'><strong>Elaphebolione,</strong></span> <span class='ocrx_word' id='word_1_317' title='bbox 1403 716 1527 751; x_wconf 77' lang='lat' dir='ltr'><strong>ferreque</strong></span> <span class='ocrx_word' id='word_1_318' title='bbox 1549 719 1656 742; x_wconf 78' lang='lat' dir='ltr'><strong>uterum</strong></span> <span class='ocrx_word' id='word_1_319' title='bbox 1673 715 1731 742; x_wconf 89' lang='lat' dir='ltr'><strong>dies</strong></span> 
     </span>
    </p>
   </div>
   <div class='ocr_carea' id='block_1_45' title="bbox 955 762 1733 797">
    <p class='ocr_par' dir='ltr' id='par_1_45' title="bbox 955 762 1733 797">
     <span class='ocr_line' id='line_1_45' title="bbox 955 762 1733 797; baseline 0 -9"><span class='ocrx_word' id='word_1_320' title='bbox 955 762 1065 796; x_wconf 78' lang='lat' dir='ltr'><strong>triginta</strong></span> <span class='ocrx_word' id='word_1_321' title='bbox 1077 782 1084 794; x_wconf 92' lang='lat'><strong>,</strong></span> <span class='ocrx_word' id='word_1_322' title='bbox 1098 767 1124 790; x_wconf 90' lang='lat' dir='ltr'><strong>et</strong></span> <span class='ocrx_word' id='word_1_323' title='bbox 1137 770 1233 797; x_wconf 81' lang='lat' dir='ltr'><strong>parere</strong></span> <span class='ocrx_word' id='word_1_324' title='bbox 1248 771 1280 790; x_wconf 90' lang='lat' dir='ltr'><strong>eo</strong></span> <span class='ocrx_word' id='word_1_325' title='bbox 1294 767 1412 797; x_wconf 84' lang='lat' dir='ltr'><strong>tempore</strong></span> <span class='ocrx_word' id='word_1_326' title='bbox 1426 770 1480 797; x_wconf 92' lang='lat' dir='ltr'><strong>quo</strong></span> <span class='ocrx_word' id='word_1_327' title='bbox 1494 763 1577 794; x_wconf 80' lang='lat' dir='ltr'><strong>latet;</strong></span> <span class='ocrx_word' id='word_1_328' title='bbox 1594 769 1655 788; x_wconf 92' lang='lat' dir='ltr'><strong>cum</strong></span> <span class='ocrx_word' id='word_1_329' title='bbox 1669 768 1733 788; x_wconf 88' lang='lat' dir='ltr'><strong>vero</strong></span> 
     </span>
    </p>
   </div>
   <div class='ocr_carea' id='block_1_46' title="bbox 957 808 1730 843">
    <p class='ocr_par' dir='ltr' id='par_1_46' title="bbox 957 808 1730 843">
     <span class='ocr_line' id='line_1_46' title="bbox 957 808 1730 843; baseline 0 -9"><span class='ocrx_word' id='word_1_330' title='bbox 957 809 1059 843; x_wconf 85' lang='lat' dir='ltr'><strong>prolem</strong></span> <span class='ocrx_word' id='word_1_331' title='bbox 1086 809 1245 840; x_wconf 86' lang='lat' dir='ltr'><strong>enutrierit,</strong></span> <span class='ocrx_word' id='word_1_332' title='bbox 1271 809 1344 836; x_wconf 78' lang='lat' dir='ltr'><strong>exire</strong></span> <span class='ocrx_word' id='word_1_333' title='bbox 1369 816 1461 836; x_wconf 85' lang='lat' dir='ltr'><strong>mense</strong></span> <span class='ocrx_word' id='word_1_334' title='bbox 1474 808 1528 843; x_wconf 90' lang='lat' dir='ltr'><strong>jam</strong></span> <span class='ocrx_word' id='word_1_335' title='bbox 1543 809 1617 835; x_wconf 80' lang='lat' dir='ltr'><strong>veris</strong></span> <span class='ocrx_word' id='word_1_336' title='bbox 1638 808 1730 834; x_wconf 76' lang='lat' dir='ltr'><strong>tertio.</strong></span> 
     </span>
    </p>
   </div>
   <div class='ocr_carea' id='block_1_47' title="bbox 957 853 1730 888">
    <p class='ocr_par' dir='ltr' id='par_1_47' title="bbox 957 853 1730 888">
     <span class='ocr_line' id='line_1_47' title="bbox 957 853 1730 888; baseline 0 -9"><span class='ocrx_word' id='word_1_337' title='bbox 957 853 1072 888; x_wconf 66' lang='lat' dir='ltr'><strong>Haecque</strong></span> <span class='ocrx_word' id='word_1_338' title='bbox 1086 854 1165 881; x_wconf 90' lang='lat' dir='ltr'><strong>hahet</strong></span> <span class='ocrx_word' id='word_1_339' title='bbox 1176 854 1202 880; x_wconf 92' lang='lat' dir='ltr'><strong>in</strong></span> <span class='ocrx_word' id='word_1_340' title='bbox 1216 853 1465 888; x_wconf 79' lang='lat' dir='ltr'><strong>septimo.Rursum</strong></span> <span class='ocrx_word' id='word_1_341' title='bbox 1478 854 1504 880; x_wconf 88' lang='lat' dir='ltr'><strong>in</strong></span> <span class='ocrx_word' id='word_1_342' title='bbox 1517 857 1612 880; x_wconf 85' lang='lat' dir='ltr'><strong>octavo</strong></span> <span class='ocrx_word' id='word_1_343' title='bbox 1625 853 1730 888; x_wconf 85' lang='lat' dir='ltr'><strong>inquit,</strong></span> 
     </span>
    </p>
   </div>
   <div class='ocr_carea' id='block_1_48' title="bbox 956 899 1730 934">
    <p class='ocr_par' dir='ltr' id='par_1_48' title="bbox 956 899 1730 934">
     <span class='ocr_line' id='line_1_48' title="bbox 956 899 1730 934; baseline 0 -9"><span class='ocrx_word' id='word_1_344' title='bbox 956 906 987 926; x_wconf 88' lang='lat' dir='ltr'><strong>eo</strong></span> <span class='ocrx_word' id='word_1_345' title='bbox 1005 903 1125 933; x_wconf 85' lang='lat' dir='ltr'><strong>tempore</strong></span> <span class='ocrx_word' id='word_1_346' title='bbox 1141 907 1232 926; x_wconf 84' lang='lat' dir='ltr'><strong>ursam</strong></span> <span class='ocrx_word' id='word_1_347' title='bbox 1248 899 1334 931; x_wconf 89' lang='lat' dir='ltr'><strong>eniti,</strong></span> <span class='ocrx_word' id='word_1_348' title='bbox 1356 899 1504 934; x_wconf 88' lang='lat' dir='ltr'><strong>tandiuque</strong></span> <span class='ocrx_word' id='word_1_349' title='bbox 1526 899 1623 930; x_wconf 85' lang='lat' dir='ltr'><strong>latere,</strong></span> <span class='ocrx_word' id='word_1_350' title='bbox 1642 899 1730 933; x_wconf 84' lang='lat' dir='ltr'><strong>quoad</strong></span> 
     </span>
    </p>
   </div>
   <div class='ocr_carea' id='block_1_49' title="bbox 956 944 1730 979">
    <p class='ocr_par' dir='ltr' id='par_1_49' title="bbox 956 944 1730 979">
     <span class='ocr_line' id='line_1_49' title="bbox 956 944 1730 979; baseline 0 -9"><span class='ocrx_word' id='word_1_351' title='bbox 956 949 1061 978; x_wconf 88' lang='lat' dir='ltr'><strong>tempus</strong></span> <span class='ocrx_word' id='word_1_352' title='bbox 1077 944 1129 978; x_wconf 90' lang='lat' dir='ltr'><strong>sit,</strong></span> <span class='ocrx_word' id='word_1_353' title='bbox 1146 948 1176 971; x_wconf 88' lang='lat' dir='ltr'><strong>ut</strong></span> <span class='ocrx_word' id='word_1_354' title='bbox 1192 952 1256 971; x_wconf 90' lang='lat' dir='ltr'><strong>suos</strong></span> <span class='ocrx_word' id='word_1_355' title='bbox 1273 945 1378 971; x_wconf 81' lang='lat' dir='ltr'><strong>catulos</strong></span> <span class='ocrx_word' id='word_1_356' title='bbox 1395 944 1422 971; x_wconf 89' lang='lat' dir='ltr'><strong>in</strong></span> <span class='ocrx_word' id='word_1_357' title='bbox 1439 948 1561 979; x_wconf 86' lang='lat' dir='ltr'><strong>apertum</strong></span> <span class='ocrx_word' id='word_1_358' title='bbox 1579 944 1730 978; x_wconf 73' lang='lat' dir='ltr'><strong>producat;</strong></span> 
     </span>
    </p>
   </div>
   <div class='ocr_carea' id='block_1_50' title="bbox 955 988 1730 1023">
    <p class='ocr_par' dir='ltr' id='par_1_50' title="bbox 955 988 1730 1023">
     <span class='ocr_line' id='line_1_50' title="bbox 955 988 1730 1023; baseline 0 -8"><span class='ocrx_word' id='word_1_359' title='bbox 955 989 1036 1023; x_wconf 85' lang='lat' dir='ltr'><strong>idque</strong></span> <span class='ocrx_word' id='word_1_360' title='bbox 1054 997 1138 1016; x_wconf 85' lang='lat' dir='ltr'><strong>verno</strong></span> <span class='ocrx_word' id='word_1_361' title='bbox 1153 994 1276 1023; x_wconf 85' lang='lat' dir='ltr'><strong>tempore</strong></span> <span class='ocrx_word' id='word_1_362' title='bbox 1287 1009 1293 1019; x_wconf 86' lang='lat'>.</span> <span class='ocrx_word' id='word_1_363' title='bbox 1311 997 1405 1016; x_wconf 86' lang='lat' dir='ltr'><strong>mense</strong></span> <span class='ocrx_word' id='word_1_364' title='bbox 1419 996 1434 1015; x_wconf 75' lang='grc' dir='ltr'><strong>ιι</strong></span> <span class='ocrx_word' id='word_1_365' title='bbox 1450 989 1547 1016; x_wconf 85' lang='lat' dir='ltr'><strong>bruma</strong></span> <span class='ocrx_word' id='word_1_366' title='bbox 1565 989 1644 1016; x_wconf 88' lang='lat' dir='ltr'><strong>tertio</strong></span> <span class='ocrx_word' id='word_1_367' title='bbox 1663 988 1730 1015; x_wconf 85' lang='lat' dir='ltr'><strong>ﬁeri.</strong></span> 
     </span>
    </p>
   </div>
   <div class='ocr_carea' id='block_1_51' title="bbox 956 1034 1735 1070">
    <p class='ocr_par' dir='ltr' id='par_1_51' title="bbox 956 1034 1735 1070">
     <span class='ocr_line' id='line_1_51' title="bbox 956 1034 1735 1070; baseline -0.001 -8"><span class='ocrx_word' id='word_1_368' title='bbox 956 1034 1089 1067; x_wconf 81' lang='lat' dir='ltr'><strong>Quocirca</strong></span> <span class='ocrx_word' id='word_1_369' title='bbox 1104 1035 1161 1062; x_wconf 87' lang='lat' dir='ltr'><strong>sive</strong></span> <span class='ocrx_word' id='word_1_370' title='bbox 1176 1035 1325 1062; x_wconf 87' lang='lat' dir='ltr'><strong>audiendus</strong></span> <span class='ocrx_word' id='word_1_371' title='bbox 1341 1043 1402 1062; x_wconf 92' lang='lat' dir='ltr'><strong>cum</strong></span> <span class='ocrx_word' id='word_1_372' title='bbox 1417 1035 1496 1067; x_wconf 83' lang='lat' dir='ltr'><strong>dicit,</strong></span> <span class='ocrx_word' id='word_1_373' title='bbox 1513 1042 1608 1070; x_wconf 85' lang='lat' dir='ltr'><strong>parere</strong></span> <span class='ocrx_word' id='word_1_374' title='bbox 1622 1034 1702 1061; x_wconf 85' lang='lat' dir='ltr'><strong>tertio</strong></span> <span class='ocrx_word' id='word_1_375' title='bbox 1719 1041 1735 1061; x_wconf 68' lang='grc' dir='ltr'><strong>κ</strong></span> 
     </span>
    </p>
   </div>
   <div class='ocr_carea' id='block_1_52' title="bbox 955 1079 1735 1115">
    <p class='ocr_par' dir='ltr' id='par_1_52' title="bbox 955 1079 1735 1115">
     <span class='ocr_line' id='line_1_52' title="bbox 955 1079 1735 1115; baseline -0.001 -8"><span class='ocrx_word' id='word_1_376' title='bbox 955 1080 1050 1107; x_wconf 82' lang='lat' dir='ltr'><strong>bruma</strong></span> <span class='ocrx_word' id='word_1_377' title='bbox 1076 1088 1184 1112; x_wconf 83' lang='lat' dir='ltr'><strong>mense.</strong></span> <span class='ocrx_word' id='word_1_378' title='bbox 1202 1081 1259 1107; x_wconf 72' lang='lat' dir='ltr'><strong>sive</strong></span> <span class='ocrx_word' id='word_1_379' title='bbox 1284 1088 1345 1107; x_wconf 80' lang='lat' dir='ltr'><strong>cum</strong></span> <span class='ocrx_word' id='word_1_380' title='bbox 1367 1082 1516 1115; x_wconf 82' lang='lat' dir='ltr'><strong>producere</strong></span> <span class='ocrx_word' id='word_1_381' title='bbox 1532 1087 1596 1107; x_wconf 88' lang='lat' dir='ltr'><strong>suos</strong></span> <span class='ocrx_word' id='word_1_382' title='bbox 1619 1079 1687 1107; x_wconf 87' lang='lat' dir='ltr'><strong>i&#39;etus</strong></span> <span class='ocrx_word' id='word_1_383' title='bbox 1701 1079 1735 1106; x_wconf 82' lang='lat' dir='ltr'><strong>ab</strong></span> 
     </span>
    </p>
   </div>
   <div class='ocr_carea' id='block_1_53' title="bbox 955 1124 1735 1160">
    <p class='ocr_par' dir='ltr' id='par_1_53' title="bbox 955 1124 1735 1160">
     <span class='ocr_line' id='line_1_53' title="bbox 955 1124 1735 1160; baseline -0.004 -7"><span class='ocrx_word' id='word_1_384' title='bbox 955 1126 1118 1160; x_wconf 68' lang='lat' dir='ltr'><strong>aequinoctio</strong></span> <span class='ocrx_word' id='word_1_385' title='bbox 1132 1133 1215 1152; x_wconf 85' lang='lat' dir='ltr'><strong>verno</strong></span> <span class='ocrx_word' id='word_1_386' title='bbox 1230 1126 1311 1152; x_wconf 89' lang='lat' dir='ltr'><strong>tertio</strong></span> <span class='ocrx_word' id='word_1_387' title='bbox 1324 1133 1416 1153; x_wconf 84' lang='lat' dir='ltr'><strong>mense</strong></span> <span class='ocrx_word' id='word_1_388' title='bbox 1429 1135 1436 1158; x_wconf 90' lang='lat'>;</span> <span class='ocrx_word' id='word_1_389' title='bbox 1451 1129 1566 1159; x_wconf 85' lang='lat' dir='ltr'><strong>utroque</strong></span> <span class='ocrx_word' id='word_1_390' title='bbox 1578 1132 1642 1152; x_wconf 81' lang='lat' dir='ltr'><strong>sane</strong></span> <span class='ocrx_word' id='word_1_391' title='bbox 1655 1124 1735 1151; x_wconf 84' lang='lat' dir='ltr'><strong>modo</strong></span> 
     </span>
    </p>
   </div>
   <div class='ocr_carea' id='block_1_54' title="bbox 955 1171 1735 1205">
    <p class='ocr_par' dir='ltr' id='par_1_54' title="bbox 955 1171 1735 1205">
     <span class='ocr_line' id='line_1_54' title="bbox 955 1171 1735 1205; baseline 0 -8"><span class='ocrx_word' id='word_1_392' title='bbox 955 1171 1192 1205; x_wconf 88' lang='lat' dir='ltr'><strong>Elaphebolionem</strong></span> <span class='ocrx_word' id='word_1_393' title='bbox 1210 1171 1384 1198; x_wconf 86' lang='lat' dir='ltr'><strong>hibernorum</strong></span> <span class='ocrx_word' id='word_1_394' title='bbox 1399 1172 1533 1198; x_wconf 88' lang='lat' dir='ltr'><strong>mensium</strong></span> <span class='ocrx_word' id='word_1_395' title='bbox 1550 1171 1673 1197; x_wconf 92' lang='lat' dir='ltr'><strong>ultimum</strong></span> <span class='ocrx_word' id='word_1_396' title='bbox 1685 1191 1693 1203; x_wconf 90' lang='lat'><strong>,</strong></span> <span class='ocrx_word' id='word_1_397' title='bbox 1708 1174 1735 1197; x_wconf 78' lang='lat' dir='ltr'><strong>et</strong></span> 
     </span>
    </p>
   </div>
   <div class='ocr_carea' id='block_1_55' title="bbox 956 1216 1733 1252">
    <p class='ocr_par' dir='ltr' id='par_1_55' title="bbox 956 1216 1733 1252">
     <span class='ocr_line' id='line_1_55' title="bbox 956 1216 1733 1252; baseline 0 -9"><span class='ocrx_word' id='word_1_398' title='bbox 956 1217 1065 1244; x_wconf 89' lang='lat' dir='ltr'><strong>tertium</strong></span> <span class='ocrx_word' id='word_1_399' title='bbox 1081 1224 1141 1244; x_wconf 85' lang='lat' dir='ltr'><strong>esse</strong></span> <span class='ocrx_word' id='word_1_400' title='bbox 1156 1217 1296 1252; x_wconf 82' lang='lat' dir='ltr'><strong>contingit.</strong></span> <span class='ocrx_word' id='word_1_401' title='bbox 1312 1216 1411 1244; x_wconf 87' lang='lat' dir='ltr'><strong>Parere</strong></span> <span class='ocrx_word' id='word_1_402' title='bbox 1426 1218 1497 1244; x_wconf 91' lang='lat' dir='ltr'><strong>enim</strong></span> <span class='ocrx_word' id='word_1_403' title='bbox 1512 1217 1549 1243; x_wconf 86' lang='lat' dir='ltr'><strong>ait</strong></span> <span class='ocrx_word' id='word_1_404' title='bbox 1563 1224 1611 1251; x_wconf 83' lang='lat' dir='ltr'><strong>per</strong></span> <span class='ocrx_word' id='word_1_405' title='bbox 1625 1217 1651 1243; x_wconf 88' lang='lat' dir='ltr'><strong>id</strong></span> <span class='ocrx_word' id='word_1_406' title='bbox 1667 1221 1733 1243; x_wconf 74' lang='lat' dir='ltr'><strong>tem-</strong></span> 
     </span>
    </p>
   </div>
   <div class='ocr_carea' id='block_1_56' title="bbox 955 1262 1733 1298">
    <p class='ocr_par' dir='ltr' id='par_1_56' title="bbox 955 1262 1733 1298">
     <span class='ocr_line' id='line_1_56' title="bbox 955 1262 1733 1298; baseline 0 -8"><span class='ocrx_word' id='word_1_407' title='bbox 955 1271 1007 1298; x_wconf 88' lang='lat' dir='ltr'><strong>pus</strong></span> <span class='ocrx_word' id='word_1_408' title='bbox 1021 1270 1074 1297; x_wconf 91' lang='lat' dir='ltr'><strong>quo</strong></span> <span class='ocrx_word' id='word_1_409' title='bbox 1090 1263 1156 1290; x_wconf 83' lang='lat' dir='ltr'><strong>latet</strong></span> <span class='ocrx_word' id='word_1_410' title='bbox 1168 1272 1174 1296; x_wconf 83' lang='lat'><strong>;</strong></span> <span class='ocrx_word' id='word_1_411' title='bbox 1193 1263 1277 1289; x_wconf 84' lang='lat' dir='ltr'><strong>latent</strong></span> <span class='ocrx_word' id='word_1_412' title='bbox 1290 1270 1354 1290; x_wconf 87' lang='lat' dir='ltr'><strong>vero</strong></span> <span class='ocrx_word' id='word_1_413' title='bbox 1367 1262 1507 1289; x_wconf 84' lang='lat' dir='ltr'><strong>terrestria</strong></span> <span class='ocrx_word' id='word_1_414' title='bbox 1521 1266 1620 1288; x_wconf 88' lang='lat' dir='ltr'><strong>cuncta</strong></span> <span class='ocrx_word' id='word_1_415' title='bbox 1635 1262 1733 1294; x_wconf 88' lang='lat' dir='ltr'><strong>hieme.</strong></span> 
     </span>
    </p>
   </div>
   <div class='ocr_carea' id='block_1_57' title="bbox 956 1307 1735 1342">
    <p class='ocr_par' dir='ltr' id='par_1_57' title="bbox 956 1307 1735 1342">
     <span class='ocr_line' id='line_1_57' title="bbox 956 1307 1735 1342; baseline -0.001 -7"><span class='ocrx_word' id='word_1_416' title='bbox 956 1313 986 1335; x_wconf 92' lang='lat' dir='ltr'><strong>ut</strong></span> <span class='ocrx_word' id='word_1_417' title='bbox 1001 1308 1035 1334; x_wconf 87' lang='lat' dir='ltr'><strong>ab</strong></span> <span class='ocrx_word' id='word_1_418' title='bbox 1050 1315 1082 1335; x_wconf 91' lang='lat' dir='ltr'><strong>eo</strong></span> <span class='ocrx_word' id='word_1_419' title='bbox 1099 1308 1199 1334; x_wconf 92' lang='lat' dir='ltr'><strong>dictum</strong></span> <span class='ocrx_word' id='word_1_420' title='bbox 1215 1310 1257 1334; x_wconf 86' lang='lat' dir='ltr'><strong>est</strong></span> <span class='ocrx_word' id='word_1_421' title='bbox 1274 1307 1302 1334; x_wconf 92' lang='lat' dir='ltr'><strong>in</strong></span> <span class='ocrx_word' id='word_1_422' title='bbox 1316 1311 1421 1334; x_wconf 86' lang='lat' dir='ltr'><strong>octavo.</strong></span> <span class='ocrx_word' id='word_1_423' title='bbox 1442 1307 1578 1334; x_wconf 81' lang='lat' dir='ltr'><strong>Hibernus</strong></span> <span class='ocrx_word' id='word_1_424' title='bbox 1593 1311 1635 1335; x_wconf 89' lang='lat' dir='ltr'><strong>est</strong></span> <span class='ocrx_word' id='word_1_425' title='bbox 1652 1308 1735 1342; x_wconf 75' lang='lat' dir='ltr'><strong>igitur</strong></span> 
     </span>
    </p>
   </div>
   <div class='ocr_carea' id='block_1_58' title="bbox 956 1353 1732 1388">
    <p class='ocr_par' dir='ltr' id='par_1_58' title="bbox 956 1353 1732 1388">
     <span class='ocr_line' id='line_1_58' title="bbox 956 1353 1732 1388; baseline -0.001 -8"><span class='ocrx_word' id='word_1_426' title='bbox 956 1353 1169 1388; x_wconf 87' lang='lat' dir='ltr'><strong>Elaphebolion,</strong></span> <span class='ocrx_word' id='word_1_427' title='bbox 1199 1361 1252 1388; x_wconf 85' lang='lat' dir='ltr'><strong>quo</strong></span> <span class='ocrx_word' id='word_1_428' title='bbox 1274 1360 1366 1380; x_wconf 86' lang='lat' dir='ltr'><strong>mense</strong></span> <span class='ocrx_word' id='word_1_429' title='bbox 1396 1360 1460 1386; x_wconf 86' lang='lat' dir='ltr'><strong>ursa</strong></span> <span class='ocrx_word' id='word_1_430' title='bbox 1487 1357 1606 1380; x_wconf 81' lang='lat' dir='ltr'><strong>ventrem</strong></span> <span class='ocrx_word' id='word_1_431' title='bbox 1636 1358 1732 1388; x_wconf 69' lang='lat' dir='ltr'><strong>gestat.</strong></span> 
     </span>
    </p>
   </div>
   <div class='ocr_carea' id='block_1_59' title="bbox 955 1398 1734 1435">
    <p class='ocr_par' dir='ltr' id='par_1_59' title="bbox 955 1398 1734 1435">
     <span class='ocr_line' id='line_1_59' title="bbox 955 1398 1734 1435; baseline -0.001 -8"><span class='ocrx_word' id='word_1_432' title='bbox 955 1400 1035 1435; x_wconf 80' lang='lat' dir='ltr'><strong>Atqui</strong></span> <span class='ocrx_word' id='word_1_433' title='bbox 1059 1408 1113 1427; x_wconf 88' lang='lat' dir='ltr'><strong>non</strong></span> <span class='ocrx_word' id='word_1_434' title='bbox 1141 1400 1262 1434; x_wconf 87' lang='lat' dir='ltr'><strong>primus,</strong></span> <span class='ocrx_word' id='word_1_435' title='bbox 1291 1407 1344 1426; x_wconf 92' lang='lat' dir='ltr'><strong>non</strong></span> <span class='ocrx_word' id='word_1_436' title='bbox 1370 1398 1523 1430; x_wconf 89' lang='lat' dir='ltr'><strong>secundus,</strong></span> <span class='ocrx_word' id='word_1_437' title='bbox 1540 1406 1605 1434; x_wconf 77' lang='lat' dir='ltr'><strong>ergo</strong></span> <span class='ocrx_word' id='word_1_438' title='bbox 1627 1400 1734 1426; x_wconf 78' lang='lat' dir='ltr'><strong>tertius.</strong></span> 
     </span>
    </p>
   </div>
   <div class='ocr_carea' id='block_1_60' title="bbox 957 1445 1735 1481">
    <p class='ocr_par' dir='ltr' id='par_1_60' title="bbox 957 1445 1735 1481">
     <span class='ocr_line' id='line_1_60' title="bbox 957 1445 1735 1481; baseline -0.001 -8"><span class='ocrx_word' id='word_1_439' title='bbox 957 1445 1095 1480; x_wconf 89' lang='lat' dir='ltr'><strong>Siquidem</strong></span> <span class='ocrx_word' id='word_1_440' title='bbox 1113 1446 1176 1473; x_wconf 87' lang='lat' dir='ltr'><strong>anni</strong></span> <span class='ocrx_word' id='word_1_441' title='bbox 1194 1446 1400 1481; x_wconf 81' lang='lat' dir='ltr'><strong>tempestatibus</strong></span> <span class='ocrx_word' id='word_1_442' title='bbox 1425 1445 1495 1472; x_wconf 85' lang='lat' dir='ltr'><strong>terni</strong></span> <span class='ocrx_word' id='word_1_443' title='bbox 1521 1453 1628 1473; x_wconf 87' lang='lat' dir='ltr'><strong>menses</strong></span> <span class='ocrx_word' id='word_1_444' title='bbox 1651 1445 1735 1473; x_wconf 88' lang='lat' dir='ltr'><strong>ascri-</strong></span> 
     </span>
    </p>
   </div>
   <div class='ocr_carea' id='block_1_61' title="bbox 954 1492 1064 1520">
    <p class='ocr_par' dir='ltr' id='par_1_61' title="bbox 954 1492 1064 1520">
     <span class='ocr_line' id='line_1_61' title="bbox 954 1492 1064 1520; baseline -0.009 0"><span class='ocrx_word' id='word_1_445' title='bbox 954 1492 1064 1520; x_wconf 91' lang='lat' dir='ltr'><strong>buntur.</strong></span> 
     </span>
    </p>
   </div>
   <div class='ocr_carea' id='block_1_62' title="bbox 170 1535 907 1578">
    <p class='ocr_par' dir='ltr' id='par_1_62' title="bbox 170 1535 906 1572">
     <span class='ocr_line' id='line_1_62' title="bbox 170 1535 906 1572; baseline -0.003 -9"><span class='ocrx_word' id='word_1_446' title='bbox 170 1537 281 1572; x_wconf 74' lang='grc' dir='ltr'>Ἐφεξῆς</span> <span class='ocrx_word' id='word_1_447' title='bbox 305 1536 326 1563; x_wconf 82' lang='grc' dir='ltr'>δ’</span> <span class='ocrx_word' id='word_1_448' title='bbox 353 1535 562 1570; x_wconf 74' lang='grc' dir='ltr'>Ἑλαφηϐολιῶνι</span> <span class='ocrx_word' id='word_1_449' title='bbox 584 1535 757 1570; x_wconf 69' lang='grc' dir='ltr'>Μουνυχιώνο</span> <span class='ocrx_word' id='word_1_450' title='bbox 780 1535 906 1570; x_wconf 76' lang='grc' dir='ltr'>τέταρτος</span> 
     </span>
    </p>
   </div>
   <div class='ocr_carea' id='block_1_63' title="bbox 959 1535 1734 1578">
    <p class='ocr_par' dir='ltr' id='par_1_63' title="bbox 991 1536 1734 1572">
     <span class='ocr_line' id='line_1_63' title="bbox 991 1536 1734 1572; baseline -0.003 -7"><span class='ocrx_word' id='word_1_451' title='bbox 991 1537 1142 1565; x_wconf 87' lang='lat' dir='ltr'><strong>Continens</strong></span> <span class='ocrx_word' id='word_1_452' title='bbox 1158 1540 1200 1565; x_wconf 86' lang='lat' dir='ltr'><strong>est</strong></span> <span class='ocrx_word' id='word_1_453' title='bbox 1225 1545 1289 1565; x_wconf 81' lang='lat' dir='ltr'><strong>vero</strong></span> <span class='ocrx_word' id='word_1_454' title='bbox 1314 1537 1519 1572; x_wconf 78' lang='lat' dir='ltr'><strong>Elaphebolioni</strong></span> <span class='ocrx_word' id='word_1_455' title='bbox 1548 1536 1734 1572; x_wconf 79' lang='lat' dir='ltr'><strong>Munychiou;</strong></span> 
     </span>
    </p>
   </div>
   <div class='ocr_carea' id='block_1_64' title="bbox 129 1581 906 1621">
    <p class='ocr_par' dir='ltr' id='par_1_64' title="bbox 129 1581 906 1621">
     <span class='ocr_line' id='line_1_64' title="bbox 129 1581 906 1621; baseline -0.004 -11"><span class='ocrx_word' id='word_1_456' title='bbox 129 1585 180 1621; x_wconf 80' lang='grc' dir='ltr'>μὲν</span> <span class='ocrx_word' id='word_1_457' title='bbox 193 1584 246 1620; x_wconf 86' lang='grc' dir='ltr'>γὰρ</span> <span class='ocrx_word' id='word_1_458' title='bbox 263 1584 309 1610; x_wconf 79' lang='grc' dir='ltr'><strong>ἀπ’</strong></span> <span class='ocrx_word' id='word_1_459' title='bbox 329 1582 556 1617; x_wconf 73' lang='grc' dir='ltr'>Ἐλαφηϐολιῶνος</span> <span class='ocrx_word' id='word_1_460' title='bbox 569 1581 762 1617; x_wconf 80' lang='grc' dir='ltr'>Σκιροφοριὼν,</span> <span class='ocrx_word' id='word_1_461' title='bbox 776 1581 865 1616; x_wconf 76' lang='grc' dir='ltr'>τρίτος</span> <span class='ocrx_word' id='word_1_462' title='bbox 880 1581 906 1607; x_wconf 85' lang='grc' dir='ltr'><strong>δὲ</strong></span> 
     </span>
    </p>
   </div>
   <div class='ocr_carea' id='block_1_65' title="bbox 126 1627 907 1664">
    <p class='ocr_par' dir='ltr' id='par_1_65' title="bbox 126 1627 907 1664">
     <span class='ocr_line' id='line_1_65' title="bbox 126 1627 907 1664; baseline -0.005 -7"><span class='ocrx_word' id='word_1_463' title='bbox 126 1630 184 1658; x_wconf 79' lang='grc' dir='ltr'>ἀπὸ</span> <span class='ocrx_word' id='word_1_464' title='bbox 196 1629 394 1664; x_wconf 82' lang='grc' dir='ltr'>Μουνυχιῶνος.</span> <span class='ocrx_word' id='word_1_465' title='bbox 404 1627 589 1663; x_wconf 68' lang='grc' dir='ltr'>Ἀριστοτέλης</span> <span class='ocrx_word' id='word_1_466' title='bbox 604 1628 631 1654; x_wconf 80' lang='grc' dir='ltr'>ὲν</span> <span class='ocrx_word' id='word_1_467' title='bbox 641 1629 674 1663; x_wconf 80' lang='grc' dir='ltr'>τῇ</span> <span class='ocrx_word' id='word_1_468' title='bbox 683 1628 750 1663; x_wconf 79' lang='grc' dir='ltr'>αὐτῇ</span> <span class='ocrx_word' id='word_1_469' title='bbox 759 1627 824 1663; x_wconf 70' lang='grc' dir='ltr'>περὶ</span> <span class='ocrx_word' id='word_1_470' title='bbox 832 1627 907 1659; x_wconf 84' lang='grc' dir='ltr'>ζώων</span> 
     </span>
    </p>
   </div>
   <div class='ocr_carea' id='block_1_66' title="bbox 127 1672 907 1711">
    <p class='ocr_par' dir='ltr' id='par_1_66' title="bbox 127 1672 907 1711">
     <span class='ocr_line' id='line_1_66' title="bbox 127 1672 907 1711; baseline -0.005 -9"><span class='ocrx_word' id='word_1_471' title='bbox 127 1675 236 1711; x_wconf 80' lang='grc' dir='ltr'>ἱστορίᾳ</span> <span class='ocrx_word' id='word_1_472' title='bbox 259 1672 309 1701; x_wconf 80' lang='grc' dir='ltr'>ὧδε</span> <span class='ocrx_word' id='word_1_473' title='bbox 340 1674 591 1710; x_wconf 74' lang='grc' dir='ltr'>καταριθμούμενος</span> <span class='ocrx_word' id='word_1_474' title='bbox 613 1673 725 1708; x_wconf 78' lang='grc' dir='ltr'>τέταχε-</span> <span class='ocrx_word' id='word_1_475' title='bbox 754 1683 762 1698; x_wconf 84' lang='grc' dir='ltr'><strong>ι</strong></span> <span class='ocrx_word' id='word_1_476' title='bbox 782 1673 907 1699; x_wconf 87' lang='grc' dir='ltr'>Τίκτουσι</span> 
     </span>
    </p>
   </div>
   <div class='ocr_carea' id='block_1_67' title="bbox 126 1719 907 1755">
    <p class='ocr_par' dir='ltr' id='par_1_67' title="bbox 126 1719 907 1755">
     <span class='ocr_line' id='line_1_67' title="bbox 126 1719 907 1755; baseline -0.003 -8"><span class='ocrx_word' id='word_1_477' title='bbox 126 1722 150 1747; x_wconf 84' lang='grc' dir='ltr'>δ’</span> <span class='ocrx_word' id='word_1_478' title='bbox 164 1722 188 1747; x_wconf 82' lang='grc' dir='ltr'>οἱ</span> <span class='ocrx_word' id='word_1_479' title='bbox 203 1721 322 1747; x_wconf 78' lang='grc' dir='ltr'>πλεῖστοι</span> <span class='ocrx_word' id='word_1_480' title='bbox 332 1720 386 1747; x_wconf 88' lang='grc' dir='ltr'><strong>τῶν</strong></span> <span class='ocrx_word' id='word_1_481' title='bbox 403 1720 500 1753; x_wconf 76' lang='grc' dir='ltr'>ἰχθύων</span> <span class='ocrx_word' id='word_1_482' title='bbox 512 1722 540 1746; x_wconf 78' lang='grc' dir='ltr'>ἐν</span> <span class='ocrx_word' id='word_1_483' title='bbox 552 1720 618 1755; x_wconf 81' lang='grc' dir='ltr'>μησὶ</span> <span class='ocrx_word' id='word_1_484' title='bbox 629 1721 711 1755; x_wconf 75' lang='grc' dir='ltr'>τρισὶ,</span> <span class='ocrx_word' id='word_1_485' title='bbox 728 1719 907 1754; x_wconf 86' lang='grc' dir='ltr'>Μουνυχιῶνι,</span> 
     </span>
    </p>
   </div>
   <div class='ocr_carea' id='block_1_68' title="bbox 127 1765 909 1803">
    <p class='ocr_par' dir='ltr' id='par_1_68' title="bbox 127 1765 909 1803">
     <span class='ocr_line' id='line_1_68' title="bbox 127 1765 909 1803; baseline -0.001 -10"><span class='ocrx_word' id='word_1_486' title='bbox 127 1767 177 1794; x_wconf 76' lang='grc' dir='ltr'>καὶ</span> <span class='ocrx_word' id='word_1_487' title='bbox 196 1767 378 1803; x_wconf 78' lang='grc' dir='ltr'>Θαργηλιῶνι,</span> <span class='ocrx_word' id='word_1_488' title='bbox 391 1767 438 1793; x_wconf 69' lang='grc' dir='ltr'><strong>καὶ</strong></span> <span class='ocrx_word' id='word_1_489' title='bbox 453 1765 658 1801; x_wconf 72' lang='grc' dir='ltr'>Σκιροφοριῶνι.</span> <span class='ocrx_word' id='word_1_490' title='bbox 673 1775 682 1791; x_wconf 72' lang='grc' dir='ltr'><strong>ι</strong></span> <span class='ocrx_word' id='word_1_491' title='bbox 695 1766 868 1801; x_wconf 85' lang='grc' dir='ltr'>Δημοσθένης</span> <span class='ocrx_word' id='word_1_492' title='bbox 882 1766 909 1792; x_wconf 80' lang='grc' dir='ltr'>δὲ</span> 
     </span>
    </p>
   </div>
   <div class='ocr_carea' id='block_1_69' title="bbox 127 1811 909 1847">
    <p class='ocr_par' dir='ltr' id='par_1_69' title="bbox 127 1811 909 1847">
     <span class='ocr_line' id='line_1_69' title="bbox 127 1811 909 1847; baseline -0.003 -9"><span class='ocrx_word' id='word_1_493' title='bbox 127 1814 159 1839; x_wconf 77' lang='grc' dir='ltr'>ὲν</span> <span class='ocrx_word' id='word_1_494' title='bbox 183 1812 221 1847; x_wconf 81' lang='grc' dir='ltr'><strong>τῷ</strong></span> <span class='ocrx_word' id='word_1_495' title='bbox 236 1812 306 1845; x_wconf 84' lang='grc' dir='ltr'>Περὶ</span> <span class='ocrx_word' id='word_1_496' title='bbox 327 1812 564 1846; x_wconf 79' lang='grc' dir='ltr'>παραπρεσϐείας</span> <span class='ocrx_word' id='word_1_497' title='bbox 579 1811 662 1846; x_wconf 81' lang='grc' dir='ltr'>λόγῳ·</span> <span class='ocrx_word' id='word_1_498' title='bbox 682 1820 691 1835; x_wconf 75' lang='grc' dir='ltr'><strong>ι</strong></span> <span class='ocrx_word' id='word_1_499' title='bbox 707 1811 739 1837; x_wconf 80' lang='grc' dir='ltr'>Ἢ</span> <span class='ocrx_word' id='word_1_500' title='bbox 757 1811 805 1845; x_wconf 83' lang='grc' dir='ltr'><strong>μὲν</strong></span> <span class='ocrx_word' id='word_1_501' title='bbox 821 1811 909 1836; x_wconf 86' lang='grc' dir='ltr'>τοίνυν</span> 
     </span>
    </p>
   </div>
   <div class='ocr_carea' id='block_1_70' title="bbox 128 1856 910 1893">
    <p class='ocr_par' dir='ltr' id='par_1_70' title="bbox 128 1856 910 1893">
     <span class='ocr_line' id='line_1_70' title="bbox 128 1856 910 1893; baseline -0.004 -8"><span class='ocrx_word' id='word_1_502' title='bbox 128 1859 238 1893; x_wconf 75' lang='grc' dir='ltr'>εἰρήνη,</span> <span class='ocrx_word' id='word_1_503' title='bbox 257 1868 266 1883; x_wconf 87' lang='grc'><strong>›</strong></span> <span class='ocrx_word' id='word_1_504' title='bbox 290 1858 382 1893; x_wconf 71' lang='grc' dir='ltr'>φησὶν,</span> <span class='ocrx_word' id='word_1_505' title='bbox 402 1867 411 1882; x_wconf 75' lang='grc' dir='ltr'><strong>ι</strong></span> <span class='ocrx_word' id='word_1_506' title='bbox 436 1857 663 1891; x_wconf 62' lang='grc' dir='ltr'>Ἐλαφηϐολιῶνος</span> <span class='ocrx_word' id='word_1_507' title='bbox 689 1856 755 1892; x_wconf 74' lang='grc' dir='ltr'>ἕκτῃ</span> <span class='ocrx_word' id='word_1_508' title='bbox 778 1857 822 1882; x_wconf 82' lang='grc' dir='ltr'>ὲπ¹ι</span> <span class='ocrx_word' id='word_1_509' title='bbox 845 1856 910 1882; x_wconf 75' lang='grc' dir='ltr'>δέκα</span> 
     </span>
    </p>
   </div>
   <div class='ocr_carea' id='block_1_71' title="bbox 128 1902 909 1938">
    <p class='ocr_par' dir='ltr' id='par_1_71' title="bbox 128 1902 909 1938">
     <span class='ocr_line' id='line_1_71' title="bbox 128 1902 909 1938; baseline -0.004 -8"><span class='ocrx_word' id='word_1_510' title='bbox 128 1903 255 1937; x_wconf 70' lang='grc' dir='ltr'>ἐγένετο·</span> <span class='ocrx_word' id='word_1_511' title='bbox 276 1903 490 1938; x_wconf 78' lang='grc' dir='ltr'>ἀπεδημήσαμεν</span> <span class='ocrx_word' id='word_1_512' title='bbox 507 1903 535 1928; x_wconf 80' lang='grc' dir='ltr'>δὲ</span> <span class='ocrx_word' id='word_1_513' title='bbox 554 1904 633 1937; x_wconf 77' lang='grc' dir='ltr'>ἡμεῖς</span> <span class='ocrx_word' id='word_1_514' title='bbox 660 1902 706 1928; x_wconf 80' lang='grc' dir='ltr'><strong>ἐπὶ</strong></span> <span class='ocrx_word' id='word_1_515' title='bbox 728 1902 790 1933; x_wconf 72' lang='grc' dir='ltr'>τοὺς</span> <span class='ocrx_word' id='word_1_516' title='bbox 813 1902 909 1937; x_wconf 82' lang='grc' dir='ltr'>ὅρκους</span> 
     </span>
    </p>
   </div>
   <div class='ocr_carea' id='block_1_72' title="bbox 127 1947 910 1984">
    <p class='ocr_par' dir='ltr' id='par_1_72' title="bbox 127 1947 910 1984">
     <span class='ocr_line' id='line_1_72' title="bbox 127 1947 910 1984; baseline -0.004 -8"><span class='ocrx_word' id='word_1_517' title='bbox 127 1951 206 1984; x_wconf 77' lang='grc' dir='ltr'>τρεῖς</span> <span class='ocrx_word' id='word_1_518' title='bbox 228 1949 304 1980; x_wconf 80' lang='grc' dir='ltr'>ὅλους</span> <span class='ocrx_word' id='word_1_519' title='bbox 320 1949 416 1984; x_wconf 76' lang='grc' dir='ltr'>μῆνας.</span> <span class='ocrx_word' id='word_1_520' title='bbox 437 1949 491 1975; x_wconf 78' lang='grc' dir='ltr'>Καὶ</span> <span class='ocrx_word' id='word_1_521' title='bbox 511 1948 604 1974; x_wconf 80' lang='grc' dir='ltr'>τοῦτον</span> <span class='ocrx_word' id='word_1_522' title='bbox 623 1948 730 1974; x_wconf 78' lang='grc' dir='ltr'>ἅπαντα</span> <span class='ocrx_word' id='word_1_523' title='bbox 756 1947 801 1974; x_wconf 83' lang='grc' dir='ltr'><strong>τὸν</strong></span> <span class='ocrx_word' id='word_1_524' title='bbox 816 1947 910 1983; x_wconf 83' lang='grc' dir='ltr'>χρόνον</span> 
     </span>
    </p>
   </div>
   <div class='ocr_carea' id='block_1_73' title="bbox 128 1992 911 2031">
    <p class='ocr_par' dir='ltr' id='par_1_73' title="bbox 128 1992 911 2031">
     <span class='ocr_line' id='line_1_73' title="bbox 128 1992 911 2031; baseline -0.004 -9"><span class='ocrx_word' id='word_1_525' title='bbox 128 1994 201 2031; x_wconf 76' lang='grc' dir='ltr'>ἦσαν</span> <span class='ocrx_word' id='word_1_526' title='bbox 218 1996 242 2022; x_wconf 89' lang='grc' dir='ltr'>οἰ</span> <span class='ocrx_word' id='word_1_527' title='bbox 258 1995 359 2025; x_wconf 84' lang='grc' dir='ltr'>Φωκεῖς</span> <span class='ocrx_word' id='word_1_528' title='bbox 376 1994 449 2021; x_wconf 85' lang='grc' dir='ltr'>σῶοι.</span> <span class='ocrx_word' id='word_1_529' title='bbox 464 1994 585 2028; x_wconf 84' lang='grc' dir='ltr'>’Ἡκομεν</span> <span class='ocrx_word' id='word_1_530' title='bbox 596 1993 624 2020; x_wconf 84' lang='grc' dir='ltr'><strong>δὲ</strong></span> <span class='ocrx_word' id='word_1_531' title='bbox 640 1993 692 2019; x_wconf 81' lang='grc' dir='ltr'>ἀπὸ</span> <span class='ocrx_word' id='word_1_532' title='bbox 703 1993 752 2028; x_wconf 85' lang='grc' dir='ltr'><strong>τῆς</strong></span> <span class='ocrx_word' id='word_1_533' title='bbox 766 1992 911 2028; x_wconf 79' lang='grc' dir='ltr'>πρεσϐείας</span> 
     </span>
    </p>
   </div>
   <div class='ocr_carea' id='block_1_74' title="bbox 130 2039 911 2076">
    <p class='ocr_par' dir='ltr' id='par_1_74' title="bbox 130 2039 911 2076">
     <span class='ocr_line' id='line_1_74' title="bbox 130 2039 911 2076; baseline -0.004 -9"><span class='ocrx_word' id='word_1_534' title='bbox 130 2041 182 2076; x_wconf 85' lang='grc' dir='ltr'><strong>τῆς</strong></span> <span class='ocrx_word' id='word_1_535' title='bbox 198 2041 244 2067; x_wconf 73' lang='grc' dir='ltr'><strong>ἐπὶ</strong></span> <span class='ocrx_word' id='word_1_536' title='bbox 268 2041 329 2071; x_wconf 72' lang='grc' dir='ltr'>τοὺς</span> <span class='ocrx_word' id='word_1_537' title='bbox 346 2040 443 2075; x_wconf 80' lang='grc' dir='ltr'>ὅρκους</span> <span class='ocrx_word' id='word_1_538' title='bbox 463 2040 541 2076; x_wconf 80' lang='grc' dir='ltr'>τρίτῃ</span> <span class='ocrx_word' id='word_1_539' title='bbox 558 2040 604 2065; x_wconf 76' lang='grc' dir='ltr'>ἐπὶ</span> <span class='ocrx_word' id='word_1_540' title='bbox 625 2039 690 2066; x_wconf 86' lang='grc' dir='ltr'>δέκα</span> <span class='ocrx_word' id='word_1_541' title='bbox 709 2039 755 2065; x_wconf 83' lang='grc' dir='ltr'>τοῦ</span> <span class='ocrx_word' id='word_1_542' title='bbox 780 2039 911 2073; x_wconf 82' lang='grc' dir='ltr'>Σκιροφο-</span> 
     </span>
    </p>
   </div>
   <div class='ocr_carea' id='block_1_75' title="bbox 133 2084 910 2124">
    <p class='ocr_par' dir='ltr' id='par_1_75' title="bbox 133 2084 910 2124">
     <span class='ocr_line' id='line_1_75' title="bbox 133 2084 910 2124; baseline -0.005 -10"><span class='ocrx_word' id='word_1_543' title='bbox 133 2088 241 2124; x_wconf 80' lang='grc' dir='ltr'>ριῶνος.</span> <span class='ocrx_word' id='word_1_544' title='bbox 267 2097 276 2113; x_wconf 76' lang='grc' dir='ltr'><strong>ι</strong></span> <span class='ocrx_word' id='word_1_545' title='bbox 301 2087 357 2113; x_wconf 59' lang='grc' dir='ltr'><strong>Καὶ⁸</strong></span> <span class='ocrx_word' id='word_1_546' title='bbox 383 2086 511 2121; x_wconf 81' lang='grc' dir='ltr'>Αἰσχίνης</span> <span class='ocrx_word' id='word_1_547' title='bbox 538 2085 567 2111; x_wconf 82' lang='grc' dir='ltr'>δὲ</span> <span class='ocrx_word' id='word_1_548' title='bbox 600 2086 629 2111; x_wconf 83' lang='grc' dir='ltr'>ὲν</span> <span class='ocrx_word' id='word_1_549' title='bbox 655 2086 688 2120; x_wconf 85' lang='grc' dir='ltr'>τῇ</span> <span class='ocrx_word' id='word_1_550' title='bbox 719 2084 788 2119; x_wconf 77' lang='grc' dir='ltr'>Περὶ</span> <span class='ocrx_word' id='word_1_551' title='bbox 818 2092 910 2118; x_wconf 81' lang='grc' dir='ltr'>παρα-</span> 
     </span>
    </p>
   </div>
   <div class='ocr_carea' id='block_1_76' title="bbox 131 2130 912 2167">
    <p class='ocr_par' dir='ltr' id='par_1_76' title="bbox 131 2130 912 2167">
     <span class='ocr_line' id='line_1_76' title="bbox 131 2130 912 2167; baseline -0.005 -7"><span class='ocrx_word' id='word_1_552' title='bbox 131 2133 292 2167; x_wconf 77' lang='grc' dir='ltr'>πρεσϐείας</span> <span class='ocrx_word' id='word_1_553' title='bbox 314 2132 469 2165; x_wconf 77' lang='grc' dir='ltr'>ἀπολογία,</span> <span class='ocrx_word' id='word_1_554' title='bbox 488 2130 627 2162; x_wconf 84' lang='grc' dir='ltr'>ὑπειπὼν,</span> <span class='ocrx_word' id='word_1_555' title='bbox 649 2131 689 2158; x_wconf 84' lang='grc' dir='ltr'>ὅτι</span> <span class='ocrx_word' id='word_1_556' title='bbox 715 2130 746 2166; x_wconf 83' lang='grc' dir='ltr'>δὴ</span> <span class='ocrx_word' id='word_1_557' title='bbox 773 2131 822 2165; x_wconf 87' lang='grc' dir='ltr'><strong>τὴν</strong></span> <span class='ocrx_word' id='word_1_558' title='bbox 852 2131 912 2157; x_wconf 77' lang='grc' dir='ltr'>ἐπι-</span> 
     </span>
    </p>
   </div>
   <div class='ocr_carea' id='block_1_77' title="bbox 133 2177 911 2215">
    <p class='ocr_par' dir='ltr' id='par_1_77' title="bbox 133 2177 911 2215">
     <span class='ocr_line' id='line_1_77' title="bbox 133 2177 911 2215; baseline -0.006 -8"><span class='ocrx_word' id='word_1_559' title='bbox 133 2180 230 2215; x_wconf 82' lang='grc' dir='ltr'>στολὴν</span> <span class='ocrx_word' id='word_1_560' title='bbox 244 2179 358 2215; x_wconf 70' lang='grc' dir='ltr'>γράψειε</span> <span class='ocrx_word' id='word_1_561' title='bbox 379 2180 473 2214; x_wconf 79' lang='grc' dir='ltr'>Χάρης</span> <span class='ocrx_word' id='word_1_562' title='bbox 495 2178 724 2214; x_wconf 74' lang='grc' dir='ltr'>Ἐλαφηϐολιῶνος</span> <span class='ocrx_word' id='word_1_563' title='bbox 746 2177 827 2212; x_wconf 83' lang='grc' dir='ltr'>μηνὸς</span> <span class='ocrx_word' id='word_1_564' title='bbox 845 2177 911 2211; x_wconf 73' lang='grc' dir='ltr'>ἕκτῃ</span> 
     </span>
    </p>
   </div>
   <div class='ocr_carea' id='block_1_78' title="bbox 957 1581 1735 1617">
    <p class='ocr_par' dir='ltr' id='par_1_78' title="bbox 957 1581 1735 1617">
     <span class='ocr_line' id='line_1_78' title="bbox 957 1581 1735 1617; baseline -0.001 -9"><span class='ocrx_word' id='word_1_565' title='bbox 957 1587 1072 1617; x_wconf 83' lang='lat' dir='ltr'><strong>quartus</strong></span> <span class='ocrx_word' id='word_1_566' title='bbox 1087 1583 1160 1609; x_wconf 90' lang='lat' dir='ltr'><strong>enim</strong></span> <span class='ocrx_word' id='word_1_567' title='bbox 1177 1583 1211 1610; x_wconf 90' lang='lat' dir='ltr'><strong>ab</strong></span> <span class='ocrx_word' id='word_1_568' title='bbox 1228 1582 1437 1616; x_wconf 85' lang='lat' dir='ltr'><strong>Elaphebolione</strong></span> <span class='ocrx_word' id='word_1_569' title='bbox 1451 1581 1664 1617; x_wconf 86' lang='lat' dir='ltr'><strong>Scirophorion,</strong></span> <span class='ocrx_word' id='word_1_570' title='bbox 1681 1585 1735 1608; x_wconf 89' lang='lat' dir='ltr'><strong>ter-</strong></span> 
     </span>
    </p>
   </div>
   <div class='ocr_carea' id='block_1_79' title="bbox 957 1629 1732 1665">
    <p class='ocr_par' dir='ltr' id='par_1_79' title="bbox 957 1629 1732 1665">
     <span class='ocr_line' id='line_1_79' title="bbox 957 1629 1732 1665; baseline 0 -9"><span class='ocrx_word' id='word_1_571' title='bbox 957 1629 1011 1656; x_wconf 89' lang='lat' dir='ltr'><strong>tius</strong></span> <span class='ocrx_word' id='word_1_572' title='bbox 1027 1633 1116 1657; x_wconf 86' lang='lat' dir='ltr'><strong>autem</strong></span> <span class='ocrx_word' id='word_1_573' title='bbox 1133 1637 1147 1656; x_wconf 94' lang='lat' dir='ltr'><strong>a</strong></span> <span class='ocrx_word' id='word_1_574' title='bbox 1165 1629 1353 1665; x_wconf 85' lang='lat' dir='ltr'><strong>Munychionc.</strong></span> <span class='ocrx_word' id='word_1_575' title='bbox 1365 1629 1524 1657; x_wconf 80' lang='lat' dir='ltr'><strong>Aristoteles</strong></span> <span class='ocrx_word' id='word_1_576' title='bbox 1541 1629 1568 1656; x_wconf 92' lang='lat' dir='ltr'><strong>in</strong></span> <span class='ocrx_word' id='word_1_577' title='bbox 1585 1629 1678 1657; x_wconf 87' lang='lat' dir='ltr'><strong>eadem</strong></span> <span class='ocrx_word' id='word_1_578' title='bbox 1695 1630 1732 1656; x_wconf 93' lang='lat' dir='ltr'><strong>hi-</strong></span> 
     </span>
    </p>
   </div>
   <div class='ocr_carea' id='block_1_80' title="bbox 959 1676 1734 1704">
    <p class='ocr_par' dir='ltr' id='par_1_80' title="bbox 959 1676 1734 1704">
     <span class='ocr_line' id='line_1_80' title="bbox 959 1676 1734 1704; baseline -0.001 0"><span class='ocrx_word' id='word_1_579' title='bbox 959 1676 1043 1704; x_wconf 83' lang='lat' dir='ltr'><strong>storia</strong></span> <span class='ocrx_word' id='word_1_580' title='bbox 1067 1676 1101 1703; x_wconf 91' lang='lat' dir='ltr'><strong>de</strong></span> <span class='ocrx_word' id='word_1_581' title='bbox 1124 1676 1289 1703; x_wconf 85' lang='lat' dir='ltr'><strong>animalibus</strong></span> <span class='ocrx_word' id='word_1_582' title='bbox 1313 1676 1363 1703; x_wconf 90' lang='lat' dir='ltr'><strong>hos</strong></span> <span class='ocrx_word' id='word_1_583' title='bbox 1384 1676 1423 1704; x_wconf 86' lang='lat' dir='ltr'><strong>sic</strong></span> <span class='ocrx_word' id='word_1_584' title='bbox 1450 1676 1545 1703; x_wconf 87' lang='lat' dir='ltr'><strong>ordine</strong></span> <span class='ocrx_word' id='word_1_585' title='bbox 1572 1680 1734 1703; x_wconf 87' lang='lat' dir='ltr'><strong>enumerat:</strong></span> 
     </span>
    </p>
   </div>
   <div class='ocr_carea' id='block_1_81' title="bbox 962 1721 1736 1757">
    <p class='ocr_par' dir='ltr' id='par_1_81' title="bbox 962 1721 1736 1757">
     <span class='ocr_line' id='line_1_81' title="bbox 962 1721 1736 1757; baseline 0.003 -9"><span class='ocrx_word' id='word_1_586' title='bbox 962 1731 971 1747; x_wconf 81' lang='grc' dir='ltr'><strong>ι</strong></span> <span class='ocrx_word' id='word_1_587' title='bbox 985 1721 1096 1748; x_wconf 84' lang='lat' dir='ltr'><strong>Pariunt</strong></span> <span class='ocrx_word' id='word_1_588' title='bbox 1111 1725 1184 1748; x_wconf 88' lang='lat' dir='ltr'><strong>certe</strong></span> <span class='ocrx_word' id='word_1_589' title='bbox 1197 1722 1284 1756; x_wconf 88' lang='lat' dir='ltr'><strong>pisces</strong></span> <span class='ocrx_word' id='word_1_590' title='bbox 1298 1721 1407 1757; x_wconf 86' lang='lat' dir='ltr'><strong>plurimi</strong></span> <span class='ocrx_word' id='word_1_591' title='bbox 1426 1722 1513 1749; x_wconf 91' lang='lat' dir='ltr'><strong>tribus</strong></span> <span class='ocrx_word' id='word_1_592' title='bbox 1528 1722 1570 1750; x_wconf 86' lang='lat' dir='ltr'><strong>his</strong></span> <span class='ocrx_word' id='word_1_593' title='bbox 1583 1722 1736 1755; x_wconf 85' lang='lat' dir='ltr'><strong>mensibus,</strong></span> 
     </span>
    </p>
   </div>
   <div class='ocr_carea' id='block_1_82' title="bbox 959 1767 1736 1803">
    <p class='ocr_par' dir='ltr' id='par_1_82' title="bbox 959 1767 1736 1803">
     <span class='ocr_line' id='line_1_82' title="bbox 959 1767 1736 1803; baseline 0.001 -9"><span class='ocrx_word' id='word_1_594' title='bbox 959 1768 1157 1803; x_wconf 79' lang='lat' dir='ltr'><strong>Munychione,</strong></span> <span class='ocrx_word' id='word_1_595' title='bbox 1182 1767 1381 1803; x_wconf 81' lang='lat' dir='ltr'><strong>Thargelione,</strong></span> <span class='ocrx_word' id='word_1_596' title='bbox 1409 1767 1628 1803; x_wconf 89' lang='lat' dir='ltr'><strong>Scirophorione.</strong></span> <span class='ocrx_word' id='word_1_597' title='bbox 1653 1778 1663 1793; x_wconf 71' lang='grc' dir='ltr'><strong>ι</strong></span> <span class='ocrx_word' id='word_1_598' title='bbox 1686 1767 1736 1795; x_wconf 86' lang='lat' dir='ltr'><strong>De-</strong></span> 
     </span>
    </p>
   </div>
   <div class='ocr_carea' id='block_1_83' title="bbox 959 1812 1737 1846">
    <p class='ocr_par' dir='ltr' id='par_1_83' title="bbox 959 1812 1737 1846">
     <span class='ocr_line' id='line_1_83' title="bbox 959 1812 1737 1846; baseline -0.003 -6"><span class='ocrx_word' id='word_1_599' title='bbox 959 1813 1117 1841; x_wconf 90' lang='lat' dir='ltr'><strong>mosthenes</strong></span> <span class='ocrx_word' id='word_1_600' title='bbox 1140 1821 1204 1840; x_wconf 90' lang='lat' dir='ltr'><strong>vero</strong></span> <span class='ocrx_word' id='word_1_601' title='bbox 1221 1814 1248 1840; x_wconf 91' lang='lat' dir='ltr'><strong>in</strong></span> <span class='ocrx_word' id='word_1_602' title='bbox 1264 1813 1386 1840; x_wconf 84' lang='lat' dir='ltr'><strong>oratione</strong></span> <span class='ocrx_word' id='word_1_603' title='bbox 1404 1813 1440 1840; x_wconf 82' lang='lat' dir='ltr'><strong>De</strong></span> <span class='ocrx_word' id='word_1_604' title='bbox 1454 1814 1574 1840; x_wconf 78' lang='lat' dir='ltr'><strong>ementita</strong></span> <span class='ocrx_word' id='word_1_605' title='bbox 1592 1812 1737 1846; x_wconf 75' lang='lat' dir='ltr'><strong>legatione:</strong></span> 
     </span>
    </p>
   </div>
   <div class='ocr_carea' id='block_1_84' title="bbox 963 1857 1737 1893">
    <p class='ocr_par' dir='ltr' id='par_1_84' title="bbox 963 1857 1737 1893">
     <span class='ocr_line' id='line_1_84' title="bbox 963 1857 1737 1893; baseline 0 -9"><span class='ocrx_word' id='word_1_606' title='bbox 963 1858 1388 1893; x_wconf 47' lang='lat' dir='ltr'><strong>o,Pax(inquit)Elaphebolionis</strong></span> <span class='ocrx_word' id='word_1_607' title='bbox 1402 1859 1507 1885; x_wconf 88' lang='lat' dir='ltr'><strong>decimo</strong></span> <span class='ocrx_word' id='word_1_608' title='bbox 1515 1863 1590 1885; x_wconf 88' lang='lat' dir='ltr'><strong>sexto</strong></span> <span class='ocrx_word' id='word_1_609' title='bbox 1606 1858 1649 1885; x_wconf 85' lang='lat' dir='ltr'><strong>die</strong></span> <span class='ocrx_word' id='word_1_610' title='bbox 1667 1857 1737 1885; x_wconf 80' lang='lat' dir='ltr'><strong>facta</strong></span> 
     </span>
    </p>
   </div>
   <div class='ocr_carea' id='block_1_85' title="bbox 959 1904 1737 1938">
    <p class='ocr_par' dir='ltr' id='par_1_85' title="bbox 959 1904 1737 1938">
     <span class='ocr_line' id='line_1_85' title="bbox 959 1904 1737 1938; baseline -0.001 -7"><span class='ocrx_word' id='word_1_611' title='bbox 959 1907 1001 1931; x_wconf 83' lang='lat' dir='ltr'><strong>est</strong></span> <span class='ocrx_word' id='word_1_612' title='bbox 1017 1913 1022 1930; x_wconf 93' lang='lat'><strong>:</strong></span> <span class='ocrx_word' id='word_1_613' title='bbox 1041 1911 1120 1938; x_wconf 88' lang='lat' dir='ltr'><strong>porro</strong></span> <span class='ocrx_word' id='word_1_614' title='bbox 1137 1909 1191 1931; x_wconf 84' lang='lat' dir='ltr'><strong>tres</strong></span> <span class='ocrx_word' id='word_1_615' title='bbox 1215 1904 1334 1938; x_wconf 76' lang='lat' dir='ltr'><strong>integros</strong></span> <span class='ocrx_word' id='word_1_616' title='bbox 1356 1912 1463 1932; x_wconf 88' lang='lat' dir='ltr'><strong>menses</strong></span> <span class='ocrx_word' id='word_1_617' title='bbox 1490 1904 1523 1930; x_wconf 85' lang='lat' dir='ltr'><strong>ad</strong></span> <span class='ocrx_word' id='word_1_618' title='bbox 1545 1904 1737 1938; x_wconf 86' lang='lat' dir='ltr'><strong>jusjurandum</strong></span> 
     </span>
    </p>
   </div>
   <div class='ocr_carea' id='block_1_86' title="bbox 960 1948 1738 1983">
    <p class='ocr_par' dir='ltr' id='par_1_86' title="bbox 960 1948 1738 1983">
     <span class='ocr_line' id='line_1_86' title="bbox 960 1948 1738 1983; baseline -0.004 -8"><span class='ocrx_word' id='word_1_619' title='bbox 960 1949 1146 1983; x_wconf 87' lang='lat' dir='ltr'><strong>recipiendum</strong></span> <span class='ocrx_word' id='word_1_620' title='bbox 1164 1956 1277 1982; x_wconf 83' lang='lat' dir='ltr'><strong>peregre</strong></span> <span class='ocrx_word' id='word_1_621' title='bbox 1295 1948 1449 1980; x_wconf 75' lang='lat' dir='ltr'><strong>abl‘uimns,</strong></span> <span class='ocrx_word' id='word_1_622' title='bbox 1468 1948 1548 1982; x_wconf 88' lang='lat' dir='ltr'><strong>idque</strong></span> <span class='ocrx_word' id='word_1_623' title='bbox 1565 1951 1650 1973; x_wconf 90' lang='lat' dir='ltr'><strong>totmn</strong></span> <span class='ocrx_word' id='word_1_624' title='bbox 1668 1951 1738 1973; x_wconf 80' lang='lat' dir='ltr'><strong>tem~</strong></span> 
     </span>
    </p>
   </div>
   <div class='ocr_carea' id='block_1_87' title="bbox 961 1992 1739 2029">
    <p class='ocr_par' dir='ltr' id='par_1_87' title="bbox 961 1992 1739 2029">
     <span class='ocr_line' id='line_1_87' title="bbox 961 1992 1739 2029; baseline -0.004 -8"><span class='ocrx_word' id='word_1_625' title='bbox 961 2002 1011 2029; x_wconf 91' lang='lat' dir='ltr'><strong>pus</strong></span> <span class='ocrx_word' id='word_1_626' title='bbox 1025 1995 1090 2021; x_wconf 90' lang='lat' dir='ltr'><strong>salvi</strong></span> <span class='ocrx_word' id='word_1_627' title='bbox 1107 1994 1181 2021; x_wconf 78' lang='lat' dir='ltr'><strong>fuere</strong></span> <span class='ocrx_word' id='word_1_628' title='bbox 1198 1993 1352 2020; x_wconf 87' lang='lat' dir='ltr'><strong>Phocenses</strong></span> <span class='ocrx_word' id='word_1_629' title='bbox 1365 2002 1372 2025; x_wconf 85' lang='lat'><strong>;</strong></span> <span class='ocrx_word' id='word_1_630' title='bbox 1389 1993 1571 2027; x_wconf 73' lang='lat' dir='ltr'><strong>rcdiimusque</strong></span> <span class='ocrx_word' id='word_1_631' title='bbox 1582 1993 1615 2019; x_wconf 88' lang='lat' dir='ltr'><strong>ab</strong></span> <span class='ocrx_word' id='word_1_632' title='bbox 1626 2000 1656 2019; x_wconf 90' lang='lat' dir='ltr'><strong>ea</strong></span> <span class='ocrx_word' id='word_1_633' title='bbox 1667 1992 1739 2026; x_wconf 56' lang='lat' dir='ltr'><strong>lega.</strong></span> 
     </span>
    </p>
   </div>
   <div class='ocr_carea' id='block_1_88' title="bbox 962 2037 1740 2074">
    <p class='ocr_par' dir='ltr' id='par_1_88' title="bbox 962 2037 1740 2074">
     <span class='ocr_line' id='line_1_88' title="bbox 962 2037 1740 2074; baseline -0.004 -7"><span class='ocrx_word' id='word_1_634' title='bbox 962 2040 1034 2067; x_wconf 90' lang='lat' dir='ltr'><strong>tione</strong></span> <span class='ocrx_word' id='word_1_635' title='bbox 1050 2040 1082 2067; x_wconf 89' lang='lat' dir='ltr'><strong>de</strong></span> <span class='ocrx_word' id='word_1_636' title='bbox 1096 2038 1291 2074; x_wconf 83' lang='lat' dir='ltr'><strong>jurejurando,</strong></span> <span class='ocrx_word' id='word_1_637' title='bbox 1307 2039 1413 2066; x_wconf 89' lang='lat' dir='ltr'><strong>decimo</strong></span> <span class='ocrx_word' id='word_1_638' title='bbox 1429 2040 1508 2066; x_wconf 86' lang='lat' dir='ltr'><strong>tertio</strong></span> <span class='ocrx_word' id='word_1_639' title='bbox 1528 2039 1571 2065; x_wconf 87' lang='lat' dir='ltr'><strong>die</strong></span> <span class='ocrx_word' id='word_1_640' title='bbox 1591 2037 1740 2072; x_wconf 88' lang='lat' dir='ltr'><strong>Sciropho-</strong></span> 
     </span>
    </p>
   </div>
   <div class='ocr_carea' id='block_1_89' title="bbox 961 2084 1740 2118">
    <p class='ocr_par' dir='ltr' id='par_1_89' title="bbox 961 2084 1740 2118">
     <span class='ocr_line' id='line_1_89' title="bbox 961 2084 1740 2118; baseline -0.001 -6"><span class='ocrx_word' id='word_1_641' title='bbox 961 2086 1056 2113; x_wconf 88' lang='lat' dir='ltr'><strong>rionis.</strong></span> <span class='ocrx_word' id='word_1_642' title='bbox 1082 2095 1090 2110; x_wconf 75' lang='grc' dir='ltr'><strong>ι</strong></span> <span class='ocrx_word' id='word_1_643' title='bbox 1115 2085 1147 2111; x_wconf 87' lang='lat' dir='ltr'><strong>Et</strong></span> <span class='ocrx_word' id='word_1_644' title='bbox 1172 2085 1317 2112; x_wconf 58' lang='lat' dir='ltr'><strong>[Eschines</strong></span> <span class='ocrx_word' id='word_1_645' title='bbox 1343 2092 1407 2111; x_wconf 73' lang='lat' dir='ltr'><strong>vero</strong></span> <span class='ocrx_word' id='word_1_646' title='bbox 1435 2085 1462 2111; x_wconf 90' lang='lat' dir='ltr'><strong>in</strong></span> <span class='ocrx_word' id='word_1_647' title='bbox 1488 2084 1641 2118; x_wconf 77' lang='lat' dir='ltr'><strong>Defensione</strong></span> <span class='ocrx_word' id='word_1_648' title='bbox 1665 2084 1740 2117; x_wconf 66' lang='lat' dir='ltr'><strong>falsa</strong></span> 
     </span>
    </p>
   </div>
   <div class='ocr_carea' id='block_1_90' title="bbox 962 2127 1739 2165">
    <p class='ocr_par' dir='ltr' id='par_1_90' title="bbox 962 2127 1739 2165">
     <span class='ocr_line' id='line_1_90' title="bbox 962 2127 1739 2165; baseline -0.004 -9"><span class='ocrx_word' id='word_1_649' title='bbox 962 2130 1099 2165; x_wconf 72' lang='lat' dir='ltr'><strong>legationis</strong></span> <span class='ocrx_word' id='word_1_650' title='bbox 1112 2149 1119 2162; x_wconf 92' lang='lat'><strong>,</strong></span> <span class='ocrx_word' id='word_1_651' title='bbox 1144 2137 1206 2156; x_wconf 90' lang='lat' dir='ltr'><strong>cum</strong></span> <span class='ocrx_word' id='word_1_652' title='bbox 1222 2134 1284 2157; x_wconf 86' lang='lat' dir='ltr'><strong>ante</strong></span> <span class='ocrx_word' id='word_1_653' title='bbox 1301 2129 1412 2156; x_wconf 79' lang='lat' dir='ltr'><strong>dixisset</strong></span> <span class='ocrx_word' id='word_1_654' title='bbox 1423 2148 1430 2160; x_wconf 88' lang='lat'><strong>,</strong></span> <span class='ocrx_word' id='word_1_655' title='bbox 1447 2128 1589 2163; x_wconf 78' lang='lat' dir='ltr'><strong>epistolam</strong></span> <span class='ocrx_word' id='word_1_656' title='bbox 1607 2135 1654 2162; x_wconf 85' lang='lat' dir='ltr'><strong>per</strong></span> <span class='ocrx_word' id='word_1_657' title='bbox 1668 2127 1739 2154; x_wconf 88' lang='lat' dir='ltr'><strong>Cha-</strong></span> 
     </span>
    </p>
   </div>
   <div class='ocr_carea' id='block_1_91' title="bbox 962 2173 1741 2210">
    <p class='ocr_par' dir='ltr' id='par_1_91' title="bbox 962 2173 1741 2210">
     <span class='ocr_line' id='line_1_91' title="bbox 962 2173 1741 2210; baseline -0.003 -7"><span class='ocrx_word' id='word_1_658' title='bbox 962 2180 1045 2203; x_wconf 85' lang='lat' dir='ltr'><strong>retem</strong></span> <span class='ocrx_word' id='word_1_659' title='bbox 1061 2176 1189 2210; x_wconf 83' lang='lat' dir='ltr'><strong>scriptam</strong></span> <span class='ocrx_word' id='word_1_660' title='bbox 1203 2183 1263 2203; x_wconf 87' lang='lat' dir='ltr'><strong>esse</strong></span> <span class='ocrx_word' id='word_1_661' title='bbox 1277 2178 1353 2202; x_wconf 79' lang='lat' dir='ltr'><strong>sexto</strong></span> <span class='ocrx_word' id='word_1_662' title='bbox 1365 2175 1415 2202; x_wconf 89' lang='lat' dir='ltr'><strong>sub</strong></span> <span class='ocrx_word' id='word_1_663' title='bbox 1430 2175 1507 2201; x_wconf 84' lang='lat' dir='ltr'><strong>ﬁnem</strong></span> <span class='ocrx_word' id='word_1_664' title='bbox 1521 2173 1741 2208; x_wconf 88' lang='lat' dir='ltr'><strong>Elaphebolionis</strong></span> 
     </span>
    </p>
   </div>
   <div class='ocr_carea' id='block_1_92' title="bbox 132 2219 907 2261">
    <p class='ocr_par' dir='ltr' id='par_1_92' title="bbox 132 2223 900 2261">
     <span class='ocr_line' id='line_1_92' title="bbox 132 2223 900 2261; baseline -0.004 -10"><span class='ocrx_word' id='word_1_665' title='bbox 132 2225 282 2261; x_wconf 76' lang='grc' dir='ltr'>φθίνοντος,</span> <span class='ocrx_word' id='word_1_666' title='bbox 301 2225 436 2260; x_wconf 77' lang='grc' dir='ltr'>ἐπήνεγκε</span> <span class='ocrx_word' id='word_1_667' title='bbox 460 2224 536 2250; x_wconf 75' lang='grc' dir='ltr'>τάδε·</span> <span class='ocrx_word' id='word_1_668' title='bbox 559 2233 568 2249; x_wconf 76' lang='grc' dir='ltr'><strong>ι</strong></span> <span class='ocrx_word' id='word_1_669' title='bbox 589 2223 730 2253; x_wconf 79' lang='grc' dir='ltr'>Ἀκούετε,</span> <span class='ocrx_word' id='word_1_670' title='bbox 752 2223 792 2249; x_wconf 77' lang='grc' dir='ltr'>ὅτι</span> <span class='ocrx_word' id='word_1_671' title='bbox 808 2223 900 2248; x_wconf 88' lang='grc' dir='ltr'>Μουνυ</span> 
     </span>
    </p>
   </div>
   <div class='ocr_carea' id='block_1_93' title="bbox 959 2219 1742 2261">
    <p class='ocr_par' dir='ltr' id='par_1_93' title="bbox 965 2219 1742 2255">
     <span class='ocr_line' id='line_1_93' title="bbox 965 2219 1742 2255; baseline -0.005 -6"><span class='ocrx_word' id='word_1_672' title='bbox 965 2221 1023 2253; x_wconf 90' lang='lat' dir='ltr'><strong>die,</strong></span> <span class='ocrx_word' id='word_1_673' title='bbox 1039 2221 1096 2248; x_wconf 65' lang='lat' dir='ltr'><strong>haec</strong></span> <span class='ocrx_word' id='word_1_674' title='bbox 1111 2221 1226 2249; x_wconf 84' lang='lat' dir='ltr'><strong>subinde</strong></span> <span class='ocrx_word' id='word_1_675' title='bbox 1242 2221 1331 2248; x_wconf 89' lang='lat' dir='ltr'><strong>intulit</strong></span> <span class='ocrx_word' id='word_1_676' title='bbox 1349 2230 1355 2247; x_wconf 91' lang='lat'>:</span> <span class='ocrx_word' id='word_1_677' title='bbox 1373 2230 1382 2245; x_wconf 78' lang='grc' dir='ltr'><strong>ι</strong></span> <span class='ocrx_word' id='word_1_678' title='bbox 1396 2219 1504 2247; x_wconf 81' lang='lat' dir='ltr'><strong>Auditis</strong></span> <span class='ocrx_word' id='word_1_679' title='bbox 1519 2219 1647 2255; x_wconf 87' lang='lat' dir='ltr'><strong>(inquit)</strong></span> <span class='ocrx_word' id='word_1_680' title='bbox 1663 2226 1742 2253; x_wconf 78' lang='lat' dir='ltr'><strong>roga-</strong></span> 
     </span>
    </p>
   </div>
   <div class='ocr_carea' id='block_1_94' title="bbox 131 2268 911 2307">
    <p class='ocr_par' dir='ltr' id='par_1_94' title="bbox 131 2268 911 2307">
     <span class='ocr_line' id='line_1_94' title="bbox 131 2268 911 2307; baseline -0.005 -10"><span class='ocrx_word' id='word_1_681' title='bbox 131 2271 230 2307; x_wconf 80' lang='grc' dir='ltr'>χιῶνος</span> <span class='ocrx_word' id='word_1_682' title='bbox 252 2270 386 2305; x_wconf 74' lang='grc' dir='ltr'>ἐψηφίσθη</span> <span class='ocrx_word' id='word_1_683' title='bbox 404 2269 481 2305; x_wconf 80' lang='grc' dir='ltr'>τρίτῃ</span> <span class='ocrx_word' id='word_1_684' title='bbox 505 2269 663 2304; x_wconf 72' lang='grc' dir='ltr'>ἱσταμένου·</span> <span class='ocrx_word' id='word_1_685' title='bbox 684 2270 697 2295; x_wconf 85' lang='grc' dir='ltr'>ὁ</span> <span class='ocrx_word' id='word_1_686' title='bbox 716 2268 744 2294; x_wconf 83' lang='grc' dir='ltr'>δὲ</span> <span class='ocrx_word' id='word_1_687' title='bbox 761 2268 911 2303; x_wconf 84' lang='grc' dir='ltr'>Κερσοκλέ-</span> 
     </span>
    </p>
   </div>
   <div class='ocr_carea' id='block_1_95' title="bbox 132 2314 913 2352">
    <p class='ocr_par' dir='ltr' id='par_1_95' title="bbox 132 2314 913 2352">
     <span class='ocr_line' id='line_1_95' title="bbox 132 2314 913 2352; baseline -0.004 -9"><span class='ocrx_word' id='word_1_688' title='bbox 132 2324 205 2352; x_wconf 72' lang='grc' dir='ltr'>πης</span> <span class='ocrx_word' id='word_1_689' title='bbox 221 2317 317 2348; x_wconf 84' lang='grc' dir='ltr'>πόσαις</span> <span class='ocrx_word' id='word_1_690' title='bbox 332 2315 464 2351; x_wconf 79' lang='grc' dir='ltr'>πρότερον</span> <span class='ocrx_word' id='word_1_691' title='bbox 485 2315 602 2351; x_wconf 78' lang='grc' dir='ltr'>ἡμέραις</span> <span class='ocrx_word' id='word_1_692' title='bbox 617 2315 742 2341; x_wconf 80' lang='grc' dir='ltr'>ἀπώλεσε</span> <span class='ocrx_word' id='word_1_693' title='bbox 767 2315 817 2350; x_wconf 83' lang='grc' dir='ltr'>τὴν</span> <span class='ocrx_word' id='word_1_694' title='bbox 840 2314 913 2350; x_wconf 81' lang='grc' dir='ltr'><strong>Θρᾴ-</strong></span> 
     </span>
    </p>
   </div>
   <div class='ocr_carea' id='block_1_96' title="bbox 132 2359 912 2397">
    <p class='ocr_par' dir='ltr' id='par_1_96' title="bbox 132 2359 912 2397">
     <span class='ocr_line' id='line_1_96' title="bbox 132 2359 912 2397; baseline -0.005 -8"><span class='ocrx_word' id='word_1_695' title='bbox 132 2370 196 2397; x_wconf 81' lang='grc' dir='ltr'>κην,</span> <span class='ocrx_word' id='word_1_696' title='bbox 212 2362 276 2397; x_wconf 76' lang='grc' dir='ltr'>πρὶν</span> <span class='ocrx_word' id='word_1_697' title='bbox 299 2362 348 2396; x_wconf 79' lang='grc' dir='ltr'>ἐμὲ</span> <span class='ocrx_word' id='word_1_698' title='bbox 363 2360 487 2393; x_wconf 81' lang='grc' dir='ltr'>ἀπιέναι;</span> <span class='ocrx_word' id='word_1_699' title='bbox 502 2359 540 2391; x_wconf 84' lang='grc' dir='ltr'>ὥς</span> <span class='ocrx_word' id='word_1_700' title='bbox 563 2368 629 2395; x_wconf 79' lang='grc' dir='ltr'>φησι</span> <span class='ocrx_word' id='word_1_701' title='bbox 645 2360 739 2394; x_wconf 83' lang='grc' dir='ltr'>Χάρης</span> <span class='ocrx_word' id='word_1_702' title='bbox 753 2360 912 2395; x_wconf 84' lang='grc' dir='ltr'>στρατηγὸς,</span> 
     </span>
    </p>
   </div>
   <div class='ocr_carea' id='block_1_97' title="bbox 132 2405 914 2442">
    <p class='ocr_par' dir='ltr' id='par_1_97' title="bbox 132 2405 914 2442">
     <span class='ocr_line' id='line_1_97' title="bbox 132 2405 914 2442; baseline -0.005 -7"><span class='ocrx_word' id='word_1_703' title='bbox 132 2409 182 2435; x_wconf 77' lang='grc' dir='ltr'><strong>καὶ</strong></span> <span class='ocrx_word' id='word_1_704' title='bbox 208 2408 352 2442; x_wconf 74' lang='grc' dir='ltr'>ἐπιστολὴ,</span> <span class='ocrx_word' id='word_1_705' title='bbox 365 2407 412 2433; x_wconf 76' lang='grc' dir='ltr'>τοῦ</span> <span class='ocrx_word' id='word_1_706' title='bbox 430 2406 562 2442; x_wconf 84' lang='grc' dir='ltr'>προτέρου</span> <span class='ocrx_word' id='word_1_707' title='bbox 581 2406 679 2441; x_wconf 82' lang='grc' dir='ltr'>μηνός·</span> <span class='ocrx_word' id='word_1_708' title='bbox 701 2406 780 2441; x_wconf 69' lang='grc' dir='ltr'>εἴπερ</span> <span class='ocrx_word' id='word_1_709' title='bbox 800 2405 914 2442; x_wconf 77' lang='grc' dir='ltr'>Ἐλαφη-</span> 
     </span>
    </p>
   </div>
   <div class='ocr_carea' id='block_1_98' title="bbox 133 2453 687 2489">
    <p class='ocr_par' dir='ltr' id='par_1_98' title="bbox 133 2453 687 2489">
     <span class='ocr_line' id='line_1_98' title="bbox 133 2453 687 2489; baseline -0.005 -8"><span class='ocrx_word' id='word_1_710' title='bbox 133 2454 231 2482; x_wconf 75' lang='grc' dir='ltr'>ϐολιών</span> <span class='ocrx_word' id='word_1_711' title='bbox 245 2456 301 2481; x_wconf 80' lang='grc' dir='ltr'>ἐστι</span> <span class='ocrx_word' id='word_1_712' title='bbox 316 2453 506 2489; x_wconf 84' lang='grc' dir='ltr'>Μουνυχιῶνος</span> <span class='ocrx_word' id='word_1_713' title='bbox 523 2453 661 2488; x_wconf 82' lang='grc' dir='ltr'>πρότερος.</span> <span class='ocrx_word' id='word_1_714' title='bbox 679 2462 687 2478; x_wconf 76' lang='grc' dir='ltr'><strong>ι</strong></span> 
     </span>
    </p>
   </div>
   <div class='ocr_carea' id='block_1_99' title="bbox 195 2518 854 2556">
    <p class='ocr_par' dir='ltr' id='par_1_99' title="bbox 195 2518 854 2556">
     <span class='ocr_line' id='line_1_99' title="bbox 195 2518 854 2556; baseline -0.006 -8"><span class='ocrx_word' id='word_1_715' title='bbox 195 2523 255 2548; x_wconf 86' lang='grc' dir='ltr'><strong>Ὅτι</strong></span> <span class='ocrx_word' id='word_1_716' title='bbox 269 2521 333 2556; x_wconf 80' lang='grc' dir='ltr'>περὶ</span> <span class='ocrx_word' id='word_1_717' title='bbox 349 2518 545 2555; x_wconf 83' lang='grc' dir='ltr'>Μουνυχιῶνα</span> <span class='ocrx_word' id='word_1_718' title='bbox 559 2520 577 2554; x_wconf 82' lang='grc' dir='ltr'><strong><em>ή</em></strong></span> <span class='ocrx_word' id='word_1_719' title='bbox 594 2518 696 2552; x_wconf 73' lang='grc' dir='ltr'>ἐαρινὴ</span> <span class='ocrx_word' id='word_1_720' title='bbox 710 2518 854 2553; x_wconf 82' lang='grc' dir='ltr'>ίσημερία.</span> 
     </span>
    </p>
   </div>
   <div class='ocr_carea' id='block_1_100' title="bbox 170 2588 915 2627">
    <p class='ocr_par' dir='ltr' id='par_1_100' title="bbox 170 2588 915 2627">
     <span class='ocr_line' id='line_1_100' title="bbox 170 2588 915 2627; baseline -0.008 -8"><span class='ocrx_word' id='word_1_721' title='bbox 170 2595 206 2619; x_wconf 85' lang='lat' dir='ltr'><strong>A&#39;.</strong></span> <span class='ocrx_word' id='word_1_722' title='bbox 226 2592 308 2627; x_wconf 79' lang='grc' dir='ltr'>Δῆλον</span> <span class='ocrx_word' id='word_1_723' title='bbox 324 2592 352 2618; x_wconf 77' lang='grc' dir='ltr'>δὲ</span> <span class='ocrx_word' id='word_1_724' title='bbox 365 2591 435 2618; x_wconf 74' lang='grc' dir='ltr'>τοῦτ’</span> <span class='ocrx_word' id='word_1_725' title='bbox 453 2590 517 2616; x_wconf 75' lang='grc' dir='ltr'>αὐτὸ</span> <span class='ocrx_word' id='word_1_726' title='bbox 531 2590 577 2616; x_wconf 75' lang='grc' dir='ltr'><strong>καὶ</strong></span> <span class='ocrx_word' id='word_1_727' title='bbox 594 2590 625 2615; x_wconf 83' lang='grc' dir='ltr'>ὲκ</span> <span class='ocrx_word' id='word_1_728' title='bbox 637 2588 683 2615; x_wconf 79' lang='grc' dir='ltr'>τοῦ</span> <span class='ocrx_word' id='word_1_729' title='bbox 697 2588 750 2614; x_wconf 84' lang='grc' dir='ltr'>δεῖν</span> <span class='ocrx_word' id='word_1_730' title='bbox 768 2589 838 2623; x_wconf 82' lang='grc' dir='ltr'>μῆνα</span> <span class='ocrx_word' id='word_1_731' title='bbox 855 2597 915 2615; x_wconf 82' lang='grc' dir='ltr'>συν-</span> 
     </span>
    </p>
   </div>
   <div class='ocr_carea' id='block_1_101' title="bbox 134 2633 914 2674">
    <p class='ocr_par' dir='ltr' id='par_1_101' title="bbox 134 2633 914 2674">
     <span class='ocr_line' id='line_1_101' title="bbox 134 2633 914 2674; baseline -0.009 -8"><span class='ocrx_word' id='word_1_732' title='bbox 134 2640 185 2674; x_wconf 83' lang='grc' dir='ltr'><strong>εχῆ</strong></span> <span class='ocrx_word' id='word_1_733' title='bbox 199 2636 277 2665; x_wconf 72' lang='grc' dir='ltr'>εἶναι.</span> <span class='ocrx_word' id='word_1_734' title='bbox 293 2638 355 2672; x_wconf 70' lang='grc' dir='ltr'>περὶ</span> <span class='ocrx_word' id='word_1_735' title='bbox 367 2637 395 2663; x_wconf 75' lang='grc' dir='ltr'>ὃν</span> <span class='ocrx_word' id='word_1_736' title='bbox 409 2635 536 2671; x_wconf 76' lang='grc' dir='ltr'>ίσημερία</span> <span class='ocrx_word' id='word_1_737' title='bbox 549 2635 652 2670; x_wconf 81' lang='grc' dir='ltr'>ὲαρινή.</span> <span class='ocrx_word' id='word_1_738' title='bbox 662 2634 727 2669; x_wconf 70' lang='grc' dir='ltr'>Περὶ</span> <span class='ocrx_word' id='word_1_739' title='bbox 739 2633 914 2668; x_wconf 83' lang='grc' dir='ltr'>Μουνυχιῶνα</span> 
     </span>
    </p>
   </div>
   <div class='ocr_carea' id='block_1_102' title="bbox 134 2679 913 2718">
    <p class='ocr_par' dir='ltr' id='par_1_102' title="bbox 134 2679 913 2718">
     <span class='ocr_line' id='line_1_102' title="bbox 134 2679 913 2718; baseline -0.006 -8"><span class='ocrx_word' id='word_1_740' title='bbox 134 2685 163 2711; x_wconf 74' lang='grc' dir='ltr'>δὲ</span> <span class='ocrx_word' id='word_1_741' title='bbox 179 2684 257 2718; x_wconf 72' lang='grc' dir='ltr'>αὕτη.</span> <span class='ocrx_word' id='word_1_742' title='bbox 267 2683 437 2718; x_wconf 56' lang='grc' dir='ltr'>Θεόφραστος</span> <span class='ocrx_word' id='word_1_743' title='bbox 447 2682 500 2716; x_wconf 77' lang='grc' dir='ltr'><strong>γὰρ</strong></span> <span class='ocrx_word' id='word_1_744' title='bbox 517 2682 545 2707; x_wconf 83' lang='grc' dir='ltr'><strong>ἐν</strong></span> <span class='ocrx_word' id='word_1_745' title='bbox 561 2682 616 2711; x_wconf 85' lang='grc' dir='ltr'>τοῖς</span> <span class='ocrx_word' id='word_1_746' title='bbox 631 2681 720 2711; x_wconf 83' lang='grc' dir='ltr'>αὐτοῖς</span> <span class='ocrx_word' id='word_1_747' title='bbox 733 2680 795 2715; x_wconf 69' lang='grc' dir='ltr'>περὶ</span> <span class='ocrx_word' id='word_1_748' title='bbox 807 2679 913 2714; x_wconf 75' lang='grc' dir='ltr'>ἁροτοῦ,</span> 
     </span>
    </p>
   </div>
   <div class='ocr_carea' id='block_1_103' title="bbox 135 2724 913 2764">
    <p class='ocr_par' dir='ltr' id='par_1_103' title="bbox 135 2724 913 2764">
     <span class='ocr_line' id='line_1_103' title="bbox 135 2724 913 2764; baseline -0.008 -8"><span class='ocrx_word' id='word_1_749' title='bbox 135 2731 231 2764; x_wconf 78' lang='grc' dir='ltr'>ὥσπερ</span> <span class='ocrx_word' id='word_1_750' title='bbox 244 2729 296 2755; x_wconf 63' lang='grc' dir='ltr'><strong>ἀπο</strong></span> <span class='ocrx_word' id='word_1_751' title='bbox 308 2728 414 2763; x_wconf 84' lang='grc' dir='ltr'>τροπῶν</span> <span class='ocrx_word' id='word_1_752' title='bbox 430 2725 497 2753; x_wconf 78' lang='grc' dir='ltr'><strong>εἶναί</strong></span> <span class='ocrx_word' id='word_1_753' title='bbox 509 2735 574 2762; x_wconf 74' lang='grc' dir='ltr'>φησι</span> <span class='ocrx_word' id='word_1_754' title='bbox 584 2727 632 2761; x_wconf 86' lang='grc' dir='ltr'>τὴν</span> <span class='ocrx_word' id='word_1_755' title='bbox 645 2726 730 2760; x_wconf 83' lang='grc' dir='ltr'>ἀρχὴν</span> <span class='ocrx_word' id='word_1_756' title='bbox 740 2724 785 2751; x_wconf 76' lang='grc' dir='ltr'><strong>τοῦ</strong></span> <span class='ocrx_word' id='word_1_757' title='bbox 797 2725 913 2760; x_wconf 81' lang='grc' dir='ltr'>πρώτου,</span> 
     </span>
    </p>
   </div>
   <div class='ocr_carea' id='block_1_104' title="bbox 136 2769 916 2809">
    <p class='ocr_par' dir='ltr' id='par_1_104' title="bbox 136 2769 916 2809">
     <span class='ocr_line' id='line_1_104' title="bbox 136 2769 916 2809; baseline -0.006 -8"><span class='ocrx_word' id='word_1_758' title='bbox 136 2776 183 2802; x_wconf 70' lang='grc' dir='ltr'><strong>καὶ</strong></span> <span class='ocrx_word' id='word_1_759' title='bbox 197 2769 323 2809; x_wconf 80' lang='grc' dir='ltr'>δευτέρου</span> <span class='ocrx_word' id='word_1_760' title='bbox 339 2774 392 2800; x_wconf 85' lang='grc' dir='ltr'><strong>τῶν</strong></span> <span class='ocrx_word' id='word_1_761' title='bbox 402 2772 515 2809; x_wconf 81' lang='grc' dir='ltr'>ἀροτῶν,</span> <span class='ocrx_word' id='word_1_762' title='bbox 527 2773 564 2804; x_wconf 85' lang='grc' dir='ltr'>ὡς</span> <span class='ocrx_word' id='word_1_763' title='bbox 578 2772 624 2798; x_wconf 82' lang='grc' dir='ltr'><strong>καὶ</strong></span> <span class='ocrx_word' id='word_1_764' title='bbox 635 2771 683 2806; x_wconf 85' lang='grc' dir='ltr'>τὴν</span> <span class='ocrx_word' id='word_1_765' title='bbox 698 2770 744 2797; x_wconf 80' lang='grc' dir='ltr'>τοῦ</span> <span class='ocrx_word' id='word_1_766' title='bbox 759 2770 848 2806; x_wconf 81' lang='grc' dir='ltr'>τρίτον</span> <span class='ocrx_word' id='word_1_767' title='bbox 863 2771 916 2797; x_wconf 79' lang='grc' dir='ltr'>ἀπὸ</span> 
     </span>
    </p>
   </div>
   <div class='ocr_carea' id='block_1_105' title="bbox 138 2816 915 2856">
    <p class='ocr_par' dir='ltr' id='par_1_105' title="bbox 138 2816 915 2856">
     <span class='ocr_line' id='line_1_105' title="bbox 138 2816 915 2856; baseline -0.006 -8"><span class='ocrx_word' id='word_1_768' title='bbox 138 2821 285 2856; x_wconf 72' lang='grc' dir='ltr'>ἰσημερίας</span> <span class='ocrx_word' id='word_1_769' title='bbox 302 2820 410 2856; x_wconf 84' lang='grc' dir='ltr'>ἐαρινῆς</span> <span class='ocrx_word' id='word_1_770' title='bbox 426 2817 494 2846; x_wconf 82' lang='grc' dir='ltr'>εἶναι</span> <span class='ocrx_word' id='word_1_771' title='bbox 513 2817 730 2853; x_wconf 78' lang='grc' dir='ltr'>ἐνδεικνύμενος·</span> <span class='ocrx_word' id='word_1_772' title='bbox 746 2827 754 2842; x_wconf 83' lang='grc' dir='ltr'><strong>ι</strong></span> <span class='ocrx_word' id='word_1_773' title='bbox 773 2817 854 2852; x_wconf 85' lang='grc' dir='ltr'>Ἀρχὴ</span> <span class='ocrx_word' id='word_1_774' title='bbox 869 2816 915 2843; x_wconf 83' lang='grc' dir='ltr'>τοῦ</span> 
     </span>
    </p>
   </div>
   <div class='ocr_carea' id='block_1_106' title="bbox 137 2863 914 2897">
    <p class='ocr_par' dir='ltr' id='par_1_106' title="bbox 137 2863 914 2897">
     <span class='ocr_line' id='line_1_106' title="bbox 137 2863 914 2897; baseline -0.006 -3"><span class='ocrx_word' id='word_1_775' title='bbox 137 2867 241 2897; x_wconf 75' lang='grc' dir='ltr'>τοίτου,</span> <span class='ocrx_word' id='word_1_776' title='bbox 259 2876 267 2891; x_wconf 74' lang='grc' dir='ltr'><strong>ι</strong></span> <span class='ocrx_word' id='word_1_777' title='bbox 284 2866 376 2897; x_wconf 67' lang='grc' dir='ltr'>φησὶν,</span> <span class='ocrx_word' id='word_1_778' title='bbox 394 2876 402 2892; x_wconf 79' lang='grc' dir='ltr'><strong>ι</strong></span> <span class='ocrx_word' id='word_1_779' title='bbox 413 2865 441 2892; x_wconf 82' lang='grc' dir='ltr'>ὃν</span> <span class='ocrx_word' id='word_1_780' title='bbox 456 2864 565 2892; x_wconf 78' lang='grc' dir='ltr'>καλοῦσι</span> <span class='ocrx_word' id='word_1_781' title='bbox 579 2863 692 2897; x_wconf 82' lang='grc' dir='ltr'>Θερινὸν,</span> <span class='ocrx_word' id='word_1_782' title='bbox 713 2863 898 2896; x_wconf 73' lang='grc' dir='ltr'>Μουνυχιῶνος</span> <span class='ocrx_word' id='word_1_783' title='bbox 908 2871 914 2877; x_wconf 87' lang='grc'>·</span> 
     </span>
    </p>
   </div>
   <div class='ocr_carea' id='block_1_107' title="bbox 964 2264 1754 2302">
    <p class='ocr_par' dir='ltr' id='par_1_107' title="bbox 964 2264 1754 2302">
     <span class='ocr_line' id='line_1_107' title="bbox 964 2264 1754 2302; baseline -0.004 -8"><span class='ocrx_word' id='word_1_784' title='bbox 964 2268 1064 2295; x_wconf 83' lang='lat' dir='ltr'><strong>tionem</strong></span> <span class='ocrx_word' id='word_1_785' title='bbox 1080 2268 1107 2294; x_wconf 94' lang='lat' dir='ltr'><strong>in</strong></span> <span class='ocrx_word' id='word_1_786' title='bbox 1122 2268 1222 2302; x_wconf 89' lang='lat' dir='ltr'><strong>populo</strong></span> <span class='ocrx_word' id='word_1_787' title='bbox 1239 2267 1335 2294; x_wconf 82' lang='lat' dir='ltr'><strong>scitam</strong></span> <span class='ocrx_word' id='word_1_788' title='bbox 1352 2265 1437 2293; x_wconf 81' lang='lat' dir='ltr'><strong>fuisse</strong></span> <span class='ocrx_word' id='word_1_789' title='bbox 1452 2266 1532 2293; x_wconf 76' lang='lat' dir='ltr'><strong>tertio</strong></span> <span class='ocrx_word' id='word_1_790' title='bbox 1552 2264 1754 2299; x_wconf 77' lang='lat' dir='ltr'><strong>Munychionis.</strong></span> 
     </span>
    </p>
   </div>
   <div class='ocr_carea' id='block_1_108' title="bbox 964 2310 1742 2347">
    <p class='ocr_par' dir='ltr' id='par_1_108' title="bbox 964 2310 1742 2347">
     <span class='ocr_line' id='line_1_108' title="bbox 964 2310 1742 2347; baseline -0.004 -7"><span class='ocrx_word' id='word_1_791' title='bbox 964 2313 1025 2341; x_wconf 86' lang='lat' dir='ltr'><strong>die:</strong></span> <span class='ocrx_word' id='word_1_792' title='bbox 1041 2321 1134 2341; x_wconf 83' lang='lat' dir='ltr'><strong>verum</strong></span> <span class='ocrx_word' id='word_1_793' title='bbox 1151 2316 1217 2347; x_wconf 88' lang='lat' dir='ltr'><strong>quot</strong></span> <span class='ocrx_word' id='word_1_794' title='bbox 1231 2313 1306 2347; x_wconf 88' lang='lat' dir='ltr'><strong>prius</strong></span> <span class='ocrx_word' id='word_1_795' title='bbox 1327 2312 1422 2339; x_wconf 80' lang='lat' dir='ltr'><strong>diebus</strong></span> <span class='ocrx_word' id='word_1_796' title='bbox 1444 2311 1631 2346; x_wconf 80' lang='lat' dir='ltr'><strong>Cersoclcpte‘s</strong></span> <span class='ocrx_word' id='word_1_797' title='bbox 1655 2310 1742 2337; x_wconf 87' lang='lat' dir='ltr'><strong>Thra-</strong></span> 
     </span>
    </p>
   </div>
   <div class='ocr_carea' id='block_1_109' title="bbox 963 2355 1750 2394">
    <p class='ocr_par' dir='ltr' id='par_1_109' title="bbox 963 2355 1750 2394">
     <span class='ocr_line' id='line_1_109' title="bbox 963 2355 1750 2394; baseline -0.006 -7"><span class='ocrx_word' id='word_1_798' title='bbox 963 2360 1033 2387; x_wconf 85' lang='lat' dir='ltr'><strong>ciam</strong></span> <span class='ocrx_word' id='word_1_799' title='bbox 1050 2359 1154 2392; x_wconf 84' lang='lat' dir='ltr'><strong>amisit,</strong></span> <span class='ocrx_word' id='word_1_800' title='bbox 1170 2366 1250 2394; x_wconf 90' lang='lat' dir='ltr'><strong>quam</strong></span> <span class='ocrx_word' id='word_1_801' title='bbox 1265 2359 1322 2392; x_wconf 89' lang='lat' dir='ltr'><strong>ipse</strong></span> <span class='ocrx_word' id='word_1_802' title='bbox 1336 2358 1453 2390; x_wconf 78' lang='lat' dir='ltr'><strong>abirem,</strong></span> <span class='ocrx_word' id='word_1_803' title='bbox 1466 2360 1496 2384; x_wconf 86' lang='lat' dir='ltr'><strong>ut</strong></span> <span class='ocrx_word' id='word_1_804' title='bbox 1512 2361 1626 2384; x_wconf 87' lang='lat' dir='ltr'><strong>testatur</strong></span> <span class='ocrx_word' id='word_1_805' title='bbox 1640 2355 1750 2383; x_wconf 88' lang='lat' dir='ltr'><strong>Chares.</strong></span> 
     </span>
    </p>
   </div>
   <div class='ocr_carea' id='block_1_110' title="bbox 965 2402 1739 2439">
    <p class='ocr_par' dir='ltr' id='par_1_110' title="bbox 965 2402 1739 2439">
     <span class='ocr_line' id='line_1_110' title="bbox 965 2402 1739 2439; baseline -0.006 -7"><span class='ocrx_word' id='word_1_806' title='bbox 965 2405 1123 2439; x_wconf 86' lang='lat' dir='ltr'><strong>imperator,</strong></span> <span class='ocrx_word' id='word_1_807' title='bbox 1139 2409 1164 2432; x_wconf 89' lang='lat' dir='ltr'><strong>et</strong></span> <span class='ocrx_word' id='word_1_808' title='bbox 1180 2403 1312 2437; x_wconf 79' lang='lat' dir='ltr'><strong>epistola,</strong></span> <span class='ocrx_word' id='word_1_809' title='bbox 1339 2403 1473 2437; x_wconf 89' lang='lat' dir='ltr'><strong>superiori</strong></span> <span class='ocrx_word' id='word_1_810' title='bbox 1500 2409 1592 2429; x_wconf 86' lang='lat' dir='ltr'><strong>mense</strong></span> <span class='ocrx_word' id='word_1_811' title='bbox 1615 2402 1739 2437; x_wconf 87' lang='lat' dir='ltr'><strong>epistola.</strong></span> 
     </span>
    </p>
   </div>
   <div class='ocr_carea' id='block_1_111' title="bbox 963 2449 1652 2485">
    <p class='ocr_par' dir='ltr' id='par_1_111' title="bbox 963 2449 1652 2485">
     <span class='ocr_line' id='line_1_111' title="bbox 963 2449 1652 2485; baseline -0.006 -7"><span class='ocrx_word' id='word_1_812' title='bbox 963 2451 1031 2478; x_wconf 88' lang='lat' dir='ltr'><strong>Nam</strong></span> <span class='ocrx_word' id='word_1_813' title='bbox 1048 2454 1124 2478; x_wconf 90' lang='lat' dir='ltr'><strong>certe</strong></span> <span class='ocrx_word' id='word_1_814' title='bbox 1137 2450 1331 2485; x_wconf 84' lang='lat' dir='ltr'><strong>Elaphebolion</strong></span> <span class='ocrx_word' id='word_1_815' title='bbox 1346 2449 1527 2485; x_wconf 77' lang='lat' dir='ltr'><strong>Munychione</strong></span> <span class='ocrx_word' id='word_1_816' title='bbox 1541 2449 1625 2484; x_wconf 90' lang='lat' dir='ltr'><strong>prior.</strong></span> <span class='ocrx_word' id='word_1_817' title='bbox 1642 2458 1652 2473; x_wconf 88' lang='grc'><strong>›</strong></span> 
     </span>
    </p>
   </div>
   <div class='ocr_carea' id='block_1_112' title="bbox 967 2515 1744 2553">
    <p class='ocr_par' dir='ltr' id='par_1_112' title="bbox 967 2515 1744 2553">
     <span class='ocr_line' id='line_1_112' title="bbox 967 2515 1744 2553; baseline -0.006 -7"><span class='ocrx_word' id='word_1_818' title='bbox 967 2519 1043 2553; x_wconf 82' lang='lat' dir='ltr'><strong>Quod</strong></span> <span class='ocrx_word' id='word_1_819' title='bbox 1063 2519 1135 2546; x_wconf 84' lang='lat' dir='ltr'><strong>circa</strong></span> <span class='ocrx_word' id='word_1_820' title='bbox 1152 2517 1352 2553; x_wconf 79' lang='lat' dir='ltr'><strong>Munychionem</strong></span> <span class='ocrx_word' id='word_1_821' title='bbox 1371 2518 1406 2545; x_wconf 77' lang='lat' dir='ltr'><strong>sit</strong></span> <span class='ocrx_word' id='word_1_822' title='bbox 1425 2525 1529 2545; x_wconf 77' lang='lat' dir='ltr'><strong>vernum</strong></span> <span class='ocrx_word' id='word_1_823' title='bbox 1547 2515 1744 2551; x_wconf 61' lang='lat' dir='ltr'><strong>aequinoctium.</strong></span> 
     </span>
    </p>
   </div>
   <div class='ocr_carea' id='block_1_113' title="bbox 1001 2582 1743 2621">
    <p class='ocr_par' dir='ltr' id='par_1_113' title="bbox 1001 2582 1743 2621">
     <span class='ocr_line' id='line_1_113' title="bbox 1001 2582 1743 2621; baseline -0.007 -8"><span class='ocrx_word' id='word_1_824' title='bbox 1001 2587 1044 2614; x_wconf 81' lang='lat' dir='ltr'><strong>IV.</strong></span> <span class='ocrx_word' id='word_1_825' title='bbox 1065 2586 1124 2613; x_wconf 82' lang='lat' dir='ltr'><strong>Jam</strong></span> <span class='ocrx_word' id='word_1_826' title='bbox 1142 2594 1206 2613; x_wconf 82' lang='lat' dir='ltr'><strong>vero</strong></span> <span class='ocrx_word' id='word_1_827' title='bbox 1224 2586 1249 2613; x_wconf 86' lang='lat' dir='ltr'><strong>id</strong></span> <span class='ocrx_word' id='word_1_828' title='bbox 1267 2587 1354 2621; x_wconf 91' lang='lat' dir='ltr'><strong>ipsum</strong></span> <span class='ocrx_word' id='word_1_829' title='bbox 1370 2588 1476 2613; x_wconf 86' lang='lat' dir='ltr'><strong>constat</strong></span> <span class='ocrx_word' id='word_1_830' title='bbox 1490 2592 1523 2611; x_wconf 82' lang='lat' dir='ltr'><strong>ex</strong></span> <span class='ocrx_word' id='word_1_831' title='bbox 1536 2591 1568 2611; x_wconf 90' lang='lat' dir='ltr'><strong>eo</strong></span> <span class='ocrx_word' id='word_1_832' title='bbox 1587 2582 1658 2618; x_wconf 87' lang='lat' dir='ltr'><strong>quod</strong></span> <span class='ocrx_word' id='word_1_833' title='bbox 1680 2582 1743 2609; x_wconf 57' lang='lat' dir='ltr'><strong>Eia.</strong></span> 
     </span>
    </p>
   </div>
   <div class='ocr_carea' id='block_1_114' title="bbox 965 2632 1741 2668">
    <p class='ocr_par' dir='ltr' id='par_1_114' title="bbox 965 2632 1741 2668">
     <span class='ocr_line' id='line_1_114' title="bbox 965 2632 1741 2668; baseline -0.008 -8"><span class='ocrx_word' id='word_1_834' title='bbox 965 2633 1120 2668; x_wconf 87' lang='lat' dir='ltr'><strong>phebolioni</strong></span> <span class='ocrx_word' id='word_1_835' title='bbox 1138 2640 1198 2659; x_wconf 89' lang='lat' dir='ltr'><strong>eum</strong></span> <span class='ocrx_word' id='word_1_836' title='bbox 1215 2639 1333 2659; x_wconf 84' lang='lat' dir='ltr'><strong>mensem</strong></span> <span class='ocrx_word' id='word_1_837' title='bbox 1349 2633 1509 2658; x_wconf 83' lang='lat' dir='ltr'><strong>continuum</strong></span> <span class='ocrx_word' id='word_1_838' title='bbox 1523 2637 1584 2657; x_wconf 80' lang='lat' dir='ltr'><strong>esse</strong></span> <span class='ocrx_word' id='word_1_839' title='bbox 1600 2632 1741 2662; x_wconf 82' lang='lat' dir='ltr'><strong>oporteat,</strong></span> 
     </span>
    </p>
   </div>
   <div class='ocr_carea' id='block_1_115' title="bbox 965 2667 1744 2712">
    <p class='ocr_par' dir='ltr' id='par_1_115' title="bbox 965 2667 1744 2712">
     <span class='ocr_line' id='line_1_115' title="bbox 965 2667 1744 2712; baseline -0.008 -7"><span class='ocrx_word' id='word_1_840' title='bbox 965 2667 1038 2705; x_wconf 87' lang='lat' dir='ltr'><strong>circa</strong></span> <span class='ocrx_word' id='word_1_841' title='bbox 1066 2667 1205 2712; x_wconf 51' lang='lat' dir='ltr'><strong>quern&#39;sit</strong></span> <span class='ocrx_word' id='word_1_842' title='bbox 1229 2676 1420 2712; x_wconf 69' lang='lat' dir='ltr'><strong>aequinoctium</strong></span> <span class='ocrx_word' id='word_1_843' title='bbox 1442 2683 1565 2702; x_wconf 79' lang='lat' dir='ltr'><strong>vernum.</strong></span> <span class='ocrx_word' id='word_1_844' title='bbox 1592 2674 1626 2700; x_wconf 81' lang='lat' dir='ltr'><strong>At</strong></span> <span class='ocrx_word' id='word_1_845' title='bbox 1655 2673 1744 2708; x_wconf 79' lang='lat' dir='ltr'><strong>ipsum</strong></span> 
     </span>
    </p>
   </div>
   <div class='ocr_carea' id='block_1_116' title="bbox 965 2719 1743 2759">
    <p class='ocr_par' dir='ltr' id='par_1_116' title="bbox 965 2719 1743 2759">
     <span class='ocr_line' id='line_1_116' title="bbox 965 2719 1743 2759; baseline -0.006 -8"><span class='ocrx_word' id='word_1_846' title='bbox 965 2725 1038 2751; x_wconf 91' lang='lat' dir='ltr'><strong>circa</strong></span> <span class='ocrx_word' id='word_1_847' title='bbox 1054 2724 1261 2759; x_wconf 79' lang='lat' dir='ltr'><strong>Munychionem</strong></span> <span class='ocrx_word' id='word_1_848' title='bbox 1278 2726 1331 2750; x_wconf 87' lang='lat' dir='ltr'><strong>est.</strong></span> <span class='ocrx_word' id='word_1_849' title='bbox 1348 2722 1414 2748; x_wconf 88' lang='lat' dir='ltr'><strong>Nam</strong></span> <span class='ocrx_word' id='word_1_850' title='bbox 1430 2720 1634 2755; x_wconf 72' lang='lat' dir='ltr'><strong>Theophrastus</strong></span> <span class='ocrx_word' id='word_1_851' title='bbox 1649 2719 1743 2746; x_wconf 82' lang='lat' dir='ltr'><strong>eodem</strong></span> 
     </span>
    </p>
   </div>
   <div class='ocr_carea' id='block_1_117' title="bbox 966 2765 1745 2805">
    <p class='ocr_par' dir='ltr' id='par_1_117' title="bbox 966 2765 1745 2805">
     <span class='ocr_line' id='line_1_117' title="bbox 966 2765 1745 2805; baseline -0.009 -8"><span class='ocrx_word' id='word_1_852' title='bbox 966 2778 1020 2805; x_wconf 88' lang='lat' dir='ltr'><strong>quo</strong></span> <span class='ocrx_word' id='word_1_853' title='bbox 1035 2778 1117 2805; x_wconf 83' lang='lat' dir='ltr'><strong>supra</strong></span> <span class='ocrx_word' id='word_1_854' title='bbox 1135 2770 1168 2797; x_wconf 85' lang='lat' dir='ltr'><strong>de</strong></span> <span class='ocrx_word' id='word_1_855' title='bbox 1184 2772 1304 2796; x_wconf 81' lang='lat' dir='ltr'><strong>semente</strong></span> <span class='ocrx_word' id='word_1_856' title='bbox 1320 2768 1397 2800; x_wconf 82' lang='lat' dir='ltr'><strong>loco,</strong></span> <span class='ocrx_word' id='word_1_857' title='bbox 1420 2765 1646 2801; x_wconf 83' lang='lat' dir='ltr'><strong>quemadmodum</strong></span> <span class='ocrx_word' id='word_1_858' title='bbox 1669 2765 1745 2800; x_wconf 88' lang='lat' dir='ltr'><strong>prin-</strong></span> 
     </span>
    </p>
   </div>
   <div class='ocr_carea' id='block_1_118' title="bbox 966 2811 1745 2852">
    <p class='ocr_par' dir='ltr' id='par_1_118' title="bbox 966 2811 1745 2852">
     <span class='ocr_line' id='line_1_118' title="bbox 966 2811 1745 2852; baseline -0.009 -8"><span class='ocrx_word' id='word_1_859' title='bbox 966 2817 1066 2852; x_wconf 88' lang='lat' dir='ltr'><strong>cipium</strong></span> <span class='ocrx_word' id='word_1_860' title='bbox 1081 2815 1210 2843; x_wconf 83' lang='lat' dir='ltr'><strong>sementis</strong></span> <span class='ocrx_word' id='word_1_861' title='bbox 1224 2815 1317 2849; x_wconf 66' lang='lat' dir='ltr'><strong>primae</strong></span> <span class='ocrx_word' id='word_1_862' title='bbox 1331 2817 1358 2841; x_wconf 88' lang='lat' dir='ltr'><strong>et</strong></span> <span class='ocrx_word' id='word_1_863' title='bbox 1373 2812 1498 2840; x_wconf 70' lang='lat' dir='ltr'><strong>secunda:</strong></span> <span class='ocrx_word' id='word_1_864' title='bbox 1512 2813 1547 2839; x_wconf 81' lang='lat' dir='ltr'><strong>ab</strong></span> <span class='ocrx_word' id='word_1_865' title='bbox 1560 2815 1676 2846; x_wconf 85' lang='lat' dir='ltr'><strong>utroque</strong></span> <span class='ocrx_word' id='word_1_866' title='bbox 1691 2811 1745 2838; x_wconf 83' lang='lat' dir='ltr'><strong>sol-</strong></span> 
     </span>
    </p>
   </div>
   <div class='ocr_carea' id='block_1_119' title="bbox 967 2856 1730 2893">
    <p class='ocr_par' dir='ltr' id='par_1_119' title="bbox 967 2856 1730 2893">
     <span class='ocr_line' id='line_1_119' title="bbox 967 2856 1730 2893; baseline -0.009 -3"><span class='ocrx_word' id='word_1_867' title='bbox 967 2862 1040 2890; x_wconf 84' lang='lat' dir='ltr'><strong>stitio</strong></span> <span class='ocrx_word' id='word_1_868' title='bbox 1055 2868 1118 2889; x_wconf 77' lang='lat' dir='ltr'><strong>esse</strong></span> <span class='ocrx_word' id='word_1_869' title='bbox 1130 2860 1209 2892; x_wconf 59' lang='lat' dir='ltr'><strong>dicit»,</strong></span> <span class='ocrx_word' id='word_1_870' title='bbox 1226 2859 1263 2887; x_wconf 81' lang='lat' dir='ltr'><strong>ita</strong></span> <span class='ocrx_word' id='word_1_871' title='bbox 1278 2862 1305 2886; x_wconf 84' lang='lat' dir='ltr'><strong>et</strong></span> <span class='ocrx_word' id='word_1_872' title='bbox 1319 2858 1404 2887; x_wconf 68' lang='lat' dir='ltr'><strong>tertia:</strong></span> <span class='ocrx_word' id='word_1_873' title='bbox 1418 2861 1478 2893; x_wconf 82' lang='lat' dir='ltr'><strong>post</strong></span> <span class='ocrx_word' id='word_1_874' title='bbox 1497 2863 1608 2886; x_wconf 74' lang='lat' dir='ltr'><strong>vernum</strong></span> <span class='ocrx_word' id='word_1_875' title='bbox 1623 2856 1730 2891; x_wconf 78' lang='lat' dir='ltr'><strong>:equino</strong></span> 
     </span>
    </p>
   </div>
  </div>
