1907 3144
196 141 262 170 H73

684 141 729 168 AD
749 139 881 169 EUSEBII
896 138 1094 169 CHRONICON
1117 137 1297 166 APPENDIX.

1737 138 1809 165 H76

194 203 278 231 ctitun
294 201 337 229 his
352 202 441 230 verbis
453 201 591 230 ostendit:
607 211 616 229 ι
628 201 795 237 Principium
808 203 881 230 tertii
898 207 975 230 satus

1027 202 1055 227 ὲν
1069 197 1091 234 ᾧ
1105 201 1245 236 σπείρεται
1261 199 1362 230 σίκυος,
1381 198 1540 233 κολοκύνθη,
1555 197 1654 232 βλίτον.
1669 207 1679 223 ι
1702 197 1740 224 06
1756 196 1812 232 μὴν

195 248 306 283 (inquit)
317 255 397 283 quem
409 247 531 275 aestivum
541 250 649 279 vocant,
662 250 705 274 est
713 247 908 283 Munychione:
921 255 975 282 quo

194 299 317 330 tempore
328 294 428 322 seritur
439 293 572 325 cucumis,
584 294 735 325 cucurbita,
749 294 856 320 blitum.
868 303 878 320 ι
904 293 975 326 Quin

194 342 276 368 etiam
296 341 384 376 pisces
404 340 536 375 plurimos
553 340 631 374 juxta
646 340 837 375 aequinoctium
860 346 974 367 vernum

194 394 291 422 parere
313 387 349 412 ait
373 385 534 412 Aristoteles
548 395 553 412 :
571 389 597 412 et
614 385 730 420 plurima
746 393 778 411 ex
796 388 871 419 parte
887 384 975 411 tribus

196 433 238 460 Itis
253 431 410 462 mensibus,
427 434 457 457 ut
473 430 575 457 dicttnn
593 434 651 462 est,
670 429 870 465 Munychione,
889 429 975 456 Thar-

193 478 300 513 gelione
313 496 320 509 ,
338 476 559 511 Seiropborione.
584 475 622 503 Eo
639 476 666 503 [it
683 480 712 502 ut
726 477 800 503 circa
816 475 976 511 Munychio-

193 531 254 551 nem
270 523 304 550 sit
320 530 433 550 vernum
454 522 662 558 :equinoetium,
687 527 713 550 et
734 521 974 557 Elaphebolionem

194 569 284 597 statim
301 568 464 604 Munychion
482 573 674 602 consequatur.
692 568 825 594 Caeterum
841 571 903 602 post
918 566 975 593 Μιι-

194 614 355 649 nycltionem
382 614 512 641 continuo
538 613 744 648 Thargclionem
771 621 850 645 esse,
877 612 976 640 deinde

194 658 452 694 Scirophorionem,
483 666 536 686 non
565 659 645 686 modo
667 667 700 686 ex
728 659 761 686 iis
783 658 973 690 manifestum,

192 713 253 740 quae
264 711 337 731 nunc
347 712 380 731 ex
392 705 537 731 Aristotele
549 704 690 731 retulimus
703 713 710 736 ;
724 705 771 732 sed
785 712 816 731 ex
829 705 862 731 iis
873 704 955 734 etiam
965 723 973 736 ,

193 757 253 784 qua:
269 750 304 777 ab
317 749 376 785 ipso
390 749 460 776 dicta
477 749 556 785 156
571 754 634 776 sunt
651 749 684 776 de
700 749 802 781 bobus,
821 754 849 777 et
866 750 954 777 cervis
966 769 974 781 ,

194 794 220 821 in
237 794 333 822 iisdem
355 795 433 822 libris
450 795 484 822 de
506 795 703 822 animalibus:
731 794 820 824 Bobus
846 794 974 830 (inquit)

192 841 300 868 initium
325 841 414 875 coitus
436 845 478 868 est
502 848 595 868 mense
620 840 799 875 Thargelione
826 844 853 867 et
882 840 974 867 Sciro—

193 887 323 921 pltorione
346 886 480 921 plurimis.
508 886 561 914 Sed
585 886 722 913 nonnullae
744 887 823 913 etiam
840 893 927 920 usque
942 885 976 912 ad
991 880 1011 907 Β

193 936 354 960 autumnum
369 932 484 961 coeundi
501 936 606 967 tempus
630 932 777 959 deducunt.
799 940 807 956 ι
822 931 854 958 Ει
879 939 976 959 cervos

193 983 322 1013 praeterea
340 985 443 1005 cornua
458 978 583 1005 amittere
598 977 666 1004 dicit
679 985 773 1004 mense
787 976 974 1011 Thargelione.

193 1022 221 1050 Id
234 1030 298 1050 vero
314 1030 408 1050 mense
420 1023 493 1050 veris
505 1022 626 1049 secundo
639 1021 763 1049 accidere
777 1021 974 1056 conspicimus.

194 1068 295 1096 Eodem
311 1076 392 1103 porro
406 1068 524 1103 pertinet
537 1068 617 1095 etiam
633 1068 698 1095 illud
710 1087 717 1099 ,
733 1067 806 1103 quod
823 1068 850 1094 in
866 1074 899 1094 eo
912 1075 976 1102 ope-

194 1123 223 1142 re
233 1135 240 1146 ,
256 1115 327 1149 quod
342 1115 422 1141 Μετὰ
438 1114 473 1141 τὰ
488 1112 603 1148 φυσικά
618 1114 776 1148 inscripsit,
798 1123 807 1138 ι
823 1113 975 1148 navigatio-

194 1169 256 1188 nem
269 1171 278 1187 ι
291 1160 385 1188 scribit
399 1170 407 1185 ‹
422 1159 478 1187 ﬁeri
492 1159 525 1186 ab
537 1159 709 1194 aequinoctio,
722 1169 731 1185 ι
742 1163 767 1186 et
779 1168 788 1184 ι
801 1167 833 1186 ex
841 1158 977 1194 Dionysiis

193 1205 337 1241 Thargelia
353 1206 439 1233 fesm:
457 1216 467 1232 ι
484 1205 555 1240 quod
578 1205 635 1233 haec
659 1209 733 1232 certe
759 1209 820 1239 post
836 1204 976 1241 Dionysia.

194 1252 307 1279 Constat
322 1252 392 1279 enim
408 1251 517 1279 solitum
532 1251 667 1285 celebrari,
677 1250 776 1278 Libero
791 1252 860 1286 patri
877 1251 976 1278 festum

194 1306 287 1325 mense
301 1297 490 1333 Munychione,
516 1298 625 1324 circiter
636 1297 828 1332 mquinoctium
852 1304 976 1324 vernum.

195 1342 435 1377 Scirophorionem
452 1350 516 1370 vero
531 1350 593 1369 mox
607 1349 668 1369 esse
689 1345 751 1376 post
770 1341 977 1376 Thargelionem

195 1393 309 1416 testatur
324 1388 529 1423 Theophrastus
552 1388 579 1415 in
601 1388 697 1415 iisdem
719 1387 797 1415 libris
820 1387 853 1415 de
877 1388 978 1422 plantis

194 1435 308 1463 dicens:
326 1443 335 1459 ι
352 1434 466 1466 Pinum,
485 1434 598 1461 abietem
610 1454 618 1466 ,
636 1434 720 1461 robur
737 1434 918 1461 intermittere
934 1434 977 1461 in-

194 1484 379 1510 crementum,
406 1483 537 1514 ternaque
563 1478 644 1508 edere
668 1478 810 1513 germina:
839 1479 976 1513 primum,

195 1533 303 1553 summo
319 1532 378 1552 vere
392 1525 482 1552 statim
492 1544 499 1557 ,
512 1524 701 1559 Thargelionis
713 1524 808 1558 initio;
823 1523 976 1551 secundum

196 1569 360 1597 intermissis
384 1568 478 1596 diebus
504 1569 613 1596 circiter
632 1568 743 1603 triginta
757 1588 765 1600 ,
792 1568 834 1595 vel
852 1568 975 1603 pauxillo

196 1615 320 1651 pluribus
333 1615 405 1641 circa
418 1613 655 1649 Scirophorionem
669 1614 853 1646 desinentem;
865 1614 975 1641 tertium

196 1661 329 1695 denique,
351 1660 493 1694 interiecto
511 1660 566 1687 fere
579 1659 735 1694 quindecim
751 1659 855 1686 dierum
875 1660 974 1694 spatio,

196 1706 334 1737 emittere,
349 1714 399 1732 nec
412 1705 514 1733 diutius
526 1706 600 1732 senis
615 1709 661 1731 aut
677 1705 796 1740 septenis
812 1704 909 1732 diebus
924 1705 977 1733 He-

196 1752 400 1780 catombzeonis.
419 1761 427 1777 ι
445 1751 606 1778 Testimonii
635 1755 724 1778 autem
752 1751 814 1778 loco
841 1755 883 1779 est
910 1751 976 1778 illud

196 1805 305 1834 quoque
327 1797 518 1832 plebiscitum,
541 1796 614 1831 quod
638 1796 765 1831 producit
786 1796 933 1825 Eschines
948 1797 976 1823 in

196 1844 319 1871 oratione
334 1843 465 1870 adversus
479 1842 694 1878 Ctesiphontem.
711 1842 783 1871 Dicit
795 1843 867 1871 enim
882 1844 977 1872 decre-

195 1894 255 1917 tum
279 1897 341 1917 esse
360 1888 404 1916 die
427 1888 617 1923 Thargelionis
639 1889 803 1923 penultimo,
821 1893 851 1916 ut
867 1890 976 1917 comitia

197 1934 363 1961 haberentur
376 1933 496 1961 ineuntis
510 1932 730 1968 Scirophorionis
746 1934 865 1962 secundo
878 1935 922 1962 die
936 1936 977 1962 vel

196 1981 287 2009 tertio.
307 1980 372 2008 Post
389 1978 628 2015 Scirophorionem
645 1987 709 2006 vero
727 1979 977 2014 Hecatombmonem

196 2034 274 2059 esse,
299 2034 361 2054 cum
388 2027 416 2053 in
442 2025 607 2061 supradictis
623 2025 743 2053 declarat
757 2025 976 2060 Theophrastus,

198 2079 254 2101 tum
269 2074 296 2100 in
316 2074 350 2101 iis
368 2080 430 2108 quae
445 2072 479 2100 de
494 2072 679 2107 amputatione
694 2072 795 2099 tibialis
810 2071 906 2102 calami
921 2079 978 2099 me-

197 2119 289 2146 moriae
305 2119 404 2153 prodit.
429 2118 474 2145 Ait
494 2118 581 2150 enim,
605 2117 671 2145 caldi
694 2118 803 2145 solitum
819 2117 978 2152 tempestive

198 2172 283 2199 usque
296 2165 329 2191 ad
344 2163 532 2199 Antigenidem
542 2183 549 2196 ,
564 2171 626 2191 cum
641 2164 729 2191 adhuc
741 2163 858 2198 simplici
874 2164 977 2190 musica

989 1549 1010 1578 ϐ

1027 246 1097 273 ἀλλὰ
1115 246 1161 272 καὶ
1184 244 1238 271 τῶν
1257 243 1354 279 ἰχθύων
1377 244 1439 274 τοὺς
1462 242 1603 274 πλείστους
1625 241 1726 268 τίκτειν
1746 242 1813 277 περὶ

1027 290 1137 326 ἐαρινὴν
1149 290 1291 325 ἰσημερίαν
1309 288 1497 324 Ἀριστοτέλης
1513 288 1596 322 φησί·
1613 288 1677 319 τοὺς
1691 287 1719 314 δὲ
1735 287 1811 313 πλεί-

1028 346 1107 369 στους
1126 337 1173 364 καὶ
1196 338 1224 363 ὲν
1240 336 1314 372 τρισὶ
1333 335 1410 370 μησὶ,
1429 334 1609 370 Μουνυχιῶνι,
1625 333 1812 368 Θαργηλιῶνι,

1028 383 1232 419 Σκιροφοριῶνι,
1248 382 1285 413 ὡς
1302 382 1418 417 εἴρηται.
1434 381 1537 407 Οὐκοῦν
1551 381 1615 415 περὶ
1631 380 1815 414 Μουνυχιῶνα

1027 431 1043 464 ὴ
1061 429 1154 464 ὲαρινὴ
1170 428 1308 464 ίσημερία,
1325 428 1372 454 καὶ
1393 426 1491 462 ἐφεξῆς
1507 426 1719 462 Ἐλαφηϐολιῶνι
1739 427 1815 453 Μου-

1027 474 1135 510 νυχιών.
1160 474 1237 501 Μετὰ
1262 474 1291 500 δὲ
1309 473 1486 507 Μουνυχιῶνα
1513 472 1592 504 εὐθὺς
1607 470 1677 499 εἶναι
1702 472 1815 507 Θαργημ

1026 522 1119 553 λιῶνα,
1139 518 1197 547 εἶτα
1210 519 1424 556 Σκιροφοριιῖύνα⁷
1441 518 1564 553 ἐπίδηλον
1580 519 1629 544 οὐκ
1644 520 1677 544 ὲκ
1697 518 1752 544 τῶν
1766 519 1814 544 νῦν

1025 567 1057 602 δὴ
1076 566 1227 602 εἰρημένων
1247 565 1448 600 Ἀριστοτέλους
1464 565 1553 599 μόνον,
1568 564 1635 591 ἀλλὰ
1649 565 1698 590 καὶ
1712 565 1747 590 ὲκ
1760 564 1814 590 τῶν

1026 612 1173 647 λεχθέντων
1187 610 1258 645 αὐτῷ
1272 611 1336 646 περὶ
1350 610 1418 645 βοῶν
1431 610 1478 636 καὶ
1491 610 1597 643 ἐλάφων
1611 610 1639 635 ὲν
1650 610 1707 640 τοῖς
1722 610 1813 640 αὐτοῖς

1026 659 1088 694 περὶ
1109 657 1185 689 ζώων
1208 656 1417 692 ἱστορουμένοις.
1433 665 1441 682 ι
1457 657 1600 691 Ἀρχονται
1620 656 1670 690 τῆς
1689 656 1810 690 ἐγχείας)

1026 704 1120 739 φησιν,
1137 704 1189 729 «παὶ
1205 702 1268 737 βοῦς
1283 703 1346 736 περὶ
1361 702 1406 728 τὸν
1421 701 1597 737 Θαργηλιῶνα
1613 701 1687 737 μῆνα
1704 701 1753 727 καὶ
1767 702 1812 728 τὸν

1027 749 1229 785 Σκιροφοριῶνα
1253 749 1281 774 αί
1303 747 1442 774 πλεῖσται·
1467 747 1498 773 οὺ
1519 746 1571 782 μὴν
1596 746 1653 773 ἀλλ’
1671 746 1742 773 ἔνιαι
1766 746 1814 772 καὶ

1029 795 1109 830 μέχρι
1123 794 1169 820 τοῦ
1194 792 1350 829 μετοπώρου
1372 793 1540 820 κυΐσκονται.
1558 802 1567 818 ι
1583 793 1638 819 Καὶ
1664 793 1730 823 τοὺς
1751 792 1812 818 ἑ.λὰ-

1027 850 1092 876 φους
1106 841 1134 867 δὲ
1148 840 1310 867 ἀποϐάλλειν
1322 839 1386 874 περὶ
1400 839 1578 875 θαργηλιῶνα
1595 838 1629 865 τὰ
1647 838 1753 873 κέρατα
1771 838 1814 864 λέ-

1026 897 1084 922 γει·
1103 887 1180 914 τοῦτο
1200 887 1228 913 δὲ
1247 887 1364 922 δευτέρῳ
1379 888 1444 922 μηνὶ
1463 886 1517 912 τῶν
1533 884 1647 920 ἐαρινῶν
1664 885 1814 920 συμϐαῖνον

1025 934 1142 969 ὁρῶμεν,
1161 934 1207 965 Εἰς
1220 932 1303 959 ταυτὸ
1321 932 1351 958 δὲ
1367 932 1447 959 τείνει
1462 932 1508 958 καὶ
1521 932 1551 958 τὺ
1565 932 1593 957 ὲν
1606 932 1661 962 τοῖς
1674 931 1757 957 Μετὰ
1778 931 1815 957 τὰ

1025 980 1140 1015 φυσικὰ
1151 980 1232 1016 ῥηθέν
1241 988 1248 994 ·
1263 980 1303 1007 ὅτι
1321 990 1329 1006 ι
1342 979 1372 1012 ἐξ
1387 980 1530 1015 ἰσημερίας
1544 978 1651 1012 ἐγένετο
1663 978 1679 1003 ὁ
1691 976 1788 1007 πλοῦς,
1801 985 1810 1002 ι

1026 1027 1072 1053 καὶ
1087 1036 1096 1052 ι
1112 1027 1143 1054 ἐκ
1157 1026 1299 1053 Διονυσίων
1314 1025 1452 1061 Θαργήλια
1464 1032 1470 1039 ’
1489 1034 1498 1050 ι
1515 1023 1581 1049 διότι
1600 1022 1671 1057 μετὰ
1692 1021 1728 1048 τὰ
1752 1022 1811 1047 Διο·

1025 1071 1114 1099 νύσια.
1126 1072 1210 1107 Δῆλον
1223 1072 1286 1107 γὰρ,
1303 1071 1343 1097 ὃτι
1366 1069 1555 1104 Μουνυχιῶνος
1569 1069 1614 1094 καὶ
1630 1067 1696 1102 περὶ
1715 1067 1812 1100 ἰσημε-

1026 1118 1087 1154 ρίαν
1107 1117 1215 1153 ἐαρινὴν
1231 1118 1311 1152 ἤγετο
1325 1115 1472 1151 Διονύσῳὴ
1493 1115 1583 1150 ἑορτή.
1607 1111 1813 1148 Σκιροιξοριῶη

1025 1164 1048 1191 δ’
1063 1164 1127 1198 ἑξῆς
1148 1161 1216 1190 εἶναι
1237 1162 1408 1198 Θαργηλιῶνι
1431 1161 1564 1197 μαρτυρεῖ
1577 1160 1625 1186 καὶ
1639 1159 1812 1194 Θεόφραστος

1026 1213 1054 1238 ὲν
1073 1213 1129 1243 τοῖς
1151 1212 1241 1242 αὐτοῖς
1258 1210 1321 1245 περὶ
1337 1208 1445 1244 φυτῶν,
1466 1208 1567 1241 λέγων·
1594 1216 1602 1232 t
1622 1205 1749 1239 Πεύκην,
1765 1204 1812 1231 καὶ

1027 1257 1142 1292 ἐλάτην,
1172 1257 1219 1283 καὶ
1248 1255 1313 1291 δρῦν
1341 1253 1488 1281 διαλείπειν
1519 1252 1583 1288 περὶ
1606 1251 1656 1286 τὴν
1680 1251 1810 1285 αῠῂτιν,

1027 1302 1073 1329 καὶ
1088 1302 1162 1337 τρεῖς
1187 1301 1294 1335 ἀφιέναι
1308 1300 1437 1335 βλαστούς
1447 1308 1453 1314 ·
1472 1299 1517 1325 τὸν
1531 1298 1581 1333 μὲν
1599 1297 1707 1333 πρῶτον
1726 1297 1811 1332 ἄκρον

1026 1347 1116 1382 ἔαρος,
1134 1347 1214 1378 εὐθὺς
1242 1345 1386 1381 ἱσταμένου
1411 1345 1456 1371 τοῦ
1476 1343 1685 1379 Θαργηλιῶνος·
1715 1343 1762 1369 τὸν
1782 1342 1810 1368 δὲ

1026 1393 1152 1428 δεύτερον
1179 1391 1352 1422 διαλιπούσας
1386 1391 1450 1426 περὶ
1481 1390 1642 1425 τριάκοντα,
1669 1389 1686 1424 ἢ
1721 1387 1811 1423 μικρῷ

1028 1439 1136 1470 πλείους
1148 1438 1254 1473 ἡμέρας
1268 1436 1459 1463 ἐπιϐάλλεσθαι
1473 1436 1535 1471 περὶ
1549 1435 1593 1461 τὸν
1605 1434 1811 1470 Σκιροφοριῶνα

1030 1485 1100 1521 μῆνα
1115 1484 1245 1520 λήγοντα”
1262 1483 1307 1509 τὸν
1321 1483 1350 1509 δὲ
1370 1482 1460 1518 τρίτον
1477 1481 1651 1511 διαλιποῦσας
1668 1481 1734 1515 περὶ
1749 1489 1812 1506 72v-

1028 1531 1171 1558 τεκαίδεκα
1188 1530 1311 1565 ἡμέρας,
1330 1528 1521 1555 ἐπιϐάλλεσθαι
1544 1527 1573 1559 ἓξ
1587 1527 1603 1561 ἢ
1619 1526 1689 1552 ἑπτὰ
1705 1526 1810 1561 ἡμέρας

1032 1575 1273 1611 Ἑκατομϐαιῶνος.
1292 1584 1302 1601 ι
1320 1574 1476 1610 Μαρτὺριον
1499 1574 1527 1600 δὲ
1549 1573 1595 1599 καὶ
1615 1572 1644 1598 τὺ
1661 1573 1809 1607 dri-Aetati.“

1026 1623 1094 1658 ὅπερ
1105 1622 1233 1657 Αἰσχίνης
1243 1621 1409 1656 προφέρεται
1420 1619 1493 1655 ἐντῷ
1503 1618 1583 1645 Κατὰ
1596 1618 1811 1652 Κτησιφῶντος

1026 1668 1107 1702 λόγῳ.
1133 1668 1202 1702 Φησὶ
1230 1666 1284 1702 γὰρ
1321 1665 1475 1701 γεγράφθαι
1505 1663 1695 1703 Θαργηλιῶνος
1728 1663 1810 1697 μηνὸς

1025 1712 1138 1748 δευτέρα
1155 1711 1302 1746 φθίνοντος,
1314 1710 1416 1745 ἀγορὰν
1430 1710 1539 1745 ποιῆσαι
1552 1709 1605 1735 τῶν
1625 1708 1730 1742 φυλῶν,
1748 1708 1810 1734 Σκι-

1022 1756 1191 1792 ροφοριῶνος
1215 1756 1328 1792 δευτέρᾳ
1346 1755 1496 1791 ⁸ἱσταμένου
1518 1754 1563 1781 καὶ
1582 1754 1673 1790 τρίτῃ.
1701 1753 1764 1779 Ἐπὶ
1783 1752 1811 1779 ἃ

1026 1801 1220 1838 Σκιροφοριῶνι
1239 1800 1460 1836 Ἑκατομϐαιῶνα
1475 1798 1542 1827 εἶναι
1558 1795 1632 1835 δηλοῖ
1649 1800 1698 1835 μὲν
1716 1801 1764 1826 καὶ
1779 1800 1810 1825 ἐκ

1026 1848 1081 1875 τῶν
1098 1847 1144 1874 νῦν
1161 1848 1312 1883 εἰρημένων
1328 1847 1509 1882 θεόφραστος,
1529 1846 1578 1881 οὐχ
1597 1846 1698 1881 ἥκιστα
1715 1846 1744 1871 δὲ
1764 1845 1811 1871 καὶ

1027 1894 1056 1925 ἐξ
1068 1890 1105 1919 ὤν
1117 1894 1217 1927 ἱστορεί
1227 1892 1290 1927 περὶ
1303 1893 1351 1927 τῆς
1361 1892 1446 1927 τομῆς
1461 1891 1506 1918 τοῦ
1516 1891 1662 1926 αὐλητικοῦ
1674 1891 1810 1926 καλάμου.

1027 1939 1107 1973 Λέγει
1119 1938 1172 1973 γὰρ
1183 1937 1235 1973 πρὸ
1253 1937 1428 1971 Ἀντιγενίδου
1442 1937 1501 1972 μὲν,
1510 1937 1589 1972 ἡνίκα
1605 1937 1706 1972 ηὔλουν
1722 1937 1811 1963 ἀπλά-

1029 1992 1108 2016 στως,
1123 1983 1227 2019 ὡραίαν
1243 1983 1291 2018 τὴν
1315 1983 1400 2018 τομὴν
1415 1981 1483 2009 εἶναι
1500 1983 1545 2009 ὑπ’
1570 1983 1728 2018 Ἀρκτούρῳ
1744 1982 1811 2017 Βοη-

1026 2028 1173 2066 δρομιῶνος
1190 2029 1273 2063 μηνός
1284 2037 1292 2044 ⁸
1305 2028 1416 2063 ὕστερον
1432 2028 1471 2060 δὲ,
1485 2027 1577 2063 ἐπειδὴ
1587 2029 1626 2059 είς
1641 2028 1692 2063 τὴν
1712 2028 1811 2054 πλάσιν

1003 2091 1007 2094 -
1030 2074 1191 2110 μετέϐησαν,
1211 2074 1438 2109 μετακινηθῆναν
1454 2074 1562 2109 τέμνειν
1579 2073 1633 2109 γὰρ
1649 2073 1696 2099 τοῦ
1715 2074 1810 2109 Σκιρο-

1028 2121 1158 2156 φοριῶνος
1169 2121 1217 2147 καὶ
1235 2120 1468 2155 Ἑκατομϐαιῶνος
1477 2129 1483 2134 ·
1497 2120 1616 2155 ὡσπερεὶ
1629 2120 1683 2155 πρὸ
1699 2120 1810 2155 τροπῶν

1030 2166 1135 2201 μικρὸν,
1159 2166 1174 2201 ἢ
1192 2166 1243 2192 ὑπὸ
1260 2167 1371 2201 τροπάς.
1393 2166 1447 2192 Καὶ
1475 2165 1661 2201 ’ᾼριστοτέλης
1687 2166 1716 2192 δὲ
1737 2167 1810 2201 τρεῖς

197 2214 348 2241 uterentur,
363 2210 413 2236 sub
428 2210 555 2242 Arcturo,
571 2217 663 2237 mense
676 2209 881 2236 Boedromione.
896 2207 975 2236 Post-

1027 2211 1125 2246 ἐφεξῆς
1151 2211 1245 2247 τέταχε
1265 2211 1388 2237 τουτουσὶ
1414 2211 1515 2246 μῆνας,
1539 2210 1638 2237 εἰπών·
1664 2221 1673 2236 ι
1692 2211 1753 2237 Τῶν
1781 2211 1810 2236 δὲ

195 2264 277 2291 quam
305 2263 369 2283 vero
396 2257 510 2283 accessit
537 2256 626 2288 ﬁctio,
657 2260 684 2284 et
711 2260 809 2283 cantus
834 2256 974 2288 luxuries,

197 2305 328 2328 mutatam
341 2308 470 2328 caesurum
481 2322 487 2333 ,
499 2302 620 2336 caedique
633 2305 753 2337 emptum
766 2300 977 2336 Scirophorione

197 2351 224 2374 et
236 2346 474 2378 llecatomluenne,
491 2347 564 2374 velut
580 2347 661 2382 paulo
675 2351 738 2374 ante
752 2347 916 2379 solstitium,
934 2346 977 2373 vel

197 2394 247 2420 sui)
271 2393 331 2428 ipso
354 2393 480 2420 solstitio.
508 2393 541 2420 Et
562 2393 723 2421 Aristoteles
742 2393 824 2420 etiam
848 2392 903 2420 hos.
920 2396 977 2420 tres

197 2446 306 2466 menses
326 2438 497 2465 continenter
517 2442 599 2473 atque
618 2438 714 2465 ordine
736 2437 896 2470 constituit.
914 2444 976 2465 cum

197 2485 285 2511 dixit:
303 2494 311 2510 ι
327 2484 465 2515 Locustae,
491 2485 559 2512 inter
580 2492 612 2512 ea
632 2492 693 2519 quae
712 2485 784 2512 tenui
799 2488 891 2512 crusta
905 2484 976 2511 inte-

196 2533 306 2565 guntur,
324 2537 375 2557 ova
385 2550 392 2562 ,
406 2537 466 2565 quae
482 2534 542 2565 post
558 2530 660 2558 coitum
673 2534 855 2566 concepcrunt
865 2550 872 2562 ,
888 2530 977 2558 tribus

197 2580 274 2603 utero
289 2580 387 2611 gerunt
401 2577 551 2609 mcnsibtts,
562 2576 782 2611 Scirophorione,
792 2575 978 2604 Hecatombas-

196 2630 247 2649 one
257 2642 264 2652 ,
279 2622 478 2657 Metagitnione.
494 2633 504 2649 ι
519 2624 631 2658 Insuper
643 2627 733 2649 autem
748 2621 774 2648 id
789 2629 821 2649 ex
835 2622 896 2649 aliis
910 2629 978 2656 quo-

196 2676 250 2703 que
267 2668 358 2696 multis
373 2672 475 2696 certum
489 2674 530 2697 cst
542 2674 568 2696 et
579 2668 758 2703 exploratum.
771 2666 889 2694 Mensem
905 2666 976 2693 enim

201 2714 360 2741 continuum
376 2715 503 2742 ordinare
518 2722 632 2742 necesse
649 2718 706 2746 est,
722 2714 749 2741 in
765 2720 819 2748 quo
835 2714 870 2740 sit
886 2712 977 2741 solsti-

199 2759 237 2785 tiu
249 2768 264 2785 ιι
279 2761 412 2791 mstivum,
422 2764 549 2795 quartum
560 2760 669 2795 quidem
685 2767 699 2786 a
716 2759 907 2794 Munychione,
921 2764 975 2786 uta

198 2810 341 2832 vernorum
355 2807 488 2835 mensium
497 2808 593 2841 primo.
603 2807 636 2833 At
643 2806 719 2833 circa
725 2806 975 2834 Hccatom‘bmonem

194 2849 344 2887 solstitium
358 2856 417 2884 est,
433 2856 462 2880 ut
475 2856 554 2880 etiam
569 2852 727 2880 Aristoteles
743 2852 770 2880 in
785 2851 876 2880 eadem
891 2852 977 2879 mani-

1028 2257 1258 2293 μαλακοστράκων
1274 2259 1298 2283 οἱ
1317 2257 1431 2293 κάραϐοι
1446 2257 1515 2292 μετὰ
1530 2257 1578 2292 τὴν
1591 2257 1683 2292 ὀχείαν
1701 2256 1807 2288 κυοῦσι,

1026 2304 1073 2330 καὶ
1091 2303 1193 2338 ἴσχουσι
1207 2302 1241 2329 τὰ
1255 2302 1295 2329 ὦὰ
1315 2303 1379 2339 περὶ
1397 2304 1470 2338 τρεῖς
1486 2303 1581 2338 μῆνας,
1594 2303 1807 2338 Σκιροφοριῶνα,

1026 2349 1073 2375 καὶ
1099 2348 1335 2383 Ἑκατομϐαιῶνα,
1360 2349 1409 2375 καὶ
1433 2348 1663 2382 Μεταγειτνιῶνα.
1681 2358 1689 2374 ι
1706 2349 1766 2374 Ἕτι
1780 2348 1807 2374 δὲ

1028 2394 1136 2429 βέϐαιον
1154 2395 1201 2421 καὶ
1225 2396 1257 2421 ὲκ
1272 2395 1376 2421 πολλῶν
1393 2394 1490 2422 ἄλλων.
1502 2395 1582 2429 Μῆνα
1598 2395 1653 2430 γὰρ
1674 2395 1754 2427 τάξαι
1769 2394 1807 2420 δεῖ

1027 2440 1158 2476 προσεχῆ,
1179 2441 1242 2476 περὶ
1263 2440 1292 2467 ὃν
1312 2442 1340 2467 αἱ
1355 2441 1456 2476 θεριναὶ
1482 2441 1594 2475 τροπαί·
1613 2441 1744 2476 τέταρτον
1756 2441 1806 2475 γὰρ

1027 2486 1080 2513 ἀπὸ
1092 2486 1289 2521 Μουνυχιῶνος,
1299 2487 1327 2518 ὃς
1333 2486 1364 2522 δὴ
1373 2486 1479 2522 πρῶτος
1488 2484 1521 2521 ἦν
1537 2486 1591 2513 τῶν
1603 2487 1731 2521 ἐαρινῶν.
1741 2486 1804 2520 Περὶ

1032 2531 1258 2566 Ἑκατομϐαιῶνα
1268 2531 1295 2557 δὲ
1307 2531 1439 2566 αἱτροπαὶ
1449 2532 1476 2557 αἱ
1488 2531 1602 2567 Θεριναὶ,
1612 2531 1650 2562 ὡς
1669 2532 1715 2558 καὶ
1736 2533 1800 2566 Ἀρι.

1028 2577 1153 2612 στοτέλης
1169 2577 1307 2610 διασαφεῖς
1320 2577 1405 2610 λέγων
1419 2577 1447 2602 ὲν
1464 2577 1518 2607 τοῖς
1534 2576 1626 2608 αὐτοῖς
1638 2578 1703 2612 περὶ
1718 2576 1804 2609 ζώων·

1030 2632 1038 2647 ι
1052 2623 1129 2649 Ἐνια
1149 2621 1176 2648 δὲ
1197 2621 1281 2647 τίκτει
1310 2621 1440 2656 χειμῶνος
1471 2621 1517 2647 καὶ
1541 2621 1653 2656 θέρους”
1676 2622 1802 2656 χειμῶνος

1029 2667 1078 2702 μὲν
1096 2665 1199 2701 λάϐραξ
1215 2666 1262 2692 καὶ
1275 2665 1414 2701 κεστρεὺς,
1432 2665 1525 2700 θέρους
1537 2665 1565 2691 δὲ
1579 2666 1643 2701 περὶ
1664 2666 1710 2691 τὸν
1728 2666 1792 2691 Ἐκα

1026 2712 1180 2748 τομϐαιῶνα
1188 2711 1315 2743 θυννίδες,
1325 2711 1387 2746 περὶ
1399 2710 1500 2746 τροπὰς
1510 2710 1628 2746 θερινάς·
1640 2720 1649 2736 ι
1664 2712 1710 2737 καὶ
1718 2711 1795 2738 πάλιν

1030 2769 1038 2784 ι
1064 2758 1215 2793 Ὀχεὺονται
1237 2757 1340 2788 θύννοι,
1367 2757 1414 2783 καὶ
1437 2756 1577 2791 σκόμϐροι,
1590 2766 1598 2781 ι
1616 2757 1695 2791 φησὶ,
1716 2766 1726 2782 ι
1746 2756 1800 2790 περ’

1027 2804 1071 2831 τὴν
1092 2803 1307 2839 ’Ἐλαφηϐολιῶνα
1328 2802 1471 2836 φθίνοντα·
1489 2802 1608 2828 τίκτουσι
1628 2802 1657 2828 δὲ
1677 2803 1740 2838 περὶ
1762 2801 1799 2827 τοι

1033 2849 1253 2885 Ἑκατομϐαιῶνα
1268 2848 1425 2884 ἀρχόμενον.
1443 2858 1451 2873 ι
1471 2849 1502 2872 ’Ὁ
1524 2847 1576 2882 γὰρ
1597 2847 1731 2883 πρότερον
1746 2846 1805 2881 περὶ
