1931 3135
99 143 176 172 H77

557 141 732 171 THEODORI
750 143 852 171 GAZIE
871 143 971 171 LIBER
987 143 1031 171 DE
1051 143 1233 172 MENSIBUS.

1653 145 1721 173 H73

97 200 209 236 τροπὰς
221 199 330 235 θερινὰς
344 208 414 233 ειπε,
427 200 499 227 τοῦτ’
513 201 579 227 αὐτὸ
592 201 702 236 ὕστερον
723 203 788 238 περὶ
808 202 884 229 Ἐκα-

937 203 1017 230 festat
1030 203 1154 231 historia.
1172 212 1181 227 ι
1198 202 1344 235 Quaedam,
1365 201 1469 237 inquit,
1489 202 1597 237 pariunt
1615 203 1720 230 hiemev

97 245 262 281 τομϐαιῶνα
278 245 426 282 ἀρχόμενον
441 245 528 280 λέγει·
548 247 585 278 ὡς
603 247 658 282 ἄρα
675 247 738 283 περὶ
757 248 886 283 Ἑκατομ-

99 292 209 318 6αιῶνα
225 291 374 327 ἀρχόμενον
389 292 443 318 τῶν
463 291 575 327 θερινῶν
590 293 737 328 γινομένων
760 293 882 329 τροπῶν*

98 337 317 371 ὁμολογούμενον
343 337 371 363 δὲ
401 337 505 369 τούτοις
521 339 568 365 καὶ
588 340 618 365 τὸ
645 339 707 375 περὶ
730 342 815 375 τομῆς
837 340 884 366 τοῦ

100 382 253 417 αὐλητικοῦ
279 382 401 417 καλάμου
421 383 583 418 Θεοφράστῳ
596 383 704 418 λεχθέν·
725 393 734 409 ‹
754 385 885 420 Τέμνουσι

100 428 159 463 γὰρ
182 428 214 463 δὴ
236 427 293 460 νῧι,
311 437 319 454 ι
338 429 415 464 φησὶ,
434 428 498 455 «τοῦ
516 429 729 465 Σκιροφοριῶνος
741 431 787 457 καὶ
810 431 888 456 Ἑκα-

100 473 289 508 τομϐαιῶνος,
307 474 426 509 ὡσπερεὶ
452 474 504 510 πρὸ
527 475 635 509 τροπῶν
653 475 765 511 μικρὸν,
791 475 808 511 ἣ
836 476 887 502 ὑπὸ

100 519 226 555 τροπάς·
245 530 253 545 ι
274 519 364 546 καὶτὸ
387 520 518 555 πρότερον
532 520 563 555 δὴ
581 521 741 556 παρατεθὲν,
755 522 796 547 ὃτι
818 529 888 557 τρο-

100 565 158 596 πὰς
175 565 294 600 θερινὰς,
307 565 354 592 τοῦ
366 566 598 600 Μεταγειτνιῶνος
611 567 694 602 μηνός
705 575 711 582 ο
727 568 753 594 εἴ
766 576 796 602 γε
817 567 886 603 μετὰ

105 611 336 646 Ἑκατομϐαιῶνα
349 612 552 645 Μεταγειτνιὼν
566 612 674 648 ἐφεξῆς.

937 249 988 275 alia
1006 253 1119 276 aestate:
1136 249 1238 279 hieme,
1257 248 1348 283 lupus,
1363 248 1490 282 mugilis;
1505 253 1599 276 testate
1611 269 1618 280 ,
1639 252 1721 284 atque

937 294 1005 322 adeo
1029 295 1253 322 Hecatombaeone
1276 302 1386 326 mense,
1413 295 1523 322 circiter
1551 295 1716 327 solstitium,

938 340 1060 367 tlntnnm.
1069 351 1078 367 ι
1090 340 1154 367 item
1166 351 1172 368 τ
1186 341 1312 370 ιΕοοιιιιι
1324 340 1420 367 thunni
1433 344 1459 367 et
1471 341 1603 372 scombri,
1616 341 1720 375 inquit,

939 387 990 413 sub
1013 387 1091 414 linem
1119 387 1359 421 Elapheholionis,
1387 386 1552 420 pariuntque
1579 385 1722 413 Hecatom-

938 433 1040 460 bzeonis
1058 433 1201 467 principio.
1218 442 1226 458 ›
1240 431 1318 466 Quod
1336 440 1454 467 namque
1471 433 1582 458 circiter
1596 432 1721 459 aestivum

937 478 1082 505 solstitium
1101 478 1177 512 prius
1192 477 1278 510 dixit,
1300 477 1326 504 id
1343 482 1434 512 postea
1449 477 1515 504 dicit
1536 477 1613 503 initio
1635 476 1722 504 Heca—

938 523 1113 556 tomhmonis,
1132 527 1261 558 tanquam
1279 523 1384 550 scilicet
1401 523 1495 550 alstivo
1513 523 1632 550 solstitio
1648 523 1722 550 exsi-

936 573 1023 597 steute
1037 569 1109 596 circa
1124 569 1259 596 ineuntem
1275 568 1537 596 Hecatomhmonem.
1560 567 1619 595 Jam
1635 568 1669 595 ab
1686 568 1722 596 ii:

935 622 989 641 non
1003 614 1136 646 alienum,
1155 615 1225 649 quod
1243 615 1276 642 de
1293 615 1480 649 ampulatione
1503 613 1606 641 tibialis
1622 613 1719 640 calami

99 654 309 690 Theophrastus
326 657 436 684 retulit:
452 666 460 683 ι
475 657 603 690 Caedunt,
621 658 726 693 inquit,
745 659 795 686 hac
813 662 976 694 tempestate
1003 661 1142 688 mensibus
1176 661 1235 693 his,
1253 659 1486 695 Scirophorioue,
1516 664 1544 688 et
1574 659 1718 687 llecatom-

100 704 215 730 haene:
246 703 326 738 paulo
350 703 476 730 videlicet
500 709 562 731 ante
586 704 744 736 solstitium.
770 705 812 732 vel
837 707 888 733 sub
907 707 985 741 ipso;
1001 717 1009 732 ι
1022 715 1070 734 nec
1086 715 1139 734 non
1156 707 1183 734 id
1199 708 1305 742 ipsum,
1321 706 1394 741 quod
1419 711 1481 734 ante
1494 714 1527 734 ex
1543 707 1637 734 eodem
1668 714 1720 734 au-

99 755 182 778 ctore
196 751 230 778 de
244 755 365 778 semente
378 751 541 784 citavimus,
570 756 634 787 puta
655 760 748 780 mense
768 752 959 788 Metagitnione
984 760 1044 789 post
1074 755 1197 783 aestivum
1230 755 1395 787 solstitium,
1430 755 1546 789 primam
1570 759 1719 783 sementem

100 797 186 830 ﬁeri;
212 797 344 832 siquidem
371 801 433 832 post
459 797 712 825 llecatomhmonem
734 799 856 833 proxime
880 804 921 828 est
940 800 1126 836 Metagitnion.

121 867 190 893 Ὀτι
205 865 282 900 ἀρχὴ
296 866 433 893 ἐνιαυτοῦ
446 866 604 900 Ἀθηναίοις
617 868 633 893 ό
647 867 868 902 Ἑκατομϐαιών.

973 869 1049 903 Quod
1067 870 1222 904 principium
1243 869 1306 896 anni
1321 868 1404 895 Attici
1419 869 1454 895 sit
1471 867 1683 896 Hecatombaron.

140 923 179 949 E’.
198 923 252 948 Καὶ
274 921 409 957 Ἀθηναῖοι
435 921 462 947 δὲ
480 921 527 948 τοῦ
553 922 674 949 ἐνιαυτοῦ
695 923 808 958 ἤρχοντο
833 923 886 950 ἀπὸ

107 967 355 1003 Ἑκατομϐαιῶνος,
369 967 413 994 διὰ
427 967 457 994 τὸ
479 967 528 999 τὰς
547 968 651 1004 τροπὰς
675 968 796 1002 γίνεσθαι
822 969 886 1004 περ).

99 1014 196 1041 αὐτόν.
217 1014 283 1040 Ἀπὸ
298 1014 351 1049 γὰρ
364 1013 475 1050 θερινῶν
489 1014 595 1049 τροπῶν
609 1016 624 1050 ἡ
639 1015 708 1050 ἁρχὴ
725 1013 758 1050 ἦν
775 1015 886 1046 ἐκείνοις

101 1060 151 1086 τοῦ
167 1059 259 1092 ἕτους”
280 1059 373 1094 ὥσπερ
392 1060 537 1094 Ῥωμαίοις
554 1059 665 1095 ὕστερον
686 1061 738 1087 ἀπὸ
752 1061 806 1087 τῶν
827 1069 885 1096 χει-

103 1106 234 1143 μερινῶν.
257 1107 355 1142 Ἀρχὴν
371 1107 418 1141 μὲν
433 1104 479 1133 οὖν
492 1105 560 1132 εἶναι
579 1106 625 1132 τοῦ
647 1106 722 1138 ἔτους
739 1107 784 1133 τὸν
807 1107 885 1133 Ἐκα-

99 1151 262 1187 τομὸαιῶνα
285 1152 363 1186 δῆλον
387 1152 560 1187 Δημοσθένης
585 1154 656 1178 ποιεῖ
679 1153 707 1179 ἐν
731 1153 815 1188 τρίτῳ
831 1153 884 1179 τῶν

107 1197 324 1230 Ὄλυνθιίικῶν,
338 1198 438 1232 λέγων·
456 1208 465 1223 ι
480 1198 555 1224 Μετὰ
570 1198 598 1224 δὲ
620 1198 718 1229 ταῦτα,
739 1198 883 1230 διελθόντος

99 1244 149 1271 τοῦ
174 1244 296 1270 ἐνιαυτοῦ
318 1243 422 1274 τούτου,
441 1244 660 1279 Ἑκατομϐαιῶν,
673 1243 881 1278 Μεταγειτνιὼν,

101 1290 291 1325 Βοηδρομιὼν·
308 1289 404 1317 τούτου
424 1290 470 1316 τοῦ
492 1291 574 1325 μηνὸς
596 1290 674 1324 μόγις
693 1290 760 1325 μετὰ
783 1290 883 1325 μυστή-

102 1346 150 1371 ρια
166 1337 233 1363 δέκα
248 1336 312 1367 ναῦς
336 1336 522 1363 ἀπεστείλατε,
544 1346 552 1362 ι
573 1336 752 1362 Ἐπιδείκνυσι
768 1336 821 1371 γὰρ
835 1336 883 1371 τὴν

106 1382 259 1418 Ἀθηναίων
285 1382 414 1417 ἀμέλειαν
434 1383 479 1409 καὶ
500 1383 539 1413 εἰς
561 1383 634 1417 τρεῖς
656 1382 695 1408 ἔτι
725 1382 810 1417 μῆνας
835 1381 881 1408 τοῦ

100 1429 226 1460 ἐπιόντος
251 1429 373 1455 ἐνιαυτοῦ
400 1428 688 1465 προσπαρατετάσθαι·
710 1428 748 1460 ὡς
779 1428 801 1454 δ’
830 1428 883 1454 ἀπὸ

100 1475 217 1511 θερινῶν
242 1475 348 1511 τροπῶν
372 1473 441 1501 εἶναι
464 1475 512 1510 τὴν
528 1475 630 1510 ἀρχὴν,
656 1475 823 1510 Σιμπλίκιος,
841 1475 883 1508 ἐξ-

99 1521 252 1556 ηγούμενος
260 1521 457 1557 Ἀριστοτέλους
467 1522 516 1557 τῆς
534 1521 666 1556 φυσικῆς
676 1521 845 1555 ἀκροάσεως
853 1521 882 1548 τὸ

101 1567 242 1602 πέμπτον,
259 1564 310 1593 ὧδε
322 1567 385 1603 περὶ
398 1566 445 1593 τοῦ
460 1567 539 1602 φύσει
561 1567 691 1602 προτέρου
708 1567 755 1593 καὶ
769 1567 882 1602 ὑστέρου

99 1613 191 1648 λέγων
212 1612 365 1640 πιστοῦται·
382 1623 390 1638 ι
408 1614 456 1644 Ἀς
472 1613 500 1640 δὲ
519 1615 598 1648 ἡμεῖς
617 1612 767 1648 ποιούμεθα
786 1613 881 1649 ἀρχὰς,

99 1659 228 1685 ἐνιαυτοῦ
245 1659 293 1694 μὲν
306 1660 370 1694 περὶ
385 1659 492 1693 θερινὰς
508 1659 620 1694 τροπὰς,
637 1659 675 1691 ὡς
695 1659 828 1694 Ἀθηναῖοι
840 1667 847 1675 ·
866 1659 881 1694 ἢ

101 1704 171 1740 ἰτερλ¹
186 1705 383 1740 μετοπωρινὰς,
403 1705 440 1736 ὡς
458 1705 557 1740 οἱπερὶ
572 1705 620 1740 τὴν
643 1704 690 1731 νῦν
713 1705 884 1740 καλουμένην

108 1751 219 1777 Ἀσίαν·
234 1752 250 1786 ἢ
265 1752 328 1786 περὶ
350 1750 523 1786 χειμερινὰς,
547 1751 584 1782 ὡς
612 1751 755 1786 Ῥωμαῖοι·
777 1751 793 1786 ἦ
821 1750 884 1786 περὶ

101 1797 273 1833 ὲαρινὸις,ὡς
288 1797 405 1832 ’Λραϐες
424 1797 469 1823 καὶ
489 1798 678 1832 Δαμασκηνοί·
700 1797 782 1832 μηνὸς
798 1797 835 1828 δὲ,
847 1796 885 1827 ὥς

100 1852 188 1874 τινες,
207 1843 291 1878 ἀρχὴν
304 1843 352 1878 τὴν
367 1842 533 1877 πανσέληνον
548 1843 672 1877 λέγουσιν
686 1842 702 1877 ἢ
727 1843 776 1877 τὴν
803 1842 882 1868 νέαν·

101 1890 212 1916 ἔσονται
233 1889 305 1915 θέσει
326 1886 414 1916 αὗται,
427 1898 436 1914 ι
452 1889 535 1915 Πάλιν
546 1890 569 1915 εἰ
587 1889 656 1924 ἀρχὴ
679 1888 728 1923 μὲν
742 1887 788 1915 τοῦ
809 1887 885 1919 ἔτους

100 1936 159 1963 ἀπὸ
171 1936 279 1971 τροπῶν
299 1935 409 1971 θερινῶν
429 1935 588 1970 Ἀθηναίοις,
604 1935 641 1965 ὡς
665 1934 823 1970 Σιμπλὶκιος
840 1933 884 1958 λέ-

100 1990 148 2015 Tot
158 1990 165 1996 ·
181 1980 276 2016 θέρους
290 1980 317 2006 δὲ
329 1980 391 2015 περὶ
406 1979 451 2006 τὸν
469 1978 690 2014 Ἐκατομὸαιῶνα
706 1978 768 2012 περὶ
782 1976 885 2012 τροπὰς

100 2027 227 2053 τίκτουσι
242 2025 360 2056 θυννίδες
370 2045 376 2056 ,
399 2024 436 2056 ὡς
458 2023 644 2060 Ἀριστοτέλης
654 2030 660 2037 ·
684 2021 883 2058 συμπέρασμα,

101 2073 146 2098 ὅτι
173 2071 244 2107 ἀρχὴ
269 2071 315 2097 τοῦ
340 2071 415 2101 ἔτους
431 2071 445 2096 ὀ
468 2069 681 2104 Ἑκατομϐαιὼν,
705 2069 833 2105 τροπικὺς
847 2068 885 2095 ὢν

103 2118 221 2154 θερινός.
257 2117 337 2144 Ἀλλὰ
369 2117 420 2152 μὴν
454 2117 499 2143 καὶ
529 2116 623 2151 ἑορτὴν
662 2116 796 2151 Ἀθηναῖοι
825 2115 884 2141 τότε

101 2160 173 2195 ἦγον
187 2160 329 2196 δημοτελῆ,
343 2161 388 2186 καὶ
400 2160 477 2186 ἔθυον
501 2160 714 2196 μεγαλοπρεπῶς
733 2160 772 2195 τῷ
791 2160 883 2195 Ἡλίῳ,

976 926 1006 953 V.
1028 926 1060 953 Et
1076 933 1177 953 annum
1194 925 1304 960 quidem
1321 925 1502 952 Athenienses
1523 924 1557 952 ab
1576 924 1718 952 Hecatom-

938 972 1032 999 baaone
1055 971 1237 1006 incipiebant,
1265 970 1338 1005 quod
1365 978 1398 998 eo
1423 978 1517 997 mense
1543 973 1719 1005 perageretur

938 1018 1095 1045 solstitium.
1112 1017 1153 1044 Ah
1167 1018 1261 1045 aestivo
1276 1017 1349 1044 enim
1373 1016 1492 1044 solstitio
1516 1016 1550 1044 iis
1572 1020 1631 1044 erat
1655 1017 1719 1044 anni

937 1064 1100 1098 principium
1112 1083 1119 1094 ,
1137 1062 1366 1098 quemadmodum
1385 1062 1516 1090 Romanis
1533 1062 1669 1097 posterius
1685 1062 1719 1089 ah

937 1109 1060 1136 hiberno.
1076 1109 1244 1144 Principium
1267 1109 1359 1143 itaque
1384 1109 1446 1135 anni
1461 1116 1522 1135 esse
1535 1107 1719 1135 Hecatomhw-

936 1164 1014 1183 onem
1026 1175 1033 1187 ,
1047 1164 1078 1182 ex
1093 1155 1272 1182 Demosthene
1283 1155 1309 1181 in
1322 1155 1401 1181 tertia
1414 1154 1632 1189 Olynl/Iiacarum
1644 1161 1719 1181 com-

936 1208 1042 1238 pertum
1054 1203 1183 1230 habemus
1197 1211 1204 1228 :
1218 1210 1227 1226 ι
1243 1201 1344 1228 Deinde
1355 1209 1445 1232 vero,»
1460 1201 1572 1235 inquit,(
1587 1201 1718 1227 hoeanno

937 1251 1032 1274 exacto
1046 1247 1144 1274 labitur
1158 1246 1364 1273 lleeatombzeou
1374 1266 1381 1277 ,
1395 1245 1568 1280 Metagitnion
1578 1265 1585 1276 ,
1600 1245 1717 1272 Boedro-

936 1293 1020 1320 mion.
1039 1292 1095 1320 Hoc
1111 1300 1202 1319 mense
1217 1292 1259 1318 vix
1280 1291 1388 1318 tandem
1404 1295 1465 1325 post
1483 1290 1610 1325 mysteria
1624 1290 1717 1318 decem

935 1345 1018 1365 naves
1030 1337 1168 1364 misistis.»
1183 1337 1355 1364 Demonstrat
1365 1336 1437 1362 enim
1451 1335 1657 1362 Atheniensium
1672 1343 1718 1362 so-

935 1383 1053 1411 cordiam
1068 1384 1093 1410 in
1106 1383 1215 1410 tertium
1227 1390 1313 1417 usque
1327 1389 1445 1409 mensem
1459 1381 1576 1408 ineuntis
1587 1381 1648 1407 anni
1659 1388 1718 1415 pro-

935 1433 1048 1456 tractam
1062 1429 1158 1461 fuisse;
1171 1435 1232 1455 nam
1243 1428 1314 1463 quod
1327 1428 1361 1454 ab
1372 1428 1465 1454 aestivo
1479 1427 1596 1454 solstitio
1605 1427 1641 1454 sit
1653 1426 1716 1453 anni

935 1473 1115 1508 principium,
1138 1472 1293 1507 Simplicius
1307 1480 1446 1507 exponens
1460 1472 1584 1507 quinttnn
1600 1472 1717 1506 physica

935 1518 1141 1546 auscultationis
1151 1517 1306 1544 Aristotelis
1316 1537 1322 1549 ,
1337 1518 1373 1544 ita
1385 1517 1418 1543 de
1428 1524 1470 1549 eo,
1485 1516 1557 1551 quod
1568 1520 1610 1543 est
1621 1520 1717 1543 natura

934 1564 1009 1599 prius
1025 1567 1050 1590 et
1062 1563 1197 1598 posterius
1208 1563 1375 1594 edissercns,
1390 1561 1431 1588 his
1443 1562 1532 1589 verbis
1544 1561 1621 1588 tidem
1636 1561 1715 1588 facit:

937 1621 945 1636 ι
957 1610 1031 1643 Quae,
1046 1609 1168 1644 linquit,
1183 1618 1192 1634 ‹
1204 1608 1317 1635 facimus
1329 1608 1416 1640 initia,
1428 1607 1491 1633 anni
1500 1607 1620 1642 quidem,
1632 1607 1672 1634 vel
1683 1606 1716 1634 ad

933 1656 1055 1683 tcstivum
1066 1655 1210 1682 solstitium
1219 1675 1225 1687 ,
1237 1658 1266 1680 ut
1274 1653 1354 1680 Attici
1363 1662 1370 1685 ;
1378 1653 1418 1680 vel
1428 1653 1460 1679 ad
1469 1653 1622 1679 autumnale
1630 1652 1716 1687 tequi-

934 1702 1054 1729 noctium
1062 1721 1069 1734 ,
1078 1705 1108 1728 ut
1119 1705 1206 1729 teme.
1217 1707 1277 1735 qua:
1285 1707 1356 1726 nunc
1363 1699 1426 1726 Asia
1435 1699 1544 1730 dicitur,
1555 1698 1649 1725 incola:
1657 1705 1665 1731 ι
1674 1697 1716 1725 vel

934 1747 1006 1773 circa
1012 1746 1145 1776 brumam,
1155 1749 1184 1771 ut
1193 1744 1304 1771 Romani
1313 1752 1320 1776 ;
1331 1744 1371 1771 vel
1379 1744 1450 1771 circa
1458 1743 1646 1777 aequinoctium
1656 1751 1717 1770 ver-

934 1800 1010 1823 num,
1027 1796 1055 1819 ut
1070 1791 1173 1819 Arabes
1187 1796 1213 1818 et
1226 1790 1383 1818 Damasceni
1395 1800 1400 1817 :
1416 1790 1517 1817 mensis
1530 1797 1604 1820 vero,
1616 1793 1645 1816 ut
1657 1789 1717 1823 qui-

934 1839 995 1866 dam
1008 1838 1116 1869 volunt,
1129 1838 1305 1872 plenilunium
1319 1840 1364 1863 aut
1375 1836 1557 1862 novilunium:
1570 1835 1625 1862 haec
1636 1839 1716 1862 erunt

935 1884 1077 1920 positione.
1085 1884 1216 1911 iRursum
1226 1884 1247 1910 si
1258 1882 1468 1910 Atheniensibus
1481 1882 1543 1908 anni
1552 1881 1713 1916 principium

934 1935 991 1962 est,
1003 1934 1031 1956 nt
1044 1930 1125 1957 refert
1139 1929 1294 1964 Simplicius
1304 1949 1312 1961 ,
1326 1929 1359 1955 ab
1374 1929 1466 1955 :leiva
1482 1928 1547 1955 solis
1562 1927 1714 1961 reciproca-

933 1976 1025 2006 tione,
1054 1979 1081 2003 et
1105 1979 1198 2002 mstate
1221 1975 1293 2002 circa
1315 1975 1436 2001 eamdem
1459 1973 1567 2000 tlmnna:
1588 1973 1714 2007 pariunt,

934 2029 1027 2048 mense
1039 2020 1269 2050 [lccalombazonm
1280 2019 1374 2046 utvult
1384 2019 1558 2045 Aristoteles:
1569 2017 1631 2044 inde
1639 2017 1677 2048 lit,
1685 2021 1716 2043 ut

934 2066 1140 2094 Hecatomhtcon
1159 2066 1195 2093 sit
1214 2066 1278 2092 anni
1292 2066 1399 2092 initium
1413 2073 1419 2098 ;
1435 2065 1545 2092 aestivus
1560 2071 1621 2090 cum
1639 2063 1675 2091 sit
1687 2067 1715 2091 et

935 2113 1100 2140 solstitialis.
1125 2112 1159 2138 At
1173 2120 1238 2139 vero
1261 2111 1343 2139 ferias
1359 2112 1440 2139 etiam
1457 2117 1513 2138 tum
1529 2111 1643 2146 agebant
1662 2119 1714 2145 pu-

934 2158 1020 2186 blicas
1033 2158 1212 2185 Athenienses
1222 2178 1228 2190 ,
1243 2161 1269 2185 et
1283 2157 1423 2192 splendide
1437 2156 1627 2184 sacriﬁcabant
1640 2155 1713 2182 Soli:

101 2207 142 2239 ὡς
160 2207 223 2242 περὶ
244 2207 347 2241 τροπὰς
376 2207 448 2233 ὄντι·
465 2206 526 2234 ὅθεν
551 2206 598 2233 καὶ
624 2205 741 2242 τοῦνομα
760 2207 800 2242 τῷ
822 2207 884 2242 μηνὶ

937 2209 967 2231 ιιι
980 2205 1026 2240 qui
1046 2205 1072 2231 in
1092 2204 1208 2231 solstitio
1225 2208 1315 2231 esset:
1333 2203 1404 2230 unde
1418 2208 1445 2230 et
1465 2203 1551 2232 mensi
1569 2202 1713 2230 Hecatom-

108 2251 316 2287 Ἐκατομϐαιὼν
329 2271 336 2282 ,
360 2251 466 2287 Κρονίῳ
481 2252 629 2287 πρότερον,
657 2252 694 2284 ὡς
717 2252 886 2289 Πλούταρχός

103 2306 142 2332 φη
147 2305 173 2322 σι
183 2317 190 2328 ,
203 2297 285 2323 καλου
290 2296 372 2332 μένῳ.

140 2343 228 2374 Κέκος
241 2343 279 2374 δὲ,
295 2342 414 2378 Πρόκλου
434 2342 578 2377 χλευάζων,
596 2342 707 2376 γελοίως
729 2343 779 2374 τὰς
800 2343 886 2370 Ἠσιό-

102 2389 151 2415 δου
180 2389 315 2423 ἐξηγεῖται
339 2388 454 2424 ἡμέρας.
475 2388 566 2423 ἕτερον
585 2386 653 2415 εἶναι
668 2389 738 2424 μῆνα
755 2389 887 2424 Ἑκατομ-

103 2434 221 2466 ϐαιῶνος
234 2435 280 2460 τὸν
297 2435 410 2470 Κρόνιον
430 2433 636 2468 ὑπολαμϐάνων,
653 2435 700 2461 καὶ
719 2434 809 2470 τρίτον
824 2443 886 2460 συν-

102 2481 211 2507 τάττων
230 2480 283 2506 ἀπὸ
302 2479 548 2514 Ἑκατομϐαιῶνος·
572 2480 617 2506 καὶ
636 2480 814 2516 Θαργηλιῶνα
838 2480 886 2515 μὲν

103 2526 154 2552 καὶ
171 2526 388 2559 Μεταγειτνιῶνα
397 2524 526 2561 μηδαμῶς
539 2525 676 2560 ὀνομάζων
694 2526 739 2551 ὑπ’
757 2525 885 2560 ἀμαθίας,

104 2570 252 2605 Ληναιῶνα
274 2571 302 2596 δὲ
325 2571 362 2606 (ὃν
381 2571 427 2597 καὶ
447 2571 527 2602 αὐτὸς
545 2570 602 2606 ᾔδει
628 2571 787 2607 Ἰανουάριον
805 2571 885 2606 ὄντα)

104 2617 263 2650 καταλέγων
283 2618 310 2643 ὲν
334 2618 390 2649 τοῖς
402 2617 455 2643 τῶν
475 2616 622 2652 Ἀθηναὶων
643 2617 718 2651 μησὶ,
733 2618 779 2644 καὶ
796 2617 886 2643 δεύτε-

105 2671 154 2699 ρον
167 2661 251 2694 τιθεὶς
267 2662 319 2688 ἀπὸ
335 2662 577 2698 Ἑκατομϐαιῶνος.
600 2652 820 2697 Ἑκατομϐαιῶνα
839 2663 886 2697 μὲν

103 2707 152 2736 οὖν
162 2707 231 2736 εἶναι
252 2710 320 2744 μετὰ
335 2709 534 2745 Σκιροφοριῶνα
563 2708 653 2740 εὐθὺς,
670 2709 718 2735 καὶ
726 2709 790 2744 περὶ
807 2709 885 2735 Ἐκα-

103 2753 263 2789 ⁵τομσαιῶνα
289 2754 339 2786 τὰς
367 2754 474 2790 θερινὰς
505 2753 574 2781 εἶναι
597 2754 709 2790 τροπὰς,
726 2753 885 2789 φανερὸνδὴ

105 2801 212 2828 ἐνθένδε
225 2809 232 2816 ³
246 2802 464 2836 Μεταγειτνιῶνα
480 2803 501 2828 δ’
525 2802 588 2837 ἑξῆς
603 2800 681 2832 εἶναι,
699 2799 757 2828 εἶτα
771 2802 884 2837 Βοηδρο-

107 2847 208 2882 μιῶνα,
224 2847 337 2882 δήλωσις
360 2848 407 2882 μὲν
431 2848 477 2875 καὶ
489 2848 522 2874 τὰ
534 2847 720 2883 Δημοσθένους
735 2847 796 2883 ἄρτι
812 2848 886 2882 εἰρη-

937 2251 1022 2277 hzeoui
1039 2250 1115 2285 157
1133 2258 1245 2283 nomen,
1271 2250 1371 2277 Cronio
1389 2249 1480 2285 prius,
1502 2252 1531 2275 ut
1551 2247 1714 2275 Plutarchus

936 2297 1024 2332 inquit
1036 2317 1043 2328 ,
1062 2301 1226 2331 nuncupato.

971 2342 1056 2370 Porro
1070 2342 1157 2370 Cecus
1175 2342 1301 2370 Proclum
1323 2341 1452 2374 irridens,
1470 2341 1529 2368 dies
1547 2340 1658 2379 Hesiodi
1676 2334 1718 2368 ri;

936 2390 1025 2418 dicule
1044 2390 1250 2424 interpretatur,
1277 2389 1358 2415 alium
1376 2395 1497 2415 mensem
1521 2388 1554 2414 ab
1569 2387 1714 2414 Hecatom-

936 2435 1029 2463 bazone
1045 2435 1164 2462 Cronion
1185 2442 1245 2461 esse
1262 2434 1430 2465 existimans,
1453 2437 1478 2460 et
1493 2433 1601 2460 tertiqu
1618 2433 1653 2458 ab
1667 2431 1713 2458 illo

936 2482 1105 2509 constituens
1123 2490 1130 2507 :
1148 2485 1173 2507 et
1189 2480 1395 2515 Thargelionem
1409 2479 1527 2514 quidem,
1543 2486 1575 2505 ac
1589 2477 1714 2512 Metagit-

936 2527 1056 2557 nionem,
1084 2533 1139 2561 pne
1163 2526 1315 2560 imperitia,,
1337 2525 1411 2552 nullo
1441 2524 1521 2551 modo
1550 2523 1711 2556 nominans;

936 2572 1095 2599 Lenaronem
1130 2579 1193 2598 vero
1220 2572 1322 2606 (quem
1353 2571 1423 2598 idem
1461 2570 1617 2597 Januartum
1652 2575 1713 2596 esse

936 2618 1062 2653 sciebat)
1087 2619 1156 2644 inter
1178 2618 1281 2644 Atticos
1305 2624 1411 2644 menses
1429 2623 1584 2645 recensens,
1601 2619 1626 2641 et
1649 2621 1713 2649 pro-

936 2665 1036 2699 pinqua
1059 2664 1122 2691 sede
1147 2662 1364 2690 Hecatombaeoni
1389 2662 1536 2689 eollocans.
1567 2660 1712 2687 llecatom-

936 2710 1056 2737 bmonem
1084 2710 1165 2744 igitur
1191 2717 1252 2736 esse
1278 2709 1369 2736 statim
1396 2715 1410 2734 a
1435 2706 1654 2741 Scirophorioue.
1686 2710 1714 2733 et

936 2755 1010 2782 circa
1033 2755 1286 2782 llecatomhmonem
1299 2754 1421 2781 mstivum
1437 2752 1581 2780 solstitium
1602 2750 1710 2784 conﬁci,

936 2801 998 2828 hinc
1011 2804 1116 2828 constat
1126 2801 1252 2828 dilucide.
1268 2799 1399 2826 Caeterum
1415 2797 1633 2833 Metagitnionem
1649 2805 1712 2824 esse

936 2847 1075 2881 deinceps,
1091 2851 1183 2881 postea
1205 2845 1438 2876 Boedromionem,
1449 2843 1588 2872 declarant
1603 2843 1712 2872 quidem
