1931 3135
143 161 208 188 1181

612 158 786 186 THEODORI
806 157 908 185 GAZ/E
928 157 1028 184 LIBER
1047 157 1091 184 DE
1111 156 1291 186 MENSIBUS.

1685 159 1754 187 H89

141 218 254 244 τίκτειν,
281 216 371 244 Ταῦτα
385 216 414 243 δὲ
432 215 589 251 συμϐαίνειν
604 216 684 247 εὐθὺς
704 216 756 242 ἀπὸ
781 215 916 251 ἰσημερίαι

979 215 1077 242 seriem
1100 215 1225 247 intelligit
1241 224 1247 242 τ
1264 215 1290 242 id
1310 214 1380 249 quod
1405 214 1510 248 singula
1527 216 1699 249 persequenli
1712 220 1754 243 est

145 264 349 299 φθινοπωρινῆς
357 263 380 289 οἱ
396 263 458 297 περὶ
469 262 594 298 Τάραντα
605 262 689 294 ἁλιεῖς
701 262 833 295 λέγουσιν.
846 262 926 293 Εἰκὸς

139 310 168 336 δὲ
185 310 281 344 καὶτῷ
291 310 360 344 λόγῳ
370 318 376 324 ⁸
387 309 438 335 τῶν
449 309 502 344 γὰρ
520 308 617 344 ἰχθύων
631 308 713 342 ὀλίγοι
725 308 845 334 τίκτουσι
862 316 926 342 μετ-

141 363 156 382 ο
163 355 267 391 πώρου,
275 356 312 385 ὼς
326 356 372 381 καὶ
387 354 564 390 Αριστοτὲλης
573 355 682 389 ἱστορεῖ,
691 351 745 380 οἷον
753 354 851 388 σάλπη,
861 362 925 389 σαρ-

140 401 201 436 γὸς,
211 402 258 428 καὶ
267 403 316 428 ὅσα
324 401 389 427 ἄλλα
400 400 522 427 τοιαῦτα”
532 401 577 426 καὶ
586 401 682 435 νάρκη,
691 401 735 427 καὶ
746 401 815 436 ῥίνη,
831 401 925 436 μικρὸν

140 448 195 482 πρὸ
207 447 349 482 ἰσημερίας
365 448 415 481 τῆς
424 446 630 481 φθινοπωρινῆς.
640 446 671 472 Εἰ
681 446 708 472 δὲ
722 447 848 481 ἀστερίας
857 448 925 473 Μαι-

142 493 333 528 μακτηριῶνος
350 493 445 523 τίκτει,
461 492 532 523 εἰκὸς
549 493 593 518 τὸν
612 493 683 527 μῆνα
698 493 790 519 τοῦτον
804 493 840 528 μὴ
857 491 925 520 εἶναι

139 538 268 574 δεύτερον
285 538 337 564 ἀπὸ
348 538 397 572 τῆς
412 538 564 573 ἰσημερίας,
585 538 650 564 ἀλλὰ
666 538 786 574 πρῶτον·
805 539 924 574 καὶπερὶ

141 583 289 618 ἰσημερίαν
304 583 334 617 δὴ
349 583 460 611 τίκτειν.
475 583 520 608 καὶ
537 583 664 618 ἀστερῐαν
689 583 742 610 τῶν
768 583 924 617 σελαχωδῶν

139 626 216 659 BEV-ra,
231 628 277 654 καὶ
293 628 409 662 ὁμογενῆ
422 629 454 662 τῇ
470 628 558 664 νάρκῃ
568 629 614 654 καὶ
628 629 698 663 ῥίνῃ.
722 629 774 663 Ἰση
781 629 860 663 μερία
876 629 924 663 μὲν

138 671 187 699 οὖν
214 673 258 702 διὰ
280 674 364 700 ταῦτα
392 674 454 709 περὶ
470 674 718 710 Μαιμακτηριῶνα·
738 675 783 701 καὶ
798 675 859 710 ἑξῆς
881 676 923 702 ὅδε

139 719 315 754 Βοηδρομιὼν
326 720 392 746 ἐστι.
405 719 561 754 [Ιυανεψιὼν
569 721 597 747 δὲ
614 721 680 755 μετὰ
689 721 923 756 Μαιμακτηριῶνα

139 764 232 796 εὐθύς.
251 765 286 791 Τὸ
296 765 323 791 δὲ
338 765 431 791 πιστὸν
452 767 498 792 καὶ
519 766 594 801 παρὰ
611 766 780 801 Πλουτάρχου
798 767 921 801 ληπτέον,

138 810 265 844 λέγοντος
279 811 307 837 ἐν
318 811 355 846 τῷ
365 811 472 846 Θησέως
486 812 534 846 βίῳ
547 813 622 845 ἄγειν
639 812 795 847 ’Λθηναίους
808 813 856 848 τὴν
870 814 923 841 τῶν

146 850 327 892 Ὀσχοιρορίων
342 857 437 893 ἑορτὴν
453 858 651 892 Πυανεψιῶνος,
668 859 778 892 Θησέως
790 860 923 894 καταστή-

139 910 254 932 σαντος·
273 902 364 938 φέρειν
379 912 407 929 τε
431 904 492 935 τοὺς
513 903 618 938 δσχους,
633 904 673 930 ὅτι
690 904 921 940 συγκομιζομένης

138 946 250 983 ὀπώρας
266 949 382 983 ἐπανῆκε
393 949 496 983 Θησεὺς
510 950 576 983 μετά
587 950 639 975 τῶν
647 949 743 984 ἠϊθέων
756 950 787 975 ἐκ
800 950 919 984 Κρήτης,

137 994 327 1028 Πυανεψιῶνος
346 995 424 1029 ὀγδόῃ
455 996 606 1030 ἱσταμένου.
623 995 706 1029 Δῆλον
720 995 783 1031 γὰρ,
803 996 842 1021 ὅτι
867 996 920 1030 ἁμ-

136 1038 254 1074 πελικῆς
283 1039 391 1075 ὀπώρας
406 1041 422 1076 ή
440 1040 535 1075 κομιδὴ
554 1038 597 1076 ἦν.
618 1041 649 1066 'H
669 1041 697 1066 δὲ.
709 1040 848 1075 ὀψιαιτὲρα
863 1041 920 1075 μετ’

145 1085 325 1121 Ἀρκτοῦρον-
339 1085 354 1120 ἢ
371 1086 410 1117 είς
428 1086 518 1121 τρίτον
541 1087 611 1121 μῆνα
625 1087 675 1112 οὐκ
685 1086 717 1113 ἂν
734 1086 838 1120 γένοιτο
857 1086 921 1122 περὶ

144 1131 282 1166 Ἀττικήν.
311 1131 408 1166 Τρίτος
424 1131 445 1157 δ’
462 1133 525 1166 ἡμῖν
550 1131 708 1166 Πυανεψιὼν
730 1131 783 1157 ἀπὸ
804 1132 920 1166 Βοηδρο-

138 1177 249 1212 μιῶνος,
277 1177 322 1203 κει)¹
348 1178 403 1212 μετ’
425 1177 598 1213 Ἀρκτοῦρον.
623 1178 703 1204 Ἀλλὰ
721 1177 773 1213 μὴν
790 1179 836 1204 καὶ
856 1178 920 1204 Θεό-

138 1232 259 1259 φραστος
272 1225 300 1249 ὲν
316 1225 370 1255 τοῖς
384 1224 474 1255 αὐτοῖς
488 1224 549 1259 περὶ
566 1224 656 1258 φυτῶν
681 1225 780 1259 ἱστορεῖ
799 1223 919 1259 κόμαρον

137 1269 230 1295 ἀνθεῖν
258 1269 455 1303 Πυανεψιῶνος.
489 1270 598 1304 Ὀρᾶται
626 1269 653 1295 δὲ
675 1269 765 1295 τοῦτο,
780 1269 919 1303 γινόμενον

138 1314 205 1349 περὶ
238 1314 371 1349 Ἀττικὴν,
400 1315 447 1341 καὶ
473 1315 521 1346 ’τὰς
544 1314 637 1350 ὁμοίας
652 1315 700 1349 τὴν
717 1315 812 1349 κρᾶσιν
829 1314 920 1350 χώρας

136 1360 257 1395 δευτέρῳ
281 1361 345 1396 μηνὶ
376 1361 423 1388 ἀπ’
449 1360 592 1396 ἰσημερίας
605 1359 820 1395 φθινοπωρινῆς·
837 1359 919 1395 τρίτῳ

134 1406 160 1432 δ’
184 1406 331 1439 ἀπανθεῖν,
359 1407 405 1433 καὶ
426 1407 456 1432 τὸ
484 1406 647 1441 μεμαίκυλον
673 1406 721 1441 ἤδη
743 1405 919 1441 ἀδρυνόμενον

138 1451 234 1486 ῐςχειν.
259 1452 445 1486 Πυανεψιῶνος
467 1452 494 1478 δὲ
516 1452 562 1478 καὶ
577 1452 624 1486 τὴν
640 1453 668 1478 ἐν
681 1452 809 1486 Αἰγύπτῳ
821 1460 920 1478 κοκκυ-

138 1499 243 1534 μηλὲαν
272 1498 361 1526 ἀνθεῖν
383 1506 466 1534 φηςι-ι’
484 1499 562 1524 τοῦτο
580 1499 607 1524 δὲ
633 1499 694 1533 περὶ
707 1499 832 1533 δεύτερον
848 1498 920 1532 γίνε-

137 1546 201 1572 σθαι
221 1546 290 1580 μῆνα
315 1546 368 1571 ἀπὸ
391 1545 534 1579 ἰσημερίας
558 1544 698 1578 Αἰγύπτιοι
719 1544 837 1578 λέγουσι.
865 1544 918 1570 Καὶ

135 1591 225 1623 ἄλλως
246 1591 273 1617 δὲ
298 1590 398 1623 δόξειεν
426 1591 458 1617 ἂν
486 1591 697 1626 ἀμφισϐητοῦντι
729 1591 843 1625 μάλιστα
866 1591 918 1616 τῶν

135 1637 225 1664 ἄλλων
240 1636 365 1663 ἁπάντων
375 1636 465 1672 μηνῶν
480 1638 493 1662 ὁ
507 1637 663 1671 Πυανεῴιὼν
675 1637 754 1668 εὐθὺς
763 1635 831 1663 εἶναι
850 1636 919 1671 μετά

135 1682 338 1718 Βοηδρομιῶνα,
353 1683 379 1708 εῖ
390 1691 420 1716 γε
432 1684 494 1718 περὶ
506 1683 584 1709 αὐτὴν
599 1684 614 1718 ἡ
628 1683 723 1718 κομιδὴ
738 1683 785 1718 τῆς
798 1681 916 1717 ὀπώρας,

134 1729 176 1758 ὡς
200 1727 370 1762 Πλούταρχος
394 1727 454 1762 ἔφη.
470 1728 525 1754 Οὐκ
546 1728 602 1754 ἔστι
614 1728 661 1754 δέ·
684 1728 918 1763 Μαιμακτηριῶνα

133 1771 192 1807 γὰρ
206 1770 274 1798 εἶναι
286 1771 472 1798 ἀποδέδεικται
486 1772 528 1806 δή.
548 1771 576 1798 '0
590 1772 642 1806 ἄρα
655 1772 712 1806 μετ’
727 1773 827 1798 ἐκεῖνον
839 1772 917 1802 εὐθὺς

132 1818 172 1845 ὅδ’
196 1818 276 1845 ἐστίν.
297 1818 429 1849 ’Ύστατος
445 1818 472 1844 δὲ
487 1818 525 1853 τῷ
536 1818 677 1853 καταλόγῳ
691 1817 756 1852 τῷδε
772 1819 836 1853 ἡμῖν
860 1819 917 1844 ’Λν-

133 1864 285 1899 θεστηριών
295 1872 301 1879 ·
316 1864 354 1898 τῷ
366 1864 419 1899 γὰρ
431 1864 632 1899 ὑπολειπομένῳ
641 1863 689 1899 τὴν
702 1863 794 1899 λοιπὴν
808 1864 915 1890 ἀπονεῖ-

134 1919 186 1945 μαι
200 1910 291 1945 χώραν
310 1910 341 1945 δὴ
361 1911 517 1942 ἀναγκαῖον.
535 1909 589 1936 Καὶ
606 1909 696 1940 πίστις
714 1910 791 1944 ἱκανὴ
803 1910 870 1941 τέως
883 1919 914 1944 γε

131 1955 215 1982 τοῦτο
242 1956 273 1982 ἂν
298 1955 350 1990 εἴη.
365 1956 440 1990 ’Ἅμα
463 1954 494 1990 δὴ
519 1954 606 1990 δῆλον,
623 1955 670 1980 καὶ
686 1955 725 1981 ὅτι
744 1955 807 1989 περὶ
821 1956 916 1982 Ποσει-

130 2000 221 2028 δεῶνα
235 2001 262 2027 αἱ
275 2001 427 2036 χειμεριναὶ
440 2001 538 2035 τροπαὶ
558 1999 761 2034 ἀκριϐέστερον,
775 1999 841 2034 ὅπερ
855 2000 913 2026 κατ’

130 2047 221 2082 ἀρχὰς
247 2047 414 2081 ἀπελίπομεν
433 2047 490 2077 τοῖς
513 2045 645 2080 ὑστέροις.
663 2045 794 2080 Ἕϐδομος
807 2046 860 2081 γὰρ
872 2046 914 2071 ὅδε

130 2093 188 2119 ἀπὸ
207 2091 441 2127 Ἑκατομϐαιῶνος
456 2091 502 2118 καὶ
513 2091 619 2126 τροπῶν
631 2090 752 2126 θερινῶν.
770 2090 913 2125 Φιλόστρα-

129 2146 178 2169 τος
189 2137 217 2163 δὲ
229 2137 355 2172 πάμπολυ
378 2137 513 2172 διέστηκε,
537 2135 656 2171 φάμενος
678 2135 827 2170 Ἀθηναίοις
843 2135 915 2170 νόμι-

131 2191 183 2218 μον
197 2180 267 2209 εἶναι
282 2183 343 2213 τοὺς
354 2182 450 2213 παῖδας
460 2183 574 2216 τριετεῖς
588 2180 749 2215 γενομένους
766 2180 913 2214 στεφανοῦ-

939 883 959 909 Β

932 1561 955 1592 C

979 261 1166 295 perspicuum.
1184 260 1284 288 Verum
1312 261 1450 288 enimvero
1466 269 1480 288 e
1496 261 1672 288 mustelorum
1687 269 1755 296 quo-

975 313 1028 340 que
1045 313 1143 340 genere
1155 306 1291 332 stellarem
1312 306 1412 332 coitum
1438 306 1506 332 inire
1527 305 1753 340 Mzemacterione,

975 355 1001 377 et
1017 351 1058 378 bis
1075 359 1166 378 mense
1181 357 1284 386 partum
1297 351 1436 378 absolvere
1453 352 1526 378 dicit.
1543 351 1570 378 Id
1585 357 1673 378 autem
1690 360 1754 379 cou-

975 397 1081 432 tingere
1099 398 1133 424 ab
1147 398 1295 424 autumnali
1308 398 1481 432 :equinoetio,
1496 398 1645 432 piscatores
1653 398 1755 425 Taren-

976 443 1024 469 tini
1052 448 1216 469 asseverant.
1246 442 1323 475 Quod
1351 447 1378 470 et
1401 443 1500 469 rationi
1527 447 1751 474 consentaneum.

974 496 1037 514 cum
1050 489 1163 522 piscium
1175 489 1253 523 pauci
1266 495 1395 515 autumno
1407 489 1523 523 pariant,
1537 492 1565 515 ut
1577 489 1646 516 idern
1659 495 1753 516 auctor

974 539 1016 560 est
1033 534 1203 566 Aristoteles,
1227 538 1256 560 ut
1276 535 1360 568 salpa,
1389 542 1494 568 sargus,
1508 539 1534 561 et
1546 535 1571 560 iul
1587 543 1671 569 genus
1688 535 1750 568 alia,

973 581 1001 605 et
1024 580 1151 613 torpedo,
1168 583 1193 605 et
1213 578 1339 613 squatina
1363 579 1500 612 paululum
1516 583 1578 606 ante
1598 580 1753 607 autumnale

973 624 1175 658 mquinoctium.
1189 624 1264 656 Quod
1280 624 1301 650 si
1312 624 1426 650 stellaris
1439 624 1652 651 Mremacterione
1668 626 1749 659 parit,

974 674 1186 696 consentaneum
1209 674 1249 696 est
1265 669 1336 696 hunc
1355 677 1473 696 mensem
1489 678 1543 696 non
1559 678 1619 697 esse
1637 671 1752 698 alterum

974 716 1008 743 ab
1039 716 1215 750 atquinoctio,
1241 716 1288 743 sed
1317 721 1389 743 certe
1413 717 1542 750 primum,
1565 722 1592 743 et
1615 718 1750 745 stellarem

974 769 1080 796 quoque
1097 761 1168 788 circa
1184 761 1373 795 aequinoctium
1390 769 1492 795 parere,
1510 763 1616 796 generis
1632 771 1693 789 cum
1715 764 1751 790 sit

974 807 1187 840 cartilaginci,ct
1198 807 1330 840 ejusdem,
1343 807 1420 841 cujus
1440 808 1547 834 testudo
1563 812 1589 834 et
1610 810 1748 843 Squatina.

974 851 1013 878 Ex
1034 852 1077 879 his
1101 852 1192 886 itaque
1208 853 1280 879 circa
1296 852 1538 880 Mmmacterionem
1554 855 1747 888 wquinoctium

973 902 1025 930 est,
1043 903 1068 924 et
1084 899 1229 925 continuus
1245 898 1434 925 Boedromioni
1457 899 1665 926 Mtemacterion.
1682 900 1751 936 Pya-

974 946 1086 980 nepsion
1102 950 1190 972 autern
1205 947 1351 979 protinusa
1363 946 1579 973 Maemacterione
1593 951 1643 978 est,
1657 948 1751 974 tidem-

972 999 1024 1026 qtte
1036 990 1279 1018 faciantl’lutarchi
1288 991 1379 1023 verba,
1390 993 1416 1018 in
1430 992 1526 1019 Theseo
1535 992 1660 1026 dicentis,
1672 993 1750 1021 Athe-

971 1038 1080 1064 nienses
1091 1037 1276 1072 Pyanepsione
1292 1037 1437 1063 [latum-um
1459 1038 1529 1064 diem
1550 1037 1647 1064 festum
1671 1046 1750 1072 agere

971 1082 998 1109 in
1015 1083 1170 1109 memoriam
1191 1083 1270 1116 158
1290 1082 1385 1109 Thesei
1404 1087 1459 1109 tum
1476 1090 1491 1109 e
1507 1083 1586 1110 Creta
1601 1092 1660 1110 cutn
1674 1084 1749 1118 juve-

971 1129 1053 1155 nibus
1071 1128 1180 1155 reducis
1199 1128 1277 1161 facti;
1296 1132 1322 1154 et
1345 1136 1434 1155 ramos
1455 1133 1573 1162 gestare,
1592 1130 1664 1164 quod
1693 1134 1749 1156 tum

971 1175 1093 1205 redierit,
1113 1182 1174 1200 cutn
1194 1174 1299 1201 fructus
1321 1175 1475 1209 legerentur
1495 1176 1539 1203 die
1562 1182 1658 1204 octavo
1681 1177 1749 1212 Pya-

971 1219 1121 1257 nepsionis.
1141 1219 1255 1246 Constat
1270 1220 1341 1246 enitn
1364 1220 1448 1247 fuisse
1461 1221 1605 1248 vindemia:
1623 1227 1748 1256 tempus:

970 1273 1030 1300 quze
1043 1266 1072 1292 in
1092 1265 1182 1291 Attica
1197 1273 1368 1300 nequaquam
1395 1266 1441 1292 fiat
1463 1267 1551 1293 serior
1566 1268 1599 1294 ab
1619 1269 1748 1301 Arcturo,

971 1320 1050 1346 qualn
1065 1312 1145 1338 tertio
1159 1313 1263 1338 tne'nse.
1283 1311 1391 1338 Tertius
1412 1320 1476 1339 vero
1496 1313 1575 1340 nobis
1591 1318 1632 1340 est
1647 1321 1661 1339 a
1682 1313 1748 1341 Βοα-

970 1358 1122 1388 dromione,
1140 1358 1211 1384 etab
1231 1357 1347 1384 Arcturo
1368 1357 1548 1392 Pyancpsion.
1564 1359 1644 1393 Atqui
1666 1360 1748 1386 etiam

971 1403 1172 1438 Theophrastus
1189 1403 1214 1429 in
1238 1403 1331 1429 iisdem
1351 1403 1425 1430 libris
1456 1404 1489 1430 de
1508 1404 1617 1438 plantis,
1644 1404 1744 1439 Pyaue-

970 1449 1065 1483 psione
1094 1448 1219 1474 arbulum
1243 1448 1337 1474 ﬂorere
1367 1448 1478 1481 scribit;
1505 1449 1578 1483 quod
1606 1449 1633 1476 in
1660 1450 1747 1477 Attica

971 1495 1151 1529 conspicitur,
1169 1498 1194 1520 et
1209 1494 1306 1520 similis
1320 1494 1458 1528 temperiei
1474 1495 1640 1529 regionibus,
1656 1503 1746 1523 mense

971 1542 1004 1568 ab
1036 1541 1186 1568 autumnali
1216 1541 1380 1575 aequinoctio
1411 1541 1547 1575 secundo;
1575 1542 1655 1568 tertio
1684 1550 1746 1569 vero

969 1588 1110 1619 dellorere,
1124 1591 1150 1614 et
1173 1587 1228 1621 jam
1251 1587 1401 1614 crescentia
1431 1588 1526 1614 arbuta
1553 1588 1661 1615 habere.
1679 1587 1745 1623 Pya-

968 1634 1099 1668 nepsion'e
1124 1641 1231 1668 queque
1249 1634 1274 1659 in
1293 1633 1408 1668 Aigyplo
1421 1641 1537 1667 prunum
1551 1633 1646 1660 ﬂorere
1660 1634 1724 1660 dicit
1738 1643 1746 1662 :

968 1687 1060 1706 verum
1094 1679 1120 1706 id
1149 1679 1207 1706 ﬁeri
1240 1679 1360 1706 secundo
1396 1686 1488 1706 mense
1520 1679 1554 1706 ab
1585 1680 1746 1713 aequinoctio

968 1724 1086 1759 Aigyptii
1114 1728 1282 1751 asseverant.
1310 1725 1344 1750 At
1369 1725 1496 1759 cttiquam
1522 1725 1637 1752 fortasse
1655 1725 1687 1752 de
1702 1725 1745 1752 his

967 1770 1114 1804 ambigenti
1144 1770 1227 1796 rideri
1252 1771 1338 1805 possit
1363 1770 1532 1806 Pyonepsion
1554 1770 1745 1798 Boedromioni

966 1815 1088 1842 omnium
1113 1815 1260 1850 proximus,
1289 1816 1312 1842 si
1342 1823 1373 1842 eo
1395 1822 1489 1842 mense
1517 1815 1596 1842 ﬁebat
1621 1816 1744 1842 autumni

966 1861 1102 1888 fructuum
1129 1861 1319 1895 comportatio,
1343 1864 1373 1888 ut
1396 1861 1559 1888 Plutarchus
1584 1861 1681 1896 inquit.
1709 1862 1744 1888 At

965 1915 1019 1934 non
1044 1907 1079 1934 ita
1101 1911 1152 1939 est,
1179 1915 1240 1934 cum
1271 1906 1512 1934 Mtemacterionem
1538 1907 1666 1934 continuo
1683 1914 1744 1934 esse

965 1952 1178 1979 demonstratum
1195 1952 1239 1978 sit.
1251 1951 1459 1979 Mtemacterioni
1481 1952 1561 1987 igitur
1575 1952 1743 1987 Pyanepsion

964 1998 1118 2033 contiguus.
1147 1997 1265 2024 Ultimus
1290 1997 1368 2024 nobis
1392 1998 1442 2024 hac
1471 1998 1673 2025 enumeratione
1701 2002 1744 2025 est

963 2044 1175 2076 Anthesterion;
1199 2044 1303 2078 reliquo
1328 2044 1399 2070 enim
1424 2043 1514 2070 sedem
1538 2052 1608 2074 eain,
1623 2052 1683 2078 quze
1697 2050 1759 2078 sua

964 2095 1056 2125 perest
1076 2090 1174 2117 ascribi
1190 2094 1305 2124 oportet.
1322 2089 1351 2116 Et
1362 2089 1419 2116 haec
1438 2090 1547 2124 quidem
1559 2090 1666 2117 interim
1679 2098 1742 2124 pro—

963 2136 1038 2163 batio
1062 2135 1190 2163 sufﬁciat.
1221 2135 1308 2162 Simul
1336 2142 1400 2162 vero
1427 2139 1544 2167 constat,
1567 2135 1642 2162 circa
1665 2134 1742 2163 Posi-

964 2180 1076 2208 deonem
1106 2180 1230 2207 brumam
1260 2187 1330 2211 esse,
1358 2179 1439 2213 idque
1463 2180 1569 2206 ratione
1595 2180 1740 2212 exactiore,

130 2228 195 2254 σθαι
209 2228 262 2254 τῶν
278 2227 380 2254 ἀνθέων
397 2227 479 2262 μηνὸς
504 2226 738 2262 Ἀνθεττηριῶνος.
755 2226 839 2261 Δῆλος
859 2226 912 2261 γάρ

967 2226 1036 2261 quod
1050 2233 1065 2252 a
1081 2225 1214 2261 principio
1227 2226 1370 2260 rejeeimus
1384 2225 1416 2252 ad
1430 2225 1590 2260 posteriora.
1604 2225 1741 2259 Septimus

128 2275 204 2301 ἔστιν
218 2273 323 2308 ὲαρινὸν
337 2272 410 2299 τόνδε
429 2272 499 2306 μῆνα
512 2271 697 2307 καταριθμῶν.
715 2272 746 2298 Et
764 2271 812 2306 μὲν
826 2269 872 2297 οὖν
886 2271 910 2297 οἱ

127 2319 173 2345 ἐπ’
199 2318 280 2345 αὐτοῦ
307 2318 452 2353 Ἀθηναῖοι,
474 2317 522 2352 τὴν
534 2317 586 2344 τῶν
597 2317 736 2353 προγόνων
756 2318 820 2352 περὶ
848 2318 910 2350 τοὺς

129 2365 219 2399 μῆνας
226 2364 348 2396 σύνταξιν
357 2363 566 2395 ὑπαλλάξαντες,
581 2364 666 2396 ἄλλως
673 2364 799 2400 ἐχρῶντο,
813 2363 909 2398 ἀληθὲς

126 2409 275 2443 ἀντιλέγοι”
308 2409 377 2444 πλὴν
403 2410 482 2443 ἡμῖν,
508 2409 556 2443 οὐχ
571 2409 584 2435 ὅ
598 2418 624 2435 τι
639 2410 662 2435 οἱ
676 2409 722 2434 ἐπὶ
732 2409 907 2444 Φιλοστράτου

132 2456 269 2491 Ἀθηναῖοι
282 2454 356 2491 ἦγον,
375 2456 501 2490 ἐπιμελὲς
521 2456 618 2482 είῐέναι
629 2464 657 2482 τε
676 2456 722 2482 καὶ
738 2455 838 2487 λαϐεῖν,
851 2456 907 2482 ἀλλ’

123 2503 138 2529 ὅ
151 2511 176 2528 τι
191 2502 215 2527 οἱ
228 2502 270 2527 ἐπ’
289 2501 487 2536 Ἀριστοτέλους
516 2501 562 2526 καὶ
584 2500 765 2535 Θεοφράστου.
783 2500 814 2525 Εἰ
835 2499 861 2525 δὲ
876 2500 907 2535 δὴ

122 2549 155 2574 τδ
172 2547 221 2581 μὲν
242 2547 304 2582 περὶ
321 2547 384 2578 τοὺς
410 2547 507 2577 παῖδας
528 2546 608 2577 αὐτὸς
639 2546 773 2579 λογοποιεῖ
799 2554 829 2571 τε
861 2545 907 2572 καὶ

124 2593 283 2624 πλάττεται,
298 2593 334 2624 ὡς
348 2593 394 2618 καὶ
411 2592 478 2618 ἄλλα
491 2591 585 2622 πολλὰ,
603 2591 731 2625 σοῳιστὴς
742 2590 778 2616 ῶν
792 2598 799 2605 ·
824 2591 868 2617 τὸν
878 2591 906 2617 δὲ

125 2638 198 2672 μῆνα
213 2637 267 2663 ἀπὸ
290 2636 343 2663 τῶν
363 2636 464 2663 ἀνθέων
481 2635 650 2670 ἐτυμολογῶν
670 2636 816 2670 ὑπείληφεν
831 2636 904 2670 ἐαρι-

123 2684 168 2710 νὸν
184 2683 270 2709 εἶναι’
283 2683 354 2709 οὕτω
383 2683 410 2709 δὲ
426 2684 472 2709 καὶ
487 2682 575 2717 πολλῷ
589 2681 686 2717 μᾶλλον
702 2683 904 2716 εὑκαταφρονη-

122 2729 222 2764 τότερα
236 2729 268 2754 τὰ
287 2729 345 2755 κατ’
373 2729 453 2755 αὑτὸν
480 2729 593 2762 γίνεται.
610 2727 676 2754 Οὐδὲ
697 2727 749 2762 γὰρ
762 2727 793 2762 δὴ
806 2726 841 2752 τὰ
855 2726 904 2761 τῆς

122 2774 301 2809 ἐτυμολογίας
318 2774 488 2809 πιθανώτερα
501 2774 554 2800 ἀπὸ
571 2775 618 2809 τῆς
635 2773 717 2806 ἕξεως
732 2773 784 2799 τῶν
802 2771 903 2798 ἀνθέων

122 2820 138 2853 ἧ
159 2819 213 2845 ἀπὸ
227 2820 276 2854 τῆς
292 2820 444 2854 στερήσεως
468 2820 582 2854 φαίνοιτ’
606 2820 647 2846 ἄν.
665 2819 724 2845 ’Ὁτι
744 2818 796 2854 γὰρ
814 2817 904 2852 στέρε-

124 2865 186 2890 σθαι
209 2865 268 2891 τότε
298 2865 399 2891 ἀνθέων
427 2866 566 2900 συμϐαίνει
586 2865 634 2900 τὴν
656 2865 738 2900 ὥραν,
763 2863 903 2897 Ἀνθεστη-

963 2277 1079 2305 namque
1096 2274 1137 2297 est
1152 2270 1184 2296 ab
1201 2269 1423 2297 Ilecatombzeone
1451 2270 1600 2305 azstivoque
1612 2270 1738 2298 solstitio.

964 2316 1017 2343 Sed
1042 2315 1224 2343 Philostratus
1248 2315 1327 2350 longe
1353 2316 1379 2342 in
1410 2315 1464 2342 alia
1488 2316 1563 2343 stetit
1594 2316 1739 2348 sententia,

963 2363 1058 2390 dicens
1072 2361 1284 2389 Atheniensibus
1298 2369 1399 2389 morem
1419 2361 1504 2389 fuisse
1520 2369 1619 2396 pueros
1642 2363 1739 2389 trimos

962 2408 1074 2435 ﬂoribus
1098 2407 1236 2440 coronari,
1261 2415 1353 2434 mense
1376 2407 1594 2434 Anthesterione.
1611 2407 1636 2435 ls
1654 2407 1737 2439 enim,

962 2455 991 2478 ut
1006 2455 1128 2486 apparet,
1149 2451 1223 2477 hunc
1238 2457 1357 2476 mensem
1370 2453 1463 2484 aperte
1480 2450 1552 2476 inter
1563 2457 1660 2476 vernos
1672 2456 1738 2476 enu-

961 2497 1058 2524 merat.
1086 2496 1114 2523 Si
1129 2497 1211 2531 igitur
1233 2495 1390 2522 Philostrati
1415 2496 1544 2530 aequales,
1559 2495 1737 2522 Athenienses

960 2545 1031 2577 dico,
1057 2543 1194 2570 mensibus
1217 2542 1293 2568 aliter
1315 2542 1470 2573 utebantur,
1487 2549 1518 2568 ac
1540 2541 1659 2575 ipsorum
1677 2546 1734 2566 ma-

957 2589 1040 2624 jores.
1053 2595 1147 2615 eorum
1165 2587 1269 2614 scilicet
1284 2587 1377 2613 ordine
1391 2586 1510 2616 turbato.
1523 2593 1615 2613 verum
1631 2584 1733 2618 aliquid

959 2636 1071 2662 diceret.
1090 2633 1208 2660 Tametsi
1234 2632 1312 2660 nobis
1336 2640 1409 2659 cura:
1427 2639 1481 2658 non
1501 2635 1553 2662 est,
1570 2637 1733 2664 cognoscere

958 2681 1021 2716 quid
1036 2679 1192 2707 Philostrati
1210 2683 1331 2712 tempore
1353 2681 1463 2712 agerent
1480 2676 1669 2705 Athenienses.
1686 2675 1732 2702 sed

957 2727 1022 2761 quid
1036 2725 1187 2753 Aristotelis
1212 2729 1238 2752 et
1260 2722 1449 2759 The0phrasti.
1464 2721 1533 2754 Quid
1554 2728 1617 2747 vero
1639 2721 1661 2748 si
1681 2721 1732 2746 hoe

960 2780 1067 2807 quoque
1089 2772 1122 2799 de
1137 2771 1228 2806 pueris
1242 2769 1466 2799 comminiscitur,
1483 2771 1511 2794 ut
1526 2767 1652 2802 pleraque
1667 2766 1730 2796 alia,

956 2826 989 2845 ex
1010 2817 1043 2845 iis
1055 2825 1135 2849 unus,
1153 2824 1221 2851 quos
1247 2814 1382 2849 sophistas
1403 2813 1511 2840 dixere:
1527 2818 1642 2846 eumque
1655 2818 1730 2837 men-

959 2871 1015 2891 sem
1033 2870 1145 2891 vernum
1164 2869 1224 2889 esse
1247 2861 1343 2892 credit,
1360 2867 1374 2886 a
1391 2858 1503 2886 ﬂoribus
1518 2858 1598 2885 ducta
1611 2856 1728 2885 nominis
