1907 3144
139 156 207 184 118⁵

594 156 767 184 ΤΙὶΕΟὒΙὶιῖἕ
787 157 888 184 ΕΑΖίΕ
910 156 1009 184 L-XBER
1030 156 1073 183 DE
1093 156 1275 185 MENSIBUS.

1677 159 1747 186 H86

138 220 188 239 xcv
204 210 338 244 σύνταξιν.
357 211 395 247 τῷ
411 211 453 238 ἀεὶ
468 212 569 239 ἐπιόντι
587 213 640 239 τῶν
657 214 816 249 Ῥωμαϊκῶν
833 216 917 250 ἐφαρ-

974 221 1019 241 aus
1034 212 1145 241 Iunium
1162 221 1222 241 esse
1240 213 1491 241 Hecatombaaonem
1505 234 1512 246 ,
1531 214 1586 248 jam
1603 214 1693 243 nullus
1708 220 1749 242 est

138 257 253 293 μόττων,
269 258 315 284 καὶ
330 258 396 293 προς
410 258 459 289 τὰς
479 257 553 293 ὥρας
567 258 614 284 τοῦ
630 259 751 286 ἐνιαυτοῦ
766 259 918 294 συμφωνῶν

137 303 262 340 ὗπάρξει.
283 303 440 339 Ἀπορήσειε
462 303 484 329 δ’
501 305 533 331 ἄν
549 313 600 336 τις,
627 305 653 330 εῐ
674 313 706 339 γε
725 305 787 336 τοὺς
809 306 919 340 χρόνους

143 349 280 384 Ἀθηναῖοι
293 347 360 384 ἦγον
381 349 452 376 κατὰ
470 349 518 385 τὴν
544 350 658 386 σελήνης
677 351 773 386 φορὰν,
792 351 919 386 Ῥωμαῖοι

137 396 167 423 δὶ
184 396 254 422 κατὰ
272 395 321 431 τὴν
336 396 410 430 ἡλίου
424 395 584 430 λογίζονται,
606 396 663 428 πῶς
679 397 712 423 ἂν
730 398 754 423 οἱ
767 397 821 424 τῶν
843 397 921 432 Ἀθη-

139 442 222 469 ναιων
234 441 428 477 ὲεραρμόζοιντο
441 443 497 473 τοῖς
516 443 562 477 μὲν
581 442 722 478 Ῥωμαίων
740 443 832 478 μησὶν,
851 443 920 469 ὥστε

138 489 187 516 καὶ
207 488 365 524 ἀπαρτίζειν
388 489 442 520 ἀεὶ,
462 490 509 515 καὶ
533 488 640 516 Ἰούνιον
658 489 706 524 μὲν
726 489 770 516 τὸν
790 488 922 525 Ἑκατομ-

138 535 252 568 ϐαιῶνα,
276 535 385 561 Ἰούλιον
406 535 435 561 δὲ
456 535 501 561 τὸν
521 535 739 569 Μεταγειτνιῶνα
763 535 922 572 ἑρμηνεύειν

138 581 226 617 ὀρθῶς
238 589 246 597 ο
260 580 390 612 ὡσαύτως
405 580 433 607 δὲ
449 581 494 607 καὶ
507 581 552 606 ἐπὶ
565 581 619 608 τῶν
634 581 728 609 ἄλλων.
744 582 780 608 Οὐ
798 582 851 618 γὰρ
870 584 923 609 ἰσο-

138 627 224 662 ταχὴς
239 627 256 662 ἠ
277 626 374 662 σελήνη
396 625 435 661 τῷ
449 626 532 661 ὴλεῳσ
554 626 608 652 οὐδ’
631 626 688 662 ἅμα
709 627 853 653 τελευτῶσι
876 628 922 654 καὶ

138 672 279 707 ἄρχονται,
295 671 333 702 ὡς
355 672 450 703 εἰπεῖν,
471 672 535 706 περὶ
557 671 602 697 τὸν
625 671 670 698 τοῦ
687 671 819 704 ζωδιακοῦ
846 681 923 708 μερι-

139 717 217 754 σμόν.
239 718 358 752 Ἀνάγκη
383 717 414 753 δὴ
441 717 669 753 ἐπαμφοτερίζειν
689 719 751 750 τοὺς
772 718 826 745 τῶν
846 719 923 755 Ἀθη-

138 764 221 791 ναίων
243 764 340 800 μῆνας,
357 764 388 790 Εἰ
403 763 431 790 δὲ
452 764 484 799 δὴ
503 763 617 795 ἕκαστος
633 764 856 800 ὲπαμφοτερέζων
871 766 923 801 ἁμ-

139 811 210 845 φοίν,
240 810 398 845 ἐπιλήψεται
427 809 472 836 τοῦ
499 818 529 836 τε
559 809 702 846 προτέρου,
728 810 764 842 ὡς
791 811 922 846 ,Ῥωμαῖοι

138 856 246 890 ἄγουσι,
265 856 312 882 καὶ
333 855 379 881 τοῦ
396 854 509 889 ὑστέρου
533 853 625 890 μηνὸς,
640 854 664 880 τί
688 854 786 890 μᾶλλον
808 855 861 881 ἀπὸ
875 854 922 881 τοῦ

138 901 271 938 προτέρου
286 900 552 937 μεθερμηνευόμενος
564 899 723 935 ὀνομάζοιτο
742 900 774 927 ἂν
794 901 884 931 καλῶς
902 901 919 936 ἢ

971 260 1046 287 labor
1076 260 1195 295 reliquos
1226 259 1435 295 interpretandi.
1470 260 1582 295 Semper
1605 268 1678 288 enim
1706 269 1750 289 sc-

969 306 1063 340 quenti
1083 306 1170 333 Attico
1187 306 1264 340 juxta
1276 306 1447 341 suppositum
1460 305 1583 333 ordinem
1601 314 1663 333 cum
1688 307 1750 334 sub-
1767 305 1771 310 ’

969 351 1031 379 inde
1044 352 1168 387 sequenti
1186 351 1309 379 Romano
1321 352 1473 383 conveniet,
1491 355 1517 379 et
1532 352 1624 379 eadem
1639 353 1672 379 ad
1685 352 1748 379 anni

969 401 1060 432 partes
1073 398 1125 425 erit
1140 398 1328 425 consonantia.
1346 397 1398 425 Sed
1412 397 1480 425 forte
1494 398 1556 432 quis
1571 398 1748 431 “dubitaverit,
1765 394 1770 402 ’

970 450 1031 469 eum
1043 443 1221 471 Athenienses
1238 443 1271 470 ad
1286 444 1357 470 luna:
1369 463 1376 474 ,
1404 444 1437 470 ad
1458 444 1524 471 solis
1548 451 1614 470 vero
1641 452 1750 471 cursum

970 487 1085 515 Romani
1102 490 1237 516 calculum
1254 493 1405 525 temporum
1417 490 1600 517 subducerent
1618 499 1624 517 :
1642 499 1694 525 qua
1708 498 1752 517 ra-

971 533 1044 561 tione
1063 534 1119 562 licri
1135 536 1233 570 possit,
1249 539 1277 562 ut
1292 535 1435 571 utriusque
1450 537 1538 571 gentis
1550 544 1657 564 menses
1673 537 1751 563 alteri

970 588 1031 608 cum
1059 580 1152 609 alteris
1181 581 1221 608 sic
1246 585 1419 616 competant,
1449 585 1478 608 ut
1506 581 1622 608 invicem
1646 582 1753 608 dierum

971 633 1076 653 summa
1092 633 1198 660 semper
1220 627 1358 661 quadrans
1373 626 1426 656 sit.
1448 630 1475 653 et
1490 626 1558 653 nihil
1573 628 1599 653 in
1616 627 1754 654 alterutris

971 675 1117 699 excurrat:
1136 676 1219 707 utque
1245 672 1452 700 llecatombmon
1474 677 1549 699 recte
1574 671 1755 699 transferatur

970 716 1078 749 Junius,
1091 722 1118 744 et
1134 717 1309 753 Metagitnion
1325 717 1429 750 Julius,
1455 717 1492 744 ita
1509 725 1617 752 quoque
1633 718 1666 745 de
1682 718 1752 745 aliis.

971 761 1063 798 Neque
1079 763 1150 790 enim
1166 764 1215 791 soli
1232 763 1338 794 eadem.
1354 771 1415 799 quae
1433 764 1520 796 lu‘um,
1544 768 1586 792 est
1608 765 1732 792 celeritas
1747 773 1753 791 :

972 817 1059 844 neque
1074 817 1128 837 una
1142 810 1271 838 desinunt
1284 801 1451 846 ihcipinntve
1469 811 1502 837 ad
1531 810 1664 846 signiferi,
1682 811 1756 846 quod

973 863 1056 890 prope
1069 855 1193 887 dixerim,
1208 856 1393 890 partitionem.
1410 856 1479 891 Ergo
1497 863 1608 884 necesse
1627 862 1668 884 est
1684 857 1756 883 Atti-

973 908 1021 928 cos
1036 909 1142 928 menses
1159 902 1281 936 variare,
1310 905 1337 929 et
1354 902 1481 936 ambiguo
1509 903 1669 937 plerumque
1692 911 1753 930 esse

138 947 194 974 ἀπὸ
208 947 254 974 τοῦ
271 947 399 982 ὑπέρους
414 947 460 973 Ὃν
480 947 512 982 δὴ
534 946 633 982 τρόπον
655 947 701 974 καὶ
722 947 838 983 Γαληνὸς
861 947 923 983 περὶ

975 946 1046 974 inter
1061 943 1177 982 priorem
1199 946 1324 974 Latinum
1337 967 1344 979 ,
1358 953 1385 975 et
1397 948 1574 982 posteriorem
1590 949 1659 975 loco.
1678 949 1756 982 Quod

138 993 186 1020 τοῦ
198 993 248 1028 τῆς
260 992 357 1027 ἐλάτης
372 992 526 1028 σπέρματος
540 993 663 1028 γράψων,
682 1002 689 1017 ι
709 993 802 1024 Ὅστις
819 992 922 1028 καιρὸς,

140 1039 233 1075 φησιν,
246 1039 274 1065 ἐν
295 1038 388 1074 Ῥώμῃ
401 1039 448 1074 μὲν
459 1040 473 1065 ό
486 1038 651 1073 καλούμενος
669 1039 721 1074 μὴν
741 1039 923 1074 Σεπτέμὸριὸς

138 1085 223 1116 ἐστιν,
248 1085 277 1111 ὲν
303 1084 439 1120 Περγάμῳ
457 1084 485 1110 δὲ
506 1085 571 1119 παρ’
598 1085 662 1119 ἡμῖν
689 1084 921 1120 ’Υπερδερεταῖος,

145 1131 273 1167 Ἀθήνῃσι
298 1130 326 1156 δὲ
353 1131 506 1165 Μυστήρια.
535 1139 543 1156 ι
571 1130 610 1156 Τὰ
638 1131 692 1166 γάρ
721 1139 761 1157 τοι
788 1132 923 1166 μυστήρια

140 1176 344 1213 Βνηδρομιῶνος
354 1174 396 1211 ἦν.
409 1176 475 1211 Περὶ
487 1175 580 1202 εἰκάδα
593 1175 646 1211 γὰρ
658 1175 705 1202 τοῦ
722 1176 922 1211 Βοηδρομιῶνος

136 1225 155 1250 ὀ
170 1223 299 1259 μυστικὸς
312 1223 420 1257 Ἴακχος
431 1221 552 1256 ἐξήγετο,
564 1221 601 1253 ὡς
613 1222 659 1248 καὶ
673 1222 842 1257 Πλούταρχος
854 1223 923 1248 ἱστο-

140 1271 193 1306 ρεῖ.
211 1270 302 1296 Ἔοικε
323 1268 351 1295 δὲ
368 1268 415 1295 καὶ
435 1269 449 1294 ὁ
469 1269 602 1303 Ῥωμαῖος
617 1268 734 1299 Πλὶνιος,
752 1268 923 1303 παντοδαπῆς

139 1315 262 1351 ἱστορίας
286 1315 469 1350 συγγραφεὺς,
490 1313 560 1340 οὓτω
584 1314 742 1350 μεταφέρων
770 1314 922 1349 Ἀριστοτέ-

137 1362 202 1393 λους
224 1361 254 1387 τὸ
283 1361 344 1396 περὶ
372 1360 450 1386 τόκου
480 1359 533 1386 τῶν
564 1360 670 1395 ἰχθύων,
693 1360 729 1392 ὡς
752 1361 776 1386 οἱ
804 1360 922 1386 πλεῖστοι

135 1408 275 1435 τίκτουσιν
290 1408 318 1433 ὲν
343 1408 415 1442 τριενίὶ⁸
438 1407 513 1442 μησὶ,
539 1406 717 1441 Μουνυχιῶνι,
742 1406 921 1442 Θαργηλιῶνι,

138 1453 346 1490 Σκιροφοριῶνι,
365 1454 446 1487 φάναι
464 1454 492 1479 ὲν
505 1453 603 1489 τρισὶν,
622 1453 737 1488 Ἀπρελι,
753 1454 842 1488 Μαΐῳ,
859 1454 923 1479 Ἰου-

137 1501 200 1536 νίῳ,
215 1500 317 1526 τεκτειν
337 1500 399 1531 τοὺς
421 1499 573 1530 πλείστους.
592 1499 652 1525 Ἔτι
668 1499 714 1525 τοῦ
731 1499 864 1530 ἐνιαυτοῦ,
886 1499 923 1531 ὡς

140 1547 191 1582 μὲν
208 1547 337 1581 Ῥωμαῖοι
360 1546 466 1580 ἄγουσι,
483 1545 637 1580 τριακόσιαι
662 1546 707 1572 καὶ
727 1545 858 1581 ἐξήκοντα
876 1545 923 1571 καὶ

139 1591 221 1618 πέντε
234 1590 334 1626 ἡμέραι
349 1590 417 1617 εἰσίν
427 1599 433 1605 ⁸
450 1590 681 1625 ἀκριϐολογεῖσθαι
698 1591 720 1617 δ’
737 1591 776 1622 εὶς
790 1590 820 1616 τὸ
838 1589 923 1626 παρὸν

137 1638 172 1664 οὐ
198 1637 252 1663 δεῖ·
278 1637 315 1668 ὡς
340 1636 368 1663 δὲ
398 1636 542 1671 Ἀθηναῖοι,
571 1637 640 1663 κατὰ
669 1637 716 1671 μὲν
743 1636 922 1672 Ἀριστοτέλη,

137 1682 294 1718 τριακόσιαι
308 1682 352 1709 καὶ
369 1681 508 1717 ἑξήκοντα.
527 1691 536 1707 ‹
562 1682 650 1708 Ἔνιαι
670 1682 707 1713 δὲ,
731 1682 807 1717 φησὶ,
831 1682 924 1708 κύουσι

136 1728 196 1755 τῶν
212 1727 299 1755 κυνῶν
323 1728 444 1762 πέμπτον
470 1727 551 1762 μέρος
573 1726 618 1754 τοῦ
643 1727 776 1759 ἐνιαυτοῦ,
799 1727 876 1753 τοῦτο
897 1726 925 1753 δέ

138 1775 216 1800 ἑστιν
236 1774 342 1810 ἡμέρας
357 1773 540 1809 ἐϐδομήκοντα
561 1773 608 1799 καὶ
624 1773 685 1799 δύο·
703 1783 712 1799 ι
732 1773 793 1799 καθ’
815 1773 924 1808 Ἡρόδο-

139 1828 188 1847 τον
206 1819 234 1846 δὲ
248 1820 295 1846 καὶ
319 1819 425 1851 ἄλλους,
444 1819 596 1855 τριακόσιαι
617 1819 923 1854 πεντηκοντατὲσσαρες.

145 1865 193 1897 Ὦς
209 1865 342 1896 τοσούτων
364 1865 396 1900 δὴ
416 1865 575 1900 γινομένων,
600 1865 624 1890 εἰ
640 1863 695 1890 τῶν
719 1864 812 1900 μηνῶν
832 1865 855 1890 οξ
877 1864 925 1899 μὲν

138 1911 256 1947 πλήρεις
273 1920 303 1938 τε
318 1911 364 1938 καὶ
378 1911 613 1947 τριακονθήμεροι,
634 1910 659 1937 οἱ
677 1909 705 1936 δὲ
728 1909 811 1936 κοῖλοί
832 1918 860 1936 τε
879 1909 925 1936 καὶ

140 1959 193 1994 μιᾷ
206 1958 259 1985 τῶν
276 1958 375 1993 ἑτέρων
388 1958 479 1993 ἡμέρᾳ.
491 1957 646 1992 λειπόμενοι
665 1956 776 1989 ἐναλλὰξ
791 1954 844 1982 εἶεν
860 1955 924 1991 παρ’

137 2006 201 2037 ἕνα,
215 2005 351 2041 ὁποτέρως
364 2004 385 2030 δ’
401 2004 433 2031 ἂν
445 2004 504 2041 ἔχῃ,
521 2004 551 2031 τὺ
565 2004 640 2031 ἐπιὸν
656 2003 687 2039 δὴ
699 2003 757 2035 ἔτος
774 2003 816 2029 ἀεὶ
830 2011 926 2038 προτε-

140 2053 232 2088 ρήσει,
249 2051 295 2078 καὶ
311 2052 343 2077 ἐκ
359 2050 541 2086 προσαγωγῆς
560 2052 599 2082 εἰς
618 2050 741 2081 ἐναντίας
755 2049 828 2084 ὥρας
844 2050 925 2075 ὲκπε-

142 2096 253 2124 σοῦνται
269 2097 293 2123 οἰ
315 2096 397 2132 μῆνες
415 2096 623 2131 ὑποφερόμενοι.
643 2095 726 2122 Πάλιν
746 2096 770 2121 εἰ
793 2095 823 2121 τὸ
845 2094 925 2121 Ἴλιον

141 2144 201 2178 ἥλω
216 2143 392 2174 τελευτῶντος
407 2143 453 2170 τοῦ
467 2143 556 2178 ἔαρος,
571 2142 648 2178 ὀγδόη
666 2142 802 2177 φθίνοντος
816 2141 924 2177 Θαργη-

140 2190 238 2221 ὶιῶνος
260 2190 353 2225 μηνὸς,
377 2189 558 2216 ἑπτακαίδεκα
584 2188 716 2224 πρότερον
739 2187 856 2223 ἡμέραις
876 2187 926 2222 τῆς

139 2236 254 2273 θερινῆς
265 2236 380 2271 τροπῆς,
395 2236 432 2267 ὡς
449 2235 463 2261 ό
484 2235 711 2270 ¹Αἰλικοιρναεςσεὺς
727 2234 864 2266 Διονύσιος
877 2235 926 2270 ἁρ-

974 992 996 1020 si
1014 993 1157 1027 ambiguus
1172 993 1287 1028 quisque
1303 993 1445 1020 amborum
1462 993 1509 1020 liat
1531 995 1684 1029 particeps.
1707 1002 1756 1022 cur

974 1038 1063 1073 potius
1075 1046 1090 1064 a
1100 1039 1190 1073 priore
1204 1038 1344 1070 vertendo,
1355 1046 1435 1073 quam
1447 1046 1460 1065 a
1474 1040 1623 1074 posteriore
1633 1039 1757 1066 nomine—

974 1086 1035 1112 tur?
1054 1086 1112 1119 Quo
1133 1093 1198 1113 sane
1217 1086 1297 1113 modo
1310 1085 1429 1113 Galenus
1444 1085 1507 1112 fecit
1520 1105 1527 1117 ,
1554 1086 1587 1112 de
1604 1086 1701 1113 abietis
1717 1094 1758 1113 se-

973 1132 1064 1158 mine:
1089 1141 1098 1157 ‹
1118 1131 1195 1164 Quod
1216 1136 1332 1166 tempus.
1354 1141 1363 1157 ι
1384 1131 1486 1166 inquit,
1504 1141 1513 1156 ι
1535 1131 1628 1158 Romae
1649 1137 1690 1158 est
1708 1131 1757 1158 δε.

973 1177 1111 1212 ptember,
1139 1176 1263 1211 Pergami
1288 1177 1359 1211 apud
1387 1185 1438 1204 nos
1468 1177 1570 1203 mensis
1588 1176 1757 1212 llyperbere-

975 1227 1052 1253 tiens,
1069 1222 1183 1250 Athenis
1201 1230 1265 1249 vero
1281 1223 1417 1257 lllysteria.
1445 1232 1454 1248 ι
1483 1220 1521 1248 Ea
1546 1230 1663 1257 namque
1680 1225 1758 1249 erant

974 1268 1178 1296 Boedromione.
1199 1267 1265 1295 Nam
1283 1269 1355 1295 circa
1372 1268 1578 1296 Boedromionis
1594 1269 1755 1296 vicesimum

974 1314 1043 1342 diem
1058 1315 1189 1350 mysticus
1203 1315 1324 1341 Bacchus
1340 1315 1374 1342 ab
1391 1315 1457 1342 urbe
1477 1315 1710 1348 transferebatur;
1727 1319 1755 1341 ut

973 1361 1054 1388 etiam
1067 1360 1230 1387 Plutarchus
1245 1360 1352 1389 scribit.
1379 1359 1490 1386 Videtur
1515 1367 1623 1394 quoque
1648 1359 1753 1387 Plinius

973 1407 1124 1435 omnifarizc
1139 1408 1255 1441 scriptor
1273 1406 1402 1439 historiw,
1423 1406 1464 1433 sic
1490 1407 1664 1441 interpretari
1690 1407 1755 1434 illud

974 1453 1129 1481 Aristotelis
1145 1452 1177 1480 de
1195 1440 1311 1487 piscium
1326 1456 1423 1487 partu,
1440 1440 1571 1478 nimii-uni
1589 1453 1678 1487 pisces
1694 1453 1756 1487 piu—

974 1500 1043 1526 rima
1055 1499 1095 1526 sui
1109 1503 1184 1533 parte
1194 1498 1281 1526 tribus
1298 1499 1339 1525 bis
1353 1498 1493 1526 mensibus
1508 1499 1647 1530 fetilicare,
1662 1499 1758 1535 Muny-

975 1545 1081 1577 chione,
1098 1544 1295 1579 Tlnargelionc,
1312 1544 1540 1579 Sciropboriunc,
1569 1549 1597 1573 ut
1619 1546 1691 1574 dicat
1714 1547 1757 1574 his

976 1592 1078 1623 tribus,
1107 1591 1216 1626 Aprili,
1253 1591 1342 1624 Maio,
1379 1590 1469 1618 Junio.
1501 1591 1614 1626 Insuper
1643 1593 1757 1620 trecenti

974 1637 1114 1671 Sexaginta
1130 1637 1252 1672 quinque
1267 1636 1325 1663 dies
1348 1640 1412 1664 sunt
1433 1637 1496 1663 anni
1512 1636 1648 1670 Romani;
1672 1638 1758 1665 subti-

975 1684 1027 1711 lius
1051 1684 1124 1710 enim
1150 1684 1178 1710 in
1204 1691 1323 1718 przesens
1339 1686 1486 1717 supputare
1512 1684 1623 1711 minime
1638 1689 1756 1719 oportet.

974 1729 1149 1757 Atheniensis
1165 1737 1228 1756 vero
1242 1729 1317 1762 anni,
1336 1737 1369 1757 ex
1387 1729 1539 1757 Aristotelis
1556 1730 1665 1764 quidem
1693 1739 1757 1758 sen-

974 1776 1070 1807 tentia,
1087 1775 1201 1803 trecenti
1216 1775 1356 1810 sexaginta
1384 1780 1446 1802 sunt
1459 1778 1468 1802 ι’
1485 1783 1494 1800 ‹
1518 1775 1593 1807 Pars,
1612 1785 1622 1802 ι
1651 1777 1756 1811 inquit,

978 1831 987 1847 ι
1010 1829 1107 1848 canum
1122 1821 1174 1848 fert
1186 1825 1307 1848 ventrem
1322 1820 1445 1855 quintam
1463 1826 1567 1854 partem
1584 1822 1658 1852 anni.
1673 1821 1699 1848 id
1715 1826 1758 1850 est

975 1866 1033 1894 dies
1049 1867 1118 1894 duos
1137 1870 1164 1894 et
1190 1867 1376 1902 septuaginta;
1398 1876 1407 1892 ι
1425 1871 1452 1892 at
1469 1867 1619 1893 secundum
1637 1866 1758 1895 Herodo—

976 1917 1033 1940 tum
1049 1913 1171 1946 aliosque
1184 1932 1190 1943 .
1220 1912 1333 1938 trecenti
1352 1915 1470 1946 quatuor
1493 1915 1520 1938 et
1548 1912 1758 1948 quinquaginta.

975 1959 1026 1985 Tot
1041 1958 1123 1993 igitur
1141 1964 1203 1984 cum
1228 1957 1303 1989 sint,
1325 1957 1349 1984 si
1364 1964 1472 1985 menses
1486 1957 1532 1983 alii
1549 1957 1620 1991 pleni
1636 1962 1663 1985 et
1681 1958 1759 1986 trico

975 2003 1060 2036 narii;
1077 2003 1122 2030 alii
1137 2002 1235 2033 mutili,
1250 2002 1308 2028 cavi
1321 2023 1328 2035 ,
1344 2007 1370 2029 et
1391 2009 1445 2028 uno
1460 2001 1504 2029 die
1519 2003 1626 2030 caeteris
1637 2003 1757 2038 impares

976 2048 1003 2076 in
1019 2055 1134 2075 numero
1150 2048 1303 2079 alternant,
1325 2051 1490 2082 quocunque
1506 2048 1585 2074 modo
1599 2055 1642 2074 res
1662 2055 1691 2076 se
1709 2049 1758 2076 ba—

975 2095 1047 2128 beat,
1063 2102 1181 2129 sequens
1197 2101 1284 2121 annus
1297 2101 1403 2128 semper
1419 2097 1570 2128 praevertet,
1586 2099 1612 2121 et
1627 2094 1757 2129 paulatim

975 2147 1008 2167 ex
1025 2140 1184 2167 accessione
1214 2140 1241 2167 in
1272 2140 1424 2167 contrarias
1450 2143 1626 2174 tempestates
1651 2148 1760 2169 menses

975 2185 1105 2219 incident,
1123 2185 1182 2213 loco
1200 2185 1349 2220 diebusque
1365 2185 1444 2213 statis
1457 2185 1549 2212 emoti.
1566 2185 1630 2212 ltem
1647 2186 1669 2213 si
1682 2185 1759 2213 llimn

976 2235 1083 2267 eapttan
1114 2236 1156 2259 est
1181 2231 1298 2259 abeunte
1315 2239 1394 2262 vere,
1417 2237 1512 2258 octavo
1530 2231 1584 2262 die.
1602 2231 1653 2258 sub
1678 2231 1759 2259 linem

141 2282 291 2319 χαιολογῶν
304 2282 339 2308 τὰ
354 2281 494 2317 Ῥωμαϊκά
509 2289 590 2317 φησι·
609 2280 667 2312 πῶς
683 2281 810 2316 τροπικὸς
823 2280 923 2316 θερινὸς

978 2275 1183 2310 Thargelionis,
1207 2275 1400 2310 septemdecim
1429 2276 1525 2303 diebus
1552 2281 1615 2304 a'nte
1635 2277 1759 2303 aestivum

140 2331 158 2356 ὸ
178 2327 398 2363 Ἐκατομὸαιών;
413 2327 475 2354 ’Ὀδε
489 2327 542 2363 γὰρ
558 2328 571 2353 ὁ
585 2327 662 2361 λόγος
678 2327 822 2360 ἀποφαίνει
836 2327 927 2362 Σκιρο-

142 2375 265 2412 φοριῶνα
279 2372 348 2401 εἶναι
362 2374 489 2411 τροπικὸν
512 2373 626 2409 Θερινόν.
646 2372 819 2408 ’Λνομόλογον
835 2373 862 2399 δὲ
880 2373 926 2400 καὶ

140 2422 174 2449 τὸ
195 2420 378 2456 Θεοφράᾳτου,
395 2420 435 2446 ὅτι
457 2419 540 2454 ἄκρου
566 2419 645 2454 ἔαρος
667 2419 757 2450 εὐθὺς,
782 2418 925 2454 ἱσταμένου

141 2466 191 2494 τοῦ
208 2465 408 2502 Θαργηλιῶνος.
424 2466 454 2492 Ει
468 2465 521 2500 γὰρ
534 2465 616 2500 ἄκρου
632 2464 710 2500 ἔαρος
724 2465 742 2498 ,ὁ
755 2464 924 2500 Θαργηλιὼν,

141 2512 194 2539 οὐκ
214 2512 246 2538 ἂν
261 2510 388 2547 τροπικός
403 2511 417 2537 ὀ
435 2509 637 2545 Ἐκατομῦαιὼν
650 2510 692 2545 εἴη
703 2518 709 2525 ’
729 2510 794 2537 πολὺ
808 2511 830 2536 δ’
846 2507 926 2546 ἦττον

142 2558 159 2583 ὀ
180 2555 337 2591 Μουνυχιὼν
360 2555 466 2591 ὲαρινός
482 2564 511 2582 τε
536 2555 582 2581 καὶ
604 2554 768 2591 ἰσημερινός.
794 2555 883 2581 Ἔοικε
904 2555 926 2581 δ’

142 2603 314 2638 ἁπεμφαῖνον
333 2603 379 2629 καὶ
392 2602 422 2629 τὸ
433 2601 479 2628 τοῦ
495 2601 677 2636 Πλουτάρχου*
696 2610 705 2625 ι
720 2600 926 2635 Συγκομιζομέ-

140 2657 193 2684 vn;
209 2648 318 2684 ὀπώρας
342 2647 529 2682 Πυανεψιῶνος
546 2647 626 2683 ὀγδόῃ
643 2647 796 2682 ἱσταμένου.
816 2656 825 2672 ι
850 2648 928 2673 Δοκεῖ

101 2688 198 2733 ’λιγὰρ
213 2696 228 2721 ὁ
245 2694 402 2729 Πυανεψιὼν
421 2694 518 2730 μᾶλλον
535 2692 603 2720 εἶναι
621 2692 776 2729 ἰσημερινός
793 2693 927 2727 φθινοπω-

143 2742 218 2778 ρινὸς
232 2741 249 2776 ἧ
269 2743 284 2768 ό
305 2741 531 2777 Μαιμακτηριὼν,
549 2741 620 2774 εἴγε
639 2739 793 2775 ἀμπελικῆς
814 2739 924 2774 ὀπώρας

141 2790 159 2824 ἡ
173 2787 271 2824 κομιδὴ
285 2786 328 2824 ἦν.

979 2322 1144 2353 solstitium.
1172 2326 1201 2349 ut
1217 2322 1362 2357 Dionysius
1380 2321 1603 2351 Halicarnasseus
1631 2323 1687 2355 ait,
1717 2330 1761 2350 res

979 2368 1083 2403 priscas
1097 2367 1280 2395 Romanorum
1301 2367 1422 2395 historia).
1440 2368 1573 2396 mandans
1588 2377 1594 2396 :
1610 2376 1664 2403 quo
1682 2373 1761 2403 pacto

979 2414 1187 2443 Hecatombzeon
1206 2413 1358 2442 solstitialis
1382 2413 1493 2441 mstivus
1515 2414 1570 2441 sit?
1593 2414 1694 2449 Nempe
1717 2415 1761 2442 hic

979 2468 1069 2488 sermo
1085 2461 1212 2492 ostendit,
1226 2459 1437 2495 Seirophorione
1452 2468 1512 2487 esse
1533 2461 1687 2488 solstitium.
1701 2461 1770 2488 Dis-'

979 2511 1139 2535 sentaneum
1158 2507 1239 2534 etiam
1258 2512 1299 2535 est
1313 2507 1378 2534 illud
1395 2506 1574 2541 Theophrasti
1587 2527 1594 2538 ,
1621 2515 1682 2534 cum
1697 2507 1762 2535 dicit

980 2562 1103 2586 summo,
1124 2554 1287 2589 inennteque
1302 2562 1382 2586 vere,
1399 2553 1587 2589 Thargelionis
1614 2554 1760 2588 principio.

980 2599 1009 2627 Si
1024 2600 1095 2627 enim
1113 2603 1154 2628 est
1168 2608 1304 2627 summum
1322 2608 1366 2627 ver
1387 2599 1565 2634 Thargclion,
1589 2606 1760 2633 nequaquam

979 2654 1041 2674 esse
1054 2650 1135 2680 queat
1149 2647 1301 2674 solstitialis
1316 2645 1522 2673 Hecatombreon
1532 2665 1539 2677 ,
1567 2650 1593 2672 et
1609 2645 1695 2672 multo
1712 2646 1761 2672 mi-

980 2699 1032 2719 nus
1048 2699 1148 2730 vernus
1163 2696 1190 2720 et
1207 2691 1403 2727 aequinoctialis
1421 2690 1595 2725 Munychion.
1613 2689 1680 2717 Illud
1696 2698 1761 2724 [μιοη

980 2746 1033 2774 que
1046 2737 1185 2765 Plutarchi
1199 2739 1344 2766 dissentire
1358 2737 1463 2764 videtur
1474 2756 1481 2768 ,
1505 2736 1621 2763 dicentis
1634 2746 1640 2763 :
1663 2745 1671 2762 ι
1692 2735 1760 2762 Dum

981 2784 1087 2813 fructus
1102 2785 1238 2820 leguntur,
1255 2791 1280 2812 et
1295 2784 1432 2813 vindemia
1448 2785 1652 2817 comportatur.
1665 2785 1760 2808 octavo

142 2836 188 2864 die
199 2835 395 2871 Pynnepsionis
414 2834 579 2869 incipientis.
605 2844 613 2860 ι
629 2833 677 2861 His
694 2833 765 2861 enim
778 2831 868 2860 verbis
885 2831 993 2859 videtur
1021 2831 1193 2868 Pyanepsion
1211 2831 1238 2859 in
1264 2839 1294 2859 se
1323 2831 1464 2859 continere
1491 2828 1615 2857 autumni
1638 2830 1760 2863 aequino-

143 2884 228 2908 ctium
245 2881 344 2916 potius,
362 2889 442 2917 quam
458 2879 657 2908 Maemaeterion
670 2899 677 2912 ,
696 2878 839 2916 siquidem
869 2881 928 2906 erat
944 2877 1237 2910 vindemirecollectio.
