1931 3135
122 113 191 142 “89

580 109 754 137 THEODORI
771 108 875 137 GAZE
895 107 997 135 LIBER
1018 106 1060 133 DE
1081 106 1263 134 MENSlBUS.

1670 113 1738 136 “90

122 172 247 203 πλείονος
270 171 323 198 δέοι
339 171 382 198 διὰ
402 170 531 206 τετάρτου
549 170 682 197 ἐνιαυτοῦ.
695 169 735 196 Τὰ
746 170 768 195 δ’
783 169 836 205 ἄρα
851 168 908 204 βοή-

964 167 1031 201 plius
1045 174 1113 201 opus
1124 171 1191 199 erat,
1208 169 1306 201 quarto
1317 173 1425 200 quoque
1436 173 1517 193 anno.
1536 166 1650 201 [iamque
1661 173 1739 195 erant

122 217 184 244 θεία
197 215 242 252 ἦν,
257 216 422 243 διατείνουσα
438 216 486 251 μὲν
500 216 529 243 οὐ
542 217 644 252 πόρρω,
662 217 740 251 ίκανὴ
758 216 849 251 μέντοι
871 216 910 246 εἰς

121 263 153 289 τὸ
169 262 235 289 αὐτὸ
255 262 486 293 ἀντικαθιστάναι,
510 262 557 288 καὶ
575 261 675 297 εἴργειν
697 263 725 287 έν
743 263 799 292 τοῖς
820 262 910 292 αὐτοῖς

122 315 176 334 που
192 308 264 342 ὅροις
280 307 342 337 τοὺς
359 307 444 342 μῆνας
455 313 461 320 ·
478 307 545 341 ἴαμα
558 315 587 333 τε
600 307 649 341 τῆς
663 306 817 342 ἀνωμαλίας
834 307 911 340 ἐτύγ-

122 362 205 389 χανεν
219 353 258 384 ὃν,
276 353 313 384 ὡς
333 353 378 379 καὶ
393 352 562 387 Πλούταρχος
587 353 669 385 λέγει,
688 351 816 387 μειζόνων
832 352 911 386 ἰαμά-

122 407 179 425 ⁴των
195 398 337 434 δεήσεσθαι
351 398 456 432 μέλλον.
470 399 577 432 Καῖσαρ
594 397 639 424 οὖν
662 398 676 424 ὁ
691 397 797 432 πρῶτος
813 406 910 433 μοναρ-

122 445 211 479 χήσας
237 444 390 478 Ῥωμαίων,
411 445 468 475 τοῖς
489 443 610 479 ἀρίστοις
635 444 688 469 τῶν
715 443 909 478 μαθηματικῶν

123 489 273 524 πρόϐλημα
288 489 350 523 περὶ
363 488 456 514 τούτου
471 488 592 523 προθεὶς,
612 489 643 514 ἐκ
659 487 711 514 τῶν
726 488 910 523 ὑποκειμένων

122 534 177 570 ήδη
202 534 320 569 μεθόδων
346 533 411 560 ἰδίαν
429 533 489 560 τινὰ
509 533 555 559 καὶ
579 532 795 569 διηκριϐωμένην
812 533 910 567 μᾶλλον

123 580 311 615 ἐπανόρθωσιν
338 579 423 615 ἔμιξε.
452 579 564 605 Δοκοῦσι
591 579 613 606 δ’
640 579 782 614 Αἰγύπτιοι
808 579 910 615 πρῶτοι

123 626 197 661 μησὶ
211 626 364 661 χρήσασθαι
380 626 439 652 καθ’
456 625 530 660 ἥλιον
545 626 784 661 τριακονθημέρους
797 626 908 658 δώδεκα,

123 672 175 698 καὶ
189 672 270 698 πέντε
286 672 391 707 ἡμέρας
408 673 556 707 ἐπαγαγεῖν
570 674 629 700 κατ’
643 674 763 699 ὲνιαυτὶν
780 673 909 698 ’ἑκαστον-

124 718 157 745 τό
173 726 203 744 τε
220 718 360 753 ὲπιτρέχον
378 719 468 753 μόριον
485 719 533 753 τῆς
555 718 659 754 ἡμέρας
679 719 718 750 εἰς
740 718 910 753 ἐκπλήρωσιν

123 762 174 789 τοῦ
191 762 250 789 ὅλου
266 763 387 789 ἐνιαυτοῦ
409 764 440 789 ἐκ
457 763 587 798 περιόδων
608 763 735 790 πλειόνων
755 762 822 789 ἐτῶν
842 763 910 789 ἀπο-

123 808 263 840 λαϐόντες,
281 808 421 835 συνθέσθαι
447 809 508 844 μίαν
526 809 641 845 ἡμέραν.
660 809 790 844 ’Έλληνες
803 809 830 835 δὲ
845 808 910 843 παρ’

122 855 239 881 ἐκείνων
253 854 318 882 ἄλλα
339 863 369 880 τε
392 854 474 881 πλείω
492 855 546 881 τῶν
563 855 693 890 οὐρανίων
715 855 907 890 θεωρημάτων,

124 901 174 927 καὶ
190 901 275 927 ταῦτα
292 900 453 936 παρέλαϐον,
466 900 500 927 τὰ
519 901 567 935 μὲν
582 901 851 936 μεθερμηνευθέντων
870 902 909 933 είς

124 946 156 972 τὸ
178 946 330 981 Ἑλληνικὸν
343 946 396 972 τῶν
418 947 629 982 ὑπομνημάτων,
642 947 675 974 τὰ
694 947 721 973 δὲ
742 945 909 973 καὶ’συνδια-

124 991 272 1026 τρίψαντες
285 993 341 1023 τοῖς
357 993 414 1018 ἐκεῖ
434 990 547 1028 ἱερεῦσι,
569 994 704 1028 περιττοῖς
718 990 775 1018 οὖσι
794 992 842 1028 τὴν
855 993 908 1019 τῶν

125 1037 259 1072 οὐρανίων
279 1038 441 1073 ἐπιστήμην.
463 1039 591 1065 Πλάτωνα
610 1038 673 1072 γοῦν
691 1039 756 1072 φασί
775 1047 846 1070 τινες
863 1040 909 1065 καὶ

125 1082 251 1115 Εὗόοξον,
266 1083 491 1118 ἀποδημήσαντας
505 1084 544 1114 εἰς
555 1084 700 1117 Αἴγυπτον,
713 1084 840 1119 ὁμιλῆσαι
854 1086 909 1115 τοῖς

127 1128 231 1165 ἱερεῦσι
245 1129 420 1165 τρισκαίδεκα
436 1129 491 1164 ἐτη.
513 1130 667 1161 Mortuo-3;
691 1130 745 1164 γὰρ
765 1130 843 1159 ὄντας
864 1130 910 1155 καὶ

126 1175 351 1210 δυσμεταδότους,
371 1174 424 1201 ἔδει
444 1174 482 1210 τῷ
504 1175 589 1210 χρόνῳ
609 1175 656 1201 καὶ
675 1177 733 1207 ταῖς
754 1175 910 1210 θεραπείαις

127 1220 320 1255 ἐκλιπαρῆσαι,
335 1220 402 1246 ὥστε
418 1220 477 1246 τινὰ
496 1220 550 1246 τῶν
564 1220 746 1255 θεωρημάτων
761 1221 908 1255 ἱστορῆσαι.

127 1265 222 1292 Ταῦτα
238 1265 286 1300 μὲν
301 1265 371 1292 οὕτω
389 1265 501 1301 διαιρεῖν
523 1266 586 1296 ἴσως
600 1266 629 1291 οὐ
649 1267 753 1301 χεῖρον·
772 1266 801 1291 τό
821 1274 849 1291 τε
870 1265 908 1291 δι-

123 1310 301 1346 ηπορημένον
326 1311 417 1345 φανεὶς
430 1312 443 1337 ὁ
457 1311 601 1346 sesamo;
614 1311 681 1337 λύει.
699 1311 753 1337 Καὶ.
774 1311 800 1337 εἴ
821 1319 847 1336 τι
867 1311 910 1337 διὰ

129 1356 253 1388 πλείονος
270 1356 308 1383 ἔτι
322 1357 418 1392 χρόνου
433 1357 622 1391 παραλλάττει,
636 1357 706 1387 εἰκὸς
723 1356 770 1383 καὶ
786 1357 847 1388 τοὺς
861 1357 911 1383 πά-

123 1402 175 1429 λαι
191 1402 357 1437 συνορῶντας
374 1403 421 1428 καὶ
436 1402 513 1428 τοῦτο
529 1402 613 1438 δήπου
633 1402 854 1439 ἐπανορθοῦσθαι,
869 1402 911 1429 ὁτὲ

126 1448 183 1483 μὲν
206 1448 381 1483 μακρότερον,
405 1447 448 1474 ὁτὲ
471 1448 499 1474 δὲ
523 1447 685 1483 βραχύτερον
708 1449 751 1474 τὶν
768 1448 912 1483 ἐμϐόλιμον

130 1493 317 1527 ποιουμένους.
334 1494 369 1519 Τὸ
383 1493 403 1519 δ’
418 1493 620 1528 ἀκριϐέστατον,
633 1494 680 1520 καὶ
694 1494 759 1528 μηδὲ
772 1494 835 1528 παρ’
857 1494 911 1519 όλί-
926 1511 947 1540 C

129 1546 180 1571 γον
195 1546 220 1563 τι
233 1537 409 1572 πλημμελεῖν,
425 1538 473 1563 οὐκ
484 1537 619 1572 ἐπιζητεῖν
631 1537 669 1563 δεῖ
679 1546 685 1552 ”
701 1538 780 1564 ὁπότε
794 1538 839 1564 καὶ
853 1538 910 1570 νῦν,

130 1583 250 1609 ἐπίδοσιν
265 1583 314 1617 τῆς
335 1583 511 1618 ἀστρολογίας
533 1582 665 1617 τοσαύτην
679 1582 824 1617 λαϐούσης,
840 1583 912 1617 ὅμως

127 1630 145 1663 ἡ
164 1628 214 1662 τῆς
226 1629 357 1663 κινήσεως
371 1628 510 1663 ἀνωμαλία
525 1628 662 1662 διαφεύγει
675 1629 718 1655 τὸν
731 1629 818 1662 λόγον,
836 1637 912 1663 περι-

129 1674 261 1709 γινομένη
276 1674 325 1708 τῆς
337 1673 390 1699 τῶν
406 1673 601 1708 μαθηματικῶν
612 1674 767 1709 ἐμπειρίας.
782 1674 836 1705 Τὰς
852 1674 914 1709 μέν-

129 1727 172 1744 τοι
191 1718 244 1744 τῶν
260 1718 351 1754 μηνῶν
367 1719 505 1754 περιόδους
524 1719 664 1753 ὁμολογεῖν
686 1720 745 1750 ταῖς
765 1719 849 1754 ὥραις
872 1719 914 1744 ἀεὶ

127 1765 206 1798 ποιεῖ
226 1765 239 1790 ὁ
264 1764 408 1799 έμῦόλιμος
433 1763 472 1798 τῷ
494 1764 577 1799 τρίτῳ
604 1765 646 1790 ἀεὶ
672 1765 838 1799 ἑπαγόμενος
860 1764 914 1791 τῶν

130 1809 212 1836 ἑτῶν.
228 1809 264 1835 Τὸ
278 1809 305 1835 δὲ
324 1809 388 1843 πρὶν
404 1808 561 1844 ὲμόολάσαι,
580 1810 626 1835 καὶ
644 1810 706 1844 περὶ
726 1810 755 1835 τὸ
767 1809 914 1844 ὲμϐολάζον

131 1855 199 1883 αὐτὸ
221 1855 279 1886 ἔτος
294 1855 438 1890 ὑπενεχθέν
458 1864 486 1881 τε
510 1856 555 1882 καὶ
576 1856 725 1887 έπαλλάξαν
742 1856 795 1882 τῶν
812 1856 913 1891 μηνῶν,

130 1902 174 1928 ἔτι
192 1901 274 1927 δεῖται
299 1901 388 1935 λόγου,
409 1901 466 1932 πῶς
493 1901 525 1927 ἂν
548 1901 764 1936 ἑρμηνευόμενον
788 1902 914 1936 τυγχάνοι

130 1946 180 1974 τοῦ
201 1945 302 1972 ἱκανοῦ.
318 1946 401 1981 Δῆλον
416 1947 479 1981 γὰρ,
493 1946 533 1972 ὅτι
549 1946 579 1972 τὺ
591 1946 737 1981 ἐμϐολάζον
754 1946 837 1981 συχνὰ
851 1948 914 1982 παρ’

128 1993 182 2019 ἕνα
201 2001 251 2018 που
275 1992 329 2024 ἕξει
351 1993 413 2023 τοὺς
434 1992 520 2027 μῆνας
542 1992 718 2027 ἁνομολόγους
741 1993 800 2023 ταῖς
820 1991 913 2027 ὥραις.

132 2038 180 2064 Διὸ
201 2038 248 2064 καὶ
272 2037 452 2073 Θεόφραστος,
470 2047 479 2062 ‹
499 2038 596 2073 Ἔαρος
619 2037 698 2069 εὐθὺς
712 2038 853 2072 ἱσταμένου
868 2037 915 2064 τοῦ

126 2082 333 2118 θαργηλιῶνος,
350 2092 359 2108 ι
377 2083 467 2117 φησιν,
480 2083 517 2114 ῶς
531 2082 576 2108 τοῦ
591 2083 776 2117 Μουνυχιῶνος
798 2091 918 2117 χειμεριη

133 2129 181 2156 νοῦ
206 2129 237 2164 δὴ
254 2128 397 2163 γενομένου
408 2136 415 2143 ⁸
437 2128 483 2155 τοῦ
497 2129 518 2154 δ’
534 2128 679 2163 ἐμϐολίμου
701 2127 805 2164 θερινοῦ
822 2137 916 2163 τροπι-

960 211 1092 243 subsidia,
1115 219 1174 246 qua:
1195 219 1248 238 non
1271 212 1352 239 latius
1367 212 1475 246 quidem
1500 216 1639 246 paterent,
1666 213 1739 240 sulti-

961 258 1059 284 cientia
1075 261 1164 284 tamen
1179 258 1321 285 restituere
1338 266 1444 285 menses
1459 258 1520 289 sibi,
1536 262 1562 286 et
1576 259 1670 286 iisdem
1683 260 1740 287 fere

960 302 1059 329 linibus
1076 310 1123 329 eos
1139 310 1282 335 coercere;
1302 310 1387 337 eaque
1404 303 1595 337 inaequalitatis
1610 305 1718 331 curatio
1730 324 1738 337 ,

960 353 989 375 ut
1015 349 1164 383 majoribus
1192 349 1256 375 olim
1286 348 1412 376 remediis
1437 349 1592 384 indigeret,
1618 350 1739 378 futurum
1774 386 1777 388 γ

959 399 1028 427 erat,
1046 395 1272 429 quemadmodum
1288 395 1370 423 refert
1386 395 1559 423 Plutarchus.
1581 395 1673 424 Caesar
1688 398 1739 424 ita-

959 448 1023 475 que,
1042 441 1066 468 is
1084 441 1130 475 qui
1156 440 1259 475 primus
1285 441 1428 476 imperium
1452 442 1552 469 invasit
1566 446 1593 469 et
1608 443 1642 469 ad
1659 443 1739 476 cujus

959 487 1041 514 unius
1056 486 1201 513 arbitrium
1227 494 1271 514 res
1294 485 1415 513 Romana
1441 487 1567 515 devoluta
1582 491 1640 520 est,
1666 496 1737 523 qua-

960 533 1048 560 stione
1073 531 1125 559 hac
1148 531 1182 559 de
1199 540 1228 559 re
1242 532 1352 567 optimis
1368 532 1568 561 mathematicis
1583 534 1737 569 proposita,

959 586 993 605 ex
1020 578 1165 605 substratis
1189 578 1246 612 jam
1274 578 1325 605 viis
1355 579 1583 614 rationibusque,
1600 581 1738 614 propriam

959 624 1105 658 quamdam
1132 628 1158 650 et
1174 625 1343 651 accuratiore
1368 632 1433 651 cura
1450 625 1630 660 excogitatam
1647 633 1740 653 emen-

960 669 1095 696 dationem
1110 668 1236 696 confecit.
1252 668 1337 695 Primi
1358 674 1447 696 autem
1470 670 1591 696 omnium
1617 669 1739 705 Egyptii

961 715 994 742 ad
1013 716 1097 742 solem
1113 715 1255 742 duodecim
1274 716 1412 743 mensibus
1440 717 1481 742 usi
1504 707 1645 746 videntur.
1663 721 1690 743 et
1705 717 1738 744 iis

960 763 1069 798 quidem
1098 763 1250 790 tricenariis
1267 784 1274 796 ,
1306 766 1332 790 et
1360 764 1479 798 quinque
1505 763 1563 791 dies
1593 765 1739 798 quotannis

962 810 1095 844 adiecisse
1114 830 1122 842 ,
1158 809 1373 844 partieulamque
1406 810 1458 836 diei
1487 815 1674 837 excurrentem
1706 810 1739 837 ad

961 856 1176 889 supplementum
1198 855 1280 882 totius
1294 855 1367 886 anni,
1381 862 1414 881 ex
1431 854 1522 881 multis
1539 862 1672 881 annorum
1687 855 1740 882 cir-

961 900 1079 927 cuitibus
1094 905 1262 932 acervatam,
1284 901 1312 926 in
1335 908 1417 927 unum
1438 901 1507 927 diem
1525 901 1657 936 integrum
1672 909 1738 928 con-

958 947 1067 981 jecisse.
1083 947 1168 974 Graeci
1185 955 1248 974 vero
1266 947 1299 973 ab
1325 947 1387 978 illis,
1404 955 1465 973 cum
1483 947 1534 974 alia
1550 949 1681 982 permulta
1697 956 1740 975 re-

960 1000 1021 1019 rum
1036 993 1203 1024 caalestittm;
1223 996 1279 1018 tttm
1304 992 1360 1019 haec
1383 993 1516 1027 praecipue
1539 997 1633 1019 mutuo
1660 1000 1740 1021 acce-

962 1041 1076 1072 perunt;
1093 1038 1189 1071 partim
1207 1038 1339 1064 traductis
1356 1038 1381 1063 in
1399 1038 1516 1072 linguam
1531 1038 1652 1065 Graecam
1664 1046 1739 1065 com-

960 1083 1117 1114 ntentariis;
1133 1083 1230 1117 partim
1244 1090 1304 1109 cutn
1317 1090 1410 1109 eorum
1426 1083 1614 1111 sacerdotibus
1628 1084 1739 1116 versati,

960 1129 1066 1162 egregie
1080 1128 1236 1162 divinarum
1254 1129 1460 1163 ctelestiumque
1475 1129 1649 1156 scientiarum
1665 1131 1737 1164 peri—

961 1176 1007 1203 tis.
1023 1175 1123 1202 Ferunt
1140 1176 1231 1209 itaque
1245 1176 1396 1206 Platonem,
1422 1180 1448 1201 et
1466 1174 1607 1202 Eudoxum
1630 1184 1742 1210 peregre

962 1223 989 1249 in
1006 1222 1150 1256 (Egyptum
1168 1221 1319 1256 profectos,
1337 1221 1415 1254 annis
1432 1221 1560 1248 tredecim
1576 1222 1740 1257 apud/Egy-

961 1267 1031 1301 ptios
1059 1266 1214 1293 sacerdotes
1236 1266 1389 1299 mansisse;
1407 1269 1481 1292 tanta
1501 1267 1571 1293 euitn
1592 1271 1741 1293 consuetu—

961 1312 1033 1345 dine,
1046 1316 1154 1347 tamque
1170 1312 1275 1339 diutino
1291 1312 1422 1346 obsequio
1439 1316 1516 1338 erant
1542 1312 1672 1339 exorandi
1684 1332 1691 1344 ,
1714 1316 1741 1339 et

961 1358 1038 1393 quasi
1053 1358 1242 1388 eblandiendi,
1267 1362 1295 1384 ut
1319 1358 1365 1392 qui
1383 1365 1472 1384 rerum
1488 1364 1649 1384 arcanarum
1666 1362 1741 1384 tena-

962 1413 1017 1436 ces,
1033 1404 1160 1438 avarique
1178 1403 1335 1437 elargitores
1354 1407 1445 1430 essent
1458 1403 1662 1437 disciplinarum
1678 1411 1741 1430 sua-

962 1458 1039 1482 rum;
1072 1457 1126 1484 quo
1154 1449 1254 1484 aliquid
1294 1449 1444 1475 ccelestitun
1482 1450 1740 1484 contemplationum

964 1495 1141 1528 impertirent.
1157 1493 1219 1520 Haec
1236 1501 1300 1520 vero
1316 1493 1351 1519 ita
1373 1493 1551 1527 distinguere,
1576 1496 1605 1518 ut
1622 1493 1719 1527 opinor
1732 1512 1739 1524 ,

964 1548 1017 1566 non
1034 1540 1209 1574 improbabile
1225 1542 1265 1565 est
1280 1547 1285 1564 :
1304 1542 1360 1564 tum
1385 1538 1457 1572 quod
1480 1538 1551 1564 inest
1567 1537 1658 1569 dubii,
1682 1545 1742 1573 qua

963 1589 1057 1619 postea
1073 1583 1184 1610 emersit
1198 1583 1366 1609 inter-calatio
1382 1582 1473 1608 solvit.
1500 1582 1588 1616 Atque
1611 1582 1693 1609 etiam
1717 1582 1740 1609 si

964 1629 1028 1664 quid
1045 1629 1165 1663 longiore
1180 1628 1308 1661 temporis
1331 1627 1471 1653 intervallo
1486 1627 1573 1653 adhuc
1596 1627 1740 1657 evariaret,

964 1676 1092 1702 credibile
1105 1678 1146 1701 est
1169 1674 1211 1700 vel
1233 1673 1358 1707 antiquos
1375 1674 1448 1707 ipsos
1475 1672 1688 1707 perspicientes,
1715 1672 1742 1699 id

964 1728 1072 1756 quoque
1086 1718 1285 1754 quodammodo
1298 1718 1468 1750 correxisse;
1488 1717 1568 1743 modo
1583 1718 1740 1752 longiorem,

964 1765 1045 1792 modo
1064 1764 1213 1791 breviorem
1233 1763 1462 1789 intercalationetn
1490 1763 1631 1790 facientes.
1649 1762 1743 1797 Neque

964 1818 1028 1837 vero
1041 1815 1165 1837 exactam
1182 1810 1210 1836 in
1226 1809 1268 1836 bis
1285 1809 1463 1843 diligentiam,
1479 1814 1505 1835 et
1521 1808 1555 1835 ab
1568 1808 1641 1835 omni
1652 1816 1744 1836 errore

964 1855 1006 1882 vel
1024 1855 1160 1882 levissimo
1178 1858 1261 1880 tutam
1276 1855 1382 1888 exigere
1397 1857 1512 1888 oportet,
1527 1854 1743 1888 quandoquidem

965 1901 1016 1928 ltoe
1029 1909 1135 1935 quoqtte
1149 1901 1247 1927 sic-culo
1260 1920 1267 1931 ,
1295 1908 1349 1934 quo
1373 1900 1518 1933 astrologia
1532 1903 1636 1926 tantutn
1653 1900 1743 1927 incre-

966 1944 1049 1970 menti
1085 1944 1300 1978 pra-statumque
1330 1944 1426 1977 adepta
1451 1947 1509 1976 est,
1536 1949 1623 1971 tamen
1654 1948 1745 1972 motus

966 1990 1131 2024 disparilitas
1143 1991 1395 2017 mathematicorum
1408 1990 1526 2016 rationes
1542 1991 1628 2026 fugit:
1645 1992 1745 2025 quippe

966 2044 1026 2071 qua":
1039 2039 1162 2070 superior
1179 2037 1213 2063 sit
1230 2044 1322 2063 eorunt
1340 2037 1446 2071 peritia.
1478 2037 1529 2064 Sed
1556 2041 1644 2064 tamen
1669 2046 1746 2065 men-v

943 2112 946 2115 ,
967 2083 1037 2111 siurn
1050 2091 1158 2114 cursus,
1173 2086 1201 2109 ut
1213 2091 1273 2109 cum
1288 2084 1351 2109 anni
1375 2084 1542 2119 temporibus
1560 2092 1665 2119 semper
1679 2092 1747 2112 eun-

968 2133 1074 2164 grttant,
1095 2128 1159 2155 facit
1182 2133 1244 2162 post
1261 2129 1367 2155 tertium
1385 2137 1519 2164 quemque
1545 2137 1644 2156 annum
1660 2131 1746 2157 intro-

133 2175 194 2207 κοῦ,
210 2174 226 2209 ἢ
239 2175 284 2201 καὶ
306 2174 515 2209 περιστήσαντος
537 2174 585 2209 τὴν
605 2174 706 2210 τροπὴν
721 2175 760 2205 εἰς
776 2174 912 2208 ἱστάμενόι

968 2174 1048 2201 ducta
1069 2174 1246 2201 intercalatiu.
1268 2174 1402 2201 Caeterum
1420 2175 1545 2201 confusio
1562 2175 1618 2207 illa,
1634 2179 1660 2203 et
1672 2184 1746 2203 men—

134 2229 188 2248 που
208 2220 253 2246 τὸν
271 2219 509 2255 Ἑκατομϐαιῶνα·
525 2219 602 2246 τοῦτο
616 2220 663 2255 μὲν
686 2218 731 2246 οὖν
746 2220 783 2256 μὴ
800 2220 915 2255 συμϐαί-

134 2274 192 2293 νειν
204 2266 252 2301 οὐχ
266 2263 320 2292 οἶόν
334 2265 363 2291 τέ
379 2266 445 2292 ἐστι.
467 2265 515 2292 Διὰ
530 2266 583 2301 γὰρ
599 2266 676 2292 τοῦτο
688 2266 734 2292 καὶ
747 2267 760 2292 ὁ
772 2266 917 2301 ὲμϐόλιμος

134 2312 277 2345 ἐπάγεται,
302 2311 464 2346 ἀναπληρῶν
483 2312 513 2337 τὸ
535 2311 631 2343 ἐνδεὲς,
655 2312 702 2338 καὶ
728 2313 765 2343 είς
785 2312 916 2346 Ἑκατομ-

130 2356 240 2383 ϐαιῶνα
259 2355 307 2387 τὰς
331 2356 433 2391 τροπὰς
448 2356 640 2387 ὰποκαθιστάς.
665 2357 719 2391 Τὴν
734 2357 757 2383 δ’
773 2356 917 2392 ἑρμηνείαν

136 2401 263 2436 ποιητέον
293 2401 337 2427 ἐπὶ
361 2400 413 2426 τῶν
439 2400 509 2426 οὕτω
535 2401 771 2436 χρονολογούντων,
798 2400 917 2436 στοιχείῳ

136 2447 294 2483 χρωμένους
306 2446 345 2482 τῷ
359 2447 471 2481 παρόντι
482 2446 525 2472 ἀεὶ
536 2446 657 2482 τροπικῷ
672 2447 736 2482 μηνὶ
748 2447 841 2482 καὶτῷ
856 2446 918 2481 ἑξῆς

132 2493 192 2520 τῶν
215 2494 306 2529 μηνῶν
323 2493 393 2519 κατὰ
412 2492 446 2518 τὰ
470 2493 640 2520 ὑποτεθέντα,
658 2491 719 2519 Οῗον
742 2493 834 2528 ἐπειδὴ
856 2493 918 2519 Θεόα

137 2548 268 2575 φραστός,
280 2549 289 2565 ‹
302 2540 401 2573 ’Ἀκρου
419 2538 507 2573 ἔαρος,
528 2538 607 2569 εὐθὺς
628 2539 770 2574 ἱσταμένου
783 2539 830 2565 τοῦ
846 2540 917 2574 Θαρ-

135 2585 280 2620 γηλιῶνος,
300 2594 309 2609 ι
333 2585 408 2619 φησι,
423 2584 652 2619 μεθερμηνευτὲον
667 2585 799 2619 Μαρτίου,
817 2585 863 2611 καὶ
883 2585 919 2620 μὴ

144 2630 291 2665 ’Λπρίλιος.
310 2630 394 2656 Πάλιν
408 2629 680 2664 ἐπειδηθουκυδίδης
702 2630 920 2665 Ἐλαφηϐολιῶνα

137 2676 290 2703 τελευταῖον
316 2677 386 2711 μῆνα
398 2677 451 2703 τῶν
467 2675 628 2711 χειμερινῶν
648 2673 716 2701 εἷναί
733 2685 808 2711 φησι,
827 2677 919 2703 τοῦτον

140 2723 190 2757 μὲν
205 2722 385 2758 Φεϐρουάριον
403 2722 600 2758 ’ἐρμηνευτέον-
615 2721 660 2747 τὸν
676 2722 697 2747 δ’
714 2722 823 2748 ἐπιόντα
848 2723 920 2749 Μου-

140 2767 258 2803 νυχιῶνα
269 2767 358 2795 θετέον
372 2768 449 2805 ἔαρος
463 2766 531 2794 εἶναι
543 2767 636 2803 ἀρχὴν,
649 2768 695 2794 καὶ
705 2767 824 2801 Μάρτιον
839 2760 924 2803 μετα-ν

139 2811 276 2840 φραστέον
299 2812 431 2844 Λατίνοις.
466 2812 546 2838 Ὥστε
569 2812 600 2845 δὴ
629 2812 674 2839 καὶ
701 2812 841 2846 συμϐαίνει
874 2813 919 2840 δύο

969 2221 1039 2247 siutn
1058 2220 1240 2247 inconstantia
1256 2228 1322 2254 vaga
1341 2220 1411 2255 (quae
1429 2220 1479 2246 fuit
1495 2221 1570 2254 prius
1586 2222 1692 2249 inventa
1706 2222 1748 2249 in-

969 2265 1152 2297 tercalatione,
1169 2269 1250 2300 atque
1264 2266 1344 2292 etiam
1360 2269 1421 2300 post
1433 2267 1581 2302 inventam)
1597 2268 1686 2295 adhuc
1701 2276 1748 2295 ex-

970 2311 1113 2345 plicatione
1130 2311 1249 2345 indiget,
1271 2318 1388 2345 quonam
1410 2316 1489 2345 pacto
1515 2313 1658 2340 transferri
1673 2321 1748 2341 com-

969 2356 1050 2383 mode
1072 2357 1168 2391 possit.
1191 2357 1303 2394 Constat
1320 2365 1392 2384 enim
1411 2358 1496 2391 ipsam
1514 2359 1749 2388 intercalatiottem

971 2403 1091 2430 alternos
1108 2403 1163 2429 fere
1190 2410 1297 2430 menses
1323 2411 1383 2430 cmn
1412 2405 1578 2436 temporibus
1606 2407 1668 2431 anni
1694 2414 1749 2432 non

971 2451 1154 2482 competentes
1169 2455 1239 2482 stepc
1254 2448 1415 2475 habiturum.
1436 2449 1471 2474 lix
1495 2457 1548 2482 quo
1566 2450 1644 2476 etiam
1661 2450 1749 2476 'l‘lieo-

971 2494 1097 2529 pltrastus
1110 2494 1206 2528 inquit,
1222 2503 1231 2518 ι
1246 2502 1308 2521 vere
1320 2496 1408 2521 statim
1425 2494 1611 2527 Timrpelimils
1624 2496 1718 2522 initio:
1737 2507 1745 2521 ι

971 2541 1047 2574 quasi
1064 2538 1373 2574 Munychionihibernus
1391 2541 1468 2567 fuerit
1486 2542 1671 2568 ;Ξι.ιειι·ριίὶ;ιιῑδ
1687 2549 1750 2568 vero

971 2584 1081 2611 aestivus
1098 2585 1229 2618 tropicus,
1244 2584 1284 2610 rel
1300 2589 1372 2611 certe
1386 2587 1412 2611 in
1440 2586 1583 2612 instantem
1607 2586 1681 2620 161
1700 2585 1751 2612 ilc-

972 2631 1180 2657 catombzeonem
1197 2630 1340 2657 solstitium
1355 2632 1402 2657 Cil‘t
1414 2640 1541 2666 inungens
1558 2641 1563 2658 :
1580 2633 1650 2666 quod
1669 2633 1751 2658 inter-

973 2676 1036 2702 dum
1050 2684 1104 2703 nou
1119 2676 1275 2711 contingere
1291 2684 1344 2703 non
1360 2683 1457 2710 [IulusL
1478 2677 1544 2704 Nam
1557 2682 1697 2712 propterea
1710 2679 1751 2704 in—

967 2721 1112 2757 ltercalatio
1133 2721 1240 2748 inducta
1269 2726 1330 2755 est,
1358 2727 1384 2749 ιιι
1404 2724 1537 2750 defectum
1563 2724 1666 2751 dierum
1692 2731 1752 2758 sup-

973 2768 1062 2802 pleat,
1090 2772 1116 2794 et
1139 2767 1167 2794 in
1200 2767 1448 2796 llecatombatmmn
1476 2771 1590 2798 solstitia
1617 2771 1749 2797 restituat.

972 2812 1057 2841 Porro
1071 2812 1098 2841 in
1112 2813 1155 2841 bis
1166 2813 1219 2850 qui
1234 2814 1273 2843 sic
1286 2814 1400 2842 indicem
1417 2818 1566 2849 temporum
1586 2815 1751 2844 notationem
