1931 3135
223 145 288 172 (HM

709 141 752 168 AD
773 140 903 168 EUSEBH
923 140 1117 170 CllﬂONlCON
1140 140 1320 168 APPENDIX.

1774 125 1860 167 μετ’

222 201 356 231 scribunt,
371 199 558 234 interpretatio
581 199 631 226 hoc
648 202 728 233 pacto
746 197 870 225 facienda
891 201 951 230 est,
979 202 999 223 ut

1060 197 1235 232 ἰσημερινοὺς
1271 193 1340 223 εἶναι
1366 197 1505 232 ὲαρινοὺς.
1531 195 1713 231 Μουνυχιῶνα
1742 204 1772 222 τε
1802 197 1848 223 καὶ

222 245 348 281 praesenti
369 251 475 278 semper
490 243 596 278 tropico
613 251 664 278 pro
680 241 858 269 fundamento
874 246 983 268 utatnur
994 262 1002 274 ,

221 296 248 320 et
265 292 398 319 mensium
414 291 483 318 serie
499 291 543 317 illa
555 297 636 325 quam
660 296 742 324 supra
757 289 907 323 posuimus.
924 287 1003 315 Verbi

221 337 325 372 gratia:
342 335 451 370 quando
471 335 674 370 Theophrastus
692 343 702 360 ι
723 341 830 362 sunnno
844 341 924 365 vere,
950 338 1003 360 sta-

223 384 268 410 tim
282 383 400 410 instante
414 381 594 417 Thargelione
610 391 618 407 I
633 391 640 408 :
658 380 735 410 dicit.
753 388 847 407 mense
859 380 965 409 Martio.
976 383 1004 407 et

221 436 274 456 non
298 427 393 462 Aprili,
414 427 648 462 interpretandum
674 431 724 456 est,
754 425 872 452 Rursum
893 424 1004 459 quando

221 473 393 509 Thucydides
406 473 643 508 Elapheholionem
661 480 721 499 esse
733 472 798 498 dicit
811 472 934 498 ultimum
947 471 1004 498 hie-

220 521 330 548 malium
346 521 490 552 mensium,
507 519 580 546 hunc
598 519 708 554 quidem
727 519 904 546 Februarium
919 526 1001 552 opor-

219 571 256 595 tet
286 566 474 601 inlerpretari;
506 565 655 593 secundum
685 573 764 600 quem
795 564 866 592 veris
895 565 1001 592 initium

219 613 383 649 Munycltion
411 611 636 642 constituendus.
666 616 692 638 et
712 610 816 638 Latinis
831 610 944 638 Martius
959 614 1001 638 est

219 659 433 687 transferendus.
451 658 488 685 Ex
504 665 557 693 quo
569 665 634 684 sane
649 658 780 693 contingit
791 657 859 684 duos
874 665 935 684 esse
945 665 1003 684 ver-

219 714 269 734 nos
281 705 493 741 aequinoctiales,
511 704 718 741 Munychionem
733 708 759 731 et
774 703 999 738 Tltargelionem;

219 753 324 781 etduos
335 752 517 784 autumnales,
541 750 764 779 Bnedromionem
793 753 820 776 ct
850 750 1001 777 Mzemarzte-

219 800 322 827 tionem
338 808 343 825 :
363 798 542 832 similiterque
552 797 708 824 solstitiales
719 796 787 823 duos
802 796 909 823 iestivos
920 816 927 827 ,
948 795 1001 823 He-

218 845 428 873 catombzeonem
441 848 466 871 et
482 843 686 875 intercalarem;
702 842 905 876 brumalesque,
923 841 1001 868 Posi-

217 891 331 919 deonem
345 895 372 918 et
386 889 579 917 Gamelionem.
609 888 695 921 Quam
712 888 748 914 ob
763 895 819 914 rem
839 887 1000 914 Aristoteles

218 938 305 973 inquit
321 946 328 964 :
350 947 359 962 ι
379 936 483 964 Gallina
495 936 603 970 quidem
618 935 688 969 parit
704 934 832 961 omnibus
846 934 909 960 anui
930 937 999 960 tem-

217 983 340 1018 poribus.
356 981 477 1015 exceplis
490 981 596 1007 duobus
612 979 751 1006 mensibus
767 979 794 1006 in
810 979 897 1006 hietne
914 979 1000 1014 tropi-

217 1028 268 1055 εἰς.
291 1037 300 1052 ι
316 1026 349 1053 Ει
362 1027 388 1053 ίη
412 1025 619 1060 Melcorologicis
638 1024 734 1051 scribit
749 1024 874 1050 crinitam
893 1025 998 1052 stellam

218 1073 251 1100 ad
266 1072 366 1100 Ursam
379 1072 538 1106 apparuisse
551 1078 642 1098 mense
657 1069 824 1102 Gamelione,
850 1071 907 1098 sole
927 1072 999 1098 circa

1052 241 1231 276 Θαργηλιῶνα
1240 249 1248 256 ·
1263 242 1309 268 καὶ
1322 242 1532 278 φθινοπωρινοὺς
1546 242 1847 277 δύοΜαιμακτηριῶνα

1054 288 1100 314 καὶ
1123 288 1315 324 Βοηδρομιῶ-,α
1327 297 1334 304 ο
1359 289 1396 320 ὡς
1421 289 1443 315 δ’
1467 289 1556 321 αὕτως
1570 289 1618 316 καὶ
1637 290 1785 324 τροπικῶς
1800 288 1846 315 δύο

1053 334 1192 370 θερινοὺς,
1211 335 1440 370 Ἑκατομϐαιῶνα
1465 336 1510 362 καὶ
1534 336 1578 362 τὸν
1604 335 1772 370 ἐμϐόλιμον·
1798 336 1844 361 καὶ

1051 382 1241 417 χειμερινοὺς,
1272 382 1441 409 Ποσειδεῶνα
1472 383 1518 409 καὶ
1548 382 1722 417 Γαμηλιῶνα.
1746 382 1846 417 Διόπερ

1058 427 1254 462 Ἀριστοτέλης,
1273 436 1283 452 ‹
1305 427 1337 453 Ἢ
1354 427 1505 463 ἀλεκτορὶς,
1527 437 1537 453 ›
1557 428 1632 462 φησι,
1652 437 1662 453 Ι
1676 427 1768 453 τίκτει
1785 427 1844 453 ὅλον

1052 473 1097 499 τὸν
1125 473 1256 503 ἐνιαυτὸν,
1284 472 1336 505 ἔξω
1358 473 1404 499 δύο
1430 473 1522 509 μηνῶν
1541 473 1595 500 τῶν
1616 474 1645 500 ὲν
1667 473 1708 507 τῷ
1728 472 1844 507 χειμῶνι

1052 519 1205 554 τροπικῶν·
1226 529 1235 544 ι
1259 519 1348 545 καὶτὸ
1369 520 1398 545 ἐν
1427 520 1482 550 τοῖς
1505 518 1773 553 Μετειψολογικοῖς
1797 519 1842 545 ὅτε

1052 565 1160 599 ἐγένετο
1179 565 1302 601 κομήτης
1317 565 1404 600 ἀστὴρ
1419 565 1486 600 πρὸς
1497 565 1622 600 Ἄρκτον,
1642 565 1727 600 μηνὸς
1749 565 1842 599 Γαμη-

1051 611 1156 643 λιῶνος,
1173 612 1235 646 περὶ
1247 611 1349 646 τροπὰς
1365 611 1440 642 ὄντος
1452 611 1498 638 τοῦ
1511 611 1585 647 ἡλίου
1600 611 1771 646 χειμερινάς.
1787 611 1842 637 Καὶ

1058 657 1282 693 Ἀνθεστηριῶνος
1297 657 1324 683 δὲ
1343 657 1434 692 ἅψαιτ’
1454 657 1487 684 ἄν
1515 666 1578 683 ποτε
1595 659 1612 692 ὴ
1631 658 1720 693 τροπὴ
1746 658 1843 692 λήγον-

1051 713 1106 736 τος.
1131 703 1199 729 Ἀλλ’
1219 704 1246 730 οἵ
1268 712 1299 738 γε
1321 704 1513 739 ὀνομαζόμενοι
1539 704 1665 739 τροπιιοὶ
1690 704 1840 739 χειμερινσὶ

1050 751 1096 778 δύο
1111 752 1135 778 οἱ
1153 751 1291 787 εἰρημένοι
1310 750 1387 777 εἰσίν.
1410 750 1513 782 Ἀπὶῶς
1530 750 1620 785 μέντοι
1637 750 1734 785 Θέρους
1755 751 1840 785 ἀρχὴν

1051 798 1220 833 ὑποληπτέον
1236 795 1304 823 εἶναι
1323 798 1367 823 τὸν
1387 796 1618 830 Ἑκατομϐαιῶνα,
1640 796 1687 822 καὶ
1710 796 1840 830 cperam

1051 843 1171 878 Θερινόν·
1191 843 1320 877 ἀνάλογον
1337 843 1365 869 δὲ
1387 842 1433 869 καὶ
1458 842 1520 873 τοὺς
1544 841 1649 873 ἄλλους.
1668 843 1714 867 Δεῖ
1730 841 1785 877 γὰρ
1804 844 1840 876 μὴ

1049 889 1081 916 τὸ
1101 888 1257 924 συμϐαῖνον,
1285 888 1352 914 ἀλλά
1369 888 1399 914 τὸ
1423 888 1605 923 σκοπούμενον
1626 888 1780 923 λαμεάνειν
1802 888 1840 922 τῲ

1050 935 1130 970 λόγῳ.
1149 935 1262 970 Εἴρηται
1285 935 1349 969 γοῦν
1370 935 1417 961 καὶ
1433 936 1462 962 ὲν
1483 936 1538 966 τοῖς
1556 935 1703 968 Φυσικοῖς
1717 935 1771 961 τῶν
1799 935 1840 960 λό-

1050 991 1115 1016 γων,
1133 982 1170 1013 ὡς
1180 982 1219 1008 δεῖ
1233 981 1347 1007 ἕκαστον
1361 981 1449 1019 λέγειν
1467 981 1544 1008 τοῦτο
1561 979 1641 1010 εἶναι,
1655 981 1669 1007 ἣ
1683 981 1766 1015 φύσει
1781 981 1840 1016 βού-

1050 1028 1124 1054 λεται
1139 1024 1217 1059 εἶναι,
1234 1027 1280 1053 καὶ
1291 1027 1305 1053 ὂ
1320 1027 1454 1062 ὑπάρχει·
1468 1027 1535 1053 ἀλλὰ
1549 1027 1585 1062 μὴ
1603 1027 1616 1053 ὃ
1634 1026 1680 1063 βίᾳ
1705 1027 1753 1054 καί
1766 1027 1838 1062 παρὰ

1051 1073 1142 1108 φύσιν.

217 1120 341 1147 brumam
372 1119 528 1146 exsisteute.
560 1118 647 1152 Atque
677 1118 758 1145 etiam
783 1118 1001 1148 Anthesterionis
1025 1125 1191 1156 postremam
1222 1125 1326 1155 partem
1352 1119 1497 1155 aliquando
1520 1119 1668 1148 solstitium
1695 1120 1836 1147 hibernum

217 1170 306 1201 potest
321 1166 459 1200 attingere.
476 1165 526 1193 Sed
542 1173 611 1200 quos
627 1165 745 1200 tropicos
760 1165 888 1194 hiemales
904 1167 1057 1200 nominant,
1073 1171 1136 1196 sunt
1163 1168 1188 1195 hi
1209 1168 1317 1203 quidem
1339 1167 1393 1194 duo
1414 1172 1476 1195 ante
1499 1169 1636 1202 explicati.
1668 1167 1836 1195 Snmendutu

216 1217 258 1240 est
272 1217 360 1240 tamen
373 1213 542 1248 simpliciter,
557 1212 804 1240 ilecatomhzeonem
819 1222 880 1241 esse
893 1217 996 1243 zestatis
1009 1217 1181 1251 principium,
1197 1221 1223 1244 et
1236 1216 1406 1243 solstitialem
1431 1217 1556 1243 aestivum
1567 1236 1574 1248 ,
1598 1221 1624 1244 et
1654 1217 1779 1251 reliquos
1801 1217 1837 1242 si-

217 1260 272 1285 mili
290 1260 417 1294 deinceps
434 1260 548 1286 ratione.
577 1259 614 1286 De
638 1259 718 1286 rebus
748 1260 820 1286 enim
847 1262 1069 1297 contingentibus
1081 1263 1162 1297 ~nulla
1187 1263 1257 1290 ratio
1283 1262 1400 1289 ineunda
1424 1265 1485 1294 est,
1517 1261 1564 1289 sed
1590 1262 1624 1289 de
1655 1263 1788 1297 spectatis
1812 1266 1836 1288 et

216 1307 313 1335 solitis.
337 1307 403 1334 Nam
433 1308 459 1334 in
477 1307 595 1342 Pt’rysicis
611 1307 712 1334 dictum
735 1311 785 1339 est.
808 1316 941 1344 quemque
956 1315 1080 1345 oportere
1100 1310 1190 1338 dicere
1201 1310 1228 1337 id
1241 1317 1313 1343 esse,
1331 1309 1403 1345 quod
1418 1314 1514 1336 natura
1533 1317 1593 1338 esse
1604 1311 1709 1346 expetit
1732 1314 1760 1338 et
1780 1314 1834 1341 est;

216 1361 270 1380 non
288 1353 359 1388 quod
375 1353 399 1379 vi
414 1356 439 1379 et
461 1359 558 1388 prauer
573 1356 707 1380 naturam.

252 1401 397 1436 Dionysius
407 1409 470 1428 vero
481 1401 514 1427 ah
525 1400 630 1435 Ephoro
645 1405 794 1434 mutuatus,
804 1402 870 1429 dicit
882 1402 998 1439 Tharge-

216 1447 289 1474 liene
299 1452 480 1482 expugnatum
491 1446 577 1474 Ilium.
587 1447 657 1480 Quin
672 1452 697 1474 et
709 1447 869 1475 Plutarchus
882 1449 907 1475 in
924 1448 997 1476 Furii

216 1491 324 1520 Camilli
350 1493 415 1525 vita,
431 1492 567 1526 Ephorum
588 1492 644 1519 haec
670 1493 812 1527 scripsisse
832 1494 930 1527 refert;
951 1502 1000 1521 nec

1087 1401 1222 1433 Διονύσιος
1236 1401 1263 1427 δὲ
1278 1401 1341 1436 παρ’
1359 1401 1469 1436 Ἐφόρου
1493 1400 1610 1436 εἰληφὼς
1626 1401 1714 1436 λέγει,
1731 1403 1836 1439 θαργη-

1052 1447 1146 1479 λιῶνος
1172 1447 1273 1473 ἁλῶναι
1300 1447 1328 1473 τὸ
1343 1447 1433 1474 Ἴλιον.
1459 1447 1628 1482 Πλούταρχος
1655 1449 1722 1481 γοῦν
1747 1450 1776 1475 ἑν
1801 1450 1836 1484 τῷ

1052 1493 1163 1528 Φουρίου
1177 1493 1316 1527 Καμίλλου
1333 1491 1382 1527 βίῳ
1398 1492 1512 1528 Ἔφορον
1523 1493 1744 1528 ἀναγεγραφὲναι
1763 1495 1835 1521 τοῦτό

216 1546 282 1566 vero
292 1547 301 1564 ι
312 1539 500 1573 septemdecim
513 1538 609 1566 diebus
620 1543 682 1566 ante
696 1540 818 1566 aestivum
829 1541 976 1567 solstitium
989 1551 996 1566 ι

1052 1547 1132 1574 φησιν
1144 1547 1151 1554 ³
1167 1539 1196 1565 οὐ
1214 1539 1267 1574 μὴν
1291 1538 1318 1564 δὲ
1338 1539 1384 1564 καὶ
1398 1547 1407 1564 ι
1429 1538 1558 1574 πρότερον
1576 1539 1762 1566 ἑπτακαίδεκα
1776 1540 1835 1575 ἡμέ-

217 1584 284 1611 dicit
298 1589 436 1612 :ct-tamen
447 1584 624 1620 Tltargclione
636 1585 717 1612 etiam
732 1586 776 1612 ille
787 1586 862 1612 dicit.
873 1586 899 1612 Si
913 1585 1000 1621 Epito-

217 1638 266 1658 rus
279 1631 371 1665 igitur,
388 1638 449 1657 cum
465 1632 534 1665 apud
551 1640 580 1658 se
593 1639 646 1658 non
655 1635 738 1662 esset,
760 1632 859 1666 alioqui
876 1632 1000 1660 dicturus

220 1677 448 1713 Scirophorione,
471 1678 581 1713 scripsit
603 1677 801 1713 Thargelione;
825 1679 999 1713 quemadmo-

218 1723 282 1750 dum
298 1724 360 1750 item
373 1724 399 1750 in
415 1723 476 1750 aliis
493 1731 541 1758 pro
552 1722 638 1750 Iberia
655 1731 707 1750 non
720 1724 876 1758 paenitenda
889 1725 1000 1759 regione

218 1769 351 1803 Europ-.e,
372 1770 510 1797 civitatem
535 1770 680 1804 quamdam
697 1769 811 1797 lberiam
833 1778 893 1798 esse
916 1770 998 1804 dicit;

217 1817 281 1845 boni
297 1817 434 1848 consulat,
450 1817 522 1851 quod
537 1825 592 1843 non
607 1816 823 1851 reprehendatur
838 1817 884 1852 qui
900 1817 941 1845 sui
957 1825 1000 1845 re-

217 1863 400 1900 prehendendi
418 1870 512 1889 ansam
528 1861 642 1893 dederit,
662 1869 775 1896 eamque
792 1862 997 1896 amplissimam.

217 1909 294 1943 Quod
315 1910 337 1936 si
351 1909 420 1936 forte
434 1909 527 1936 nescio
538 1907 600 1942 quis
615 1907 722 1942 ineptus
739 1908 856 1942 scriptor
871 1908 999 1935 mendose

217 1954 370 1989 scripserit,
390 1962 399 1978 ι
419 1951 612 1987 Thargelione,
633 1961 642 1977 ›
660 1959 708 1986 pro
725 1960 733 1976 ι
749 1950 970 1986 Seirophorione,
987 1960 997 1976 ›

217 2004 246 2028 ut
261 1999 316 2028 fere
332 2000 361 2027 tit
379 1999 405 2025 in
421 1998 495 2031 aliis,
507 2002 533 2025 et
549 1997 700 2032 praesertim
714 1997 740 2024 in
761 1997 794 2024 iis
809 2004 868 2032 qua:
879 2000 999 2032 quaestus

216 2046 301 2082 gratia
313 2045 473 2073 scribuntur
488 2052 503 2071 a
515 2043 669 2078 bibliopolis
682 2043 755 2078 (nam
775 2043 821 2078 qui
843 2043 999 2078 hujusmodi

216 2100 312 2127 operas
326 2091 496 2122 conducunt,
509 2090 655 2125 imperitis,
671 2089 857 2124 oblatitiisqiie
869 2093 894 2116 et
906 2089 999 2116 trivia-

216 2139 289 2166 libus
305 2137 486 2172 scriptoribus
501 2135 638 2169 utuntur);
657 2134 697 2162 sic
713 2134 807 2162 insons
820 2134 930 2169 quidem
944 2133 1000 2162 fue-

216 2185 254 2212 rit
265 2183 390 2218 Ephorus
409 2192 416 2210 :
437 2185 464 2209 et
477 2182 538 2216 jure
551 2180 692 2215 culpandi,
708 2180 753 2214 qui
766 2179 931 2214 exemplaria
943 2187 998 2206 non

1052 1594 1113 1621 ραις
1123 1585 1172 1620 τῆς
1185 1585 1291 1620 θερινῆς
1301 1585 1404 1620 τροπῆς
1418 1594 1427 1611 ι
1443 1584 1530 1619 λέγει·
1542 1584 1599 1611 ἀλλ’
1619 1583 1666 1612 οὖν
1678 1586 1835 1621 Θαργηλιῶ-

1051 1642 1094 1665 νος
1115 1634 1238 1665 κάκεῖνός
1265 1642 1356 1668 φησιν.
1377 1634 1408 1659 Et
1427 1633 1476 1668 μὲν
1495 1630 1540 1659 οὖν
1553 1634 1681 1670 Ἔφορος,
1706 1635 1834 1670 Emma-

1051 1680 1146 1716 ριῶνος
1162 1680 1243 1713 φάναι
1263 1679 1431 1714 βουλόμενος,
1449 1676 1508 1706 εἷπε
1526 1679 1535 1711 (
1539 1679 1576 1714 μὴ
1590 1679 1666 1710 ἐντὸς
1678 1679 1718 1705 ῶν
1745 1679 1835 1712 αὑτοῦ)

1049 1726 1248 1762 Θαργηλιῶνος,
1265 1725 1358 1761 ὥσπερ
1377 1726 1405 1751 ὲν
1424 1725 1513 1757 ἄλλοις
1532 1723 1564 1751 αὖ
1582 1725 1641 1752 ἀντὶ
1659 1725 1780 1761 Ἰϐηρίας
1790 1726 1836 1761 τῆς

1050 1772 1119 1799 κατὰ
1131 1772 1180 1807 τὴν
1195 1771 1329 1808 Εὐρώπην
1342 1772 1473 1807 μεγίστης
1485 1771 1588 1807 χώρας.
1605 1772 1682 1798 πόλιν
1695 1769 1767 1798 εἷναί
1781 1781 1837 1799 τινα

1049 1818 1098 1852 τὴν
1117 1817 1235 1853 Ἰϐηρίαν
1257 1818 1352 1852 φησιν’
1370 1817 1502 1851 ἀγαπάτω
1520 1817 1601 1852 μηδὲν
1623 1812 1835 1853 ἐπιτιμώμένος,

1051 1861 1148 1896 σκῆψιν
1166 1862 1347 1896 ἐπιτιμήσεως
1362 1862 1408 1888 καὶ
1430 1861 1504 1888 ταῦτ’
1519 1862 1550 1888 οὐ
1575 1862 1676 1897 μικρὰν
1698 1863 1836 1894 δεδωκώς·

1050 1908 1073 1933 εἰ
1086 1907 1107 1933 δ’
1122 1907 1176 1942 ἄρα
1194 1916 1235 1939 τις
1256 1906 1308 1933 τῶν
1327 1907 1436 1941 φαύλων
1450 1907 1572 1943 γραφεὺς
1593 1908 1755 1943 διήμαρτεν,
1782 1910 1838 1936 ἀντὶ

1053 1962 1061 1977 ι
1072 1951 1283 1988 Σκιροφοριῶνος
1290 1953 1544 1988 ι--ιΘαργηλιῶνος
1554 1963 1563 1978 ι
1574 1954 1746 1989 μεταϐαλὼν,
1756 1955 1838 1982 καθά-

1049 2007 1102 2034 περ
1121 1998 1167 2024 καὶ
1184 1999 1227 2025 ἐπ’
1253 1998 1339 2025 ἄλλων
1357 1999 1508 2034 συμϐαίνει,
1528 1999 1575 2026 καὶ
1590 1999 1709 2034 μάλιστα
1731 2001 1837 2028 ἐπὶτῶν

1049 2045 1088 2076 εἱς
1104 2045 1203 2080 πρᾶσιν
1219 2044 1397 2080 γραφομένων
1419 2046 1474 2076 τοῖς
1497 2044 1689 2081 βιϐλιοπώλαις
1709 2047 1837 2082 (χρῶνται

1049 2090 1103 2126 γὰρ
1124 2090 1235 2124 φαύλοις
1257 2091 1304 2117 καὶ
1330 2092 1385 2122 τοῖς
1404 2090 1514 2126 τυχοῦσι
1531 2092 1708 2127 γραφεῦσιν)·
1725 2094 1837 2129 Ἔφορος

1051 2136 1099 2171 μὲν
1110 2135 1229 2167 ἀναίτιος
1240 2136 1277 2168 ὡς
1291 2135 1323 2162 ἃν
1340 2135 1397 2171 εἴη·
1415 2136 1565 2163 αἰτιάσαιτο
1581 2137 1604 2163 δ’
1615 2137 1648 2164 ἄν
1663 2147 1705 2169 τις
1722 2139 1787 2170 τοὺς
1803 2140 1837 2174 μὴ

1049 2181 1322 2218 ἐπανορθωσαμένους
1346 2182 1395 2217 τὴν
1413 2182 1532 2218 γραφὴν,
1546 2182 1603 2209 ἀλλ’
1631 2184 1837 2215 ἀνεπισκέπτως

216 2229 399 2260 emendarint,
417 2227 465 2255 sed
485 2226 688 2253 inconsiderate
704 2225 833 2256 dixerint,
851 2233 860 2249 ί
881 2223 999 2259 Tharge—

1052 2227 1204 2263 εξρηκὸτας,
1222 2237 1231 2252 ι
1250 2226 1439 2262 Θαργηλιῶνος
1454 2227 1637 2254 ἑπτακαίδεκα
1656 2229 1777 2264 ἡμέραις
1790 2229 1837 2264 πρὸ

217 2275 289 2302 tione
301 2273 493 2308 septemdecim
505 2272 601 2299 diebus
610 2274 672 2298 ante
685 2271 808 2298 :estivum
821 2270 996 2298 solstitium.»

219 2318 271 2346 Sed
288 2318 359 2345 idem
373 2318 454 2344 etiam
465 2317 540 2349 dicit,
558 2317 617 2344 dies
629 2317 687 2352 (qui
701 2324 802 2343 annum
816 2316 890 2343 illum
908 2316 999 2350 exple-

218 2365 290 2395 rent)
307 2363 561 2399 superabundantes
581 2363 667 2391 fuisse
690 2368 752 2398 post.
779 2362 928 2390 solstitium
948 2371 999 2390 nu-

218 2418 295 2438 mero
308 2410 402 2446 viginti
419 2408 510 2444 :quod
525 2416 638 2443 prorsus
662 2408 871 2443 incompositum
894 2412 920 2435 ct
950 2416 1000 2443 pu—

219 2463 316 2491 gnans,
333 2455 355 2483 si
372 2445 422 2489 pro
442 2454 568 2481 instituta
588 2454 794 2481 Atheniensium
814 2454 919 2482 ratione
939 2462 998 2482 ser-

219 2509 327 2529 monem
347 2500 422 2528 facit.
436 2499 502 2526 Nam
514 2500 536 2526 si
550 2503 711 2534 supererant
725 2500 818 2534 viginti
833 2504 894 2534 post
910 2501 1000 2528 solsti-

219 2548 299 2580 tium,
319 2550 422 2574 certum
450 2549 492 2572 est
508 2545 652 2572 solstitium
677 2544 761 2572 fuisse
780 2545 897 2572 abeunte
915 2553 998 2577 anno,

421 2592 517 2618 ultimo
530 2590 584 2621 die,
599 2595 627 2617 ut
640 2590 683 2617 ille
698 2590 806 2625 quidem
819 2591 875 2617 vult
891 2601 897 2618 :
912 2595 1000 2618 utnos

218 2630 296 2670 vero,
312 2636 547 2675 Sciropﬂorionis.
568 2635 753 2670 lmpraasentia
768 2640 857 2663 autem
873 2637 940 2663 nihil
959 2637 1000 2663 in-

218 2685 309 2714 tersit.
318 2683 373 2712 Sed
383 2687 444 2712 esto
453 2679 489 2713 οι
497 2683 557 2718 ejus
569 2682 703 2709 sententia
716 2681 921 2716 Thargelionis;
938 2690 999 2716 pro-

218 2728 292 2759 fecto
304 2733 435 2765 sequente
446 2726 518 2761 anno
529 2728 675 2756 solstitium
691 2728 743 2754 erit
754 2727 894 2754 novilunio
909 2727 1001 2755 Sciro-

221 2775 465 2814 phorionie:quod
472 2780 532 2804 erat
547 2775 598 2811 ipsi
608 2782 681 2802 nono
693 2774 736 2801 die
753 2774 917 2809 incipientis.
930 2773 997 2802 Nam

222 2823 248 2852 Ii
271 2827 368 2852 octavo
393 2821 446 2852 sub
459 2821 540 2850 tinem
556 2821 600 2849 die
621 2819 809 2855 Tltargelionis
830 2823 937 2855 captum
957 2824 1000 2848 est

221 2868 314 2902 Iliun.
326 2868 518 2899 septemdecim
541 2867 637 2896 diebus
649 2868 744 2896 aestivo
760 2866 836 2896 prius
859 2867 997 2900 solstitio;

1051 2271 1100 2306 τῆς
1114 2270 1221 2306 θερινῆς
1231 2270 1343 2306 τροπῆς.
1365 2279 1374 2296 ι
1391 2271 1458 2306 Φησὶ
1473 2270 1511 2303 δὲ,
1523 2271 1570 2298 καὶ
1590 2272 1628 2303 ὡς
1640 2273 1669 2298 αἱ
1686 2273 1732 2299 τὸν
1752 2274 1836 2300 ἐνιαυ-

1051 2316 1096 2343 τον
1108 2317 1209 2343 ἐκεῖνον
1225 2316 1408 2351 ἐκπληροῦσαι
1424 2317 1548 2352 περιτταὶ
1560 2317 1672 2353 ἡμέραι,
1689 2320 1778 2346 εἴκοσι
1797 2319 1836 2346 τὸν

1052 2362 1166 2398 ἀριθμὸν
1176 2360 1245 2398 ἦσαν
1259 2362 1327 2398 μετὰ
1343 2362 1392 2394 τὰς
1408 2362 1516 2398 θερινὰς
1535 2364 1638 2399 τροπάς
1650 2373 1656 2379 ·
1676 2364 1706 2391 τὸ
1722 2365 1744 2392 δ’
1759 2365 1836 2392 ἀσύν-

1052 2417 1150 2435 τακτον
1174 2408 1310 2440 παντελῶς
1330 2409 1375 2434 καὶ
1397 2409 1565 2444 μαχόμενον,
1591 2411 1614 2436 εξ
1639 2410 1677 2442 ὡς
1705 2411 1835 2446 Ἀθηναῖοι

1051 2452 1117 2489 ἦγον
1130 2456 1245 2481 ποιεῖται
1259 2454 1303 2480 τὸν
1317 2454 1402 2488 λόγον.
1416 2454 1448 2481 Et
1462 2454 1515 2490 γὰρ
1533 2455 1659 2490 περιτταὶ
1670 2455 1759 2483 εἴκοσι
1772 2457 1836 2492 μετὰ

1052 2500 1100 2531 τὰς
1116 2500 1228 2535 τροπὰς,
1240 2499 1327 2535 δῆλον,
1340 2500 1380 2526 ὅτι
1394 2501 1410 2535 ἡ
1423 2501 1510 2536 τροπὴ
1523 2498 1556 2535 ἧν
1570 2501 1609 2536 τῷ
1620 2501 1757 2538 οἰχομένῳ
1775 2503 1833 2534 ἔτει,

1052 2545 1099 2581 ἕνῃ
1113 2546 1160 2572 καὶ
1173 2545 1221 2581 νέᾳ
1237 2545 1425 2581 Θαργηλιῶνος
1439 2546 1497 2581 μὲν,
1509 2546 1546 2578 ὡς
1559 2547 1663 2579 ἐκεῖνος
1678 2547 1766 2582 λέγει,
1777 2549 1833 2575 Σκι-

1055 2591 1215 2628 ροφοριῶνος
1231 2591 1269 2622 δὲ,
1281 2591 1319 2623 ὡς
1335 2592 1423 2627 ἡμεῖς.
1437 2593 1593 2628 Διαφερέτω
1614 2593 1642 2620 δὲ
1665 2594 1755 2629 μηθὲν
1774 2594 1833 2630 πρός

1053 2647 1083 2672 γε
1096 2638 1124 2664 τὸ
1139 2637 1194 2664 νῦν.
1215 2638 1283 2663 Ἀλλ’
1295 2637 1363 2664 ἔστω
1379 2637 1567 2674 Θαργηλιῶνος
1580 2639 1654 2674 αὐτῷ
1663 2648 1670 2654 ·
1688 2641 1786 2667 οὐκοῦν
1800 2639 1832 2674 τῷ

1053 2684 1154 2710 ἐπιόντι
1170 2683 1283 2718 ἐνιαυτῷ
1299 2685 1316 2719 ἡ
1336 2684 1423 2719 τροπὴ
1441 2684 1527 2717 ἔσται,
1549 2685 1765 2722 Σκιροφοριῶνος
1778 2695 1830 2712 νουο

1055 2729 1146 2765 μηνίᾳ.
1161 2727 1213 2756 Ἦν
1226 2730 1249 2756 δ’
1263 2729 1337 2765 αὺτῷ
1355 2730 1437 2767 ἐνάτῃ
1460 2731 1614 2766 ἱσταμένου.
1635 2732 1667 2758 Ei
1685 2733 1740 2768 γᾲρ
1761 2732 1829 2767 ὀγδόῃ

1054 2775 1190 2808 σθίνοντος
1203 2774 1249 2801 τοῦ
1265 2775 1454 2810 Θαργηλιῶνος
1472 2776 1542 2803 ἑάλω
1560 2777 1590 2803 τὶ
1604 2777 1698 2808 Ἴλιον,
1712 2777 1831 2805 ἑπτακαί-

1053 2820 1118 2847 δεκα
1137 2820 1267 2856 πρότερον
1283 2812 1398 2856 ἠμὲραις
1417 2821 1466 2855 τῆς
1487 2821 1595 2857 Θερινῆς
1614 2823 1730 2858 τροπῆς,
1752 2823 1828 2857 δῆλον.

1053 2866 1093 2892 ὅτι
1109 2866 1189 2902 ἐνάτη
1205 2867 1348 2902 ἱσταμένου
1365 2866 1412 2894 τοῦ
1427 2868 1548 2900 ἐπιόντος
1569 2869 1653 2901 μηνὸς
1667 2867 1702 2898 ἦν
1717 2871 1733 2900 ή
1753 2867 1829 2901 sanxit
