  <div class='ocr_page' id='page_1' title='image "/cluster/home/n/w/nwhite01/storage/ocr_20150623/19/njp.32101077772463/674.png"; bbox 0 0 1931 3135; ppageno 0'>
   <div class='ocr_carea' id='block_1_1' title="bbox 146 108 218 137">
    <p class='ocr_par' dir='ltr' id='par_1_1' title="bbox 146 108 218 137">
     <span class='ocr_line' id='line_1_1' title="bbox 146 108 218 137; baseline -0.014 -2"><span class='ocrx_word' id='word_1_1' title='bbox 146 108 218 137; x_wconf 76' lang='lat' dir='ltr'><strong>H95</strong></span> 
     </span>
    </p>
   </div>
   <div class='ocr_carea' id='block_1_2' title="bbox 615 89 1309 134">
    <p class='ocr_par' dir='ltr' id='par_1_2' title="bbox 615 89 1309 134">
     <span class='ocr_line' id='line_1_2' title="bbox 615 89 1309 134; baseline -0.009 -1"><span class='ocrx_word' id='word_1_2' title='bbox 615 105 785 134; x_wconf 77' lang='lat' dir='ltr'><strong>THEODORI</strong></span> <span class='ocrx_word' id='word_1_3' title='bbox 807 103 909 132; x_wconf 74' lang='grc' dir='ltr'><strong>ΟΑΖᾸΞ</strong></span> <span class='ocrx_word' id='word_1_4' title='bbox 933 101 1031 129; x_wconf 79' lang='lat' dir='ltr'><strong>LIBER</strong></span> <span class='ocrx_word' id='word_1_5' title='bbox 1054 101 1096 127; x_wconf 72' lang='lat' dir='ltr'><strong>DE</strong></span> <span class='ocrx_word' id='word_1_6' title='bbox 1116 89 1309 128; x_wconf 37' lang='lat' dir='ltr'><strong>MENSIBUS.‘</strong></span> 
     </span>
    </p>
   </div>
   <div class='ocr_carea' id='block_1_3' title="bbox 1687 107 1754 134">
    <p class='ocr_par' dir='ltr' id='par_1_3' title="bbox 1687 107 1754 134">
     <span class='ocr_line' id='line_1_3' title="bbox 1687 107 1754 134; baseline 0 0"><span class='ocrx_word' id='word_1_7' title='bbox 1687 107 1754 134; x_wconf 62' lang='lat'><strong>“94</strong></span> 
     </span>
    </p>
   </div>
   <div class='ocr_carea' id='block_1_4' title="bbox 143 155 932 199">
    <p class='ocr_par' dir='ltr' id='par_1_4' title="bbox 143 159 930 199">
     <span class='ocr_line' id='line_1_4' title="bbox 143 159 930 199; baseline -0.004 -10"><span class='ocrx_word' id='word_1_8' title='bbox 143 164 228 199; x_wconf 73' lang='grc' dir='ltr'>ἐνάτη</span> <span class='ocrx_word' id='word_1_9' title='bbox 243 162 396 198; x_wconf 73' lang='grc' dir='ltr'><strong>ἱσταμένου,</strong></span> <span class='ocrx_word' id='word_1_10' title='bbox 405 163 478 198; x_wconf 81' lang='grc' dir='ltr'><strong>τρεῖς</strong></span> <span class='ocrx_word' id='word_1_11' title='bbox 491 159 560 189; x_wconf 79' lang='grc' dir='ltr'>εἶναι</span> <span class='ocrx_word' id='word_1_12' title='bbox 569 162 618 194; x_wconf 80' lang='grc' dir='ltr'><strong>τὰς</strong></span> <span class='ocrx_word' id='word_1_13' title='bbox 634 163 762 198; x_wconf 77' lang='grc' dir='ltr'>περιττὰς</span> <span class='ocrx_word' id='word_1_14' title='bbox 775 163 930 196; x_wconf 79' lang='grc' dir='ltr'>ἀναγκαῖον.</span> 
     </span>
    </p>
   </div>
   <div class='ocr_carea' id='block_1_5' title="bbox 984 155 1759 199">
    <p class='ocr_par' dir='ltr' id='par_1_5' title="bbox 984 155 1759 191">
     <span class='ocr_line' id='line_1_5' title="bbox 984 155 1759 191; baseline 0.001 -6"><span class='ocrx_word' id='word_1_15' title='bbox 984 159 1155 186; x_wconf 81' lang='lat' dir='ltr'><strong>manifestum</strong></span> <span class='ocrx_word' id='word_1_16' title='bbox 1172 161 1213 184; x_wconf 88' lang='lat' dir='ltr'><strong>est</strong></span> <span class='ocrx_word' id='word_1_17' title='bbox 1224 164 1296 184; x_wconf 89' lang='lat' dir='ltr'><strong>nono</strong></span> <span class='ocrx_word' id='word_1_18' title='bbox 1310 155 1411 184; x_wconf 78' lang='lat' dir='ltr'><strong>mensis</strong></span> <span class='ocrx_word' id='word_1_19' title='bbox 1427 156 1565 191; x_wconf 77' lang='lat' dir='ltr'><strong>sequentis</strong></span> <span class='ocrx_word' id='word_1_20' title='bbox 1580 155 1623 184; x_wconf 89' lang='lat' dir='ltr'><strong>die</strong></span> <span class='ocrx_word' id='word_1_21' title='bbox 1635 158 1759 186; x_wconf 68' lang='lat' dir='ltr'><strong>aestivum</strong></span> 
     </span>
    </p>
   </div>
   <div class='ocr_carea' id='block_1_6' title="bbox 143 206 930 243">
    <p class='ocr_par' dir='ltr' id='par_1_6' title="bbox 143 206 930 243">
     <span class='ocr_line' id='line_1_6' title="bbox 143 206 930 243; baseline -0.001 -10"><span class='ocrx_word' id='word_1_22' title='bbox 143 207 253 243; x_wconf 71' lang='grc' dir='ltr'>Φανερὰ</span> <span class='ocrx_word' id='word_1_23' title='bbox 267 206 294 233; x_wconf 77' lang='grc' dir='ltr'>δὲ</span> <span class='ocrx_word' id='word_1_24' title='bbox 312 206 410 242; x_wconf 79' lang='grc' dir='ltr'>μᾶλλον</span> <span class='ocrx_word' id='word_1_25' title='bbox 426 206 501 233; x_wconf 81' lang='grc' dir='ltr'>ταῦθ’</span> <span class='ocrx_word' id='word_1_26' title='bbox 518 206 629 242; x_wconf 74' lang='grc' dir='ltr'>ὕστερον</span> <span class='ocrx_word' id='word_1_27' title='bbox 645 207 730 238; x_wconf 75' lang='grc' dir='ltr'>ἔσται,</span> <span class='ocrx_word' id='word_1_28' title='bbox 742 207 850 233; x_wconf 70' lang='grc' dir='ltr'>ἐπειδᾶν</span> <span class='ocrx_word' id='word_1_29' title='bbox 867 206 930 241; x_wconf 68' lang='grc' dir='ltr'>περὶ</span> 
     </span>
    </p>
   </div>
   <div class='ocr_carea' id='block_1_7' title="bbox 143 251 931 289">
    <p class='ocr_par' dir='ltr' id='par_1_7' title="bbox 143 251 931 289">
     <span class='ocr_line' id='line_1_7' title="bbox 143 251 931 289; baseline 0 -11"><span class='ocrx_word' id='word_1_30' title='bbox 143 253 272 289; x_wconf 82' lang='grc' dir='ltr'>χρήσεως</span> <span class='ocrx_word' id='word_1_31' title='bbox 290 251 435 287; x_wconf 73' lang='grc' dir='ltr'>ἐμϐολίμου</span> <span class='ocrx_word' id='word_1_32' title='bbox 461 252 543 287; x_wconf 77' lang='grc' dir='ltr'>μηνὸς</span> <span class='ocrx_word' id='word_1_33' title='bbox 566 252 701 288; x_wconf 85' lang='grc' dir='ltr'>λέγωμεν.</span> <span class='ocrx_word' id='word_1_34' title='bbox 724 251 778 279; x_wconf 81' lang='grc' dir='ltr'>Εἶτ’</span> <span class='ocrx_word' id='word_1_35' title='bbox 792 251 836 279; x_wconf 77' lang='grc' dir='ltr'>οὖν</span> <span class='ocrx_word' id='word_1_36' title='bbox 855 251 931 285; x_wconf 71' lang='grc' dir='ltr'><strong>Ἐῳό-</strong></span> 
     </span>
    </p>
   </div>
   <div class='ocr_carea' id='block_1_8' title="bbox 146 297 932 334">
    <p class='ocr_par' dir='ltr' id='par_1_8' title="bbox 146 297 932 334">
     <span class='ocr_line' id='line_1_8' title="bbox 146 297 932 334; baseline -0.001 -10"><span class='ocrx_word' id='word_1_37' title='bbox 146 307 196 334; x_wconf 74' lang='lat' dir='ltr'><strong>pou</strong></span> <span class='ocrx_word' id='word_1_38' title='bbox 213 298 361 334; x_wconf 72' lang='grc' dir='ltr'>ἁμάρτημα</span> <span class='ocrx_word' id='word_1_39' title='bbox 376 298 445 325; x_wconf 78' lang='grc' dir='ltr'>τοῦτ’</span> <span class='ocrx_word' id='word_1_40' title='bbox 458 297 539 330; x_wconf 77' lang='grc' dir='ltr'>ἔστιν,</span> <span class='ocrx_word' id='word_1_41' title='bbox 555 298 609 324; x_wconf 80' lang='grc' dir='ltr'>εἴτε</span> <span class='ocrx_word' id='word_1_42' title='bbox 625 299 766 334; x_wconf 76' lang='grc' dir='ltr'><strong>γραφέως,</strong></span> <span class='ocrx_word' id='word_1_43' title='bbox 784 300 829 325; x_wconf 69' lang='grc' dir='ltr'><strong>καὶ</strong></span> <span class='ocrx_word' id='word_1_44' title='bbox 854 298 932 324; x_wconf 80' lang='grc' dir='ltr'>τοῦτο</span> 
     </span>
    </p>
   </div>
   <div class='ocr_carea' id='block_1_9' title="bbox 145 343 931 381">
    <p class='ocr_par' dir='ltr' id='par_1_9' title="bbox 145 343 931 381">
     <span class='ocr_line' id='line_1_9' title="bbox 145 343 931 381; baseline 0 -12"><span class='ocrx_word' id='word_1_45' title='bbox 145 344 189 375; x_wconf 85' lang='grc' dir='ltr'><strong>εἰς</strong></span> <span class='ocrx_word' id='word_1_46' title='bbox 211 343 297 370; x_wconf 77' lang='grc' dir='ltr'>κοινὸν</span> <span class='ocrx_word' id='word_1_47' title='bbox 323 343 455 370; x_wconf 80' lang='grc' dir='ltr'>ἐκκείσθω</span> <span class='ocrx_word' id='word_1_48' title='bbox 486 346 605 371; x_wconf 78' lang='grc' dir='ltr'>σκοπεῖν.</span> <span class='ocrx_word' id='word_1_49' title='bbox 641 344 812 381; x_wconf 77' lang='grc' dir='ltr'>Ἀπαρτίζειν</span> <span class='ocrx_word' id='word_1_50' title='bbox 841 344 863 371; x_wconf 69' lang='grc' dir='ltr'><strong>δ’</strong></span> <span class='ocrx_word' id='word_1_51' title='bbox 889 344 931 370; x_wconf 81' lang='grc' dir='ltr'><strong>ἀεὶ</strong></span> 
     </span>
    </p>
   </div>
   <div class='ocr_carea' id='block_1_10' title="bbox 145 389 932 426">
    <p class='ocr_par' dir='ltr' id='par_1_10' title="bbox 145 389 932 426">
     <span class='ocr_line' id='line_1_10' title="bbox 145 389 932 426; baseline 0.001 -11"><span class='ocrx_word' id='word_1_52' title='bbox 145 390 211 421; x_wconf 66' lang='grc' dir='ltr'>τοὺς</span> <span class='ocrx_word' id='word_1_53' title='bbox 227 389 279 416; x_wconf 81' lang='grc' dir='ltr'>τῶν</span> <span class='ocrx_word' id='word_1_54' title='bbox 301 389 449 425; x_wconf 71' lang='grc' dir='ltr'>Ἀθηναίων</span> <span class='ocrx_word' id='word_1_55' title='bbox 470 391 557 425; x_wconf 79' lang='grc' dir='ltr'>μῆνας</span> <span class='ocrx_word' id='word_1_56' title='bbox 581 392 636 423; x_wconf 84' lang='grc' dir='ltr'>τοῖς</span> <span class='ocrx_word' id='word_1_57' title='bbox 655 391 708 417; x_wconf 79' lang='grc' dir='ltr'>τῶν</span> <span class='ocrx_word' id='word_1_58' title='bbox 729 390 869 426; x_wconf 85' lang='grc' dir='ltr'>Ῥωμαίων</span> <span class='ocrx_word' id='word_1_59' title='bbox 890 391 932 424; x_wconf 81' lang='grc' dir='ltr'><strong>δη-</strong></span> 
     </span>
    </p>
   </div>
   <div class='ocr_carea' id='block_1_11' title="bbox 145 432 931 471">
    <p class='ocr_par' dir='ltr' id='par_1_11' title="bbox 145 432 931 471">
     <span class='ocr_line' id='line_1_11' title="bbox 145 432 931 471; baseline 0 -11"><span class='ocrx_word' id='word_1_60' title='bbox 145 434 235 461; x_wconf 83' lang='grc' dir='ltr'>λονότι</span> <span class='ocrx_word' id='word_1_61' title='bbox 255 434 304 460; x_wconf 76' lang='grc' dir='ltr'><strong>οὐκ</strong></span> <span class='ocrx_word' id='word_1_62' title='bbox 321 434 355 460; x_wconf 86' lang='grc' dir='ltr'>ἂν</span> <span class='ocrx_word' id='word_1_63' title='bbox 371 433 424 469; x_wconf 87' lang='grc' dir='ltr'><strong>εἰή.</strong></span> <span class='ocrx_word' id='word_1_64' title='bbox 449 435 690 471; x_wconf 76' lang='grc' dir='ltr'>Ἐπαμφοτερίζειν</span> <span class='ocrx_word' id='word_1_65' title='bbox 706 432 758 471; x_wconf 66' lang='grc' dir='ltr'>οὖν</span> <span class='ocrx_word' id='word_1_66' title='bbox 774 443 800 460; x_wconf 86' lang='grc' dir='ltr'><strong>τι</strong></span> <span class='ocrx_word' id='word_1_67' title='bbox 816 434 931 469; x_wconf 64' lang='grc' dir='ltr'>συμϐαίη</span> 
     </span>
    </p>
   </div>
   <div class='ocr_carea' id='block_1_12' title="bbox 146 477 930 514">
    <p class='ocr_par' dir='ltr' id='par_1_12' title="bbox 146 477 930 514">
     <span class='ocr_line' id='line_1_12' title="bbox 146 477 930 514; baseline -0.001 -9"><span class='ocrx_word' id='word_1_68' title='bbox 146 488 201 507; x_wconf 86' lang='grc' dir='ltr'>νει.</span> <span class='ocrx_word' id='word_1_69' title='bbox 214 477 285 510; x_wconf 76' lang='grc' dir='ltr'>Οἴου,</span> <span class='ocrx_word' id='word_1_70' title='bbox 298 479 365 514; x_wconf 77' lang='grc' dir='ltr'>φέρε</span> <span class='ocrx_word' id='word_1_71' title='bbox 380 480 476 511; x_wconf 82' lang='grc' dir='ltr'>εἰπεῖν,</span> <span class='ocrx_word' id='word_1_72' title='bbox 495 479 698 514; x_wconf 71' lang='grc' dir='ltr'>Ἐκατομϐαιὼν</span> <span class='ocrx_word' id='word_1_73' title='bbox 712 479 741 504; x_wconf 76' lang='grc' dir='ltr'>τὸ</span> <span class='ocrx_word' id='word_1_74' title='bbox 758 479 805 514; x_wconf 76' lang='grc' dir='ltr'>μὲν</span> <span class='ocrx_word' id='word_1_75' title='bbox 824 478 930 505; x_wconf 78' lang='grc' dir='ltr'>Ἰουνίου</span> 
     </span>
    </p>
   </div>
   <div class='ocr_carea' id='block_1_13' title="bbox 145 524 932 560">
    <p class='ocr_par' dir='ltr' id='par_1_13' title="bbox 145 524 932 560">
     <span class='ocr_line' id='line_1_13' title="bbox 145 524 932 560; baseline -0.001 -8"><span class='ocrx_word' id='word_1_76' title='bbox 145 525 344 560; x_wconf 73' lang='grc' dir='ltr'>ἐπιλαμϐάνει,</span> <span class='ocrx_word' id='word_1_77' title='bbox 365 526 395 551; x_wconf 67' lang='grc' dir='ltr'>τὸ</span> <span class='ocrx_word' id='word_1_78' title='bbox 419 526 447 552; x_wconf 76' lang='grc' dir='ltr'><strong>δὲ</strong></span> <span class='ocrx_word' id='word_1_79' title='bbox 464 526 587 553; x_wconf 79' lang='grc' dir='ltr'>Ἰουλίου·</span> <span class='ocrx_word' id='word_1_80' title='bbox 611 526 657 553; x_wconf 71' lang='grc' dir='ltr'>καὶ</span> <span class='ocrx_word' id='word_1_81' title='bbox 678 524 878 559; x_wconf 83' lang='grc' dir='ltr'>Μεταγειτνιὼν</span> <span class='ocrx_word' id='word_1_82' title='bbox 903 525 932 551; x_wconf 85' lang='grc' dir='ltr'>τὸ</span> 
     </span>
    </p>
   </div>
   <div class='ocr_carea' id='block_1_14' title="bbox 146 570 933 607">
    <p class='ocr_par' dir='ltr' id='par_1_14' title="bbox 146 570 933 607">
     <span class='ocr_line' id='line_1_14' title="bbox 146 570 933 607; baseline -0.003 -9"><span class='ocrx_word' id='word_1_83' title='bbox 146 572 199 607; x_wconf 85' lang='grc' dir='ltr'>μὲν</span> <span class='ocrx_word' id='word_1_84' title='bbox 222 571 342 603; x_wconf 83' lang='grc' dir='ltr'>Ἰουλίου,</span> <span class='ocrx_word' id='word_1_85' title='bbox 358 571 388 598; x_wconf 78' lang='grc' dir='ltr'>τὸ</span> <span class='ocrx_word' id='word_1_86' title='bbox 412 571 434 598; x_wconf 86' lang='grc' dir='ltr'><strong>δ’</strong></span> <span class='ocrx_word' id='word_1_87' title='bbox 457 572 624 606; x_wconf 76' lang='grc' dir='ltr'>Αὐγούστου·</span> <span class='ocrx_word' id='word_1_88' title='bbox 645 572 691 598; x_wconf 74' lang='grc' dir='ltr'>καὶ</span> <span class='ocrx_word' id='word_1_89' title='bbox 713 570 884 607; x_wconf 71' lang='grc' dir='ltr'><strong>Βοηδρομιὼν</strong></span> <span class='ocrx_word' id='word_1_90' title='bbox 903 571 933 597; x_wconf 76' lang='grc' dir='ltr'>τὸ</span> 
     </span>
    </p>
   </div>
   <div class='ocr_carea' id='block_1_15' title="bbox 147 616 932 653">
    <p class='ocr_par' dir='ltr' id='par_1_15' title="bbox 147 616 932 653">
     <span class='ocr_line' id='line_1_15' title="bbox 147 616 932 653; baseline 0.001 -11"><span class='ocrx_word' id='word_1_91' title='bbox 147 617 200 652; x_wconf 78' lang='grc' dir='ltr'>μὲν</span> <span class='ocrx_word' id='word_1_92' title='bbox 212 616 375 650; x_wconf 72' lang='grc' dir='ltr'><strong>Αὐγούστου,</strong></span> <span class='ocrx_word' id='word_1_93' title='bbox 387 616 416 643; x_wconf 79' lang='grc' dir='ltr'>τὸ</span> <span class='ocrx_word' id='word_1_94' title='bbox 434 617 461 643; x_wconf 79' lang='grc' dir='ltr'><strong>δὲ</strong></span> <span class='ocrx_word' id='word_1_95' title='bbox 478 618 672 653; x_wconf 78' lang='grc' dir='ltr'>Σεπτέμϐριος.</span> <span class='ocrx_word' id='word_1_96' title='bbox 696 618 830 648; x_wconf 76' lang='grc' dir='ltr'><strong>Ὡσαύτως</strong></span> <span class='ocrx_word' id='word_1_97' title='bbox 842 617 869 644; x_wconf 79' lang='grc' dir='ltr'><strong>δὲ</strong></span> <span class='ocrx_word' id='word_1_98' title='bbox 885 617 932 644; x_wconf 75' lang='grc' dir='ltr'><strong>καὶ</strong></span> 
     </span>
    </p>
   </div>
   <div class='ocr_carea' id='block_1_16' title="bbox 147 661 931 697">
    <p class='ocr_par' dir='ltr' id='par_1_16' title="bbox 147 661 931 697">
     <span class='ocr_line' id='line_1_16' title="bbox 147 661 931 697; baseline 0.001 -10"><span class='ocrx_word' id='word_1_99' title='bbox 147 662 175 687; x_wconf 79' lang='grc' dir='ltr'>οἱ</span> <span class='ocrx_word' id='word_1_100' title='bbox 202 661 290 687; x_wconf 82' lang='grc' dir='ltr'>λοιποὶ</span> <span class='ocrx_word' id='word_1_101' title='bbox 310 661 408 693; x_wconf 84' lang='grc' dir='ltr'>πάντες</span> <span class='ocrx_word' id='word_1_102' title='bbox 428 662 592 697; x_wconf 74' lang='grc' dir='ltr'>ἀμφιλαφεῖς</span> <span class='ocrx_word' id='word_1_103' title='bbox 617 664 668 689; x_wconf 80' lang='grc' dir='ltr'>εἰσι</span> <span class='ocrx_word' id='word_1_104' title='bbox 694 663 728 689; x_wconf 74' lang='grc' dir='ltr'><strong>τὰ</strong></span> <span class='ocrx_word' id='word_1_105' title='bbox 751 662 847 689; x_wconf 73' lang='grc' dir='ltr'>πολλά·</span> <span class='ocrx_word' id='word_1_106' title='bbox 871 662 931 688; x_wconf 76' lang='grc' dir='ltr'>ἐπεὶ</span> 
     </span>
    </p>
   </div>
   <div class='ocr_carea' id='block_1_17' title="bbox 145 706 932 744">
    <p class='ocr_par' dir='ltr' id='par_1_17' title="bbox 145 706 932 744">
     <span class='ocr_line' id='line_1_17' title="bbox 145 706 932 744; baseline 0.001 -11"><span class='ocrx_word' id='word_1_107' title='bbox 145 707 235 734; x_wconf 72' lang='grc' dir='ltr'>ἐνίοτέ</span> <span class='ocrx_word' id='word_1_108' title='bbox 254 715 286 741; x_wconf 86' lang='grc' dir='ltr'><strong>γε</strong></span> <span class='ocrx_word' id='word_1_109' title='bbox 310 708 355 734; x_wconf 72' lang='grc' dir='ltr'>καὶ</span> <span class='ocrx_word' id='word_1_110' title='bbox 380 707 481 740; x_wconf 77' lang='grc' dir='ltr'>ἰσάζειν</span> <span class='ocrx_word' id='word_1_111' title='bbox 514 708 668 744; x_wconf 77' lang='grc' dir='ltr'>συμϐαίνει·</span> <span class='ocrx_word' id='word_1_112' title='bbox 699 706 754 735; x_wconf 81' lang='grc' dir='ltr'>οἷον</span> <span class='ocrx_word' id='word_1_113' title='bbox 779 709 824 734; x_wconf 72' lang='grc' dir='ltr'>καὶ</span> <span class='ocrx_word' id='word_1_114' title='bbox 852 708 932 742; x_wconf 79' lang='grc' dir='ltr'>τῆτες</span> 
     </span>
    </p>
   </div>
   <div class='ocr_carea' id='block_1_18' title="bbox 147 752 930 790">
    <p class='ocr_par' dir='ltr' id='par_1_18' title="bbox 147 752 930 790">
     <span class='ocr_line' id='line_1_18' title="bbox 147 752 930 790; baseline 0.003 -12"><span class='ocrx_word' id='word_1_115' title='bbox 147 752 317 788; x_wconf 75' lang='grc' dir='ltr'>συμϐέϐηκε,</span> <span class='ocrx_word' id='word_1_116' title='bbox 330 754 477 789; x_wconf 80' lang='grc' dir='ltr'>νουμηνίαν</span> <span class='ocrx_word' id='word_1_117' title='bbox 494 754 550 788; x_wconf 77' lang='grc' dir='ltr'>ἅμα</span> <span class='ocrx_word' id='word_1_118' title='bbox 568 754 703 790; x_wconf 78' lang='grc' dir='ltr'>’Δπρίλιος</span> <span class='ocrx_word' id='word_1_119' title='bbox 715 754 797 790; x_wconf 75' lang='grc' dir='ltr'>μηνὸς</span> <span class='ocrx_word' id='word_1_120' title='bbox 809 754 930 790; x_wconf 79' lang='grc' dir='ltr'>ἡλιακοῦ,</span> 
     </span>
    </p>
   </div>
   <div class='ocr_carea' id='block_1_19' title="bbox 145 797 931 834">
    <p class='ocr_par' dir='ltr' id='par_1_19' title="bbox 145 797 931 834">
     <span class='ocr_line' id='line_1_19' title="bbox 145 797 931 834; baseline 0.001 -11"><span class='ocrx_word' id='word_1_121' title='bbox 145 798 197 823; x_wconf 76' lang='grc' dir='ltr'>καὶ</span> <span class='ocrx_word' id='word_1_122' title='bbox 214 797 325 832; x_wconf 82' lang='grc' dir='ltr'><strong>σελήνης</strong></span> <span class='ocrx_word' id='word_1_123' title='bbox 338 798 423 832; x_wconf 82' lang='grc' dir='ltr'>ἄγειν.</span> <span class='ocrx_word' id='word_1_124' title='bbox 445 799 618 834; x_wconf 74' lang='grc' dir='ltr'>Ἐρμηνεύειν</span> <span class='ocrx_word' id='word_1_125' title='bbox 632 799 722 834; x_wconf 81' lang='grc' dir='ltr'>μέντοι</span> <span class='ocrx_word' id='word_1_126' title='bbox 739 798 830 830; x_wconf 75' lang='grc' dir='ltr'>ἁπλῶς</span> <span class='ocrx_word' id='word_1_127' title='bbox 844 798 931 833; x_wconf 81' lang='grc' dir='ltr'>χρεὼν</span> 
     </span>
    </p>
   </div>
   <div class='ocr_carea' id='block_1_20' title="bbox 144 841 929 880">
    <p class='ocr_par' dir='ltr' id='par_1_20' title="bbox 144 841 929 880">
     <span class='ocr_line' id='line_1_20' title="bbox 144 841 929 880; baseline 0.001 -11"><span class='ocrx_word' id='word_1_128' title='bbox 144 843 203 869; x_wconf 79' lang='grc' dir='ltr'>ἀπὸ</span> <span class='ocrx_word' id='word_1_129' title='bbox 216 843 261 870; x_wconf 77' lang='grc' dir='ltr'>τοῦ</span> <span class='ocrx_word' id='word_1_130' title='bbox 274 843 419 880; x_wconf 79' lang='grc' dir='ltr'>προτέρου·</span> <span class='ocrx_word' id='word_1_131' title='bbox 436 841 501 877; x_wconf 72' lang='grc' dir='ltr'>οἷον,</span> <span class='ocrx_word' id='word_1_132' title='bbox 513 844 664 878; x_wconf 75' lang='grc' dir='ltr'>Αὔγουστον</span> <span class='ocrx_word' id='word_1_133' title='bbox 675 845 719 870; x_wconf 77' lang='grc' dir='ltr'>τὸν</span> <span class='ocrx_word' id='word_1_134' title='bbox 731 844 929 880; x_wconf 50' lang='grc' dir='ltr'>Βοηδρομθῶνα,</span> 
     </span>
    </p>
   </div>
   <div class='ocr_carea' id='block_1_21' title="bbox 145 889 932 928">
    <p class='ocr_par' dir='ltr' id='par_1_21' title="bbox 145 889 932 928">
     <span class='ocr_line' id='line_1_21' title="bbox 145 889 932 928; baseline 0 -12"><span class='ocrx_word' id='word_1_135' title='bbox 145 890 217 916; x_wconf 77' lang='grc' dir='ltr'>ἀλλὰ</span> <span class='ocrx_word' id='word_1_136' title='bbox 232 890 268 925; x_wconf 85' lang='grc' dir='ltr'>μὴ</span> <span class='ocrx_word' id='word_1_137' title='bbox 290 890 483 926; x_wconf 77' lang='grc' dir='ltr'>Σεπτέμϐριον,</span> <span class='ocrx_word' id='word_1_138' title='bbox 511 891 553 917; x_wconf 82' lang='grc' dir='ltr'><strong>ἵνα</strong></span> <span class='ocrx_word' id='word_1_139' title='bbox 581 890 683 926; x_wconf 73' lang='grc' dir='ltr'>θερινὸς</span> <span class='ocrx_word' id='word_1_140' title='bbox 763 890 852 926; x_wconf 85' lang='grc' dir='ltr'>τρίτος</span> <span class='ocrx_word' id='word_1_141' title='bbox 878 890 932 924; x_wconf 77' lang='grc' dir='ltr'>γὰρ</span> 
     </span>
    </p>
   </div>
   <div class='ocr_carea' id='block_1_22' title="bbox 145 935 933 972">
    <p class='ocr_par' dir='ltr' id='par_1_22' title="bbox 145 935 933 972">
     <span class='ocr_line' id='line_1_22' title="bbox 145 935 933 972; baseline 0.001 -10"><span class='ocrx_word' id='word_1_142' title='bbox 145 935 203 962; x_wconf 77' lang='grc' dir='ltr'><strong>ἀπὸ</strong></span> <span class='ocrx_word' id='word_1_143' title='bbox 223 936 470 972; x_wconf 77' lang='grc' dir='ltr'>Ἐκατομϐαιῶνος-</span> <span class='ocrx_word' id='word_1_144' title='bbox 495 937 623 972; x_wconf 76' lang='grc' dir='ltr'>τροπικδς</span> <span class='ocrx_word' id='word_1_145' title='bbox 641 937 669 963; x_wconf 81' lang='grc' dir='ltr'><strong>δὲ</strong></span> <span class='ocrx_word' id='word_1_146' title='bbox 697 937 799 972; x_wconf 81' lang='grc' dir='ltr'>θερινὸς</span> <span class='ocrx_word' id='word_1_147' title='bbox 822 939 835 963; x_wconf 88' lang='grc' dir='ltr'>ὁ</span> <span class='ocrx_word' id='word_1_148' title='bbox 855 938 933 963; x_wconf 79' lang='grc' dir='ltr'>Ἐκα-</span> 
     </span>
    </p>
   </div>
   <div class='ocr_carea' id='block_1_23' title="bbox 145 981 932 1018">
    <p class='ocr_par' dir='ltr' id='par_1_23' title="bbox 145 981 932 1018">
     <span class='ocr_line' id='line_1_23' title="bbox 145 981 932 1018; baseline 0.001 -10"><span class='ocrx_word' id='word_1_149' title='bbox 145 981 296 1016; x_wconf 75' lang='grc' dir='ltr'>τομϐαιὼν,</span> <span class='ocrx_word' id='word_1_150' title='bbox 309 981 346 1013; x_wconf 80' lang='grc' dir='ltr'>ὡς</span> <span class='ocrx_word' id='word_1_151' title='bbox 366 982 533 1017; x_wconf 72' lang='grc' dir='ltr'>δεδειγμένον</span> <span class='ocrx_word' id='word_1_152' title='bbox 551 982 618 1009; x_wconf 79' lang='grc' dir='ltr'>ἐστί.</span> <span class='ocrx_word' id='word_1_153' title='bbox 643 983 754 1018; x_wconf 86' lang='grc' dir='ltr'>Γαληνῷ</span> <span class='ocrx_word' id='word_1_154' title='bbox 771 983 799 1009; x_wconf 78' lang='grc' dir='ltr'><strong>δὲ</strong></span> <span class='ocrx_word' id='word_1_155' title='bbox 811 983 932 1017; x_wconf 62' lang='grc' dir='ltr'>διέφερεν</span> 
     </span>
    </p>
   </div>
   <div class='ocr_carea' id='block_1_24' title="bbox 146 1026 932 1063">
    <p class='ocr_par' dir='ltr' id='par_1_24' title="bbox 146 1026 932 1063">
     <span class='ocr_line' id='line_1_24' title="bbox 146 1026 932 1063; baseline 0.001 -10"><span class='ocrx_word' id='word_1_156' title='bbox 146 1027 226 1053; x_wconf 72' lang='grc' dir='ltr'>οὐθὲν</span> <span class='ocrx_word' id='word_1_157' title='bbox 238 1026 304 1061; x_wconf 76' lang='grc' dir='ltr'>πρός</span> <span class='ocrx_word' id='word_1_158' title='bbox 315 1035 346 1061; x_wconf 83' lang='grc' dir='ltr'><strong>γε</strong></span> <span class='ocrx_word' id='word_1_159' title='bbox 361 1026 389 1053; x_wconf 84' lang='grc' dir='ltr'><strong>τὺ</strong></span> <span class='ocrx_word' id='word_1_160' title='bbox 402 1026 450 1061; x_wconf 76' lang='grc' dir='ltr'>τῆς</span> <span class='ocrx_word' id='word_1_161' title='bbox 463 1027 559 1062; x_wconf 74' lang='grc' dir='ltr'>ἐλάτης</span> <span class='ocrx_word' id='word_1_162' title='bbox 575 1028 682 1063; x_wconf 81' lang='grc' dir='ltr'>σπέρμα</span> <span class='ocrx_word' id='word_1_163' title='bbox 693 1028 738 1055; x_wconf 82' lang='grc' dir='ltr'>καὶ</span> <span class='ocrx_word' id='word_1_164' title='bbox 749 1027 796 1063; x_wconf 84' lang='grc' dir='ltr'>τὴν</span> <span class='ocrx_word' id='word_1_165' title='bbox 810 1027 932 1054; x_wconf 80' lang='grc' dir='ltr'>σύνθεσιν</span> 
     </span>
    </p>
   </div>
   <div class='ocr_carea' id='block_1_25' title="bbox 145 1072 931 1110">
    <p class='ocr_par' dir='ltr' id='par_1_25' title="bbox 145 1072 931 1110">
     <span class='ocr_line' id='line_1_25' title="bbox 145 1072 931 1110; baseline 0.004 -12"><span class='ocrx_word' id='word_1_166' title='bbox 145 1072 198 1099; x_wconf 81' lang='grc' dir='ltr'>τοῦ</span> <span class='ocrx_word' id='word_1_167' title='bbox 223 1073 334 1104; x_wconf 81' lang='grc' dir='ltr'><strong>ἀκόπου,</strong></span> <span class='ocrx_word' id='word_1_168' title='bbox 359 1072 407 1099; x_wconf 77' lang='grc' dir='ltr'>εἴτ’</span> <span class='ocrx_word' id='word_1_169' title='bbox 434 1073 487 1099; x_wconf 70' lang='grc' dir='ltr'><strong>ἀπὸ</strong></span> <span class='ocrx_word' id='word_1_170' title='bbox 510 1073 556 1100; x_wconf 80' lang='grc' dir='ltr'>τοῦ</span> <span class='ocrx_word' id='word_1_171' title='bbox 583 1074 714 1109; x_wconf 78' lang='grc' dir='ltr'>ἑπομένου</span> <span class='ocrx_word' id='word_1_172' title='bbox 737 1074 931 1110; x_wconf 75' lang='grc' dir='ltr'>Σεπτέμϐριος,</span> 
     </span>
    </p>
   </div>
   <div class='ocr_carea' id='block_1_26' title="bbox 146 1117 932 1154">
    <p class='ocr_par' dir='ltr' id='par_1_26' title="bbox 146 1117 932 1154">
     <span class='ocr_line' id='line_1_26' title="bbox 146 1117 932 1154; baseline 0.004 -11"><span class='ocrx_word' id='word_1_173' title='bbox 146 1117 199 1144; x_wconf 74' lang='grc' dir='ltr'>εἴτ’</span> <span class='ocrx_word' id='word_1_174' title='bbox 212 1118 265 1144; x_wconf 79' lang='grc' dir='ltr'><strong>ἀπὸ</strong></span> <span class='ocrx_word' id='word_1_175' title='bbox 276 1118 321 1144; x_wconf 80' lang='grc' dir='ltr'><strong>τοῦ</strong></span> <span class='ocrx_word' id='word_1_176' title='bbox 335 1118 485 1153; x_wconf 77' lang='grc' dir='ltr'>ἡγουμένου</span> <span class='ocrx_word' id='word_1_177' title='bbox 501 1118 652 1153; x_wconf 73' lang='grc' dir='ltr'>Αὔγουστος</span> <span class='ocrx_word' id='word_1_178' title='bbox 663 1119 838 1154; x_wconf 79' lang='grc' dir='ltr'>ἐρμηνεὺοιτο</span> <span class='ocrx_word' id='word_1_179' title='bbox 852 1121 865 1146; x_wconf 83' lang='grc' dir='ltr'>ὁ</span> <span class='ocrx_word' id='word_1_180' title='bbox 879 1119 932 1146; x_wconf 81' lang='grc' dir='ltr'>τῶν</span> 
     </span>
    </p>
   </div>
   <div class='ocr_carea' id='block_1_27' title="bbox 148 1164 932 1202">
    <p class='ocr_par' dir='ltr' id='par_1_27' title="bbox 148 1164 932 1202">
     <span class='ocr_line' id='line_1_27' title="bbox 148 1164 932 1202; baseline 0.003 -12"><span class='ocrx_word' id='word_1_181' title='bbox 148 1164 307 1200; x_wconf 77' lang='grc' dir='ltr'>μυστηρίων</span> <span class='ocrx_word' id='word_1_182' title='bbox 328 1165 398 1200; x_wconf 80' lang='grc' dir='ltr'>μήν’</span> <span class='ocrx_word' id='word_1_183' title='bbox 418 1165 503 1196; x_wconf 79' lang='grc' dir='ltr'>ἄλλως</span> <span class='ocrx_word' id='word_1_184' title='bbox 524 1173 554 1191; x_wconf 85' lang='grc' dir='ltr'><strong>τε</strong></span> <span class='ocrx_word' id='word_1_185' title='bbox 578 1165 624 1192; x_wconf 73' lang='grc' dir='ltr'>καὶ</span> <span class='ocrx_word' id='word_1_186' title='bbox 642 1165 695 1192; x_wconf 79' lang='grc' dir='ltr'>τῶν</span> <span class='ocrx_word' id='word_1_187' title='bbox 719 1166 882 1202; x_wconf 82' lang='grc' dir='ltr'>ἰσημερινῶν</span> <span class='ocrx_word' id='word_1_188' title='bbox 902 1174 932 1192; x_wconf 82' lang='grc' dir='ltr'><strong>τε</strong></span> 
     </span>
    </p>
   </div>
   <div class='ocr_carea' id='block_1_28' title="bbox 147 1210 932 1247">
    <p class='ocr_par' dir='ltr' id='par_1_28' title="bbox 147 1210 932 1247">
     <span class='ocr_line' id='line_1_28' title="bbox 147 1210 932 1247; baseline 0.003 -11"><span class='ocrx_word' id='word_1_189' title='bbox 147 1210 198 1236; x_wconf 76' lang='grc' dir='ltr'><strong>καὶ</strong></span> <span class='ocrx_word' id='word_1_190' title='bbox 212 1210 319 1245; x_wconf 83' lang='grc' dir='ltr'>τροπῶν</span> <span class='ocrx_word' id='word_1_191' title='bbox 338 1210 400 1246; x_wconf 82' lang='grc' dir='ltr'>περί</span> <span class='ocrx_word' id='word_1_192' title='bbox 416 1219 465 1237; x_wconf 70' lang='grc' dir='ltr'>που</span> <span class='ocrx_word' id='word_1_193' title='bbox 488 1210 611 1246; x_wconf 78' lang='grc' dir='ltr'>εἰκοστὴν</span> <span class='ocrx_word' id='word_1_194' title='bbox 631 1211 762 1246; x_wconf 74' lang='grc' dir='ltr'>τετάρτην</span> <span class='ocrx_word' id='word_1_195' title='bbox 778 1211 823 1237; x_wconf 76' lang='grc' dir='ltr'>τοῦ</span> <span class='ocrx_word' id='word_1_196' title='bbox 850 1211 932 1247; x_wconf 77' lang='grc' dir='ltr'>μηνὸς</span> 
     </span>
    </p>
   </div>
   <div class='ocr_carea' id='block_1_29' title="bbox 144 1253 932 1291">
    <p class='ocr_par' dir='ltr' id='par_1_29' title="bbox 144 1253 932 1291">
     <span class='ocr_line' id='line_1_29' title="bbox 144 1253 932 1291; baseline 0.004 -12"><span class='ocrx_word' id='word_1_197' title='bbox 144 1253 274 1289; x_wconf 78' lang='grc' dir='ltr'>ἡμέραν,</span> <span class='ocrx_word' id='word_1_198' title='bbox 298 1254 335 1285; x_wconf 82' lang='grc' dir='ltr'>ὡς</span> <span class='ocrx_word' id='word_1_199' title='bbox 353 1255 481 1289; x_wconf 81' lang='grc' dir='ltr'>Ῥωμαῖοι</span> <span class='ocrx_word' id='word_1_200' title='bbox 511 1256 616 1289; x_wconf 81' lang='grc' dir='ltr'>ἄγουσι,</span> <span class='ocrx_word' id='word_1_201' title='bbox 647 1255 855 1291; x_wconf 74' lang='grc' dir='ltr'>λαμϐανομένων</span> <span class='ocrx_word' id='word_1_202' title='bbox 877 1257 932 1287; x_wconf 78' lang='grc' dir='ltr'>τοῖς</span> 
     </span>
    </p>
   </div>
   <div class='ocr_carea' id='block_1_30' title="bbox 145 1297 931 1337">
    <p class='ocr_par' dir='ltr' id='par_1_30' title="bbox 145 1297 931 1337">
     <span class='ocr_line' id='line_1_30' title="bbox 145 1297 931 1337; baseline 0.005 -12"><span class='ocrx_word' id='word_1_203' title='bbox 145 1300 210 1326; x_wconf 74' lang='grc' dir='ltr'>τότε</span> <span class='ocrx_word' id='word_1_204' title='bbox 228 1297 302 1326; x_wconf 75' lang='grc' dir='ltr'>οὖσιν</span> <span class='ocrx_word' id='word_1_205' title='bbox 316 1300 484 1335; x_wconf 81' lang='grc' dir='ltr'>ἀνθρώποις·</span> <span class='ocrx_word' id='word_1_206' title='bbox 500 1302 547 1327; x_wconf 82' lang='grc' dir='ltr'>καὶ</span> <span class='ocrx_word' id='word_1_207' title='bbox 560 1301 670 1337; x_wconf 81' lang='grc' dir='ltr'>προσέτι</span> <span class='ocrx_word' id='word_1_208' title='bbox 691 1302 845 1337; x_wconf 79' lang='grc' dir='ltr'>ἰσημερινοῦ</span> <span class='ocrx_word' id='word_1_209' title='bbox 859 1311 931 1336; x_wconf 84' lang='grc' dir='ltr'>γινο-</span> 
     </span>
    </p>
   </div>
   <div class='ocr_carea' id='block_1_31' title="bbox 148 1347 932 1382">
    <p class='ocr_par' dir='ltr' id='par_1_31' title="bbox 148 1347 932 1382">
     <span class='ocr_line' id='line_1_31' title="bbox 148 1347 932 1382; baseline 0.003 -10"><span class='ocrx_word' id='word_1_210' title='bbox 148 1347 232 1381; x_wconf 83' lang='grc' dir='ltr'>μένου</span> <span class='ocrx_word' id='word_1_211' title='bbox 248 1347 311 1373; x_wconf 77' lang='grc' dir='ltr'>ποτὲ</span> <span class='ocrx_word' id='word_1_212' title='bbox 332 1347 378 1373; x_wconf 71' lang='grc' dir='ltr'>καὶ</span> <span class='ocrx_word' id='word_1_213' title='bbox 398 1347 444 1372; x_wconf 86' lang='grc' dir='ltr'>τοῦ</span> <span class='ocrx_word' id='word_1_214' title='bbox 463 1347 678 1382; x_wconf 81' lang='grc' dir='ltr'>Βοηδρομιῶνος,</span> <span class='ocrx_word' id='word_1_215' title='bbox 700 1348 809 1374; x_wconf 75' lang='grc' dir='ltr'>ἐπειδὰν</span> <span class='ocrx_word' id='word_1_216' title='bbox 826 1348 932 1379; x_wconf 80' lang='grc' dir='ltr'>πλείους</span> 
     </span>
    </p>
   </div>
   <div class='ocr_carea' id='block_1_32' title="bbox 146 1389 932 1430">
    <p class='ocr_par' dir='ltr' id='par_1_32' title="bbox 146 1389 932 1430">
     <span class='ocr_line' id='line_1_32' title="bbox 146 1389 932 1430; baseline 0.003 -12"><span class='ocrx_word' id='word_1_217' title='bbox 146 1389 217 1419; x_wconf 77' lang='grc' dir='ltr'>ὦσιν</span> <span class='ocrx_word' id='word_1_218' title='bbox 228 1393 254 1418; x_wconf 87' lang='grc' dir='ltr'>αἱ</span> <span class='ocrx_word' id='word_1_219' title='bbox 267 1393 334 1427; x_wconf 74' lang='grc' dir='ltr'>μετὰ</span> <span class='ocrx_word' id='word_1_220' title='bbox 348 1393 394 1427; x_wconf 79' lang='grc' dir='ltr'>τὴν</span> <span class='ocrx_word' id='word_1_221' title='bbox 410 1393 511 1428; x_wconf 84' lang='grc' dir='ltr'>τροπὴν</span> <span class='ocrx_word' id='word_1_222' title='bbox 531 1394 654 1428; x_wconf 77' lang='grc' dir='ltr'>περιτταὶ</span> <span class='ocrx_word' id='word_1_223' title='bbox 675 1394 788 1429; x_wconf 81' lang='grc' dir='ltr'>ἡμέραι.</span> <span class='ocrx_word' id='word_1_224' title='bbox 806 1394 885 1420; x_wconf 88' lang='grc' dir='ltr'>’ΌΟεν</span> <span class='ocrx_word' id='word_1_225' title='bbox 901 1394 932 1430; x_wconf 83' lang='grc' dir='ltr'><strong>δὴ</strong></span> 
     </span>
    </p>
   </div>
   <div class='ocr_carea' id='block_1_33' title="bbox 148 1438 933 1476">
    <p class='ocr_par' dir='ltr' id='par_1_33' title="bbox 148 1438 933 1476">
     <span class='ocr_line' id='line_1_33' title="bbox 148 1438 933 1476; baseline 0.003 -12"><span class='ocrx_word' id='word_1_226' title='bbox 148 1438 198 1465; x_wconf 70' lang='grc' dir='ltr'><strong>καὶ</strong></span> <span class='ocrx_word' id='word_1_227' title='bbox 224 1438 418 1474; x_wconf 76' lang='grc' dir='ltr'>Ἀριστοτέλης,</span> <span class='ocrx_word' id='word_1_228' title='bbox 441 1448 450 1463; x_wconf 73' lang='grc' dir='ltr'><strong>ι</strong></span> <span class='ocrx_word' id='word_1_229' title='bbox 469 1439 526 1473; x_wconf 85' lang='grc' dir='ltr'>μετ’</span> <span class='ocrx_word' id='word_1_230' title='bbox 550 1439 698 1474; x_wconf 73' lang='grc' dir='ltr'>ἀρκτοῦρον</span> <span class='ocrx_word' id='word_1_231' title='bbox 728 1439 791 1474; x_wconf 75' lang='grc' dir='ltr'>περὶ</span> <span class='ocrx_word' id='word_1_232' title='bbox 819 1440 933 1476; x_wconf 75' lang='grc' dir='ltr'>Βοηδρο-</span> 
     </span>
    </p>
   </div>
   <div class='ocr_carea' id='block_1_34' title="bbox 150 1482 933 1521">
    <p class='ocr_par' dir='ltr' id='par_1_34' title="bbox 150 1482 933 1521">
     <span class='ocr_line' id='line_1_34' title="bbox 150 1482 933 1521; baseline 0.004 -13"><span class='ocrx_word' id='word_1_233' title='bbox 150 1482 251 1519; x_wconf 84' lang='grc' dir='ltr'>μιῶνα,</span> <span class='ocrx_word' id='word_1_234' title='bbox 269 1492 277 1508; x_wconf 85' lang='grc'><strong>›</strong></span> <span class='ocrx_word' id='word_1_235' title='bbox 292 1483 382 1518; x_wconf 68' lang='grc' dir='ltr'>φησὶν,</span> <span class='ocrx_word' id='word_1_236' title='bbox 401 1483 493 1519; x_wconf 79' lang='grc' dir='ltr'>ὥσπερ</span> <span class='ocrx_word' id='word_1_237' title='bbox 513 1482 545 1510; x_wconf 72' lang='grc' dir='ltr'>αὖ</span> <span class='ocrx_word' id='word_1_238' title='bbox 566 1484 707 1518; x_wconf 79' lang='grc' dir='ltr'>ἀνάπαλιν,</span> <span class='ocrx_word' id='word_1_239' title='bbox 733 1485 796 1520; x_wconf 71' lang='grc' dir='ltr'>περὶ</span> <span class='ocrx_word' id='word_1_240' title='bbox 818 1485 933 1521; x_wconf 74' lang='grc' dir='ltr'>λήγοντα</span> 
     </span>
    </p>
   </div>
   <div class='ocr_carea' id='block_1_35' title="bbox 149 1529 934 1566">
    <p class='ocr_par' dir='ltr' id='par_1_35' title="bbox 149 1529 934 1566">
     <span class='ocr_line' id='line_1_35' title="bbox 149 1529 934 1566; baseline 0.004 -12"><span class='ocrx_word' id='word_1_241' title='bbox 149 1537 204 1554; x_wconf 78' lang='grc' dir='ltr'>που</span> <span class='ocrx_word' id='word_1_242' title='bbox 220 1529 264 1555; x_wconf 73' lang='grc' dir='ltr'><strong>τὸν</strong></span> <span class='ocrx_word' id='word_1_243' title='bbox 280 1529 503 1564; x_wconf 78' lang='grc' dir='ltr'>Ἑκατομϐαιῶνα</span> <span class='ocrx_word' id='word_1_244' title='bbox 519 1530 567 1565; x_wconf 82' lang='grc' dir='ltr'>τῆς</span> <span class='ocrx_word' id='word_1_245' title='bbox 579 1530 679 1566; x_wconf 73' lang='grc' dir='ltr'>τροπῆς</span> <span class='ocrx_word' id='word_1_246' title='bbox 694 1531 851 1566; x_wconf 78' lang='grc' dir='ltr'>γενομένης,</span> <span class='ocrx_word' id='word_1_247' title='bbox 867 1539 934 1566; x_wconf 87' lang='grc' dir='ltr'>συμ-</span> 
     </span>
    </p>
   </div>
   <div class='ocr_carea' id='block_1_36' title="bbox 149 1574 933 1611">
    <p class='ocr_par' dir='ltr' id='par_1_36' title="bbox 149 1574 933 1611">
     <span class='ocr_line' id='line_1_36' title="bbox 149 1574 933 1611; baseline 0.003 -11"><span class='ocrx_word' id='word_1_248' title='bbox 149 1574 239 1600; x_wconf 80' lang='grc' dir='ltr'>6αίνει</span> <span class='ocrx_word' id='word_1_249' title='bbox 262 1575 364 1610; x_wconf 81' lang='grc' dir='ltr'>τρυγᾷν</span> <span class='ocrx_word' id='word_1_250' title='bbox 391 1575 438 1606; x_wconf 81' lang='grc' dir='ltr'>τὰς</span> <span class='ocrx_word' id='word_1_251' title='bbox 467 1575 603 1609; x_wconf 80' lang='grc' dir='ltr'>ἀμπέλους</span> <span class='ocrx_word' id='word_1_252' title='bbox 634 1575 697 1610; x_wconf 81' lang='grc' dir='ltr'>περὶ</span> <span class='ocrx_word' id='word_1_253' title='bbox 725 1576 865 1611; x_wconf 72' lang='grc' dir='ltr'>ἱστάμενον</span> <span class='ocrx_word' id='word_1_254' title='bbox 889 1577 933 1602; x_wconf 81' lang='grc' dir='ltr'>τὸν</span> 
     </span>
    </p>
   </div>
   <div class='ocr_carea' id='block_1_37' title="bbox 149 1619 933 1657">
    <p class='ocr_par' dir='ltr' id='par_1_37' title="bbox 149 1619 933 1657">
     <span class='ocr_line' id='line_1_37' title="bbox 149 1619 933 1657; baseline 0.004 -12"><span class='ocrx_word' id='word_1_255' title='bbox 149 1619 346 1655; x_wconf 65' lang='grc' dir='ltr'>Πυανεψιῶνα*</span> <span class='ocrx_word' id='word_1_256' title='bbox 368 1620 438 1646; x_wconf 77' lang='grc' dir='ltr'>καθὰ</span> <span class='ocrx_word' id='word_1_257' title='bbox 457 1620 626 1657; x_wconf 79' lang='grc' dir='ltr'>Πλούταρχος</span> <span class='ocrx_word' id='word_1_258' title='bbox 638 1622 810 1656; x_wconf 69' lang='grc' dir='ltr'>ἐπισημαίνει</span> <span class='ocrx_word' id='word_1_259' title='bbox 830 1621 933 1657; x_wconf 76' lang='grc' dir='ltr'>συμϐῆ-</span> 
     </span>
    </p>
   </div>
   <div class='ocr_carea' id='block_1_38' title="bbox 150 1664 933 1702">
    <p class='ocr_par' dir='ltr' id='par_1_38' title="bbox 150 1664 933 1702">
     <span class='ocr_line' id='line_1_38' title="bbox 150 1664 933 1702; baseline 0.004 -12"><span class='ocrx_word' id='word_1_260' title='bbox 150 1673 208 1695; x_wconf 70' lang='grc' dir='ltr'>ναι,</span> <span class='ocrx_word' id='word_1_261' title='bbox 229 1665 272 1690; x_wconf 82' lang='grc' dir='ltr'>ὅτε</span> <span class='ocrx_word' id='word_1_262' title='bbox 286 1664 388 1699; x_wconf 75' lang='grc' dir='ltr'>Θησεὺς</span> <span class='ocrx_word' id='word_1_263' title='bbox 407 1665 542 1700; x_wconf 78' lang='grc' dir='ltr'>ἐπανῆκεν</span> <span class='ocrx_word' id='word_1_264' title='bbox 561 1667 592 1692; x_wconf 80' lang='grc' dir='ltr'>ἐκ</span> <span class='ocrx_word' id='word_1_265' title='bbox 608 1667 727 1702; x_wconf 84' lang='grc' dir='ltr'>Κρήτης.</span> <span class='ocrx_word' id='word_1_266' title='bbox 752 1667 784 1693; x_wconf 77' lang='grc' dir='ltr'><strong><em>Ἠ</em></strong></span> <span class='ocrx_word' id='word_1_267' title='bbox 806 1666 933 1702; x_wconf 81' lang='grc' dir='ltr'>ἰσημερία</span> 
     </span>
    </p>
   </div>
   <div class='ocr_carea' id='block_1_39' title="bbox 151 1710 932 1748">
    <p class='ocr_par' dir='ltr' id='par_1_39' title="bbox 151 1710 932 1748">
     <span class='ocr_line' id='line_1_39' title="bbox 151 1710 932 1748; baseline 0.003 -12"><span class='ocrx_word' id='word_1_268' title='bbox 151 1710 246 1745; x_wconf 80' lang='grc' dir='ltr'>μέντοι</span> <span class='ocrx_word' id='word_1_269' title='bbox 267 1710 330 1745; x_wconf 78' lang='grc' dir='ltr'>περὶ</span> <span class='ocrx_word' id='word_1_270' title='bbox 351 1710 466 1746; x_wconf 80' lang='grc' dir='ltr'>λήγοντά</span> <span class='ocrx_word' id='word_1_271' title='bbox 487 1719 537 1737; x_wconf 83' lang='grc' dir='ltr'><strong>που</strong></span> <span class='ocrx_word' id='word_1_272' title='bbox 560 1711 605 1738; x_wconf 83' lang='grc' dir='ltr'><strong>τὸν</strong></span> <span class='ocrx_word' id='word_1_273' title='bbox 625 1712 860 1748; x_wconf 78' lang='grc' dir='ltr'>Μαιμακτηριῶνα</span> <span class='ocrx_word' id='word_1_274' title='bbox 881 1713 932 1738; x_wconf 82' lang='grc' dir='ltr'><strong>ὑπ-</strong></span> 
     </span>
    </p>
   </div>
   <div class='ocr_carea' id='block_1_40' title="bbox 149 1757 933 1795">
    <p class='ocr_par' dir='ltr' id='par_1_40' title="bbox 149 1757 933 1795">
     <span class='ocr_line' id='line_1_40' title="bbox 149 1757 933 1795; baseline 0.003 -11"><span class='ocrx_word' id='word_1_275' title='bbox 149 1758 230 1793; x_wconf 81' lang='grc' dir='ltr'>ῆρξε.</span> <span class='ocrx_word' id='word_1_276' title='bbox 245 1757 350 1784; x_wconf 83' lang='grc' dir='ltr'>Πλίνιον</span> <span class='ocrx_word' id='word_1_277' title='bbox 371 1758 399 1784; x_wconf 80' lang='grc' dir='ltr'><strong>δὲ</strong></span> <span class='ocrx_word' id='word_1_278' title='bbox 424 1759 536 1793; x_wconf 81' lang='grc' dir='ltr'>οἰητέον,</span> <span class='ocrx_word' id='word_1_279' title='bbox 559 1759 595 1794; x_wconf 83' lang='grc' dir='ltr'>μὴ</span> <span class='ocrx_word' id='word_1_280' title='bbox 615 1759 652 1791; x_wconf 82' lang='grc' dir='ltr'>ὡς</span> <span class='ocrx_word' id='word_1_281' title='bbox 672 1760 870 1795; x_wconf 81' lang='grc' dir='ltr'>Ἀριστοτέλους</span> <span class='ocrx_word' id='word_1_282' title='bbox 889 1760 933 1786; x_wconf 84' lang='grc' dir='ltr'>λέ-</span> 
     </span>
    </p>
   </div>
   <div class='ocr_carea' id='block_1_41' title="bbox 151 1801 932 1839">
    <p class='ocr_par' dir='ltr' id='par_1_41' title="bbox 151 1801 932 1839">
     <span class='ocr_line' id='line_1_41' title="bbox 151 1801 932 1839; baseline 0.004 -11"><span class='ocrx_word' id='word_1_283' title='bbox 151 1803 195 1836; x_wconf 85' lang='grc' dir='ltr'>ξιν</span> <span class='ocrx_word' id='word_1_284' title='bbox 221 1803 424 1838; x_wconf 78' lang='grc' dir='ltr'>μεταφέροντα,</span> <span class='ocrx_word' id='word_1_285' title='bbox 449 1801 498 1830; x_wconf 79' lang='grc' dir='ltr'><strong>ὦδε</strong></span> <span class='ocrx_word' id='word_1_286' title='bbox 526 1805 658 1831; x_wconf 80' lang='grc' dir='ltr'>ποιεῖσθαι</span> <span class='ocrx_word' id='word_1_287' title='bbox 685 1806 729 1832; x_wconf 74' lang='grc' dir='ltr'>τὸν</span> <span class='ocrx_word' id='word_1_288' title='bbox 762 1805 849 1839; x_wconf 88' lang='grc' dir='ltr'>λόγον,</span> <span class='ocrx_word' id='word_1_289' title='bbox 876 1805 932 1832; x_wconf 80' lang='grc' dir='ltr'>ἀλλ’</span> 
     </span>
    </p>
   </div>
   <div class='ocr_carea' id='block_1_42' title="bbox 153 1848 934 1885">
    <p class='ocr_par' dir='ltr' id='par_1_42' title="bbox 153 1848 934 1885">
     <span class='ocr_line' id='line_1_42' title="bbox 153 1848 934 1885; baseline 0.004 -11"><span class='ocrx_word' id='word_1_290' title='bbox 153 1849 224 1875; x_wconf 80' lang='grc' dir='ltr'>ἰδίαν</span> <span class='ocrx_word' id='word_1_291' title='bbox 242 1848 315 1884; x_wconf 74' lang='grc' dir='ltr'>αὐτῷ</span> <span class='ocrx_word' id='word_1_292' title='bbox 330 1848 406 1881; x_wconf 81' lang='grc' dir='ltr'>δόξαν</span> <span class='ocrx_word' id='word_1_293' title='bbox 426 1850 489 1885; x_wconf 80' lang='grc' dir='ltr'>περὶ</span> <span class='ocrx_word' id='word_1_294' title='bbox 510 1849 589 1876; x_wconf 81' lang='grc' dir='ltr'>τόκου</span> <span class='ocrx_word' id='word_1_295' title='bbox 605 1849 658 1876; x_wconf 85' lang='grc' dir='ltr'>τῶν</span> <span class='ocrx_word' id='word_1_296' title='bbox 678 1850 775 1885; x_wconf 79' lang='grc' dir='ltr'><strong>ἰχθύων</strong></span> <span class='ocrx_word' id='word_1_297' title='bbox 788 1851 934 1885; x_wconf 66' lang='grc' dir='ltr'>ἀποφαινό-</span> 
     </span>
    </p>
   </div>
   <div class='ocr_carea' id='block_1_43' title="bbox 152 1893 933 1931">
    <p class='ocr_par' dir='ltr' id='par_1_43' title="bbox 152 1893 933 1931">
     <span class='ocr_line' id='line_1_43' title="bbox 152 1893 933 1931; baseline 0.004 -12"><span class='ocrx_word' id='word_1_298' title='bbox 152 1901 245 1929; x_wconf 83' lang='grc' dir='ltr'>μενον.</span> <span class='ocrx_word' id='word_1_299' title='bbox 261 1893 419 1928; x_wconf 82' lang='grc' dir='ltr'>Θαυμαστόν</span> <span class='ocrx_word' id='word_1_300' title='bbox 437 1903 466 1920; x_wconf 91' lang='grc' dir='ltr'><strong>τε</strong></span> <span class='ocrx_word' id='word_1_301' title='bbox 478 1894 564 1926; x_wconf 81' lang='grc' dir='ltr'>οὐθὲν,</span> <span class='ocrx_word' id='word_1_302' title='bbox 585 1895 610 1921; x_wconf 88' lang='grc' dir='ltr'>εἱ</span> <span class='ocrx_word' id='word_1_303' title='bbox 626 1895 671 1921; x_wconf 70' lang='grc' dir='ltr'>καὶ</span> <span class='ocrx_word' id='word_1_304' title='bbox 689 1897 748 1927; x_wconf 84' lang='grc' dir='ltr'>ταῖς</span> <span class='ocrx_word' id='word_1_305' title='bbox 762 1894 862 1931; x_wconf 87' lang='grc' dir='ltr'>χώραις</span> <span class='ocrx_word' id='word_1_306' title='bbox 877 1895 933 1922; x_wconf 83' lang='grc' dir='ltr'>δια-</span> 
     </span>
    </p>
   </div>
   <div class='ocr_carea' id='block_1_44' title="bbox 151 1939 933 1976">
    <p class='ocr_par' dir='ltr' id='par_1_44' title="bbox 151 1939 933 1976">
     <span class='ocr_line' id='line_1_44' title="bbox 151 1939 933 1976; baseline 0.004 -11"><span class='ocrx_word' id='word_1_307' title='bbox 151 1941 225 1975; x_wconf 64' lang='grc' dir='ltr'>φορὰ</span> <span class='ocrx_word' id='word_1_308' title='bbox 235 1941 297 1975; x_wconf 85' lang='grc' dir='ltr'><strong>περί</strong></span> <span class='ocrx_word' id='word_1_309' title='bbox 317 1939 364 1972; x_wconf 80' lang='grc' dir='ltr'><strong>τὰς</strong></span> <span class='ocrx_word' id='word_1_310' title='bbox 382 1940 502 1975; x_wconf 80' lang='grc' dir='ltr'>γενέσεις</span> <span class='ocrx_word' id='word_1_311' title='bbox 521 1940 603 1967; x_wconf 75' lang='grc' dir='ltr'>ἐστίν.</span> <span class='ocrx_word' id='word_1_312' title='bbox 624 1941 703 1967; x_wconf 86' lang='grc' dir='ltr'>Ἀλλὰ</span> <span class='ocrx_word' id='word_1_313' title='bbox 715 1941 806 1976; x_wconf 84' lang='grc' dir='ltr'>δῆλον,</span> <span class='ocrx_word' id='word_1_314' title='bbox 826 1942 866 1968; x_wconf 85' lang='grc' dir='ltr'>ὅτι</span> <span class='ocrx_word' id='word_1_315' title='bbox 889 1941 933 1968; x_wconf 69' lang='grc' dir='ltr'>καὶ</span> 
     </span>
    </p>
   </div>
   <div class='ocr_carea' id='block_1_45' title="bbox 150 1985 934 2023">
    <p class='ocr_par' dir='ltr' id='par_1_45' title="bbox 150 1985 934 2023">
     <span class='ocr_line' id='line_1_45' title="bbox 150 1985 934 2023; baseline 0.003 -12"><span class='ocrx_word' id='word_1_316' title='bbox 150 1985 207 2012; x_wconf 81' lang='grc' dir='ltr'>τῶν</span> <span class='ocrx_word' id='word_1_317' title='bbox 227 1985 312 2017; x_wconf 80' lang='grc' dir='ltr'>ζώων,</span> <span class='ocrx_word' id='word_1_318' title='bbox 332 1986 424 2022; x_wconf 77' lang='grc' dir='ltr'>ὥσπερ</span> <span class='ocrx_word' id='word_1_319' title='bbox 443 1987 495 2014; x_wconf 84' lang='grc' dir='ltr'>τῶν</span> <span class='ocrx_word' id='word_1_320' title='bbox 516 1987 614 2022; x_wconf 84' lang='grc' dir='ltr'>φυτῶν,</span> <span class='ocrx_word' id='word_1_321' title='bbox 635 1987 734 2023; x_wconf 83' lang='grc' dir='ltr'>πολλὴν</span> <span class='ocrx_word' id='word_1_322' title='bbox 757 1987 861 2014; x_wconf 82' lang='grc' dir='ltr'>ποιοῦσι</span> <span class='ocrx_word' id='word_1_323' title='bbox 879 1987 934 2014; x_wconf 81' lang='grc' dir='ltr'>δια-</span> 
     </span>
    </p>
   </div>
   <div class='ocr_carea' id='block_1_46' title="bbox 151 2031 934 2068">
    <p class='ocr_par' dir='ltr' id='par_1_46' title="bbox 151 2031 934 2068">
     <span class='ocr_line' id='line_1_46' title="bbox 151 2031 934 2068; baseline 0.004 -12"><span class='ocrx_word' id='word_1_324' title='bbox 151 2031 240 2066; x_wconf 78' lang='grc' dir='ltr'>φορὰν</span> <span class='ocrx_word' id='word_1_325' title='bbox 257 2032 280 2057; x_wconf 89' lang='grc' dir='ltr'><strong>οἰ</strong></span> <span class='ocrx_word' id='word_1_326' title='bbox 301 2031 387 2064; x_wconf 77' lang='grc' dir='ltr'>τόποι,</span> <span class='ocrx_word' id='word_1_327' title='bbox 406 2033 435 2058; x_wconf 79' lang='grc' dir='ltr'>οὺ</span> <span class='ocrx_word' id='word_1_328' title='bbox 456 2032 534 2067; x_wconf 84' lang='grc' dir='ltr'>μόνον</span> <span class='ocrx_word' id='word_1_329' title='bbox 551 2033 620 2060; x_wconf 81' lang='grc' dir='ltr'>κατὰ</span> <span class='ocrx_word' id='word_1_330' title='bbox 636 2033 750 2067; x_wconf 84' lang='grc' dir='ltr'>μέγεθος</span> <span class='ocrx_word' id='word_1_331' title='bbox 770 2034 817 2060; x_wconf 77' lang='grc' dir='ltr'>καὶ</span> <span class='ocrx_word' id='word_1_332' title='bbox 843 2034 934 2068; x_wconf 85' lang='grc' dir='ltr'>εὐτρο-</span> 
     </span>
    </p>
   </div>
   <div class='ocr_carea' id='block_1_47' title="bbox 151 2076 933 2115">
    <p class='ocr_par' dir='ltr' id='par_1_47' title="bbox 151 2076 933 2115">
     <span class='ocr_line' id='line_1_47' title="bbox 151 2076 933 2115; baseline 0.004 -13"><span class='ocrx_word' id='word_1_333' title='bbox 151 2076 229 2111; x_wconf 83' lang='grc' dir='ltr'>φίαν,</span> <span class='ocrx_word' id='word_1_334' title='bbox 244 2076 310 2103; x_wconf 82' lang='grc' dir='ltr'>ἀλλὰ</span> <span class='ocrx_word' id='word_1_335' title='bbox 325 2078 370 2104; x_wconf 73' lang='grc' dir='ltr'>καὶ</span> <span class='ocrx_word' id='word_1_336' title='bbox 384 2078 454 2104; x_wconf 76' lang='grc' dir='ltr'>κατὰ</span> <span class='ocrx_word' id='word_1_337' title='bbox 468 2079 530 2110; x_wconf 79' lang='grc' dir='ltr'>τοὺς</span> <span class='ocrx_word' id='word_1_338' title='bbox 546 2079 649 2110; x_wconf 80' lang='grc' dir='ltr'>τόκους,</span> <span class='ocrx_word' id='word_1_339' title='bbox 667 2079 713 2105; x_wconf 83' lang='grc' dir='ltr'><strong>τοῦ</strong></span> <span class='ocrx_word' id='word_1_340' title='bbox 728 2079 762 2106; x_wconf 84' lang='grc' dir='ltr'>τὰ</span> <span class='ocrx_word' id='word_1_341' title='bbox 777 2079 824 2115; x_wconf 82' lang='grc' dir='ltr'>μὲν</span> <span class='ocrx_word' id='word_1_342' title='bbox 845 2079 933 2114; x_wconf 70' lang='grc' dir='ltr'>ὀψιαί-</span> 
     </span>
    </p>
   </div>
   <div class='ocr_carea' id='block_1_48' title="bbox 150 2122 933 2161">
    <p class='ocr_par' dir='ltr' id='par_1_48' title="bbox 150 2122 933 2161">
     <span class='ocr_line' id='line_1_48' title="bbox 150 2122 933 2161; baseline 0.006 -14"><span class='ocrx_word' id='word_1_343' title='bbox 150 2130 233 2157; x_wconf 82' lang='grc' dir='ltr'>τερον</span> <span class='ocrx_word' id='word_1_344' title='bbox 252 2123 357 2161; x_wconf 76' lang='grc' dir='ltr'>γεννᾷν,</span> <span class='ocrx_word' id='word_1_345' title='bbox 380 2123 413 2150; x_wconf 79' lang='grc' dir='ltr'><strong>τὰ</strong></span> <span class='ocrx_word' id='word_1_346' title='bbox 442 2124 469 2150; x_wconf 78' lang='grc' dir='ltr'><strong>δὲ</strong></span> <span class='ocrx_word' id='word_1_347' title='bbox 494 2124 679 2160; x_wconf 81' lang='grc' dir='ltr'>πρωῖαίτερον.</span> <span class='ocrx_word' id='word_1_348' title='bbox 697 2122 761 2152; x_wconf 82' lang='grc' dir='ltr'>Ὧδε</span> <span class='ocrx_word' id='word_1_349' title='bbox 776 2125 824 2160; x_wconf 76' lang='grc' dir='ltr'>μὲν</span> <span class='ocrx_word' id='word_1_350' title='bbox 845 2125 933 2151; x_wconf 78' lang='grc' dir='ltr'>τοίνυν</span> 
     </span>
    </p>
   </div>
   <div class='ocr_carea' id='block_1_49' title="bbox 153 2168 934 2206">
    <p class='ocr_par' dir='ltr' id='par_1_49' title="bbox 153 2168 934 2206">
     <span class='ocr_line' id='line_1_49' title="bbox 153 2168 934 2206; baseline 0.004 -12"><span class='ocrx_word' id='word_1_351' title='bbox 153 2168 248 2200; x_wconf 79' lang='grc' dir='ltr'>ἁπλῶς</span> <span class='ocrx_word' id='word_1_352' title='bbox 267 2177 295 2195; x_wconf 89' lang='grc' dir='ltr'><strong>τε</strong></span> <span class='ocrx_word' id='word_1_353' title='bbox 321 2169 365 2195; x_wconf 86' lang='grc' dir='ltr'><strong>καί</strong></span> <span class='ocrx_word' id='word_1_354' title='bbox 389 2178 426 2204; x_wconf 86' lang='grc' dir='ltr'>πη</span> <span class='ocrx_word' id='word_1_355' title='bbox 446 2170 648 2205; x_wconf 78' lang='grc' dir='ltr'>ἑρμηνεύοντες,</span> <span class='ocrx_word' id='word_1_356' title='bbox 662 2171 710 2197; x_wconf 82' lang='grc' dir='ltr'>οὐκ</span> <span class='ocrx_word' id='word_1_357' title='bbox 735 2170 767 2197; x_wconf 82' lang='grc' dir='ltr'>ἂν</span> <span class='ocrx_word' id='word_1_358' title='bbox 787 2171 934 2206; x_wconf 86' lang='grc' dir='ltr'>διαμαρτά-</span> 
     </span>
    </p>
   </div>
   <div class='ocr_carea' id='block_1_50' title="bbox 151 2213 426 2250">
    <p class='ocr_par' dir='ltr' id='par_1_50' title="bbox 151 2213 426 2250">
     <span class='ocr_line' id='line_1_50' title="bbox 151 2213 426 2250; baseline 0.004 -10"><span class='ocrx_word' id='word_1_359' title='bbox 151 2223 246 2250; x_wconf 82' lang='grc' dir='ltr'>νοιμεν</span> <span class='ocrx_word' id='word_1_360' title='bbox 260 2213 306 2241; x_wconf 80' lang='grc' dir='ltr'>τοῦ</span> <span class='ocrx_word' id='word_1_361' title='bbox 327 2214 426 2241; x_wconf 77' lang='grc' dir='ltr'>ἱκανοῦ.</span> 
     </span>
    </p>
   </div>
   <div class='ocr_carea' id='block_1_51' title="bbox 337 2306 753 2342">
    <p class='ocr_par' dir='ltr' id='par_1_51' title="bbox 337 2306 753 2342">
     <span class='ocr_line' id='line_1_51' title="bbox 337 2306 753 2342; baseline 0.005 -10"><span class='ocrx_word' id='word_1_362' title='bbox 337 2306 406 2339; x_wconf 83' lang='grc' dir='ltr'>Περί</span> <span class='ocrx_word' id='word_1_363' title='bbox 421 2307 556 2341; x_wconf 79' lang='grc' dir='ltr'>χρήσεως</span> <span class='ocrx_word' id='word_1_364' title='bbox 570 2307 628 2334; x_wconf 78' lang='grc' dir='ltr'><strong>τῶν</strong></span> <span class='ocrx_word' id='word_1_365' title='bbox 640 2307 753 2342; x_wconf 77' lang='grc' dir='ltr'><strong>μηνῶν.</strong></span> 
     </span>
    </p>
   </div>
   <div class='ocr_carea' id='block_1_52' title="bbox 191 2352 934 2388">
    <p class='ocr_par' dir='ltr' id='par_1_52' title="bbox 191 2352 934 2388">
     <span class='ocr_line' id='line_1_52' title="bbox 191 2352 934 2388; baseline 0.004 -11"><span class='ocrx_word' id='word_1_366' title='bbox 191 2352 219 2378; x_wconf 83' lang='grc'><strong>1⁷.</strong></span> <span class='ocrx_word' id='word_1_367' title='bbox 242 2352 318 2378; x_wconf 71' lang='grc' dir='ltr'>Ἐπεὶ</span> <span class='ocrx_word' id='word_1_368' title='bbox 330 2352 352 2378; x_wconf 84' lang='grc' dir='ltr'><strong>δ’</strong></span> <span class='ocrx_word' id='word_1_369' title='bbox 370 2352 425 2378; x_wconf 77' lang='grc' dir='ltr'>ἔστι</span> <span class='ocrx_word' id='word_1_370' title='bbox 447 2352 495 2386; x_wconf 80' lang='grc' dir='ltr'>μὲν</span> <span class='ocrx_word' id='word_1_371' title='bbox 510 2353 625 2387; x_wconf 83' lang='grc' dir='ltr'>χρῆσθαι</span> <span class='ocrx_word' id='word_1_372' title='bbox 641 2354 706 2388; x_wconf 76' lang='grc' dir='ltr'>μησὶ</span> <span class='ocrx_word' id='word_1_373' title='bbox 730 2354 776 2379; x_wconf 76' lang='grc' dir='ltr'>καὶ</span> <span class='ocrx_word' id='word_1_374' title='bbox 795 2353 865 2380; x_wconf 80' lang='grc' dir='ltr'>κατά</span> <span class='ocrx_word' id='word_1_375' title='bbox 885 2354 934 2388; x_wconf 69' lang='grc' dir='ltr'>τὴν</span> 
     </span>
    </p>
   </div>
   <div class='ocr_carea' id='block_1_53' title="bbox 153 2395 934 2433">
    <p class='ocr_par' dir='ltr' id='par_1_53' title="bbox 153 2395 934 2433">
     <span class='ocr_line' id='line_1_53' title="bbox 153 2395 934 2433; baseline 0.004 -11"><span class='ocrx_word' id='word_1_376' title='bbox 153 2396 230 2431; x_wconf 80' lang='grc' dir='ltr'>ἡλίου</span> <span class='ocrx_word' id='word_1_377' title='bbox 247 2397 405 2433; x_wconf 78' lang='grc' dir='ltr'>περιφορὰν,</span> <span class='ocrx_word' id='word_1_378' title='bbox 424 2397 460 2430; x_wconf 86' lang='grc' dir='ltr'>ὡς</span> <span class='ocrx_word' id='word_1_379' title='bbox 479 2395 606 2432; x_wconf 73' lang='grc' dir='ltr'>Ῥωμαῖοι</span> <span class='ocrx_word' id='word_1_380' title='bbox 625 2398 751 2433; x_wconf 80' lang='grc' dir='ltr'>ἄγουσιν·</span> <span class='ocrx_word' id='word_1_381' title='bbox 778 2399 870 2425; x_wconf 73' lang='grc' dir='ltr'>ἔστιδὲ</span> <span class='ocrx_word' id='word_1_382' title='bbox 888 2399 934 2425; x_wconf 74' lang='grc' dir='ltr'>καὶ</span> 
     </span>
    </p>
   </div>
   <div class='ocr_carea' id='block_1_54' title="bbox 152 2442 935 2480">
    <p class='ocr_par' dir='ltr' id='par_1_54' title="bbox 152 2442 935 2480">
     <span class='ocr_line' id='line_1_54' title="bbox 152 2442 935 2480; baseline 0.004 -12"><span class='ocrx_word' id='word_1_383' title='bbox 152 2442 205 2478; x_wconf 83' lang='grc' dir='ltr'>τὴν</span> <span class='ocrx_word' id='word_1_384' title='bbox 221 2443 270 2478; x_wconf 83' lang='grc' dir='ltr'>τῆς</span> <span class='ocrx_word' id='word_1_385' title='bbox 283 2443 405 2479; x_wconf 80' lang='grc' dir='ltr'>σελήνης,</span> <span class='ocrx_word' id='word_1_386' title='bbox 419 2443 456 2475; x_wconf 79' lang='grc' dir='ltr'><strong>ὡς</strong></span> <span class='ocrx_word' id='word_1_387' title='bbox 477 2443 610 2479; x_wconf 79' lang='grc' dir='ltr'>Ἀθηναῖοι</span> <span class='ocrx_word' id='word_1_388' title='bbox 626 2442 692 2479; x_wconf 75' lang='grc' dir='ltr'>ἦγον</span> <span class='ocrx_word' id='word_1_389' title='bbox 703 2452 710 2459; x_wconf 94' lang='grc'><strong>·</strong></span> <span class='ocrx_word' id='word_1_390' title='bbox 728 2445 838 2480; x_wconf 80' lang='grc' dir='ltr'>πότερον</span> <span class='ocrx_word' id='word_1_391' title='bbox 857 2444 935 2479; x_wconf 80' lang='grc' dir='ltr'><strong>Ἀθη-</strong></span> 
     </span>
    </p>
   </div>
   <div class='ocr_carea' id='block_1_55' title="bbox 153 2489 934 2526">
    <p class='ocr_par' dir='ltr' id='par_1_55' title="bbox 153 2489 934 2526">
     <span class='ocr_line' id='line_1_55' title="bbox 153 2489 934 2526; baseline 0.003 -11"><span class='ocrx_word' id='word_1_392' title='bbox 153 2489 242 2520; x_wconf 76' lang='grc' dir='ltr'>ναίοις</span> <span class='ocrx_word' id='word_1_393' title='bbox 258 2489 384 2524; x_wconf 66' lang='grc' dir='ltr'>ἑπόμενοι</span> <span class='ocrx_word' id='word_1_394' title='bbox 401 2489 566 2524; x_wconf 75' lang='grc' dir='ltr'>χρησόμεθα,</span> <span class='ocrx_word' id='word_1_395' title='bbox 583 2489 599 2524; x_wconf 81' lang='grc' dir='ltr'>ἢ</span> <span class='ocrx_word' id='word_1_396' title='bbox 618 2490 772 2524; x_wconf 79' lang='grc' dir='ltr'>Ῥωμαίοις,</span> <span class='ocrx_word' id='word_1_397' title='bbox 786 2491 934 2526; x_wconf 78' lang='grc' dir='ltr'>κατονομά-</span> 
     </span>
    </p>
   </div>
   <div class='ocr_carea' id='block_1_56' title="bbox 155 2533 934 2569">
    <p class='ocr_par' dir='ltr' id='par_1_56' title="bbox 155 2533 934 2569">
     <span class='ocr_line' id='line_1_56' title="bbox 155 2533 934 2569; baseline 0 -10"><span class='ocrx_word' id='word_1_398' title='bbox 155 2534 248 2565; x_wconf 64' lang='lat' dir='ltr'><strong>(oves;</strong></span> <span class='ocrx_word' id='word_1_399' title='bbox 269 2533 316 2569; x_wconf 83' lang='grc' dir='ltr'>μὲν</span> <span class='ocrx_word' id='word_1_400' title='bbox 332 2533 369 2565; x_wconf 85' lang='grc' dir='ltr'>ὡς</span> <span class='ocrx_word' id='word_1_401' title='bbox 390 2533 540 2568; x_wconf 79' lang='grc' dir='ltr'>Ἀθηναῖοι,</span> <span class='ocrx_word' id='word_1_402' title='bbox 552 2533 600 2568; x_wconf 80' lang='grc' dir='ltr'>τὴν</span> <span class='ocrx_word' id='word_1_403' title='bbox 612 2533 639 2559; x_wconf 89' lang='grc' dir='ltr'>δέ</span> <span class='ocrx_word' id='word_1_404' title='bbox 654 2542 684 2567; x_wconf 86' lang='grc' dir='ltr'><strong>γε</strong></span> <span class='ocrx_word' id='word_1_405' title='bbox 697 2533 741 2560; x_wconf 82' lang='grc' dir='ltr'>τοῦ</span> <span class='ocrx_word' id='word_1_406' title='bbox 759 2533 880 2560; x_wconf 81' lang='grc' dir='ltr'>ὲνιαυτοῦ</span> <span class='ocrx_word' id='word_1_407' title='bbox 896 2535 934 2567; x_wconf 75' lang='grc' dir='ltr'>εἰς</span> 
     </span>
    </p>
   </div>
   <div class='ocr_carea' id='block_1_57' title="bbox 157 2579 932 2615">
    <p class='ocr_par' dir='ltr' id='par_1_57' title="bbox 157 2579 932 2615">
     <span class='ocr_line' id='line_1_57' title="bbox 157 2579 932 2615; baseline 0.003 -11"><span class='ocrx_word' id='word_1_408' title='bbox 157 2579 245 2615; x_wconf 84' lang='grc' dir='ltr'>μῆνας</span> <span class='ocrx_word' id='word_1_409' title='bbox 268 2579 398 2614; x_wconf 73' lang='grc' dir='ltr'>διαίρεσιν</span> <span class='ocrx_word' id='word_1_410' title='bbox 424 2580 493 2606; x_wconf 70' lang='grc' dir='ltr'>κατὰ</span> <span class='ocrx_word' id='word_1_411' title='bbox 521 2579 606 2605; x_wconf 81' lang='grc' dir='ltr'>ταύτὰ</span> <span class='ocrx_word' id='word_1_412' title='bbox 627 2579 770 2614; x_wconf 77' lang='grc' dir='ltr'>Ῥωμαίοις</span> <span class='ocrx_word' id='word_1_413' title='bbox 800 2579 932 2611; x_wconf 80' lang='grc' dir='ltr'>τιθέντες;</span> 
     </span>
    </p>
   </div>
   <div class='ocr_carea' id='block_1_58' title="bbox 157 2624 934 2660">
    <p class='ocr_par' dir='ltr' id='par_1_58' title="bbox 157 2624 934 2660">
     <span class='ocr_line' id='line_1_58' title="bbox 157 2624 934 2660; baseline 0.003 -10"><span class='ocrx_word' id='word_1_414' title='bbox 157 2624 270 2659; x_wconf 78' lang='grc' dir='ltr'><strong>[Ιλήθων</strong></span> <span class='ocrx_word' id='word_1_415' title='bbox 293 2624 342 2659; x_wconf 85' lang='grc' dir='ltr'><strong>μέν</strong></span> <span class='ocrx_word' id='word_1_416' title='bbox 363 2633 454 2660; x_wconf 76' lang='grc' dir='ltr'>φησιν,</span> <span class='ocrx_word' id='word_1_417' title='bbox 478 2625 518 2651; x_wconf 83' lang='grc' dir='ltr'>ὃτι</span> <span class='ocrx_word' id='word_1_418' title='bbox 546 2624 615 2651; x_wconf 77' lang='grc' dir='ltr'>κατὰ</span> <span class='ocrx_word' id='word_1_419' title='bbox 633 2625 712 2658; x_wconf 77' lang='grc' dir='ltr'>φύσιν</span> <span class='ocrx_word' id='word_1_420' title='bbox 735 2625 766 2660; x_wconf 85' lang='grc' dir='ltr'><strong>δὴ</strong></span> <span class='ocrx_word' id='word_1_421' title='bbox 784 2626 877 2658; x_wconf 74' lang='grc' dir='ltr'>’ἄγοιτ’</span> <span class='ocrx_word' id='word_1_422' title='bbox 903 2625 934 2652; x_wconf 77' lang='grc' dir='ltr'>ἂν</span> 
     </span>
    </p>
   </div>
   <div class='ocr_carea' id='block_1_59' title="bbox 156 2669 932 2706">
    <p class='ocr_par' dir='ltr' id='par_1_59' title="bbox 156 2669 932 2706">
     <span class='ocr_line' id='line_1_59' title="bbox 156 2669 932 2706; baseline 0 -10"><span class='ocrx_word' id='word_1_423' title='bbox 156 2670 216 2701; x_wconf 70' lang='grc' dir='ltr'>ἔτος</span> <span class='ocrx_word' id='word_1_424' title='bbox 234 2669 282 2704; x_wconf 84' lang='grc' dir='ltr'>μὲν</span> <span class='ocrx_word' id='word_1_425' title='bbox 297 2670 366 2696; x_wconf 78' lang='grc' dir='ltr'>κατὰ</span> <span class='ocrx_word' id='word_1_426' title='bbox 379 2670 422 2696; x_wconf 76' lang='grc' dir='ltr'>τὸν</span> <span class='ocrx_word' id='word_1_427' title='bbox 438 2670 522 2705; x_wconf 77' lang='grc' dir='ltr'>ἣλιον,</span> <span class='ocrx_word' id='word_1_428' title='bbox 544 2670 596 2706; x_wconf 79' lang='grc' dir='ltr'>μὴν</span> <span class='ocrx_word' id='word_1_429' title='bbox 612 2670 639 2697; x_wconf 86' lang='grc' dir='ltr'><strong>δὲ</strong></span> <span class='ocrx_word' id='word_1_430' title='bbox 658 2670 726 2697; x_wconf 85' lang='grc' dir='ltr'>κατὰ</span> <span class='ocrx_word' id='word_1_431' title='bbox 739 2671 787 2706; x_wconf 80' lang='grc' dir='ltr'>τὴν</span> <span class='ocrx_word' id='word_1_432' title='bbox 805 2671 932 2706; x_wconf 83' lang='grc' dir='ltr'>σελήνην·</span> 
     </span>
    </p>
   </div>
   <div class='ocr_carea' id='block_1_60' title="bbox 155 2715 936 2750">
    <p class='ocr_par' dir='ltr' id='par_1_60' title="bbox 155 2715 936 2750">
     <span class='ocr_line' id='line_1_60' title="bbox 155 2715 936 2750; baseline 0.003 -9"><span class='ocrx_word' id='word_1_433' title='bbox 155 2715 201 2743; x_wconf 85' lang='grc' dir='ltr'>διὰ</span> <span class='ocrx_word' id='word_1_434' title='bbox 215 2716 241 2742; x_wconf 86' lang='grc' dir='ltr'><strong>τί</strong></span> <span class='ocrx_word' id='word_1_435' title='bbox 255 2716 293 2748; x_wconf 82' lang='grc' dir='ltr'><strong>δὲ,</strong></span> <span class='ocrx_word' id='word_1_436' title='bbox 305 2717 335 2742; x_wconf 85' lang='grc' dir='ltr'>οὺ</span> <span class='ocrx_word' id='word_1_437' title='bbox 350 2716 431 2750; x_wconf 86' lang='grc' dir='ltr'>λέγει.</span> <span class='ocrx_word' id='word_1_438' title='bbox 448 2716 538 2743; x_wconf 80' lang='grc' dir='ltr'>Ἀλλοι</span> <span class='ocrx_word' id='word_1_439' title='bbox 557 2717 584 2744; x_wconf 78' lang='grc' dir='ltr'><strong>δέ</strong></span> <span class='ocrx_word' id='word_1_440' title='bbox 604 2726 685 2749; x_wconf 88' lang='grc' dir='ltr'>τινες,</span> <span class='ocrx_word' id='word_1_441' title='bbox 700 2717 746 2743; x_wconf 74' lang='grc' dir='ltr'>καὶ</span> <span class='ocrx_word' id='word_1_442' title='bbox 765 2717 852 2744; x_wconf 83' lang='grc' dir='ltr'>αἰτίαν</span> <span class='ocrx_word' id='word_1_443' title='bbox 871 2717 936 2743; x_wconf 88' lang='grc' dir='ltr'><strong>ἀπο-</strong></span> 
     </span>
    </p>
   </div>
   <div class='ocr_carea' id='block_1_61' title="bbox 156 2762 936 2798">
    <p class='ocr_par' dir='ltr' id='par_1_61' title="bbox 156 2762 936 2798">
     <span class='ocr_line' id='line_1_61' title="bbox 156 2762 936 2798; baseline 0 -10"><span class='ocrx_word' id='word_1_444' title='bbox 156 2762 282 2793; x_wconf 80' lang='grc' dir='ltr'>διδόντες,</span> <span class='ocrx_word' id='word_1_445' title='bbox 304 2762 391 2789; x_wconf 74' lang='grc' dir='ltr'>πάιιτα</span> <span class='ocrx_word' id='word_1_446' title='bbox 412 2763 478 2798; x_wconf 70' lang='grc' dir='ltr'>πρὸς</span> <span class='ocrx_word' id='word_1_447' title='bbox 500 2763 554 2790; x_wconf 82' lang='grc' dir='ltr'>τῶν</span> <span class='ocrx_word' id='word_1_448' title='bbox 575 2763 704 2798; x_wconf 71' lang='grc' dir='ltr'>οὐρανίων</span> <span class='ocrx_word' id='word_1_449' title='bbox 725 2762 882 2797; x_wconf 79' lang='grc' dir='ltr'>κοσμεῖσθαι</span> <span class='ocrx_word' id='word_1_450' title='bbox 903 2763 936 2789; x_wconf 75' lang='grc' dir='ltr'><strong>τὰ</strong></span> 
     </span>
    </p>
   </div>
   <div class='ocr_carea' id='block_1_62' title="bbox 156 2807 934 2844">
    <p class='ocr_par' dir='ltr' id='par_1_62' title="bbox 156 2807 934 2844">
     <span class='ocr_line' id='line_1_62' title="bbox 156 2807 934 2844; baseline 0.001 -11"><span class='ocrx_word' id='word_1_451' title='bbox 156 2807 220 2842; x_wconf 78' lang='grc' dir='ltr'>τῇδέ</span> <span class='ocrx_word' id='word_1_452' title='bbox 233 2815 307 2842; x_wconf 75' lang='grc' dir='ltr'>φασι,</span> <span class='ocrx_word' id='word_1_453' title='bbox 325 2809 370 2834; x_wconf 69' lang='grc' dir='ltr'><strong>καὶ</strong></span> <span class='ocrx_word' id='word_1_454' title='bbox 388 2809 491 2843; x_wconf 74' lang='grc' dir='ltr'>μεγάλα</span> <span class='ocrx_word' id='word_1_455' title='bbox 512 2807 579 2835; x_wconf 76' lang='grc' dir='ltr'>εἶναι</span> <span class='ocrx_word' id='word_1_456' title='bbox 602 2809 636 2836; x_wconf 75' lang='grc' dir='ltr'><strong>τὰ</strong></span> <span class='ocrx_word' id='word_1_457' title='bbox 658 2809 706 2843; x_wconf 80' lang='grc' dir='ltr'>τῆς</span> <span class='ocrx_word' id='word_1_458' title='bbox 730 2809 842 2844; x_wconf 77' lang='grc' dir='ltr'>σελήνης</span> <span class='ocrx_word' id='word_1_459' title='bbox 859 2809 934 2844; x_wconf 67' lang='grc' dir='ltr'>ἔργα.</span> 
     </span>
    </p>
   </div>
   <div class='ocr_carea' id='block_1_63' title="bbox 298 2853 622 2885">
    <p class='ocr_par' dir='ltr' id='par_1_63' title="bbox 298 2853 622 2885">
     <span class='ocr_line' id='line_1_63' title="bbox 298 2853 622 2885; baseline 0.003 -2"><span class='ocrx_word' id='word_1_460' title='bbox 298 2853 433 2884; x_wconf 62' lang='lat' dir='ltr'><strong>Parnm.</strong></span> <span class='ocrx_word' id='word_1_461' title='bbox 449 2855 507 2885; x_wconf 76' lang='lat' dir='ltr'><strong>Gn.</strong></span> <span class='ocrx_word' id='word_1_462' title='bbox 536 2855 622 2885; x_wconf 74' lang='lat' dir='ltr'><strong>XIX.</strong></span> 
     </span>
    </p>
   </div>
   <div class='ocr_carea' id='block_1_64' title="bbox 982 203 1760 238">
    <p class='ocr_par' dir='ltr' id='par_1_64' title="bbox 982 203 1760 238">
     <span class='ocr_line' id='line_1_64' title="bbox 982 203 1760 238; baseline -0.001 -6"><span class='ocrx_word' id='word_1_463' title='bbox 982 206 1126 232; x_wconf 77' lang='lat' dir='ltr'><strong>solstitium</strong></span> <span class='ocrx_word' id='word_1_464' title='bbox 1141 204 1233 231; x_wconf 85' lang='lat' dir='ltr'><strong>fuisse.</strong></span> <span class='ocrx_word' id='word_1_465' title='bbox 1250 203 1278 230; x_wconf 88' lang='lat' dir='ltr'><strong>Si</strong></span> <span class='ocrx_word' id='word_1_466' title='bbox 1301 203 1392 238; x_wconf 79' lang='lat' dir='ltr'><strong>itaque</strong></span> <span class='ocrx_word' id='word_1_467' title='bbox 1409 203 1554 230; x_wconf 78' lang='lat' dir='ltr'><strong>solstitium</strong></span> <span class='ocrx_word' id='word_1_468' title='bbox 1571 210 1644 230; x_wconf 88' lang='lat' dir='ltr'><strong>nono</strong></span> <span class='ocrx_word' id='word_1_469' title='bbox 1664 203 1760 231; x_wconf 90' lang='lat' dir='ltr'><strong>incun-</strong></span> 
     </span>
    </p>
   </div>
   <div class='ocr_carea' id='block_1_65' title="bbox 983 249 1759 283">
    <p class='ocr_par' dir='ltr' id='par_1_65' title="bbox 983 249 1759 283">
     <span class='ocr_line' id='line_1_65' title="bbox 983 249 1759 283; baseline -0.001 -6"><span class='ocrx_word' id='word_1_470' title='bbox 983 252 1028 283; x_wconf 86' lang='lat' dir='ltr'><strong>Iis,</strong></span> <span class='ocrx_word' id='word_1_471' title='bbox 1042 255 1097 278; x_wconf 83' lang='lat' dir='ltr'><strong>tres</strong></span> <span class='ocrx_word' id='word_1_472' title='bbox 1120 258 1181 278; x_wconf 89' lang='lat' dir='ltr'><strong>esse</strong></span> <span class='ocrx_word' id='word_1_473' title='bbox 1196 250 1254 277; x_wconf 89' lang='lat' dir='ltr'><strong>dies</strong></span> <span class='ocrx_word' id='word_1_474' title='bbox 1268 249 1437 278; x_wconf 78' lang='lat' dir='ltr'><strong>abundantes</strong></span> <span class='ocrx_word' id='word_1_475' title='bbox 1450 253 1491 276; x_wconf 83' lang='lat' dir='ltr'><strong>est</strong></span> <span class='ocrx_word' id='word_1_476' title='bbox 1503 257 1626 277; x_wconf 87' lang='lat' dir='ltr'><strong>necesse.</strong></span> <span class='ocrx_word' id='word_1_477' title='bbox 1641 249 1702 276; x_wconf 64' lang='lat' dir='ltr'><strong>&quot;me</strong></span> <span class='ocrx_word' id='word_1_478' title='bbox 1715 257 1759 276; x_wconf 94' lang='lat' dir='ltr'><strong>au-</strong></span> 
     </span>
    </p>
   </div>
   <div class='ocr_carea' id='block_1_66' title="bbox 981 294 1760 332">
    <p class='ocr_par' dir='ltr' id='par_1_66' title="bbox 981 294 1760 332">
     <span class='ocr_line' id='line_1_66' title="bbox 981 294 1760 332; baseline -0.005 -8"><span class='ocrx_word' id='word_1_479' title='bbox 981 302 1035 324; x_wconf 86' lang='lat' dir='ltr'><strong>tem</strong></span> <span class='ocrx_word' id='word_1_480' title='bbox 1054 298 1160 332; x_wconf 77' lang='lat' dir='ltr'><strong>planius</strong></span> <span class='ocrx_word' id='word_1_481' title='bbox 1173 301 1264 331; x_wconf 90' lang='lat' dir='ltr'><strong>postea</strong></span> <span class='ocrx_word' id='word_1_482' title='bbox 1276 295 1498 327; x_wconf 86' lang='lat' dir='ltr'><strong>elueidabuntur,</strong></span> <span class='ocrx_word' id='word_1_483' title='bbox 1515 295 1559 321; x_wconf 90' lang='lat' dir='ltr'><strong>ubi</strong></span> <span class='ocrx_word' id='word_1_484' title='bbox 1577 294 1610 321; x_wconf 89' lang='lat' dir='ltr'><strong>de</strong></span> <span class='ocrx_word' id='word_1_485' title='bbox 1625 302 1674 321; x_wconf 88' lang='lat' dir='ltr'><strong>usu</strong></span> <span class='ocrx_word' id='word_1_486' title='bbox 1685 302 1760 321; x_wconf 91' lang='lat' dir='ltr'><strong>men—</strong></span> 
     </span>
    </p>
   </div>
   <div class='ocr_carea' id='block_1_67' title="bbox 983 339 1760 375">
    <p class='ocr_par' dir='ltr' id='par_1_67' title="bbox 983 339 1760 375">
     <span class='ocr_line' id='line_1_67' title="bbox 983 339 1760 375; baseline -0.006 -5"><span class='ocrx_word' id='word_1_487' title='bbox 983 344 1021 370; x_wconf 85' lang='lat' dir='ltr'><strong>sis</strong></span> <span class='ocrx_word' id='word_1_488' title='bbox 1045 342 1212 370; x_wconf 86' lang='lat' dir='ltr'><strong>intercalarii</strong></span> <span class='ocrx_word' id='word_1_489' title='bbox 1237 341 1415 368; x_wconf 82' lang='lat' dir='ltr'><strong>disseremus.</strong></span> <span class='ocrx_word' id='word_1_490' title='bbox 1430 341 1471 367; x_wconf 87' lang='lat' dir='ltr'><strong>An</strong></span> <span class='ocrx_word' id='word_1_491' title='bbox 1497 340 1577 375; x_wconf 79' lang='lat' dir='ltr'><strong>igitur</strong></span> <span class='ocrx_word' id='word_1_492' title='bbox 1603 339 1702 374; x_wconf 87' lang='lat' dir='ltr'><strong>Ephori</strong></span> <span class='ocrx_word' id='word_1_493' title='bbox 1725 339 1760 366; x_wconf 83' lang='lat' dir='ltr'><strong>sit</strong></span> 
     </span>
    </p>
   </div>
   <div class='ocr_carea' id='block_1_68' title="bbox 983 385 1760 422">
    <p class='ocr_par' dir='ltr' id='par_1_68' title="bbox 983 385 1760 422">
     <span class='ocr_line' id='line_1_68' title="bbox 983 385 1760 422; baseline -0.006 -6"><span class='ocrx_word' id='word_1_494' title='bbox 983 389 1034 416; x_wconf 87' lang='lat' dir='ltr'><strong>iste</strong></span> <span class='ocrx_word' id='word_1_495' title='bbox 1047 397 1136 420; x_wconf 85' lang='lat' dir='ltr'><strong>error,</strong></span> <span class='ocrx_word' id='word_1_496' title='bbox 1153 397 1186 415; x_wconf 90' lang='lat' dir='ltr'><strong>an</strong></span> <span class='ocrx_word' id='word_1_497' title='bbox 1206 387 1384 415; x_wconf 78' lang='lat' dir='ltr'><strong>amanticnsis</strong></span> <span class='ocrx_word' id='word_1_498' title='bbox 1400 386 1502 422; x_wconf 81' lang='lat' dir='ltr'><strong>potius,</strong></span> <span class='ocrx_word' id='word_1_499' title='bbox 1523 387 1550 412; x_wconf 92' lang='lat' dir='ltr'><strong>in</strong></span> <span class='ocrx_word' id='word_1_500' title='bbox 1568 386 1657 413; x_wconf 90' lang='lat' dir='ltr'><strong>medio</strong></span> <span class='ocrx_word' id='word_1_501' title='bbox 1669 385 1760 412; x_wconf 87' lang='lat' dir='ltr'><strong>consi-</strong></span> 
     </span>
    </p>
   </div>
   <div class='ocr_carea' id='block_1_69' title="bbox 982 431 1760 469">
    <p class='ocr_par' dir='ltr' id='par_1_69' title="bbox 982 431 1760 469">
     <span class='ocr_line' id='line_1_69' title="bbox 982 431 1760 469; baseline -0.005 -8"><span class='ocrx_word' id='word_1_502' title='bbox 982 434 1131 462; x_wconf 86' lang='lat' dir='ltr'><strong>derandum</strong></span> <span class='ocrx_word' id='word_1_503' title='bbox 1144 435 1277 469; x_wconf 84' lang='lat' dir='ltr'><strong>relinquo.</strong></span> <span class='ocrx_word' id='word_1_504' title='bbox 1290 433 1347 460; x_wconf 89' lang='lat' dir='ltr'><strong>Jam</strong></span> <span class='ocrx_word' id='word_1_505' title='bbox 1360 437 1463 460; x_wconf 86' lang='lat' dir='ltr'><strong>certum</strong></span> <span class='ocrx_word' id='word_1_506' title='bbox 1477 436 1519 460; x_wconf 88' lang='lat' dir='ltr'><strong>est</strong></span> <span class='ocrx_word' id='word_1_507' title='bbox 1532 431 1637 459; x_wconf 82' lang='lat' dir='ltr'><strong>Atticos</strong></span> <span class='ocrx_word' id='word_1_508' title='bbox 1652 438 1760 458; x_wconf 79' lang='lat' dir='ltr'><strong>menses</strong></span> 
     </span>
    </p>
   </div>
   <div class='ocr_carea' id='block_1_70' title="bbox 981 477 1760 515">
    <p class='ocr_par' dir='ltr' id='par_1_70' title="bbox 981 477 1760 515">
     <span class='ocr_line' id='line_1_70' title="bbox 981 477 1760 515; baseline -0.005 -8"><span class='ocrx_word' id='word_1_509' title='bbox 981 481 1079 515; x_wconf 65' lang='lat' dir='ltr'><strong>mquali</strong></span> <span class='ocrx_word' id='word_1_510' title='bbox 1105 481 1209 508; x_wconf 89' lang='lat' dir='ltr'><strong>dierum</strong></span> <span class='ocrx_word' id='word_1_511' title='bbox 1230 487 1354 511; x_wconf 88' lang='lat' dir='ltr'><strong>numero,</strong></span> <span class='ocrx_word' id='word_1_512' title='bbox 1370 479 1506 513; x_wconf 88' lang='lat' dir='ltr'><strong>simulque</strong></span> <span class='ocrx_word' id='word_1_513' title='bbox 1522 478 1642 509; x_wconf 86' lang='lat' dir='ltr'><strong>ﬁniente,</strong></span> <span class='ocrx_word' id='word_1_514' title='bbox 1660 477 1760 504; x_wconf 80' lang='lat' dir='ltr'><strong>Roma-</strong></span> 
     </span>
    </p>
   </div>
   <div class='ocr_carea' id='block_1_71' title="bbox 983 521 1760 560">
    <p class='ocr_par' dir='ltr' id='par_1_71' title="bbox 983 521 1760 560">
     <span class='ocr_line' id='line_1_71' title="bbox 983 521 1760 560; baseline -0.006 -8"><span class='ocrx_word' id='word_1_515' title='bbox 983 534 1032 552; x_wconf 90' lang='lat' dir='ltr'><strong>nos</strong></span> <span class='ocrx_word' id='word_1_516' title='bbox 1039 533 1143 560; x_wconf 83' lang='lat' dir='ltr'><strong>semper</strong></span> <span class='ocrx_word' id='word_1_517' title='bbox 1151 525 1318 560; x_wconf 70' lang='lat' dir='ltr'><strong>mquiparare</strong></span> <span class='ocrx_word' id='word_1_518' title='bbox 1334 532 1387 551; x_wconf 91' lang='lat' dir='ltr'><strong>non</strong></span> <span class='ocrx_word' id='word_1_519' title='bbox 1399 531 1488 559; x_wconf 86' lang='lat' dir='ltr'><strong>posse.</strong></span> <span class='ocrx_word' id='word_1_520' title='bbox 1499 523 1569 557; x_wconf 75' lang='lat' dir='ltr'><strong>Ergo</strong></span> <span class='ocrx_word' id='word_1_521' title='bbox 1585 523 1611 549; x_wconf 82' lang='lat' dir='ltr'><strong>iit</strong></span> <span class='ocrx_word' id='word_1_522' title='bbox 1623 525 1651 549; x_wconf 91' lang='lat' dir='ltr'><strong>ut</strong></span> <span class='ocrx_word' id='word_1_523' title='bbox 1661 521 1760 557; x_wconf 80' lang='lat' dir='ltr'><strong>singuli</strong></span> 
     </span>
    </p>
   </div>
   <div class='ocr_carea' id='block_1_72' title="bbox 983 567 1759 603">
    <p class='ocr_par' dir='ltr' id='par_1_72' title="bbox 983 567 1759 603">
     <span class='ocr_line' id='line_1_72' title="bbox 983 567 1759 603; baseline -0.006 -5"><span class='ocrx_word' id='word_1_524' title='bbox 983 578 1090 598; x_wconf 82' lang='lat' dir='ltr'><strong>menses</strong></span> <span class='ocrx_word' id='word_1_525' title='bbox 1104 571 1261 598; x_wconf 75' lang='lat' dir='ltr'><strong>Graecorum</strong></span> <span class='ocrx_word' id='word_1_526' title='bbox 1274 570 1344 597; x_wconf 89' lang='lat' dir='ltr'><strong>inter</strong></span> <span class='ocrx_word' id='word_1_527' title='bbox 1361 569 1440 596; x_wconf 86' lang='lat' dir='ltr'><strong>binos</strong></span> <span class='ocrx_word' id='word_1_528' title='bbox 1453 576 1558 603; x_wconf 73' lang='lat' dir='ltr'><strong>semper</strong></span> <span class='ocrx_word' id='word_1_529' title='bbox 1576 567 1759 594; x_wconf 80' lang='lat' dir='ltr'><strong>Romanorum</strong></span> 
     </span>
    </p>
   </div>
   <div class='ocr_carea' id='block_1_73' title="bbox 983 614 1759 652">
    <p class='ocr_par' dir='ltr' id='par_1_73' title="bbox 983 614 1759 652">
     <span class='ocr_line' id='line_1_73' title="bbox 983 614 1759 652; baseline -0.008 -8"><span class='ocrx_word' id='word_1_530' title='bbox 983 617 1129 652; x_wconf 79' lang='lat' dir='ltr'><strong>ambigam.</strong></span> <span class='ocrx_word' id='word_1_531' title='bbox 1149 616 1270 651; x_wconf 73' lang='lat' dir='ltr'><strong>Exempli</strong></span> <span class='ocrx_word' id='word_1_532' title='bbox 1288 615 1375 651; x_wconf 77' lang='lat' dir='ltr'><strong>gratia</strong></span> <span class='ocrx_word' id='word_1_533' title='bbox 1394 625 1400 642; x_wconf 88' lang='lat'><strong>:</strong></span> <span class='ocrx_word' id='word_1_534' title='bbox 1421 614 1630 642; x_wconf 81' lang='lat' dir='ltr'><strong>llecatoutbacon</strong></span> <span class='ocrx_word' id='word_1_535' title='bbox 1657 618 1759 648; x_wconf 90' lang='lat' dir='ltr'><strong>partem</strong></span> 
     </span>
    </p>
   </div>
   <div class='ocr_carea' id='block_1_74' title="bbox 982 658 1760 698">
    <p class='ocr_par' dir='ltr' id='par_1_74' title="bbox 982 658 1760 698">
     <span class='ocr_line' id='line_1_74' title="bbox 982 658 1760 698; baseline -0.006 -9"><span class='ocrx_word' id='word_1_536' title='bbox 982 663 1066 696; x_wconf 86' lang='lat' dir='ltr'><strong>Junii,</strong></span> <span class='ocrx_word' id='word_1_537' title='bbox 1079 666 1105 690; x_wconf 88' lang='lat' dir='ltr'><strong>et</strong></span> <span class='ocrx_word' id='word_1_538' title='bbox 1119 666 1223 698; x_wconf 86' lang='lat' dir='ltr'><strong>partem</strong></span> <span class='ocrx_word' id='word_1_539' title='bbox 1238 661 1302 689; x_wconf 86' lang='lat' dir='ltr'><strong>Julii</strong></span> <span class='ocrx_word' id='word_1_540' title='bbox 1320 661 1446 696; x_wconf 75' lang='lat' dir='ltr'><strong>attingit;</strong></span> <span class='ocrx_word' id='word_1_541' title='bbox 1461 659 1635 695; x_wconf 74' lang='lat' dir='ltr'><strong>Metagitnion</strong></span> <span class='ocrx_word' id='word_1_542' title='bbox 1654 658 1718 685; x_wconf 83' lang='lat' dir='ltr'><strong>Julii</strong></span> <span class='ocrx_word' id='word_1_543' title='bbox 1733 660 1760 685; x_wconf 91' lang='lat' dir='ltr'><strong>et</strong></span> 
     </span>
    </p>
   </div>
   <div class='ocr_carea' id='block_1_75' title="bbox 983 702 1759 745">
    <p class='ocr_par' dir='ltr' id='par_1_75' title="bbox 983 702 1759 745">
     <span class='ocr_line' id='line_1_75' title="bbox 983 702 1759 745; baseline -0.01 -8"><span class='ocrx_word' id='word_1_544' title='bbox 983 710 1097 745; x_wconf 76' lang='lat' dir='ltr'><strong>Augusti</strong></span> <span class='ocrx_word' id='word_1_545' title='bbox 1109 718 1116 742; x_wconf 88' lang='lat'>;</span> <span class='ocrx_word' id='word_1_546' title='bbox 1133 702 1312 735; x_wconf 68' lang='lat' dir='ltr'><strong>Bocdromion</strong></span> <span class='ocrx_word' id='word_1_547' title='bbox 1325 706 1440 742; x_wconf 76' lang='lat' dir='ltr'><strong>Augusti</strong></span> <span class='ocrx_word' id='word_1_548' title='bbox 1453 710 1478 733; x_wconf 87' lang='lat' dir='ltr'><strong>et</strong></span> <span class='ocrx_word' id='word_1_549' title='bbox 1487 704 1664 740; x_wconf 87' lang='lat' dir='ltr'><strong>Septembris.</strong></span> <span class='ocrx_word' id='word_1_550' title='bbox 1678 703 1759 730; x_wconf 89' lang='lat' dir='ltr'><strong>Simi-</strong></span> 
     </span>
    </p>
   </div>
   <div class='ocr_carea' id='block_1_76' title="bbox 983 750 1758 789">
    <p class='ocr_par' dir='ltr' id='par_1_76' title="bbox 983 750 1758 789">
     <span class='ocr_line' id='line_1_76' title="bbox 983 750 1758 789; baseline -0.009 -7"><span class='ocrx_word' id='word_1_551' title='bbox 983 755 1043 782; x_wconf 83' lang='lat' dir='ltr'><strong>liter</strong></span> <span class='ocrx_word' id='word_1_552' title='bbox 1058 762 1122 782; x_wconf 77' lang='lat' dir='ltr'><strong>vero</strong></span> <span class='ocrx_word' id='word_1_553' title='bbox 1136 754 1232 789; x_wconf 81' lang='lat' dir='ltr'><strong>reliqui</strong></span> <span class='ocrx_word' id='word_1_554' title='bbox 1246 761 1340 780; x_wconf 87' lang='lat' dir='ltr'><strong>onmcs</strong></span> <span class='ocrx_word' id='word_1_555' title='bbox 1354 761 1409 780; x_wconf 91' lang='lat' dir='ltr'><strong>non</strong></span> <span class='ocrx_word' id='word_1_556' title='bbox 1425 759 1487 779; x_wconf 86' lang='lat' dir='ltr'><strong>raro</strong></span> <span class='ocrx_word' id='word_1_557' title='bbox 1504 759 1564 779; x_wconf 87' lang='lat' dir='ltr'><strong>sese</strong></span> <span class='ocrx_word' id='word_1_558' title='bbox 1576 750 1694 785; x_wconf 64' lang='lat' dir='ltr'><strong>praebent</strong></span> <span class='ocrx_word' id='word_1_559' title='bbox 1709 757 1758 775; x_wconf 89' lang='lat' dir='ltr'><strong>an-</strong></span> 
     </span>
    </p>
   </div>
   <div class='ocr_carea' id='block_1_77' title="bbox 983 795 1760 836">
    <p class='ocr_par' dir='ltr' id='par_1_77' title="bbox 983 795 1760 836">
     <span class='ocr_line' id='line_1_77' title="bbox 983 795 1760 836; baseline -0.01 -8"><span class='ocrx_word' id='word_1_560' title='bbox 983 801 1089 836; x_wconf 83' lang='lat' dir='ltr'><strong>cipites,</strong></span> <span class='ocrx_word' id='word_1_561' title='bbox 1102 799 1265 835; x_wconf 79' lang='lat' dir='ltr'><strong>quandoque</strong></span> <span class='ocrx_word' id='word_1_562' title='bbox 1276 799 1357 826; x_wconf 86' lang='lat' dir='ltr'><strong>etiam</strong></span> <span class='ocrx_word' id='word_1_563' title='bbox 1373 798 1503 833; x_wconf 84' lang='lat' dir='ltr'><strong>aequales,</strong></span> <span class='ocrx_word' id='word_1_564' title='bbox 1522 801 1551 824; x_wconf 91' lang='lat' dir='ltr'><strong>ut</strong></span> <span class='ocrx_word' id='word_1_565' title='bbox 1564 796 1604 823; x_wconf 76' lang='lat' dir='ltr'><strong>vel</strong></span> <span class='ocrx_word' id='word_1_566' title='bbox 1620 795 1760 830; x_wconf 85' lang='lat' dir='ltr'><strong>superiore</strong></span> 
     </span>
    </p>
   </div>
   <div class='ocr_carea' id='block_1_78' title="bbox 948 835 1760 880">
    <p class='ocr_par' dir='ltr' id='par_1_78' title="bbox 948 835 1760 880">
     <span class='ocr_line' id='line_1_78' title="bbox 948 835 1760 880; baseline -0.009 -6"><span class='ocrx_word' id='word_1_567' title='bbox 948 835 967 863; x_wconf 73' lang='grc' dir='ltr'><strong><em>Β</em></strong></span> <span class='ocrx_word' id='word_1_568' title='bbox 983 835 1054 874; x_wconf 82' lang='lat' dir='ltr'><strong>anno</strong></span> <span class='ocrx_word' id='word_1_569' title='bbox 1070 847 1162 873; x_wconf 78' lang='lat' dir='ltr'><strong>lunam</strong></span> <span class='ocrx_word' id='word_1_570' title='bbox 1178 853 1275 872; x_wconf 80' lang='lat' dir='ltr'><strong>noram</strong></span> <span class='ocrx_word' id='word_1_571' title='bbox 1292 853 1353 871; x_wconf 90' lang='lat' dir='ltr'><strong>cum</strong></span> <span class='ocrx_word' id='word_1_572' title='bbox 1369 844 1470 880; x_wconf 82' lang='lat' dir='ltr'><strong>Aprilis</strong></span> <span class='ocrx_word' id='word_1_573' title='bbox 1484 842 1613 870; x_wconf 84' lang='lat' dir='ltr'><strong>Kalendis</strong></span> <span class='ocrx_word' id='word_1_574' title='bbox 1625 841 1760 869; x_wconf 83' lang='lat' dir='ltr'><strong>solaribus</strong></span> 
     </span>
    </p>
   </div>
   <div class='ocr_carea' id='block_1_79' title="bbox 983 888 1758 926">
    <p class='ocr_par' dir='ltr' id='par_1_79' title="bbox 983 888 1758 926">
     <span class='ocr_line' id='line_1_79' title="bbox 983 888 1758 926; baseline -0.009 -6"><span class='ocrx_word' id='word_1_575' title='bbox 983 892 1099 926; x_wconf 73' lang='lat' dir='ltr'><strong>contigit</strong></span> <span class='ocrx_word' id='word_1_576' title='bbox 1120 899 1269 926; x_wconf 82' lang='lat' dir='ltr'><strong>emergere.</strong></span> <span class='ocrx_word' id='word_1_577' title='bbox 1285 890 1379 926; x_wconf 70' lang='lat' dir='ltr'><strong>Opera:</strong></span> <span class='ocrx_word' id='word_1_578' title='bbox 1395 895 1483 917; x_wconf 86' lang='lat' dir='ltr'><strong>tamen</strong></span> <span class='ocrx_word' id='word_1_579' title='bbox 1497 889 1611 924; x_wconf 83' lang='lat' dir='ltr'><strong>pretium</strong></span> <span class='ocrx_word' id='word_1_580' title='bbox 1634 892 1675 916; x_wconf 86' lang='lat' dir='ltr'><strong>est</strong></span> <span class='ocrx_word' id='word_1_581' title='bbox 1691 888 1758 915; x_wconf 84' lang='lat' dir='ltr'><strong>sim-</strong></span> 
     </span>
    </p>
   </div>
   <div class='ocr_carea' id='block_1_80' title="bbox 983 933 1756 974">
    <p class='ocr_par' dir='ltr' id='par_1_80' title="bbox 983 933 1756 974">
     <span class='ocr_line' id='line_1_80' title="bbox 983 933 1756 974; baseline -0.006 -9"><span class='ocrx_word' id='word_1_582' title='bbox 983 939 1089 974; x_wconf 84' lang='lat' dir='ltr'><strong>pliciter</strong></span> <span class='ocrx_word' id='word_1_583' title='bbox 1102 945 1117 964; x_wconf 93' lang='lat' dir='ltr'><strong>a</strong></span> <span class='ocrx_word' id='word_1_584' title='bbox 1135 937 1226 972; x_wconf 87' lang='lat' dir='ltr'><strong>priore</strong></span> <span class='ocrx_word' id='word_1_585' title='bbox 1242 944 1334 964; x_wconf 89' lang='lat' dir='ltr'><strong>mense</strong></span> <span class='ocrx_word' id='word_1_586' title='bbox 1351 936 1534 970; x_wconf 83' lang='lat' dir='ltr'><strong>interpretari.</strong></span> <span class='ocrx_word' id='word_1_587' title='bbox 1552 934 1633 962; x_wconf 76' lang='lat' dir='ltr'><strong>Verbi</strong></span> <span class='ocrx_word' id='word_1_588' title='bbox 1650 933 1737 969; x_wconf 79' lang='lat' dir='ltr'><strong>gratia</strong></span> <span class='ocrx_word' id='word_1_589' title='bbox 1751 943 1756 960; x_wconf 93' lang='lat'><strong>:</strong></span> 
     </span>
    </p>
   </div>
   <div class='ocr_carea' id='block_1_81' title="bbox 983 980 1758 1018">
    <p class='ocr_par' dir='ltr' id='par_1_81' title="bbox 983 980 1758 1018">
     <span class='ocr_line' id='line_1_81' title="bbox 983 980 1758 1018; baseline -0.006 -7"><span class='ocrx_word' id='word_1_590' title='bbox 983 984 1204 1011; x_wconf 84' lang='lat' dir='ltr'><strong>Boedromionem</strong></span> <span class='ocrx_word' id='word_1_591' title='bbox 1214 983 1362 1018; x_wconf 75' lang='lat' dir='ltr'><strong>Augustum</strong></span> <span class='ocrx_word' id='word_1_592' title='bbox 1374 983 1464 1016; x_wconf 87' lang='lat' dir='ltr'><strong>potius</strong></span> <span class='ocrx_word' id='word_1_593' title='bbox 1472 989 1552 1016; x_wconf 90' lang='lat' dir='ltr'><strong>quam</strong></span> <span class='ocrx_word' id='word_1_594' title='bbox 1563 980 1758 1015; x_wconf 81' lang='lat' dir='ltr'><strong>Septembrem,</strong></span> 
     </span>
    </p>
   </div>
   <div class='ocr_carea' id='block_1_82' title="bbox 983 1027 1757 1062">
    <p class='ocr_par' dir='ltr' id='par_1_82' title="bbox 983 1027 1757 1062">
     <span class='ocr_line' id='line_1_82' title="bbox 983 1027 1757 1062; baseline -0.004 -6"><span class='ocrx_word' id='word_1_595' title='bbox 983 1033 1012 1056; x_wconf 90' lang='lat' dir='ltr'><strong>ut</strong></span> <span class='ocrx_word' id='word_1_596' title='bbox 1022 1029 1131 1056; x_wconf 78' lang='lat' dir='ltr'><strong>aestivus</strong></span> <span class='ocrx_word' id='word_1_597' title='bbox 1143 1029 1192 1062; x_wconf 82' lang='lat' dir='ltr'><strong>sit;</strong></span> <span class='ocrx_word' id='word_1_598' title='bbox 1208 1029 1305 1056; x_wconf 89' lang='lat' dir='ltr'><strong>tertius</strong></span> <span class='ocrx_word' id='word_1_599' title='bbox 1318 1029 1390 1056; x_wconf 89' lang='lat' dir='ltr'><strong>enim</strong></span> <span class='ocrx_word' id='word_1_600' title='bbox 1407 1032 1448 1055; x_wconf 90' lang='lat' dir='ltr'><strong>est</strong></span> <span class='ocrx_word' id='word_1_601' title='bbox 1461 1028 1494 1055; x_wconf 89' lang='lat' dir='ltr'><strong>ab</strong></span> <span class='ocrx_word' id='word_1_602' title='bbox 1511 1027 1734 1054; x_wconf 85' lang='lat' dir='ltr'><strong>llccatomhaeone</strong></span> <span class='ocrx_word' id='word_1_603' title='bbox 1749 1035 1757 1053; x_wconf 84' lang='lat'><strong>:</strong></span> 
     </span>
    </p>
   </div>
   <div class='ocr_carea' id='block_1_83' title="bbox 982 1073 1758 1110">
    <p class='ocr_par' dir='ltr' id='par_1_83' title="bbox 982 1073 1758 1110">
     <span class='ocr_line' id='line_1_83' title="bbox 982 1073 1758 1110; baseline -0.005 -8"><span class='ocrx_word' id='word_1_604' title='bbox 982 1075 1009 1102; x_wconf 88' lang='lat' dir='ltr'><strong>in</strong></span> <span class='ocrx_word' id='word_1_605' title='bbox 1025 1082 1088 1110; x_wconf 87' lang='lat' dir='ltr'><strong>quo,</strong></span> <span class='ocrx_word' id='word_1_606' title='bbox 1114 1078 1144 1102; x_wconf 90' lang='lat' dir='ltr'><strong>ut</strong></span> <span class='ocrx_word' id='word_1_607' title='bbox 1158 1074 1371 1102; x_wconf 82' lang='lat' dir='ltr'><strong>demonstratum</strong></span> <span class='ocrx_word' id='word_1_608' title='bbox 1397 1079 1449 1106; x_wconf 85' lang='lat' dir='ltr'><strong>est,</strong></span> <span class='ocrx_word' id='word_1_609' title='bbox 1463 1074 1586 1101; x_wconf 64' lang='lat' dir='ltr'><strong>aestivum</strong></span> <span class='ocrx_word' id='word_1_610' title='bbox 1613 1073 1758 1100; x_wconf 82' lang='lat' dir='ltr'><strong>solstitium</strong></span> 
     </span>
    </p>
   </div>
   <div class='ocr_carea' id='block_1_84' title="bbox 983 1119 1760 1155">
    <p class='ocr_par' dir='ltr' id='par_1_84' title="bbox 983 1119 1760 1155">
     <span class='ocr_line' id='line_1_84' title="bbox 983 1119 1760 1155; baseline -0.003 -7"><span class='ocrx_word' id='word_1_611' title='bbox 983 1122 1136 1148; x_wconf 85' lang='lat' dir='ltr'><strong>coniicitur.</strong></span> <span class='ocrx_word' id='word_1_612' title='bbox 1156 1121 1228 1147; x_wconf 72' lang='lat' dir='ltr'><strong>Nihil</strong></span> <span class='ocrx_word' id='word_1_613' title='bbox 1241 1128 1322 1155; x_wconf 87' lang='lat' dir='ltr'><strong>porro</strong></span> <span class='ocrx_word' id='word_1_614' title='bbox 1337 1120 1430 1147; x_wconf 89' lang='lat' dir='ltr'><strong>Galeni</strong></span> <span class='ocrx_word' id='word_1_615' title='bbox 1452 1120 1592 1152; x_wconf 87' lang='lat' dir='ltr'><strong>intererat,</strong></span> <span class='ocrx_word' id='word_1_616' title='bbox 1612 1119 1645 1147; x_wconf 88' lang='lat' dir='ltr'><strong>ad</strong></span> <span class='ocrx_word' id='word_1_617' title='bbox 1664 1119 1760 1146; x_wconf 88' lang='lat' dir='ltr'><strong>abietis</strong></span> 
     </span>
    </p>
   </div>
   <div class='ocr_carea' id='block_1_85' title="bbox 983 1166 1761 1202">
    <p class='ocr_par' dir='ltr' id='par_1_85' title="bbox 983 1166 1761 1202">
     <span class='ocr_line' id='line_1_85' title="bbox 983 1166 1761 1202; baseline -0.005 -7"><span class='ocrx_word' id='word_1_618' title='bbox 983 1175 1073 1195; x_wconf 86' lang='lat' dir='ltr'><strong>semen</strong></span> <span class='ocrx_word' id='word_1_619' title='bbox 1094 1172 1120 1194; x_wconf 88' lang='lat' dir='ltr'><strong>et</strong></span> <span class='ocrx_word' id='word_1_620' title='bbox 1138 1167 1362 1202; x_wconf 85' lang='lat' dir='ltr'><strong>compositionem</strong></span> <span class='ocrx_word' id='word_1_621' title='bbox 1387 1166 1474 1201; x_wconf 85' lang='lat' dir='ltr'><strong>acopi,</strong></span> <span class='ocrx_word' id='word_1_622' title='bbox 1502 1166 1559 1194; x_wconf 86' lang='lat' dir='ltr'><strong>sive</strong></span> <span class='ocrx_word' id='word_1_623' title='bbox 1586 1172 1601 1192; x_wconf 91' lang='lat' dir='ltr'><strong>a</strong></span> <span class='ocrx_word' id='word_1_624' title='bbox 1631 1167 1761 1200; x_wconf 83' lang='lat' dir='ltr'><strong>sequente</strong></span> 
     </span>
    </p>
   </div>
   <div class='ocr_carea' id='block_1_86' title="bbox 985 1211 1761 1249">
    <p class='ocr_par' dir='ltr' id='par_1_86' title="bbox 985 1211 1761 1249">
     <span class='ocr_line' id='line_1_86' title="bbox 985 1211 1761 1249; baseline -0.005 -8"><span class='ocrx_word' id='word_1_625' title='bbox 985 1213 1152 1249; x_wconf 84' lang='lat' dir='ltr'><strong>September,</strong></span> <span class='ocrx_word' id='word_1_626' title='bbox 1169 1214 1225 1241; x_wconf 84' lang='lat' dir='ltr'><strong>sire</strong></span> <span class='ocrx_word' id='word_1_627' title='bbox 1244 1220 1259 1240; x_wconf 90' lang='lat' dir='ltr'><strong>a</strong></span> <span class='ocrx_word' id='word_1_628' title='bbox 1274 1212 1442 1247; x_wconf 67' lang='lat' dir='ltr'><strong>prmcedcnte</strong></span> <span class='ocrx_word' id='word_1_629' title='bbox 1458 1211 1598 1245; x_wconf 74' lang='lat' dir='ltr'><strong>Augustus</strong></span> <span class='ocrx_word' id='word_1_630' title='bbox 1612 1214 1761 1238; x_wconf 85' lang='lat' dir='ltr'><strong>verteretur</strong></span> 
     </span>
    </p>
   </div>
   <div class='ocr_carea' id='block_1_87' title="bbox 984 1256 1761 1294">
    <p class='ocr_par' dir='ltr' id='par_1_87' title="bbox 984 1256 1761 1294">
     <span class='ocr_line' id='line_1_87' title="bbox 984 1256 1761 1294; baseline -0.006 -8"><span class='ocrx_word' id='word_1_631' title='bbox 984 1259 1028 1286; x_wconf 87' lang='lat' dir='ltr'><strong>ille</strong></span> <span class='ocrx_word' id='word_1_632' title='bbox 1040 1259 1228 1294; x_wconf 78' lang='lat' dir='ltr'><strong>mysteriorum</strong></span> <span class='ocrx_word' id='word_1_633' title='bbox 1244 1258 1345 1284; x_wconf 87' lang='lat' dir='ltr'><strong>mensis</strong></span> <span class='ocrx_word' id='word_1_634' title='bbox 1356 1265 1363 1289; x_wconf 86' lang='lat'>;</span> <span class='ocrx_word' id='word_1_635' title='bbox 1377 1256 1527 1291; x_wconf 69' lang='lat' dir='ltr'><strong>prmscrtim</strong></span> <span class='ocrx_word' id='word_1_636' title='bbox 1536 1263 1597 1283; x_wconf 91' lang='lat' dir='ltr'><strong>cum</strong></span> <span class='ocrx_word' id='word_1_637' title='bbox 1607 1256 1721 1283; x_wconf 87' lang='lat' dir='ltr'><strong>solstitia</strong></span> <span class='ocrx_word' id='word_1_638' title='bbox 1734 1259 1761 1282; x_wconf 75' lang='lat' dir='ltr'><strong>et</strong></span> 
     </span>
    </p>
   </div>
   <div class='ocr_carea' id='block_1_88' title="bbox 983 1301 1760 1339">
    <p class='ocr_par' dir='ltr' id='par_1_88' title="bbox 983 1301 1760 1339">
     <span class='ocr_line' id='line_1_88' title="bbox 983 1301 1760 1339; baseline -0.005 -9"><span class='ocrx_word' id='word_1_639' title='bbox 983 1304 1144 1339; x_wconf 68' lang='lat' dir='ltr'><strong>arquinootia</strong></span> <span class='ocrx_word' id='word_1_640' title='bbox 1160 1303 1237 1338; x_wconf 71' lang='lat'><strong>162</strong></span> <span class='ocrx_word' id='word_1_641' title='bbox 1263 1302 1373 1329; x_wconf 84' lang='lat' dir='ltr'><strong>circiter</strong></span> <span class='ocrx_word' id='word_1_642' title='bbox 1389 1307 1535 1336; x_wconf 89' lang='lat' dir='ltr'><strong>quartum,</strong></span> <span class='ocrx_word' id='word_1_643' title='bbox 1552 1306 1578 1328; x_wconf 92' lang='lat' dir='ltr'><strong>et</strong></span> <span class='ocrx_word' id='word_1_644' title='bbox 1601 1301 1760 1328; x_wconf 87' lang='lat' dir='ltr'><strong>vicesimum</strong></span> 
     </span>
    </p>
   </div>
   <div class='ocr_carea' id='block_1_89' title="bbox 984 1346 1761 1377">
    <p class='ocr_par' dir='ltr' id='par_1_89' title="bbox 984 1346 1761 1377">
     <span class='ocr_line' id='line_1_89' title="bbox 984 1346 1761 1377; baseline -0.004 0"><span class='ocrx_word' id='word_1_645' title='bbox 984 1350 1052 1377; x_wconf 84' lang='lat' dir='ltr'><strong>diem</strong></span> <span class='ocrx_word' id='word_1_646' title='bbox 1073 1349 1174 1376; x_wconf 83' lang='lat' dir='ltr'><strong>mensis</strong></span> <span class='ocrx_word' id='word_1_647' title='bbox 1199 1348 1314 1375; x_wconf 75' lang='lat' dir='ltr'><strong>lioinani</strong></span> <span class='ocrx_word' id='word_1_648' title='bbox 1339 1348 1373 1374; x_wconf 84' lang='lat' dir='ltr'><strong>ab</strong></span> <span class='ocrx_word' id='word_1_649' title='bbox 1396 1348 1467 1375; x_wconf 90' lang='lat' dir='ltr'><strong>illius</strong></span> <span class='ocrx_word' id='word_1_650' title='bbox 1492 1347 1583 1374; x_wconf 76' lang='lat' dir='ltr'><strong>saeculi</strong></span> <span class='ocrx_word' id='word_1_651' title='bbox 1605 1346 1761 1374; x_wconf 87' lang='lat' dir='ltr'><strong>hominibus</strong></span> 
     </span>
    </p>
   </div>
   <div class='ocr_carea' id='block_1_90' title="bbox 984 1392 1759 1431">
    <p class='ocr_par' dir='ltr' id='par_1_90' title="bbox 984 1392 1759 1431">
     <span class='ocr_line' id='line_1_90' title="bbox 984 1392 1759 1431; baseline -0.005 -9"><span class='ocrx_word' id='word_1_652' title='bbox 984 1396 1158 1431; x_wconf 69' lang='lat' dir='ltr'><strong>sign-urentur</strong></span> <span class='ocrx_word' id='word_1_653' title='bbox 1175 1404 1181 1422; x_wconf 89' lang='lat'><strong>:</strong></span> <span class='ocrx_word' id='word_1_654' title='bbox 1198 1398 1224 1421; x_wconf 90' lang='lat' dir='ltr'><strong>ct</strong></span> <span class='ocrx_word' id='word_1_655' title='bbox 1247 1397 1377 1429; x_wconf 85' lang='lat' dir='ltr'><strong>praeterea</strong></span> <span class='ocrx_word' id='word_1_656' title='bbox 1395 1393 1596 1428; x_wconf 66' lang='lat' dir='ltr'><strong>aequinoctialis</strong></span> <span class='ocrx_word' id='word_1_657' title='bbox 1623 1392 1759 1420; x_wconf 75' lang='lat' dir='ltr'><strong>interdum</strong></span> 
     </span>
    </p>
   </div>
   <div class='ocr_carea' id='block_1_91' title="bbox 985 1438 1760 1475">
    <p class='ocr_par' dir='ltr' id='par_1_91' title="bbox 985 1438 1760 1475">
     <span class='ocr_line' id='line_1_91' title="bbox 985 1438 1760 1475; baseline -0.006 -6"><span class='ocrx_word' id='word_1_658' title='bbox 985 1442 1054 1469; x_wconf 83' lang='lat' dir='ltr'><strong>foret</strong></span> <span class='ocrx_word' id='word_1_659' title='bbox 1067 1441 1258 1472; x_wconf 89' lang='lat' dir='ltr'><strong>Boedromion,</strong></span> <span class='ocrx_word' id='word_1_660' title='bbox 1274 1448 1335 1467; x_wconf 90' lang='lat' dir='ltr'><strong>cum</strong></span> <span class='ocrx_word' id='word_1_661' title='bbox 1347 1440 1439 1475; x_wconf 83' lang='lat' dir='ltr'><strong>plures</strong></span> <span class='ocrx_word' id='word_1_662' title='bbox 1450 1441 1610 1473; x_wconf 88' lang='lat' dir='ltr'><strong>supererant</strong></span> <span class='ocrx_word' id='word_1_663' title='bbox 1625 1438 1682 1465; x_wconf 90' lang='lat' dir='ltr'><strong>dies</strong></span> <span class='ocrx_word' id='word_1_664' title='bbox 1699 1441 1760 1473; x_wconf 85' lang='lat' dir='ltr'><strong>post</strong></span> 
     </span>
    </p>
   </div>
   <div class='ocr_carea' id='block_1_92' title="bbox 986 1484 1760 1519">
    <p class='ocr_par' dir='ltr' id='par_1_92' title="bbox 986 1484 1760 1519">
     <span class='ocr_line' id='line_1_92' title="bbox 986 1484 1760 1519; baseline -0.005 -5"><span class='ocrx_word' id='word_1_665' title='bbox 986 1487 1144 1514; x_wconf 88' lang='lat' dir='ltr'><strong>solstitium.</strong></span> <span class='ocrx_word' id='word_1_666' title='bbox 1170 1486 1247 1513; x_wconf 79' lang='lat' dir='ltr'><strong>Unde</strong></span> <span class='ocrx_word' id='word_1_667' title='bbox 1270 1486 1351 1512; x_wconf 85' lang='lat' dir='ltr'><strong>etiam</strong></span> <span class='ocrx_word' id='word_1_668' title='bbox 1375 1485 1535 1513; x_wconf 83' lang='lat' dir='ltr'><strong>Aristoteles</strong></span> <span class='ocrx_word' id='word_1_669' title='bbox 1561 1484 1643 1517; x_wconf 86' lang='lat' dir='ltr'><strong>dicit,</strong></span> <span class='ocrx_word' id='word_1_670' title='bbox 1669 1493 1678 1510; x_wconf 76' lang='grc' dir='ltr'><strong>ι</strong></span> <span class='ocrx_word' id='word_1_671' title='bbox 1700 1489 1760 1519; x_wconf 90' lang='lat' dir='ltr'><strong>post</strong></span> 
     </span>
    </p>
   </div>
   <div class='ocr_carea' id='block_1_93' title="bbox 985 1529 1760 1565">
    <p class='ocr_par' dir='ltr' id='par_1_93' title="bbox 985 1529 1760 1565">
     <span class='ocr_line' id='line_1_93' title="bbox 985 1529 1760 1565; baseline -0.005 -5"><span class='ocrx_word' id='word_1_672' title='bbox 985 1537 1123 1560; x_wconf 88' lang='lat' dir='ltr'><strong>arcturum</strong></span> <span class='ocrx_word' id='word_1_673' title='bbox 1147 1533 1255 1559; x_wconf 91' lang='lat' dir='ltr'><strong>circiter</strong></span> <span class='ocrx_word' id='word_1_674' title='bbox 1284 1531 1527 1564; x_wconf 86' lang='lat' dir='ltr'><strong>Boedromionem,</strong></span> <span class='ocrx_word' id='word_1_675' title='bbox 1554 1540 1563 1556; x_wconf 86' lang='lat' dir='ltr'><strong>I</strong></span> <span class='ocrx_word' id='word_1_676' title='bbox 1585 1529 1760 1565; x_wconf 87' lang='lat' dir='ltr'><strong>quemadmo-</strong></span> 
     </span>
    </p>
   </div>
   <div class='ocr_carea' id='block_1_94' title="bbox 984 1575 1760 1613">
    <p class='ocr_par' dir='ltr' id='par_1_94' title="bbox 984 1575 1760 1613">
     <span class='ocr_line' id='line_1_94' title="bbox 984 1575 1760 1613; baseline -0.005 -8"><span class='ocrx_word' id='word_1_677' title='bbox 984 1578 1047 1605; x_wconf 88' lang='lat' dir='ltr'><strong>dum</strong></span> <span class='ocrx_word' id='word_1_678' title='bbox 1064 1583 1158 1605; x_wconf 87' lang='lat' dir='ltr'><strong>contra</strong></span> <span class='ocrx_word' id='word_1_679' title='bbox 1175 1581 1285 1613; x_wconf 85' lang='lat' dir='ltr'><strong>peracto</strong></span> <span class='ocrx_word' id='word_1_680' title='bbox 1296 1577 1367 1604; x_wconf 87' lang='lat' dir='ltr'><strong>circa</strong></span> <span class='ocrx_word' id='word_1_681' title='bbox 1379 1576 1547 1604; x_wconf 85' lang='lat' dir='ltr'><strong>desinentem</strong></span> <span class='ocrx_word' id='word_1_682' title='bbox 1556 1575 1760 1603; x_wconf 80' lang='lat' dir='ltr'><strong>Hecatomme-</strong></span> 
     </span>
    </p>
   </div>
   <div class='ocr_carea' id='block_1_95' title="bbox 983 1621 1761 1655">
    <p class='ocr_par' dir='ltr' id='par_1_95' title="bbox 983 1621 1761 1655">
     <span class='ocr_line' id='line_1_95' title="bbox 983 1621 1761 1655; baseline -0.005 -4"><span class='ocrx_word' id='word_1_683' title='bbox 983 1632 1044 1652; x_wconf 90' lang='lat' dir='ltr'><strong>nem</strong></span> <span class='ocrx_word' id='word_1_684' title='bbox 1060 1623 1177 1650; x_wconf 86' lang='lat' dir='ltr'><strong>solstitio</strong></span> <span class='ocrx_word' id='word_1_685' title='bbox 1196 1623 1286 1650; x_wconf 85' lang='lat' dir='ltr'><strong>evenit</strong></span> <span class='ocrx_word' id='word_1_686' title='bbox 1300 1622 1449 1649; x_wconf 79' lang='lat' dir='ltr'><strong>vindemias</strong></span> <span class='ocrx_word' id='word_1_687' title='bbox 1466 1622 1533 1652; x_wconf 84' lang='lat' dir='ltr'><strong>ﬁeri,</strong></span> <span class='ocrx_word' id='word_1_688' title='bbox 1548 1622 1620 1648; x_wconf 83' lang='lat' dir='ltr'><strong>circa</strong></span> <span class='ocrx_word' id='word_1_689' title='bbox 1631 1621 1761 1655; x_wconf 87' lang='lat' dir='ltr'><strong>incipien-</strong></span> 
     </span>
    </p>
   </div>
   <div class='ocr_carea' id='block_1_96' title="bbox 985 1666 1760 1704">
    <p class='ocr_par' dir='ltr' id='par_1_96' title="bbox 985 1666 1760 1704">
     <span class='ocr_line' id='line_1_96' title="bbox 985 1666 1760 1704; baseline -0.004 -8"><span class='ocrx_word' id='word_1_690' title='bbox 985 1674 1037 1696; x_wconf 87' lang='lat' dir='ltr'><strong>tem</strong></span> <span class='ocrx_word' id='word_1_691' title='bbox 1054 1668 1288 1704; x_wconf 75' lang='lat' dir='ltr'><strong>Pyanepsionem:</strong></span> <span class='ocrx_word' id='word_1_692' title='bbox 1305 1673 1334 1695; x_wconf 92' lang='lat' dir='ltr'><strong>ut</strong></span> <span class='ocrx_word' id='word_1_693' title='bbox 1350 1667 1513 1695; x_wconf 81' lang='lat' dir='ltr'><strong>Plutarchus</strong></span> <span class='ocrx_word' id='word_1_694' title='bbox 1528 1667 1659 1694; x_wconf 85' lang='lat' dir='ltr'><strong>accidisse</strong></span> <span class='ocrx_word' id='word_1_695' title='bbox 1675 1666 1760 1701; x_wconf 75' lang='lat' dir='ltr'><strong>signi-</strong></span> 
     </span>
    </p>
   </div>
   <div class='ocr_carea' id='block_1_97' title="bbox 985 1712 1759 1749">
    <p class='ocr_par' dir='ltr' id='par_1_97' title="bbox 985 1712 1759 1749">
     <span class='ocr_line' id='line_1_97' title="bbox 985 1712 1759 1749; baseline -0.005 -6"><span class='ocrx_word' id='word_1_696' title='bbox 985 1716 1059 1746; x_wconf 77' lang='lat' dir='ltr'><strong>ﬁcat,</strong></span> <span class='ocrx_word' id='word_1_697' title='bbox 1074 1715 1182 1749; x_wconf 85' lang='lat' dir='ltr'><strong>quando</strong></span> <span class='ocrx_word' id='word_1_698' title='bbox 1196 1713 1317 1741; x_wconf 86' lang='lat' dir='ltr'><strong>Theseus</strong></span> <span class='ocrx_word' id='word_1_699' title='bbox 1328 1722 1342 1741; x_wconf 90' lang='lat' dir='ltr'><strong>e</strong></span> <span class='ocrx_word' id='word_1_700' title='bbox 1355 1713 1433 1740; x_wconf 85' lang='lat' dir='ltr'><strong>Creta</strong></span> <span class='ocrx_word' id='word_1_701' title='bbox 1450 1713 1540 1740; x_wconf 88' lang='lat' dir='ltr'><strong>rediit.</strong></span> <span class='ocrx_word' id='word_1_702' title='bbox 1554 1712 1759 1747; x_wconf 67' lang='lat' dir='ltr'><strong>JEquinoctium</strong></span> 
     </span>
    </p>
   </div>
   <div class='ocr_carea' id='block_1_98' title="bbox 984 1758 1760 1792">
    <p class='ocr_par' dir='ltr' id='par_1_98' title="bbox 984 1758 1760 1792">
     <span class='ocr_line' id='line_1_98' title="bbox 984 1758 1760 1792; baseline -0.004 -5"><span class='ocrx_word' id='word_1_703' title='bbox 984 1761 1055 1788; x_wconf 92' lang='lat' dir='ltr'><strong>enim</strong></span> <span class='ocrx_word' id='word_1_704' title='bbox 1073 1759 1160 1786; x_wconf 80' lang='lat' dir='ltr'><strong>fuerat</strong></span> <span class='ocrx_word' id='word_1_705' title='bbox 1173 1760 1224 1787; x_wconf 86' lang='lat' dir='ltr'><strong>sub</strong></span> <span class='ocrx_word' id='word_1_706' title='bbox 1244 1760 1324 1787; x_wconf 78' lang='lat' dir='ltr'><strong>tinem</strong></span> <span class='ocrx_word' id='word_1_707' title='bbox 1346 1759 1582 1787; x_wconf 66' lang='lat' dir='ltr'><strong>Maemaclerionis.</strong></span> <span class='ocrx_word' id='word_1_708' title='bbox 1601 1758 1760 1792; x_wconf 84' lang='lat' dir='ltr'><strong>Pliniusque</strong></span> 
     </span>
    </p>
   </div>
   <div class='ocr_carea' id='block_1_99' title="bbox 984 1803 1759 1840">
    <p class='ocr_par' dir='ltr' id='par_1_99' title="bbox 984 1803 1759 1840">
     <span class='ocr_line' id='line_1_99' title="bbox 984 1803 1759 1840; baseline -0.001 -8"><span class='ocrx_word' id='word_1_709' title='bbox 984 1805 1161 1832; x_wconf 63' lang='lat' dir='ltr'><strong>aestimandus</strong></span> <span class='ocrx_word' id='word_1_710' title='bbox 1176 1809 1216 1832; x_wconf 89' lang='lat' dir='ltr'><strong>est</strong></span> <span class='ocrx_word' id='word_1_711' title='bbox 1230 1806 1270 1832; x_wconf 88' lang='lat' dir='ltr'><strong>sic</strong></span> <span class='ocrx_word' id='word_1_712' title='bbox 1284 1805 1368 1840; x_wconf 88' lang='lat' dir='ltr'><strong>loqui,</strong></span> <span class='ocrx_word' id='word_1_713' title='bbox 1383 1813 1437 1832; x_wconf 91' lang='lat' dir='ltr'><strong>non</strong></span> <span class='ocrx_word' id='word_1_714' title='bbox 1452 1805 1498 1840; x_wconf 89' lang='lat' dir='ltr'><strong>qui</strong></span> <span class='ocrx_word' id='word_1_715' title='bbox 1513 1804 1594 1831; x_wconf 83' lang='lat' dir='ltr'><strong>verba</strong></span> <span class='ocrx_word' id='word_1_716' title='bbox 1605 1803 1759 1831; x_wconf 80' lang='lat' dir='ltr'><strong>Aristotelis</strong></span> 
     </span>
    </p>
   </div>
   <div class='ocr_carea' id='block_1_100' title="bbox 984 1841 1759 1884">
    <p class='ocr_par' dir='ltr' id='par_1_100' title="bbox 984 1841 1759 1884">
     <span class='ocr_line' id='line_1_100' title="bbox 984 1841 1759 1884; baseline -0.003 -8"><span class='ocrx_word' id='word_1_717' title='bbox 984 1850 1195 1884; x_wconf 86' lang='lat' dir='ltr'><strong>interpretetur,</strong></span> <span class='ocrx_word' id='word_1_718' title='bbox 1215 1849 1261 1877; x_wconf 87' lang='lat' dir='ltr'><strong>sed</strong></span> <span class='ocrx_word' id='word_1_719' title='bbox 1277 1850 1324 1884; x_wconf 91' lang='lat' dir='ltr'><strong>qui</strong></span> <span class='ocrx_word' id='word_1_720' title='bbox 1335 1857 1412 1877; x_wconf 91' lang='lat' dir='ltr'><strong>suam</strong></span> <span class='ocrx_word' id='word_1_721' title='bbox 1429 1849 1462 1877; x_wconf 85' lang='lat' dir='ltr'><strong>de</strong></span> <span class='ocrx_word' id='word_1_722' title='bbox 1477 1841 1589 1884; x_wconf 75' lang='lat' dir='ltr'><strong>piscium</strong></span> <span class='ocrx_word' id='word_1_723' title='bbox 1610 1851 1687 1883; x_wconf 82' lang='lat' dir='ltr'><strong>partu</strong></span> <span class='ocrx_word' id='word_1_724' title='bbox 1711 1855 1759 1875; x_wconf 82' lang='lat' dir='ltr'><strong>ex-</strong></span> 
     </span>
    </p>
   </div>
   <div class='ocr_carea' id='block_1_101' title="bbox 983 1890 1759 1932">
    <p class='ocr_par' dir='ltr' id='par_1_101' title="bbox 983 1890 1759 1932">
     <span class='ocr_line' id='line_1_101' title="bbox 983 1890 1759 1932; baseline -0.001 -9"><span class='ocrx_word' id='word_1_725' title='bbox 983 1897 1083 1932; x_wconf 87' lang='lat' dir='ltr'><strong>primat</strong></span> <span class='ocrx_word' id='word_1_726' title='bbox 1101 1897 1273 1924; x_wconf 86' lang='lat' dir='ltr'><strong>sententiam.</strong></span> <span class='ocrx_word' id='word_1_727' title='bbox 1294 1896 1420 1932; x_wconf 83' lang='lat' dir='ltr'><strong>Nihilque</strong></span> <span class='ocrx_word' id='word_1_728' title='bbox 1442 1890 1540 1924; x_wconf 63' lang='lat' dir='ltr'><strong>mir&#39;um</strong></span> <span class='ocrx_word' id='word_1_729' title='bbox 1563 1900 1615 1928; x_wconf 88' lang='lat' dir='ltr'><strong>est,</strong></span> <span class='ocrx_word' id='word_1_730' title='bbox 1635 1896 1658 1923; x_wconf 89' lang='lat' dir='ltr'><strong>si</strong></span> <span class='ocrx_word' id='word_1_731' title='bbox 1677 1895 1759 1923; x_wconf 85' lang='lat' dir='ltr'><strong>etiam</strong></span> 
     </span>
    </p>
   </div>
   <div class='ocr_carea' id='block_1_102' title="bbox 984 1940 1760 1976">
    <p class='ocr_par' dir='ltr' id='par_1_102' title="bbox 984 1940 1760 1976">
     <span class='ocr_line' id='line_1_102' title="bbox 984 1940 1760 1976; baseline -0.003 -8"><span class='ocrx_word' id='word_1_732' title='bbox 984 1942 1010 1968; x_wconf 93' lang='lat' dir='ltr'><strong>in</strong></span> <span class='ocrx_word' id='word_1_733' title='bbox 1026 1941 1246 1976; x_wconf 75' lang='lat' dir='ltr'><strong>generationibus</strong></span> <span class='ocrx_word' id='word_1_734' title='bbox 1259 1949 1273 1968; x_wconf 84' lang='lat' dir='ltr'><strong>a</strong></span> <span class='ocrx_word' id='word_1_735' title='bbox 1287 1941 1428 1976; x_wconf 82' lang='lat' dir='ltr'><strong>regionum</strong></span> <span class='ocrx_word' id='word_1_736' title='bbox 1439 1941 1595 1969; x_wconf 87' lang='lat' dir='ltr'><strong>diversitate</strong></span> <span class='ocrx_word' id='word_1_737' title='bbox 1610 1940 1697 1967; x_wconf 89' lang='lat' dir='ltr'><strong>oritur</strong></span> <span class='ocrx_word' id='word_1_738' title='bbox 1705 1940 1760 1967; x_wconf 76' lang='lat' dir='ltr'><strong>dif-</strong></span> 
     </span>
    </p>
   </div>
   <div class='ocr_carea' id='block_1_103' title="bbox 984 1986 1759 2022">
    <p class='ocr_par' dir='ltr' id='par_1_103' title="bbox 984 1986 1759 2022">
     <span class='ocr_line' id='line_1_103' title="bbox 984 1986 1759 2022; baseline -0.003 -8"><span class='ocrx_word' id='word_1_739' title='bbox 984 1988 1107 2015; x_wconf 83' lang='lat' dir='ltr'><strong>ferentia.</strong></span> <span class='ocrx_word' id='word_1_740' title='bbox 1121 1986 1220 2014; x_wconf 80' lang='lat' dir='ltr'><strong>Verum</strong></span> <span class='ocrx_word' id='word_1_741' title='bbox 1236 1987 1302 2014; x_wconf 91' lang='lat' dir='ltr'><strong>illud</strong></span> <span class='ocrx_word' id='word_1_742' title='bbox 1319 1991 1437 2019; x_wconf 78' lang='lat' dir='ltr'><strong>constat,</strong></span> <span class='ocrx_word' id='word_1_743' title='bbox 1461 1987 1584 2019; x_wconf 74' lang='lat' dir='ltr'><strong>nutritam,</strong></span> <span class='ocrx_word' id='word_1_744' title='bbox 1607 1990 1636 2013; x_wconf 93' lang='lat' dir='ltr'><strong>ut</strong></span> <span class='ocrx_word' id='word_1_745' title='bbox 1653 1986 1759 2022; x_wconf 90' lang='lat' dir='ltr'><strong>planta-</strong></span> 
     </span>
    </p>
   </div>
   <div class='ocr_carea' id='block_1_104' title="bbox 984 2031 1760 2067">
    <p class='ocr_par' dir='ltr' id='par_1_104' title="bbox 984 2031 1760 2067">
     <span class='ocr_line' id='line_1_104' title="bbox 984 2031 1760 2067; baseline -0.004 -7"><span class='ocrx_word' id='word_1_746' title='bbox 984 2041 1056 2063; x_wconf 84' lang='lat' dir='ltr'><strong>rum.</strong></span> <span class='ocrx_word' id='word_1_747' title='bbox 1075 2033 1112 2060; x_wconf 91' lang='lat' dir='ltr'><strong>ita</strong></span> <span class='ocrx_word' id='word_1_748' title='bbox 1132 2040 1239 2067; x_wconf 89' lang='lat' dir='ltr'><strong>quoque</strong></span> <span class='ocrx_word' id='word_1_749' title='bbox 1257 2032 1424 2063; x_wconf 88' lang='lat' dir='ltr'><strong>animalium,</strong></span> <span class='ocrx_word' id='word_1_750' title='bbox 1446 2039 1501 2058; x_wconf 91' lang='lat' dir='ltr'><strong>non</strong></span> <span class='ocrx_word' id='word_1_751' title='bbox 1523 2031 1550 2058; x_wconf 92' lang='lat' dir='ltr'><strong>in</strong></span> <span class='ocrx_word' id='word_1_752' title='bbox 1576 2031 1760 2066; x_wconf 79' lang='lat' dir='ltr'><strong>magnitudine</strong></span> 
     </span>
    </p>
   </div>
   <div class='ocr_carea' id='block_1_105' title="bbox 986 2076 1760 2112">
    <p class='ocr_par' dir='ltr' id='par_1_105' title="bbox 986 2076 1760 2112">
     <span class='ocr_line' id='line_1_105' title="bbox 986 2076 1760 2112; baseline -0.004 -6"><span class='ocrx_word' id='word_1_753' title='bbox 986 2079 1073 2107; x_wconf 87' lang='lat' dir='ltr'><strong>solum</strong></span> <span class='ocrx_word' id='word_1_754' title='bbox 1089 2078 1236 2112; x_wconf 83' lang='lat' dir='ltr'><strong>habituque</strong></span> <span class='ocrx_word' id='word_1_755' title='bbox 1244 2077 1391 2112; x_wconf 82' lang='lat' dir='ltr'><strong>vegetiore,</strong></span> <span class='ocrx_word' id='word_1_756' title='bbox 1406 2076 1453 2104; x_wconf 87' lang='lat' dir='ltr'><strong>sed</strong></span> <span class='ocrx_word' id='word_1_757' title='bbox 1465 2081 1492 2104; x_wconf 90' lang='lat' dir='ltr'><strong>et</strong></span> <span class='ocrx_word' id='word_1_758' title='bbox 1502 2077 1529 2103; x_wconf 88' lang='lat' dir='ltr'><strong>in</strong></span> <span class='ocrx_word' id='word_1_759' title='bbox 1544 2081 1622 2112; x_wconf 88' lang='lat' dir='ltr'><strong>partu</strong></span> <span class='ocrx_word' id='word_1_760' title='bbox 1632 2077 1690 2111; x_wconf 89' lang='lat' dir='ltr'><strong>ipsa</strong></span> <span class='ocrx_word' id='word_1_761' title='bbox 1702 2076 1760 2104; x_wconf 81' lang='lat' dir='ltr'><strong>loca</strong></span> 
     </span>
    </p>
   </div>
   <div class='ocr_carea' id='block_1_106' title="bbox 985 2123 1761 2159">
    <p class='ocr_par' dir='ltr' id='par_1_106' title="bbox 985 2123 1761 2159">
     <span class='ocr_line' id='line_1_106' title="bbox 985 2123 1761 2159; baseline -0.004 -7"><span class='ocrx_word' id='word_1_762' title='bbox 985 2124 1089 2152; x_wconf 86' lang='lat' dir='ltr'><strong>eliicere</strong></span> <span class='ocrx_word' id='word_1_763' title='bbox 1114 2123 1305 2155; x_wconf 70' lang='lat' dir='ltr'><strong>differentiam,</strong></span> <span class='ocrx_word' id='word_1_764' title='bbox 1322 2127 1352 2150; x_wconf 84' lang='lat' dir='ltr'><strong>ut</strong></span> <span class='ocrx_word' id='word_1_765' title='bbox 1374 2123 1427 2150; x_wconf 85' lang='lat' dir='ltr'><strong>alia</strong></span> <span class='ocrx_word' id='word_1_766' title='bbox 1455 2123 1552 2155; x_wconf 85' lang='lat' dir='ltr'><strong>serius.</strong></span> <span class='ocrx_word' id='word_1_767' title='bbox 1577 2123 1630 2150; x_wconf 85' lang='lat' dir='ltr'><strong>alia</strong></span> <span class='ocrx_word' id='word_1_768' title='bbox 1650 2124 1761 2159; x_wconf 73' lang='lat' dir='ltr'><strong>gignant</strong></span> 
     </span>
    </p>
   </div>
   <div class='ocr_carea' id='block_1_107' title="bbox 951 2170 1761 2206">
    <p class='ocr_par' dir='ltr' id='par_1_107' title="bbox 951 2170 1761 2206">
     <span class='ocr_line' id='line_1_107' title="bbox 951 2170 1761 2206; baseline 0 -8"><span class='ocrx_word' id='word_1_769' title='bbox 951 2179 972 2206; x_wconf 76' lang='grc' dir='ltr'><strong>ι)</strong></span> <span class='ocrx_word' id='word_1_770' title='bbox 986 2171 1128 2198; x_wconf 88' lang='lat' dir='ltr'><strong>maturius.</strong></span> <span class='ocrx_word' id='word_1_771' title='bbox 1143 2170 1187 2197; x_wconf 92' lang='lat' dir='ltr'><strong>Sic</strong></span> <span class='ocrx_word' id='word_1_772' title='bbox 1200 2171 1281 2205; x_wconf 81' lang='lat' dir='ltr'><strong>igitur</strong></span> <span class='ocrx_word' id='word_1_773' title='bbox 1295 2170 1455 2204; x_wconf 85' lang='lat' dir='ltr'><strong>simpliciter</strong></span> <span class='ocrx_word' id='word_1_774' title='bbox 1467 2173 1493 2197; x_wconf 89' lang='lat' dir='ltr'><strong>et</strong></span> <span class='ocrx_word' id='word_1_775' title='bbox 1506 2170 1693 2204; x_wconf 83' lang='lat' dir='ltr'><strong>quadantenus</strong></span> <span class='ocrx_word' id='word_1_776' title='bbox 1702 2178 1761 2198; x_wconf 87' lang='lat' dir='ltr'><strong>ver-</strong></span> 
     </span>
    </p>
   </div>
   <div class='ocr_carea' id='block_1_108' title="bbox 986 2214 1760 2250">
    <p class='ocr_par' dir='ltr' id='par_1_108' title="bbox 986 2214 1760 2250">
     <span class='ocr_line' id='line_1_108' title="bbox 986 2214 1760 2250; baseline -0.001 -8"><span class='ocrx_word' id='word_1_777' title='bbox 986 2219 1083 2248; x_wconf 85' lang='lat' dir='ltr'><strong>tentes,</strong></span> <span class='ocrx_word' id='word_1_778' title='bbox 1100 2222 1269 2250; x_wconf 83' lang='lat' dir='ltr'><strong>nequaquam</strong></span> <span class='ocrx_word' id='word_1_779' title='bbox 1292 2215 1326 2242; x_wconf 88' lang='lat' dir='ltr'><strong>ab</strong></span> <span class='ocrx_word' id='word_1_780' title='bbox 1338 2215 1434 2242; x_wconf 89' lang='lat' dir='ltr'><strong>idonea</strong></span> <span class='ocrx_word' id='word_1_781' title='bbox 1453 2214 1633 2249; x_wconf 82' lang='lat' dir='ltr'><strong>explicatione</strong></span> <span class='ocrx_word' id='word_1_782' title='bbox 1650 2215 1760 2242; x_wconf 81' lang='lat' dir='ltr'><strong>aberra-</strong></span> 
     </span>
    </p>
   </div>
   <div class='ocr_carea' id='block_1_109' title="bbox 984 2262 1114 2289">
    <p class='ocr_par' dir='ltr' id='par_1_109' title="bbox 984 2262 1114 2289">
     <span class='ocr_line' id='line_1_109' title="bbox 984 2262 1114 2289; baseline 0.008 -1"><span class='ocrx_word' id='word_1_783' title='bbox 984 2262 1114 2289; x_wconf 80' lang='lat' dir='ltr'><strong>verimus.</strong></span> 
     </span>
    </p>
   </div>
   <div class='ocr_carea' id='block_1_110' title="bbox 1242 2305 1497 2333">
    <p class='ocr_par' dir='ltr' id='par_1_110' title="bbox 1242 2305 1497 2333">
     <span class='ocr_line' id='line_1_110' title="bbox 1242 2305 1497 2333; baseline -0.004 0"><span class='ocrx_word' id='word_1_784' title='bbox 1242 2305 1280 2333; x_wconf 79' lang='lat' dir='ltr'><strong>De</strong></span> <span class='ocrx_word' id='word_1_785' title='bbox 1294 2306 1422 2333; x_wconf 76' lang='lat' dir='ltr'><strong>mensium</strong></span> <span class='ocrx_word' id='word_1_786' title='bbox 1438 2314 1497 2333; x_wconf 81' lang='lat' dir='ltr'><strong>usu.</strong></span> 
     </span>
    </p>
   </div>
   <div class='ocr_carea' id='block_1_111' title="bbox 1019 2351 1761 2387">
    <p class='ocr_par' dir='ltr' id='par_1_111' title="bbox 1019 2351 1761 2387">
     <span class='ocr_line' id='line_1_111' title="bbox 1019 2351 1761 2387; baseline -0.001 -8"><span class='ocrx_word' id='word_1_787' title='bbox 1019 2351 1054 2379; x_wconf 77' lang='grc' dir='ltr'><strong>Χ.</strong></span> <span class='ocrx_word' id='word_1_788' title='bbox 1071 2351 1123 2378; x_wconf 86' lang='lat' dir='ltr'><strong>Sed</strong></span> <span class='ocrx_word' id='word_1_789' title='bbox 1139 2352 1268 2387; x_wconf 89' lang='lat' dir='ltr'><strong>quoniam</strong></span> <span class='ocrx_word' id='word_1_790' title='bbox 1284 2352 1425 2379; x_wconf 85' lang='lat' dir='ltr'><strong>mensibus</strong></span> <span class='ocrx_word' id='word_1_791' title='bbox 1448 2353 1486 2378; x_wconf 91' lang='lat' dir='ltr'><strong>uti</strong></span> <span class='ocrx_word' id='word_1_792' title='bbox 1505 2359 1650 2386; x_wconf 84' lang='lat' dir='ltr'><strong>possumus</strong></span> <span class='ocrx_word' id='word_1_793' title='bbox 1667 2352 1708 2380; x_wconf 85' lang='lat' dir='ltr'><strong>vel</strong></span> <span class='ocrx_word' id='word_1_794' title='bbox 1727 2352 1761 2379; x_wconf 72' lang='lat' dir='ltr'><strong>ad</strong></span> 
     </span>
    </p>
   </div>
   <div class='ocr_carea' id='block_1_112' title="bbox 986 2397 1762 2431">
    <p class='ocr_par' dir='ltr' id='par_1_112' title="bbox 986 2397 1762 2431">
     <span class='ocr_line' id='line_1_112' title="bbox 986 2397 1762 2431; baseline 0.001 -6"><span class='ocrx_word' id='word_1_795' title='bbox 986 2398 1051 2425; x_wconf 82' lang='lat' dir='ltr'><strong>solis</strong></span> <span class='ocrx_word' id='word_1_796' title='bbox 1062 2402 1176 2429; x_wconf 90' lang='lat' dir='ltr'><strong>motum,</strong></span> <span class='ocrx_word' id='word_1_797' title='bbox 1193 2403 1221 2424; x_wconf 85' lang='lat' dir='ltr'><strong>ut</strong></span> <span class='ocrx_word' id='word_1_798' title='bbox 1231 2397 1357 2428; x_wconf 70' lang='lat' dir='ltr'><strong>Romani.</strong></span> <span class='ocrx_word' id='word_1_799' title='bbox 1374 2398 1415 2424; x_wconf 86' lang='lat' dir='ltr'><strong>vel</strong></span> <span class='ocrx_word' id='word_1_800' title='bbox 1429 2397 1462 2424; x_wconf 89' lang='lat' dir='ltr'><strong>ad</strong></span> <span class='ocrx_word' id='word_1_801' title='bbox 1475 2398 1558 2431; x_wconf 82' lang='lat' dir='ltr'><strong>lunae,</strong></span> <span class='ocrx_word' id='word_1_802' title='bbox 1571 2403 1600 2426; x_wconf 91' lang='lat' dir='ltr'><strong>ut</strong></span> <span class='ocrx_word' id='word_1_803' title='bbox 1615 2399 1762 2426; x_wconf 81' lang='lat' dir='ltr'><strong>Athenien-</strong></span> 
     </span>
    </p>
   </div>
   <div class='ocr_carea' id='block_1_113' title="bbox 986 2443 1761 2478">
    <p class='ocr_par' dir='ltr' id='par_1_113' title="bbox 986 2443 1761 2478">
     <span class='ocr_line' id='line_1_113' title="bbox 986 2443 1761 2478; baseline 0 -8"><span class='ocrx_word' id='word_1_804' title='bbox 986 2450 1050 2470; x_wconf 88' lang='lat' dir='ltr'><strong>ses:</strong></span> <span class='ocrx_word' id='word_1_805' title='bbox 1071 2449 1160 2470; x_wconf 89' lang='lat' dir='ltr'><strong>utrum</strong></span> <span class='ocrx_word' id='word_1_806' title='bbox 1177 2443 1294 2470; x_wconf 82' lang='lat' dir='ltr'><strong>Atticum</strong></span> <span class='ocrx_word' id='word_1_807' title='bbox 1317 2451 1407 2475; x_wconf 82' lang='lat' dir='ltr'><strong>usum,</strong></span> <span class='ocrx_word' id='word_1_808' title='bbox 1434 2451 1468 2470; x_wconf 88' lang='lat' dir='ltr'><strong>an</strong></span> <span class='ocrx_word' id='word_1_809' title='bbox 1492 2443 1643 2471; x_wconf 78' lang='lat' dir='ltr'><strong>Romanum</strong></span> <span class='ocrx_word' id='word_1_810' title='bbox 1665 2451 1761 2478; x_wconf 83' lang='lat' dir='ltr'><strong>seque-</strong></span> 
     </span>
    </p>
   </div>
   <div class='ocr_carea' id='block_1_114' title="bbox 986 2489 1758 2524">
    <p class='ocr_par' dir='ltr' id='par_1_114' title="bbox 986 2489 1758 2524">
     <span class='ocr_line' id='line_1_114' title="bbox 986 2489 1758 2524; baseline -0.001 -8"><span class='ocrx_word' id='word_1_811' title='bbox 986 2497 1056 2521; x_wconf 84' lang='lat' dir='ltr'><strong>mur,</strong></span> <span class='ocrx_word' id='word_1_812' title='bbox 1078 2497 1152 2516; x_wconf 90' lang='lat' dir='ltr'><strong>more</strong></span> <span class='ocrx_word' id='word_1_813' title='bbox 1180 2489 1289 2524; x_wconf 87' lang='lat' dir='ltr'><strong>quidem</strong></span> <span class='ocrx_word' id='word_1_814' title='bbox 1311 2489 1517 2517; x_wconf 79' lang='lat' dir='ltr'><strong>Atheniensium</strong></span> <span class='ocrx_word' id='word_1_815' title='bbox 1543 2489 1758 2521; x_wconf 80' lang='lat' dir='ltr'><strong>denominantes,</strong></span> 
     </span>
    </p>
   </div>
   <div class='ocr_carea' id='block_1_115' title="bbox 986 2535 1760 2563">
    <p class='ocr_par' dir='ltr' id='par_1_115' title="bbox 986 2535 1760 2563">
     <span class='ocr_line' id='line_1_115' title="bbox 986 2535 1760 2563; baseline -0.001 -1"><span class='ocrx_word' id='word_1_816' title='bbox 986 2535 1049 2562; x_wconf 85' lang='lat' dir='ltr'><strong>anni</strong></span> <span class='ocrx_word' id='word_1_817' title='bbox 1061 2543 1125 2563; x_wconf 80' lang='lat' dir='ltr'><strong>vero</strong></span> <span class='ocrx_word' id='word_1_818' title='bbox 1137 2535 1165 2562; x_wconf 94' lang='lat' dir='ltr'><strong>in</strong></span> <span class='ocrx_word' id='word_1_819' title='bbox 1180 2543 1286 2563; x_wconf 84' lang='lat' dir='ltr'><strong>menses</strong></span> <span class='ocrx_word' id='word_1_820' title='bbox 1300 2536 1423 2563; x_wconf 90' lang='lat' dir='ltr'><strong>eamdem</strong></span> <span class='ocrx_word' id='word_1_821' title='bbox 1440 2543 1501 2563; x_wconf 91' lang='lat' dir='ltr'><strong>cum</strong></span> <span class='ocrx_word' id='word_1_822' title='bbox 1517 2535 1647 2563; x_wconf 80' lang='lat' dir='ltr'><strong>Romanis</strong></span> <span class='ocrx_word' id='word_1_823' title='bbox 1658 2535 1760 2561; x_wconf 89' lang='lat' dir='ltr'><strong>consti-</strong></span> 
     </span>
    </p>
   </div>
   <div class='ocr_carea' id='block_1_116' title="bbox 985 2581 1759 2617">
    <p class='ocr_par' dir='ltr' id='par_1_116' title="bbox 985 2581 1759 2617">
     <span class='ocr_line' id='line_1_116' title="bbox 985 2581 1759 2617; baseline 0.001 -11"><span class='ocrx_word' id='word_1_824' title='bbox 985 2585 1093 2609; x_wconf 85' lang='lat' dir='ltr'><strong>tuentes</strong></span> <span class='ocrx_word' id='word_1_825' title='bbox 1111 2581 1291 2609; x_wconf 86' lang='lat' dir='ltr'><strong>divisionem?</strong></span> <span class='ocrx_word' id='word_1_826' title='bbox 1308 2581 1420 2609; x_wconf 85' lang='lat' dir='ltr'><strong>Plethon</strong></span> <span class='ocrx_word' id='word_1_827' title='bbox 1439 2582 1546 2617; x_wconf 89' lang='lat' dir='ltr'><strong>quidem</strong></span> <span class='ocrx_word' id='word_1_828' title='bbox 1565 2581 1646 2610; x_wconf 78' lang='lat' dir='ltr'><strong>refert</strong></span> <span class='ocrx_word' id='word_1_829' title='bbox 1661 2585 1759 2608; x_wconf 84' lang='lat' dir='ltr'><strong>natura</strong></span> 
     </span>
    </p>
   </div>
   <div class='ocr_carea' id='block_1_117' title="bbox 986 2626 1759 2660">
    <p class='ocr_par' dir='ltr' id='par_1_117' title="bbox 986 2626 1759 2660">
     <span class='ocr_line' id='line_1_117' title="bbox 986 2626 1759 2660; baseline -0.001 -8"><span class='ocrx_word' id='word_1_830' title='bbox 986 2633 1045 2653; x_wconf 85' lang='lat' dir='ltr'><strong>esse</strong></span> <span class='ocrx_word' id='word_1_831' title='bbox 1066 2630 1264 2660; x_wconf 89' lang='lat' dir='ltr'><strong>comparatum,</strong></span> <span class='ocrx_word' id='word_1_832' title='bbox 1282 2630 1311 2652; x_wconf 89' lang='lat' dir='ltr'><strong>ut</strong></span> <span class='ocrx_word' id='word_1_833' title='bbox 1334 2626 1367 2652; x_wconf 89' lang='lat' dir='ltr'><strong>ad</strong></span> <span class='ocrx_word' id='word_1_834' title='bbox 1392 2626 1475 2653; x_wconf 86' lang='lat' dir='ltr'><strong>solem</strong></span> <span class='ocrx_word' id='word_1_835' title='bbox 1490 2626 1638 2653; x_wconf 85' lang='lat' dir='ltr'><strong>deducatur</strong></span> <span class='ocrx_word' id='word_1_836' title='bbox 1660 2633 1759 2656; x_wconf 82' lang='lat' dir='ltr'><strong>annus,</strong></span> 
     </span>
    </p>
   </div>
   <div class='ocr_carea' id='block_1_118' title="bbox 986 2670 1760 2706">
    <p class='ocr_par' dir='ltr' id='par_1_118' title="bbox 986 2670 1760 2706">
     <span class='ocr_line' id='line_1_118' title="bbox 986 2670 1760 2706; baseline 0 -9"><span class='ocrx_word' id='word_1_837' title='bbox 986 2671 1087 2698; x_wconf 91' lang='lat' dir='ltr'><strong>mensis</strong></span> <span class='ocrx_word' id='word_1_838' title='bbox 1101 2678 1165 2698; x_wconf 88' lang='lat' dir='ltr'><strong>vero</strong></span> <span class='ocrx_word' id='word_1_839' title='bbox 1177 2671 1208 2698; x_wconf 85' lang='lat' dir='ltr'><strong>ad</strong></span> <span class='ocrx_word' id='word_1_840' title='bbox 1223 2671 1314 2698; x_wconf 85' lang='lat' dir='ltr'><strong>lunam</strong></span> <span class='ocrx_word' id='word_1_841' title='bbox 1331 2681 1338 2698; x_wconf 90' lang='lat'>:</span> <span class='ocrx_word' id='word_1_842' title='bbox 1353 2672 1398 2699; x_wconf 88' lang='lat' dir='ltr'><strong>sed</strong></span> <span class='ocrx_word' id='word_1_843' title='bbox 1415 2671 1601 2706; x_wconf 85' lang='lat' dir='ltr'><strong>quamobrem,</strong></span> <span class='ocrx_word' id='word_1_844' title='bbox 1618 2679 1670 2698; x_wconf 94' lang='lat' dir='ltr'><strong>non</strong></span> <span class='ocrx_word' id='word_1_845' title='bbox 1684 2670 1760 2698; x_wconf 89' lang='lat' dir='ltr'><strong>dicit.</strong></span> 
     </span>
    </p>
   </div>
   <div class='ocr_carea' id='block_1_119' title="bbox 986 2716 1761 2752">
    <p class='ocr_par' dir='ltr' id='par_1_119' title="bbox 986 2716 1761 2752">
     <span class='ocr_line' id='line_1_119' title="bbox 986 2716 1761 2752; baseline 0 -9"><span class='ocrx_word' id='word_1_846' title='bbox 986 2716 1151 2752; x_wconf 54' lang='lat' dir='ltr'><strong>Verumﬁiii</strong></span> <span class='ocrx_word' id='word_1_847' title='bbox 1167 2717 1248 2751; x_wconf 85' lang='lat' dir='ltr'><strong>hujus</strong></span> <span class='ocrx_word' id='word_1_848' title='bbox 1263 2724 1370 2752; x_wconf 88' lang='lat' dir='ltr'><strong>quoque</strong></span> <span class='ocrx_word' id='word_1_849' title='bbox 1385 2717 1449 2744; x_wconf 91' lang='lat' dir='ltr'><strong>dicti</strong></span> <span class='ocrx_word' id='word_1_850' title='bbox 1461 2717 1593 2744; x_wconf 82' lang='lat' dir='ltr'><strong>rationem</strong></span> <span class='ocrx_word' id='word_1_851' title='bbox 1607 2716 1761 2749; x_wconf 80' lang='lat' dir='ltr'><strong>all&#39;crentes,</strong></span> 
     </span>
    </p>
   </div>
   <div class='ocr_carea' id='block_1_120' title="bbox 986 2762 1761 2798">
    <p class='ocr_par' dir='ltr' id='par_1_120' title="bbox 986 2762 1761 2798">
     <span class='ocr_line' id='line_1_120' title="bbox 986 2762 1761 2798; baseline 0 -8"><span class='ocrx_word' id='word_1_852' title='bbox 986 2768 1151 2795; x_wconf 82' lang='lat' dir='ltr'><strong>asseverant.</strong></span> <span class='ocrx_word' id='word_1_853' title='bbox 1168 2771 1228 2798; x_wconf 72' lang='lat' dir='ltr'><strong>qua:</strong></span> <span class='ocrx_word' id='word_1_854' title='bbox 1242 2763 1286 2790; x_wconf 85' lang='lat' dir='ltr'><strong>hic</strong></span> <span class='ocrx_word' id='word_1_855' title='bbox 1303 2763 1329 2790; x_wconf 94' lang='lat' dir='ltr'><strong>in</strong></span> <span class='ocrx_word' id='word_1_856' title='bbox 1345 2763 1423 2791; x_wconf 88' lang='lat' dir='ltr'><strong>terris</strong></span> <span class='ocrx_word' id='word_1_857' title='bbox 1443 2766 1516 2795; x_wconf 81' lang='lat' dir='ltr'><strong>sunt.</strong></span> <span class='ocrx_word' id='word_1_858' title='bbox 1537 2763 1627 2790; x_wconf 88' lang='lat' dir='ltr'><strong>omnia</strong></span> <span class='ocrx_word' id='word_1_859' title='bbox 1644 2770 1658 2789; x_wconf 86' lang='lat' dir='ltr'><strong>a</strong></span> <span class='ocrx_word' id='word_1_860' title='bbox 1678 2762 1761 2790; x_wconf 62' lang='lat' dir='ltr'><strong>cu‘le-</strong></span> 
     </span>
    </p>
   </div>
   <div class='ocr_carea' id='block_1_121' title="bbox 988 2810 1762 2845">
    <p class='ocr_par' dir='ltr' id='par_1_121' title="bbox 988 2810 1762 2845">
     <span class='ocr_line' id='line_1_121' title="bbox 988 2810 1762 2845; baseline 0 -7"><span class='ocrx_word' id='word_1_861' title='bbox 988 2810 1074 2838; x_wconf 82' lang='lat' dir='ltr'><strong>stibus</strong></span> <span class='ocrx_word' id='word_1_862' title='bbox 1100 2810 1153 2838; x_wconf 87' lang='lat' dir='ltr'><strong>illis</strong></span> <span class='ocrx_word' id='word_1_863' title='bbox 1175 2810 1336 2845; x_wconf 83' lang='lat' dir='ltr'><strong>corporibus</strong></span> <span class='ocrx_word' id='word_1_864' title='bbox 1363 2811 1493 2843; x_wconf 81' lang='lat' dir='ltr'><strong>ordinari,</strong></span> <span class='ocrx_word' id='word_1_865' title='bbox 1509 2818 1676 2845; x_wconf 75' lang='lat' dir='ltr'><strong>magnosque</strong></span> <span class='ocrx_word' id='word_1_866' title='bbox 1700 2816 1762 2838; x_wconf 73' lang='lat' dir='ltr'><strong>esse</strong></span> 
     </span>
    </p>
   </div>
   <div class='ocr_carea' id='block_1_122' title="bbox 1569 2857 1606 2888">
    <p class='ocr_par' dir='ltr' id='par_1_122' title="bbox 1569 2857 1606 2888">
     <span class='ocr_line' id='line_1_122' title="bbox 1569 2857 1606 2888; baseline 0.054 -2"><span class='ocrx_word' id='word_1_867' title='bbox 1569 2857 1606 2888; x_wconf 81' lang='lat'><strong>38</strong></span> 
     </span>
    </p>
   </div>
  </div>
