1931 3135
223 117 288 145 H95

721 114 767 141 AD
786 113 918 141 EUSEBII
937 111 1134 140 CHRUNICON
1153 114 1333 143 APPENDIX.

1771 114 1833 141 H96

220 177 290 203 lunae
306 175 429 203 eliectus.
448 174 514 202 Nam
529 173 630 201 mutari
652 174 729 200 aiunt
744 173 887 200 manifeste
902 173 936 200 ab
952 172 997 199 illa

1055 172 1237 201 Ἀλλοιοῦσθαι
1251 174 1303 210 γὰρ
1320 174 1411 209 σαφῶς
1424 174 1458 201 τὰ
1474 174 1582 208 ἐπίγεια
1605 174 1684 201 πάνθ’
1699 173 1746 201 ὑπ’
1767 175 1833 200 ἐκεί-

219 222 360 252 terrestria
373 225 481 254 cuncta,
498 221 579 255 idque
596 223 679 247 recte.
699 219 812 254 Signum
825 223 915 246 tamen
937 218 998 245 nul-

220 268 276 294 lum
299 272 351 298 est,
369 273 476 293 menses
500 265 534 292 ad
558 266 666 297 lunam,
685 272 739 291 non
760 264 793 291 ad
814 264 898 291 solem
920 271 998 299 agere

220 317 357 348 oportere.
373 312 434 339 Haec
443 312 515 338 enim
530 311 658 338 inferiora
674 311 860 345 superioribus
877 310 930 338 illis
939 318 998 337 mo-

220 359 292 384 tibus
306 365 367 384 esse
391 357 521 383 continua
543 363 598 383 non
626 355 732 382 inﬁcias
752 356 834 388 imus,
848 359 874 382 et
889 362 997 382 omnem

220 410 311 429 eorum
322 402 374 428 vim
386 406 413 428 et
428 402 574 441 potentiam
594 401 668 428 illinc
683 401 837 437 gubernari,
855 402 998 436 ipsumque

220 448 347 475 decorum
357 447 549 483 (quodcunque
563 447 634 482 apud
648 455 698 474 nos
715 447 855 481 decorum)
867 451 893 474 et
907 454 997 474 rerum

218 495 340 522 ordinem
367 502 383 520 a
409 501 526 529 superna
548 494 593 520 illa
617 498 714 520 natura
737 493 904 527 consistere;
926 492 997 528 quod

218 549 282 568 vero
299 541 463 576 indigestum
488 546 514 568 et
527 548 577 568 suo
591 548 683 568 errore
694 540 832 572 indecens,
849 540 875 567 id
887 548 949 567 esse
965 540 999 567 ab

219 593 250 613 ea
267 586 449 621 (qumcsthic)
463 585 585 613 materia.
601 585 685 613 Detur
695 593 760 613 vero
780 586 864 613 multa
875 585 997 620 quaedam

219 640 235 658 a
251 633 314 658 luna
326 631 436 658 alterari
449 631 613 665 variarique,
629 638 691 658 cum
707 632 797 666 plena,
812 639 872 658 cum
886 630 998 658 dimidio

219 678 285 705 orbe
299 685 379 707 caesa.
392 685 453 704 cum
469 677 582 711 gibbosa
601 680 628 704 et
645 677 774 712 utrinque
790 684 924 709 convexa;
936 684 997 704 cum

220 724 248 751 in
261 731 364 751 cornua
377 723 457 756 ﬂexa,
479 728 560 758 atque
575 722 656 750 etiam
677 722 711 750 de
729 723 799 750 cmlo
816 722 874 757 ipso
891 726 918 749 et
941 729 998 748 am-

219 766 309 798 bientc
321 777 383 797 aere
393 769 524 804 judicium
538 769 595 796 ﬁeri
605 777 612 802 ;
624 768 735 803 lmcque
744 769 884 796 terrestria
898 768 998 795 mutari

219 824 266 852 per
286 816 425 849 semisses,
452 819 478 843 et
497 815 679 850 quadrantes,
697 819 724 842 et
746 818 836 842 certas
863 814 996 849 quasdam

220 863 305 897 ipsius
321 863 453 890 stationes
472 872 478 889 :
499 865 658 889 nontamen
677 861 780 888 idcirco
802 861 947 892 convenit,
968 864 998 887 ut

218 909 428 944 supersedentes
442 908 508 935 solis
521 915 623 934 annum
645 907 673 934 in
694 915 801 934 menses
817 907 996 942 distinguere,

219 963 305 988 eaque
318 954 451 981 divisione
466 954 516 987 uti,
533 957 559 980 et
576 953 609 980 ad
629 953 721 980 lunam
734 953 909 985 divertentes,
928 952 998 979 ultro

220 1001 369 1033 sponteque
383 997 575 1025 dissideamus.
589 996 643 1025 Nec
657 997 729 1024 enim
746 998 894 1025 secundum
919 1001 999 1024 natu-

221 1050 278 1070 ram
296 1046 337 1070 est
348 1045 434 1068 totum
455 1042 505 1069 soli
519 1042 672 1076 quadrare;
687 1046 778 1077 partes
802 1047 889 1070 autem
909 1042 998 1075 alteri,

219 1096 301 1125 quam
316 1088 366 1116 soli
378 1088 464 1123 magis
474 1088 630 1115 convenire.
645 1087 711 1115 Nam
729 1093 819 1124 partes
833 1093 897 1116 sunt
914 1089 997 1116 totius

221 1135 295 1167 anni,
313 1134 358 1169 qui
375 1141 482 1161 menses
495 1134 682 1166 nominantur,
698 1133 740 1161 vel
752 1134 999 1169 quomodocunque

221 1180 302 1207 libeat
319 1179 393 1206 illam
407 1179 435 1206 in
448 1179 591 1206 duodecim
605 1178 692 1213 spatia
706 1179 804 1206 solaris
820 1179 998 1206 revolutionis

221 1226 393 1261 partitionem
416 1225 561 1259 appellare.
580 1224 658 1257 Quod
680 1225 751 1251 enim
777 1232 859 1251 causa
884 1229 926 1252 est
948 1223 999 1251 elli-

221 1272 295 1299 ciens
314 1272 409 1303 totius,
427 1271 453 1298 id
473 1274 547 1298 certe
567 1270 685 1305 partium
709 1271 864 1297 necessario
879 1270 998 1297 eﬂicicns

220 1322 272 1349 est.
292 1323 354 1344 cum
366 1323 399 1344 ex
412 1315 535 1351 partibus
554 1320 639 1342 totum
655 1319 813 1351 consurgat,
824 1320 851 1343 et
866 1316 925 1351 ipso
940 1320 998 1342 toto

220 1366 312 1399 partes
329 1362 384 1390 sint
402 1361 578 1397 generatione
599 1361 714 1396 priores.
739 1361 787 1388 Est
810 1364 899 1388 autem
918 1362 998 1388 etiam

221 1409 395 1444 inaequalius,
408 1407 644 1442 inordinatiusque
657 1415 758 1434 annum
775 1407 808 1434 ad
826 1406 897 1433 lunae
910 1407 999 1434 curri-

221 1456 313 1483 cnium
337 1454 437 1482 ducere
453 1463 460 1480 :
476 1453 548 1488 quod
565 1453 612 1488 qui
632 1453 669 1480 ita
695 1456 788 1488 agunt,
811 1460 930 1479 mensem
947 1453 1000 1480 fre—

1048 227 1105 254 νης.
1131 219 1215 246 Τοῦτο
1241 221 1290 256 μὲν
1315 219 1360 247 οὖν
1386 219 1414 247 εὖ
1437 221 1554 255 λέγεται.
1577 221 1694 255 Σημεῐον
1717 220 1740 247 δ’
1762 221 1835 247 οὐδέν

1048 265 1104 291 ἐστι
1129 265 1177 292 τοῦ
1200 267 1297 302 χρῆναι
1319 267 1395 300 ἄγειν
1416 267 1485 293 κατὰ
1509 266 1634 302 σελήνην,
1652 267 1701 293 καὶ
1718 267 1756 302 μὴ
1776 267 1833 293 καθ’

1046 311 1120 346 ἥλιόν
1135 320 1165 345 γε
1180 313 1243 343 τοὺς
1257 312 1353 347 μῆνας.
1372 314 1475 348 Συνεχῆ
1493 313 1542 348 μὲν
1559 313 1613 348 γάρ
1639 322 1699 344 πως
1717 313 1752 339 τὰ
1774 313 1834 348 τῇδε

1046 357 1105 387 ταῖς
1121 355 1176 382 ἄνω
1189 358 1285 391 φοραῖς
1304 355 1373 383 εἶναί
1388 365 1476 392 φαμεν
1499 357 1545 384 καὶ
1563 358 1653 392 ἡμεῖς,
1679 357 1726 383 καὶ
1746 358 1834 383 πᾶσαν

1046 401 1135 427 αὐτῶν
1148 401 1196 436 τὴν
1208 402 1321 437 δύναμιν
1337 402 1518 438 κυὸερνᾶσθαι
1537 403 1657 429 ἐκεῖθεν-
1673 403 1722 429 καὶ
1732 400 1771 429 ’τὸ
1788 403 1834 438 μὲν

1047 446 1126 472 καλὸν
1145 446 1225 479 ἅπαν,
1245 447 1306 474 ὅσον
1325 447 1357 474 ἂν
1416 448 1507 476 ἐνθάδε
1530 448 1621 480 καλὸν,
1637 449 1685 475 καὶ
1706 449 1737 476 τὺ
1757 458 1833 475 τετα-

1046 491 1154 526 γμένον,
1173 492 1275 519 ἄνωθεν
1291 493 1443 528 ἐγγίνεσθαι
1461 494 1554 529 φύσει⁵
1572 495 1602 521 τὸ
1615 495 1636 520 δ’
1651 495 1767 521 ἄτακτον
1789 495 1833 522 καὶ

1046 537 1263 573 πεπλανημένον,
1290 539 1421 574 ὑπάρχειν
1436 541 1467 567 ἐκ
1483 541 1538 576 τῆς,
1547 540 1640 567 ἐνθάδε
1662 541 1746 576 ὕλης·
1769 542 1835 568 ἔστω

1047 581 1076 607 δὲ
1098 582 1145 608 καὶ
1170 582 1245 609 πόλλ’
1260 583 1327 610 ἄττα
1351 584 1471 612 ἀλλοιοῦν
1495 586 1543 620 τὴν
1560 586 1673 622 σελήνην
1694 586 1784 622 πλήρη
1805 596 1834 613 τε

1047 624 1138 657 οὖσαν,
1155 628 1202 653 καὶ
1213 627 1362 663 διχότομον,
1379 629 1424 655 καὶ
1438 629 1617 665 ἀμφίκυρτον,
1632 631 1680 657 καὶ
1696 632 1833 666 μηνοειδῆ,

1047 672 1187 707 κρίνεσθαί
1203 682 1231 699 τε
1247 674 1277 700 τὸ
1291 674 1427 710 περιέχον,
1447 675 1493 702 καὶ
1514 676 1692 710 μεταΰάλλειν
1718 677 1754 704 τὰ
1773 679 1834 713 τῇδε

1047 718 1117 745 κατὰ
1138 719 1308 755 διαμέτρους,
1329 721 1374 747 καὶ
1390 721 1585 756 τετραγώνους,
1605 724 1652 750 καὶ
1675 723 1744 755 ὅλως
1759 725 1834 756 ποιάς

1047 771 1122 794 τινας
1145 764 1252 796 στάσεις
1275 765 1374 800 αὐτῆς·
1399 767 1430 792 οὐ
1462 767 1514 802 μὴν
1537 767 1565 794 δὲ
1585 769 1631 794 καὶ
1659 769 1771 803 εὔλογον
1793 770 1835 797 διὰ

1046 809 1132 836 ταῦτα
1144 810 1245 842 ἐῶντας
1255 811 1368 846 διαιρεῖν
1385 812 1430 839 τὸν
1445 812 1491 839 τοῦ
1503 813 1577 848 ἡλίου
1592 813 1714 841 ἐνιαυτὸν
1726 816 1767 847 εἰς
1783 816 1834 851 μῆ-

1048 863 1106 886 νας,
1121 856 1166 882 καὶ
1186 856 1311 892 χρῆσθαι,
1326 858 1515 893 ἐτερορῤεπεῖν
1530 859 1576 886 ἐπὶ
1590 860 1640 896 τὴν
1653 860 1779 896 σελήνην,
1791 862 1835 888 καὶ

1049 902 1160 934 ἑκόντας
1176 901 1244 930 εἶναι
1260 904 1420 931 διῖστασθαι.
1437 905 1503 932 Οὐδὲ
1516 905 1546 941 δὴ
1561 906 1631 933 κατὰ
1647 907 1727 941 φύσιν
1743 907 1774 934 τὺ
1790 908 1836 942 μὲν

1048 949 1106 975 ὅλον
1122 949 1269 983 προσήκειν
1286 949 1325 984 τῷ
1340 950 1416 986 ἡλίῳ,
1431 950 1465 977 τὰ
1480 951 1509 977 δὲ
1529 952 1599 988 μέρη
1615 953 1702 988 ἑτέρῳ
1718 962 1758 988 τῳ
1773 954 1837 988 μᾶλ-

1049 993 1092 1020 λον
1109 994 1260 1021 ἐπιϐάλλειν
1283 995 1300 1030 ἢ
1317 994 1356 1030 τῷ
1370 995 1446 1030 ἡλίῳ.
1467 996 1545 1031 Μέρη
1567 997 1621 1032 γὰρ
1635 997 1682 1023 τοῦ
1701 997 1763 1024 ὅλου
1786 999 1837 1024 ἐνι-

1049 1039 1131 1066 αυτοῦ
1154 1040 1178 1066 οί
1205 1040 1365 1076 καλούμενοι
1387 1041 1481 1076 μῆνες,
1506 1042 1553 1077 na
1571 1051 1597 1069 τι
1621 1043 1723 1078 δήποτε
1745 1044 1836 1070 καλεῖν

1049 1086 1125 1120 φίλον
1140 1085 1185 1112 τὸν
1201 1087 1241 1118 είς
1263 1086 1366 1113 δώδεκα
1389 1088 1520 1123 μερισμὸν
1543 1089 1591 1124 τῆς
1606 1090 1652 1116 τοῦ
1670 1089 1747 1125 ἡλίου
1762 1100 1837 1126 περι-

1050 1133 1144 1168 φορᾶς.
1167 1133 1203 1159 Τὸ
1229 1132 1257 1159 δὲ
1279 1133 1327 1159 τοῦ
1348 1133 1408 1160 ὅλου
1432 1134 1582 1170 ποιητικὸν,
1600 1136 1647 1161 καὶ
1667 1135 1723 1161 τῶν
1747 1137 1837 1171 μερῶν

1048 1178 1129 1205 ταύτὸ
1145 1179 1284 1214 ποιητικὸν
1308 1179 1338 1211 ἐξ
1363 1179 1484 1214 ἀνάγκης
1507 1180 1591 1207 ἐστίν.
1610 1181 1657 1207 Ἐκ
1673 1181 1728 1208 τῶν
1747 1183 1836 1217 μερῶν

1048 1225 1102 1260 γὰρ
1116 1225 1146 1251 τὸ
1171 1225 1240 1258 ὅλον,
1255 1226 1302 1252 καὶ
1323 1227 1355 1261 τῇ
1379 1227 1483 1260 γενέσει
1505 1227 1624 1263 πρότερα
1647 1228 1696 1254 τοῦ
1720 1229 1782 1255 ὅλου
1802 1229 1836 1256 τὰ

1050 1271 1130 1306 μέρη.
1148 1271 1226 1297 Ἔστι
1240 1271 1267 1298 δέ
1282 1273 1329 1298 καὶ
1345 1272 1556 1308 ἀνωμαλώτερόν
1575 1283 1605 1300 τε
1626 1275 1674 1301 καὶ
1692 1275 1836 1302 ἀτακτότε-

1050 1325 1095 1351 ρον
1112 1317 1142 1343 τδ
1158 1317 1226 1353 πρὸς
1240 1318 1288 1353 τὴν
1309 1318 1393 1354 φορὰν
1413 1319 1463 1353 τῆς
1479 1319 1590 1354 σελήνης
1603 1320 1697 1354 ἄγειν
1712 1321 1746 1347 δι’
1763 1322 1777 1347 ὖ
1791 1322 1834 1348 καὶ

1050 1363 1134 1398 συχνὰ
1146 1364 1316 1390 ἐπιϐάλλουσι
1332 1365 1402 1400 μῆνα
1421 1365 1446 1390 οἱ
1463 1364 1547 1397 οὕτως
1563 1365 1685 1400 ἄγοντες,
1704 1367 1753 1393 καὶ
1769 1369 1834 1404 πρά-

1049 1417 1140 1444 γματα
1163 1408 1264 1444 ἔχουσι,
1291 1410 1324 1436 τὰ
1346 1411 1394 1445 μὲν
1412 1411 1597 1448 δωδεκάμηνα,
1620 1412 1654 1439 τὰ
1665 1413 1694 1439 δὲ
1709 1422 1832 1449 τρισκαι-

1049 1455 1190 1490 δεκάμηνα
1211 1456 1365 1492 ποιούμενοι
1383 1457 1436 1483 τῶν
1452 1458 1528 1484 ἐτῶν.
1543 1458 1646 1485 Οὐκοῦν
1660 1459 1737 1495 παρὰ
1757 1460 1832 1494 φύσιν

222 1503 338 1534 quenter
354 1499 494 1531 inserunt;
510 1505 561 1526 nec
575 1505 670 1533 parum
689 1498 788 1525 habent
808 1498 920 1534 negotii,
934 1497 997 1524 dum

1050 1508 1080 1534 γε
1102 1500 1209 1535 μᾶλλον.
1226 1500 1307 1533 Τάξις
1327 1502 1380 1537 γάρ
1395 1510 1434 1533 τις
1451 1503 1467 1536 ἠ
1485 1502 1574 1537 φύσις,
1593 1503 1638 1530 καὶ
1653 1504 1730 1540 παρὰ
1756 1505 1832 1539 φύσιν

222 1546 292 1573 alios
305 1552 392 1572 annos
406 1545 539 1572 mensium
556 1543 711 1576 duodecim,
726 1545 793 1571 alios
805 1545 933 1572 tredecim
946 1543 998 1572 eili-

222 1592 308 1619 ciunt.
329 1590 421 1626 Itaque
442 1594 539 1625 praeter
556 1594 682 1617 naturam
709 1590 817 1625 quidem
842 1590 870 1617 id
898 1591 997 1624 potius.

222 1638 290 1665 Nam
306 1638 372 1665 ordo
387 1637 495 1672 quidam
517 1640 613 1664 natura
629 1641 670 1664 est
681 1656 688 1669 ,
703 1640 729 1663 et
749 1641 846 1671 praeter
862 1641 997 1669 naturam,

222 1683 352 1719 quidquid
378 1682 557 1714 inconditum,
583 1687 610 1710 et
640 1683 900 1717 incompositum,ct
926 1683 999 1717 quod

222 1730 344 1757 ordinem
363 1736 442 1756 suum
458 1736 512 1755 non
526 1727 765 1756 servat.C:eterum
777 1733 806 1754 ut
823 1729 907 1756 solem
920 1729 998 1755 dam-

221 1784 318 1804 nemus
341 1775 497 1803 inutilitatis
519 1779 629 1809 propter
652 1775 721 1801 luna:
749 1775 815 1806 vim,
837 1779 864 1802 et
882 1783 913 1802 ea
938 1783 999 1810 qua:

221 1822 301 1856 vulgo
316 1825 458 1856 apparent,
472 1820 619 1855 postulatio
631 1819 710 1847 nimis
723 1827 818 1854 magna
831 1825 882 1852 est,
898 1825 924 1847 et
939 1828 999 1855 qum

221 1868 345 1895 videatur
358 1874 419 1894 esse
434 1866 493 1900 ejus
505 1866 551 1900 qui
567 1873 595 1893 se
603 1867 688 1900 magis
699 1866 789 1893 sensui
805 1874 883 1901 quam
900 1867 999 1894 rationi

222 1912 348 1948 applicet.
368 1911 486 1938 Elfectus
509 1911 580 1938 enim
601 1911 681 1943 lunze,
695 1915 722 1938 et
738 1919 819 1946 opera
835 1919 849 1938 a
863 1912 919 1938 sole
936 1912 997 1946 qui-

221 1959 282 1986 dem
302 1958 385 1994 (quod
403 1966 486 1993 prope
503 1956 629 1991 dixerim)
642 1958 732 1984 omnia
743 1961 806 1984 sunt
820 1965 827 1983 :
840 1961 867 1984 et
887 1955 1000 1984 haecin-

222 2005 322 2032 feriora
341 2004 412 2031 idem
430 2004 470 2031 sol
487 2004 620 2038 imprimis
635 2003 774 2036 describit,
793 2003 960 2034 modulatur,
973 2009 999 2030 et

222 2050 250 2076 in
269 2057 411 2076 numerum
435 2049 613 2083 ordinemque
633 2048 740 2083 digerit.
754 2048 786 2074 Et
803 2048 916 2075 aliorum
938 2049 997 2083 qui-

221 2095 281 2122 dem
294 2095 413 2122 siderum
427 2094 630 2128 temperationis
643 2094 728 2120 solem
736 2100 797 2120 esse
808 2100 928 2123 causam.
937 2101 998 2119 cum

221 2141 313 2168 multis
329 2141 389 2167 aliis
402 2141 539 2175 praeclaris
560 2139 638 2171 viris,
654 2143 710 2165 tum
732 2139 771 2166 vel
788 2139 904 2166 maxime
921 2138 998 2166 Stra-

1049 1546 1102 1572 πᾶν
1116 1546 1146 1572 τὸ
1161 1546 1319 1582 πλημμελές
1333 1556 1362 1574 τε
1389 1548 1435 1575 καὶ
1456 1548 1580 1575 ἄτακτον.
1600 1549 1636 1576 Τὸ
1647 1551 1669 1576 δ’
1685 1551 1832 1586 ἀχρηστίαν

1047 1591 1093 1618 τοῦ
1108 1592 1181 1628 ἡλίου
1197 1593 1409 1627 καταγινώσκειν
1429 1594 1472 1620 διὰ
1493 1595 1541 1630 τὴν
1556 1595 1606 1630 τῆς
1625 1596 1739 1632 σελήνης
1758 1597 1832 1624 δύνα-

1050 1646 1096 1673 μιν
1116 1638 1164 1664 καὶ
1183 1638 1216 1664 τὰ
1232 1639 1390 1674 φαινόμενα,
1407 1639 1509 1674 αἴτημα
1531 1640 1590 1667 λίαν
1608 1641 1679 1676 μέγα
1703 1643 1774 1675 ἐστὶ,
1788 1644 1833 1670 καὶ

1049 1684 1224 1718 προσέχοντος
1235 1684 1356 1720 αἰσθήσει
1374 1686 1471 1720 μᾶλλον
1487 1685 1574 1712 ἔοικεν
1583 1685 1653 1713 εἶναι
1668 1688 1684 1723 ἢ
1703 1688 1832 1724 λογισμῷ.

1049 1729 1089 1755 Τά
1103 1738 1130 1755 τε
1144 1729 1196 1765 γὰρ
1211 1730 1260 1765 τῆς
1274 1730 1386 1766 σελήνης
1396 1731 1462 1766 ἔργα
1474 1731 1518 1758 διὰ
1530 1732 1574 1758 τὸν
1587 1733 1670 1767 ἥλιον,
1685 1733 1725 1765 ὡς
1737 1735 1832 1766 εἰπεῖν,

1049 1774 1145 1801 ἅπαντ’
1167 1776 1239 1802 ἐστί·
1258 1777 1287 1802 τό
1307 1785 1337 1803 τε
1361 1777 1476 1811 μάλιστα
1497 1778 1615 1813 κοσμοῦν
1633 1779 1667 1806 τὰ
1692 1780 1769 1815 τῇδε,
1789 1782 1833 1807 καὶ

1049 1820 1188 1855 ρυομίξον,
1206 1821 1251 1848 καὶ
1265 1821 1413 1855 διατάττον,
1431 1823 1444 1847 ὁ
1458 1823 1531 1858 ἥλιός
1545 1825 1613 1851 ἐστι.
1629 1825 1684 1851 Καὶ
1712 1826 1766 1861 μὴν
1790 1827 1833 1853 καὶ

1048 1866 1097 1901 τῆς
1110 1867 1172 1902 περὶ
1185 1867 1247 1898 τοὺς
1257 1867 1352 1899 ἄλλους
1368 1868 1483 1903 ἀστέρας
1497 1869 1645 1905 εὐκρασίας
1660 1871 1748 1897 αἴτιον
1768 1871 1834 1898 εἶναι

1049 1913 1092 1939 τὸν
1110 1913 1184 1948 ἥλιον
1206 1913 1294 1945 ἄλλοις
1312 1923 1341 1940 τε
1365 1914 1419 1941 τῶν
1441 1915 1552 1947 ἐνδόξων
1575 1917 1621 1942 καὶ
1640 1917 1782 1952 Στράϐωνι
1798 1918 1834 1953 τῷ

1050 1959 1202 1994 γεωγράφῳ
1219 1960 1300 1987 δοκεῖ.
1320 1960 1515 1995 Ἐναργέστερα
1534 1961 1624 1996 μέντοι
1641 1962 1674 1988 τὰ
1698 1965 1765 1998 περὶ
1788 1965 1834 1999 τὴν

1051 2003 1163 2039 σελήνην
1178 2005 1356 2039 συμϐαίνοντα
1378 2006 1447 2032 κατὰ
1462 2006 1603 2042 διαφόρους
1619 2007 1717 2041 φάσεις
1733 2010 1766 2035 ἐκ
1783 2009 1835 2035 τῶν

1051 2049 1117 2083 πρὸς
1133 2050 1177 2075 τὸν
1191 2050 1265 2085 ἥλιον
1280 2051 1454 2077 ἀποστάσεων
1469 2052 1534 2086 ἡμῖν
1553 2052 1668 2087 ἀπαντᾷ.
1686 2054 1763 2080 ἀπ’
1778 2055 1835 2080 ἐπι-

1049 2095 1168 2130 τηρητὲα
1183 2096 1272 2130 μέντοι
1287 2097 1333 2123 καὶ
1349 2097 1423 2123 ταῦτ’
1434 2097 1515 2129 ἐστὶν,
1536 2098 1590 2123 εἴτε
1607 2099 1668 2125 καθ’
1683 2099 1834 2134 ἑϐδομάδας

1050 2141 1103 2166 εἴτε
1124 2141 1183 2167 καθ’
1205 2141 1296 2176 ἕτερον
1311 2141 1382 2177 μῆνα
1407 2142 1478 2168 δοκεῖ
1501 2143 1665 2178 σεληνιακόν.
1683 2144 1721 2170 Οὐ
1737 2145 1792 2180 μὴν
1807 2145 1834 2171 δὲ

221 2185 286 2212 boni
312 2185 465 2220 geographo
496 2184 611 2211 videtur.
633 2183 807 2210 Evideutiora
829 2187 919 2210 tamen
938 2190 998 2210 sese

1052 2187 1098 2213 καὶ
1112 2187 1200 2222 μόνοις
1212 2187 1297 2213 τοῖσδε
1316 2188 1470 2224 χρωμένους
1485 2189 1575 2215 ἐατέον
1590 2190 1653 2220 τοὺς
1679 2190 1741 2216 καθ’
1760 2191 1835 2226 ἥλιον

221 2232 300 2259 nobis
314 2231 439 2264 offerunt,
450 2231 676 2266 quzecontingunt
685 2230 759 2256 circa
775 2230 878 2262 lunam,
889 2234 999 2264 propter

221 2277 376 2306 diﬂ‘erentes
390 2278 449 2312 ejus
461 2278 578 2312 species,
593 2285 625 2304 ex
639 2276 723 2304 variis
737 2276 802 2303 solis
817 2277 1000 2311 intercapedi-

221 2324 302 2351 nibus
319 2323 532 2358 proficiscentes.
553 2323 725 2357 Quapropter
744 2322 913 2349 observanda
935 2326 1000 2348 sunt

221 2370 290 2403 haec,
312 2370 368 2396 sive
385 2377 433 2404 per
453 2369 628 2403 septimanas,
645 2369 702 2396 sive
729 2375 776 2403 per
790 2368 904 2395 alterum
923 2375 999 2395 men-

221 2424 278 2444 sem
293 2416 416 2442 lunarem
431 2414 546 2442 videtur.
564 2414 657 2449 Neque
676 2422 741 2441 vcro
759 2414 801 2441 his
814 2415 880 2441 solis
898 2414 999 2441 utendo

219 2462 324 2491 solares
341 2461 468 2488 deserere
481 2464 598 2494 oportet,
615 2461 661 2495 qui
675 2460 729 2488 sint
745 2461 823 2495 longe
838 2460 998 2495 aequabilio-

219 2515 275 2540 res,
292 2512 319 2534 et
338 2509 429 2542 partes
453 2509 605 2540 temporum
626 2506 755 2533 divinitus
773 2506 997 2539 constitutorum,

218 2552 359 2588 totiusque
375 2552 441 2579 anni
457 2551 574 2587 propria:
593 2554 620 2578 et
641 2551 747 2578 nativae.
774 2551 930 2579 Secundum
949 2558 999 2578 na-

219 2604 309 2627 turam
325 2597 447 2626 enimid
473 2597 632 2632 simpliciter
656 2602 718 2625 est:
740 2597 958 2633 quandoquidem
983 2605 999 2625 a

219 2651 314 2678 causa,
329 2650 356 2673 et
369 2641 472 2683 priore,
496 2647 523 2671 et
550 2643 637 2678 magis
658 2644 824 2671 necessaria.
841 2644 919 2677 Quod
934 2653 999 2673 vero

218 2696 262 2719 est
274 2699 289 2718 a
303 2691 380 2724 luna,
393 2690 489 2720 notqu
500 2690 580 2719 nobis
592 2697 653 2717 cum
676 2690 711 2718 sit
732 2695 758 2718 et
773 2691 904 2724 apertius,
925 2693 998 2719 viam

219 2736 254 2764 ad
265 2744 296 2765 ea
304 2745 369 2773 quae
383 2740 449 2766 sunt
462 2738 568 2766 notiora
584 2741 692 2770 natura,
708 2741 734 2764 et
749 2738 922 2772 perfectiora,
938 2747 998 2766 mu-

218 2782 272 2810 nit.
282 2782 465 2816 Quamobrem
476 2783 567 2813 Ctesar
581 2787 759 2823 cognomento
774 2784 845 2819 apud
861 2784 997 2813 Romanos

220 2825 315 2862 Divus,
335 2828 475 2865 ingressus
491 2829 561 2857 hanc
571 2830 641 2857 viam
665 2829 697 2857 ad
719 2829 755 2862 id,
774 2830 845 2864 quod
859 2834 918 2857 erat
934 2838 1009 2859 cer-.

178 2882 232 2931 ἢ

1052 2231 1138 2267 μῆνας
1150 2232 1346 2268 ὸμαλεστὲρους
1357 2232 1435 2264 ὄντας
1449 2232 1522 2268 παρὰ
1540 2232 1616 2265 πολὺ,
1632 2234 1679 2260 καὶ
1694 2235 1767 2270 μέρη
1784 2235 1835 2261 τῶγ

1051 2277 1082 2302 ἐκ
1098 2276 1164 2302 Θεοῦ
1177 2276 1265 2312 ὡρῶν,
1283 2277 1330 2303 καὶ
1353 2277 1398 2303 τοῦ
1422 2277 1481 2304 ὅλου
1503 2278 1624 2304 ἐνιαυτοῦ
1637 2279 1727 2305 οἰκεῖά
1743 2288 1774 2305 τε
1791 2281 1835 2306 καὶ

1050 2321 1179 2357 αὐτοφυῆ.
1202 2323 1279 2349 Κατὰ
1300 2322 1378 2357 φύσιν
1395 2323 1448 2358 γὰρ
1469 2323 1540 2349 τοῦθ’
1563 2323 1672 2355 ἁπλῶς·
1689 2323 1772 2360 εἰπερ
1791 2326 1836 2351 καὶ

1050 2367 1079 2399 ἐξ
1095 2368 1192 2399 αἰτίου,
1213 2369 1259 2394 καὶ
1278 2368 1421 2404 προτέρου,
1439 2369 1485 2394 καὶ
1505 2369 1730 2404 ὰναγκαιοτέρου.
1748 2371 1787 2396 Τὸ
1808 2370 1835 2396 δὲ

1049 2412 1103 2439 ἀπὸ
1116 2413 1164 2448 τῆς
1181 2412 1303 2448 σελήνης,
1327 2413 1534 2449 γνωριμώτερον
1554 2413 1583 2439 ὃν
1602 2415 1669 2448 ἡμῖν
1687 2414 1735 2440 καὶ
1754 2414 1835 2448 σαφὲ-

1051 2467 1153 2494 στερον,
1170 2458 1227 2490 ὁδός
1249 2460 1321 2484 ἐστιν
1334 2459 1378 2486 ἐπὶ
1392 2459 1426 2486 τὰ
1439 2461 1470 2495 τῇ
1487 2459 1565 2494 φύσει
1587 2459 1787 2495 γνωριμώτερά
1806 2469 1833 2486 τε

1050 2504 1096 2530 καὶ
1118 2503 1276 2540 τελεώτερα.
1295 2505 1334 2531 Δι’
1347 2505 1361 2531 ὃ
1376 2505 1423 2531 καὶ⁸
1441 2507 1464 2531 ot
1488 2506 1550 2540 περὶ
1572 2506 1701 2541 Καίσαρα
1715 2506 1762 2532 τὸν
1787 2508 1833 2532 ἐπ·

1032 2566 1036 2571 ι
1049 2550 1240 2586 ωνομασμένον
1256 2552 1311 2582 τοῖς
1320 2551 1463 2586 Ῥωμαίοις
1482 2551 1549 2583 θεὸν,
1562 2551 1662 2585 ταύτην
1678 2552 1773 2583 ίόντες,
1788 2552 1832 2577 ἐπὶ

1048 2597 1255 2633 τὰκριὸἐστερον
1270 2597 1414 2632 ἐληλύθασι
1429 2597 1520 2633 μηνῶν
1531 2606 1559 2624 τε
1574 2598 1620 2624 καὶ
1633 2598 1758 2625 ἐνιαυτοῦ
1776 2598 1831 2624 δια-

1049 2642 1150 2674 τάξεως
1167 2635 1239 2679 πέρι.
1255 2644 1286 2670 Ol.
1297 2643 1319 2670 δ’
1333 2644 1386 2679 ἄρα
1405 2645 1459 2675 τοῖς
1475 2645 1504 2670 ἐν
1521 2645 1583 2670 ποσὶ
1603 2644 1649 2670 καὶ
1664 2645 1731 2679 ἡμῖν
1753 2652 1832 2678 σαφε-

1050 2689 1153 2724 στὲροις
1170 2689 1345 2724 ἐπιμένοντες
1364 2689 1407 2715 διὰ
1426 2689 1518 2720 τέλους
1544 2690 1664 2716 ἐοίκασιν
1686 2689 1717 2715 οῦ
1745 2688 1831 2720 καλῶς

1049 2735 1159 2770 κρίνειν,
1172 2736 1197 2762 τί
1215 2736 1246 2762 τὸ
1259 2736 1291 2762 δι’
1309 2736 1382 2768 αὐτὸ,
1395 2735 1441 2762 καὶ
1457 2736 1484 2761 τί
1500 2735 1530 2761 τὺ
1542 2735 1575 2761 δι’
1588 2735 1682 2770 ἕτερον
1701 2735 1828 2771 αἱρετέον.

1049 2782 1136 2813 Ὂλως
1157 2791 1186 2808 τε
1205 2783 1246 2808 δεῖ
1265 2781 1383 2817 νομίζειν
1402 2781 1434 2808 τὰ
1450 2781 1560 2816 ὕστερον
1581 2781 1669 2816 χρόνῳ
1685 2781 1782 2816 μακρῷ
1794 2780 1830 2805 δι‹

1047 2828 1224 2864 ηκριόωμένα
1239 2829 1301 2864 περὶ
1321 2828 1493 2865 ἀστρολογίαν
1507 2827 1571 2853 πολύ
1589 2835 1616 2853 τι
1640 2827 1695 2854 τῶν
1715 2826 1829 2862 ἀρχαίων
