1907 3144
126 145 194 173 H97

599 144 771 172 TIIEODORI
791 143 894 171 GAZA‘J
921 143 1019 170 LIBER
1041 143 1084 170 DE
1104 144 1283 172 MENSIBUS.

1672 150 1739 178 “98

125 201 280 238 διαφέρειν·
298 201 364 228 ἀλλὰ
379 201 415 237 μὴ
433 201 544 232 ἑκόντας
567 201 612 227 ὑπ’
631 201 773 232 αὐθαδείας
792 202 844 236 πρὸ
858 201 908 227 τῶν

963 201 1017 227 tius
1032 201 1209 235 exat-[iusque
1219 202 1252 229 de
1268 202 1331 229 anni
1350 203 1537 239 mensiumque
1551 205 1739 239 diS]i(lSilluti(;5

121 247 295 283 τελεωτέρων
307 247 342 274 τὰ
357 247 519 282 ἀτελέστερα
541 248 670 278 ἐπαινεῖν,
684 248 778 282 ὥσπερ
791 249 820 274 ὲν
837 248 908 282 γήρᾳ

120 294 158 322 τὰ
171 294 226 321 τῶν
237 294 304 320 νέων
315 295 422 329 φρονεῖν
446 294 485 320 ἔτι
502 293 741 329 προαιρουμένους.
764 293 839 320 Ἐπεὶ
863 294 909 320 καὶ

121 339 242 375 Γαληνὸς
263 340 291 366 ἐν
309 340 364 370 τοῖς
387 339 450 374 περὶ
469 339 602 374 κρισίμων
617 338 727 374 ἡμερῶν
753 339 841 373 λόγοις
864 339 909 365 τὸν

124 386 247 412 ἐνιαυτὸν
261 386 306 411 ἐπὶ
318 386 377 416 ταῖς
391 385 471 412 πέντε
484 385 530 411 καὶ
544 385 674 420 ἐξήκοντα
684 385 730 411 καὶ
742 385 909 420 τριακοσίαις

124 431 252 466 ἡμέραις,
269 431 440 465 ἐπικείμενον
455 431 525 465 ἔχειν
544 439 569 456 τι
588 431 679 465 μόριον
700 430 805 465 ἡμέρας
819 428 910 464 μεῖζον

124 478 142 512 ἣ
158 477 195 509 ὡς
208 477 336 513 τέταρτον
352 476 434 511 λέγει.
452 477 487 503 Τὸ
507 476 529 502 δ’
546 477 575 503 οὑ
600 476 699 511 μεῖζον,
724 476 780 502 ἀλλ’
802 476 910 502 ἔλαττον

122 520 203 555 εἶναι,
217 524 276 554 ταῖς
290 523 401 558 ὕστερον
416 522 608 557 ὲπιτηρήσεσιν
629 521 753 556 εὓρηται.
767 521 798 547 Εἰ
818 521 840 547 δ’
856 521 910 556 ἄρα

121 578 180 596 που.
194 569 260 605 μηδὲ
283 569 316 595 τὰ
338 569 400 603 περὶ
422 568 470 604 τὴν
484 568 558 603 ἡλίου
579 567 685 603 κίνησιν
700 567 828 603 τάκριϐὲς
843 575 910 592 παν-

120 614 240 641 τάπασιν
256 613 326 648 ἴσχοι
345 614 428 648 ἡμῖν·
446 613 502 639 ἀλλ’
516 610 562 639 οὖν
578 620 610 646 γε
633 611 699 637 πολὺ
715 611 769 638 τῶν
784 612 847 646 περ).
860 611 909 647 τὴν

122 660 238 696 σελήνην
262 659 432 695 ἀκριϐέστερ*
454 659 522 691 ἐστὶ,
544 659 590 685 καὶ
619 659 649 684 τὸ
669 657 909 693 πλημμελούμενον

119 706 376 742 εὐδιορθωτότερον·
394 705 420 732 εί
435 713 465 740 γε
484 705 548 740 μίαν
565 705 614 740 μὲν
638 704 682 730 διὰ
704 704 909 740 τετραετηριδος

121 750 228 786 ἡμέραν
242 749 398 785 ἐμϐόλιμον,
416 749 479 784 μίαν
492 749 520 775 δὲ
535 749 625 784 σχεδὸν
641 749 686 775 διὰ
704 748 908 784 διακοσαετηρί-

119 795 166 827 δος
194 795 335 830 ἐκϐόλιμον
361 794 512 826 ποιεῖσθαι,
534 793 714 828 ἀποχρώντως
738 793 770 820 ἂν
801 793 867 828 ἔχοι,
893 793 908 828 ἢ

118 841 220 867 ὁπόσον
248 840 280 867 ἂν
302 841 345 867 διὰ
367 841 492 867 πλείστου
511 841 534 866 οἱ
558 840 696 875 περιόντες
720 840 762 866 ἀεὶ
781 838 818 874 τῷ
844 839 908 874 χρό-

962 246 1038 281 163
1054 247 1166 281 propius
1182 248 1309 275 accessit.
1325 249 1376 281 Qui
1393 257 1457 284 ergo
1481 250 1507 277 in
1524 251 1613 277 medio
1633 253 1739 286 positis,

957 297 986 318 et
1003 292 1082 318 nobis
1098 293 1331 322 manifestioribus
1346 295 1456 322 assidue
1474 296 1616 329 insistunt,
1634 305 1688 324 non
1706 298 1742 325 vi-

960 337 1059 365 dentur
1074 342 1146 364 recte
1159 338 1321 373 dignoscere
1333 340 1399 374 quid
1412 348 1459 375 per
1471 348 1498 367 se
1512 345 1538 368 ct
1551 342 1615 376 quid
1631 348 1741 376 propter

960 383 1032 409 aliud
1051 384 1215 411 sumendum
1240 385 1286 412 sil.
1304 385 1448 420 Semelque
1463 387 1622 415 existimare
1635 393 1741 423 oportet

961 430 1114 463 astrologiae
1128 433 1390 464 commentationes,
1407 440 1466 467 qua:
1490 434 1576 459 multo
1593 439 1654 468 post
1672 440 1740 461 tem-

960 481 1026 508 pore
1038 475 1209 510 diligentiore
1219 484 1283 503 cura
1294 477 1426 504 'absolutm
1438 482 1511 510 sunt,
1529 486 1582 505 non
1596 487 1691 514 parum
1707 479 1741 506 ab

960 521 1079 555 antiquis
1098 521 1152 548 illis
1167 527 1311 556 praestare;
1332 531 1385 550 non
1402 528 1492 551 autem
1508 533 1563 559 ιιι-ω
1589 525 1740 560 pervicacia

959 565 1059 592 decens
1072 571 1113 593 est
1125 566 1324 601 imperfectiora
1339 569 1549 603 perlectioribus
1564 576 1740 606 anteponere,

960 612 1037 646 quasi
1052 613 1173 640 volentes
1185 613 1211 640 in
1227 619 1366 642 senectute
1380 615 1468 642 adhuc
1484 617 1601 644 retinere
1619 618 1741 652 pueritiae

961 658 1087 693 ineptias.
1106 659 1220 691 Quando
1237 661 1276 686 vel
1294 661 1351 695 ipse
1367 660 1486 689 Galenus
1498 663 1524 688 in
1543 663 1620 690 libris
1636 663 1669 690 de
1683 663 1741 691 die-

960 704 1010 731 bus
1024 704 1182 733 decretoriis
1198 706 1274 737 dicit,
1297 714 1368 733 anno
1379 715 1459 742 supra
1474 713 1610 736 trecentos
1623 713 1650 736 et
1667 717 1741 736 sexa-

960 750 1034 784 ginta
1047 751 1166 786 quinque
1180 751 1238 780 dies
1248 773 1254 782 ,
1272 754 1434 787 particulam
1451 755 1596 790 quamdam
1611 756 1741 783 accedere

960 796 1012 823 dici
1030 798 1182 831 quadrante
1198 799 1340 832 majorem.
1354 800 1434 835 Atqui
1451 809 1504 828 non
1524 803 1653 837 majorem
1669 810 1740 836 esse,

961 843 1006 870 sed
1023 844 1164 875 minmcm,
1187 845 1302 878 posteris
1318 847 1558 874 observationibus
1582 851 1741 874 annotatuut

119 896 160 922 νῳ
176 886 356 923 ἀστρονομίας
381 886 570 922 ἐμπειρότατοι
593 886 729 921 κρίνωσιν.
753 885 834 912 Οὐδὲν
854 885 907 919 γάρ

961 893 1008 915 est.
1019 888 1096 921 Quod
1109 889 1130 916 si
1144 889 1213 916 forte
1229 898 1262 917 nc
1276 891 1342 918 solis
1355 892 1464 926 quidem
1483 898 1572 920 motus
1590 894 1660 920 ratio
1675 893 1742 920 satis

118 933 161 969 τῷ
188 934 300 969 παρόντι
325 933 502 969 προσίσταται
526 933 607 968 λόγῳ,
629 933 655 959 εί
677 942 748 965 τινες
772 932 908 968 ἀμφισϐη-

118 980 199 1008 τοῦσι
214 980 334 1016 περὶτοῦ
351 981 403 1007 τῶν
417 980 484 1007 ἐτῶν
501 980 628 1016 πλήθους.
652 979 909 1015 Ἀναμφισὸητήτως

118 1026 177 1062 γὰρ
197 1027 215 1062 ἡ
236 1026 419 1062 ἐπανόρθωσις
441 1026 516 1053 ἔσται
545 1026 589 1053 διὰ
616 1026 754 1058 πλείστου,
776 1026 849 1057 ὅπως
875 1025 908 1052 ἂν

119 1076 182 1110 ἔχῃ.

962 932 1042 960 nobis
1058 937 1180 966 constet;
1203 939 1230 960 at
1249 943 1329 968 quam
1358 935 1428 962 inme
1450 940 1522 963 certe
1540 937 1626 964 multo
1641 937 1742 964 certior

961 983 1013 1007 est.
1030 978 1143 1013 ejusque
1163 987 1242 1006 error
1267 981 1362 1014 levior,
1376 985 1402 1008 et
1420 982 1509 1009 minus
1527 983 1614 1010 errori
1628 983 1742 1018 propin-

961 1032 1041 1060 quus.
1061 1023 1200 1059 Siquidem
1218 1026 1285 1053 satis
1305 1032 1347 1055 est
1363 1036 1447 1055 unum
1471 1029 1543 1056 diem
1561 1033 1659 1064 quarto
1674 1037 1743 1063 quo-

961 1077 1014 1104 que
1036 1077 1108 1096 anno
1132 1069 1303 1105 intercalari;
1326 1077 1387 1107 post
1411 1081 1474 1101 vero
1500 1073 1632 1101 ducentos
1659 1074 1743 1101 ferme

119 1121 210 1145 annos
222 1125 307 1144 unum
319 1118 489 1153 exemptiiem
506 1118 576 1151 ﬁeri,
589 1119 631 1146 vel
643 1125 723 1153 quam
738 1117 820 1152 longo
832 1114 964 1149 temporis
999 1115 1142 1142 intervallo
1166 1115 1327 1149 judicabant
1338 1137 1345 1149 ,
1377 1119 1424 1153 qui
1456 1119 1567 1146 assidue
1597 1119 1744 1146 succedent

118 1157 293 1199 experientia
307 1165 470 1192 excellentes
483 1166 644 1193 astronomi.
661 1164 755 1200 Neque
768 1164 840 1190 enim
857 1161 999 1197 praascntis
1015 1167 1056 1188 est
1070 1163 1198 1194 instituti,
1217 1163 1239 1190 si
1253 1164 1353 1198 quibus
1366 1170 1542 1193 controversa
1556 1170 1598 1193 est
1611 1166 1638 1192 in
1649 1166 1700 1192 bac
1714 1171 1743 1192 re

117 1205 256 1238 anuorum
281 1210 436 1238 multitudo.
455 1211 531 1238 llaud
555 1211 637 1238 dubie
658 1210 729 1238 enim
750 1208 868 1244 plurimo
895 1206 1026 1241 temporis
1044 1207 1192 1235 interstitio
1213 1210 1412 1244 emendabitur,
1433 1215 1571 1247 utcunque
1588 1221 1618 1240 se
1632 1212 1741 1240 habeat.

117 1263 185 1298 Ὀτι
195 1270 244 1298 καὶ
256 1257 318 1303 τοῖς
332 1270 439 1305 σοφοῖς
451 1270 663 1332 δρῖκεῖβέλτιον
676 1270 712 1297 τὰ
729 1269 802 1297 κατὰ
819 1269 907 1303 ἥλιον

490 1314 561 1332 rem

490 1314 561 1341 γειν.

158 1351 210 1378 IA'.
238 1351 358 1378 Ἐπαινεῖ
369 1351 397 1378 δὲ
413 1352 595 1387 διαφερόντως
612 1352 658 1379 καὶ
675 1351 846 1388 Πλούταρχος
857 1352 906 1387 τὴν

118 1396 261 1432 Καίσαρος
273 1397 468 1433 ἐπανόρθωσιν,
482 1397 565 1430 δεινὸς
580 1397 616 1424 ὢν
628 1399 728 1434 κρῖναι,
742 1395 792 1424 ὧδε
805 1398 905 1432 λέγων·

121 1452 133 1468 ι
157 1442 189 1469 'H
202 1442 230 1468 δὲ
245 1442 290 1469 τοῦ
311 1443 488 1479 ἡμερολογίου
503 1443 621 1475 διάθεσις
642 1444 688 1470 καὶ
704 1443 845 1479 διόρθωσις
857 1443 906 1478 τῆς

118 1488 189 1524 ἰτερῖ¹
208 1488 253 1515 τὸν
275 1489 370 1523 χρόνον
389 1488 554 1525 ἀνωμαλίας,
571 1489 779 1525 φιλοσοφηθεῖσα
797 1490 907 1525 χαριέν-

118 1543 179 1566 τως
198 1535 242 1561 ὑπ’
261 1535 354 1568 αὑτοῦ,
379 1535 426 1561 καὶ
450 1535 526 1567 τέλος
547 1535 675 1569 λαϐοῦσα,
693 1536 906 1572 γλαφυρωτάτην

119 1581 247 1617 παρέσχε
273 1582 376 1617 χρείαν.
406 1591 415 1607 ι
444 1582 583 1617 Ἡρόδοτος
608 1583 636 1609 δὲ
661 1583 708 1610 καὶ
737 1582 907 1619 σοφωτέρους

116 1627 209 1655 οἴεται
223 1636 292 1654 ειναι
308 1628 471 1662 Αἰγυπτίους
492 1628 635 1664 Ἑλλήνων,
653 1630 717 1666 παρ’
733 1629 793 1655 ὅσον
815 1630 839 1655 οἱ
859 1629 906 1664 μὲν

116 1673 167 1701 διὰ
191 1674 281 1709 τρίτου
303 1674 378 1706 ἔτους
404 1675 601 1710 ἐπεμϐάλλουσι
619 1675 708 1711 μῆνα·
731 1677 755 1702 οἱ
777 1677 816 1709 δὲ,
831 1685 907 1711 τρια-

117 1719 308 1755 κονθημέρους
339 1720 449 1754 ἄγοντες
475 1721 538 1752 τοὺς
566 1721 663 1756 μῆνας,
693 1721 771 1748 πέντε
802 1721 907 1756 ἡμέρας

118 1764 272 1799 ἐπάγουσιν
290 1765 341 1792 ἀνὰ
357 1766 470 1792 ’ἑκαστον
485 1766 553 1797 ἔτος.
571 1767 607 1793 Οὐ
619 1768 709 1802 χεῖρον
725 1767 752 1793 δὲ
770 1767 815 1793 καὶ
827 1766 908 1793 πάλιν

117 1810 175 1846 τὴν
193 1810 264 1844 λέξιν
288 1812 369 1839 αὐτοῦ
391 1812 578 1848 παραθέσθαι·
597 1822 606 1838 ε
629 1813 741 1847 Ἀγουσι
762 1813 789 1838 δὲ
809 1812 907 1848 τοσῷδε

119 1855 278 1892 σοφώτερον
291 1857 433 1893 Ἑλλήνων,
447 1857 507 1893 ἐμοὶ
518 1857 631 1889 δοκέειν,
649 1858 703 1893 ὅσῳ
717 1857 843 1892 ’Έλληνες
860 1857 908 1892 μὲν

118 1903 170 1930 διὰ
183 1903 272 1937 τρίτου
282 1903 355 1935 ἔτεος
365 1904 510 1939 ἐμϐόλιμον
526 1904 725 1939 ἐπεμϐάλλουσι
748 1903 801 1930 τῶν
815 1903 908 1939 ὡρέων

118 1949 213 1977 εῖνεκε
223 1958 230 1965 ⁸
246 1950 386 1985 Αἰγύπτιοι
400 1950 440 1983 δὲ,
454 1951 702 1986 τριηκοντημέρους
718 1950 826 1984 ἄγοντες
847 1950 909 1981 τοὺς

119 1996 247 2023 δυώδεκα
260 1996 357 2032 μῆνας,
370 1997 502 2031 ἐπάγουσι
513 1996 564 2023 ἄνα
576 1997 628 2024 πᾶν
639 1996 698 2028 ἔτος
710 1996 789 2022 πέντε
804 1996 909 2031 ἡμέρας

120 2041 215 2077 παρὲξ
226 2042 273 2068 τοῦ
285 2042 413 2078 ἀριθμοῦ.
425 2053 435 2069 ›
452 2042 488 2070 Τὸ
510 2043 538 2069 δὲ
561 2042 810 2078 τριακονθημέρους
833 2042 909 2076 ἄγειν

118 2089 188 2120 τοὺς
207 2089 303 2124 μῆνας,
321 2088 390 2115 κατὰ
405 2089 480 2124 ἥλιον
496 2091 572 2123 ἄγειν
587 2087 665 2122 εἶναι,
688 2088 762 2123 δηλοῖ
783 2088 909 2123 Στράϐων

117 2134 225 2160 οὑτωσὶ
242 2133 326 2168 λέγων
336 2143 342 2149 ·
362 2144 371 2160 ι
391 2135 547 2168 Αἰγυπτίων
560 2135 582 2161 δ’
595 2134 653 2161 ἐστὶ
665 2135 712 2161 καὶ
734 2134 763 2160 τὸ
778 2133 826 2166 τὰς
841 2134 908 2169 ὴμέ-

121 2187 177 2216 ρας
197 2178 233 2214 μὴ
249 2178 319 2205 κατὰ
336 2179 450 2215 σελήνην
476 2179 567 2212 ἄγειν,
583 2178 650 2205 ἀλλὰ
668 2180 738 2206 κατὰ
753 2179 838 2214 ἥλιον,
852 2180 909 2210 τοῖς

118 2224 367 2261 τριακονθημέροις
401 2225 504 2252 δώδεκα
532 2226 614 2262 μησὶν
647 2226 803 2260 ἐπαγόντων
830 2225 909 2251 πέντε

118 2272 232 2308 ἡμέρας
247 2273 306 2299 κατ’
326 2272 447 2299 ἐνιαυτὸν
470 2273 594 2300 ἕκαστον.
622 2283 631 2299 ›
657 2273 768 2308 Πλήοων
792 2273 840 2308 μὲν
864 2271 909 2299 οὖν

120 2318 194 2345 πολὺ
206 2317 306 2344 τούτων
324 2318 422 2354 ἀπᾴδει
436 2318 521 2352 λέγων
536 2319 607 2345 κατὰ
624 2319 703 2353 φύσιν
721 2316 790 2345 εἶναι
811 2318 909 2353 μᾶλλον

116 2364 157 2391 τὸ
182 2364 252 2390 κατὰ
276 2364 387 2400 σελήνην
408 2365 483 2399 ἄγειν
506 2365 568 2396 τοὺς
591 2365 687 2401 μῆνας,
713 2366 759 2391 καὶ
787 2365 832 2391 τὸν
862 2365 910 2399 μὲν

118 2411 249 2438 ἐνιαυτὸν
276 2411 314 2446 τῷ
341 2411 418 2446 ἡλίῳ,
443 2411 506 2443 τοὺς
528 2411 555 2438 δὲ
575 2412 660 2447 μῆνας
681 2411 788 2438 διαιτῶν
810 2413 843 2446 τῇ
866 2420 909 2437 σε-

118 2459 194 2494 λήνῃ
199 2478 205 2485 .

253 2515 318 2548 Πῶς
333 2515 482 2549 χρηστέον
494 2515 569 2550 μησὶ
584 2515 632 2543 καὶ
650 2515 784 2548 ἐνιαυτῷ.

160 2562 212 2588 IB’.
240 2561 334 2596 Ἡμεῖς
359 2561 386 2587 δὲ
411 2561 524 2596 ὀνόμασι
550 2561 597 2596 μὲν
623 2562 679 2592 τοῖς
694 2562 846 2596 εἰρημένοις
864 2562 910 2588 καὶ

116 2608 203 2641 τάξει
216 2608 373 2643 χρησόμεθα
389 2608 444 2634 τῶν
459 2608 561 2644 μηνῶν,
579 2608 721 2644 πράγμασι
737 2609 764 2635 δὲ
782 2609 850 2636 κατὰ
860 2610 909 2645 τὴν

116 2654 265 2689 Καίσαρος
289 2654 483 2690 ἐπανόρθωσιν,
545 2654 680 2690 χρώμενοι
700 2655 829 2690 Ῥωμαῖοι
846 2657 909 2692 ἄχρι

116 2701 174 2729 καὶ
190 2699 246 2733 νῦν,
262 2697 342 2736 ἦττον
363 2701 462 2736 ἑτέρων
478 2701 638 2736 σφάλλεσθαι
652 2702 716 2738 περὶ
738 2701 786 2738 τὴν
799 2703 909 2738 ἀνωμα-

116 2746 187 2774 λίαν
213 2745 318 2772 δοκοῦσι
343 2746 474 2782 χιλιοστὺν
501 2748 548 2774 καὶ
572 2748 795 2774 πεντακοσιοστὺν
819 2748 909 2783 ὀλίγου

112 2793 180 2822 δεῖν
195 2791 254 2818 τόδε
272 2792 339 2824 ἔτος.
354 2793 509 2829 Λαμϐἀνειν
522 2802 551 2821 τε
566 2793 704 2830 ἀξιοῦμεν,
721 2796 830 2835 εῖιτινες
843 2796 910 2831 χρή-

160 2859 196 2875 ¹⁰¹
212 2857 336 2893 Euterpe,
356 2867 384 2889 ιι.
401 2859 428 2887 4.

959 1266 1036 1299 Quod
1060 1267 1122 1295 viris
1143 1268 1313 1303 prudentibus
1336 1271 1496 1297 commodius
1519 1271 1620 1298 videtur
1645 1280 1743 1299 annum

1238 1305 1272 1331 ad
1286 1305 1365 1332 solem
1380 1314 1464 1341 agere.

992 1349 1037 1376 Χῖ.
1059 1349 1183 1385 impense
1204 1358 1267 1378 vero
1288 1351 1380 1378 laudat
1396 1352 1510 1380 Caesaris
1528 1353 1741 1380 emendationem

957 1394 1144 1428 Plutarchus,
1177 1397 1317 1431 praestanti
1348 1398 1389 1425 rir
1416 1398 1532 1433 judicio,
1556 1398 1596 1426 sic
1624 1398 1742 1426 dicens:

961 1450 971 1467 ι
992 1441 1135 1470 Fastorum
1154 1447 1243 1470 autem
1255 1443 1408 1478 dispositio,
1421 1448 1447 1472 et
1470 1445 1661 1473 inconstantia:
1672 1445 1742 1473 illius

921 1489 941 1518 Ο
959 1495 1043 1524 vagze,
1060 1492 1087 1516 et
1102 1489 1213 1517 incertae
1229 1490 1373 1522 correctio,
1386 1491 1523 1526 eleganter
1536 1491 1570 1518 ab
1586 1491 1644 1526 ipso
1658 1491 1743 1526 philo-

958 1534 1070 1568 sophica
1087 1534 1193 1562 ratione
1214 1536 1359 1570 explicata,
1374 1537 1509 1571 (inertique
1524 1537 1631 1570 sortita,
1645 1538 1745 1572 jucun-

959 1577 1102 1604 dissimum
1126 1586 1205 1606 usum
1231 1580 1357 1614 praebuit.
1373 1590 1382 1605 ι
1410 1580 1563 1609 Herodotus
1586 1586 1675 1610 autem
1698 1590 1744 1609 sa-

959 1623 1108 1657 pientiores
1133 1623 1236 1651 Graecis
1264 1625 1403 1652 existimat
1426 1625 1585 1662 Aﬂgyptios,
1609 1632 1743 1662 quatenus

958 1668 1045 1696 Graeci
1069 1669 1150 1696 tertio
1169 1677 1278 1705 quoque
1298 1679 1370 1698 anno
1389 1679 1472 1698 unum
1489 1680 1611 1700 mensem
1623 1670 1743 1700 interca-

959 1715 1026 1749 lant,
1045 1715 1166 1751 Egyptii
1198 1724 1263 1744 vero
1286 1717 1427 1745 mensibus
1448 1719 1602 1746 tricenariis
1624 1720 1744 1754 quinque

960 1764 1018 1791 dies
1032 1765 1179 1798 quotannis
1195 1764 1337 1799 adjiciunt.
1355 1765 1406 1792 Sed
1425 1773 1475 1793 uec
1489 1766 1538 1793 abs
1553 1774 1582 1793 re
1596 1766 1677 1794 fuerit
1694 1775 1744 1794 au-

960 1810 1044 1837 ctoris
1057 1809 1143 1845 ipsius
1158 1811 1241 1837 verba
1253 1819 1383 1845 reponere
1396 1812 1430 1827 °°'
1445 1821 1452 1839 ;
1466 1821 1475 1837 ι
1487 1812 1587 1847 Agunt,
1604 1812 1702 1847 inquit,
1712 1820 1745 1840 eo

960 1855 1123 1890 prudentius
1145 1856 1258 1890 Griecis,
1276 1861 1305 1884 ut
1325 1858 1390 1885 mihi
1412 1858 1521 1893 quidem
1539 1858 1657 1890 videtur,
1672 1860 1744 1893 quod

960 1896 1046 1929 Ora-ei
1075 1903 1155 1930 tertio
1177 1911 1286 1938 quoque
1312 1911 1385 1930 anno
1407 1912 1527 1932 mensem
1553 1897 1744 1933 intercalarem

960 1947 1078 1980 faciunt,
1103 1948 1184 1983 idque
1206 1953 1357 1983 temporum
1374 1950 1463 1984 gratia
1481 1959 1487 1977 :
1506 1958 1600 1977 verum
1624 1950 1745 1986 Egyptii

960 1993 1103 2021 duodecim
1121 1993 1261 2020 mensibus
1280 1994 1391 2029 (quibus
1409 1994 1529 2022 tricenos
1541 1994 1599 2022 dies
1614 1994 1746 2023 adnume~

961 2039 1032 2075 rant)
1058 2039 1174 2074 singulis
1201 2040 1280 2067 annis
1305 2041 1426 2075 quinque
1454 2041 1513 2068 dies
1542 2041 1707 2068 adsciscunt.
1732 2051 1742 2068 ι

961 2085 1085 2113 'l‘ricenis
1104 2090 1192 2113 autem
1210 2085 1306 2114 diebus
1321 2094 1428 2114 menses
1444 2091 1548 2119 taxare,
1564 2087 1636 2122 quod
1658 2087 1693 2115 sit
1710 2089 1744 2116 ad

961 2132 1026 2159 solis
1043 2139 1154 2159 cursum
1171 2139 1261 2167 agere,
1278 2132 1398 2159 ostendit
1415 2132 1512 2159 Strabo
1537 2133 1572 2159 ita
1594 2133 1720 2168 inquiens
1735 2143 1742 2160 :

964 2186 972 2202 ι
992 2176 1180 2212 AZgyptiorum
1208 2185 1270 2205 vero
1291 2182 1333 2205 cst
1360 2182 1386 2205 et
1407 2178 1484 2210 illud,
1503 2178 1560 2206 dies
1578 2187 1632 2206 non
1652 2179 1685 2206 ad
1701 2180 1744 2207 lu-

960 2231 1033 2256 nam,
1057 2224 1102 2251 sed
1135 2225 1167 2250 ad
1194 2225 1279 2251 solem
1311 2232 1400 2260 agere,
1426 2225 1578 2253 tricenariis
1603 2226 1744 2253 mensibus

960 2269 1102 2297 duodecim
1121 2271 1241 2305 quinque
1263 2270 1321 2297 dies
1345 2272 1494 2306 quotannis
1515 2271 1711 2306 adjicicntium.
1731 2282 1742 2298 ι

960 2314 1074 2343 Plethon
1090 2316 1172 2351 igitur
1191 2316 1305 2343 multum
1327 2317 1361 2344 a‘b
1378 2318 1412 2344 iis
1427 2317 1573 2353 discrepat,
1588 2319 1681 2347 dicens
1699 2327 1742 2347 se—

960 2362 1079 2389 cundutn
1111 2366 1237 2390 naturam
1264 2363 1351 2397 magis
1379 2371 1439 2390 esse
1465 2372 1572 2392 menses
1595 2365 1628 2392 ad
1651 2366 1743 2392 lunam

960 2415 1056 2443 agere;
1075 2416 1177 2435 annum
1194 2408 1303 2443 quidem
1320 2410 1370 2436 soli
1386 2418 1435 2444 pro
1452 2410 1564 2438 arbitrio
1581 2411 1743 2444 attribucns,

960 2461 1068 2481 menses
1080 2462 1144 2482 vero
1157 2455 1238 2483 lunae.

1066 2512 1202 2545 Quomodo
1216 2513 1341 2540 utendum
1358 2513 1488 2541 mensibus
1503 2519 1527 2540 et
1541 2522 1618 2540 anno.

995 2558 1052 2586 Xll.
1072 2559 1128 2586 Nos
1152 2563 1242 2587 autem
1258 2563 1285 2587 et
1305 2560 1401 2588 ordine
1424 2561 1560 2588 mensium
1582 2565 1608 2588 et
1625 2561 1745 2588 nomini-

960 2607 1011 2634 bus
1029 2611 1137 2633 utemur
1161 2607 1324 2641 cxplicatis;
1341 2607 1423 2635 rebus
1447 2614 1511 2634 vero
1530 2607 1607 2642 juxta
1627 2607 1744 2634 Caesaris

960 2653 1188 2686 emendationem,
1206 2661 1259 2688 qua
1283 2654 1414 2680 hactenus
1436 2657 1543 2680 utentes
1557 2652 1673 2680 Romani
1692 2653 1744 2680 mi-

961 2706 1012 2726 nus
1027 2698 1142 2733 reliquis
1157 2698 1184 2725 in
1198 2698 1248 2725 bac
1263 2699 1423 2726 confusione
1440 2698 1496 2725 l'alli
1510 2698 1637 2726 videntur
1652 2708 1658 2726 :
1680 2698 1743 2725 mil-

961 2745 1072 2773 lcsimus
1100 2750 1127 2773 et
1148 2753 1232 2781 prope
1256 2744 1491 2781 quingentesimus
1510 2744 1566 2779 jam
1589 2745 1633 2772 hic
1655 2753 1744 2775 annus

961 2796 1013 2820 est.
1030 2791 1123 2827 Neque
1138 2799 1204 2820 vero
1216 2791 1240 2819 si
1257 2791 1322 2827 quid
1341 2799 1356 2818 a
1373 2791 1535 2826 quibusdam
1549 2792 1745 2828 excogitatum,
