1907 3144
192 133 260 160 1199

717 129 762 156 AD
779 128 916 157 EUSEBlB
933 128 1127 156 CllRONlCON
1150 128 1328 156 APPENDIX.

1742 131 1814 158 i200

191 195 220 219 r.t
235 191 262 218 in
276 197 447 217 communem
468 189 529 214 vitae
544 187 688 214 utilitatem
709 187 836 213 collatum
852 190 903 217 est,
918 187 964 212 siw

1026 188 1102 222 σιμόν
1117 196 1143 213 τι
1158 187 1271 222 ἐφεῦρον
1284 187 1323 222 τῷ
1338 186 1397 221 βιῳ,
1415 187 1462 213 ἐάν
1478 196 1506 214 τε
1523 188 1630 214 Λατῖνοι
1642 185 1708 214 ὦσιν
1723 190 1749 216 οἱ
1763 191 1813 216 εὑ-

192 236 292 268 Latiui,
312 237 368 263 sive
383 234 490 262 barbari
507 234 560 260 sint
573 233 729 267 hujusmodi
745 233 909 264 inventores,
924 232 972 260 de-

190 283 335 317 dignamur
358 282 391 308 ab
417 280 449 307 iis
472 279 497 306 id
525 280 664 306 inventum
687 278 817 305 utendum
838 278 970 312 accipere,

191 336 340 362 omnesque
366 326 531 353 domesticos
560 329 587 353 et
616 324 764 352 familiares
797 325 969 356 existimare,

192 376 315 403 homines
340 374 386 409 qui
410 373 475 404 sint,
493 377 520 400 et
547 372 669 406 ejusdem
695 371 838 398 nobiscunt
868 375 972 397 naturae

192 421 347 456 participes,
365 419 453 453 iisque
473 418 637 445 inventionis
657 418 771 452 gratiam
794 417 903 447 habere,
916 424 970 442 non

190 471 279 494 autem
303 473 358 502 prae
387 464 488 492 invidia
513 464 680 491 eontentiose
703 463 798 493 rixari,
822 466 847 489 et
875 466 970 496 sponte

189 513 323 540 deteriora
341 518 494 546 capessere.
518 510 617 538 Diebus
637 510 727 544 itaque
743 509 872 536 trecentis
892 515 969 535 sexa-

188 559 262 594 ginta
279 558 399 593 quinque
420 557 453 583 ad
473 557 538 584 solis
558 564 669 583 cursum
692 555 771 582 nobis
791 554 969 582 distribuetur

187 612 286 635 annus,
305 603 395 630 addita
417 611 524 638 quoque
540 603 604 630 huic
625 609 738 629 numero
755 601 886 636 particula
902 608 969 634 qua-

188 653 261 685 piam
276 650 329 678 diei
346 654 443 684 quarta
457 653 534 684 parte
551 649 664 676 minore.
686 648 719 674 lit
738 655 845 674 menses
859 646 967 681 quidem

189 696 356 730 complentes
379 695 484 722 dierum
510 702 663 725 numerum,
682 694 727 721 alii
754 693 863 728 triginta
889 696 969 719 erunt

188 742 304 774 dierum,
320 742 365 768 alii
387 748 440 767 uno
461 741 505 767 die
524 741 716 771 abundabunt;
735 747 805 766 unus
820 747 882 765 vero
900 745 966 764 con-

189 787 264 814 tinuo
278 786 387 821 quidem
405 785 521 812 triennio
542 785 648 812 duobus
667 784 772 811 deﬁciet
791 784 823 811 de
837 784 966 818 triginta;

188 836 286 866 quarto
302 835 392 858 autem
416 838 499 861 anno,
517 838 571 857 uno
587 830 631 857 die
652 834 767 856 tantum.
792 828 968 863 Quandoqui-

1026 233 1126 267 ρόντες,
1152 233 1199 260 ἐάν
1219 241 1248 259 τε
1267 232 1398 268 βάρϐαροι
1410 241 1416 247 ·
1433 233 1548 264 οἰκείους
1563 241 1593 259 τε
1614 233 1719 265 πάντας
1733 235 1814 270 νομί-

1025 279 1098 311 ζειν,
1123 279 1281 314 ἀνθρώπους
1305 287 1336 313 γε
1363 279 1452 311 ὄντας,
1475 279 1522 306 καὶ
1545 279 1742 315 μετειληφότας
1761 281 1814 316 τῆς

1025 326 1108 361 αὐτῆς
1124 326 1188 361 ἡμῖν
1213 325 1334 359 φύσεως·
1354 326 1400 351 καὶ
1426 325 1504 361 χάριν
1528 325 1668 360 ὁμολογεῖν
1694 328 1752 358 τοῖς
1766 328 1815 353 ei»

1026 369 1126 404 ροῦσιν,
1145 369 1210 396 ἀλλὰ
1237 370 1274 405 μὴ
1299 369 1461 404 φθονοῦντας
1478 371 1588 405 ἐρίζειν,
1607 371 1655 397 καὶ
1681 371 1814 398 ἐθελοκα-

1024 416 1090 442 κεῖν,
1112 416 1242 451 Ἡμέραις
1257 415 1400 451 τοιγαροῦν
1418 416 1588 451 τριακοσίαις
1609 417 1656 443 καὶ
1677 416 1812 452 ἐξήκοντα

1024 461 1069 486 καὶ
1086 461 1166 488 πέντε
1190 462 1345 497 ὁριζόμενος
1367 463 1433 498 ἡμῖν
1457 463 1471 488 ό
1495 463 1616 494 ἐνιαυτὸς
1631 462 1720 494 ἔσται,
1740 463 1812 490 κατὰ

1021 508 1070 542 τὴν
1095 509 1169 544 ἡλίου
1189 509 1321 544 περίοδον,
1345 509 1556 544 προστιθεμένου
1573 509 1620 536 τοῦ
1642 510 1692 536 καὶ
1713 510 1810 545 μορίου

1022 555 1126 590 ἡμέρας
1143 556 1184 581 ἐπ’
1199 555 1308 581 ἔλαττον
1328 555 1344 590 ἦ
1361 555 1397 587 ὡς
1415 556 1627 592 τεταρτημόριον
1644 555 1685 590 τῷ
1698 555 1810 591 ἀριθμῷ

1020 601 1097 636 τῷδε.
1125 602 1179 628 Καὶ
1209 601 1292 636 μῆνες
1313 601 1534 637 συμπληροῦντες
1550 602 1596 628 τὺν
1621 602 1675 628 τῶν
1697 603 1810 637 ἡμερῶν

1020 646 1135 681 ἀριθμὸν
1151 648 1174 673 οἱ
1200 647 1247 681 μὲν
1267 648 1504 683 τριακονθήμεροι,
1521 649 1545 674 οἱ
1558 648 1587 674 δὲ
1605 649 1656 684 μιᾷ
1671 649 1810 684 ὑπερϐάλ-

1020 691 1110 723 λοντες
1133 693 1195 724 τοὺς
1218 693 1326 728 ἑτέρους
1351 694 1458 728 ἡμέρα·
1476 691 1516 725 εἷς
1539 693 1567 719 δὲ
1590 694 1638 720 καὶ
1660 694 1734 720 δυοῖν
1758 695 1809 730 μὲν

1021 738 1149 765 ἐλλείπων
1162 739 1214 765 τῶν
1230 739 1468 774 τριακονθημέρων
1483 740 1544 774 ἑξῆς
1560 740 1644 775 τριῶν
1659 740 1740 772 ἐτῶν,
1759 743 1808 776 μιᾷ

1020 783 1047 810 δὲ
1065 783 1104 818 τῷ
1118 783 1247 819 τετάρτῳ.
1271 783 1356 810 Ἑπτὰ
1377 783 1430 820 γὰρ
1446 784 1511 815 οἶδε,
1529 784 1690 816 Ποσειδεὼν,
1717 785 1809 820 Γαμη-

1020 830 1093 863 λιὼν⁷
1109 831 1281 864 Μουνυχιὼν,
1294 829 1487 865 Σκιροφοριὼν,
1506 830 1722 865 Μεταγειτνιὼν,
1741 831 1810 867 Βοη-

188 877 249 904 dent
272 877 298 904 lii
322 881 435 911 Septem,
455 876 599 907 Posidcon,
621 875 771 906 Gamelion,
794 874 964 909 Munychion,

1018 875 1147 912 δρομιὼν,
1165 875 1334 910 Πυανεψιὼν,
1362 877 1411 911 μιᾷ
1436 876 1619 912 ὑπερϐαλοῦσι
1643 877 1708 908 τοὺς
1730 886 1807 913 τρια-

189 923 400 958 Scirophurion,
423 922 617 956 Mctagitnion,
643 921 840 952 Boedromion,
864 920 968 956 Pyane-

187 971 283 1004 psion,
303 977 358 996 uno
381 969 424 996 die
438 968 566 995 excedent
584 968 760 1000 tricenarius;
783 966 880 1001 reliqui
905 973 968 993 vero

187 1015 302 1042 tricenis
315 1014 489 1045 constabunt,
504 1017 684 1048 prreterquam
701 1011 903 1047 Elaphebolion.
919 1011 967 1038 llic

187 1059 259 1087 enim
277 1067 323 1093 per
345 1063 401 1085 tres
421 1066 507 1086 annos
522 1057 618 1084 diebus
635 1063 696 1084 octo
710 1062 737 1085 et
752 1058 846 1092 viginti
864 1057 968 1084 laxabi-

188 1110 243 1136 tur,
267 1104 313 1132 sed
333 1108 431 1138 quarto
458 1111 529 1130 anno
554 1103 748 1138 undetriginta,
767 1107 877 1138 propter
896 1103 967 1130 diem

187 1150 386 1177 interealarem.
398 1148 483 1175 Porro
495 1156 544 1175 cur
558 1156 572 1175 a
585 1148 691 1176 Caesare
703 1155 810 1175 menses
825 1148 861 1174 ita
874 1147 968 1174 distri-

186 1196 243 1222 buti
257 1197 319 1227 sint,
331 1201 358 1222 ut
370 1195 413 1222 hic
423 1199 493 1222 esset
507 1195 617 1229 triginta
638 1194 754 1225 dierum,
764 1194 808 1221 ille
823 1202 891 1225 non;
905 1194 968 1222 huic

186 1249 325 1273 excessus,
339 1242 376 1268 illi
392 1241 512 1269 delectus
529 1249 535 1266 :
552 1241 665 1268 alterius
677 1244 719 1267 est
732 1240 965 1267 eonsiderationis.

439 1297 476 1324 De
492 1296 645 1324 intercalnri
666 1297 716 1323 die.

219 1355 288 1383 Xlll.
302 1355 419 1382 “ensem
432 1354 540 1389 quidem
551 1355 654 1381 nullum
667 1361 786 1388 unquam
798 1373 804 1385 ,
819 1353 866 1380 sed
883 1361 965 1380 unum

184 1401 256 1428 diem
285 1409 333 1435 per
357 1400 480 1435 singulos
506 1407 639 1426 annorum
661 1399 852 1434 quaterniones
873 1406 966 1426 mense

185 1447 397 1482 Elaplmlmlione
416 1445 648 1476 intercalabimus,
663 1443 891 1479 quemadmodum
912 1443 966 1470 Ro-

185 1494 257 1520 mani
275 1492 423 1520 Februario
437 1492 597 1523 bissextum,
615 1491 655 1518 sic
678 1494 820 1522 vocantes,
837 1489 908 1524 quod
925 1490 966 1516 bis

1019 921 1218 956 κονθημέρους·
1247 921 1272 946 οἱ
1292 921 1319 947 δὲ
1343 921 1431 947 λοιποὶ
1457 921 1708 957 τριακονθήμεροι,
1738 922 1808 956 πλὴν

1025 966 1262 1001 Ἐλαφηϐολιῶνος.
1285 967 1348 993 Ὄδε
1369 966 1422 1002 γὰρ
1436 967 1542 1001 ἡμέρας
1562 966 1617 999 ἕξει
1635 967 1724 994 εἴκοσι
1756 968 1807 1002 μὲν

1019 1013 1066 1040 καὶ
1079 1012 1150 1039 ὀκτὼ
1173 1012 1236 1047 ἑξῆς
1258 1012 1341 1048 τριῶν
1361 1012 1440 1045 ἐτῶν,
1458 1013 1543 1038 εἰκοσι
1567 1013 1595 1038 δὲ
1613 1014 1661 1038 καὶ
1676 1013 1756 1040 ἐννέα
1767 1014 1808 1048 τῷ

1017 1059 1148 1094 τετάρτῳ,
1171 1059 1215 1085 διὰ
1236 1058 1284 1094 τὴν
1299 1058 1559 1094 παρεμϐαλλομένην
1575 1058 1692 1094 ἡμέραν.
1715 1060 1764 1085 Διὰ
1779 1059 1807 1086 τι

1017 1103 1045 1129 δὲ
1059 1105 1114 1134 τοῖς
1136 1104 1198 1139 περὶ
1215 1103 1334 1138 Καίσαρι
1350 1102 1420 1129 οὕτω
1436 1103 1469 1129 τὰ
1489 1104 1553 1137 περὶ
1569 1102 1619 1134 τὰς
1639 1103 1746 1138 ἡμέρας
1767 1103 1808 1129 δι-

1017 1149 1126 1184 ῄρηται,
1143 1149 1180 1180 ὡς
1193 1149 1263 1176 τονδὶ
1281 1149 1329 1184 μὲν
1346 1149 1576 1184 τριακονθήμερον
1588 1147 1669 1180 εἶναι,
1681 1148 1752 1175 ἀλλὰ
1768 1149 1805 1184 μὴ

1017 1196 1098 1226 τονδὶ,
1108 1196 1179 1222 τονδὶ
1192 1195 1214 1221 δ’
1229 1194 1418 1230 ὑπερϐάλλειν,
1427 1195 1496 1222 τονδὶ
1511 1195 1532 1222 δ’
1546 1195 1694 1227 ἐλλείπειν,
1709 1195 1806 1231 ἑτέρας

1017 1244 1074 1268 ἐστὶ
1089 1241 1211 1278 θεωρίας.
1643 1247 1646 1251 ”

1184 1297 1252 1330 Περὶ
1269 1296 1322 1330 τῆς
1335 1297 1495 1331 ἐμϐολίμου
1511 1296 1634 1330 ψιέρας.

1051 1354 1100 1380 il".
1116 1354 1194 1389 Μῆνα
1211 1353 1260 1389 μὲν
1272 1351 1318 1380 οὖν
1331 1353 1424 1379 οὐδένα
1436 1352 1590 1387 ἐπεμϐαλοῦ
1595 1361 1646 1388 μεν
1657 1353 1785 1379 οὐδέποτε
1795 1362 1802 1368 ·

1018 1400 1081 1434 μίαν
1102 1399 1129 1425 δὲ
1154 1399 1197 1425 διὰ
1226 1398 1430 1434 τετραετηρίδος
1456 1398 1562 1433 ἡμέραν
1584 1397 1624 1433 τῷ
1654 1398 1806 1433 Έὶαςηὸο-

1016 1444 1101 1476 λιῶνι,
1120 1445 1244 1480 καθάπερ
1266 1444 1304 1479 τῷ
1316 1443 1488 1480 Φεϐρουαρίῳ
1509 1444 1638 1478 Ῥωμαῖοι
1661 1444 1802 1470 δίο-εκτον·

1016 1491 1085 1517 οὕτω
1103 1491 1245 1522 καλοῦντες
1264 1491 1296 1517 ὲκ
1310 1490 1356 1516 τοῦ
1376 1491 1417 1522 δὶς
1431 1490 1479 1526 τὴν
1492 1490 1575 1525 αὐτὴν
1592 1490 1701 1525 ἡμέραν
1721 1499 1804 1526 προτ-

184 1540 273 1574 ipsum
287 1539 358 1566 diem
374 1537 525 1565 inscribant
539 1537 616 1573 164.
628 1541 733 1564 sextum
746 1536 880 1564 Kalendas
897 1535 963 1562 Mar-

1017 1537 1129 1572 γράφειν
1147 1537 1228 1572 ἕκτην
1246 1537 1297 1572 πρὸ
1326 1536 1470 1562 Καλενδῶν
1484 1535 1624 1571 Μαρτίων,
1637 1535 1719 1569 δόξαν
1734 1537 1803 1562 οὕτω

184 1586 246 1613 tias.
263 1585 300 1612 lta
315 1586 385 1612 enim
402 1584 502 1612 Cmsari
519 1585 639 1619 Augusto
656 1583 744 1609 visum
764 1587 816 1609 est.
830 1581 886 1608 Nos
900 1589 965 1608 vero

185 1631 231 1657 tali
246 1631 376 1657 vocabulo
389 1631 533 1664 nequimus
554 1629 608 1659 uti;
630 1635 692 1655 nam
712 1627 902 1654 intercalarem
920 1635 965 1654 so-

185 1678 239 1704 lum
261 1681 288 1704 et
310 1681 416 1704 sextum
432 1677 483 1703 rite
504 1675 641 1710 appellare
659 1680 815 1708 possumus.
831 1672 962 1700 Caeterum

184 1723 217 1751 de
241 1723 377 1758 exctnptili
405 1722 449 1749 die
471 1721 653 1748 cmisideratio
677 1719 850 1754 suscipienda
871 1722 922 1751 est,
937 1723 964 1746 et

183 1770 254 1806 qttod
270 1769 356 1796 visunt
374 1768 454 1795 fuerit
484 1767 569 1793 Latini
585 1765 745 1793 admonendi
763 1770 836 1797 sunt,
851 1769 879 1792 ut
893 1765 962 1791 idem

183 1815 378 1850 amplexantes,
395 1820 494 1839 annum
509 1811 560 1839 sibi
574 1811 721 1845 corrigunt.
744 1809 788 1836 Sic
806 1810 877 1836 enim
893 1810 963 1837 inter

184 1868 233 1888 nos
256 1859 408 1886 conveniet.
437 1857 593 1892 Exemptilis
624 1857 695 1884 enim
721 1856 774 1883 dici
798 1856 854 1890 jam
883 1856 963 1890 longo

182 1911 303 1941 tempore
320 1905 392 1932 nulla
407 1905 511 1931 ratione
526 1904 603 1935 inita,
620 1903 746 1934 solstitia,
764 1907 857 1930 nostra
873 1907 960 1935 aetate,

183 1953 267 1979 nmlto
281 1955 453 1978 antevertunt
469 1950 539 1976 diem
561 1950 660 1976 mensis
682 1950 716 1976 ab
737 1950 815 1976 initio
831 1950 961 1977 solstitia-

182 2000 233 2026 lem
248 1999 436 2025 constitutum.
455 1995 499 2023 Sic
517 1996 607 2031 itaque
620 2004 726 2023 menses
739 2001 854 2031 agantur
871 1996 960 2027 nobis,

180 2045 318 2072 utentibus
330 2043 486 2071 nominibus
502 2043 620 2070 traditis.

436 2097 473 2124 De
494 2098 556 2125 anni
574 2098 713 2133 principio.

216 2155 284 2182 XIV.
300 2155 384 2182 Porro
406 2156 469 2182 anni
494 2156 656 2190 principium
677 2155 857 2183 Athenienses
874 2155 961 2182 lleca-

1016 1584 1134 1620 Καίσαρι
1150 1583 1286 1618 Σεϐαστῷ.
1308 1583 1400 1618 Ἡμεῖς
1415 1583 1436 1609 δ’
1454 1583 1563 1618 ὀνόματι
1577 1583 1696 1618 χρῆσθαὶ
1721 1591 1759 1618 τῳ
1773 1584 1802 1609 οὗ

1014 1630 1127 1665 δεόμεθά
1148 1638 1180 1664 γε
1193 1629 1319 1664 τοιούτῳ·
1342 1629 1487 1664 ἐμϐόλιμον
1503 1629 1556 1664 γὰρ
1575 1629 1655 1664 μόνον
1675 1629 1726 1656 καὶ
1741 1630 1803 1664 ἵεν-ην

1015 1676 1225 1712 προσαγορεύειν
1247 1675 1335 1707 καλῶς
1357 1675 1412 1711 ἔχει
1428 1677 1503 1711 ἡμῖν.
1522 1675 1589 1711 Περὶ
1606 1675 1634 1701 δὲ
1651 1675 1704 1710 τῆς
1727 1677 1803 1702 ἐκδο-

1014 1723 1092 1758 λίμου
1108 1723 1235 1749 σκεπτέον
1262 1723 1309 1749 καὶ
1324 1723 1337 1749 ὃ
1352 1731 1378 1748 τι
1402 1722 1435 1749 ἂν
1457 1723 1521 1758 δοκῇ
1550 1723 1724 1757 παρακαλεῖν
1745 1723 1803 1749 δέον

1015 1771 1060 1797 καὶ
1076 1770 1206 1801 Λατίνους
1220 1769 1300 1796 ταὺτὸ
1311 1769 1470 1804 δεχομένους
1486 1768 1704 1804 ἐπανορθοῦσθαι
1728 1777 1802 1804 σείει

1013 1815 1058 1842 τὸν
1077 1815 1207 1846 ἐνιαυτὸν,
1228 1815 1270 1841 ἴνα
1289 1813 1486 1849 συμφωνῶμεν.
1509 1813 1670 1849 Ἐκϐολίμου
1690 1814 1746 1849 γάρ
1764 1822 1802 1839 τοι

1014 1862 1118 1897 ἡμέρας
1130 1862 1224 1897 χρόνου
1237 1861 1286 1897 ἤδη
1305 1860 1410 1896 μακροῦ
1422 1860 1568 1891 διελθόντος
1584 1860 1621 1895 μὴ
1637 1861 1801 1895 γενομένης,

1013 1908 1079 1934 πολύ
1099 1916 1124 1934 τι
1143 1907 1174 1942 δὴ
1191 1906 1368 1942 προτεροῦςιν
1388 1907 1415 1932 αἱ
1433 1906 1532 1941 τροπαὶ
1550 1906 1590 1940 ἐφ’
1603 1906 1686 1940 ἡμῶν
1705 1906 1754 1938 τῆς
1773 1905 1803 1938 ἐξ

1013 1953 1097 1988 ἀρχῆς
1110 1952 1242 1988 τροπικῆς
1257 1952 1362 1988 ἡμέρας
1376 1960 1407 1986 γε
1423 1951 1470 1978 τοῦ
1488 1951 1580 1986 μηνός.
1595 1952 1673 1978 Οὖτω
1691 1953 1743 1987 μὲν
1757 1951 1803 1978 οὖν

1013 1998 1107 2025 ἀκτέον
1120 1998 1182 2029 τοὺς
1201 1998 1296 2033 μῆνας,
1319 1996 1475 2033 χρωμένους
1496 1996 1609 2031 ὀνόμασι
1629 1998 1688 2028 τοῖς
1703 1997 1799 2023 ἀποδο-

1013 2044 1108 2070 θεῖσιν.

1192 2099 1261 2133 Περὶ
1280 2097 1375 2132 ἀρχῆς
1394 2098 1446 2124 τοῦ
1461 2097 1610 2124 ἐνιαυτοῦ.

1047 2155 1094 2182 1Δ¹.
1122 2155 1219 2191 Ἀρχὴν
1239 2153 1266 2181 δὲ
1282 2154 1328 2181 τοῦ
1348 2153 1470 2180 ἐνιαυτοῦ
1484 2154 1508 2180 oi
1531 2153 1580 2188 μὲν
1601 2153 1741 2189 Ἀθηναῖοι
1754 2156 1800 2181 τὶν

181 2203 357 2230 ιοιιιὺξοοιιοηι
373 2202 586 2236 constituebant,
601 2202 634 2229 ab
648 2203 742 2230 mstivo
759 2203 877 2230 solstitio
893 2203 960 2228 inci<

1017 2201 1238 2237 Ἑκατομϐαιῶνα
1255 2199 1321 2236 ἦγον
1342 2200 1424 2235 μῆνα,
1439 2200 1476 2231 ὡς
1499 2199 1630 2226 δέδεικται
1651 2201 1798 2236 πρότερον,

180 2249 295 2283 pientes,
317 2249 389 2276 sicut
412 2254 454 2276 est
475 2249 552 2283 prius
576 2250 790 2277 demonstratum
813 2258 820 2276 :
845 2249 959 2276 Romani

179 2301 243 2320 vero
257 2293 428 2326 Januarium,
449 2293 609 2322 inchoantes
631 2295 665 2322 ab
687 2294 811 2321 hiberno.
833 2295 865 2321 Et
887 2299 960 2321 certe

179 2338 265 2373 magis
287 2339 426 2374 proprium
446 2339 552 2366 videtur
573 2347 634 2367 esse
654 2339 828 2374 principium,
845 2339 960 2374 jureque

178 2384 231 2410 hoc
246 2383 360 2411 Plctlion
373 2384 475 2412 laudat.
486 2383 553 2411 Nam
564 2385 622 2419 lege
633 2389 659 2412 et
671 2385 796 2412 instituto
812 2385 872 2413 aliis
887 2385 959 2412 aliud

178 2430 242 2457 anni
265 2430 426 2465 principium
454 2432 614 2464 agentibus,
637 2436 733 2458 natura
759 2431 959 2466 quodammodo

177 2475 247 2503 idem
271 2479 298 2502 ut
320 2476 355 2502 sit
376 2476 538 2511 principium
560 2476 675 2504 suadere
703 2477 809 2504 videtur
826 2486 832 2503 :
850 2476 959 2512 quando

176 2520 216 2547 sol
231 2521 414 2555 generationis
429 2525 525 2548 auctor
538 2522 607 2548 ultra
623 2522 747 2557 progredi
768 2522 905 2554 desinens,
920 2530 959 2549 rc-

175 2564 245 2592 ﬂecti
260 2566 293 2592 ad
308 2574 359 2592 nos
373 2566 476 2601 incipit.
489 2571 516 2594 et
531 2567 600 2595 lucis
614 2572 693 2602 auget
708 2573 824 2603 tempus,
837 2568 959 2595 tenebra-

176 2619 234 2638 rum
251 2621 315 2640 vero
331 2614 437 2641 minuit.
453 2613 536 2642 Recte
550 2614 632 2649 igitur
647 2618 673 2641 et
687 2613 774 2641 Numa
795 2615 956 2649 principium

175 2658 329 2694 ltujusmodi
344 2660 474 2688 Romanis
490 2661 636 2693 ordinavit,
654 2669 715 2688 cum
738 2662 813 2696 prius
832 2661 956 2688 Martium

174 2713 293 2733 mensem
305 2706 437 2734 Romulus
448 2709 510 2734 anni
527 2707 636 2734 fecisset
650 2707 767 2734 initium.
780 2707 863 2734 Nobis
876 2707 958 2742 igitur

174 2750 244 2778 idem
263 2758 322 2780 esto
345 2754 410 2780 anni
431 2754 603 2788 principium,
622 2758 649 2781 et
673 2762 760 2781 novus
777 2755 840 2781 anni
856 2754 957 2782 mensis

173 2794 312 2825 Gamelion
328 2809 333 2825 :
352 2804 380 2826 ut
397 2807 579 2827 consoneinus
598 2807 659 2826 eum
677 2799 819 2832 Romanis,
835 2800 906 2827 sicut
929 2801 955 2828 in

173 2845 324 2878 mensibus,
341 2846 376 2872 ita
391 2847 473 2873 etiam
488 2847 515 2873 in
529 2846 592 2874 auni
604 2845 726 2879 exordio,
742 2846 787 2880 qui
803 2851 843 2874 est
858 2846 957 2874 Janua-

1009 2247 1045 2278 ὡς
1063 2247 1116 2273 ἀπῦ
1132 2246 1239 2281 τροπῶν
1261 2246 1392 2282 θερινῶν
1416 2245 1543 2280 Ῥωμαῖοι
1566 2245 1594 2271 δὲ
1610 2245 1657 2272 τὸν
1682 2247 1800 2273 Ἰανουά-

1011 2302 1077 2329 ριον,
1095 2293 1132 2325 ὡς
1147 2293 1199 2320 ἀπὸ
1217 2292 1324 2328 τροπῶν
1341 2291 1512 2327 χειμερινῶν,
1530 2292 1547 2326 ἢ
1571 2291 1603 2326 δὴ
1627 2292 1676 2318 καὶ
1697 2294 1798 2319 οἰκειο-

1009 2341 1075 2376 τέρα
1097 2339 1168 2365 δοκεῖ
1181 2337 1250 2365 εἶναι
1269 2339 1349 2374 ἀρχή.
1365 2338 1420 2364 Καὶ
1437 2335 1465 2364 εὖ
1490 2337 1567 2372 τήνδε
1590 2338 1698 2364 ἐπαινεί
1726 2339 1797 2374 Πλή-

1009 2385 1071 2413 Οων.
1099 2385 1182 2420 Νόμῳ
1206 2385 1259 2421 γὰρ
1286 2384 1372 2412 ἄλλων
1401 2383 1482 2419 ἄλλην
1505 2382 1552 2409 τοῦ
1574 2383 1651 2415 ἔτους
1674 2385 1795 2419 ἀγόντων

1009 2431 1105 2467 ἀρχὴν,
1121 2431 1200 2466 φύσει
1217 2439 1275 2462 πως
1289 2430 1375 2456 ἔοικεν
1389 2429 1457 2464 αὕτη
1471 2427 1538 2456 οὖσα
1558 2430 1630 2465 ἀρχή
1642 2439 1648 2445 ·
1665 2431 1749 2466 ἡνίκα
1763 2431 1793 2466 δὴ

1008 2478 1092 2512 ἥλιος,
1113 2478 1127 2504 ὁ
1148 2478 1197 2513 τῆς
1212 2478 1343 2511 γενέσεως
1359 2476 1461 2511 κύριος,
1482 2475 1528 2502 τοῦ
1545 2476 1639 2511 πρόσω
1662 2477 1732 2504 ίέναι
1748 2477 1794 2512 λή-

1007 2534 1063 2560 γων
1087 2525 1272 2559 ἀνακάμπτειν
1293 2524 1404 2559 ἄρχεται
1429 2522 1465 2554 ὠς
1484 2523 1567 2558 ἡμᾶς,
1597 2523 1646 2549 καὶ
1671 2524 1719 2550 τὸν
1744 2524 1792 2559 μὲν

1007 2571 1053 2598 τοῦ
1070 2571 1156 2605 φωτὸς
1181 2569 1256 2602 αὕξει
1279 2569 1384 2605 χρόνον,
1408 2568 1453 2594 τὸν
1469 2568 1496 2594 δὲ
1511 2567 1558 2595 τοῦ
1581 2569 1697 2600 σκότους
1711 2571 1789 2604 μειοῖ.

1014 2617 1115 2654 Ὀρθῶς
1137 2615 1183 2644 οὖν
1197 2617 1244 2643 καὶ
1256 2616 1366 2651 Νουμᾶς
1387 2613 1472 2650 ἀρχὴν
1491 2615 1618 2651 τοιαύτην
1647 2616 1788 2651 Ῥωμαῖοις

1007 2664 1112 2699 τέταχε,
1138 2663 1275 2698 Ῥωμύλου
1296 2661 1426 2697 πρότερον
1446 2661 1491 2687 τὸν
1504 2661 1625 2697 Μάρτιον
1641 2662 1786 2698 προτάξαν-

1006 2719 1051 2742 τος
1076 2710 1157 2746 μῆνα.
1174 2710 1228 2736 Καὶ
1250 2709 1313 2745 ἡμῖν
1329 2707 1361 2743 δὴ
1383 2708 1454 2744 ἀρχὴ
1472 2707 1541 2744 αὕτη
1557 2707 1645 2741 ἔστω,
1663 2710 1712 2735 καὶ
1732 2709 1785 2739 νέος

1006 2756 1052 2783 τοῦ
1079 2755 1200 2784 ἐνιαυτοῦ
1219 2755 1270 2791 μὴν
1286 2754 1445 2790 Γαμηλιών·
1469 2753 1512 2781 ἵνα
1528 2754 1575 2780 καὶ
1598 2755 1783 2790 συμφωνῶμεν

1013 2802 1270 2838 Ῥωμαίοις,.ὡσπερ
1291 2800 1337 2828 καὶ
1356 2800 1389 2827 τὰ
1411 2800 1474 2835 περὶ
1490 2801 1552 2832 τοὺς
1567 2801 1667 2835 μῆνας,
1692 2802 1737 2828 καὶ
1754 2800 1781 2826 τὰ

1007 2849 1069 2883 περὶ
1087 2848 1135 2884 τὴν
1151 2847 1236 2884 ἀρχὴν
1256 2845 1302 2873 τοῦ
1321 2843 1454 2871 ἐνιαυτοῦ.
1476 2843 1539 2871 ὐδε
1554 2845 1608 2880 γὰρ
1627 2846 1780 2881 Ἰανουάριος
