1907 3144
115 190 127 217 1
134 190 182 218 20!

588 192 761 221 THEODORI
781 193 882 222 GAZIE
907 193 1006 222 LIBER
1026 194 1069 221 DE
1093 193 1276 222 MENSIBUS.

1662 195 1730 222 19.02

111 248 158 286 ἦν.
176 250 232 277 Νῦν
248 250 270 277 δ’
290 251 427 285 Ἕλληνες,
455 252 541 289 ἀρχὴν
557 254 679 280 ἐνιαυτοῦ
700 263 728 281 τε
752 255 798 281 καὶ
821 255 890 282 Ἰνδι-

944 255 1011 282 rius.
1027 254 1104 282 Nunc
1121 262 1185 282 vero
1202 253 1303 282 Graecis
1327 253 1489 287 principium
1512 253 1587 284 anni,
1603 252 1731 279 indictio-

112 296 226 328 κτιῶνος
244 297 397 332 ποιούμενοι
411 298 464 325 ἀπὸ
483 299 624 334 ἰσημερίας
638 299 844 336 φθινοπωρινῆς,
864 299 897 326 τὰ

113 343 164 378 μὲν
191 344 254 379 περὶ
284 344 446 371 Ἰνδικτιῶνα
470 345 553 380 (δηλοῖ
578 345 605 371 δὲ
624 345 760 380 διάταγμα
781 347 796 381 ἡ
814 346 896 382 λέξις)

113 387 257 423 συνᾴδουσι
279 389 432 424 Ῥωμαίοις,
449 389 482 416 τὰ
504 390 530 416 δὲ
554 390 618 426 περὶ
643 391 686 416 τὸν
712 391 831 417 ἐνιαυτὸν
853 389 894 417 οὔ.

112 434 210 460 Καίτοι
235 435 420 470 συμψέρεσθαι
444 436 496 462 ἔδει
514 437 560 462 καὶ
580 436 674 467 ταῦτα,
698 436 783 468 ἄλλως
805 445 833 462 τε
850 437 895 463 καὶ

110 481 230 516 Χριστοῦ
242 482 334 517 νόμοις
347 482 512 517 χρωμένους.
529 483 565 508 Οὐ
577 483 631 518 γὰρ
647 480 723 517 οἶμαι
744 483 895 518 Ῥωμαίους

111 526 175 558 τούς
197 536 228 561 γε
244 527 291 554 νῦν
315 527 393 559 ὄντας
409 528 453 554 διὰ
468 528 516 563 τὴν
538 528 612 564 ἡλίου
628 528 730 564 τροπὴν
747 529 855 564 μᾶλλον,
877 529 893 564 ἢ

110 572 142 599 τὸ
155 573 213 600 τότε
229 574 391 608 γεννηθῆναι
412 575 536 609 Χριστὸν,
557 574 642 607 οὕτως
655 575 731 609 ἄγειν
741 585 747 591 ·
763 575 830 602 ἀλλὰ
846 575 894 611 τὴν

112 621 163 656 μὲν
182 619 286 656 τροπὴν
308 619 519 654 συμὸεὸηκέναι,
547 620 644 652 αὐτοὺς
670 620 697 647 δὲ
716 620 764 656 τὴν
789 620 894 655 γένεσιν

110 665 313 701 πρεσῦεύοντας
330 664 376 691 τοῦ
401 664 478 696 Θεοῦ,
547 665 633 700 θέμις,
653 665 739 700 ἀρχὴν
761 665 894 692 ποιεῖσθαι

109 712 160 747 τὴν
176 711 332 747 εἰρημένην.
353 711 490 737 Ἐνιαυτοῦ
510 711 559 746 μὲν
575 711 675 746 ταύτην
693 711 782 738 θετέον
796 712 891 747 ἀρχήν.

184 818 248 852 Πῶς
267 818 443 853 ἀριθμητέον
458 819 511 852 τὰς
527 819 579 846 τοῦ
593 818 687 853 μηνὸς
701 818 822 853 ἡμέρας.

146 875 196 901 lE'.
218 874 355 909 Ἀριθμεῖν
369 874 397 900 δὲ
412 874 460 906 τὰς
476 874 558 909 μηνὸς
569 874 684 901 ἑκάστου
701 875 807 910 ἡμέρας
820 874 891 910 Πλή-

109 920 176 946 θωνι
194 920 242 955 μὲν
254 919 327 946 δοκεῖ
341 920 380 951 εἰς
393 919 509 955 τέτταρα
524 920 693 952 διαιροῦντας
706 920 751 946 τὸν
766 920 847 956 μῆνα,
862 921 892 947 τὸ

111 965 160 1000 μὲν
177 964 328 999 ἱστάμενον,
355 964 385 990 τὸ
410 964 438 990 δὲ
465 963 571 999 μεσοῦν,
593 964 623 990 τὸ
641 964 668 990 δὲ
686 964 788 998 φθῖνον,
813 965 842 991 τὺ
866 965 893 991 δὲ

108 1011 205 1038 ἀπιόν·
221 1010 392 1046 λαμϐάνοντι,
406 1010 443 1041 ὡς
458 1010 538 1042 ἔοικε,
557 1011 587 1037 τὺ
605 1011 653 1046 μὲν
670 1011 744 1046 παρὰ
763 1011 894 1038 Πολυδεύ-

108 1065 186 1088 κους,
199 1057 230 1083 τὸ
254 1056 281 1083 δέ
297 1065 322 1082 τι
338 1056 385 1083 καὶ
399 1055 472 1091 αὐτῷ
491 1057 705 1092 καινοτομοῦντι.
722 1057 893 1093 Εὑμαρέστε-

109 1110 157 1138 ρον
173 1102 236 1138 γὰρ,
255 1099 341 1137 οἶμαι,
352 1101 514 1128 διατίθεσθαι
538 1101 571 1128 τὰ
588 1103 651 1137 περὶ
673 1102 721 1134 τὰς
739 1104 893 1139 ἱερομηνίας

107 1147 180 1174 οὕτω
200 1147 349 1179 συνέΰαινε,
365 1147 436 1173 καίν’
451 1147 519 1173 ἄττα
535 1147 724 1182 καθισταμένῳ
740 1148 813 1184 ἱεράο
829 1149 893 1184 ἡμῖν

106 1194 136 1221 δὲ
150 1194 300 1231 διαφερέτω
317 1193 401 1229 μηθὲν
415 1193 576 1228 διαριθμεῖν,
591 1193 628 1225 ὡς
653 1193 797 1229 Ἀθηναῖοι,
813 1196 891 1230 τριχῆ

106 1241 284 1277 διαιροῦντες.
312 1241 343 1267 τὺ
371 1241 419 1275 μὲν
449 1240 589 1275 ἱστάμενον
619 1240 720 1274 ἔλεγον,
737 1241 767 1267 τὸ
792 1241 820 1267 δὲ
847 1241 892 1267 ἐπὶ

105 1288 185 1319 δέκα,
214 1287 244 1314 τὺ
265 1287 292 1313 δὲ
309 1286 410 1324 φθῖνον.
433 1287 540 1323 Ἐπειδὴ
558 1287 606 1314 καὶ
629 1287 732 1321 ουνῳδά
751 1295 807 1318 πως
822 1286 892 1313 οὕτω

107 1334 209 1369 μᾶλλον
230 1333 372 1368 Ῥωμαίοις
385 1333 458 1359 ἔσται
473 1333 508 1360 τὰ
530 1334 594 1369 περὶ
607 1334 656 1368 τὴν
672 1333 801 1368 διαίρεσιν
816 1333 889 1368 ἡμῖν.

107 1379 194 1415 Τριχῆ
211 1379 265 1415 γὰρ
284 1379 330 1406 καὶ
348 1375 419 1406 οὗτοι
442 1379 617 1415 διαιροῦντες,
641 1379 671 1405 τὸ
691 1379 739 1413 μὲν
755 1379 891 1410 Καλένδας

104 1424 351 1461 προσαγορεύουσι,
362 1426 391 1452 τὺ
404 1425 430 1452 δὲ
444 1425 549 1457 Νώναις,
563 1425 593 1451 τὸ
603 1425 630 1450 δὲ
643 1425 743 1456 Εἰδούς.
762 1424 891 1460 Ἀριθμη-

103 1471 168 1498 τέον
192 1468 237 1496 οὖν
262 1466 328 1496 ὧδε·
360 1470 507 1506 νουμηνίαν
534 1470 582 1505 μὲν
607 1471 655 1506 τὴν
678 1469 803 1505 πρώτην,
832 1467 890 1496 εἶτα

102 1516 236 1552 δευτέραν
265 1516 417 1551 ἱσταμένου,
443 1516 489 1542 καὶ
514 1516 617 1552 τρίτην,
643 1517 689 1542 καὶ
710 1516 772 1550 ἑξῆς
800 1516 839 1548 εἰς
861 1516 891 1542 τὸ

103 1563 202 1598 πρόσω
230 1563 294 1589 ἰόντι
320 1562 382 1597 ἄχρι
410 1562 538 1597 δεκάτης·
568 1562 626 1596 μεθ’
651 1562 684 1597 ἢν
702 1561 810 1597 πρώτην
844 1561 890 1587 ἐπὶ

946 301 1042 335 niSquc
1054 301 1196 335 agentibus
1209 301 1243 326 ab
1255 299 1403 326 autumnali
1416 299 1589 333 aaquiuoctio,
1604 299 1730 325 indictio-

945 347 988 374 nis
1009 347 1117 381 quidem
1142 346 1246 373 ratione
1263 345 1408 380 (signiﬁcat
1423 349 1511 372 autem
1533 345 1650 372 edictum
1674 344 1730 370 hinc

945 391 1037 423 dictio)
1051 399 1112 418 cum
1129 390 1260 418 Romanis
1283 389 1428 417 concordia
1441 393 1492 421 est,
1509 390 1570 416 anni
1586 396 1649 416 vero
1663 397 1728 415 non.

945 437 1103 472 Quanquam
1116 441 1142 464 et
1155 437 1188 465 de
1201 437 1244 464 his
1260 445 1326 464 sane
1339 437 1408 463 inter
1419 436 1478 462 illos
1493 435 1638 462 convenire
1653 443 1730 470 opor-

945 484 1028 516 tebat,
1044 483 1192 518 priesertim
1206 483 1307 510 Christi
1332 482 1434 517 legibus
1456 481 1635 509 communiter
1650 486 1728 518 uten-

944 531 995 556 tes.
1010 527 1102 563 Neque
1116 529 1187 556 enim
1204 533 1268 563 puto
1284 528 1422 555 Romanos
1438 527 1518 561 hujus
1532 527 1621 554 δολί-ιιἰί
1643 517 1729 561 magis

944 579 1053 609 propter
1068 575 1225 606 solstitium,
1242 582 1322 609 quam
1340 573 1412 608 quod
1427 577 1490 600 tunc
1507 573 1632 600 Clzrislus
1648 577 1727 599 natus

944 622 979 648 sit
1003 622 1040 648 ita
1064 629 1157 656 agere;
1175 621 1221 648 sed
1240 625 1295 647 tum
1316 621 1462 648 solstitium
1476 627 1535 647 e35e
1554 620 1622 647 forte
1640 620 1728 646 couti-

944 667 1015 701 gisse
1033 676 1039 693 :
1059 667 1132 701 ipsos
1148 674 1211 694 vero
1225 666 1308 693 natali
1329 666 1483 693 Christiano
1506 666 1621 700 primum
1643 665 1728 691 hono-

943 719 999 738 rem
1012 712 1172 743 tribuentes,
1184 715 1213 738 ut
1227 712 1266 738 fas
1278 716 1329 743 est,
1340 711 1494 746 praadictum
1509 710 1613 737 initium
1628 710 1725 737 facere.

942 757 1012 785 Auni
1027 758 1134 793 quidem
1150 757 1219 785 idem
1235 757 1341 785 initium
1356 756 1508 784 iaciendum
1524 760 1575 783 est.

1053 824 1189 858 Quomodo
1205 825 1300 852 mensis
1317 825 1370 850 dies
1387 829 1446 851 sunt
1462 823 1626 850 numerandi.

979 881 1034 908 XV.
1061 881 1210 909 Numerare
1234 889 1300 909 vero
1324 881 1457 916 cujusque
1473 880 1576 907 mensis
1592 880 1650 906 dies
1667 879 1725 906 Plc-

910 939 928 966 Β
944 926 1076 956 thoni,sie
1103 926 1203 961 placet,
1220 930 1249 952 ut
1268 926 1467 961 quadripertito
1487 932 1605 952 mensem
1624 924 1725 950 dividat

945 972 970 998 in
985 971 1159 1006 principium|
1175 971 1305 1003 medium,
1321 971 1509 1006 praecipitium,
1526 974 1552 997 et
1575 978 1723 997 recessum.

944 1016 1027 1051 ldque
1051 1016 1146 1052 partim
1170 1024 1185 1042 a
1207 1016 1315 1043 Polluce
1339 1016 1445 1043 videtur
1467 1015 1601 1047 mutuari;
1626 1015 1722 1049 partim
1764 1017 1773 1025 '

944 1071 991 1097 per
1013 1070 1041 1089 se
1067 1062 1268 1097 quodammodo
1285 1062 1466 1090 comminisci.
1482 1063 1520 1088 lta
1541 1061 1622 1093 enim,
1647 1066 1723 1095 pum,

944 1108 1050 1135 facilius
1065 1107 1104 1134 illi
1121 1111 1180 1135 erat
1201 1116 1266 1135 suas
1292 1107 1374 1134 ferias
1397 1106 1551 1140 disponere,
1566 1112 1635 1132 nova
1651 1113 1723 1139 qua:-

943 1153 1005 1180 dam
1023 1161 1100 1180 sacra
1116 1153 1304 1180 constituenti.
1320 1154 1353 1180 At
1367 1160 1416 1180 nos
1431 1153 1498 1179 nihil
1514 1151 1641 1186 impediat
1656 1160 1725 1186 quo-

944 1200 1035 1226 minus
1062 1204 1253 1234 supputemus.
1271 1204 1301 1226 ut
1320 1199 1512 1230 Athenienses,
1531 1206 1623 1225 mense
1648 1197 1724 1223 trifa—

943 1247 1010 1272 riam
1032 1246 1143 1280 partito,
1159 1250 1264 1280 partem
1291 1252 1372 1272 unam
1398 1244 1549 1278 ἱστάμενον,
1568 1244 1593 1270 id
1610 1248 1661 1275 est,
1682 1245 1724 1270 iu-

942 1296 1068 1323 stantem.
1087 1293 1143 1319 sive
1159 1291 1296 1319 ineuntem
1319 1295 1446 1318 vocantes
1461 1301 1466 1318 :
1483 1291 1528 1317 ἐπὶ
1539 1291 1613 1321 δέκα,
1629 1291 1654 1317 id
1670 1293 1722 1322 est,

942 1345 1023 1372 supra
1038 1337 1131 1364 decem
1147 1337 1258 1364 alteram
1273 1346 1281 1364 :
1296 1337 1418 1363 ultimam
1432 1336 1532 1370 φθῖνον,
1548 1336 1572 1363 id
1588 1341 1638 1367 est.
1656 1343 1724 1371 pra:-

941 1383 1061 1417 cipitem,
1078 1383 1119 1410 vel
1143 1382 1321 1410 desinentem.
1339 1382 1562 1417 Quandoquidem
1578 1382 1634 1408 haec
1650 1389 1722 1416 quo-

941 1437 994 1463 que
1017 1428 1115 1456 divisio
1139 1432 1232 1456 nostra
1256 1428 1295 1456 sic
1324 1428 1417 1454 nescio
1438 1427 1573 1462 quomodo
1595 1427 1639 1454 liet
1660 1434 1721 1453 cum

941 1473 1061 1501 Romana
1087 1474 1291 1502 consonantior.
1321 1474 1352 1501 lli
1375 1481 1492 1508 namque
1513 1477 1568 1500 tres
1585 1474 1666 1500 etiam
1695 1472 1722 1499 iu

940 1524 1030 1555 partes
1057 1528 1177 1548 mensem
1204 1521 1373 1551 tribuentes.
1400 1519 1545 1552 Kalendas,
1570 1518 1670 1550 Nonas,
1695 1522 1722 1544 et

941 1565 1002 1593 ldus
1029 1566 1175 1600 appellant.
1202 1565 1246 1593 Sic
1272 1566 1362 1600 itaque
1389 1565 1586 1592 numerandum
1611 1567 1667 1596 est,
1693 1567 1723 1589 ut

101 1607 189 1635 δέκα·
207 1606 265 1634 εἶτα
280 1607 407 1643 δευτέραν
429 1609 475 1634 ἐπὶ
493 1608 567 1640 δέκα,
591 1608 637 1634 καὶ
659 1607 722 1642 ἑξῆς
743 1607 806 1643 ἄχρι
820 1607 889 1633 εἰκο-

942 1610 1087 1638 Neomenia
1103 1610 1185 1645 (quod
1203 1611 1369 1637 nmilunium
1386 1609 1532 1646 signilicat)
1550 1609 1652 1636 mensis
1667 1608 1722 1642 pri-

103 1655 183 1689 στῆς.
204 1654 236 1680 Ἦ
252 1654 320 1690 αὐτὴ
336 1654 364 1681 δὲ
378 1654 423 1680 καὶ
439 1655 531 1686 εἰκάς·
553 1654 610 1690 μεθ’
624 1654 657 1689 ἣν
674 1653 814 1688 ἑνδεκάτην
830 1653 889 1688 φθί-

102 1709 209 1731 νοντος,
225 1700 241 1736 ἢ
255 1700 380 1736 δεκάτην,
398 1701 414 1736 ἢ
435 1701 557 1735 ὲννάτην,
576 1701 591 1736 ἢ
616 1701 720 1736 ὀγδόην,
735 1700 773 1732 ὡς
794 1700 888 1735 ἔτυχεν

102 1746 176 1781 ἔχων
188 1747 202 1773 ὁ
216 1746 277 1781 μὴν,
291 1747 337 1772 καὶ
353 1746 417 1781 ἑξῆς
431 1746 571 1773 ἁναλύοντι
589 1747 651 1782 ἄχρι
664 1746 800 1781 δευτέρας.
813 1746 889 1772 Οὕτω

102 1791 160 1827 γὰρ
202 1790 336 1826 Ἀθηναῖοι
363 1791 513 1826 ἠρίθμουν,
540 1792 570 1817 οὺ
602 1790 806 1827 προστιθέντες,
831 1791 888 1817 ἀλλ’

102 1836 296 1872 ἀφαιροῦντες,
312 1837 358 1863 καὶ
372 1836 530 1868 ἀναλύοντες
545 1837 624 1873 μέχρι
638 1837 791 1872 τριακάδος,
804 1837 890 1863 Σόλω-

102 1890 152 1912 νος
175 1882 348 1917 ἡγησαμένου
372 1882 439 1918 πρὸς
460 1883 493 1909 τὰ
513 1883 560 1919 τῆς
588 1883 702 1918 σελήνης
718 1882 795 1916 φῶτα
820 1882 890 1909 οὕτω

104 1926 266 1962 μειούμενα.
284 1929 338 1954 Καὶ
358 1928 552 1964 Ἀριστοφάνης
577 1929 605 1955 δὲ
630 1929 643 1954 ὁ
664 1929 785 1964 κωμικὸς
805 1928 890 1960 οὕτως

102 1973 234 2008 ἀριθμεῖ-

942 1664 1002 1684 mus
1024 1656 1082 1684 dies
1102 1657 1137 1684 sit
1156 1666 1162 1684 :
1180 1656 1277 1684 deinde
1301 1655 1437 1684 secundus
1463 1655 1601 1684 instantis,
1624 1655 1722 1682 tertius

942 1702 1080 1732 instantis,
1096 1706 1122 1729 et
1138 1702 1174 1729 ita
1191 1702 1320 1737 deinceps
1336 1710 1421 1737 usque
1437 1701 1470 1728 ad
1486 1700 1620 1728 decimum
1636 1709 1643 1727 :
1661 1704 1723 1734 post

941 1755 1020 1783 quem
1047 1747 1151 1782 primus
1178 1755 1260 1786 supra
1283 1747 1388 1780 decem,
1405 1746 1540 1774 secundus
1565 1752 1646 1780 supra
1672 1745 1721 1771 de-

942 1800 1012 1822 cem,
1028 1796 1054 1819 et
1071 1793 1109 1819 sic
1123 1801 1171 1827 per
1185 1793 1308 1820 ordinem
1325 1800 1411 1827 usque
1431 1791 1465 1818 ad
1489 1791 1658 1824 vigesimum,
1675 1790 1720 1824 qui

941 1841 968 1864 ct
979 1838 1053 1864 eicas
1070 1838 1180 1868 dicitur.
1196 1839 1274 1873 quasi
1297 1839 1464 1865 vicenionem
1481 1837 1556 1864 ausis
1577 1835 1720 1871 appellare.

941 1883 1002 1911 Post
1025 1892 1104 1919 quem
1124 1884 1283 1912 undecimus
1303 1885 1460 1919 prtccipitis,
1477 1883 1519 1911 vel
1534 1883 1666 1913 decimus,
1680 1881 1722 1908 vel

941 1938 1040 1962 nonus,
1054 1931 1095 1957 vel
1111 1935 1235 1962 octavus.
1252 1939 1300 1965 pro
1315 1931 1417 1958 mensis
1438 1930 1558 1963 cujusvis
1577 1930 1723 1963 superante

939 1976 1044 2003 dierum
1069 1983 1208 2004 numero:
1227 1980 1254 2004 et
1280 1976 1407 2011 deinceps
1435 1976 1529 2003 ordine
1557 1978 1722 2010 praepostero

103 2019 331 2051 subducendum,
356 2020 463 2047 numeri
487 2020 595 2054 quidem
622 2021 719 2048 seriem
743 2021 891 2048 retexendo
906 2029 993 2057 usque
1009 2022 1042 2049 ad
1057 2022 1208 2050 secundum
1225 2023 1378 2057 praecipitis.
1415 2022 1452 2048 lta
1470 2022 1541 2049 enim
1574 2019 1721 2047 Athenien—

102 2075 152 2094 ses
177 2068 374 2099 numerabant,
401 2076 454 2095 non
480 2068 625 2101 addentes,
655 2069 701 2096 sed
728 2068 892 2102 auferentes,
923 2071 1145 2106 rcsolventesque
1168 2078 1256 2106 usque
1279 2070 1311 2097 ad
1332 2070 1499 2098 tricesimum
1516 2070 1586 2097 diem
1606 2078 1612 2096 ι

1647 2071 1674 2095 et
1695 2066 1722 2093 id

101 2113 216 2147 quidem
233 2113 341 2141 Solonis
357 2115 494 2145 instituto,
510 2115 617 2143 ratione
642 2115 712 2143 luna:
734 2115 771 2142 ita
791 2116 994 2145 sensimlumen
1009 2126 1088 2145 suum
1104 2118 1262 2145 minuentis.
1275 2119 1308 2145 Et
1329 2119 1379 2146 hoc
1395 2122 1469 2145 certe
1501 2117 1581 2144 modo
1616 2115 1724 2142 Aristo-

104 2160 212 2196 phanes
226 2160 346 2188 comicus
361 2167 490 2197 supputat
504 2173 511 2191 :

103 2219 374 2256 Πέμπζηητετρὰς.
396 2221 496 2255 τρίτη-
517 2222 592 2256 μετὰ
616 2222 727 2255 ταύτην
748 2221 884 2256 δευτέρα·

101 2252 168 2290 Εἶζν
189 2254 226 2288 ἣν
239 2255 295 2289 ἐγὼ
304 2252 437 2289 μάλιστα
453 2252 559 2284 πασῶν
574 2256 690 2290 ἡμερῶν

100 2289 238 2319 Δέδοικα,
253 2290 343 2323 εὐθὺς
361 2291 423 2317 ἔσθ’
441 2291 493 2326 ἕνη
513 2301 545 2318 τε
560 2292 608 2318 καὶ
626 2289 689 2319 ἀεέα.

140 2346 218 2372 Μετὰ
232 2345 260 2372 δὲ
281 2346 409 2382 δευτέραν
425 2348 521 2374 ἀκτέον
539 2348 611 2384 ἕνην.
627 2349 712 2384 Χρεία
728 2349 749 2375 δ’
763 2349 826 2383 ἕνης
843 2348 890 2375 καὶ

101 2391 169 2421 νέας
181 2391 230 2417 οὐκ
242 2390 316 2418 ἔσται
333 2393 408 2427 ἡμῖν,
430 2392 513 2419 διὰτὸ
532 2393 568 2428 μὴ
589 2393 658 2420 κατὰ
677 2392 789 2428 σελήνην
802 2392 888 2424 ἄγειν.

102 2437 191 2472 ’Ἑνην
210 2436 238 2463 δὲ
261 2437 310 2473 τὴν
332 2438 486 2465 τελευταίαν
506 2439 553 2465 τοῦ
577 2439 660 2474 μηνὸς
677 2439 784 2475 ἡμέραν
798 2438 889 2465 καλεῖν

101 2481 152 2508 καὶ
179 2481 252 2516 ἡμᾶς
281 2482 378 2509 κωλύει
406 2483 501 2516 οὐθὲν,
528 2483 567 2510 ὃτι
591 2483 638 2510 καὶ
661 2484 708 2510 νέα
737 2484 753 2519 ὴ
782 2483 888 2519 πρώτη,

100 2526 216 2559 πλειους
233 2535 263 2553 τε
287 2529 314 2554 αἱ
343 2528 480 2563 φθίνοντος
501 2529 619 2564 γίνονται
641 2530 752 2566 ἡμέραι,
767 2530 814 2557 καὶ
834 2529 888 2557 ἐσθ’

98 2573 148 2599 ὅτε
174 2572 300 2604 ἐλάττους
324 2573 378 2600 τῶν
398 2574 537 2607 Ἀττικῶν,
554 2575 597 2601 διὰ
613 2575 644 2601 τὸ
663 2576 726 2607 τοὺς
747 2575 796 2610 μὲν
814 2584 889 2611 τρια-

99 2617 289 2653 κονθημέρους
314 2619 366 2645 τῶν
389 2619 481 2655 μηνῶν
508 2621 572 2655 ἡμῖν
592 2618 677 2652 εἶναι,
703 2622 765 2652 τοὺς
788 2621 815 2647 δὲ
840 2621 888 2656 μιᾷ

99 2662 285 2698 ὑπερϐάλλειν
296 2664 349 2690 τῶν
364 2665 464 2700 ἐτέρων
476 2665 576 2701 ἡμέρᾳ,
590 2666 635 2692 ἕνα
654 2665 681 2692 δὲ
694 2665 740 2692 κα)⁸
757 2665 828 2692 δυεῖν
840 2665 888 2701 μὲν

100 2709 239 2736 ἐλλείπειν
267 2710 320 2736 τῶν
350 2710 589 2748 τριακονθημέρων
612 2711 675 2746 ἑξῆς
698 2710 780 2747 τριῶν
803 2712 887 2742 ἐτῶν,

101 2756 155 2790 μιᾷ
171 2755 199 2782 δὲ
223 2755 261 2790 τῷ
278 2757 409 2792 τετάρτῳ,
431 2757 468 2789 ὡς
496 2757 602 2793 εἴρηται
629 2766 769 2793 προτερον.
793 2758 823 2784 Οἱ
840 2758 888 2792 μὲν

97 2799 150 2828 οὖν
177 2801 379 2836 ὲνδεκάφθινοι,
412 2803 436 2830 oi
463 2803 490 2830 δὲ
517 2803 688 2838 δεκάφθινοι,
722 2800 762 2835 εἷς
789 2803 817 2830 δὲ
842 2803 889 2830 καὶ

97 2847 274 2881 ὀκτάῳθινος,
296 2848 342 2874 καὶ
355 2849 511 2882 ένάφθινος·
531 2849 600 2876 ἑπτὰ
622 2849 670 2884 μὲν
686 2849 739 2885 γὰρ
753 2849 819 2882 οἵδε,
838 2849 889 2875 Πο-

101 2892 225 2925 σειδεὼν,
252 2893 409 2930 Γαμηλιὼνς
432 2895 599 2930 Μουνυχιὼν,
623 2895 814 2932 Σκιροφοριὼν,
832 2897 888 2923 Με-

943 2219 1067 2252 Quintus.
1085 2221 1177 2247 deinde
1193 2225 1314 2254 quartus,
1331 2219 1439 2254 hincque
1454 2220 1564 2249 tertius;

904 2256 927 2284 D
944 2255 1006 2290 Pas!
1020 2264 1095 2290 quem
1109 2253 1249 2285 secundus,
1265 2253 1430 2283 οιηηὶιιηιζει
1446 2261 1520 2288 quem
1539 2253 1652 2280 maxime

941 2289 1041 2321 Metuo,
1057 2299 1164 2326 sequens
1183 2295 1221 2317 est
1235 2290 1358 2316 continuo
1372 2294 1442 2316 vetus
1456 2293 1479 2315 el
1495 2296 1585 2315 novus.

975 2345 1069 2381 Itaque
1091 2349 1153 2381 post
1179 2346 1327 2373 secundum
1355 2345 1511 2380 praecipitis,
1535 2345 1613 2373 nobis
1639 2345 1722 2372 collu-

940 2392 1043 2419 caudus
1068 2396 1111 2419 est
1134 2395 1222 2419 vetus.
1244 2391 1310 2418 Nam
1337 2391 1436 2419 veteris
1460 2395 1487 2418 et
1513 2391 1586 2422 novi,
1612 2390 1639 2417 id
1668 2396 1720 2423 est.

939 2438 1054 2465 extremi
1079 2442 1105 2465 et
1130 2438 1220 2472 primi,
1239 2445 1286 2465 seu
1317 2437 1532 2469 intermenstrui,
1557 2436 1636 2463 nobis
1655 2444 1721 2463 usus

939 2482 1055 2509 exolevit
1071 2493 1076 2509 :
1091 2482 1162 2517 quod
1181 2491 1234 2509 non
1248 2483 1280 2509 ad
1297 2482 1387 2508 lunam
1407 2485 1528 2516 tempora
1542 2481 1719 2508 deducamus.

940 2527 992 2555 Sed
1028 2528 1098 2555 diem
1133 2529 1235 2556 mensis
1272 2528 1396 2554 ultimunl
1432 2527 1569 2561 appellare
1603 2529 1720 2552 veterem

939 2575 1001 2608 quid
1026 2582 1076 2602 nos
1103 2578 1184 2606 vetat,
1210 2581 1271 2600 cum
1297 2573 1400 2608 primus
1425 2579 1533 2607 quoque
1559 2578 1646 2598 novus
1670 2570 1722 2597 sit?

938 2619 996 2647 Jam
1009 2628 1072 2647 vero
1087 2620 1235 2655 praecipitis
1249 2619 1308 2647 dies
1320 2618 1457 2646 interdum
1472 2618 1563 2652 plures
1578 2617 1719 2647 habemus,

939 2675 1134 2702 nonnunquam
1161 2667 1304 2702 pauciores
1332 2666 1428 2693 diebus
1459 2663 1564 2690 Atticis.
1593 2662 1721 2695 Quando-

939 2714 1047 2748 quidem
1076 2721 1184 2740 menses
1208 2712 1253 2739 alii
1276 2712 1408 2738 tricenum
1432 2709 1547 2740 dierum,
1573 2709 1618 2735 alii
1641 2709 1723 2735 trice-

939 2767 1003 2785 nmn
1015 2759 1195 2794 singulorum,
1209 2766 1279 2785 unus
1297 2757 1375 2784 modo
1391 2755 1628 2785 (luodctricenmn,
1641 2754 1721 2780 modo

939 2803 1157 2834 undetricenum,
1174 2803 1302 2829 nimirum
1318 2805 1417 2836 quarto
1442 2808 1549 2835 quoque
1572 2807 1644 2826 anno
1667 2807 1722 2825 uno

939 2849 981 2876 die
1005 2849 1113 2879 addito.
1140 2849 1211 2883 quod
1239 2848 1314 2883 prius
1343 2851 1384 2875 est
1411 2847 1523 2873 diuturni.
1552 2844 1722 2880 Οιιεψιιιιιιιει·

940 2902 1046 2922 incuses
1074 2895 1118 2921 alii
1152 2894 1185 2921 ab
1216 2894 1339 2921 undecim
1373 2893 1477 2920 dierum
1506 2891 1610 2926 icliquo
1640 2899 1722 2925 supra
