1907 3144
109 162 185 192 12θῦ
588 169 760 198 ἸΊΙΙΞΟΟΟΙΗ
783 170 862 198 (ἶΑΖί

986 171 1006 198 [ἰ
1028 172 1071 199 DE
1095 173 1278 201 MENSIBUS.
1667 177 1737 205 1206

105 222 172 250 δῶν.
195 224 239 256 Ὠς
253 224 276 251 δ’
288 226 355 261 ἡμῖν
368 226 459 253 οὐκέτι
473 227 608 263 χρήσιμος
622 228 668 263 ἕνη
684 229 730 255 καὶ
744 229 802 260 νέα,
815 229 858 256 οὓς

982 231 1111 265 φοΗιιιίιε.
1134 231 1227 260 Nonas
1242 235 1344 265 aui-3m,
1363 233 1473 268 quando
1493 234 1610 268 primum
1637 235 1669 260 ad
1689 243 1735 262 oe—

105 270 168 297 οὺδὲ
187 271 332 305 Ῥωμμῖοις
356 272 385 298 τὸ
408 273 611 307 Ἰντερλούνιον·
631 273 680 309 τὴν
704 274 758 310 γὰρ
782 274 858 310 ήμέρι

985 285 1044 305 sum
1061 278 1210 313 conspicua
1229 286 1298 305 nova
1316 278 1354 305 ﬁt.
1370 279 1444 309 ldus,
1461 280 1570 314 quando
1583 279 1638 314 jam
1657 280 1736 314 pleno

105 315 141 354 ἧς
157 317 187 344 τὸ
201 319 248 353 μὲν
263 318 301 354 τῷ
313 319 419 354 λήγοντι
434 320 509 355 μηνὶ,
521 321 551 347 τὸ
565 321 592 347 δὲ
609 321 646 356 τῷ
659 321 801 357 ἀρχομένῳ
813 331 858 358 πρ(

983 323 1015 351 be
1031 323 1114 352 facies
1131 324 1279 351 formosior
1301 325 1481 359 conspicitur.
1509 325 1562 352 Sed
1577 330 1669 353 tamen
1690 333 1736 360 po-

106 365 170 400 ήκει
194 365 264 392 κατὰ
289 365 413 401 σελήνην,
431 367 559 402 Ῥωμαῖοι
574 367 646 394 οὕτω
661 367 786 395 καλοῦσι.
806 368 859 395 Ταῦ

982 377 1007 396 3a
1032 370 1126 400 etiam,
1143 371 1269 404 quamvis
1295 378 1403 399 menses
1427 371 1461 398 ad
1484 371 1569 398 solem
1589 371 1735 404 deducant,

109 410 160 444 μὲν
175 409 206 445 δὴ
218 410 288 436 οὕτω
306 411 499 446 λαμϐανόμενα
519 410 547 439 εὖ
563 411 595 438 ἂν
611 412 676 448 ἔχοι.
698 413 754 439 Οὐκ
770 412 802 439 ἂν
818 414 862 447 ἀφ(

980 422 1055 450 mpu’s
1087 416 1214 443 similiter
1240 415 1407 449 dividentes,
1441 415 1598 455 Kalendas,
1625 416 1733 449 Nonas,

108 456 196 491 ρεῖται
215 455 236 482 δ’
251 457 265 482 ὁ
281 455 358 490 λόγος
373 457 433 483 οὐδὲ
457 457 563 489 ἰδιώτας
579 458 628 493 τὴν
653 457 707 484 τῶν
725 459 835 494 ἡμερῶν
848 468 861 485 τ

980 470 1030 493 us,
1060 462 1209 489 etiamnum
1236 466 1351 495 vocant,
1382 462 1540 491 nominibus
1565 463 1733 491 abutentes:

106 503 223 539 σελήνης
238 504 350 538 γνῶσιν,
364 505 460 532 ὁπόσαι
478 506 617 532 ἑκάστοτε.
634 506 704 532 Πολὺ
719 507 772 543 γάρ
786 515 811 533 τι
828 515 859 533 συ

980 508 1048 535 tibus
1071 512 1149 535 antea
1167 508 1201 534 ad
1218 508 1290 534 lunm
1311 515 1423 535 cur-sum
1442 508 1550 542 proprie
1576 508 1733 535 utebantur.

105 549 234 576 ὃάλλεται
245 551 284 582 εἰς
296 550 370 577 τοῦθ’
381 552 398 586 ἡ
409 551 462 577 τῶν
475 551 585 587 ἡμερῶν
598 551 645 578 τοῦ
656 551 716 579 καθ’
725 552 799 587 ἥλιον
814 561 858 588 μην

981 559 1007 578 )n
1024 551 1107 586 igitur
1123 551 1270 578 absurdum
1285 552 1377 584 fuerit,
1395 553 1418 579 si
1434 561 1484 580 nos
1501 561 1611 588 quoque
1627 553 1734 580 instan-

104 596 208 632 εῖδησις
220 605 227 612 ·
241 597 287 623 καὶ
304 597 394 633 ῥᾴδιον
411 598 581 633 προστιθέντι
600 599 659 630 ταῖς
678 599 810 630 ἐπακταῖς
825 600 854 625 εὑ

982 605 1002 624 m
1024 601 1050 625 et
1073 598 1239 632 prmeipitem
1264 597 1424 630 dixerimus,
1456 607 1509 626 non
1533 599 1567 626 ad
1585 600 1657 627 luna:
1679 608 1735 626 am-

106 652 185 671 σκειν
195 644 240 671 τὸν
261 645 385 680 ἀριθμόν,
404 645 440 671 Τὸ
455 646 477 671 δ’
497 646 609 680 ἀκριϐὲς
626 646 675 673 οὑκ
690 646 855 682 ἀπαιτητέον

979 644 1033 675 ius,
1048 645 1095 672 sed
1109 644 1142 671 ad
1158 644 1224 671 solis
1241 644 1410 672 curriculum
1427 649 1548 680 tempora
1566 646 1732 680 digereutes.

103 691 221 723 τούτοις.
241 691 374 718 Ἐπακταὶ
390 692 431 726 ἐφ’
449 689 471 726 ᾧ
486 695 509 718 α’
531 692 647 728 ἀριθμὸς
668 693 779 728 ἡμερῶν
802 693 854 718 ἐπα

981 690 1129 726 'oportione
1156 691 1248 725 itaque
1266 690 1337 725 apud
1362 698 1413 718 nos
1432 691 1609 726 respondebit
1625 699 1734 719 neome-

105 737 196 772 μένων
221 737 333 773 ἡλιακοῦ
366 739 467 774 μηνὸς,
496 740 538 774 ἐφ’
598 739 630 775 β’.
653 740 780 776 Ἀριθμὸς
806 749 858 775 μην

981 743 993 763 a
1011 735 1140 763 Kalendis
1156 735 1303 769 Romanis;
1322 736 1431 763 instans
1448 744 1523 770 vero,
1542 741 1569 764 et
1589 744 1672 772 supra
1688 736 1734 764 de-

104 784 285 819 ὲπειγομὲνων
302 785 437 816 ἐνιαυτοῦ,
457 785 512 812 ἀπὸ
530 785 720 821 Μουνυχιῶνος
734 786 857 822 ἁρχομέψ

982 789 1018 813 m,
1035 785 1062 809 et
1076 788 1208 816 praeceps,
1227 789 1275 808 seu
1291 781 1431 814 desinens,
1448 782 1501 809 illis
1517 782 1625 810 dicendi
1644 782 1734 810 modis

103 829 149 864 ἐφ’
164 826 187 864 ᾧ
202 833 236 864 γ’.
254 830 397 866 Γινόμενος
418 831 532 867 ἀριθμὸς
556 832 587 858 ἐκ
607 832 662 859 τῶν
679 835 712 863 α’,
731 833 763 867 β’.
785 836 809 866 γ’
830 834 856 869 ἀι

980 828 1063 859 ttinis,
1082 827 1266 866 ante_Nonas,
1281 831 1344 855 ante
1359 828 1433 860 Idus,
1452 833 1514 856 ante
1530 828 1676 857 Kalendas.
1699 829 1733 856 Ut

102 876 270 912 ληφθέντων,
286 877 328 911 ἐφ’
342 873 364 911 ᾧ
388 878 418 903 δ’.
434 878 589 914 Ὑπερέχων
609 878 663 905 τῶν
680 879 836 914 τριάκοντα,
854 891 855 903 ι

984 882 1013 901 r0
1031 875 1109 902 nobis
1125 883 1179 902 non
1196 876 1314 910 amplius
1330 884 1397 904 usus
1411 876 1525 904 extremi
1545 880 1572 903 et
1590 875 1682 910 primi,
1695 876 1734 902 sic

103 919 127 956 ᾧ
147 926 178 949 ε’.
201 922 336 958 Ὑπεροχὴ
355 923 397 957 ἐφ’
412 920 434 957 ᾧ
456 923 489 955 ζ’.
503 912 626 960 Σελήνης
649 912 761 960 ἡμερῶν
782 925 856 960 ἀριθε

980 933 981 944 ;
998 919 1128 948 Romanis
1149 921 1258 955 quidem
1279 922 1438 954 interlunii;
1456 922 1527 949 diem
1548 923 1620 949 enim
1642 922 1733 956 (cujus

102 968 292 1004 ἐπαγομένων,
308 969 349 1004 ἐφ’
362 966 384 1003 ᾧ
400 973 434 1004 η’.
450 969 485 996 Τὸ
501 970 532 1005 δή
552 970 573 996 δ’
587 970 662 997 ἔσται
678 972 733 997 ἴσον
744 971 783 1006 τῷ
799 975 834 1006 η’,
849 973 855 998 ἐ

978 974 1012 994 ηδε
1033 967 1168 994 desinenti
1187 968 1285 1001 mensi,
1305 975 1369 1003 pars
1384 968 1526 1002 incipienti
1542 968 1674 1003 competit
1687 975 1731 995 se-

104 1014 144 1049 μὴ
158 1014 188 1040 τὸ
203 1018 224 1040 ε’
241 1014 350 1050 ὑπάρχῃ
369 1015 408 1051 τῷ
422 1015 453 1043 δ’.
475 1016 538 1042 Ἐὰν
557 1017 579 1042 δ’
597 1016 717 1053 ὑπάρχῃ,
736 1017 765 1042 τὸ
783 1017 804 1049 ζ’
821 1017 857 1043 ἔσ⁴

984 1013 1066 1040 udum
1082 1014 1186 1048 lunam)
1205 1013 1321 1041 Romani
1341 1015 1377 1041 ita
1393 1019 1503 1042 vocant.
1521 1014 1581 1041 Huic
1599 1015 1681 1049 igitur
1694 1013 1734 1041 sic

103 1059 162 1085 ἴσον
176 1059 214 1095 τῷ
227 1059 257 1085 δ’.
279 1059 315 1085 Τὸ
335 1059 362 1086 δὲ
378 1063 402 1086 α’
421 1059 535 1095 ληπτέον
547 1060 596 1086 ὅτι
616 1060 698 1087 ἐστιν.
718 1059 820 1087 Ἱκανὸν
842 1069 856 1094 γ

981 1062 1059 1093 cepta
1082 1059 1151 1087 bene
1178 1059 1289 1095 quidem
1320 1060 1447 1088 habeant.
1474 1059 1567 1095 Neque
1594 1068 1658 1087 vero
1690 1060 1733 1087 hic

101 1105 143 1136 ὡς
159 1105 227 1141 πρὸς
242 1105 305 1136 τοὺς
314 1104 427 1137 πολλοὺς
442 1105 472 1132 τὸ
483 1106 496 1132 ὅ
508 1115 543 1133 τι.
558 1106 634 1133 Ἔστι
649 1106 672 1133 δ’
687 1106 740 1142 ἄρα
751 1105 836 1133 εἴκοσι
849 1116 854 1133 :

981 1112 1039 1131 rmo
1054 1105 1143 1140 privat
1160 1106 1254 1138 rudes,
1269 1110 1296 1134 et
1311 1107 1412 1135 idiotas
1429 1107 1534 1134 dierttm
1551 1107 1622 1134 lunae
1640 1106 1734 1141 cogni-

101 1150 176 1177 ὀκτὼ
190 1150 235 1177 τοῦ
250 1151 297 1177 νῦν
311 1152 443 1187 παρόντος
456 1151 607 1188 ἡραρχικοῦ
621 1152 707 1184 ἔτους.
725 1152 854 1184 Ἐπαυξέο

979 1159 1031 1179 me.
1048 1156 1179 1186 quotnam
1192 1153 1299 1180 scilicet
1315 1153 1438 1188 quotidie
1452 1153 1517 1180 sint.
1536 1153 1650 1180 Multum
1662 1153 1732 1180 enim

101 1197 132 1224 δὲ
147 1197 207 1224 καθ’
231 1197 345 1225 ἕκαστον
369 1198 427 1230 ἔτος
451 1198 600 1234 ἠραρχικδν
620 1198 765 1234 προσθέσει
786 1199 839 1225 τῶν

994 1198 1021 1224 id
1036 1199 1166 1226 conducit
1178 1199 1285 1226 dierum
1301 1199 1401 1227 solaris
1416 1200 1520 1227 mensis
1536 1199 1650 1234 peritia;
1668 1197 1733 1225 faci-

101 1242 181 1269 δεκα..
199 1243 254 1270 Καὶ
266 1244 376 1270 ἐπειδὰν
392 1243 445 1270 τῶν
460 1244 605 1278 τριάκοντα
622 1244 753 1280 ὑπερέχῃ,
777 1245 854 1280 εἱλήιξ

979 1252 1056 1279 isque
1076 1248 1118 1272 est
1133 1252 1181 1272 eos
1202 1245 1262 1273 dies
1288 1247 1392 1280 epactis
1418 1246 1559 1281 adjicienti
1574 1245 1732 1280 huiusmodi

101 1288 118 1322 ἡ
136 1287 257 1323 ὑπεροχὴ
274 1291 307 1315 α’.
325 1288 379 1315 Καὶ
395 1288 465 1315 οὕτω
479 1288 510 1324 δὴ
530 1287 673 1320 ὲπαύξοντι
691 1289 745 1315 αἰεὶ
759 1290 805 1316 καὶ
827 1290 854 1316 λο

981 1298 1069 1317 narem
1084 1298 1229 1318 numerum
1245 1291 1377 1319 invenire.
1401 1292 1492 1327 Atque
1508 1292 1553 1319 hic
1567 1301 1620 1319 nou
1643 1292 1734 1327 requi-

101 1334 212 1360 εάνοντι
233 1335 348 1370 ληπτέον
366 1335 395 1362 τὸ
414 1338 448 1363 α’.
472 1335 623 1370 Πρόςθεσις
646 1335 688 1370 ἐφ’
705 1332 727 1369 ᾧ
748 1335 780 1362 θ’.
801 1335 854 1362 Ἐτέ

979 1337 1032 1364 nda
1046 1337 1156 1365 subtilis
1166 1343 1317 1372 exactaque
1335 1338 1486 1374 diligentia.
1503 1338 1610 1373 Epactte
1626 1339 1682 1366 sint
1693 1338 1731 1371 A;

101 1380 227 1416 ὑπεροχὴ
244 1380 286 1415 ἐφ’
304 1378 326 1415 ᾧ
350 1379 375 1407 ι’.
398 1381 621 1417 Προσληφθέντος
640 1382 671 1414 δὴ
695 1381 741 1408 τοῦ
763 1382 784 1408 0'
801 1382 841 1417 τῷ

980 1391 1080 1412 umerus
1096 1384 1202 1411 dierum
1216 1385 1314 1412 solaris
1330 1385 1432 1413 mensis
1449 1385 1571 1412 seriatim
1589 1385 1733 1412 continua-

101 1427 182 1453 ἔσται
196 1428 227 1454 τὸ
242 1431 276 1459 α’,
288 1427 325 1460 ὡς
342 1427 420 1455 ἐννέα
441 1428 487 1454 τοῦ
505 1429 626 1460 ἐπιόντος
639 1428 790 1464 ἠραρχικοῦ
803 1429 854 1455 Etet

980 1438 1038 1457 rum
1056 1431 1092 1458 sit
1107 1430 1148 1463 B;
1169 1439 1301 1459 numerus
1322 1433 1455 1460 mensium
1482 1431 1545 1458 anni
1563 1439 1733 1466 consequen-

100 1474 153 1500 καὶ
167 1473 248 1500 πάλιν
277 1474 504 1510 προσληφθέντος,
524 1475 599 1500 ἔσται
618 1474 656 1506 ὼς
677 1474 763 1501 εἴκοσι
785 1474 831 1501 τοῦ
849 1476 853 1500 t'

979 1483 1016 1503 nn
1033 1484 1047 1503 a
1068 1476 1165 1504 Martio
1180 1477 1290 1512 quidem
1315 1478 1472 1513 incipientis
1492 1477 1529 1510 C;
1549 1476 1684 1504 conﬂatus
1699 1484 1732 1503 ex

100 1520 170 1555 εξῆς
195 1521 286 1552 ἔτους·
309 1518 415 1552 εἷταὼς
441 1521 488 1556 μία
513 1521 560 1547 τοῦ
582 1521 650 1556 μετὰ
668 1520 762 1547 ταῦτα.
784 1521 820 1547 Τὸ
842 1529 853 1555 γ

996 1521 1026 1553 Β,
1042 1521 1062 1549 C
1080 1530 1223 1554 numerus,
1243 1523 1284 1550 sit
1304 1523 1342 1556 D;
1367 1532 1499 1552 numerus
1524 1524 1660 1551 excedens
1683 1523 1733 1549 tri-

102 1570 119 1592 t'
137 1566 169 1601 δὴ
185 1566 222 1598 ὡς
238 1566 296 1602 μία.
321 1567 376 1593 Καὶ
397 1566 483 1597 οὕτως
497 1567 540 1593 ἀεί
550 1575 555 1581 ·
573 1566 853 1602 ἐπιστημονικώτερον

978 1571 1022 1594 nta
1038 1568 1074 1595 sit
1088 1567 1127 1602 E;
1142 1576 1273 1596 excessus
1289 1569 1332 1596 ille
1347 1575 1458 1597 vocetur
1473 1569 1510 1603 F;
1527 1577 1658 1597 numerus
1676 1569 1731 1596 die-

100 1607 168 1636 ὧδε.
908 1610 928 1638 C
947 1621 1006 1640 rum
1030 1613 1101 1641 lunae
1123 1615 1352 1650 consequentium
1379 1617 1414 1643 sit
1435 1615 1468 1644 ϐ.
1487 1616 1622 1644 Gtt-terum
1645 1615 1667 1642 D
1683 1614 1734 1642 erit

100 1658 196 1692 qualis
210 1658 242 1692 G,
261 1659 315 1686 nisi
334 1659 355 1686 E
379 1658 415 1687 sit
439 1658 470 1686 D.
499 1658 576 1692 Quod
605 1659 627 1687 si
653 1660 698 1693 sit,
715 1660 736 1687 F
769 1661 822 1688 erit
854 1662 942 1696 qualis
973 1661 1005 1688 Ι).
1024 1662 1046 1689 Α
1064 1671 1138 1693 vero,
1158 1663 1184 1690 id
1207 1669 1249 1691 est
1271 1668 1431 1700 epaetarum
1452 1672 1570 1696 summa,
1605 1671 1735 1699 quaecun-

99 1711 159 1742 que
176 1705 222 1737 sit,
240 1705 372 1732 sumenda
390 1709 442 1734 est.
459 1707 563 1734 SulIieit
576 1707 648 1735 enim
665 1709 747 1744 vulgo
775 1708 820 1735 illa
847 1717 1019 1745 quaecunque
1038 1711 1084 1738 sit.
1103 1710 1172 1738 Sunt
1207 1711 1298 1747 itaque
1323 1713 1420 1747 viginti
1443 1717 1506 1740 octo
1530 1717 1633 1747 epaeta:
1661 1719 1732 1747 pra:-

101 1752 193 1779 sentis
216 1752 280 1780 anni
301 1760 316 1779 a
336 1761 399 1780 vere
423 1753 589 1788 incipientis.
610 1754 711 1782 Verum
731 1760 883 1790 augeantur
907 1764 955 1790 per
967 1757 1091 1791 singulos
1107 1765 1194 1785 annos
1213 1758 1340 1785 similiter
1363 1767 1378 1786 a
1395 1766 1457 1786 vere
1478 1759 1651 1788 inchoantes.
1682 1758 1734 1786 ad-

101 1800 209 1827 ditione
227 1798 363 1826 undecim.
383 1799 414 1826 Et
432 1801 542 1835 quando
563 1801 606 1827 hic
627 1809 760 1828 numeras
776 1801 887 1836 triginta
913 1803 1073 1836 eseesserit,
1088 1808 1214 1830 sumatur
1229 1804 1274 1832 ille
1298 1812 1430 1833 excessus
1447 1806 1480 1832 A.
1501 1805 1533 1831 Et
1553 1805 1592 1833 sic
1625 1812 1734 1840 semper

101 1847 216 1883 augenti
235 1851 262 1874 et
295 1848 441 1883 aecipienti
465 1849 628 1876 sumendum
657 1853 698 1876 est
730 1849 763 1875 A.
788 1848 849 1875 Fiat
883 1849 987 1877 additio
1011 1850 1043 1877 H.
1072 1851 1149 1879 Alter
1173 1859 1304 1880 excessus
1327 1853 1363 1880 sit
1384 1853 1405 1887 l,
1428 1853 1567 1880 additioue
1590 1852 1623 1885 ΙΙ,
1652 1853 1736 1880 simul

101 1898 215 1929 sumpta
239 1902 300 1922 cum
317 1894 350 1927 Α,
368 1895 394 1922 id
421 1899 473 1928 est,
500 1903 561 1923 cum
584 1896 680 1932 viginti
706 1901 768 1924 octo
790 1897 894 1931 epactis
914 1899 1057 1933 przesentis
1079 1899 1144 1926 anni
1171 1899 1210 1932 A,
1228 1908 1392 1928 excrescens
1415 1909 1520 1928 summa
1546 1901 1598 1928 erit
1629 1900 1735 1928 dierum

101 1948 203 1968 novem
220 1942 359 1976 sequentis
379 1943 443 1968 anni
458 1949 473 1969 a
488 1951 552 1969 vere
568 1943 716 1970 inchoativi
732 1953 737 1970 :
753 1948 779 1971 et
793 1951 891 1972 rursus
911 1944 983 1972 facta
1000 1946 1148 1979 additione,
1168 1952 1249 1974 erunt
1263 1948 1358 1983 viginti
1376 1949 1456 1984 166
1485 1953 1588 1983 epaela:
1619 1955 1735 1982 sequen-

101 1988 141 2015 tis
169 1987 250 2021 anni;
273 1987 371 2015 deinde
397 1996 451 2015 una
477 1993 571 2024 epacta
591 1989 656 2016 anni
680 1990 726 2025 qui
749 1991 887 2018 succedet.
912 1991 1013 2020 lenim
1027 2000 1158 2021 excessus
1172 1994 1310 2022 secundus
1328 2003 1382 2022 una
1398 1995 1531 2022 duntaxat
1559 2000 1654 2030 epacta
1682 1999 1733 2023 est.

102 2035 138 2062 Et
156 2035 194 2062 ita
208 2034 318 2063 assidue
332 2036 394 2069 ﬁat;
415 2037 530 2071 peritius
546 2045 611 2064 vero
625 2037 674 2065 sic.

319 2094 446 2128 Είξρεσις
464 2094 523 2121 τῶν
536 2095 682 2122 ἐπακτῶν.

1187 2095 1306 2123 Iuventio
1317 2100 1479 2130 epactarum.

141 2152 200 2185 ΚΓ.
210 2150 353 2187 Διῃρήσθω
375 2151 450 2187 παρὰ
466 2152 641 2179 ἐνεακαίδεκα
654 2153 688 2179 τὰ
698 2153 751 2180 ἀπὸ
762 2154 893 2187 γενέσεως

983 2150 1053 2178 XVI.
1074 2151 1236 2178 Dividantur
1253 2151 1316 2177 anni
1331 2158 1345 2177 a
1357 2151 1441 2178 natali
1456 2150 1614 2179 Christiano
1625 2160 1673 2187 per
1686 2160 1735 2180 no-

101 2196 153 2224 τοῦ
174 2196 241 2223 Θεοῦ
263 2197 422 2232 ἀπαγόμενα
441 2197 498 2232 ἐτη,
515 2199 711 2234 προσκειμένου
727 2200 831 2231 τούτοις
847 2209 854 2226 π

982 2199 1108 2232 mdecim,
1124 2198 1167 2225 his
1188 2206 1242 2225 uno
1266 2198 1352 2225 altero
1370 2205 1441 2224 anno
1462 2198 1544 2224 etiam
1563 2199 1666 2227 addito.
1687 2199 1735 2226 Su-

103 2243 166 2274 ἐνὸς
186 2242 227 2269 ἔτι
249 2243 341 2277 ἑτέρου
364 2243 450 2275 ἔτους.
479 2244 658 2280 Εἰλήφθωσαν
673 2245 701 2272 δὲ
715 2246 743 2272 αἱ
762 2245 832 2281 ὑπὲρ
846 2255 856 2272 ’τ

982 2249 1058 2272 antur
1071 2252 1136 2272 vero
1155 2244 1225 2275 dies,
1242 2244 1289 2279 qui
1305 2251 1338 2270 ex
1358 2251 1388 2270 ea
1404 2243 1540 2271 divisione
1557 2245 1627 2279 (quae
1640 2245 1670 2271 tit
1686 2253 1735 2280 per

101 2287 333 2320 ὲνεακαιδεκάδας
350 2289 556 2324 περιττεύουσαι
571 2290 680 2325 ἡμέραι,
699 2291 746 2317 καὶ
759 2292 854 2318 πολυπῖ

982 2290 1147 2326 ινοῐῐιᾱεεὶῐη)
1178 2293 1343 2325 supererunt
1367 2293 1420 2317 :et
1443 2290 1663 2325 multiplicantur
1687 2299 1735 2325 per

105 2333 299 2370 σιασθήτωσαν
324 2335 370 2361 ἐπὶ
395 2335 440 2362 τὸν
470 2336 580 2362 ἕνδεκα·
602 2335 661 2363 εἶτα.
682 2337 858 2373 διαιρεθήτωσ

982 2335 1086 2369 ιόοοὶιῐι,
1099 2335 1197 2363 deinde
1211 2335 1368 2362 dividantur
1384 2343 1433 2370 per
1455 2335 1577 2370 triginta.
1595 2334 1646 2368 Qui
1662 2341 1735 2364 certe

103 2381 186 2416 παρὰ
215 2381 370 2416 τριάκοντα.
397 2382 429 2408 Αἰ
454 2381 510 2418 γὰρ
539 2382 609 2418 ὑπὲρ
630 2383 679 2414 τὰς
702 2385 856 2419 τριακοντάὶ

983 2389 1031 2416 pra
1058 2381 1214 2409 tricesimas
1242 2381 1304 2409 illas
1326 2382 1384 2408 dies
1407 2382 1599 2414 remanebunt,
1627 2387 1691 2410 sunt
1713 2382 1735 2409 Α

102 2426 343 2459 πλεονάζουςαιτὺ
357 2431 380 2454 α’
402 2429 429 2454 αἱ
447 2429 564 2454 ὲπακταί
578 2430 656 2455 εἰσιν.
670 2426 742 2461 Dirr),
758 2429 829 2464 χίλια
848 2440 855 2465 ε

984 2432 1060 2455 θείω.
1074 2427 1156 2455 Verbi
1168 2427 1267 2462 gratia,
1279 2435 1353 2454 nunc
1370 2434 1383 2454 a
1400 2427 1484 2454 natali
1502 2428 1660 2456 ChriStiano
1672 2433 1735 2456 sunt

103 2474 154 2500 καὶ
169 2474 332 2508 τετρακόσια
350 2474 396 2501 καὶ
417 2474 600 2510 ἑϐδομήκοντα
618 2474 665 2501 νῦν
685 2474 719 2501 τὰ
734 2475 787 2501 ἀπὸ
800 2475 856 2502 Θεο·

982 2474 1022 2501 ille
1038 2473 1232 2508 quadringenti
1246 2472 1420 2508 septuaginta
1435 2473 1510 2499 anni.
1526 2473 1681 2508 Adjieiatur
1693 2473 1735 2500 his

103 2519 167 2550 νίας
180 2518 243 2554 ἐτη.
260 2519 437 2554 Προσκείσθω
452 2519 480 2545 δὲ
495 2519 599 2551 τούτοις
622 2519 669 2546 καὶ
687 2519 726 2546 ἓν.
744 2513 856 2555 Δισίιρεθη

983 2527 1028 2546 .us.
1054 2519 1102 2546 llis
1119 2527 1184 2554 ergo
1204 2526 1252 2554 per
1275 2519 1462 2546 novemdecim
1481 2519 1649 2549 distributis.
1675 2527 1736 2546 cer-

103 2575 161 2592 των
182 2565 214 2600 δὴ
238 2565 339 2591 τούτων
354 2565 430 2601 παρὰ
453 2565 646 2592 ἐνεακαίδεκα.
667 2564 745 2599 δῆλον
766 2566 806 2591 ὅτι
826 2566 856 2591 ὁκ

983 2574 1005 2593 m
1021 2570 1063 2593 est
1085 2571 1148 2592 octo
1170 2572 1310 2600 superare.
1329 2565 1452 2600 Sumptis
1473 2573 1538 2592 vero
1553 2565 1595 2592 his
1617 2569 1690 2597 octo,
1710 2571 1736 2593 et

102 2612 132 2637 αἱ
153 2609 359 2642 πλεονάζουσαι.
383 2610 543 2645 Ληφθεισῶν
562 2610 590 2636 δὲ
610 2610 663 2636 τῶν
686 2610 758 2636 ὀκτὼ
783 2610 828 2636 ἐπὶ
851 2620 855 2628 έ

984 2619 996 2636 r
1013 2610 1140 2637 undecim
1164 2610 1363 2645 multiplicatis,
1378 2610 1425 2644 qui
1441 2609 1585 2636 conﬁcitur
1605 2610 1668 2637 inde
1686 2619 1737 2638 nu-

102 2655 214 2687 ἕνδεκα,
232 2655 397 2691 ὀγδοήκοντα.
412 2657 458 2682 καὶ
472 2649 545 2682 ¹ὀκτὼ
561 2656 664 2689 γίνεται
684 2656 714 2682 τὸ
730 2657 762 2683 ἐκ
783 2656 855 2682 τούτί

983 2664 1052 2688 3rus,
1068 2656 1191 2683 continet
1203 2656 1342 2691 octoginta
1359 2661 1431 2683 octo.
1450 2655 1509 2682 Hoc
1521 2663 1633 2683 rursum
1648 2657 1736 2684 diviso

102 2701 294 2737 Διαιρεθέντος
309 2702 331 2728 δ’
345 2700 377 2729 αὖ
391 2703 484 2729 τούτου
501 2703 540 2734 εἰς
554 2702 757 2737 τριακοντάδας,
772 2703 802 2728 τὸ
817 2703 855 2729 πλ.

984 2711 996 2730 r
1011 2704 1133 2738 triginta,
1151 2710 1301 2730 excurrens
1317 2710 1422 2730 summa
1438 2702 1511 2737 capit
1523 2702 1734 2738 duodetriginta.

101 2749 188 2780 νάζον
204 2747 278 2775 ἔσται
293 2749 378 2775 εἴκοσι
391 2749 439 2775 ’καὶ
458 2749 539 2775 ὀκτώ.
555 2748 640 2775 Τοῦτο
658 2749 681 2774 δ’
701 2747 735 2784 ἦν
750 2752 773 2775 α’
787 2749 834 2775 τοῦ
850 2759 854 2768 ι

997 2754 1087 2776 autem
1109 2754 1153 2777 est
1167 2749 1189 2776 A
1207 2755 1302 2784 epacta
1325 2749 1469 2784 praesentis
1492 2749 1556 2775 anni
1575 2759 1580 2775 :
1597 2750 1736 2782 similique

101 2794 242 2830 παρόντος
259 2795 382 2821 ἐνιαυτοῦ
391 2804 397 2810 ·
415 2795 545 2830 ἀνάλογον
558 2795 586 2822 δὲ
601 2796 646 2822 καὶ
662 2795 692 2822 τὸ
706 2795 796 2822 λοιπὴν
810 2796 851 2822 αἰε

981 2796 1053 2823 tione
1069 2796 1095 2822 in
1116 2800 1255 2831 posterum
1279 2795 1331 2823 erit
1356 2799 1513 2829 epactarum
1531 2795 1662 2822 inventio.
1687 2795 1731 2823 Sic

101 2841 215 2876 εὕρεσις
227 2840 303 2868 ἔσται
316 2841 364 2867 τοῦ
379 2844 414 2868 α’.
433 2841 516 2867 Πάλιν
533 2841 565 2876 δὴ
586 2842 632 2867 καὶ
651 2841 721 2868 οὕτω
738 2841 854 2867 λαϐόντα

983 2843 1034 2868 itur
1046 2842 1144 2869 iterum
1161 2842 1279 2877 sumptis
1292 2841 1407 2876 epactis,
1420 2840 1440 2866 A
1454 2841 1569 2872 scilicet,
1587 2836 1736 2876 adjiciatur-

103 2891 141 2920 α’,
156 2887 318 2922 προσθετέον
333 2887 405 2922 αὐτῷ
417 2887 447 2914 τὸ
460 2887 483 2922 β’
500 2887 546 2915 καὶ
560 2891 593 2922 γ’·
623 2888 652 2914 τό
671 2896 698 2914 τε
717 2887 823 2914 σύνολον
833 2887 856 2914 τὶ

993 2886 1022 2921 Β,
1041 2887 1112 2921 etC,
1129 2891 1185 2915 tum
1199 2888 1219 2914 D
1234 2898 1238 2915 :
1257 2895 1362 2916 summa
1387 2895 1419 2915 ex
1438 2887 1471 2914 iis
1488 2887 1603 2915 conﬂata
1622 2888 1736 2917 dicenda
