1907 3144
114 164 185 198 ’209

604 169 778 198 TllEODORl
798 171 899 199 GAZ/E
919 171 1019 199 LIBER
1038 171 1081 199 DE
1101 170 1283 199 MENSIBUS.

1660 169 1732 197 12le

112 229 204 264 ἡμεῖς,
230 229 262 263 τῇ
286 227 436 263 καλουμένη
453 227 588 255 Σάϐϐαν-ιον
607 229 756 261 Ἰουδαίοις·
778 230 846 256 ἀλλὰ
866 232 896 266 τῇ

951 231 1050 258 obeant
1070 231 1211 266 postridie.
1234 229 1333 257 Verum
1352 229 1377 256 id
1400 233 1492 255 nostra
1513 227 1580 254 nihil
1606 227 1727 256 interest.

115 275 223 310 πρώτῃ,
237 275 318 309 κυρίᾳ
333 275 398 309 ἡμῖν
412 273 480 310 οὔσῃ
495 275 542 301 καὶ
558 275 698 310 ἱερομηνίᾳ
711 276 820 310 Χριστῷ
835 276 899 302 ἀνα-

115 321 226 348 στάντι·
254 320 309 346 οὗθ’
334 319 419 352 οὕτως
444 320 582 356 ἀργοῦμεν
607 321 716 355 ἄγοντες
739 322 842 357 ἑορτὴν,
861 322 898 354 ὡς

115 366 184 402 μηδὲ
199 365 297 401 ἑψῆσαί
316 374 352 397 τι,
371 366 416 392 καὶ
438 365 575 401 τράπεζαν
597 365 765 401 παραθέσθαι
790 366 899 401 θεμιτὸν

113 411 199 440 εἶναι·
217 412 284 439 ἀλλὰ
303 412 357 438 δεῖν
375 412 591 447 παρεσκευάσθαι
613 413 666 438 πᾶν
686 414 718 446 τῇ
739 411 898 448 προτεραίᾳ.

115 458 222 485 Οὐκοῦν
235 457 296 484 οὔτε
314 466 339 484 τι
356 459 500 493 χρήσιμον,
518 457 573 483 οὒτ’
587 457 671 489 ἄλλως
684 457 819 493 εὔσχημον
836 459 899 493 ἡμῖν

114 504 151 531 τὰ
169 504 302 530 Ἰουδαίων
329 503 415 530 ταῦτα
442 503 559 538 ὀνόματα
585 505 625 535 εἰς
648 504 846 539 καταρίθμησιν
868 512 899 538 γε

114 549 262 585 ἑϐδομάδος
279 550 328 584 τῆς
350 549 485 584 ἡμετέρας
501 549 656 584 λαμϐάνειν.
682 549 746 575 Οὐδὲ
764 549 795 584 δὴ
809 549 856 575 καὶ
871 549 900 576 τὸ

113 595 254 622 Σάϐϐατον
267 593 312 622 οὖν
322 594 420 630 ὁμοίως
432 594 486 630 ἔχει
498 594 536 630 τῷ
550 595 661 621 Ὠσαννᾶ
675 595 720 621 καὶ
730 595 767 630 τῷ
777 594 898 621 Σαϐαὼθ·

114 642 188 676 ἆπερ
203 640 307 675 ἔκφυλα
325 640 373 675 μὲν
387 640 433 666 καὶ
447 640 547 666 ταῦτα·
564 641 735 674 ὲπιφωνεῖται
750 639 771 665 δ’
786 640 859 674 ὅμως
871 640 900 665 ὲν

111 688 175 718 ταῖς
198 679 355 722 ίεροποιῗαις
379 685 506 711 ἑκάστοτε
531 685 605 721 παρὰ
630 685 683 711 τῶν
707 685 827 720 ζακόρων
851 686 900 711 ἐπε

113 732 244 765 άναγκες.
256 731 294 757 Τὰ
308 730 355 766 μὲν
367 730 421 766 γὰρ
434 730 606 769 ὲξωσιωμένει
615 731 645 765 δὴ
658 732 713 762 τοῖς
725 731 899 766 κυριωτάτοις

113 778 162 804 καὶ
181 776 319 811 μεγίστοις
332 776 384 802 τῶν
400 775 477 811 ιερῶν
491 776 554 803 ὅντα
570 777 637 803 κατά
651 785 677 802 τι
692 777 844 812 ἀπόρῤητον
863 777 899 812 μὴ

112 823 145 848 οὑ
161 819 297 858 θεμιτὸνῇ
315 821 511 857 παραλλάττειν
524 829 532 836 ·
546 820 574 847 τὸ
589 821 616 847 δὲ
635 821 839 856 περιειργάεθαι
855 821 900 848 καὶ

114 869 252 904 μηδεμίαν
267 868 328 903 ἕχον
341 869 462 903 ἀνάγκην
482 867 627 899 Ἱουδαῖζει.
643 867 736 902 Ἡμεῖς
752 867 799 902 μὲν
812 867 900 893 τοίνυν

949 276 1042 312 Neque
1063 277 1134 304 enim
1158 277 1273 311 septimo
1291 275 1335 302 die
1359 275 1391 302 ab
1408 275 1481 301 omni
1501 282 1581 309 opere
1600 273 1729 301 feriamur

949 323 1059 354 inertes,
1076 323 1121 357 qui
1136 323 1194 350 dies
1209 329 1223 348 a
1236 320 1335 348 Judzeis
1356 320 1502 347 Sabbatum
1521 328 1535 346 a
1550 320 1639 354 quiete
1656 327 1727 346 nun-

949 371 1080 402 cupatur;
1095 368 1142 394 sed
1159 368 1218 402 ipso
1233 367 1277 394 die
1287 367 1384 402 primo,
1401 367 1446 401 qui
1459 366 1537 393 nobis
1549 369 1590 393 est
1608 365 1729 392 Domini-

949 422 1010 445 eus,
1037 421 1169 448 sacerque
1192 413 1246 440 Deo
1275 412 1437 446 resurgenti.
1456 412 1548 446 Neque
1576 416 1665 438 tamen
1687 412 1729 439 sic

949 460 1126 488 otiamnrnut
1140 460 1181 486 vel
1197 460 1309 491 elixare,
1330 459 1371 485 vel
1392 465 1511 484 mensam
1529 462 1650 485 sternere
1667 457 1731 483 relic

950 506 993 540 gio
1010 506 1061 535 sit.
1078 513 1220 539 operaeque
1237 505 1269 532 sit
1285 505 1399 539 pretium
1421 503 1511 530 omnia
1525 503 1610 538 pridie
1627 510 1731 538 praepa-

949 557 1007 578 rata
1024 551 1132 578 habere.
1149 551 1218 585 Ergo
1235 558 1285 577 nec
1299 551 1373 582 utile.
1391 558 1440 576 nec
1455 550 1555 584 alioqui
1573 549 1728 579 honestum.

949 595 1006 622 haec
1021 594 1174 622 inda-orum
1199 596 1307 622 nomina
1323 595 1349 622 in
1370 599 1470 622 nostrze
1495 595 1653 628 septimana!
1674 593 1731 620 cal~

950 641 1040 668 culum
1056 648 1204 668 assumere.
1221 640 1275 667 Nec
1291 641 1361 667 enim
1375 641 1414 668 sic
1430 649 1458 668 sc
1475 640 1555 667 habet
1568 640 1729 671 Sabbalum,

951 690 980 713 ut
996 686 1073 722 167
1088 687 1215 714 llosanna
1231 692 1256 714 et
1279 686 1415 714 Sabaoth:
1429 694 1489 720 qua:
1515 686 1602 712 aliena
1621 686 1729 720 quidem

950 739 1010 759 cum
1028 736 1053 759 et
1068 733 1124 767 ipsa
1139 733 1203 764 sint,
1225 733 1352 759 tamenin
1367 732 1437 758 hunc
1451 739 1538 766 usque
1555 731 1624 758 diem
1639 731 1666 757 in
1685 737 1730 757 sa-

950 776 1061 804 criﬁciis
1081 778 1274 804 acclamatione
1296 777 1432 804 communi
1449 776 1482 802 ab
1501 775 1567 810 ipsis
1588 782 1729 802 sacrorum

951 823 1086 850 ministris
1098 825 1251 851 necessario
1265 826 1439 858 usurpantur.
1456 822 1520 855 Quae
1529 822 1600 848 enim
1614 829 1628 848 a
1643 821 1730 848 maxi-

951 867 1002 894 mis
1014 867 1186 901 poutilicibus
1202 868 1317 902 alicujus
1329 867 1420 893 arcani
1435 866 1522 900 gratia
1536 866 1640 893 saneita
1654 869 1729 898 sunt,

113 913 180 948 περὶ
201 913 292 948 μηνῶν
316 921 345 938 τε
369 912 415 938 καὶ
440 911 568 948 ἡμερῶν,
591 911 638 937 καὶ
663 910 804 943 ἐνιαυτοῦ,
829 910 896 937 οὕτω

950 912 1026 939 nefas
1049 913 1084 940 sit
1111 914 1262 940 immutare.
1295 912 1489 947 Superstitiose
1512 918 1576 938 vero
1598 916 1624 939 et
1650 911 1730 938 anxie

113 958 233 993 χρῆσθαι
246 957 361 992 μάλιστα
375 957 512 992 ἀξιοῦμεν.

950 965 1038 994 agere,
1055 959 1126 994 quod
1146 960 1251 986 nullum
1264 967 1353 991 usum,
1370 963 1566 994 eogentemque
1582 958 1730 986 necessita-

113 1011 170 1033 tem
187 1006 287 1032 habet:
303 1004 330 1031 id
345 1003 639 1031 redoletJudaismum.
653 1003 707 1031 Nos
726 1004 808 1039 igitur
837 1005 990 1038 mensibus,
1008 1006 1105 1035 diebus
1132 1011 1159 1034 et
1184 1014 1256 1034 anno
1287 1007 1327 1034 sic
1348 1007 1387 1033 uti
1407 1007 1523 1034 maxime
1541 1007 1650 1042 dignum
1679 1013 1730 1040 pu—

114 1059 217 1080 tamus.

139 1099 206 1133 Πῶς
221 1099 268 1127 de?
279 1099 360 1134 ἄγειν
375 1099 443 1132 τοὺς
460 1099 588 1133 χρόνους
601 1098 664 1125 κατ’
686 1098 865 1133 Ἀθηναίους.

150 1177 205 1203 lE'.
223 1177 254 1203 Εί
267 1176 294 1202 δέ
308 1184 347 1211 τῳ
362 1177 484 1211 διαφέροι
499 1176 574 1210 ἄγειν
589 1176 626 1208 ὡς
645 1176 790 1211 Ἀθηναῖοι,
805 1179 836 1212 τῇ
850 1177 898 1212 μὲν

111 1222 190 1254 τάξει
205 1223 333 1258 χρήσεται
347 1222 378 1258 δὴ
393 1224 426 1258 τῇ
442 1222 632 1258 ὲπιδειχθείσῃ,
649 1223 675 1248 εἴ
689 1231 716 1248 τι
732 1224 746 1249 ὁ
764 1223 839 1256 λόγος
855 1223 898 1250 ὅδε

111 1269 225 1303 διαιρεῖν
238 1269 323 1303 ἀρχὴν
333 1269 360 1295 δὲ
369 1268 451 1301 τάξας
462 1268 508 1294 τοῦ
521 1268 596 1299 ἔτους
606 1268 654 1300 τὰς
666 1268 774 1303 θερινὰς
784 1269 896 1304 τροπάς,

111 1315 185 1349 ύρθεῖ
197 1313 251 1340 τῶν
265 1313 356 1349 μηνῶν
373 1314 434 1345 τοὺς
450 1314 498 1348 μὲν
513 1313 759 1349 τριακονθημέρους
771 1315 816 1340 καὶ
831 1314 898 1350 πλή-

113 1368 184 1396 ρεις,
209 1360 271 1391 τοὺς
291 1360 319 1386 δὲ
338 1361 386 1396 μιᾷ
404 1360 458 1386 τῶν
484 1360 583 1395 ἐτέρων
612 1360 786 1394 λειπομένους
808 1361 898 1396 ἡμέρᾳ

111 1406 229 1438 ἐναλλὰξ
242 1407 306 1441 παρ’
320 1406 377 1437 ἕνα,
398 1406 434 1437 ὡς
445 1405 564 1441 ἡμίσεως
588 1414 639 1432 που
665 1406 796 1438 ἐνδέοντος
824 1407 896 1442 μιᾶς,

111 1452 221 1486 πρὸςτὸ
239 1451 467 1486 τριακονθήμερον
490 1449 557 1477 εἶναι
576 1451 621 1477 τὸν
642 1451 690 1485 τῆς
715 1451 826 1485 σελήνης
847 1460 899 1486 μη-

111 1499 200 1523 νιαῐον
217 1497 320 1532 χρόνον.
339 1496 571 1531 Ἀριθμήσεται’δὲ
586 1495 634 1527 τὰς
648 1496 751 1530 ἡμέρας
773 1496 835 1530 ἄχρι
848 1496 898 1530 τῆς

946 1098 1081 1131 Quomodo
1103 1099 1245 1126 secundum
1266 1098 1433 1125 Athenienses
1457 1097 1557 1132 agenda
1578 1102 1639 1125 sunt
1663 1102 1729 1125 tem-

1298 1142 1373 1168 pora.

980 1177 1072 1205 XVlll.
1092 1178 1168 1211 Quod
1186 1179 1209 1206 si
1226 1179 1305 1213 cujus
1326 1179 1471 1206 interesset
1485 1177 1634 1205 secundum
1647 1178 1730 1207 Athe-

945 1225 1053 1253 nienses
1073 1232 1162 1260 agere.
1177 1225 1273 1252 ordine
1290 1225 1398 1259 quidem
1415 1228 1507 1251 utetur
1521 1225 1707 1252 demonstrato
1720 1232 1728 1250 :

946 1269 969 1297 si
985 1270 1049 1304 quid
1064 1270 1167 1296 ordinis
1182 1270 1306 1304 praesenti
1327 1276 1453 1296 sermone
1467 1269 1606 1296 consecuti
1623 1276 1728 1296 sumus.

945 1313 1045 1341 Verum
1063 1319 1202 1349 postquam
1216 1315 1249 1341 ab
1261 1315 1354 1341 aestivo
1382 1314 1500 1341 solstitio
1533 1314 1597 1340 anni
1628 1313 1730 1348 princi-

948 1361 1022 1395 pium
1037 1361 1212 1391 ordinaverit,
1228 1360 1361 1387 mensium
1375 1359 1510 1387 descrihet
1526 1360 1594 1387 alios
1610 1361 1729 1388 tricena-

947 1407 1004 1434 rios
1017 1411 1043 1434 et
1061 1406 1164 1441 plenos,
1185 1406 1253 1432 alios
1282 1413 1345 1432 vero
1360 1413 1413 1432 uno
1434 1406 1478 1433 die
1494 1406 1583 1433 minus
1608 1406 1668 1433 aliis
1689 1406 1729 1432 al-

948 1451 1034 1479 ternis
1052 1451 1157 1478 vicibus
1182 1457 1296 1482 censos;
1327 1449 1405 1484 qnasi
1432 1449 1573 1476 deﬁciente
1586 1450 1639 1475 diei
1654 1453 1728 1476 certe

948 1497 1070 1528 dimidio,
1098 1499 1127 1522 ut
1156 1500 1324 1522 menstruum
1344 1495 1531 1529 lunaelempus
1548 1494 1582 1521 sit
1596 1494 1730 1521 tricenum

111 1541 250 1575 εἰκοστῆς,
275 1540 304 1567 ὃν
329 1541 432 1576 εἴρηται
457 1541 566 1576 τρόπον·
589 1539 655 1574 μετὰ
674 1539 702 1566 δὲ
721 1539 831 1575 ταύτην,
856 1540 896 1566 δε-

948 1543 1062 1570 dierum.
1080 1542 1275 1577 Supputabitur
1294 1545 1382 1567 autem
1398 1541 1501 1567 dierum
1518 1540 1597 1572 ratio,
1616 1547 1670 1575 quo
1684 1547 1731 1567 su-

111 1587 202 1621 κάτην
218 1586 364 1620 φθίνοντος,
383 1585 406 1611 εἰ
422 1585 526 1620 πλήρης
543 1586 557 1611 ὁ
573 1585 635 1620 μήν·
656 1582 714 1611 εἶτα
730 1585 836 1620 ἐνάτην,
851 1585 897 1611 καὶ

112 1632 180 1667 ἑξῆς
202 1631 377 1667 ἀναστρέφων
398 1631 462 1666 ἄχρι
484 1630 620 1666 δευτέρας*
643 1631 701 1666 μεθ’
719 1631 752 1666 ἦν
771 1631 833 1666 ἕνην
851 1631 897 1657 καὶ

112 1679 188 1705 νέαν.
207 1678 238 1703 Εἰ
256 1677 342 1708 κοῖλος
356 1678 370 1703 ὁ
384 1677 446 1711 μὴν,
463 1676 559 1712 ἐνάτην
570 1676 717 1710 φθίνοντος.
735 1677 781 1703 καὶ
794 1677 855 1711 ἑξῆς
867 1676 897 1702 τὸ

112 1723 257 1757 ἀνάλογον,
270 1723 308 1754 ὡς
317 1723 364 1749 καὶ
377 1722 544 1756 Πολυδεύκης
555 1722 674 1757 ἀριθμεῖ·
689 1723 735 1757 οὐχ
749 1722 848 1754 ἱκανῶς
858 1722 896 1754 δὲ,

111 1770 183 1797 διότι
195 1769 283 1796 κοίλου
297 1769 376 1806 μέν.ου
389 1768 532 1802 καταλέγει
546 1768 659 1803 ἡμέρας.
675 1768 786 1803 Πλήθων
795 1768 823 1794 δὲ
834 1768 896 1803 ἕνην

115 1815 169 1851 μὲν
183 1815 231 1850 τὴν
242 1814 363 1850 εἰκοστὴν
379 1814 484 1849 ἐνάτην,
501 1814 564 1849 ἕνην
577 1814 605 1840 δὲ
620 1815 665 1840 καὶ
678 1806 740 1840 νέαν
756 1815 803 1849 τὴν
820 1822 896 1849 τρια-

112 1861 218 1895 κοστὴν
233 1861 328 1894 λέγων,
347 1859 422 1886 οὐδὲν
441 1860 543 1894 ἀπᾷδον
557 1859 634 1895 ἡμῶν
650 1868 726 1894 φησι,
741 1860 771 1885 τό
787 1867 817 1893 γε
835 1859 898 1894 περὶ

112 1908 145 1934 τὸ
163 1907 288 1942 πρᾶγμα.
307 1907 358 1932 Ἤν
375 1906 428 1940 γὰρ
446 1905 574 1940 δευτέραν
591 1904 728 1939 φθίνοντος
742 1906 820 1940 ἡμεῖς
837 1905 896 1939 ἀρι-

113 1951 251 1987 θμοῦμεν.
269 1952 331 1986 ἕνην
350 1951 436 1982 καλεῖ,
455 1951 488 1977 ἵν’
504 1951 567 1982 ἴσως
582 1950 654 1986 αὑτῷ
673 1950 812 1986 ἱερομηνία
831 1948 898 1977 οἷοσα

112 1999 155 2035 τῷ
174 1998 324 2028 Πλούτωνι,
344 1997 454 2024 αὐτόθεν
474 1997 505 2032 δὴ
526 1997 580 2023 κὰκ
601 1997 650 2031 τῆς
670 1995 852 2031 προσηγορίας
868 1995 897 2022 τὸ

113 2045 216 2081 σεμνὸν
233 2044 281 2081 ἔχῃ
296 2044 342 2071 καὶ
357 2043 495 2080 τραγικόν.
507 2045 552 2069 Δεῖ
566 2043 620 2078 γὰρ
633 2043 678 2069 καί
694 2051 764 2074 τινος
778 2042 896 2068 τοιούτου

112 2094 173 2123 τοῖς
189 2091 252 2126 περὶ
272 2090 305 2116 τὰ
326 2091 385 2117 ὅσια
402 2089 681 2124 πραγματευομένοις.
705 2088 849 2123 Πειρατέον
869 2088 898 2114 δὲ

113 2137 187 2165 κατὰ
201 2137 314 2171 σελήνην
326 2135 450 2171 ἀριθμεῖν
461 2135 509 2166 τὰς
521 2135 635 2170 ἡμέρας.
656 2134 731 2161 Ἐπεὶ
745 2135 791 2161 καὶ
804 2134 834 2161 τὸ
844 2133 897 2160 τῶν

115 2182 211 2220 μηνῶν
227 2183 288 2213 τους
303 2181 350 2216 μὲν
366 2169 486 2216 πλήρεις,
503 2181 564 2210 τοὺς
577 2180 605 2206 δὲ
621 2180 724 2211 κοίλους
739 2179 894 2215 λαμϐάνειν,

112 2227 193 2255 τουτὶ
208 2227 340 2262 βούλεται.
355 2227 410 2261 Οὐχ
427 2226 518 2252 ἱκανὸν
530 2226 568 2252 δέ·
585 2226 651 2252 ἀλλὰ
667 2225 707 2252 δεῖ
721 2234 771 2252 που
783 2226 829 2252 καὶ
839 2225 894 2252 ἄλλ’

112 2274 184 2302 ἅττα
203 2271 441 2308 πραγματεύεσθαι
462 2272 556 2306 συχνὰ,
570 2273 594 2298 εἰ
611 2271 700 2307 μέλλοι
718 2271 849 2303 σώζεσθαι
866 2271 896 2298 τὸ

112 2320 256 2356 ὸμόλογοψ
278 2319 394 2354 χαλεπὸν
416 2318 444 2344 δὲ
466 2317 510 2344 διὰ
528 2318 577 2353 τὴν
600 2317 698 2352 πολλὴν
720 2318 769 2352 τῆς
783 2318 897 2353 σελήνης

113 2366 238 2399 ἀταξίαν.
264 2367 302 2392 Δι’
318 2365 386 2400 ὅπερ
408 2364 462 2390 οὐδ’
488 2364 622 2399 Ἀθηναῖοι
644 2364 780 2398 φαίνονται
801 2372 897 2399 κατορ‹

113 2412 234 2444 θοῦντες·
247 2411 284 2443 ὡς
294 2411 350 2438 ἔστι
363 2409 549 2446 τεκμήρασθαι
563 2410 608 2436 καὶ
622 2410 650 2442 ἐξ
661 2407 697 2436 ὧν
708 2409 740 2444 δὴ
751 2410 764 2436 ὁ
778 2409 897 2444 κωμικὸς

113 2458 249 2494 ποιεῖτὴν
266 2458 378 2493 σελήνην
392 2456 541 2492 θυμαίνειν,
560 2456 599 2482 ὅτι
613 2455 687 2482 οὐδὲν
701 2455 771 2482 κατὰ
785 2455 896 2491 σελήνην

111 2506 182 2543 ἦγον
199 2505 247 2538 τὰς
263 2505 369 2541 ἡμέρας
392 2504 525 2539 Ἀθηναῖοι
544 2503 640 2539 ὀρθῶς,
660 2502 716 2529 ἀλλ’
736 2502 791 2529 ἄνω
806 2510 833 2529 τε
851 2502 896 2528 καὶ

113 2553 191 2579 κάτω
207 2551 391 2577 ὲκυδοιδόπων·
404 2549 473 2576 οὕτω
487 2549 540 2584 γὰρ
554 2549 684 2584 κέχρηται
694 2549 726 2583 τῇ
740 2547 821 2580 λέξει.
832 2547 895 2573 Πει-

116 2597 214 2633 ρατέον
233 2597 322 2632 μέντοι
341 2595 410 2622 κατὰ
424 2595 454 2622 τὸ
467 2594 577 2621 δυνατὸν
597 2592 775 2628 διορθοῦσθαι,
790 2591 896 2628 χρωμέ-

113 2651 178 2674 νους
191 2644 246 2674 τοῖς
263 2641 468 2677 ὲμπειροτάτοις
486 2641 530 2668 ἀεὶ
545 2639 599 2667 τῶν
615 2639 813 2675 ἀστρολογικῶν
827 2639 895 2665 θεω-

115 2698 150 2726 ρη
155 2689 247 2724 μάτων
263 2696 293 2715 συ
298 2688 431 2724 μθούλοις.

947 1590 1098 1626 pradictum
1110 1592 1151 1616 est
1169 1588 1259 1618 modo,
1278 1595 1361 1621 usque
1380 1587 1412 1613 all
1427 1587 1584 1614 vicesimum
1604 1596 1610 1614 :
1631 1594 1731 1614 secun-

947 1637 1010 1664 dum
1026 1643 1117 1671 quem,
1136 1635 1158 1662 si
1175 1634 1276 1661 mensis
1305 1637 1346 1661 est
1366 1634 1470 1668 plenus.
1496 1633 1570 1660 dices
1596 1634 1731 1661 decimum

947 1682 1104 1718 praecipitis,
1125 1681 1221 1708 deinde
1239 1687 1350 1711 nonum,
1376 1683 1403 1706 et
1429 1680 1465 1706 ita
1493 1679 1619 1714 deinceps
1635 1679 1731 1706 ordine

947 1732 1112 1763 prachStero
1127 1734 1213 1761 usque
1225 1726 1257 1752 ad
1273 1724 1421 1753 secundum
1443 1734 1449 1751 :
1467 1729 1528 1759 post
1542 1733 1620 1759 quem
1641 1728 1731 1752 extre-

947 1783 1019 1802 mum
1033 1774 1159 1809 primum,
1179 1781 1225 1801 seu
1240 1778 1355 1799 veterem
1368 1775 1394 1799 et
1409 1779 1517 1798 novum.
1535 1771 1569 1797 At
1584 1771 1606 1798 si
1624 1770 1728 1798 mensis

947 1829 1030 1848 cavus
1048 1821 1093 1851 sit.
1111 1827 1210 1846 nonum
1224 1819 1374 1846 desilientis
1389 1822 1450 1853 post
1464 1818 1623 1844 vicesimum
1642 1817 1729 1850 dices,

947 1871 973 1893 et
984 1866 1064 1892 simili
1085 1865 1213 1898 deinceps
1231 1865 1345 1894 ratione,
1361 1867 1389 1889 ut
1405 1863 1486 1889 etiam
1502 1862 1595 1888 Pollux
1617 1869 1730 1888 enume-

948 1916 1000 1944 rat,
1016 1911 1063 1938 sed
1079 1919 1132 1937 non
1147 1909 1310 1937 snllieienter
1328 1908 1447 1942 quidem,
1463 1911 1492 1934 ut
1506 1907 1552 1941 qui
1567 1906 1651 1934 solius
1670 1905 1730 1932 cmi

948 1957 1005 1984 dies
1023 1960 1172 1984 recenseat.
1190 1954 1302 1981 Plcthon
1316 1961 1380 1979 vero
1395 1953 1552 1979 vicesimum
1571 1958 1671 1978 nonum
1683 1957 1731 1977 ve-

947 2006 1032 2029 terem
1051 2001 1200 2036 appellans,
1216 2004 1241 2026 et
1259 1998 1424 2025 tricesimum
1441 2001 1557 2024 veterem
1577 2000 1604 2023 et
1617 2003 1728 2029 novum,

949 2048 1017 2075 nihil
1032 2048 1124 2079 nobis,
1153 2050 1283 2081 quantum
1302 2045 1334 2072 ad
1353 2046 1422 2071 hanc
1448 2051 1516 2073 rem,
1531 2043 1671 2070 dissonum
1688 2042 1730 2069 af-

947 2093 1008 2120 fcrl.
1024 2093 1098 2119 Dicm
1118 2092 1200 2123 enim,
1222 2100 1301 2126 quem
1318 2091 1466 2118 secundum
1490 2090 1637 2124 praecipitis
1662 2088 1730 2116 dici-

947 2146 1019 2171 mus,
1039 2138 1083 2166 ille
1112 2143 1229 2165 veterem
1257 2137 1382 2172 appellat,
1399 2141 1427 2163 ut
1455 2136 1523 2162 forte
1555 2142 1662 2162 sacrum
1677 2135 1730 2169 ipsi

948 2183 1056 2210 Plutoni
1083 2181 1348 2210 exsistentcm.l\"am
1373 2189 1405 2208 ex
1431 2181 1586 2215 hujusmodi
1609 2180 1729 2215 appella-

949 2231 1025 2258 tione
1035 2230 1127 2257 nescio
1143 2229 1207 2264 quid
1228 2236 1319 2264 grave,
1336 2228 1543 2262 supereiliosum
1557 2230 1583 2254 et
1599 2227 1728 2262 tragicum

948 2283 1003 2311 prae
1017 2283 1046 2303 se
1061 2275 1112 2302 fert
1130 2283 1136 2300 :
1150 2282 1210 2310 qum
1225 2282 1268 2302 res
1284 2274 1404 2309 apprime
1417 2281 1485 2308 opus
1499 2278 1540 2300 est
1555 2273 1588 2299 iis
1611 2272 1658 2307 qui
1674 2276 1731 2298 tra-

949 2322 1056 2350 ctandis
1078 2323 1162 2349 sacris
1180 2320 1366 2348 vehementius
1394 2323 1569 2354 occupantur.
1586 2317 1730 2344 Enimvero

949 2366 1158 2402 periclitandum
1172 2371 1214 2394 est
1225 2366 1257 2392 ad
1268 2366 1358 2392 lunam
1373 2365 1431 2391 dies
1448 2371 1601 2391 numerare.
1617 2362 1730 2395 Quando

949 2413 1030 2440 etiam
1050 2412 1076 2439 id
1103 2412 1154 2439 sibi
1171 2411 1227 2438 vult
1253 2419 1284 2438 ea
1308 2417 1441 2437 mensmm
1470 2409 1638 2440 constitutio,
1668 2415 1730 2435 cum

949 2459 1019 2493 pleni
1044 2458 1101 2489 alii,
1118 2458 1164 2485 alii
1182 2457 1239 2484 cari
1254 2461 1409 2484 sumuntur.
1427 2455 1479 2482 Sed
1497 2462 1552 2482 non
1566 2454 1662 2481 sulllcit
1686 2456 1730 2479 ta-

948 2511 1021 2529 men;
1036 2501 1175 2536 Siquidem
1195 2505 1222 2529 ct
1231 2501 1282 2528 alia
1299 2501 1419 2536 quaedam
1441 2500 1537 2528 crebro
1553 2497 1729 2526 commentari

949 2552 1065 2583 oportet,
1087 2548 1110 2575 si
1131 2548 1336 2574 consonantiam
1360 2547 1594 2582 :equalitatemque
1622 2550 1730 2570 servare

948 2594 1063 2622 velimus
1080 2602 1086 2620 :
1103 2594 1128 2621 id
1139 2594 1209 2628 quod
1226 2599 1336 2629 propter
1347 2601 1400 2620 non
1413 2599 1522 2626 parvam
1549 2591 1619 2618 lunae
1634 2588 1730 2616 confu-

950 2640 1054 2668 sionem
1070 2643 1112 2668 est
1129 2639 1246 2667 difﬁcile.
1267 2639 1326 2672 Quo
1342 2638 1381 2670 ﬁt,
1397 2641 1427 2665 ut
1447 2644 1534 2671 neque
1549 2634 1730 2662 Athenienses

948 2686 1091 2713 videantur
1111 2690 1185 2713 recte
1201 2689 1282 2720 atque
1300 2684 1395 2712 ordine
1423 2681 1579 2718 procedere,
1600 2683 1630 2707 ut
1649 2687 1680 2707 ex
1695 2685 1730 2706 eo

114 2737 266 2772 coniectari
298 2740 349 2770 est,
369 2736 442 2772 quod
473 2735 593 2764 comicus
623 2735 716 2762 lunam
750 2733 815 2761 facit
845 2733 878 2760 iis
902 2740 1073 2767 succensere,
1089 2733 1161 2768 quod
1182 2740 1235 2760 non
1254 2736 1328 2760 recte
1344 2731 1376 2758 ad
1392 2737 1469 2758 suum
1499 2729 1584 2764 ipsius
1605 2727 1729 2755 curricu-

114 2785 172 2813 lum
188 2789 309 2820 tempora
328 2785 484 2820 dirigerent,
495 2783 541 2812 sed
555 2782 625 2810 infra
641 2789 723 2818 supra
745 2781 953 2813 confunderent;
969 2781 1010 2808 sic
1038 2781 1111 2808 enim
1141 2782 1186 2808 ille
1213 2780 1343 2815 loquitur.
1372 2776 1569 2812 Experiendum
1580 2780 1670 2803 tamen
1686 2776 1729 2801 est

113 2833 261 2861 emendare
282 2840 331 2868 pro
367 2832 450 2865 virili,
477 2832 577 2860 utendo
610 2831 719 2859 assidue
746 2829 920 2866 peritissimis
954 2829 1107 2864 astrologiae
1143 2828 1356 2864 speculationum
1387 2828 1634 2861 praeceptorumque
1662 2828 1729 2849 euu-

114 2886 127 2907 ε
141 2878 234 2904 liariis.
