1907 3144
163 162 228 192 ﬁt!

391 220 429 248 De
441 228 526 247 manu
545 221 726 250 intercalario.
870 245 875 250 .

202 266 271 294 XIX.
288 267 322 294 Et
336 274 429 294 mense
439 267 548 302 quidem
564 268 739 295 intercalario
755 268 851 297 Atticis
871 271 952 299 annis

164 313 248 340 etiam
263 321 331 348 opus
342 319 392 344 est,
414 314 453 340 uti
474 314 550 347 prius
572 315 779 349 explicavimus,
795 321 824 343 ut
847 325 953 346 menses

167 363 341 394 perseverent
352 359 520 393 temporibus
532 361 692 388 concordes.
708 360 883 390 lnsercndum
903 364 954 390 ita-

167 413 220 439 que
236 405 441 439 Scirophorioni
463 408 561 438 mensi,
577 406 623 441 qui
639 408 784 442 respondet
801 408 880 442 Maio,
896 410 954 437 dies

167 451 288 485 triginta.
305 450 455 485 Testesquc
483 451 565 486 hujus
597 453 635 479 rei
655 452 809 480 Macrobius
837 455 954 489 scriptor

172 494 311 522 Romanus
324 499 350 521 et
366 494 530 523 Herodotus.
544 495 611 522 Nam
639 496 684 523 ille
700 497 726 523 in
755 497 952 532 Saturnalibus,

166 541 231 568 dum
255 540 432 576 Glaucippum
454 541 480 568 in
499 544 702 570 commentariis
715 544 749 571 de
772 546 857 573 sacris
872 546 954 573 Athe-

167 586 303 613 niensium
328 586 532 621 interpretatur,
566 587 632 614 dicit
656 588 835 617 Athenienses
859 591 954 618 ultimo

167 634 256 660 mensi
272 633 335 659 anni
352 633 504 667 superfluos
519 633 578 661 dies
594 634 720 668 injicere;
741 636 815 671 atqui
841 637 953 666 ultitnus

167 683 210 706 est
229 677 435 714 Scirophorion.
464 679 582 706 Rursum
606 680 756 709 Herodotus
772 682 954 711 intercalatio-

168 733 231 753 nem
248 734 309 753 esse
334 726 438 753 dierum
465 726 600 753 tricenum
617 727 722 754 abunde
738 729 893 756 manifestat
912 731 954 758 his

168 772 277 800 verbis:
289 782 298 798 ‹
314 771 390 808 Quod
408 773 432 800 si
446 773 528 805 volet,
541 773 640 808 inquit.
657 774 770 801 alterum
785 782 885 802 annum
894 783 954 803 esse

167 826 249 854 quam
263 819 389 851 alterum,
409 827 463 846 uno
477 827 568 847 mense
580 821 721 855 majorem,
737 825 766 847 ut
780 825 901 856 tempora
912 830 955 849 eo-

167 864 230 891 dem
243 869 396 899 opportune
415 869 568 898 recurrant,
582 874 690 894 menses
708 867 815 901 quidem
837 868 949 895 interca-

687 162 732 189 ΑΙ)
754 162 886 190 EUSEBH
906 164 1100 192 CHRONICON
1114 163 1294 192 APPENDIX.

1722 163 1801 192 1213

1212 223 1280 258 Περὶ
1294 223 1455 258 ἐμϐολίμου
1469 223 1576 257 μηνόςτ

1039 269 1088 296 ΙΘ’.
1107 271 1161 296 Καὶ
1179 270 1227 304 μὲν
1246 269 1278 305 δὴ
1295 269 1342 295 καὶ
1363 269 1446 304 μηνὸς
1468 268 1616 303 ἐμϐολίμου
1629 267 1722 303 δεήσει
1735 269 1798 298 10L:

1010 315 1140 346 Ἀττικοῖς
1163 315 1245 346 ἐτεσι,
1269 314 1394 349 καθάπερ
1416 313 1522 349 εἴρηται
1543 313 1688 348 πρότερον,
1712 313 1747 339 ἰν*
1770 313 1795 340 cl

1005 361 1086 396 μῆνες
1099 361 1290 396 συμϐαίνοντες
1301 361 1440 387 διατελῶσι
1454 362 1514 391 ταῖς
1526 360 1622 395 ὥραις.
1635 360 1796 394 Ἐπεμελτπ

1003 407 1062 432 τὲον
1073 406 1094 432 δ’
1106 406 1159 441 ἄρα
1171 407 1217 432 ἐπὶ
1227 406 1420 441 Σκιροφοριῶνι
1437 406 1501 441 μηνὶ
1513 406 1660 441 τριάκοντα
1671 406 1794 441 ἡμέρας.

1003 451 1147 486 Μάρτυρες
1169 451 1196 477 δὲ
1218 451 1320 478 τούτων
1337 451 1493 486 Μακρόϐιος
1515 451 1649 486 Ῥωμαῖος
1670 460 1798 486 συγγρα-

1004 498 1069 532 φεὺς
1079 497 1124 524 καὶ
1133 497 1281 532 Ἡρόδοτος·
1293 498 1307 524 ὁ
1321 497 1370 532 μὲν
1380 497 1466 531 λέγων
1480 498 1508 523 ἐν
1520 498 1576 528 τοῖς
1589 497 1726 530 1φω·ι’ρις
1738 497 1796 523 τῶν

1005 545 1236 580 συγγραμμάτων,
1266 544 1534 579 μεθερμηνευόμενος
1560 543 1738 570 Γλαύκιππον
1765 543 1796 568 ἐν

1004 592 1058 621 τοίξ
1084 590 1148 625 περὶ
1170 590 1224 616 τῶν
1244 589 1384 625 Ἀθήνῃσιν
1405 588 1484 624 ἱερῶν
1505 589 1551 614 καὶ
1565 588 1647 614 ὁσίων
1666 588 1795 623 ὑπομνή-

1005 643 1083 669 μασι,
1102 635 1183 668 φάναι
1203 634 1358 669 Ἀθηναίους
1372 633 1420 665 τὰς
1433 634 1560 669 περιττὰς
1573 634 1682 668 ἡμέρας
1696 634 1735 668 τῷ
1747 642 1798 660 τε·

1004 681 1119 716 λευταίῳ
1136 680 1315 715 ἐπεμϐάλλειν
1329 708 1332 710 ί
1339 681 1404 715 μηνὶ
1419 680 1467 706 τοῦ
1484 680 1618 707 ἐνιαυτοῦ·
1638 680 1797 711 τελευταῖος

1004 726 1031 752 δὲ
1046 726 1229 762 Σκιροφοριὼν
1243 725 1286 762 ἦν⁸
1297 728 1311 753 ὁ
1320 726 1347 752 δέ
1361 724 1393 753 αὖ
1406 727 1438 752 ἐκ
1450 726 1552 753 τούτων
1563 725 1706 760 διασαφῶν
1719 734 1798 761 τρια-

1005 772 1172 808 κονθήμερον
1187 772 1231 799 τὸν
1246 772 1392 808 ἐμϐόλιμον
1406 770 1485 798 εἶναι·
1503 782 1512 797 ‹
1530 773 1561 798 Εἰ
1575 772 1604 798 δὲ
1620 771 1653 807 δὴ
1668 772 1798 806 ἐῡελήσει

1004 818 1051 844 τοῦ
1069 818 1091 844 θ’
1106 819 1197 854 ἓτερον
1212 818 1266 844 τῶν
1284 818 1365 844 ἐτέων
1383 818 1448 853 μηνὶ
1467 817 1637 852 μακρότερον
1654 817 1795 850 γίνεσθαι,

1006 864 1048 890 ἵνα
1055 864 1086 899 δὴ
1098 865 1125 890 αἱ
1137 861 1206 899 ὧραι
1218 863 1384 899 συμΰαίνωσι
1398 863 1612 898 παραγινόμεναι
1623 863 1664 894 εἰς
1675 862 1708 888 τὸ
1721 862 1794 894 δέον,

169 908 229 935 larii
243 909 352 944 triginta
367 909 486 944 quinque
505 910 572 936 fittnt
588 918 635 945 per
653 919 740 938 annos
769 913 952 947 septuaginta,

1014 910 1088 945 ιῆνες
1105 911 1153 945 μὲν
1171 910 1245 946 παρὰ
1269 910 1301 936 τὰ
1319 909 1504 944 ἑϐδομήκοντα
1522 908 1584 934 ἔτεα
1601 909 1625 934 οἱ
1649 909 1798 943 ὲμὸόλιμπι

168 955 227 983 dies
241 963 304 982 vero
318 963 352 982 ex
370 955 414 982 his
432 956 572 983 mensibus
594 957 666 984 mille
682 961 708 984 et
721 958 927 993 quinquaginta.
941 969 950 984 ι

206 1042 295 1075 Quoto
314 1047 403 1070 autem
413 1051 522 1078 quoque
533 1051 604 1071 anno
630 1045 843 1072 intercalandum
861 1046 906 1079 sit,
931 1047 953 1073 si

170 1089 233 1123 quis
245 1088 381 1115 Herodoto
407 1089 485 1116 fidem
514 1089 665 1116 habendam
694 1094 781 1125 putat,
811 1099 844 1118 ex
870 1100 955 1126 nuper

171 1135 306 1171 appositis
322 1135 394 1170 quod
406 1135 502 1170 quierit
516 1143 623 1162 sumere
635 1140 734 1171 potest.
750 1137 871 1164 Alternis
883 1139 954 1165 enim

172 1179 409 1208 intercalationem
443 1181 501 1208 fieri
520 1181 650 1214 declarat,
668 1181 732 1208 dum
761 1183 826 1210 dicit
841 1184 955 1211 alterum

171 1234 203 1254 ex
224 1227 330 1254 duobus
353 1226 432 1254 annis
457 1227 515 1254 fieri
541 1227 626 1255 altero
652 1228 817 1264 longiorem,
845 1235 873 1258 et
891 1231 955 1258 dum

170 1273 292 1308 quinque
305 1276 333 1300 et
349 1273 459 1308 triginta
474 1281 580 1301 menses
591 1274 780 1303 intercalarios
787 1285 835 1311 per
848 1281 958 1312 septua-

171 1318 245 1351 ginta
261 1325 348 1346 annos
360 1323 512 1346 enumerat.
525 1318 554 1345 ld
579 1320 652 1354 quod
667 1320 759 1348 forsan
774 1322 862 1349 adhuc
887 1323 958 1350 indi-

171 1369 217 1398 get
231 1364 460 1396 consideratione,
476 1372 593 1400 quonam
616 1370 695 1400 pacto
708 1375 756 1402 per
773 1368 893 1396 alternos
907 1377 958 1397 an-

172 1417 223 1437 nos
243 1409 412 1436 interralatis
431 1409 527 1437 diebus
551 1410 663 1444 triginta
685 1411 825 1447 contingat
851 1420 958 1440 menses

171 1454 379 1489 tempestatibus
393 1458 557 1489 competere.
573 1454 688 1488 Quando
702 1465 767 1484 sane
782 1461 882 1485 temere
912 1466 959 1493 per

172 1499 249 1534 plura
262 1499 317 1532 fiat,
333 1499 406 1534 quod
420 1500 478 1527 ﬁeri
491 1500 580 1534 possit
595 1509 642 1536 per
654 1502 797 1536 pauciora;
823 1504 895 1538 atqui
911 1511 960 1538 per

172 1546 300 1580 pauciora
316 1546 373 1578 tiat,
386 1546 409 1573 si
423 1551 520 1580 quarto
535 1554 643 1582 quoque
658 1555 729 1575 anno
757 1548 858 1576 factum
883 1557 960 1584 aeque

173 1596 250 1619 recte
261 1592 370 1618 habeat.
384 1590 507 1626 Sumptis
522 1592 632 1627 quidem
648 1594 798 1626 mensibus,
822 1598 851 1621 ut
867 1596 960 1623 retuli-

173 1644 245 1668 mus,
258 1640 285 1664 et
306 1636 589 1668 intercalatis.diebus
619 1639 730 1672 triginta
761 1644 822 1674 post
850 1641 958 1668 tertium

173 1691 310 1719 quemque
320 1690 431 1716 annum,
441 1684 492 1711 hoc
500 1688 542 1712 est
555 1684 697 1712 intervallo
703 1685 817 1712 duorum
826 1693 960 1714 annorum

174 1730 407 1758 intercalationem
422 1730 489 1763 fieri,
501 1731 554 1758 nisi
566 1731 589 1758 si
597 1732 631 1758 ab
645 1731 697 1759 hoc
720 1732 875 1760 inchoativo
889 1741 959 1767 quo-

175 1775 248 1810 piam
260 1775 305 1803 die
319 1775 456 1803 solstitiali
473 1783 562 1803 annus
576 1776 698 1810 incipiat.
715 1775 785 1803 Sunt
812 1780 902 1803 autem
918 1777 960 1803 in-

175 1821 294 1848 choativi
310 1821 481 1853 solstitiales,
494 1821 608 1856 primus,
626 1821 772 1853 secundus,
787 1823 893 1855 tertius,
904 1823 962 1850 uni-

175 1875 261 1895 versa:
275 1866 456 1902 perfectaeque
469 1866 584 1901 periodi.
615 1866 722 1894 Primus
740 1867 850 1902 quidem
881 1868 961 1903 primi

177 1920 309 1940 annorum
326 1912 481 1946 undenarii,
497 1917 524 1940 et
539 1913 705 1947 imperfectae
723 1913 844 1948 periodi;
865 1922 963 1942 secun-

177 1958 228 1985 dus
239 1966 305 1985 vero
315 1957 427 1986 secundi
440 1957 594 1989 undenarii,
605 1962 632 1984 et
652 1958 815 1992 imperfectae
839 1958 943 1993 periodi
954 1967 962 1992 ;

177 2005 274 2032 tertius
294 2008 383 2032 autem
413 2005 550 2040 sequentis
575 2004 707 2031 octonarii
737 2005 841 2039 justum
869 2013 963 2032 nume-

178 2058 238 2077 rum
262 2051 396 2078 universae
419 2050 598 2085 perfectaeque
625 2050 705 2085 168
720 2050 823 2084 periodi
849 2050 964 2084 implen-

178 2100 224 2127 tis.
239 2099 307 2126 Nam
320 2099 371 2126 hoc
383 2107 468 2134 genus
490 2098 633 2130 curriculi,
651 2101 679 2125 ut
697 2098 777 2133 plena
798 2097 826 2124 in
851 2098 893 2125 his
917 2098 964 2126 ﬁat

179 2153 313 2173 annorum
332 2147 475 2177 revolutio,
489 2146 640 2173 ternarium
663 2145 740 2172 illum
757 2152 889 2172 annorum
903 2153 965 2180 gra-

179 2192 245 2219 dum
259 2193 371 2227 expetit.
390 2191 476 2219 Porro
502 2191 602 2218 accidit
618 2191 685 2218 nihil
701 2191 797 2217 ultimo
822 2198 894 2218 anno
918 2199 965 2219 su-

1003 956 1121 990 γίνονται
1140 957 1284 991 τριάκοντα
1305 955 1396 985 πέντε,
1414 954 1516 990 ἡμέραι
1534 954 1562 980 δὲ
1580 955 1612 980 ἐκ
1627 954 1682 980 τῶν
1700 955 1797 990 μηνῶν

1003 1002 1104 1028 τούτων
1121 1002 1204 1037 χίλιαι
1217 1002 1263 1028 καί
1278 1001 1455 1035 πεντήκοντα.
1475 1009 1483 1025 ι

1039 1048 1077 1073 Δι’
1091 1048 1188 1073 ὁπόσου
1205 1047 1233 1073 δὲ
1248 1046 1342 1082 χρόνου
1356 1047 1403 1072 ἐπε
1408 1044 1585 1080 μὸλητέον,εῐ
1598 1053 1641 1076 τις
1658 1044 1797 1080 Ἡροδότῳ

1005 1093 1144 1119 πείθεσθαι
1159 1092 1238 1126 ἀξιοῖ,
1255 1092 1366 1118 αὐτόθεν
1377 1092 1409 1117 ἐκ
1420 1091 1473 1117 τῶν
1487 1090 1534 1117 νῦν
1544 1090 1576 1125 δὴ
1585 1090 1797 1126 παρατεθέντων

1005 1139 1061 1174 ἔχει
1072 1139 1162 1165 λαϐεῖν
1175 1138 1205 1164 τὸ
1219 1137 1392 1173 ζητούμενον.
1411 1136 1539 1168 Ἐναλλὰξ
1550 1137 1603 1172 γάρ
1614 1146 1656 1164 τοι
1670 1138 1798 1173 παρ’ἐνα

1005 1184 1127 1220 γίνεσθαι
1136 1185 1180 1211 τὸν
1191 1184 1354 1220 ἐμϐολισμδν
1365 1183 1441 1218 δηλοῖ
1451 1183 1497 1209 τοῦ
1508 1183 1530 1209 θ’
1541 1183 1635 1219 ἕτερον
1647 1184 1704 1210 τῶν
1712 1185 1797 1210 ἐτέων

1005 1230 1101 1264 λέγων,
1108 1231 1155 1256 καὶ
1161 1229 1387 1265 τριακονταπέντε
1396 1228 1482 1264 μῆνας
1490 1228 1655 1263 ἐμϐολίμους
1662 1229 1719 1254 τῶν
1727 1228 1798 1254 ἐδᾶν

1009 1277 1129 1312 μήκοντα
1140 1275 1207 1302 ἐτῶν
1219 1274 1352 1310 ἀριθμῶν.
1362 1275 1396 1300 Ἢ
1404 1274 1482 1300 τοῦτο
1497 1275 1546 1309 μὲν
1558 1274 1622 1304 ἴσως
1637 1274 1724 1300 δεῖται
1735 1274 1797 1300 σκέο

1007 1322 1089 1357 ψεως,
1101 1321 1159 1353 πῶς
1171 1322 1213 1351 ἂν,
1223 1321 1327 1356 Θατὲρῳ
1336 1321 1379 1347 ἀεὶ
1387 1320 1440 1346 τῶν
1455 1320 1522 1346 ἐτῶν
1535 1320 1691 1354 ὲτπμὸαλλο
1694 1320 1795 1355 μένων.

1007 1368 1153 1404 τριάκοντα
1167 1367 1287 1403 ἡμερῶν,
1305 1366 1447 1401 συμϐαίνοι
1462 1366 1525 1397 τοὺς
1545 1365 1634 1400 μῆνας
1653 1366 1798 1400 ὁμολογεῖν

1007 1415 1067 1445 ταῖς
1078 1413 1162 1448 ὥραις
1174 1412 1226 1439 ἀεί·
1238 1411 1299 1438 ἐπεὶ
1311 1411 1339 1437 δὲ
1353 1411 1440 1446 μάτην
1451 1410 1482 1437 ἂν
1493 1410 1594 1444 γίνοιτο
1607 1410 1652 1436 διὰ
1664 1410 1798 1437 πλειόνων

1009 1460 1038 1485 τὸ
1047 1459 1079 1485 δι’
1094 1458 1244 1485 ἐλασσόνων
1258 1458 1406 1492 δυνάμενον
1416 1457 1548 1491 γίνεσθαι·
1561 1456 1664 1490 γίνοιτο
1678 1457 1701 1482 δ’
1716 1457 1749 1483 ἂν
1764 1457 1798 1483 δι’

1009 1505 1169 1536 ἐλασσόνων,
1185 1504 1209 1530 εἰ
1225 1503 1269 1530 διὰ
1284 1503 1414 1538 τετάρτου
1433 1502 1519 1537 ταύτῃ
1540 1501 1683 1537 γινόμενον
1709 1501 1739 1528 εὖ
1766 1503 1799 1528 ἂν

1011 1551 1075 1586 ἔχοι·
1098 1550 1252 1585 ληφθέντων
1279 1549 1328 1584 μὲν
1351 1548 1406 1575 τῶν
1434 1548 1525 1584 μηνῶν
1550 1548 1610 1574 καθ’
1632 1548 1651 1574 ἃ
1677 1549 1798 1584 εἴρηται.

1011 1598 1059 1623 ἐπε
1064 1595 1254 1632 μὸαλλομένων
1267 1595 1295 1622 δὲ
1308 1595 1452 1630 τριάκοντα
1465 1595 1574 1630 ἡμερῶν
1591 1595 1630 1630 τῷ
1641 1595 1729 1630 τρίτῳ
1743 1595 1799 1620 ἔτει

1010 1643 1063 1674 ἀεὶ,
1074 1642 1152 1669 τοῦτο
1162 1642 1184 1668 δ’
1199 1641 1257 1667 ἐστὶ
1272 1641 1347 1676 παρὰ
1362 1640 1408 1667 δύο
1422 1640 1544 1674 γίνεσθαι
1559 1640 1603 1666 τὸν
1618 1639 1797 1674 ἐμϐολισμὸν·

1010 1687 1078 1722 πλὴν
1091 1688 1114 1713 εί
1128 1686 1181 1722 ἄρα
1193 1685 1246 1713 ἀπό
1259 1694 1332 1716 τινος
1342 1685 1396 1711 τῶν
1410 1685 1531 1720 ἀρχικῶν
1541 1683 1678 1720 τροπικῶν
1687 1684 1800 1719 ἡμερῶν

1010 1734 1121 1770 ἄρχεται
1137 1734 1152 1759 ὁ
1168 1732 1299 1764 ἐνιαυτός.
1325 1728 1410 1758 Αὖται
1434 1731 1456 1758 δ’
1475 1731 1528 1758 εἰσὶ
1547 1730 1654 1767 πρώτη,
1673 1731 1799 1766 δευτέρα.

1011 1781 1100 1816 τρίτη,
1115 1779 1165 1814 τῆς
1176 1779 1239 1814 ὅλης
1252 1779 1298 1805 καὶ
1313 1777 1473 1809 αὐτοτελοῦς
1486 1777 1622 1817 περιόδοψ
1636 1777 1736 1812 πρώτη
1752 1777 1802 1811 μὲν

1010 1825 1060 1859 τῆς
1076 1822 1187 1859 πρώτης
1200 1822 1340 1854 ἑνδεκάδος
1351 1823 1398 1849 καὶ
1410 1821 1521 1853 ἀτελοῦς
1533 1821 1669 1858 περιόδου·
1685 1821 1800 1857 δευτέρα

1011 1870 1040 1896 δὲ
1049 1870 1097 1903 τῆς
1106 1869 1234 1904 δευτέρας
1244 1868 1383 1900 ἑνδεκάδος
1394 1868 1441 1894 καὶ
1451 1867 1562 1899 ἀτελοῦς
1573 1867 1710 1902 περιόδου·
1722 1867 1800 1902 τρίτη

1012 1915 1040 1941 δὲ
1049 1915 1097 1949 τῆς
1108 1913 1171 1948 ἐξῆς
1181 1914 1293 1945 ὀκτάδος
1306 1922 1337 1940 συ
1342 1912 1517 1949 μπληροὺσης
1528 1913 1577 1948 τὴν
1585 1912 1649 1946 ὅλην
1656 1921 1685 1938 τε
1696 1913 1744 1938 καὶ
1752 1912 1801 1938 αὑ-

1012 1960 1107 1995 τοτελῆ
1122 1959 1253 1995 περίοδον.
1268 1959 1394 1986 Βούλεται
1404 1959 1514 1994 μὲνγὰρ
1525 1960 1542 1994 ἡ
1553 1958 1646 1992 ἔφοδος
1659 1958 1730 1984 κάπὶ
1743 1957 1801 1984 τοὺ-

1012 2016 1066 2033 των
1082 2007 1132 2042 τὴν
1149 2006 1254 2041 τριάδα·
1276 2006 1418 2041 συμϐαίνει
1434 2006 1463 2032 δὲ
1479 2004 1648 2041 περιττεύειν
1663 2004 1752 2039 μηθὲν
1765 2004 1802 2039 τῷ

1013 2053 1159 2087 τελευταίῳ
1169 2052 1234 2079 ἔτει·
1248 2052 1304 2079 ἀλλ’
1318 2053 1377 2087 ἦτοι
1392 2052 1533 2082 ἐλλείπειν,
1547 2051 1585 2082 ὡς
1599 2050 1645 2076 ἐπὶ
1660 2050 1712 2084 τῆς

1013 2108 1063 2135 της
1078 2099 1217 2130 ἑνδεκάδος
1235 2099 1283 2126 καὶ
1300 2099 1349 2133 τῆς
1368 2098 1506 2134 δευτέρας,
1523 2097 1540 2133 ἦ
1563 2097 1676 2129 ἰσάζειν,
1701 2097 1740 2128 ὡς
1758 2097 1801 2123 ἐπὶ

1014 2146 1062 2181 τῆς
1083 2145 1146 2180 ἑξῆς
1166 2153 1197 2179 γε
1214 2144 1337 2176 ὀκτάδος.
1359 2145 1396 2171 Δι’
1417 2144 1484 2179 ὅπερ
1499 2143 1606 2177 ἀνάγκη
1626 2142 1666 2177 τῷ
1687 2142 1760 2176 μετὰ
1773 2142 1802 2168 τὸ

1016 2191 1128 2228 ἀρχικὸν
1142 2191 1222 2222 εὐθὺς
1236 2191 1290 2217 ἔτει
1305 2191 1417 2224 ἐπάγειν
1432 2191 1480 2221 τὰς
1493 2189 1632 2224 περιττάς.
1649 2189 1695 2214 Δεῖ
1712 2187 1803 2223 μέντοι

180 2239 329 2273 perfluere;
344 2239 390 2266 sed
408 2239 450 2266 vel
465 2238 593 2270 deﬁcere,
610 2241 640 2264 ut
654 2238 681 2264 in
694 2237 782 2272 primo
797 2241 824 2264 et
845 2237 958 2264 secundt

1017 2236 1063 2263 καί
1076 2245 1147 2267 τινος
1166 2236 1261 2272 ἐτέρας
1278 2236 1436 2272 προσθήκης
1451 2235 1495 2261 διὰ
1509 2234 1543 2260 τὰ
1559 2233 1741 2268 ἐπιτρέχοντα
1754 2233 1804 2268 μό-

181 2283 349 2318 undenario;
377 2285 419 2312 vel
443 2292 562 2319 aequare,
593 2288 623 2311 ut
648 2283 675 2310 in
700 2287 830 2318 sequente
852 2283 962 2318 quidem

181 2330 332 2358 octonario.
356 2330 526 2364 Quapropter
553 2337 664 2357 necessc
685 2333 726 2356 est
762 2328 890 2355 continuo
923 2328 960 2355 illi

1019 2291 1073 2318 ρια,
1088 2282 1155 2316 εἴγε
1169 2283 1274 2318 ἡμέρας
1290 2281 1407 2308 ἐλλείπει
1424 2282 1489 2317 μιᾶς
1503 2289 1554 2306 που
1568 2279 1612 2306 διὰ
1625 2279 1803 2315 τετραετηρί-

1015 2328 1069 2360 δος.
1092 2327 1311 2364 Ἀναπληρωτέον
1327 2327 1355 2353 δέ
1368 2326 1439 2354 κατὰ
1453 2326 1534 2361 μέρος
1546 2322 1608 2352 ὧδε.

181 2385 263 2410 anno,
276 2379 320 2412 qui
344 2378 474 2406 initialem
491 2378 603 2413 excipit,
619 2377 678 2405 dies
709 2376 880 2404 abundantes
895 2377 1022 2411 adjicere.
1036 2376 1128 2403 Altera
1166 2379 1255 2402 tamen
1284 2375 1423 2402 additione
1453 2374 1534 2401 etiam
1567 2382 1637 2409 opus
1657 2376 1712 2404 est,
1740 2379 1803 2407 pro-

180 2430 242 2461 pter
251 2428 440 2453 excurrentem
471 2424 632 2460 particulam

180 2472 255 2499 vices
275 2472 326 2499 hoc
341 2471 432 2498 modo.

217 2518 271 2545 Fac
295 2525 357 2546 esse
389 2516 623 2545 Hecatombmonis
650 2515 794 2544 neomenia
820 2514 966 2543 solstitium

181 2565 270 2601 primo
285 2572 357 2592 anno
370 2573 376 2592 :
391 2567 522 2599 sequente
541 2561 664 2598 profecto
678 2562 731 2589 erit
744 2560 905 2588 duodecimo
922 2561 966 2587 die

181 2611 433 2644 Hecatombzeonis;
445 2610 525 2644 eique
539 2608 632 2636 addito
659 2607 844 2640 intercalario,
859 2607 966 2641 ipsique

184 2658 400 2693 supplementum
429 2656 584 2683 confectum
605 2658 657 2686 est,
683 2657 709 2681 et
737 2652 860 2687 sequenti
883 2659 965 2682 anno,

184 2707 249 2739 puta
265 2703 355 2734 tertio,
369 2702 516 2730 solstitium
528 2699 637 2728 exsistit
647 2699 778 2726 vicesimo
793 2697 913 2726 secundo
922 2697 967 2724 die

185 2749 287 2776 mensis
320 2747 498 2778 intercalarii,
522 2750 550 2773 et
571 2744 701 2780 supcrllui
725 2747 790 2772 sunt
804 2743 863 2771 dies
884 2747 965 2776 octo;

186 2795 259 2829 atqui
270 2794 394 2822 undecim
410 2793 563 2829 oportebat.
576 2792 668 2825 Itaque
680 2791 706 2818 in
718 2795 844 2825 quartum
861 2790 967 2816 instan-

185 2840 223 2867 tis
249 2838 482 2867 Hecatombaaonis
510 2838 657 2865 solstitium
673 2842 771 2872 quarto
796 2843 867 2866 anno
882 2836 968 2868 redit;

187 2884 323 2913 deindein
339 2885 474 2912 decimum
490 2885 615 2920 quintum
645 2892 716 2911 anno
741 2881 927 2917 consequenti,
943 2881 969 2908 in

656 2431 663 2449 τ
684 2423 820 2458 siquidem
841 2426 940 2458 quarto
963 2431 1072 2458 quoque
1092 2430 1164 2450 anno
1176 2423 1235 2450 dies
1255 2429 1326 2449 unus
1353 2421 1440 2449 deest.
1468 2420 1616 2456 Repleatur
1639 2421 1735 2455 itaque
1758 2427 1805 2454 per

1058 2510 1226 2538 ’Υποκείσθω
1245 2509 1480 2545 Ἑκατομϐαιῶνος
1492 2509 1626 2543 νουμηνία
1638 2509 1687 2544 τὴν
1702 2510 1804 2545 τροπὴν

1016 2556 1085 2584 εἶναι
1097 2557 1136 2592 τῷ
1152 2555 1327 2595 πρώτῳέτει·
1343 2555 1440 2582 οὐκοῦν
1452 2555 1490 2590 τῷ
1500 2555 1620 2590 δευτέρῳ
1632 2555 1748 2591 δευτέρα
1760 2557 1803 2582 ἐπὶ

1017 2603 1092 2630 δέκα.
1109 2602 1201 2638 Τούτῳ
1216 2602 1237 2628 δ’
1251 2601 1416 2637 ἐπαχθέντος
1437 2600 1483 2627 τοῦ
1503 2600 1671 2636 ὲμῦολίμου,
1694 2601 1762 2627 αὑτό
1778 2610 1802 2627 τε

1020 2650 1258 2686 συμπεπλήρωται,
1282 2649 1328 2675 καὶ
1350 2649 1366 2683 ὴ
1387 2648 1474 2684 τροπὴ
1488 2647 1568 2683 ὀγδόῃ
1587 2647 1636 2673 τοῦ
1657 2648 1801 2683 summa.

1017 2697 1155 2732 φθίνοντος
1172 2696 1289 2731 ὑπάρχει
1309 2694 1348 2729 τῷ
1369 2695 1481 2726 ἐπιόντι,
1507 2694 1554 2720 καὶ
1573 2694 1701 2729 περιτταὶ
1724 2693 1799 2719 ὀκτώ·

1017 2742 1058 2769 δεῖ
1073 2741 1101 2768 δὲ
1123 2742 1227 2768 ἕνδεκα.
1251 2740 1353 2767 Οὐκοῦν
1372 2741 1411 2772 εἰς
1434 2740 1566 2774 τετάρτην
1589 2739 1736 2774 ἱσταμένου
1757 2737 1797 2763 τιν]

1024 2787 1259 2823 Ἑκατομϐαιῶνος
1276 2786 1407 2821 ἐπανήκει
1420 2785 1458 2821 τῷ
1471 2785 1534 2819 ἑξῆς
1547 2786 1564 2820 ἡ
1580 2785 1678 2820 τροπή·
1693 2782 1751 2810 εἶτα
1763 2784 1797 2814 εἰς

1021 2835 1148 2870 πέμπτην
1164 2834 1211 2860 ἐπὶ
1225 2833 1291 2860 δέκα
1306 2832 1344 2867 τῷ
1359 2831 1478 2867 ἐχομένῳ
1493 2831 1609 2866 πρόεισι.
1628 2830 1713 2856 Τοῦτο
1733 2830 1754 2856 δ’
1769 2826 1798 2855 αὖ

1021 2879 1167 2914 ἐμϐολάζον
1192 2879 1231 2910 εἰς
1259 2877 1385 2912 πέμπτην
1412 2875 1458 2903 τοῦ
1486 2875 1634 2910 ἐμϐολίμου
1666 2874 1801 2908 φθίνοντος
