1907 3144
121 177 191 206 1215

609 170 783 200 THEODORI
802 170 904 198 GAZzE
924 169 1024 196 LIBER
1046 170 1089 196 DE
1109 169 1291 198 MENSIBUS.

1668 170 1736 197 12ιῶ

119 235 265 270 καθίστησι
287 234 337 270 τὴν
360 233 461 268 τροπὴν
489 232 527 267 τῷ
552 231 671 262 ἐπιόντι,
700 231 745 257 καὶ
773 229 902 265 περιττὰς

954 237 1006 264 quo
1019 229 1223 257 intercalatione
1238 229 1309 256 facta
1320 228 1455 264 quintoet
1471 228 1599 255 vicesimo
1611 227 1653 255 die
1660 236 1736 255 meu-

118 283 210 310 πέντε.
228 281 308 307 Ὥστε
334 280 363 306 τὸ
388 278 485 314 ἐφεξῆς
511 279 543 313 δὴ
565 278 666 314 ἐϐδόμῃ
692 276 834 312 ἱσταμένου
857 275 902 301 τοῦ

123 327 357 363 Ἑκατομϐαιῶνος
382 325 539 361 τροπιάσει,
558 325 605 351 καλ¹
624 324 704 360 ὀγδόῃ
725 324 771 350 ἐπὶ
789 322 854 349 δέκα
875 321 904 348 τὸ

118 375 178 410 μετ’
196 374 272 401 αὑτό.
294 371 393 400 Τούτου
410 371 438 398 δὲ
457 371 536 398 πάλιν
559 370 764 406 ἐμόολὰζοντος,
784 370 801 403 ἡ
817 367 904 404 τροπὴ

114 420 231 455 δευτέρᾳ
247 418 293 445 τοῦ
318 417 465 454 ἐμϐολίμου
487 417 624 452 φθίνοντος
643 416 717 442 ἐσται
736 415 775 450 τῲ
790 415 902 447 ἐπιόντι,

116 467 166 493 καὶ
192 465 318 501 περιτταὶ
344 464 399 490 δύο.
428 463 472 499 Τῷ
495 464 548 499 ἄρα
573 463 634 496 ἑξῆς
656 463 695 493 εἰς
717 462 833 496 δεκάτην
856 460 903 487 τοῦ

120 510 358 547 Ἑκατομϐαιῶνος
377 509 550 545 περιΐσταται
566 509 583 544 ἡ
604 507 702 543 τροπὴ,
725 508 772 533 καὶ
798 506 836 542 τῷ
857 507 903 533 ἐπὶ

114 558 204 593 τούτῳ
220 559 260 589 εἰς
276 557 390 592 δεκάτην
407 555 438 590 δὴ
456 555 603 589 φθίνοντος.
624 554 704 580 Τουτὶ
718 554 739 579 δ’
755 553 903 588 ἐμϐολὰζον

114 604 269 631 τελευταῖον
285 603 334 638 τῆς
349 601 460 637 πρὰτης
475 600 622 632 ἑνδεκάδος,
637 601 676 631 εἰς
688 599 816 634 δευτέραν
830 600 904 625 ἱστα-

116 649 200 685 μένου
212 648 258 675 τοῦ
275 646 508 682 Ἑκατομϐαιῶνος
519 644 717 679 ἀποκαθίστησι
730 644 778 679 τὴν
789 643 902 679 τροπὴν,

115 695 247 731 περιττὴν
263 694 312 729 μὲν
332 692 464 728 μηδεμίαν
479 691 633 721 ὑπολεῑπον,
653 690 715 724 μιᾶς
740 688 762 714 δ’
779 689 818 714 ἔτι
834 688 902 715 δέον.

114 741 192 777 Αὕτη
210 741 258 777 μὲν
273 738 319 767 οὖν
336 738 431 775 πρώτη
448 736 569 768 ἑνδεκὰς,
584 736 629 762 καὶ
645 735 766 770 περίοδος
783 735 810 760 ὲν
826 734 903 769 μέρει

113 788 164 815 καὶ
179 786 290 822 ἀτελὴς,
309 783 445 820 ἀρχομένη
462 783 510 818 μὲν
524 782 578 808 ἀπὸ
594 781 741 816 νουμηνίας
757 778 803 805 τοῦ
826 779 904 804 Ἐκα-

113 832 295 868 τομὸαιῶνος,
319 829 470 857 τελευτῶσα
488 829 516 855 δὲ
536 829 575 860 εἰς
598 827 725 862 δευτέραν
749 825 902 860 ἱσταμένου,

111 879 149 906 δι’
166 878 281 909 ὲπτάδος
297 875 436 910 ἰθαγενοῦς
457 874 556 910 δηλαδὴ
577 872 761 908 βοηθουμένης
777 870 903 906 τετράδος

112 924 302 960 ὲμϐολιμαίων
316 922 391 949 ἐτῶν·
407 921 521 957 δευτέρα
535 920 563 946 δὲ
576 919 655 954 ὁμοία
671 919 710 949 εἰς
722 918 816 954 τρίτην
828 918 903 943 ἱστα-

115 971 199 1007 μένου
224 969 422 1002 ἀποκαθίστησι
445 967 493 1002 τὴν
514 966 629 1001 τροπήν”
650 964 745 999 τρίτην
762 963 783 989 δ’
806 963 904 998 ἔχουσα

113 1018 193 1050 τάξιν
215 1016 307 1047 ὁκτὰς,
330 1014 430 1049 ὁμοίως
453 1012 644 1047 ὲφοδευομένη,
668 1010 767 1045 πληροῖ
787 1009 836 1044 τὴν
855 1009 904 1043 τῆς

112 1064 180 1098 ὅλης
203 1062 249 1089 καὶ¹
275 1059 433 1091 αὐτοτελοῦς
461 1058 585 1094 περιόδου
606 1055 838 1087 ἀποκατάστασιν,
864 1056 904 1086 εἰς

113 1109 265 1145 νουμηνίαν
289 1106 494 1134 timuiita-.4”an
514 1104 560 1131 τοῦ
581 1102 826 1138 Ἑκατομϐαιῶνος.
849 1101 904 1127 Καὶ

113 1157 160 1184 ἀεὶ
180 1155 266 1187 οὕτως
290 1153 497 1189 περιϊστάμεναι
521 1152 548 1177 αἱ
568 1150 676 1185 τροπαὶ,
695 1148 831 1183 ὁμολόγως
848 1149 903 1179 τοῖς

116 1203 202 1239 μησὶν
216 1202 317 1235 ἕξουσι,
339 1199 555 1236 προστιθεμένων
575 1198 621 1224 καὶ
637 1196 688 1223 τῶν
707 1195 903 1230 ὲπιτρεχόντων

115 1249 230 1285 μορίων,
247 1249 320 1278 ὅπως
337 1247 368 1273 ἂν
386 1246 494 1281 ἄμεινον
511 1245 575 1279 δοκῇ
589 1242 771 1279 προστιθέναι.
787 1240 903 1275 Θεωρεῖ-

114 1295 174 1322 σθω
188 1295 216 1320 δὲ
227 1294 312 1321 ταῦτα
322 1293 390 1319 κὰπ).
405 1292 453 1326 τῆς
468 1290 622 1325 ὲκτεθείσης
635 1288 797 1324 διαγραφῆς.
812 1287 904 1314 Ταῦτα

115 1341 169 1376 μὲν
185 1341 216 1367 ὲκ
234 1339 334 1366 τούτων
358 1337 522 1373 Θεωρείσθω,
545 1336 598 1371 ὅτῳ
623 1334 759 1370 ἐπιμελές·
782 1335 806 1360 εἰ
822 1333 850 1360 δέ
864 1342 903 1368 τῳ

114 1387 194 1422 φίλον
214 1387 259 1412 καὶ
280 1385 349 1412 κατὰ
368 1384 499 1419 Πλήθωνα
521 1383 633 1417 διαιρεῖν
653 1389 681 1408 τε
703 1381 750 1407 καὶ
765 1379 901 1415 ἀριθμεῖν,

112 1433 173 1460 οὐδ’
186 1431 260 1467 αὐτῷ
269 1440 296 1457 τι
309 1430 407 1457 κωλύει
422 1428 536 1464 χρῆσθαι
547 1429 579 1463 τῇ
591 1427 664 1459 τάξει
675 1435 704 1453 τε
717 1427 762 1452 καὶ
772 1425 903 1461 ὀνομασίᾳ

112 1479 173 1505 τῶν
189 1477 280 1513 μηνῶν
298 1478 331 1513 τῇ
349 1475 519 1510 ἀποδοθείση.
536 1474 594 1500 Κᾶν
609 1473 722 1508 Πλήθων
736 1472 806 1499 οὓτω
820 1471 903 1498 διονο-

116 1525 212 1561 μάζων
227 1525 290 1559 περὶ
305 1522 395 1558 μηνῶν
405 1522 534 1557 ἔγραφεν,
546 1521 569 1546 εἰ
582 1521 645 1556 παρ’
659 1520 738 1546 ἄλλου
753 1519 842 1545 λαϐεῖν
853 1519 902 1553 τὴν

113 1573 187 1608 πρὸς
201 1571 331 1606 ἀλλήλους
350 1567 472 1600 σύνταξιν
488 1568 542 1594 τῶν
559 1567 650 1603 μηνῶν
666 1564 736 1601 εἶχεν
751 1566 846 1601 ὀρθῶς·
860 1565 903 1591 οὺ-
918 1585 939 1615 C

113 1618 164 1645 θὲν
179 1617 232 1652 γὰρ
245 1615 317 1650 αὐτῷ
332 1614 392 1642 οὔτε
406 1615 455 1645 τὰς
472 1613 638 1648 ἱερομηνίας,
650 1612 711 1638 οὔτε
723 1611 776 1638 τῶν
793 1611 903 1646 ἡμερῶν

112 1664 167 1699 τὴν
190 1662 388 1697 καταρίομησιν
414 1659 565 1695 ἐλυμαίνετ’
587 1658 619 1685 ἂν
638 1659 655 1694 ἣ
679 1667 710 1692 γε
736 1658 789 1684 τῶν
813 1657 903 1693 μηνῶν

112 1709 258 1745 ὀνομασία,
271 1709 308 1739 ὠς
329 1707 462 1741 Ἀθηναῖοι
480 1703 557 1740 ἦγον·
573 1704 610 1731 ὲῶ
624 1704 722 1738 λέγειν.
738 1703 775 1735 ὡς
788 1704 834 1730 καὶ
845 1703 904 1729 ἐσέ-

116 1764 219 1793 μνυνεν
231 1755 263 1781 ἂν
277 1754 374 1789 κομιδῇ
388 1751 572 1787 ἐπικοσμοῦσα
586 1751 617 1777 τὺ
630 1751 754 1786 γράμμα.
767 1749 824 1776 Νῦν
831 1750 852 1775 δ’
861 1750 904 1776 ὁδε

112 1804 145 1830 τὸ
161 1802 209 1837 μὲν
217 1802 314 1828 ἄτοπον
328 1801 393 1835 ἡμῖν
406 1799 454 1833 τῆς
470 1798 587 1832 ἐκφορᾶς
601 1797 655 1823 τῶν
673 1796 832 1831 Ῥωμαϊκῶν
847 1796 904 1821 ὀνο-

115 1848 212 1884 μάτων
233 1847 351 1882 φεύγων,
372 1844 533 1878 Ἰανουάριον
548 1843 593 1870 καὶ
606 1842 796 1877 Φεϐρουάριον,
810 1841 856 1867 καὶ
869 1840 904 1867 τὰ

112 1892 229 1920 τοιαῦτα
249 1892 298 1918 οὐκ
314 1890 449 1926 ὀνομάζει·
471 1888 580 1924 ἀπορῶν
595 1888 623 1914 δὲ
638 1887 685 1922 τὴν
705 1886 828 1919 σύνταξιν
849 1886 903 1913 τῶν

119 1931 295 1973 Ἑλληνικῶν,
310 1937 356 1963 καὶ
371 1936 400 1962 τὸ
414 1935 478 1971 περὶ
491 1934 538 1970 τὴν
551 1933 661 1969 ζήτησιν
674 1932 843 1967 ταλαίπωρον
857 1932 903 1957 εὺ-

115 1984 294 2018 λιαδουμενος,
311 1983 356 2009 ἐπὶ
369 1982 399 2008 τὸ
415 1981 558 2016 πρόχειρον
578 1979 704 2015 τρέπεται
718 1978 764 2004 τοῦ
776 1978 901 2013 ἀριθμοῦ.

953 276 992 303 sis
1007 275 1171 303 intercalarii
1186 275 1312 310 sequenti
1323 282 1406 307 anno,
1423 275 1526 302 scilicet
1542 278 1628 307 sexto,
1645 275 1737 302 solsti-

954 322 1020 348 tium
1033 322 1192 353 collocatur,
1208 326 1235 349 et
1254 320 1425 356 superﬂuunt
1453 320 1583 355 quinque.
1611 321 1736 355 Quapro-

952 373 1013 403 pter
1043 376 1132 396 annus
1158 369 1290 403 septimus
1324 375 1442 402 sequens
1480 368 1594 402 septimo
1617 367 1737 394 ineuntis

953 413 1186 441 llecatombteonis
1200 414 1347 441 solstitium
1360 416 1479 448 peraget,
1489 420 1515 440 et
1527 412 1633 440 decimo
1641 418 1737 440 octavo

953 468 1041 488 annus
1053 464 1176 488 octavus.
1198 460 1254 488 lloc
1269 468 1379 487 rursum
1396 459 1552 487 intercalari
1578 459 1660 490 facto,
1682 459 1737 486 sol-

953 507 1056 535 stitium
1073 507 1125 534 erit
1136 507 1268 534 vicesimo
1281 514 1352 533 nono
1369 505 1413 532 die
1442 507 1544 533 mensis
1571 505 1736 532 intercalarii

953 560 1024 580 anno
1039 556 1181 587 sequente,
1197 555 1224 579 et
1236 552 1294 579 dies
1314 551 1484 578 abundantes
1498 551 1563 578 duo.
1580 550 1658 577 Anno
1673 558 1737 577 vero

953 600 1080 630 decimo,
1108 599 1134 625 in
1168 598 1303 626 decimum
1326 597 1558 625 llecatombazonis
1591 595 1736 624 solstitium

954 645 1149 679 circumagitur
1166 654 1171 671 :
1186 648 1212 671 et
1229 644 1353 678 proximo
1375 644 1403 670 in
1420 644 1582 671 vicesimum
1606 643 1736 678 primum,

953 691 1000 726 qui
1016 690 1104 718 factus
1119 691 1290 717 intercalaris
1314 690 1427 718 ultimus
1455 690 1565 725 quidem
1585 689 1664 725 primi
1687 697 1738 716 un-

953 737 1068 768 denarii,
1094 737 1120 763 in
1145 737 1295 764 secundum
1326 736 1561 764 Hecatombaeonis
1587 735 1736 763 solstitium

953 783 1083 814 restituit,
1097 782 1200 809 nullum
1219 782 1384 817 supeiiluum
1401 782 1566 817 relinquens,
1582 781 1628 809 sed
1648 781 1736 808 adhuc

954 830 997 857 die
1011 837 1065 856 uno
1081 829 1214 864 indigens.
1233 829 1291 864 Ipse
1301 829 1382 864 igitur
1398 829 1504 864 primus
1514 828 1691 861 undenarius,
1709 834 1737 855 et

954 876 1128 910 particularis
1145 875 1283 910 periodus,
1298 880 1325 902 et
1340 875 1511 909 imperfecta,
1529 875 1663 909 incipiens
1677 874 1738 909 qui-

953 921 1014 948 dem
1033 928 1046 947 a
1063 920 1205 947 novilunio
1223 919 1467 952 Hecatombaeonis,
1483 921 1527 948 die
1539 928 1601 948 vero
1617 920 1737 948 secundo

954 967 1076 1001 ejusdem
1091 966 1199 999 ﬁniens,
1215 974 1263 1000 per
1274 969 1376 1000 septem
1401 965 1506 993 scilicet
1522 973 1607 992 annos
1626 969 1738 992 natura-

955 1013 1004 1045 les,
1017 1013 1169 1048 opitulante
1183 1012 1385 1039 intercalarium
1398 1019 1531 1038 annorum
1546 1011 1735 1045 quaternione.

955 1059 1098 1086 Secundus
1110 1062 1239 1093 praeterea
1259 1058 1426 1085 undenarius
1454 1057 1580 1084 similiter
1608 1057 1636 1084 in
1665 1057 1735 1083 diem

954 1105 1065 1132 tertium
1079 1103 1313 1132 Hecatombatonis
1329 1103 1476 1131 solstitium
1493 1102 1592 1137 rejicit,
1608 1107 1635 1129 at
1656 1102 1737 1129 tertio

955 1150 1016 1178 loco
1029 1151 1186 1178 octonarius
1208 1149 1436 1185 positus,pariter
1459 1149 1602 1180 decursus,
1633 1147 1737 1183 perﬁcit

955 1196 1177 1231 illam‘universa:
1189 1196 1367 1231 perfectaeque
1383 1194 1487 1230 periodi
1499 1195 1606 1229 plenam
1633 1194 1736 1221 instau-

954 1242 1098 1274 rationem,
1114 1242 1261 1269 solstitium
1277 1242 1304 1269 in
1319 1236 1490 1269 neomeniam
1505 1240 1737 1268 Hecatomb-amis

954 1289 1112 1316 restituens.
1125 1287 1158 1314 Et
1170 1288 1209 1315 sic
1225 1295 1333 1322 semper
1351 1287 1517 1314 circumacta
1533 1286 1654 1314 solstitia
1674 1294 1737 1313 cum

954 1334 1093 1362 mensibus
1110 1337 1279 1369 congruent,
1297 1332 1398 1360 additis
1424 1332 1505 1359 etiam
1533 1332 1676 1366 inrticulis
1690 1339 1738 1358 ex-

955 1381 1127 1408 currentibus
1144 1388 1224 1415 quam
1240 1378 1465 1406 commodissime
1479 1378 1542 1405 addi
1558 1386 1639 1413 posse
1662 1377 1737 1406 vide-

954 1427 1066 1454 buntur.
1080 1425 1164 1453 Porro
1175 1425 1374 1453 consideranda
1390 1425 1447 1451 bare
1475 1428 1539 1452 sunt
1553 1423 1633 1451 etiam
1649 1424 1676 1450 in
1691 1432 1738 1450 ex-

955 1475 1043 1508 posita
1057 1470 1270 1508 ‘deseriptaque
1297 1471 1406 1504 tabella,
1425 1471 1448 1498 si
1476 1471 1521 1498 cui
1549 1470 1574 1497 id
1599 1477 1672 1497 cura:
1684 1474 1736 1498 est.

955 1517 1032 1551 Quod
1047 1517 1071 1544 si
1089 1517 1134 1544 cui
1160 1517 1249 1551 placet
1281 1515 1431 1543 secundum
1455 1514 1612 1542 Plethonem
1645 1513 1738 1541 distri-

955 1564 1048 1594 buere,
1064 1567 1091 1590 et
1106 1569 1260 1594 numerare,
1277 1561 1346 1589 nihil
1375 1561 1450 1588 illum
1478 1560 1616 1595 impediat,
1633 1559 1738 1595 quomi—

956 1619 1007 1639 nus
1017 1615 1044 1639 et
1060 1610 1156 1638 ordine
1170 1613 1274 1641 utatur,
1289 1613 1318 1636 et
1330 1608 1471 1636 nominum
1485 1607 1590 1634 ratione
1611 1611 1675 1634 ante
1689 1614 1736 1633 ex-

956 1659 1065 1694 plicata.
1088 1657 1177 1692 Atque
1193 1657 1275 1684 etiam
1302 1655 1415 1683 Plethon
1447 1654 1498 1681 hac
1519 1653 1738 1681 denominatione

956 1713 1023 1732 usus
1043 1707 1125 1735 esset,
1137 1711 1198 1730 cum
1214 1703 1248 1730 de
1264 1702 1404 1730 mensibus
1421 1701 1562 1732 scriberet,
1577 1700 1599 1727 si
1614 1703 1688 1727 recte
1702 1700 1738 1727 ab

957 1751 1010 1777 alio
1023 1750 1140 1777 mutuari
1151 1749 1220 1776 hanc
1234 1753 1355 1776 mutuam
1371 1747 1504 1775 mensium
1523 1746 1620 1774 seriem
1635 1747 1739 1781 potuis-

958 1802 1008 1825 set.
1022 1796 1115 1831 Neque
1133 1796 1204 1824 enim
1221 1795 1271 1829 ipsi
1288 1803 1353 1822 suas
1370 1793 1462 1825 ferias,
1485 1793 1645 1827 dierumque
1670 1799 1738 1819 enu-

956 1843 1134 1870 merationetu
1151 1841 1342 1869 labefactasset
1355 1840 1505 1867 Atticorum
1527 1839 1662 1866 mensium
1689 1845 1738 1864 no-

955 1888 1124 1915 menclatura
1137 1897 1143 1913 :
1157 1891 1186 1914 ut
1202 1887 1311 1914 interim
1326 1890 1443 1917 taceam,
1459 1888 1592 1920 quantum
1619 1883 1736 1917 dignita-

956 1934 992 1961 tis
1001 1937 1029 1960 et
1043 1932 1196 1968 splendoris
1222 1931 1367 1963 attulisset,
1382 1930 1481 1957 librum
1500 1930 1587 1964 ipsum
1618 1928 1737 1963 scriptu-

956 1987 1068 2014 ramque
1083 1979 1190 2006 abunde
1204 1984 1352 2005 exornans.
1369 1976 1447 2004 Nune
1462 1983 1525 2003 vero
1537 1975 1581 2002 ille
1593 1974 1736 2002 absurdam

114 2031 200 2059 nobis
216 2030 397 2057 Romanorum
410 2028 542 2055 mensium
560 2026 772 2054 enuntiationem
787 2025 933 2060 refugiens,
955 2034 1005 2054 nec
1021 2025 1190 2058 Januarium,
1211 2031 1260 2051 nec
1273 2022 1463 2054 Februarium,
1482 2029 1532 2049 nec
1552 2021 1671 2055 reliquos
1687 2027 1737 2046 no-

114 2077 204 2103 minat
217 2084 224 2102 :
240 2075 327 2109 deque
345 2074 499 2101 Graecorum
514 2073 648 2100 mensium
659 2072 754 2100 ordine
767 2071 980 2105 dubitabundus,
997 2077 1024 2101 et
1039 2071 1139 2100 laboris
1156 2068 1334 2105 investigandi
1351 2068 1479 2104 fugitans,
1503 2067 1535 2094 ad
1550 2065 1657 2094 numeri
1670 2065 1739 2093 faci-

113 2124 219 2150 litatem
231 2122 381 2150 diverlitur.

318 2168 384 2202 Περὶ
398 2168 494 2203 ἀρχῆς
507 2167 561 2201 τῆς
575 2167 697 2202 ἡμέρας.

153 2216 196 2242 Κ’.
223 2215 343 2250 Ἡμέρας
356 2214 377 2240 δ’
393 2214 479 2250 ἀρχὴν
498 2213 638 2249 (συγγενὲς
651 2213 704 2248 γὰρ
720 2213 759 2248 τῷ
773 2213 836 2248 περὶ
852 2221 903 2248 μη-

115 2262 173 2289 νῶν
188 2261 258 2296 λόγῳ
271 2261 317 2287 καὶ
331 2260 418 2295 τοῦτο)
436 2260 569 2296 Ἀθηναῖοι
584 2259 631 2295 μὲν
645 2260 691 2294 ἀφ’
706 2259 779 2294 ἡλίου
794 2258 902 2294 δυσμῶν

114 2307 196 2344 ἦγον,
211 2307 259 2342 τὴν
275 2307 360 2333 νύκτα
372 2307 405 2342 τῇ
425 2307 483 2341 μετ’
509 2305 592 2340 αὐτὴν
617 2305 706 2340 ἡμέρᾳ
723 2304 900 2339 λογιζόμενοι,

116 2353 231 2381 καὶτὸν
255 2352 355 2388 μεταξὺ
378 2351 471 2386 γρεην
496 2351 575 2386 μέχρι
598 2350 652 2377 τῶν
673 2351 772 2386 ἑτέρων
794 2349 902 2384 δυσμῶν

117 2397 187 2433 μίαν
201 2396 337 2431 τιθέμενοι
354 2396 468 2431 ημέραν,
493 2395 530 2427 ὡς
549 2393 633 2426 Αὖλος
658 2394 799 2429 Ῥωμαίων
814 2394 903 2428 λόγιος

115 2443 233 2478 Μάρκον
246 2443 360 2478 Βὰρωνσ.
371 2442 588 2477 ἀναγεγραῳέναι
604 2441 679 2475 φησί·
697 2441 825 2476 Ῥωμαῖοι
839 2441 867 2467 δὲ
879 2441 903 2467 οἱ

119 2492 172 2526 μὲν
187 2491 294 2525 ἀρχαῖοι
309 2489 363 2517 ἀπὸ
376 2489 464 2524 μέσων
474 2487 576 2514 νυκτῶν
587 2488 709 2522 ἤρχοντο,
721 2483 761 2517 οἷς
773 2486 819 2513 καὶ
831 2486 903 2521 Πλή-

117 2539 176 2565 Θων
191 2537 323 2572 ἑπόμενος
340 2535 425 2571 ἀρχὴν
439 2534 564 2569 τοιαύτην
577 2534 702 2560 ποιεῖται·
719 2533 743 2558 οἱ
758 2531 805 2559 νῦν
817 2532 845 2558 δὲ
857 2532 903 2566 ἀφ’

120 2584 198 2618 ηλίου
212 2583 365 2618 ἀνίσχοντος
381 2583 486 2616 ἄγουσι·
507 2579 702 2616 παραπλησίως
719 2579 746 2606 δὲ
760 2579 806 2605 καὶ
819 2579 843 2605 οἱ
857 2578 904 2605 νῦν

120 2628 261 2664 ’Έλληνες.
272 2628 366 2655 Καίτοι
378 2626 529 2654 τούναντίον
541 2625 623 2660 ἐχρῆν
640 2624 797 2659 σύμπαντας
805 2622 866 2653 τούς
873 2631 904 2655 γε

119 2675 178 2702 ἀπὸ
196 2675 314 2710 Χριστοῦ
330 2673 476 2704 ποιεῖσθαι,
493 2670 686 2707 χαριζομένους
700 2669 738 2704 τῷ
755 2668 902 2704 ἀρχηγέτῃ.

119 2721 201 2748 Οὖτω
211 2721 265 2756 γὰρ
283 2721 361 2756 μόνον
378 2720 453 2746 ἔσται
467 2719 587 2755 τριταῖον
604 2715 751 2744 ἀναϐιῶναι
768 2715 847 2742 αὐτὸν
863 2723 905 2741 τε-

121 2766 237 2799 θνεῶτα,
255 2767 301 2794 ἐὰν
313 2768 329 2803 ἡ
344 2767 392 2802 τῆς
402 2766 507 2802 ἡμέρας
524 2763 594 2804 αρχὴ
606 2762 776 2799 λαμϐάνηται
790 2763 848 2797 ἢτοι
859 2761 904 2788 ἀπ’

123 2813 214 2847 ἄκρας
228 2813 339 2845 νυκτὸς,
356 2812 393 2844 ὡς
414 2811 548 2846 Ἀθηναῖοι
562 2808 638 2845 ἦγον,
655 2809 672 2844 ἢ
687 2808 740 2835 ἀπὸ
756 2808 849 2843 μέσης,
868 2807 905 2838 ῶς

126 2858 269 2894 Ῥωμαῖοι.
290 2859 405 2895 Πότερον
428 2858 466 2890 δὲ,
488 2858 518 2884 οὑ
540 2857 629 2893 ῥᾴδιον
652 2855 852 2891 ἀποφήνασθαι.
875 2856 905 2880 0i

127 2906 175 2938 μὲν
188 2906 240 2942 γὰρ
253 2906 315 2941 περὶ
327 2905 369 2932 τὸν
381 2904 468 2932 Ἄθων
481 2903 596 2938 θεολόγοι
612 2911 680 2930 κατε
693 2902 776 2937 μέσην
787 2901 904 2937 ἀκριϐῶς

1219 2161 1258 2188 De
1272 2159 1402 2195 principio
1411 2157 1473 2185 diei.

990 2207 1049 2236 XX.
1063 2206 1231 2241 Principium
1249 2213 1313 2232 vero
1328 2204 1381 2231 diei
1405 2199 1639 2238 (quandoquidem
1669 2205 1737 2234 prat-

918 2249 939 2275 D
954 2256 1023 2285 senti
1036 2255 1069 2283 de
1087 2253 1232 2285 mensibus
1248 2251 1366 2280 sermoni
1390 2250 1416 2277 id
1443 2256 1551 2284 quoque
1580 2253 1737 2283 germanum

952 2302 1003 2337 est)
1019 2301 1199 2328 Athenienses
1216 2306 1231 2325 a
1245 2297 1310 2326 solis
1335 2303 1434 2323 occasu
1466 2293 1663 2325 observabant,
1688 2299 1737 2319 no—

952 2353 1021 2376 otem
1030 2347 1083 2374 diei
1095 2344 1218 2380 sequenti
1234 2343 1414 2373 ascribentes,
1435 2345 1462 2369 et
1477 2348 1558 2368 omne
1577 2339 1604 2366 in
1618 2338 1737 2366 medium

954 2398 1060 2427 tempus
1080 2391 1113 2418 ad
1131 2391 1246 2418 alterum
1263 2388 1432 2416 occidentem
1449 2393 1533 2413 unum
1549 2385 1621 2412 diem
1635 2383 1738 2412 consti-

954 2443 1072 2471 tuentes,
1086 2442 1115 2465 ut
1125 2437 1212 2464 Aulus
1226 2435 1339 2466 Gellius,
1354 2433 1467 2460 Latinus
1485 2436 1580 2460 auctor
1603 2438 1657 2458 non
1679 2431 1738 2457 ine-

953 2493 1026 2522 plus,
1045 2485 1162 2512 Marcum
1185 2481 1335 2508 Varronem
1355 2480 1465 2515 scriptis
1485 2479 1629 2506 mandasse
1645 2477 1736 2504 tradit.

953 2533 987 2560 At
998 2531 1112 2559 Romani
1127 2529 1228 2564 priscis
1243 2527 1413 2562 temporibus
1429 2533 1444 2552 a
1458 2525 1547 2552 media
1562 2523 1672 2556 quidem
1691 2530 1738 2549 uo-

954 2583 995 2607 cte
1011 2576 1176 2605 inchoabant
1193 2584 1198 2601 :
1214 2582 1283 2602 auos
1295 2573 1406 2600 Plcthon
1426 2571 1534 2598 imitans
1550 2569 1619 2596 idem
1633 2567 1736 2602 princi-

953 2626 1027 2661 pium
1052 2623 1128 2650 l'acit.
1143 2623 1220 2648 Nunc
1245 2627 1309 2647 vero
1325 2618 1358 2645 ab
1380 2617 1484 2644 oriente
1512 2615 1568 2643 sole
1585 2614 1736 2648 ineeptant,

954 2658 1102 2704 itidemque
1119 2667 1215 2695 Graeci.
1227 2665 1388 2699 Quanquam
1404 2667 1498 2689 contra
1511 2659 1652 2695 oportebat
1661 2658 1736 2685 Chri-

955 2717 1058 2744 stiaoos
1070 2721 1164 2742 omnes
1179 2712 1277 2742 facere,
1298 2710 1325 2737 id
1342 2707 1468 2742 obsequii
1484 2715 1534 2734 suo
1548 2705 1668 2740 Principi
1689 2713 1737 2731 ex—

954 2762 1088 2789 hibentes.
1101 2759 1146 2787 Sic
1160 2759 1232 2786 enim
1249 2757 1335 2785 solum
1352 2753 1489 2782 constabit
1511 2752 1584 2779 illum
1598 2754 1734 2778 mortuum

955 2808 1035 2835 tertio
1049 2807 1093 2834 die
1107 2806 1249 2836 revixisse,
1267 2805 1290 2831 si
1304 2803 1372 2830 vela
1389 2807 1495 2828 summa
1514 2801 1602 2829 nocte.
1619 2802 1648 2825 ut
1666 2797 1734 2825 sole-

956 2854 1020 2881 bant
1031 2853 1210 2880 Athenienses
1220 2872 1227 2883 ,
1242 2850 1283 2877 vel
1310 2857 1323 2875 a
1339 2847 1436 2879 media,
1451 2849 1480 2872 ut
1500 2844 1625 2874 Romani.
1659 2843 1736 2879 prin-

957 2900 1058 2936 cipium
1068 2898 1120 2927 diei
1136 2901 1269 2929 sumatur.
1284 2895 1378 2923 Utrum
1395 2900 1457 2921 vero
1470 2891 1572 2926 potius,
1592 2890 1665 2918 dictu
1680 2896 1734 2917 nen
