  <div class='ocr_page' id='page_1' title='image "/cluster/home/n/w/nwhite01/storage/ocr_20150623/19/njp.32101077772463/688.png"; bbox 0 0 1931 3135; ppageno 0'>
   <div class='ocr_carea' id='block_1_1' title="bbox 147 162 217 189">
    <p class='ocr_par' dir='ltr' id='par_1_1' title="bbox 147 162 217 189">
     <span class='ocr_line' id='line_1_1' title="bbox 147 162 217 189; baseline 0.014 -1"><span class='ocrx_word' id='word_1_1' title='bbox 147 162 217 189; x_wconf 69' lang='lat'><strong>1‘22]</strong></span> 
     </span>
    </p>
   </div>
   <div class='ocr_carea' id='block_1_2' title="bbox 572 162 1387 191">
    <p class='ocr_par' dir='ltr' id='par_1_2' title="bbox 572 162 1387 191">
     <span class='ocr_line' id='line_1_2' title="bbox 572 162 1387 191; baseline 0 -1"><span class='ocrx_word' id='word_1_2' title='bbox 572 163 600 190; x_wconf 82' lang='lat' dir='ltr'><strong>S.</strong></span> <span class='ocrx_word' id='word_1_3' title='bbox 621 163 743 190; x_wconf 77' lang='grc' dir='ltr'><strong>ΜΑΧΙΜΙ</strong></span> <span class='ocrx_word' id='word_1_4' title='bbox 763 163 941 191; x_wconf 78' lang='lat' dir='ltr'><strong>MARTYRIS</strong></span> <span class='ocrx_word' id='word_1_5' title='bbox 961 162 1148 191; x_wconf 83' lang='lat' dir='ltr'><strong>COMPUTUS</strong></span> <span class='ocrx_word' id='word_1_6' title='bbox 1166 162 1387 191; x_wconf 76' lang='lat' dir='ltr'><strong>ECCLESIAST.</strong></span> 
     </span>
    </p>
   </div>
   <div class='ocr_carea' id='block_1_3' title="bbox 1695 165 1764 192">
    <p class='ocr_par' dir='ltr' id='par_1_3' title="bbox 1695 165 1764 192">
     <span class='ocr_line' id='line_1_3' title="bbox 1695 165 1764 192; baseline 0 0"><span class='ocrx_word' id='word_1_7' title='bbox 1695 165 1764 192; x_wconf 68' lang='lat'><strong>£222</strong></span> 
     </span>
    </p>
   </div>
   <div class='ocr_carea' id='block_1_4' title="bbox 148 218 928 255">
    <p class='ocr_par' dir='ltr' id='par_1_4' title="bbox 148 218 928 253">
     <span class='ocr_line' id='line_1_4' title="bbox 148 218 928 253; baseline -0.001 -7"><span class='ocrx_word' id='word_1_8' title='bbox 148 219 182 246; x_wconf 79' lang='grc' dir='ltr'>Τί</span> <span class='ocrx_word' id='word_1_9' title='bbox 201 218 235 246; x_wconf 78' lang='grc' dir='ltr'>τὸ</span> <span class='ocrx_word' id='word_1_10' title='bbox 260 219 418 251; x_wconf 73' lang='grc' dir='ltr'><strong>κανόνων,</strong></span> <span class='ocrx_word' id='word_1_11' title='bbox 439 218 488 245; x_wconf 73' lang='grc' dir='ltr'>καὶ</span> <span class='ocrx_word' id='word_1_12' title='bbox 514 219 542 244; x_wconf 77' lang='grc' dir='ltr'><strong>τί</strong></span> <span class='ocrx_word' id='word_1_13' title='bbox 562 218 689 253; x_wconf 80' lang='grc' dir='ltr'><strong>περιέχει</strong></span> <span class='ocrx_word' id='word_1_14' title='bbox 711 220 730 253; x_wconf 78' lang='grc' dir='ltr'><em>ἠ</em></span> <span class='ocrx_word' id='word_1_15' title='bbox 753 220 859 246; x_wconf 84' lang='grc' dir='ltr'>τούτου</span> <span class='ocrx_word' id='word_1_16' title='bbox 879 219 928 245; x_wconf 82' lang='grc' dir='ltr'><strong>δύ-</strong></span> 
     </span>
    </p>
   </div>
   <div class='ocr_carea' id='block_1_5' title="bbox 983 218 1764 255">
    <p class='ocr_par' dir='ltr' id='par_1_5' title="bbox 986 218 1764 255">
     <span class='ocr_line' id='line_1_5' title="bbox 986 218 1764 255; baseline 0.01 -13"><span class='ocrx_word' id='word_1_17' title='bbox 986 219 1062 253; x_wconf 76' lang='lat'><strong>171</strong></span> <span class='ocrx_word' id='word_1_18' title='bbox 1073 234 1085 238; x_wconf 99' lang='lat'><em>-</em></span> <span class='ocrx_word' id='word_1_19' title='bbox 1096 219 1175 254; x_wconf 72' lang='lat'><strong>172</strong></span> <span class='ocrx_word' id='word_1_20' title='bbox 1191 218 1348 253; x_wconf 70' lang='lat' dir='ltr'><strong>Cujusmodi</strong></span> <span class='ocrx_word' id='word_1_21' title='bbox 1362 220 1395 246; x_wconf 71' lang='lat' dir='ltr'><strong>ait</strong></span> <span class='ocrx_word' id='word_1_22' title='bbox 1408 219 1575 252; x_wconf 80' lang='lat' dir='ltr'><strong>Iatcrculum,</strong></span> <span class='ocrx_word' id='word_1_23' title='bbox 1595 224 1619 246; x_wconf 79' lang='lat' dir='ltr'><strong>et</strong></span> <span class='ocrx_word' id='word_1_24' title='bbox 1646 229 1704 255; x_wconf 62' lang='lat' dir='ltr'><strong>qua</strong></span> <span class='ocrx_word' id='word_1_25' title='bbox 1725 223 1764 250; x_wconf 71' lang='lat' dir='ltr'><strong>vis</strong></span> 
     </span>
    </p>
   </div>
   <div class='ocr_carea' id='block_1_6' title="bbox 492 271 591 298">
    <p class='ocr_par' dir='ltr' id='par_1_6' title="bbox 492 271 591 298">
     <span class='ocr_line' id='line_1_6' title="bbox 492 271 591 298; baseline -0.01 -8"><span class='ocrx_word' id='word_1_26' title='bbox 492 271 591 298; x_wconf 78' lang='grc' dir='ltr'>ναμις.</span> 
     </span>
    </p>
   </div>
   <div class='ocr_carea' id='block_1_7' title="bbox 186 330 928 367">
    <p class='ocr_par' dir='ltr' id='par_1_7' title="bbox 186 330 928 367">
     <span class='ocr_line' id='line_1_7' title="bbox 186 330 928 367; baseline 0.001 -10"><span class='ocrx_word' id='word_1_27' title='bbox 186 331 222 358; x_wconf 87' lang='lat' dir='ltr'><strong>B&#39;.</strong></span> <span class='ocrx_word' id='word_1_28' title='bbox 231 331 262 357; x_wconf 91' lang='lat' dir='ltr'><strong>&#39;H</strong></span> <span class='ocrx_word' id='word_1_29' title='bbox 270 330 345 357; x_wconf 80' lang='grc' dir='ltr'>τοῦδε</span> <span class='ocrx_word' id='word_1_30' title='bbox 351 331 397 357; x_wconf 83' lang='grc' dir='ltr'>τοῦ</span> <span class='ocrx_word' id='word_1_31' title='bbox 407 331 584 367; x_wconf 78' lang='grc' dir='ltr'><strong>προκειμένου</strong></span> <span class='ocrx_word' id='word_1_32' title='bbox 601 331 736 367; x_wconf 83' lang='grc' dir='ltr'>ὑφήγησις</span> <span class='ocrx_word' id='word_1_33' title='bbox 749 331 796 358; x_wconf 82' lang='grc' dir='ltr'>τοῦ</span> <span class='ocrx_word' id='word_1_34' title='bbox 806 331 928 358; x_wconf 78' lang='grc' dir='ltr'>κανονίου</span> 
     </span>
    </p>
   </div>
   <div class='ocr_carea' id='block_1_8' title="bbox 144 376 928 412">
    <p class='ocr_par' dir='ltr' id='par_1_8' title="bbox 144 376 928 412">
     <span class='ocr_line' id='line_1_8' title="bbox 144 376 928 412; baseline 0.001 -9"><span class='ocrx_word' id='word_1_35' title='bbox 144 377 243 404; x_wconf 78' lang='grc' dir='ltr'>τοῦτον</span> <span class='ocrx_word' id='word_1_36' title='bbox 256 377 311 412; x_wconf 80' lang='grc' dir='ltr'>ἔχει</span> <span class='ocrx_word' id='word_1_37' title='bbox 328 377 371 403; x_wconf 76' lang='grc' dir='ltr'>τὸν</span> <span class='ocrx_word' id='word_1_38' title='bbox 389 377 496 412; x_wconf 71' lang='grc' dir='ltr'>τρόπον.</span> <span class='ocrx_word' id='word_1_39' title='bbox 512 376 646 412; x_wconf 82' lang='grc' dir='ltr'>Τριπλοῦν</span> <span class='ocrx_word' id='word_1_40' title='bbox 660 377 739 403; x_wconf 85' lang='grc' dir='ltr'>τοῦτο</span> <span class='ocrx_word' id='word_1_41' title='bbox 752 377 928 412; x_wconf 80' lang='grc' dir='ltr'><strong>καθέστηκεν,</strong></span> 
     </span>
    </p>
   </div>
   <div class='ocr_carea' id='block_1_9' title="bbox 144 421 929 458">
    <p class='ocr_par' dir='ltr' id='par_1_9' title="bbox 144 421 929 458">
     <span class='ocr_line' id='line_1_9' title="bbox 144 421 929 458; baseline 0.001 -11"><span class='ocrx_word' id='word_1_42' title='bbox 144 421 186 454; x_wconf 83' lang='grc' dir='ltr'>ὡς</span> <span class='ocrx_word' id='word_1_43' title='bbox 198 422 325 457; x_wconf 72' lang='grc' dir='ltr'><strong>περιέχον</strong></span> <span class='ocrx_word' id='word_1_44' title='bbox 340 422 369 448; x_wconf 79' lang='grc' dir='ltr'>ὲν</span> <span class='ocrx_word' id='word_1_45' title='bbox 388 422 475 457; x_wconf 77' lang='grc' dir='ltr'>ἑαυτῷ</span> <span class='ocrx_word' id='word_1_46' title='bbox 493 422 543 458; x_wconf 85' lang='grc' dir='ltr'>τήν</span> <span class='ocrx_word' id='word_1_47' title='bbox 557 431 586 448; x_wconf 87' lang='grc' dir='ltr'>τε</span> <span class='ocrx_word' id='word_1_48' title='bbox 608 422 662 448; x_wconf 86' lang='grc' dir='ltr'><strong>τῶν</strong></span> <span class='ocrx_word' id='word_1_49' title='bbox 676 422 760 456; x_wconf 81' lang='grc' dir='ltr'>ἁγίων</span> <span class='ocrx_word' id='word_1_50' title='bbox 780 422 929 458; x_wconf 76' lang='grc' dir='ltr'>παρείσὸα-</span> 
     </span>
    </p>
   </div>
   <div class='ocr_carea' id='block_1_10' title="bbox 146 467 929 503">
    <p class='ocr_par' dir='ltr' id='par_1_10' title="bbox 146 467 929 503">
     <span class='ocr_line' id='line_1_10' title="bbox 146 467 929 503; baseline 0.001 -10"><span class='ocrx_word' id='word_1_51' title='bbox 146 475 193 493; x_wconf 86' lang='grc' dir='ltr'><strong>σιν</strong></span> <span class='ocrx_word' id='word_1_52' title='bbox 212 467 342 502; x_wconf 78' lang='grc' dir='ltr'><strong>νηστειῶν</strong></span> <span class='ocrx_word' id='word_1_53' title='bbox 352 468 404 494; x_wconf 80' lang='grc' dir='ltr'>,καὶ</span> <span class='ocrx_word' id='word_1_54' title='bbox 425 467 475 503; x_wconf 82' lang='grc' dir='ltr'>τὴν</span> <span class='ocrx_word' id='word_1_55' title='bbox 495 467 792 503; x_wconf 77' lang='grc' dir='ltr'><strong>τεσσαρεσκαιδεκάτην</strong></span> <span class='ocrx_word' id='word_1_56' title='bbox 807 467 854 494; x_wconf 76' lang='grc' dir='ltr'>τοῦ</span> <span class='ocrx_word' id='word_1_57' title='bbox 869 468 929 494; x_wconf 85' lang='grc' dir='ltr'>καθ’</span> 
     </span>
    </p>
   </div>
   <div class='ocr_carea' id='block_1_11' title="bbox 152 511 930 548">
    <p class='ocr_par' dir='ltr' id='par_1_11' title="bbox 152 511 930 548">
     <span class='ocr_line' id='line_1_11' title="bbox 152 511 930 548; baseline 0.001 -10"><span class='ocrx_word' id='word_1_58' title='bbox 152 512 297 548; x_wconf 75' lang='grc' dir='ltr'>Ἐϐραίους</span> <span class='ocrx_word' id='word_1_59' title='bbox 309 512 415 547; x_wconf 84' lang='grc' dir='ltr'>πρώτου</span> <span class='ocrx_word' id='word_1_60' title='bbox 426 512 519 547; x_wconf 77' lang='grc' dir='ltr'>μηνὸς.</span> <span class='ocrx_word' id='word_1_61' title='bbox 538 512 608 546; x_wconf 76' lang='grc' dir='ltr'>λέγω</span> <span class='ocrx_word' id='word_1_62' title='bbox 624 512 656 547; x_wconf 86' lang='grc' dir='ltr'><strong>δὴ</strong></span> <span class='ocrx_word' id='word_1_63' title='bbox 667 512 714 538; x_wconf 81' lang='grc' dir='ltr'>τοῦ</span> <span class='ocrx_word' id='word_1_64' title='bbox 730 511 830 539; x_wconf 57' lang='grc' dir='ltr'>Νισάν</span> <span class='ocrx_word' id='word_1_65' title='bbox 844 513 883 544; x_wconf 86' lang='grc' dir='ltr'><strong>είς</strong></span> <span class='ocrx_word' id='word_1_66' title='bbox 897 513 930 548; x_wconf 82' lang='grc' dir='ltr'><strong>ἣν</strong></span> 
     </span>
    </p>
   </div>
   <div class='ocr_carea' id='block_1_12' title="bbox 146 557 929 593">
    <p class='ocr_par' dir='ltr' id='par_1_12' title="bbox 146 557 929 593">
     <span class='ocr_line' id='line_1_12' title="bbox 146 557 929 593; baseline 0 -9"><span class='ocrx_word' id='word_1_67' title='bbox 146 558 179 585; x_wconf 82' lang='grc' dir='ltr'>τὸ</span> <span class='ocrx_word' id='word_1_68' title='bbox 194 557 254 584; x_wconf 82' lang='grc' dir='ltr'>κατ’</span> <span class='ocrx_word' id='word_1_69' title='bbox 275 558 371 589; x_wconf 81' lang='grc' dir='ltr'>αὐτοὺς</span> <span class='ocrx_word' id='word_1_70' title='bbox 387 558 482 593; x_wconf 79' lang='grc' dir='ltr'>Πάσχα</span> <span class='ocrx_word' id='word_1_71' title='bbox 493 557 623 584; x_wconf 91' lang='grc' dir='ltr'>τελεῖται·</span> <span class='ocrx_word' id='word_1_72' title='bbox 637 557 684 584; x_wconf 81' lang='grc' dir='ltr'>καὶ</span> <span class='ocrx_word' id='word_1_73' title='bbox 699 558 748 593; x_wconf 86' lang='grc' dir='ltr'><strong>τὴν</strong></span> <span class='ocrx_word' id='word_1_74' title='bbox 759 558 872 593; x_wconf 86' lang='grc' dir='ltr'><strong>δεκάτην</strong></span> <span class='ocrx_word' id='word_1_75' title='bbox 883 557 929 584; x_wconf 83' lang='grc' dir='ltr'>τοῦ</span> 
     </span>
    </p>
   </div>
   <div class='ocr_carea' id='block_1_13' title="bbox 147 601 929 638">
    <p class='ocr_par' dir='ltr' id='par_1_13' title="bbox 147 601 929 638">
     <span class='ocr_line' id='line_1_13' title="bbox 147 601 929 638; baseline 0.001 -10"><span class='ocrx_word' id='word_1_76' title='bbox 147 602 264 638; x_wconf 80' lang='grc' dir='ltr'>ἑϐδόμου</span> <span class='ocrx_word' id='word_1_77' title='bbox 281 602 381 637; x_wconf 76' lang='grc' dir='ltr'>μηνὸς,</span> <span class='ocrx_word' id='word_1_78' title='bbox 398 602 480 638; x_wconf 71' lang='grc' dir='ltr'>ἤγουν</span> <span class='ocrx_word' id='word_1_79' title='bbox 507 601 554 629; x_wconf 80' lang='grc' dir='ltr'>τοῦ</span> <span class='ocrx_word' id='word_1_80' title='bbox 573 602 672 637; x_wconf 84' lang='grc' dir='ltr'>Θερσί·</span> <span class='ocrx_word' id='word_1_81' title='bbox 695 602 756 629; x_wconf 86' lang='grc' dir='ltr'>καθ’</span> <span class='ocrx_word' id='word_1_82' title='bbox 771 603 803 638; x_wconf 82' lang='grc' dir='ltr'><strong>ἣν</strong></span> <span class='ocrx_word' id='word_1_83' title='bbox 821 603 835 628; x_wconf 87' lang='grc' dir='ltr'>ὁ</span> <span class='ocrx_word' id='word_1_84' title='bbox 851 603 929 638; x_wconf 82' lang='grc' dir='ltr'>ἁρχι-</span> 
     </span>
    </p>
   </div>
   <div class='ocr_carea' id='block_1_14' title="bbox 146 649 928 685">
    <p class='ocr_par' dir='ltr' id='par_1_14' title="bbox 146 649 928 685">
     <span class='ocr_line' id='line_1_14' title="bbox 146 649 928 685; baseline -0.001 -8"><span class='ocrx_word' id='word_1_85' title='bbox 146 651 229 685; x_wconf 80' lang='grc' dir='ltr'>ερεὺς</span> <span class='ocrx_word' id='word_1_86' title='bbox 245 650 274 676; x_wconf 82' lang='grc' dir='ltr'>τὺ</span> <span class='ocrx_word' id='word_1_87' title='bbox 284 650 396 676; x_wconf 83' lang='grc' dir='ltr'>παλαιὸν</span> <span class='ocrx_word' id='word_1_88' title='bbox 407 649 456 685; x_wconf 88' lang='grc' dir='ltr'><strong>τὴν</strong></span> <span class='ocrx_word' id='word_1_89' title='bbox 470 650 509 681; x_wconf 84' lang='grc' dir='ltr'><strong>είς</strong></span> <span class='ocrx_word' id='word_1_90' title='bbox 525 649 559 676; x_wconf 82' lang='grc' dir='ltr'>τὰ</span> <span class='ocrx_word' id='word_1_91' title='bbox 571 649 653 684; x_wconf 72' lang='grc' dir='ltr'>’Ἅγια</span> <span class='ocrx_word' id='word_1_92' title='bbox 669 649 722 676; x_wconf 87' lang='grc' dir='ltr'><strong>τῶν</strong></span> <span class='ocrx_word' id='word_1_93' title='bbox 734 649 816 684; x_wconf 81' lang='grc' dir='ltr'>ἁγίων</span> <span class='ocrx_word' id='word_1_94' title='bbox 827 649 928 676; x_wconf 81' lang='grc' dir='ltr'><strong>εἴσοδον</strong></span> 
     </span>
    </p>
   </div>
   <div class='ocr_carea' id='block_1_15' title="bbox 146 694 930 730">
    <p class='ocr_par' dir='ltr' id='par_1_15' title="bbox 146 694 930 730">
     <span class='ocr_line' id='line_1_15' title="bbox 146 694 930 730; baseline 0.001 -9"><span class='ocrx_word' id='word_1_95' title='bbox 146 696 275 722; x_wconf 75' lang='grc' dir='ltr'>ἐποιεῖτο.</span> <span class='ocrx_word' id='word_1_96' title='bbox 293 695 347 722; x_wconf 72' lang='grc' dir='ltr'><strong>Καὶ</strong></span> <span class='ocrx_word' id='word_1_97' title='bbox 357 694 413 721; x_wconf 79' lang='grc' dir='ltr'>ἔστι</span> <span class='ocrx_word' id='word_1_98' title='bbox 428 695 477 730; x_wconf 85' lang='grc' dir='ltr'>τῆς</span> <span class='ocrx_word' id='word_1_99' title='bbox 495 694 544 730; x_wconf 83' lang='grc' dir='ltr'>μὲν</span> <span class='ocrx_word' id='word_1_100' title='bbox 557 695 761 730; x_wconf 76' lang='grc' dir='ltr'>παρεισδάσεως</span> <span class='ocrx_word' id='word_1_101' title='bbox 780 695 833 721; x_wconf 86' lang='grc' dir='ltr'><strong>τῶν</strong></span> <span class='ocrx_word' id='word_1_102' title='bbox 847 695 930 729; x_wconf 88' lang='grc' dir='ltr'>ἁγίων</span> 
     </span>
    </p>
   </div>
   <div class='ocr_carea' id='block_1_16' title="bbox 146 733 930 777">
    <p class='ocr_par' dir='ltr' id='par_1_16' title="bbox 146 733 930 777">
     <span class='ocr_line' id='line_1_16' title="bbox 146 733 930 777; baseline 0 -10"><span class='ocrx_word' id='word_1_103' title='bbox 146 740 279 776; x_wconf 80' lang='grc' dir='ltr'><strong>νηστειῶν</strong></span> <span class='ocrx_word' id='word_1_104' title='bbox 295 742 312 776; x_wconf 85' lang='grc' dir='ltr'><strong>ἡ</strong></span> <span class='ocrx_word' id='word_1_105' title='bbox 335 733 481 777; x_wconf 76' lang='grc' dir='ltr'>σημείωσις</span> <span class='ocrx_word' id='word_1_106' title='bbox 499 740 529 773; x_wconf 79' lang='grc' dir='ltr'>ἐξ</span> <span class='ocrx_word' id='word_1_107' title='bbox 547 740 693 776; x_wconf 81' lang='grc' dir='ltr'><strong>εὐωνύμων</strong></span> <span class='ocrx_word' id='word_1_108' title='bbox 715 740 761 767; x_wconf 81' lang='grc' dir='ltr'>τοῦ</span> <span class='ocrx_word' id='word_1_109' title='bbox 778 740 859 767; x_wconf 83' lang='grc' dir='ltr'>αὑτοῠ</span> <span class='ocrx_word' id='word_1_110' title='bbox 880 749 930 767; x_wconf 85' lang='grc' dir='ltr'>κα-</span> 
     </span>
    </p>
   </div>
   <div class='ocr_carea' id='block_1_17' title="bbox 145 785 929 822">
    <p class='ocr_par' dir='ltr' id='par_1_17' title="bbox 145 785 929 822">
     <span class='ocr_line' id='line_1_17' title="bbox 145 785 929 822; baseline -0.001 -10"><span class='ocrx_word' id='word_1_111' title='bbox 145 786 236 813; x_wconf 86' lang='grc' dir='ltr'>νονίου</span> <span class='ocrx_word' id='word_1_112' title='bbox 247 786 469 822; x_wconf 78' lang='grc' dir='ltr'>διαγεγραμμένη</span> <span class='ocrx_word' id='word_1_113' title='bbox 479 795 485 801; x_wconf 90' lang='grc'><strong>·</strong></span> <span class='ocrx_word' id='word_1_114' title='bbox 501 787 518 822; x_wconf 88' lang='grc' dir='ltr'>ἡ</span> <span class='ocrx_word' id='word_1_115' title='bbox 532 786 560 812; x_wconf 79' lang='grc' dir='ltr'><strong>δὲ</strong></span> <span class='ocrx_word' id='word_1_116' title='bbox 573 785 855 821; x_wconf 77' lang='grc' dir='ltr'>τεσσαρεσκαιδεκάτη</span> <span class='ocrx_word' id='word_1_117' title='bbox 883 785 929 812; x_wconf 82' lang='grc' dir='ltr'>τοῦ</span> 
     </span>
    </p>
   </div>
   <div class='ocr_carea' id='block_1_18' title="bbox 146 831 930 868">
    <p class='ocr_par' dir='ltr' id='par_1_18' title="bbox 146 831 930 868">
     <span class='ocr_line' id='line_1_18' title="bbox 146 831 930 868; baseline -0.001 -10"><span class='ocrx_word' id='word_1_118' title='bbox 146 832 212 859; x_wconf 81' lang='grc' dir='ltr'>καθ’</span> <span class='ocrx_word' id='word_1_119' title='bbox 232 833 373 868; x_wconf 73' lang='grc' dir='ltr'>Ἐὁραίους</span> <span class='ocrx_word' id='word_1_120' title='bbox 393 831 500 868; x_wconf 78' lang='grc' dir='ltr'>πρώτου</span> <span class='ocrx_word' id='word_1_121' title='bbox 527 832 610 868; x_wconf 79' lang='grc' dir='ltr'>μηνὸς</span> <span class='ocrx_word' id='word_1_122' title='bbox 628 833 660 858; x_wconf 80' lang='grc' dir='ltr'><strong>ὲκ</strong></span> <span class='ocrx_word' id='word_1_123' title='bbox 683 831 777 865; x_wconf 78' lang='grc' dir='ltr'>δεξιῶν</span> <span class='ocrx_word' id='word_1_124' title='bbox 799 831 930 865; x_wconf 84' lang='grc' dir='ltr'>σύνεγγυς</span> 
     </span>
    </p>
   </div>
   <div class='ocr_carea' id='block_1_19' title="bbox 145 877 930 913">
    <p class='ocr_par' dir='ltr' id='par_1_19' title="bbox 145 877 930 913">
     <span class='ocr_line' id='line_1_19' title="bbox 145 877 930 913; baseline -0.003 -8"><span class='ocrx_word' id='word_1_125' title='bbox 145 878 196 905; x_wconf 81' lang='grc' dir='ltr'>τοῦ</span> <span class='ocrx_word' id='word_1_126' title='bbox 219 878 290 905; x_wconf 81' lang='grc' dir='ltr'>κατὰ</span> <span class='ocrx_word' id='word_1_127' title='bbox 318 878 398 913; x_wconf 83' lang='grc' dir='ltr'>μέσον</span> <span class='ocrx_word' id='word_1_128' title='bbox 421 878 644 913; x_wconf 73' lang='grc' dir='ltr'><strong>ἐγγεγραμμένου</strong></span> <span class='ocrx_word' id='word_1_129' title='bbox 670 877 781 913; x_wconf 75' lang='grc' dir='ltr'>τροχοῦ·</span> <span class='ocrx_word' id='word_1_130' title='bbox 809 877 877 912; x_wconf 84' lang='grc' dir='ltr'><strong>μετὰ</strong></span> <span class='ocrx_word' id='word_1_131' title='bbox 903 877 930 903; x_wconf 77' lang='grc' dir='ltr'>δὲ</span> 
     </span>
    </p>
   </div>
   <div class='ocr_carea' id='block_1_20' title="bbox 1314 265 1449 293">
    <p class='ocr_par' dir='ltr' id='par_1_20' title="bbox 1314 265 1449 293">
     <span class='ocr_line' id='line_1_20' title="bbox 1314 265 1449 293; baseline 0.015 -2"><span class='ocrx_word' id='word_1_132' title='bbox 1314 265 1349 291; x_wconf 74' lang='lat' dir='ltr'><strong>sit</strong></span> <span class='ocrx_word' id='word_1_133' title='bbox 1365 265 1449 293; x_wconf 81' lang='lat' dir='ltr'><strong>illius.</strong></span> 
     </span>
    </p>
   </div>
   <div class='ocr_carea' id='block_1_21' title="bbox 1017 331 1765 367">
    <p class='ocr_par' dir='ltr' id='par_1_21' title="bbox 1017 331 1765 367">
     <span class='ocr_line' id='line_1_21' title="bbox 1017 331 1765 367; baseline 0.004 -9"><span class='ocrx_word' id='word_1_134' title='bbox 1017 331 1048 359; x_wconf 92' lang='grc' dir='ltr'><strong>ΙΙ.</strong></span> <span class='ocrx_word' id='word_1_135' title='bbox 1069 332 1203 366; x_wconf 82' lang='lat' dir='ltr'><strong>Propositi</strong></span> <span class='ocrx_word' id='word_1_136' title='bbox 1233 333 1347 359; x_wconf 82' lang='lat' dir='ltr'><strong>canonis</strong></span> <span class='ocrx_word' id='word_1_137' title='bbox 1363 333 1496 367; x_wconf 76' lang='lat' dir='ltr'><strong>expositio</strong></span> <span class='ocrx_word' id='word_1_138' title='bbox 1516 333 1549 360; x_wconf 84' lang='lat' dir='ltr'><strong>ad</strong></span> <span class='ocrx_word' id='word_1_139' title='bbox 1565 333 1636 361; x_wconf 90' lang='lat' dir='ltr'><strong>hunc</strong></span> <span class='ocrx_word' id='word_1_140' title='bbox 1655 335 1765 362; x_wconf 90' lang='lat' dir='ltr'><strong>modum</strong></span> 
     </span>
    </p>
   </div>
   <div class='ocr_carea' id='block_1_22' title="bbox 982 377 1757 406">
    <p class='ocr_par' dir='ltr' id='par_1_22' title="bbox 982 377 1757 406">
     <span class='ocr_line' id='line_1_22' title="bbox 982 377 1757 406; baseline 0.001 -1"><span class='ocrx_word' id='word_1_141' title='bbox 982 385 1011 405; x_wconf 90' lang='lat' dir='ltr'><strong>se</strong></span> <span class='ocrx_word' id='word_1_142' title='bbox 1029 378 1120 404; x_wconf 87' lang='lat' dir='ltr'><strong>habet.</strong></span> <span class='ocrx_word' id='word_1_143' title='bbox 1138 377 1185 404; x_wconf 86' lang='lat' dir='ltr'><strong>Est</strong></span> <span class='ocrx_word' id='word_1_144' title='bbox 1200 377 1245 404; x_wconf 87' lang='lat' dir='ltr'><strong>ille</strong></span> <span class='ocrx_word' id='word_1_145' title='bbox 1258 377 1363 405; x_wconf 87' lang='lat' dir='ltr'><strong>divisus</strong></span> <span class='ocrx_word' id='word_1_146' title='bbox 1379 378 1523 405; x_wconf 80' lang='lat' dir='ltr'><strong>trifariam.</strong></span> <span class='ocrx_word' id='word_1_147' title='bbox 1541 378 1668 406; x_wconf 85' lang='lat' dir='ltr'><strong>Coutinet</strong></span> <span class='ocrx_word' id='word_1_148' title='bbox 1685 379 1757 406; x_wconf 88' lang='lat' dir='ltr'><strong>enim</strong></span> 
     </span>
    </p>
   </div>
   <div class='ocr_carea' id='block_1_23' title="bbox 982 423 1764 458">
    <p class='ocr_par' dir='ltr' id='par_1_23' title="bbox 982 423 1764 458">
     <span class='ocr_line' id='line_1_23' title="bbox 982 423 1764 458; baseline 0.001 -8"><span class='ocrx_word' id='word_1_149' title='bbox 982 423 1122 450; x_wconf 90' lang='lat' dir='ltr'><strong>introitum</strong></span> <span class='ocrx_word' id='word_1_150' title='bbox 1136 430 1276 450; x_wconf 87' lang='lat' dir='ltr'><strong>sacrorum</strong></span> <span class='ocrx_word' id='word_1_151' title='bbox 1291 423 1458 457; x_wconf 78' lang='lat' dir='ltr'><strong>jejuniorum</strong></span> <span class='ocrx_word' id='word_1_152' title='bbox 1470 432 1477 456; x_wconf 83' lang='lat'><strong>;</strong></span> <span class='ocrx_word' id='word_1_153' title='bbox 1488 428 1613 458; x_wconf 80' lang='lat' dir='ltr'><strong>quartam</strong></span> <span class='ocrx_word' id='word_1_154' title='bbox 1629 425 1764 452; x_wconf 79' lang='lat' dir='ltr'><strong>decimam</strong></span> 
     </span>
    </p>
   </div>
   <div class='ocr_carea' id='block_1_24' title="bbox 984 468 1761 504">
    <p class='ocr_par' dir='ltr' id='par_1_24' title="bbox 984 468 1761 504">
     <span class='ocr_line' id='line_1_24' title="bbox 984 468 1761 504; baseline 0.004 -9"><span class='ocrx_word' id='word_1_155' title='bbox 984 469 1063 504; x_wconf 83' lang='lat' dir='ltr'><strong>primi</strong></span> <span class='ocrx_word' id='word_1_156' title='bbox 1079 469 1181 496; x_wconf 88' lang='lat' dir='ltr'><strong>mensis</strong></span> <span class='ocrx_word' id='word_1_157' title='bbox 1197 468 1348 495; x_wconf 90' lang='lat' dir='ltr'><strong>secundum</strong></span> <span class='ocrx_word' id='word_1_158' title='bbox 1364 468 1502 502; x_wconf 66' lang='lat' dir='ltr'><strong>Hebra&#39;os,</strong></span> <span class='ocrx_word' id='word_1_159' title='bbox 1524 470 1574 496; x_wconf 89' lang='lat' dir='ltr'><strong>hoc</strong></span> <span class='ocrx_word' id='word_1_160' title='bbox 1597 476 1638 498; x_wconf 86' lang='lat' dir='ltr'><strong>est</strong></span> <span class='ocrx_word' id='word_1_161' title='bbox 1654 470 1738 498; x_wconf 84' lang='lat' dir='ltr'><strong>Nisan</strong></span> <span class='ocrx_word' id='word_1_162' title='bbox 1755 481 1761 498; x_wconf 86' lang='lat'>:</span> 
     </span>
    </p>
   </div>
   <div class='ocr_carea' id='block_1_25' title="bbox 983 515 1762 550">
    <p class='ocr_par' dir='ltr' id='par_1_25' title="bbox 983 515 1762 550">
     <span class='ocr_line' id='line_1_25' title="bbox 983 515 1762 550; baseline 0.001 -8"><span class='ocrx_word' id='word_1_163' title='bbox 983 515 1009 542; x_wconf 93' lang='lat' dir='ltr'><strong>in</strong></span> <span class='ocrx_word' id='word_1_164' title='bbox 1023 522 1104 550; x_wconf 87' lang='lat' dir='ltr'><strong>quam</strong></span> <span class='ocrx_word' id='word_1_165' title='bbox 1119 515 1224 542; x_wconf 84' lang='lat' dir='ltr'><strong>Pascha</strong></span> <span class='ocrx_word' id='word_1_166' title='bbox 1241 515 1349 541; x_wconf 86' lang='lat' dir='ltr'><strong>illorum</strong></span> <span class='ocrx_word' id='word_1_167' title='bbox 1368 515 1462 541; x_wconf 78' lang='lat' dir='ltr'><strong>incidit</strong></span> <span class='ocrx_word' id='word_1_168' title='bbox 1476 525 1482 543; x_wconf 92' lang='lat'>:</span> <span class='ocrx_word' id='word_1_169' title='bbox 1495 523 1544 542; x_wconf 89' lang='lat' dir='ltr'><strong>nec</strong></span> <span class='ocrx_word' id='word_1_170' title='bbox 1561 524 1614 543; x_wconf 90' lang='lat' dir='ltr'><strong>non</strong></span> <span class='ocrx_word' id='word_1_171' title='bbox 1627 516 1762 544; x_wconf 79' lang='lat' dir='ltr'><strong>decimam</strong></span> 
     </span>
    </p>
   </div>
   <div class='ocr_carea' id='block_1_26' title="bbox 983 560 1763 596">
    <p class='ocr_par' dir='ltr' id='par_1_26' title="bbox 983 560 1763 596">
     <span class='ocr_line' id='line_1_26' title="bbox 983 560 1763 596; baseline 0.003 -8"><span class='ocrx_word' id='word_1_172' title='bbox 983 560 1089 596; x_wconf 86' lang='lat' dir='ltr'><strong>septimi</strong></span> <span class='ocrx_word' id='word_1_173' title='bbox 1101 560 1215 592; x_wconf 79' lang='lat' dir='ltr'><strong>mensis,</strong></span> <span class='ocrx_word' id='word_1_174' title='bbox 1236 561 1359 587; x_wconf 86' lang='lat' dir='ltr'><strong>videlicet</strong></span> <span class='ocrx_word' id='word_1_175' title='bbox 1373 560 1469 588; x_wconf 89' lang='lat' dir='ltr'><strong>Thersi</strong></span> <span class='ocrx_word' id='word_1_176' title='bbox 1486 571 1493 586; x_wconf 85' lang='lat'><strong>:</strong></span> <span class='ocrx_word' id='word_1_177' title='bbox 1510 570 1562 596; x_wconf 86' lang='lat' dir='ltr'><strong>qua</strong></span> <span class='ocrx_word' id='word_1_178' title='bbox 1581 570 1704 590; x_wconf 90' lang='lat' dir='ltr'><strong>summus</strong></span> <span class='ocrx_word' id='word_1_179' title='bbox 1717 569 1763 592; x_wconf 74' lang='lat' dir='ltr'><strong>Ia-</strong></span> 
     </span>
    </p>
   </div>
   <div class='ocr_carea' id='block_1_27' title="bbox 984 605 1764 635">
    <p class='ocr_par' dir='ltr' id='par_1_27' title="bbox 984 605 1764 635">
     <span class='ocr_line' id='line_1_27' title="bbox 984 605 1764 635; baseline -0.003 -1"><span class='ocrx_word' id='word_1_180' title='bbox 984 607 1080 634; x_wconf 85' lang='lat' dir='ltr'><strong>cerdos</strong></span> <span class='ocrx_word' id='word_1_181' title='bbox 1094 606 1157 634; x_wconf 90' lang='lat' dir='ltr'><strong>olim</strong></span> <span class='ocrx_word' id='word_1_182' title='bbox 1174 605 1274 633; x_wconf 84' lang='lat' dir='ltr'><strong>Sancta</strong></span> <span class='ocrx_word' id='word_1_183' title='bbox 1285 610 1441 633; x_wconf 79' lang='lat' dir='ltr'><strong>sanctorum</strong></span> <span class='ocrx_word' id='word_1_184' title='bbox 1454 606 1554 633; x_wconf 86' lang='lat' dir='ltr'><strong>adibat.</strong></span> <span class='ocrx_word' id='word_1_185' title='bbox 1571 607 1655 635; x_wconf 91' lang='lat' dir='ltr'><strong>Porro</strong></span> <span class='ocrx_word' id='word_1_186' title='bbox 1669 609 1764 635; x_wconf 88' lang='lat' dir='ltr'><strong>intro-</strong></span> 
     </span>
    </p>
   </div>
   <div class='ocr_carea' id='block_1_28' title="bbox 983 651 1761 688">
    <p class='ocr_par' dir='ltr' id='par_1_28' title="bbox 983 651 1761 688">
     <span class='ocr_line' id='line_1_28' title="bbox 983 651 1761 688; baseline 0.001 -9"><span class='ocrx_word' id='word_1_187' title='bbox 983 651 1037 679; x_wconf 87' lang='lat' dir='ltr'><strong>itus</strong></span> <span class='ocrx_word' id='word_1_188' title='bbox 1052 658 1192 679; x_wconf 86' lang='lat' dir='ltr'><strong>sacrorum</strong></span> <span class='ocrx_word' id='word_1_189' title='bbox 1203 651 1368 686; x_wconf 84' lang='lat' dir='ltr'><strong>jejuniorum</strong></span> <span class='ocrx_word' id='word_1_190' title='bbox 1383 653 1488 678; x_wconf 84' lang='lat' dir='ltr'><strong>notatio</strong></span> <span class='ocrx_word' id='word_1_191' title='bbox 1500 652 1533 678; x_wconf 85' lang='lat' dir='ltr'><strong>ad</strong></span> <span class='ocrx_word' id='word_1_192' title='bbox 1548 652 1686 680; x_wconf 87' lang='lat' dir='ltr'><strong>sinistram</strong></span> <span class='ocrx_word' id='word_1_193' title='bbox 1700 662 1761 688; x_wconf 86' lang='lat' dir='ltr'><strong>par-</strong></span> 
     </span>
    </p>
   </div>
   <div class='ocr_carea' id='block_1_29' title="bbox 982 697 1762 732">
    <p class='ocr_par' dir='ltr' id='par_1_29' title="bbox 982 697 1762 732">
     <span class='ocr_line' id='line_1_29' title="bbox 982 697 1762 732; baseline 0.003 -8"><span class='ocrx_word' id='word_1_194' title='bbox 982 703 1054 732; x_wconf 90' lang='lat' dir='ltr'><strong>ptem</strong></span> <span class='ocrx_word' id='word_1_195' title='bbox 1066 697 1178 724; x_wconf 76' lang='lat' dir='ltr'><strong>canonis</strong></span> <span class='ocrx_word' id='word_1_196' title='bbox 1193 697 1329 731; x_wconf 84' lang='lat' dir='ltr'><strong>descripta</strong></span> <span class='ocrx_word' id='word_1_197' title='bbox 1355 701 1417 729; x_wconf 80' lang='lat' dir='ltr'><strong>est;</strong></span> <span class='ocrx_word' id='word_1_198' title='bbox 1439 701 1535 732; x_wconf 82' lang='lat' dir='ltr'><strong>quarta</strong></span> <span class='ocrx_word' id='word_1_199' title='bbox 1561 698 1666 725; x_wconf 83' lang='lat' dir='ltr'><strong>decima</strong></span> <span class='ocrx_word' id='word_1_200' title='bbox 1696 707 1762 726; x_wconf 85' lang='lat' dir='ltr'><strong>vero</strong></span> 
     </span>
    </p>
   </div>
   <div class='ocr_carea' id='block_1_30' title="bbox 982 741 1763 778">
    <p class='ocr_par' dir='ltr' id='par_1_30' title="bbox 982 741 1763 778">
     <span class='ocr_line' id='line_1_30' title="bbox 982 741 1763 778; baseline 0.001 -10"><span class='ocrx_word' id='word_1_201' title='bbox 982 742 1061 778; x_wconf 86' lang='lat' dir='ltr'><strong>primi</strong></span> <span class='ocrx_word' id='word_1_202' title='bbox 1082 742 1182 769; x_wconf 85' lang='lat' dir='ltr'><strong>mensis</strong></span> <span class='ocrx_word' id='word_1_203' title='bbox 1202 741 1307 768; x_wconf 84' lang='lat' dir='ltr'><strong>Judaiei</strong></span> <span class='ocrx_word' id='word_1_204' title='bbox 1328 741 1361 767; x_wconf 83' lang='lat' dir='ltr'><strong>ad</strong></span> <span class='ocrx_word' id='word_1_205' title='bbox 1383 741 1526 772; x_wconf 71' lang='lat' dir='ltr'><strong>dextram.</strong></span> <span class='ocrx_word' id='word_1_206' title='bbox 1557 750 1642 777; x_wconf 87' lang='lat' dir='ltr'><strong>prope</strong></span> <span class='ocrx_word' id='word_1_207' title='bbox 1664 742 1763 769; x_wconf 83' lang='lat' dir='ltr'><strong>inscri-</strong></span> 
     </span>
    </p>
   </div>
   <div class='ocr_carea' id='block_1_31' title="bbox 982 787 1761 824">
    <p class='ocr_par' dir='ltr' id='par_1_31' title="bbox 982 787 1761 824">
     <span class='ocr_line' id='line_1_31' title="bbox 982 787 1761 824; baseline 0 -10"><span class='ocrx_word' id='word_1_208' title='bbox 982 793 1055 824; x_wconf 88' lang='lat' dir='ltr'><strong>ptam</strong></span> <span class='ocrx_word' id='word_1_209' title='bbox 1068 789 1096 814; x_wconf 91' lang='lat' dir='ltr'><strong>in</strong></span> <span class='ocrx_word' id='word_1_210' title='bbox 1109 788 1197 814; x_wconf 84' lang='lat' dir='ltr'><strong>medio</strong></span> <span class='ocrx_word' id='word_1_211' title='bbox 1214 791 1311 814; x_wconf 82' lang='lat' dir='ltr'><strong>rotam.</strong></span> <span class='ocrx_word' id='word_1_212' title='bbox 1325 787 1389 814; x_wconf 81' lang='lat' dir='ltr'><strong>Post</strong></span> <span class='ocrx_word' id='word_1_213' title='bbox 1402 788 1471 814; x_wconf 82' lang='lat' dir='ltr'><strong>hanc</strong></span> <span class='ocrx_word' id='word_1_214' title='bbox 1484 788 1574 815; x_wconf 84' lang='lat' dir='ltr'><strong>statim</strong></span> <span class='ocrx_word' id='word_1_215' title='bbox 1587 788 1621 814; x_wconf 91' lang='lat' dir='ltr'><strong>ad</strong></span> <span class='ocrx_word' id='word_1_216' title='bbox 1638 787 1761 815; x_wconf 66' lang='lat' dir='ltr'><strong>dextram</strong></span> 
     </span>
    </p>
   </div>
   <div class='ocr_carea' id='block_1_32' title="bbox 982 833 1761 869">
    <p class='ocr_par' dir='ltr' id='par_1_32' title="bbox 982 833 1761 869">
     <span class='ocr_line' id='line_1_32' title="bbox 982 833 1761 869; baseline -0.001 -8"><span class='ocrx_word' id='word_1_217' title='bbox 982 834 1068 869; x_wconf 76' lang='lat' dir='ltr'><strong>magis</strong></span> <span class='ocrx_word' id='word_1_218' title='bbox 1088 833 1194 861; x_wconf 82' lang='lat' dir='ltr'><strong>accedit</strong></span> <span class='ocrx_word' id='word_1_219' title='bbox 1211 833 1266 866; x_wconf 86' lang='lat' dir='ltr'><strong>illa,</strong></span> <span class='ocrx_word' id='word_1_220' title='bbox 1282 841 1362 868; x_wconf 84' lang='lat' dir='ltr'><strong>quam</strong></span> <span class='ocrx_word' id='word_1_221' title='bbox 1379 833 1508 866; x_wconf 79' lang='lat' dir='ltr'><strong>diximus,</strong></span> <span class='ocrx_word' id='word_1_222' title='bbox 1524 833 1628 860; x_wconf 87' lang='lat' dir='ltr'><strong>decima</strong></span> <span class='ocrx_word' id='word_1_223' title='bbox 1643 833 1701 861; x_wconf 88' lang='lat' dir='ltr'><strong>dies</strong></span> <span class='ocrx_word' id='word_1_224' title='bbox 1717 841 1761 860; x_wconf 84' lang='lat' dir='ltr'><strong>se-</strong></span> 
     </span>
    </p>
   </div>
   <div class='ocr_carea' id='block_1_33' title="bbox 983 879 1762 916">
    <p class='ocr_par' dir='ltr' id='par_1_33' title="bbox 983 879 1762 916">
     <span class='ocr_line' id='line_1_33' title="bbox 983 879 1762 916; baseline -0.003 -9"><span class='ocrx_word' id='word_1_225' title='bbox 983 880 1058 916; x_wconf 91' lang='lat' dir='ltr'><strong>ptimi</strong></span> <span class='ocrx_word' id='word_1_226' title='bbox 1073 879 1188 912; x_wconf 76' lang='lat' dir='ltr'><strong>mensis,</strong></span> <span class='ocrx_word' id='word_1_227' title='bbox 1205 879 1273 906; x_wconf 89' lang='lat' dir='ltr'><strong>adeo</strong></span> <span class='ocrx_word' id='word_1_228' title='bbox 1291 883 1320 906; x_wconf 90' lang='lat' dir='ltr'><strong>ut</strong></span> <span class='ocrx_word' id='word_1_229' title='bbox 1341 879 1410 906; x_wconf 87' lang='lat' dir='ltr'><strong>nihil</strong></span> <span class='ocrx_word' id='word_1_230' title='bbox 1423 886 1438 906; x_wconf 91' lang='lat' dir='ltr'><strong>a</strong></span> <span class='ocrx_word' id='word_1_231' title='bbox 1451 879 1564 906; x_wconf 88' lang='lat' dir='ltr'><strong>sinistra</strong></span> <span class='ocrx_word' id='word_1_232' title='bbox 1581 883 1678 914; x_wconf 70' lang='lat' dir='ltr'><strong>prazter</strong></span> <span class='ocrx_word' id='word_1_233' title='bbox 1689 879 1762 913; x_wconf 81' lang='lat' dir='ltr'><strong>jeju-</strong></span> 
     </span>
    </p>
   </div>
   <div class='ocr_carea' id='block_1_34' title="bbox 145 917 928 960">
    <p class='ocr_par' dir='ltr' id='par_1_34' title="bbox 145 923 928 960">
     <span class='ocr_line' id='line_1_34' title="bbox 145 923 928 960; baseline 0 -10"><span class='ocrx_word' id='word_1_234' title='bbox 145 924 251 960; x_wconf 78' lang='grc' dir='ltr'>ταύτην</span> <span class='ocrx_word' id='word_1_235' title='bbox 284 925 364 956; x_wconf 80' lang='grc' dir='ltr'>εὐθὺς</span> <span class='ocrx_word' id='word_1_236' title='bbox 394 923 551 959; x_wconf 72' lang='grc' dir='ltr'>δεξιώτερον</span> <span class='ocrx_word' id='word_1_237' title='bbox 582 924 599 958; x_wconf 79' lang='grc' dir='ltr'><strong>ἡ</strong></span> <span class='ocrx_word' id='word_1_238' title='bbox 630 923 754 958; x_wconf 80' lang='grc' dir='ltr'>λεχθεῖσα</span> <span class='ocrx_word' id='word_1_239' title='bbox 769 923 868 957; x_wconf 81' lang='grc' dir='ltr'>δεκάτη</span> <span class='ocrx_word' id='word_1_240' title='bbox 885 923 928 950; x_wconf 75' lang='grc' dir='ltr'>τοῦ</span> 
     </span>
    </p>
   </div>
   <div class='ocr_carea' id='block_1_35' title="bbox 983 917 1762 960">
    <p class='ocr_par' dir='ltr' id='par_1_35' title="bbox 984 925 1762 960">
     <span class='ocr_line' id='line_1_35' title="bbox 984 925 1762 960; baseline -0.003 -6"><span class='ocrx_word' id='word_1_241' title='bbox 984 927 1091 954; x_wconf 89' lang='lat' dir='ltr'><strong>niorum</strong></span> <span class='ocrx_word' id='word_1_242' title='bbox 1114 926 1254 953; x_wconf 87' lang='lat' dir='ltr'><strong>introitum</strong></span> <span class='ocrx_word' id='word_1_243' title='bbox 1275 925 1441 960; x_wconf 90' lang='lat' dir='ltr'><strong>descriptum</strong></span> <span class='ocrx_word' id='word_1_244' title='bbox 1462 925 1606 957; x_wconf 78' lang='lat' dir='ltr'><strong>habeatur;</strong></span> <span class='ocrx_word' id='word_1_245' title='bbox 1627 933 1642 951; x_wconf 87' lang='lat' dir='ltr'><strong>a</strong></span> <span class='ocrx_word' id='word_1_246' title='bbox 1665 926 1762 952; x_wconf 80' lang='lat' dir='ltr'><strong>dextra</strong></span> 
     </span>
    </p>
   </div>
   <div class='ocr_carea' id='block_1_36' title="bbox 146 965 931 1005">
    <p class='ocr_par' dir='ltr' id='par_1_36' title="bbox 146 965 931 1005">
     <span class='ocr_line' id='line_1_36' title="bbox 146 965 931 1005; baseline 0 -11"><span class='ocrx_word' id='word_1_247' title='bbox 146 969 262 1005; x_wconf 78' lang='grc' dir='ltr'>ἑϐδόμου</span> <span class='ocrx_word' id='word_1_248' title='bbox 282 970 382 1005; x_wconf 80' lang='grc' dir='ltr'>μηνός·</span> <span class='ocrx_word' id='word_1_249' title='bbox 406 969 443 1000; x_wconf 83' lang='grc' dir='ltr'>ὡς</span> <span class='ocrx_word' id='word_1_250' title='bbox 460 967 528 995; x_wconf 79' lang='grc' dir='ltr'>εἶναι</span> <span class='ocrx_word' id='word_1_251' title='bbox 552 968 634 1003; x_wconf 89' lang='grc' dir='ltr'>μόνην</span> <span class='ocrx_word' id='word_1_252' title='bbox 659 969 688 1001; x_wconf 81' lang='grc' dir='ltr'><strong>ἐξ</strong></span> <span class='ocrx_word' id='word_1_253' title='bbox 709 968 860 1004; x_wconf 85' lang='grc' dir='ltr'>ἀριστερῶν</span> <span class='ocrx_word' id='word_1_254' title='bbox 875 965 931 1004; x_wconf 85' lang='grc' dir='ltr'>’τὴν</span> 
     </span>
    </p>
   </div>
   <div class='ocr_carea' id='block_1_37' title="bbox 145 1014 932 1050">
    <p class='ocr_par' dir='ltr' id='par_1_37' title="bbox 145 1014 932 1050">
     <span class='ocr_line' id='line_1_37' title="bbox 145 1014 932 1050; baseline -0.001 -9"><span class='ocrx_word' id='word_1_255' title='bbox 145 1016 198 1050; x_wconf 83' lang='grc' dir='ltr'>τῆς</span> <span class='ocrx_word' id='word_1_256' title='bbox 214 1015 419 1050; x_wconf 77' lang='grc' dir='ltr'>παρεισὸάσεως</span> <span class='ocrx_word' id='word_1_257' title='bbox 437 1014 607 1050; x_wconf 82' lang='grc' dir='ltr'>διαγραφήν·</span> <span class='ocrx_word' id='word_1_258' title='bbox 627 1015 658 1041; x_wconf 84' lang='grc' dir='ltr'>ὲκ</span> <span class='ocrx_word' id='word_1_259' title='bbox 681 1014 776 1046; x_wconf 80' lang='grc' dir='ltr'><strong>δεξιῶν</strong></span> <span class='ocrx_word' id='word_1_260' title='bbox 794 1015 822 1041; x_wconf 71' lang='grc' dir='ltr'>δὲ</span> <span class='ocrx_word' id='word_1_261' title='bbox 843 1015 932 1049; x_wconf 82' lang='grc' dir='ltr'>ἀμφο-</span> 
     </span>
    </p>
   </div>
   <div class='ocr_carea' id='block_1_38' title="bbox 146 1060 930 1097">
    <p class='ocr_par' dir='ltr' id='par_1_38' title="bbox 146 1060 930 1097">
     <span class='ocr_line' id='line_1_38' title="bbox 146 1060 930 1097; baseline -0.001 -10"><span class='ocrx_word' id='word_1_262' title='bbox 146 1060 235 1096; x_wconf 81' lang='grc' dir='ltr'>τέρων</span> <span class='ocrx_word' id='word_1_263' title='bbox 263 1060 313 1096; x_wconf 83' lang='grc' dir='ltr'>τῆς</span> <span class='ocrx_word' id='word_1_264' title='bbox 337 1060 632 1096; x_wconf 82' lang='grc' dir='ltr'>τεσσαρεσκαιδεκάτης</span> <span class='ocrx_word' id='word_1_265' title='bbox 656 1061 728 1095; x_wconf 76' lang='grc' dir='ltr'>φημὶ</span> <span class='ocrx_word' id='word_1_266' title='bbox 752 1060 799 1087; x_wconf 84' lang='grc' dir='ltr'>τοῦ</span> <span class='ocrx_word' id='word_1_267' title='bbox 822 1060 930 1097; x_wconf 80' lang='grc' dir='ltr'>πρώτου</span> 
     </span>
    </p>
   </div>
   <div class='ocr_carea' id='block_1_39' title="bbox 984 970 1761 1005">
    <p class='ocr_par' dir='ltr' id='par_1_39' title="bbox 984 970 1761 1005">
     <span class='ocr_line' id='line_1_39' title="bbox 984 970 1761 1005; baseline -0.003 -7"><span class='ocrx_word' id='word_1_268' title='bbox 984 978 1050 998; x_wconf 85' lang='lat' dir='ltr'><strong>vero</strong></span> <span class='ocrx_word' id='word_1_269' title='bbox 1072 975 1148 1005; x_wconf 88' lang='lat' dir='ltr'><strong>parte</strong></span> <span class='ocrx_word' id='word_1_270' title='bbox 1165 974 1309 1004; x_wconf 85' lang='lat' dir='ltr'><strong>utrumque</strong></span> <span class='ocrx_word' id='word_1_271' title='bbox 1331 970 1376 1001; x_wconf 83' lang='lat' dir='ltr'><strong>sit,</strong></span> <span class='ocrx_word' id='word_1_272' title='bbox 1395 975 1491 1004; x_wconf 84' lang='lat' dir='ltr'><strong>quarta</strong></span> <span class='ocrx_word' id='word_1_273' title='bbox 1513 970 1616 997; x_wconf 81' lang='lat' dir='ltr'><strong>decima</strong></span> <span class='ocrx_word' id='word_1_274' title='bbox 1634 970 1761 997; x_wconf 86' lang='lat' dir='ltr'><strong>nimirum</strong></span> 
     </span>
    </p>
   </div>
   <div class='ocr_carea' id='block_1_40' title="bbox 983 1011 1761 1050">
    <p class='ocr_par' dir='ltr' id='par_1_40' title="bbox 983 1011 1761 1050">
     <span class='ocr_line' id='line_1_40' title="bbox 983 1011 1761 1050; baseline -0.001 -8"><span class='ocrx_word' id='word_1_275' title='bbox 983 1015 1064 1050; x_wconf 82' lang='lat' dir='ltr'><strong>primi</strong></span> <span class='ocrx_word' id='word_1_276' title='bbox 1079 1015 1180 1042; x_wconf 86' lang='lat' dir='ltr'><strong>mensis</strong></span> <span class='ocrx_word' id='word_1_277' title='bbox 1196 1019 1223 1042; x_wconf 87' lang='lat' dir='ltr'><strong>et</strong></span> <span class='ocrx_word' id='word_1_278' title='bbox 1242 1011 1346 1041; x_wconf 81' lang='lat' dir='ltr'><strong>decima</strong></span> <span class='ocrx_word' id='word_1_279' title='bbox 1368 1015 1485 1050; x_wconf 84' lang='lat' dir='ltr'><strong>septimi.</strong></span> <span class='ocrx_word' id='word_1_280' title='bbox 1501 1014 1595 1042; x_wconf 83' lang='lat' dir='ltr'><strong>Totius</strong></span> <span class='ocrx_word' id='word_1_281' title='bbox 1610 1019 1700 1042; x_wconf 90' lang='lat' dir='ltr'><strong>autem</strong></span> <span class='ocrx_word' id='word_1_282' title='bbox 1714 1014 1761 1042; x_wconf 87' lang='lat' dir='ltr'><strong>de-</strong></span> 
     </span>
    </p>
   </div>
   <div class='ocr_carea' id='block_1_41' title="bbox 984 1061 1506 1097">
    <p class='ocr_par' dir='ltr' id='par_1_41' title="bbox 984 1061 1506 1097">
     <span class='ocr_line' id='line_1_41' title="bbox 984 1061 1506 1097; baseline 0.004 -9"><span class='ocrx_word' id='word_1_283' title='bbox 984 1062 1142 1097; x_wconf 82' lang='lat' dir='ltr'><strong>scriptionis</strong></span> <span class='ocrx_word' id='word_1_284' title='bbox 1158 1061 1232 1089; x_wconf 85' lang='lat' dir='ltr'><strong>illius</strong></span> <span class='ocrx_word' id='word_1_285' title='bbox 1248 1062 1289 1089; x_wconf 85' lang='lat' dir='ltr'><strong>vis</strong></span> <span class='ocrx_word' id='word_1_286' title='bbox 1305 1067 1346 1089; x_wconf 89' lang='lat' dir='ltr'><strong>est</strong></span> <span class='ocrx_word' id='word_1_287' title='bbox 1360 1063 1506 1097; x_wconf 87' lang='lat' dir='ltr'><strong>ejusmodi.</strong></span> 
     </span>
    </p>
   </div>
   <div class='ocr_carea' id='block_1_42' title="bbox 148 1105 1761 1144">
    <p class='ocr_par' dir='ltr' id='par_1_42' title="bbox 148 1105 1761 1144">
     <span class='ocr_line' id='line_1_42' title="bbox 148 1105 1761 1144; baseline 0.001 -11"><span class='ocrx_word' id='word_1_288' title='bbox 148 1107 234 1143; x_wconf 80' lang='grc' dir='ltr'>μηνὸς</span> <span class='ocrx_word' id='word_1_289' title='bbox 250 1107 296 1134; x_wconf 77' lang='grc' dir='ltr'>καὶ</span> <span class='ocrx_word' id='word_1_290' title='bbox 319 1107 368 1142; x_wconf 85' lang='grc' dir='ltr'>τῆς</span> <span class='ocrx_word' id='word_1_291' title='bbox 388 1106 503 1141; x_wconf 78' lang='grc' dir='ltr'>δεκάτης</span> <span class='ocrx_word' id='word_1_292' title='bbox 522 1105 569 1132; x_wconf 81' lang='grc' dir='ltr'>τοῦ</span> <span class='ocrx_word' id='word_1_293' title='bbox 596 1105 709 1141; x_wconf 76' lang='grc' dir='ltr'>ἑϐδόμου</span> <span class='ocrx_word' id='word_1_294' title='bbox 735 1105 827 1141; x_wconf 80' lang='grc' dir='ltr'>μηνός.</span> <span class='ocrx_word' id='word_1_295' title='bbox 852 1105 912 1131; x_wconf 86' lang='grc' dir='ltr'><strong>Τῶν</strong></span> <span class='ocrx_word' id='word_1_296' title='bbox 930 1105 958 1132; x_wconf 77' lang='grc' dir='ltr'>δὲ</span> <span class='ocrx_word' id='word_1_297' title='bbox 977 1106 1218 1142; x_wconf 79' lang='grc' dir='ltr'>διαγεγραμμένων</span> <span class='ocrx_word' id='word_1_298' title='bbox 1231 1108 1275 1142; x_wconf 67' lang='grc' dir='ltr'><strong>¹ὲν</strong></span> <span class='ocrx_word' id='word_1_299' title='bbox 1301 1107 1371 1139; x_wconf 77' lang='grc' dir='ltr'>ὅλοις</span> <span class='ocrx_word' id='word_1_300' title='bbox 1387 1109 1403 1142; x_wconf 81' lang='grc' dir='ltr'>ἡ</span> <span class='ocrx_word' id='word_1_301' title='bbox 1440 1108 1554 1144; x_wconf 81' lang='grc' dir='ltr'>δύναμις</span> <span class='ocrx_word' id='word_1_302' title='bbox 1577 1108 1646 1144; x_wconf 73' lang='grc' dir='ltr'>αὕτη</span> <span class='ocrx_word' id='word_1_303' title='bbox 1682 1107 1761 1134; x_wconf 84' lang='grc' dir='ltr'>καθέ-</span> 
     </span>
    </p>
   </div>
   <div class='ocr_carea' id='block_1_43' title="bbox 146 1159 261 1187">
    <p class='ocr_par' dir='ltr' id='par_1_43' title="bbox 146 1159 261 1187">
     <span class='ocr_line' id='line_1_43' title="bbox 146 1159 261 1187; baseline 0.009 -9"><span class='ocrx_word' id='word_1_304' title='bbox 146 1159 261 1187; x_wconf 80' lang='grc' dir='ltr'>στηκεν.</span> 
     </span>
    </p>
   </div>
   <div class='ocr_carea' id='block_1_44' title="bbox 302 1227 776 1263">
    <p class='ocr_par' dir='ltr' id='par_1_44' title="bbox 302 1227 776 1263">
     <span class='ocr_line' id='line_1_44' title="bbox 302 1227 776 1263; baseline -0.004 -7"><span class='ocrx_word' id='word_1_305' title='bbox 302 1228 350 1261; x_wconf 76' lang='grc' dir='ltr'>τίς</span> <span class='ocrx_word' id='word_1_306' title='bbox 365 1228 385 1263; x_wconf 82' lang='grc' dir='ltr'><strong><em>ἠ</em></strong></span> <span class='ocrx_word' id='word_1_307' title='bbox 401 1228 435 1261; x_wconf 83' lang='grc' dir='ltr'><strong>ἐξ</strong></span> <span class='ocrx_word' id='word_1_308' title='bbox 449 1228 607 1262; x_wconf 78' lang='grc' dir='ltr'><strong>εὐωνύμων</strong></span> <span class='ocrx_word' id='word_1_309' title='bbox 621 1227 776 1262; x_wconf 65' lang='grc' dir='ltr'>διαγραφή.</span> 
     </span>
    </p>
   </div>
   <div class='ocr_carea' id='block_1_45' title="bbox 184 1294 929 1332">
    <p class='ocr_par' dir='ltr' id='par_1_45' title="bbox 184 1294 929 1332">
     <span class='ocr_line' id='line_1_45' title="bbox 184 1294 929 1332; baseline -0.001 -10"><span class='ocrx_word' id='word_1_310' title='bbox 184 1295 220 1322; x_wconf 69' lang='grc' dir='ltr'><strong>Γ.</strong></span> <span class='ocrx_word' id='word_1_311' title='bbox 237 1295 280 1322; x_wconf 85' lang='grc' dir='ltr'>Ἐν</span> <span class='ocrx_word' id='word_1_312' title='bbox 291 1295 339 1330; x_wconf 79' lang='grc' dir='ltr'>μὲν</span> <span class='ocrx_word' id='word_1_313' title='bbox 346 1295 384 1331; x_wconf 82' lang='grc' dir='ltr'>τῷ</span> <span class='ocrx_word' id='word_1_314' title='bbox 392 1295 522 1331; x_wconf 83' lang='grc' dir='ltr'>εὐωνύμῳ</span> <span class='ocrx_word' id='word_1_315' title='bbox 532 1295 645 1331; x_wconf 87' lang='grc' dir='ltr'>κανονίῳ</span> <span class='ocrx_word' id='word_1_316' title='bbox 653 1296 680 1323; x_wconf 75' lang='grc' dir='ltr'><strong>ἐν</strong></span> <span class='ocrx_word' id='word_1_317' title='bbox 689 1295 787 1332; x_wconf 83' lang='grc' dir='ltr'>πρώτῳ</span> <span class='ocrx_word' id='word_1_318' title='bbox 796 1294 877 1330; x_wconf 80' lang='grc' dir='ltr'>στίχῳ</span> <span class='ocrx_word' id='word_1_319' title='bbox 885 1295 929 1321; x_wconf 71' lang='grc' dir='ltr'><strong>αὑ⁴</strong></span> 
     </span>
    </p>
   </div>
   <div class='ocr_carea' id='block_1_46' title="bbox 145 1341 926 1377">
    <p class='ocr_par' dir='ltr' id='par_1_46' title="bbox 145 1341 926 1377">
     <span class='ocr_line' id='line_1_46' title="bbox 145 1341 926 1377; baseline 0 -9"><span class='ocrx_word' id='word_1_320' title='bbox 145 1341 194 1368; x_wconf 82' lang='grc' dir='ltr'>τοῦ</span> <span class='ocrx_word' id='word_1_321' title='bbox 205 1341 292 1376; x_wconf 82' lang='grc' dir='ltr'><strong>ὀρθῶς</strong></span> <span class='ocrx_word' id='word_1_322' title='bbox 300 1341 454 1377; x_wconf 81' lang='grc' dir='ltr'>καθιέμενοι</span> <span class='ocrx_word' id='word_1_323' title='bbox 465 1342 489 1368; x_wconf 77' lang='grc' dir='ltr'>οἱ</span> <span class='ocrx_word' id='word_1_324' title='bbox 506 1342 576 1368; x_wconf 81' lang='grc' dir='ltr'>ἑπτὰ</span> <span class='ocrx_word' id='word_1_325' title='bbox 587 1341 728 1377; x_wconf 76' lang='grc' dir='ltr'>ἐμϐόλιμοι</span> <span class='ocrx_word' id='word_1_326' title='bbox 743 1341 826 1377; x_wconf 82' lang='grc' dir='ltr'>μῆνές</span> <span class='ocrx_word' id='word_1_327' title='bbox 843 1342 910 1368; x_wconf 85' lang='grc' dir='ltr'>εἰσιν</span> <span class='ocrx_word' id='word_1_328' title='bbox 919 1350 926 1357; x_wconf 62' lang='grc'>⁸</span> 
     </span>
    </p>
   </div>
   <div class='ocr_carea' id='block_1_47' title="bbox 146 1387 928 1423">
    <p class='ocr_par' dir='ltr' id='par_1_47' title="bbox 146 1387 928 1423">
     <span class='ocr_line' id='line_1_47' title="bbox 146 1387 928 1423; baseline -0.001 -9"><span class='ocrx_word' id='word_1_329' title='bbox 146 1388 178 1414; x_wconf 82' lang='grc' dir='ltr'>ὲν</span> <span class='ocrx_word' id='word_1_330' title='bbox 192 1387 221 1414; x_wconf 82' lang='grc' dir='ltr'>δὲ</span> <span class='ocrx_word' id='word_1_331' title='bbox 234 1387 273 1422; x_wconf 85' lang='grc' dir='ltr'><strong>τῷ</strong></span> <span class='ocrx_word' id='word_1_332' title='bbox 289 1388 311 1423; x_wconf 80' lang='grc' dir='ltr'><strong>β’</strong></span> <span class='ocrx_word' id='word_1_333' title='bbox 326 1388 408 1422; x_wconf 88' lang='grc' dir='ltr'>στίχῳ</span> <span class='ocrx_word' id='word_1_334' title='bbox 419 1387 452 1414; x_wconf 83' lang='grc' dir='ltr'>τὰ</span> <span class='ocrx_word' id='word_1_335' title='bbox 465 1387 496 1414; x_wconf 84' lang='grc' dir='ltr'><strong>ιθ¹</strong></span> <span class='ocrx_word' id='word_1_336' title='bbox 511 1388 559 1423; x_wconf 84' lang='grc' dir='ltr'>τῆς</span> <span class='ocrx_word' id='word_1_337' title='bbox 574 1387 685 1423; x_wconf 84' lang='grc' dir='ltr'>σελήνης</span> <span class='ocrx_word' id='word_1_338' title='bbox 698 1387 754 1422; x_wconf 74' lang='grc' dir='ltr'>ἔτη,</span> <span class='ocrx_word' id='word_1_339' title='bbox 768 1387 821 1414; x_wconf 78' lang='grc' dir='ltr'>ἀπὸ</span> <span class='ocrx_word' id='word_1_340' title='bbox 833 1387 865 1413; x_wconf 86' lang='grc' dir='ltr'>ιθ¹</span> <span class='ocrx_word' id='word_1_341' title='bbox 879 1387 928 1422; x_wconf 84' lang='grc' dir='ltr'><strong>τὴν</strong></span> 
     </span>
    </p>
   </div>
   <div class='ocr_carea' id='block_1_48' title="bbox 146 1432 927 1469">
    <p class='ocr_par' dir='ltr' id='par_1_48' title="bbox 146 1432 927 1469">
     <span class='ocr_line' id='line_1_48' title="bbox 146 1432 927 1469; baseline -0.001 -10"><span class='ocrx_word' id='word_1_342' title='bbox 146 1433 236 1469; x_wconf 79' lang='grc' dir='ltr'>ἀρχὴν</span> <span class='ocrx_word' id='word_1_343' title='bbox 249 1433 358 1469; x_wconf 74' lang='grc' dir='ltr'>ἔχοντα·</span> <span class='ocrx_word' id='word_1_344' title='bbox 375 1434 422 1459; x_wconf 75' lang='grc' dir='ltr'><strong>καὶ</strong></span> <span class='ocrx_word' id='word_1_345' title='bbox 437 1433 522 1466; x_wconf 78' lang='grc' dir='ltr'>οὕτως</span> <span class='ocrx_word' id='word_1_346' title='bbox 534 1433 578 1460; x_wconf 80' lang='grc' dir='ltr'>διὰ</span> <span class='ocrx_word' id='word_1_347' title='bbox 598 1433 716 1469; x_wconf 83' lang='grc' dir='ltr'>πρώτου,</span> <span class='ocrx_word' id='word_1_348' title='bbox 731 1433 777 1460; x_wconf 78' lang='grc' dir='ltr'>καὶ</span> <span class='ocrx_word' id='word_1_349' title='bbox 792 1432 927 1468; x_wconf 81' lang='grc' dir='ltr'>δευτέρου,</span> 
     </span>
    </p>
   </div>
   <div class='ocr_carea' id='block_1_49' title="bbox 146 1478 926 1514">
    <p class='ocr_par' dir='ltr' id='par_1_49' title="bbox 146 1478 926 1514">
     <span class='ocr_line' id='line_1_49' title="bbox 146 1478 926 1514; baseline -0.001 -9"><span class='ocrx_word' id='word_1_350' title='bbox 146 1479 196 1505; x_wconf 80' lang='grc' dir='ltr'>καὶ</span> <span class='ocrx_word' id='word_1_351' title='bbox 216 1478 269 1505; x_wconf 86' lang='grc' dir='ltr'><strong>τῶν</strong></span> <span class='ocrx_word' id='word_1_352' title='bbox 292 1478 409 1514; x_wconf 79' lang='grc' dir='ltr'>καθεξῆς</span> <span class='ocrx_word' id='word_1_353' title='bbox 434 1480 473 1510; x_wconf 83' lang='grc' dir='ltr'>εἰς</span> <span class='ocrx_word' id='word_1_354' title='bbox 495 1479 525 1505; x_wconf 85' lang='grc' dir='ltr'>τὸ</span> <span class='ocrx_word' id='word_1_355' title='bbox 545 1478 773 1505; x_wconf 76' lang='grc' dir='ltr'>ὀκτωκαιδέκατον</span> <span class='ocrx_word' id='word_1_356' title='bbox 796 1478 926 1514; x_wconf 86' lang='grc' dir='ltr'>λήγοντα·</span> 
     </span>
    </p>
   </div>
   <div class='ocr_carea' id='block_1_50' title="bbox 147 1524 926 1560">
    <p class='ocr_par' dir='ltr' id='par_1_50' title="bbox 147 1524 926 1560">
     <span class='ocr_line' id='line_1_50' title="bbox 147 1524 926 1560; baseline 0 -10"><span class='ocrx_word' id='word_1_357' title='bbox 147 1525 179 1551; x_wconf 77' lang='grc' dir='ltr'>ἐν</span> <span class='ocrx_word' id='word_1_358' title='bbox 190 1524 272 1560; x_wconf 84' lang='grc' dir='ltr'>τρίτῳ</span> <span class='ocrx_word' id='word_1_359' title='bbox 290 1525 372 1560; x_wconf 84' lang='grc' dir='ltr'>στίχῳ</span> <span class='ocrx_word' id='word_1_360' title='bbox 397 1525 424 1551; x_wconf 78' lang='grc' dir='ltr'>αἱ</span> <span class='ocrx_word' id='word_1_361' title='bbox 438 1524 492 1551; x_wconf 84' lang='grc' dir='ltr'><strong>τῶν</strong></span> <span class='ocrx_word' id='word_1_362' title='bbox 517 1525 565 1560; x_wconf 85' lang='grc' dir='ltr'>τῆς</span> <span class='ocrx_word' id='word_1_363' title='bbox 577 1525 688 1560; x_wconf 84' lang='grc' dir='ltr'>σελήνης</span> <span class='ocrx_word' id='word_1_364' title='bbox 703 1524 770 1551; x_wconf 78' lang='grc' dir='ltr'>ἐτῶν</span> <span class='ocrx_word' id='word_1_365' title='bbox 794 1524 909 1550; x_wconf 81' lang='grc' dir='ltr'>ὲπακταί</span> <span class='ocrx_word' id='word_1_366' title='bbox 920 1533 926 1539; x_wconf 92' lang='grc'>·</span> 
     </span>
    </p>
   </div>
   <div class='ocr_carea' id='block_1_51' title="bbox 148 1569 929 1606">
    <p class='ocr_par' dir='ltr' id='par_1_51' title="bbox 148 1569 929 1606">
     <span class='ocr_line' id='line_1_51' title="bbox 148 1569 929 1606; baseline 0.001 -11"><span class='ocrx_word' id='word_1_367' title='bbox 148 1571 179 1596; x_wconf 82' lang='grc' dir='ltr'>ὲν</span> <span class='ocrx_word' id='word_1_368' title='bbox 193 1569 314 1605; x_wconf 83' lang='grc' dir='ltr'>τετάρτῳ</span> <span class='ocrx_word' id='word_1_369' title='bbox 331 1569 413 1605; x_wconf 84' lang='grc' dir='ltr'>στίχῳ</span> <span class='ocrx_word' id='word_1_370' title='bbox 432 1570 456 1596; x_wconf 89' lang='grc' dir='ltr'><strong>οί</strong></span> <span class='ocrx_word' id='word_1_371' title='bbox 477 1570 626 1606; x_wconf 82' lang='grc' dir='ltr'>Ῥωμαῖκοὶ</span> <span class='ocrx_word' id='word_1_372' title='bbox 646 1570 739 1606; x_wconf 84' lang='grc' dir='ltr'>μῆνες,</span> <span class='ocrx_word' id='word_1_373' title='bbox 769 1570 929 1606; x_wconf 85' lang='grc' dir='ltr'>Ἰανουάριος</span> 
     </span>
    </p>
   </div>
   <div class='ocr_carea' id='block_1_52' title="bbox 1034 1206 1705 1263">
    <p class='ocr_par' dir='ltr' id='par_1_52' title="bbox 1034 1206 1705 1263">
     <span class='ocr_line' id='line_1_52' title="bbox 1034 1206 1705 1263; baseline 0.009 -13"><span class='ocrx_word' id='word_1_374' title='bbox 1034 1225 1105 1258; x_wconf 78' lang='lat' dir='ltr'><strong>Quid</strong></span> <span class='ocrx_word' id='word_1_375' title='bbox 1120 1224 1169 1251; x_wconf 73' lang='lat' dir='ltr'><strong>sibi</strong></span> <span class='ocrx_word' id='word_1_376' title='bbox 1184 1206 1244 1251; x_wconf 72' lang='lat' dir='ltr'><strong>uelit</strong></span> <span class='ocrx_word' id='word_1_377' title='bbox 1258 1225 1356 1251; x_wconf 81' lang='lat' dir='ltr'><strong>labella</strong></span> <span class='ocrx_word' id='word_1_378' title='bbox 1371 1225 1405 1252; x_wconf 79' lang='lat' dir='ltr'><strong>ad</strong></span> <span class='ocrx_word' id='word_1_379' title='bbox 1419 1226 1555 1254; x_wconf 75' lang='lat' dir='ltr'><strong>sinistram</strong></span> <span class='ocrx_word' id='word_1_380' title='bbox 1567 1228 1705 1263; x_wconf 76' lang='lat' dir='ltr'><strong>inscripta.</strong></span> 
     </span>
    </p>
   </div>
   <div class='ocr_carea' id='block_1_53' title="bbox 1016 1292 1760 1331">
    <p class='ocr_par' dir='ltr' id='par_1_53' title="bbox 1016 1292 1760 1331">
     <span class='ocr_line' id='line_1_53' title="bbox 1016 1292 1760 1331; baseline 0.009 -12"><span class='ocrx_word' id='word_1_381' title='bbox 1016 1292 1058 1319; x_wconf 90' lang='lat' dir='ltr'><strong>Ill.</strong></span> <span class='ocrx_word' id='word_1_382' title='bbox 1078 1293 1106 1320; x_wconf 92' lang='lat' dir='ltr'><strong>In</strong></span> <span class='ocrx_word' id='word_1_383' title='bbox 1118 1293 1230 1320; x_wconf 87' lang='lat' dir='ltr'><strong>sinistro</strong></span> <span class='ocrx_word' id='word_1_384' title='bbox 1245 1293 1386 1325; x_wconf 80' lang='lat' dir='ltr'><strong>laterculo,</strong></span> <span class='ocrx_word' id='word_1_385' title='bbox 1406 1295 1520 1330; x_wconf 88' lang='lat' dir='ltr'><strong>ejusque</strong></span> <span class='ocrx_word' id='word_1_386' title='bbox 1537 1296 1624 1331; x_wconf 82' lang='lat' dir='ltr'><strong>primo</strong></span> <span class='ocrx_word' id='word_1_387' title='bbox 1638 1305 1718 1325; x_wconf 90' lang='lat' dir='ltr'><strong>versu</strong></span> <span class='ocrx_word' id='word_1_388' title='bbox 1731 1299 1760 1326; x_wconf 92' lang='lat' dir='ltr'><strong>in</strong></span> 
     </span>
    </p>
   </div>
   <div class='ocr_carea' id='block_1_54' title="bbox 981 1339 1760 1375">
    <p class='ocr_par' dir='ltr' id='par_1_54' title="bbox 981 1339 1760 1375">
     <span class='ocr_line' id='line_1_54' title="bbox 981 1339 1760 1375; baseline 0.006 -9"><span class='ocrx_word' id='word_1_389' title='bbox 981 1339 1114 1367; x_wconf 85' lang='lat' dir='ltr'><strong>directum</strong></span> <span class='ocrx_word' id='word_1_390' title='bbox 1129 1339 1311 1367; x_wconf 73' lang='lat' dir='ltr'><strong>descendente</strong></span> <span class='ocrx_word' id='word_1_391' title='bbox 1336 1345 1438 1375; x_wconf 86' lang='lat' dir='ltr'><strong>septem</strong></span> <span class='ocrx_word' id='word_1_392' title='bbox 1454 1345 1518 1368; x_wconf 87' lang='lat' dir='ltr'><strong>sunt</strong></span> <span class='ocrx_word' id='word_1_393' title='bbox 1531 1342 1668 1370; x_wconf 85' lang='lat' dir='ltr'><strong>embolimi</strong></span> <span class='ocrx_word' id='word_1_394' title='bbox 1684 1352 1760 1371; x_wconf 88' lang='lat' dir='ltr'><strong>men-</strong></span> 
     </span>
    </p>
   </div>
   <div class='ocr_carea' id='block_1_55' title="bbox 982 1386 1759 1422">
    <p class='ocr_par' dir='ltr' id='par_1_55' title="bbox 982 1386 1759 1422">
     <span class='ocr_line' id='line_1_55' title="bbox 982 1386 1759 1422; baseline 0.004 -8"><span class='ocrx_word' id='word_1_395' title='bbox 982 1394 1036 1414; x_wconf 82' lang='lat' dir='ltr'><strong>ses.</strong></span> <span class='ocrx_word' id='word_1_396' title='bbox 1060 1386 1088 1412; x_wconf 93' lang='lat' dir='ltr'><strong>ln</strong></span> <span class='ocrx_word' id='word_1_397' title='bbox 1103 1386 1223 1413; x_wconf 91' lang='lat' dir='ltr'><strong>secundo</strong></span> <span class='ocrx_word' id='word_1_398' title='bbox 1245 1394 1338 1418; x_wconf 81' lang='lat' dir='ltr'><strong>versu,</strong></span> <span class='ocrx_word' id='word_1_399' title='bbox 1361 1395 1406 1413; x_wconf 66' lang='grc' dir='ltr'><strong>χιχ</strong></span> <span class='ocrx_word' id='word_1_400' title='bbox 1421 1387 1531 1415; x_wconf 86' lang='lat' dir='ltr'><strong>lunares</strong></span> <span class='ocrx_word' id='word_1_401' title='bbox 1550 1389 1634 1422; x_wconf 88' lang='lat' dir='ltr'><strong>anni;</strong></span> <span class='ocrx_word' id='word_1_402' title='bbox 1650 1389 1729 1417; x_wconf 86' lang='lat' dir='ltr'><strong>initio</strong></span> <span class='ocrx_word' id='word_1_403' title='bbox 1743 1398 1759 1417; x_wconf 89' lang='lat' dir='ltr'><strong>a</strong></span> 
     </span>
    </p>
   </div>
   <div class='ocr_carea' id='block_1_56' title="bbox 982 1429 1757 1466">
    <p class='ocr_par' dir='ltr' id='par_1_56' title="bbox 982 1429 1757 1466">
     <span class='ocr_line' id='line_1_56' title="bbox 982 1429 1757 1466; baseline 0.005 -9"><span class='ocrx_word' id='word_1_404' title='bbox 982 1438 1053 1457; x_wconf 91' lang='lat' dir='ltr'><strong>nono</strong></span> <span class='ocrx_word' id='word_1_405' title='bbox 1075 1430 1179 1457; x_wconf 86' lang='lat' dir='ltr'><strong>decimo</strong></span> <span class='ocrx_word' id='word_1_406' title='bbox 1197 1429 1268 1457; x_wconf 80' lang='lat' dir='ltr'><strong>facto</strong></span> <span class='ocrx_word' id='word_1_407' title='bbox 1285 1440 1291 1457; x_wconf 84' lang='lat'><strong><em>:</em></strong></span> <span class='ocrx_word' id='word_1_408' title='bbox 1310 1431 1380 1457; x_wconf 90' lang='lat' dir='ltr'><strong>unde</strong></span> <span class='ocrx_word' id='word_1_409' title='bbox 1398 1431 1431 1457; x_wconf 88' lang='lat' dir='ltr'><strong>ad</strong></span> <span class='ocrx_word' id='word_1_410' title='bbox 1453 1432 1580 1466; x_wconf 90' lang='lat' dir='ltr'><strong>primum,</strong></span> <span class='ocrx_word' id='word_1_411' title='bbox 1596 1434 1757 1466; x_wconf 86' lang='lat' dir='ltr'><strong>secundum,</strong></span> 
     </span>
    </p>
   </div>
   <div class='ocr_carea' id='block_1_57' title="bbox 963 1477 1759 1512">
    <p class='ocr_par' dir='ltr' id='par_1_57' title="bbox 963 1477 1759 1512">
     <span class='ocr_line' id='line_1_57' title="bbox 963 1477 1759 1512; baseline 0.006 -9"><span class='ocrx_word' id='word_1_412' title='bbox 963 1483 1012 1503; x_wconf 23' lang='lat' dir='ltr'><strong>‘ac</strong></span> <span class='ocrx_word' id='word_1_413' title='bbox 1028 1480 1142 1504; x_wconf 68' lang='lat' dir='ltr'><strong>caeteros</strong></span> <span class='ocrx_word' id='word_1_414' title='bbox 1169 1477 1265 1504; x_wconf 89' lang='lat' dir='ltr'><strong>ordine</strong></span> <span class='ocrx_word' id='word_1_415' title='bbox 1280 1485 1442 1512; x_wconf 79' lang='lat' dir='ltr'><strong>progressus</strong></span> <span class='ocrx_word' id='word_1_416' title='bbox 1464 1479 1565 1506; x_wconf 89' lang='lat' dir='ltr'><strong>desinit</strong></span> <span class='ocrx_word' id='word_1_417' title='bbox 1586 1479 1613 1506; x_wconf 90' lang='lat' dir='ltr'><strong>in</strong></span> <span class='ocrx_word' id='word_1_418' title='bbox 1633 1485 1759 1508; x_wconf 90' lang='lat' dir='ltr'><strong>octavum</strong></span> 
     </span>
    </p>
   </div>
   <div class='ocr_carea' id='block_1_58' title="bbox 981 1521 1759 1560">
    <p class='ocr_par' dir='ltr' id='par_1_58' title="bbox 981 1521 1759 1560">
     <span class='ocr_line' id='line_1_58' title="bbox 981 1521 1759 1560; baseline 0.009 -13"><span class='ocrx_word' id='word_1_419' title='bbox 981 1521 1135 1553; x_wconf 88' lang='lat' dir='ltr'><strong>decimum;</strong></span> <span class='ocrx_word' id='word_1_420' title='bbox 1152 1521 1232 1548; x_wconf 86' lang='lat' dir='ltr'><strong>tertio</strong></span> <span class='ocrx_word' id='word_1_421' title='bbox 1247 1529 1328 1548; x_wconf 91' lang='lat' dir='ltr'><strong>versu</strong></span> <span class='ocrx_word' id='word_1_422' title='bbox 1345 1522 1479 1549; x_wconf 88' lang='lat' dir='ltr'><strong>lunarium</strong></span> <span class='ocrx_word' id='word_1_423' title='bbox 1503 1531 1638 1552; x_wconf 87' lang='lat' dir='ltr'><strong>annorum</strong></span> <span class='ocrx_word' id='word_1_424' title='bbox 1657 1531 1759 1560; x_wconf 73' lang='lat' dir='ltr'><strong>epacttc</strong></span> 
     </span>
    </p>
   </div>
   <div class='ocr_carea' id='block_1_59' title="bbox 981 1566 1759 1602">
    <p class='ocr_par' dir='ltr' id='par_1_59' title="bbox 981 1566 1759 1602">
     <span class='ocr_line' id='line_1_59' title="bbox 981 1566 1759 1602; baseline 0.006 -9"><span class='ocrx_word' id='word_1_425' title='bbox 981 1567 1169 1600; x_wconf 81' lang='lat' dir='ltr'><strong>continentur;</strong></span> <span class='ocrx_word' id='word_1_426' title='bbox 1191 1571 1299 1601; x_wconf 82' lang='lat' dir='ltr'><strong>quarto,</strong></span> <span class='ocrx_word' id='word_1_427' title='bbox 1316 1566 1431 1594; x_wconf 85' lang='lat' dir='ltr'><strong>Romani</strong></span> <span class='ocrx_word' id='word_1_428' title='bbox 1452 1576 1558 1597; x_wconf 86' lang='lat' dir='ltr'><strong>menses</strong></span> <span class='ocrx_word' id='word_1_429' title='bbox 1576 1570 1640 1602; x_wconf 89' lang='lat' dir='ltr'><strong>duo,</strong></span> <span class='ocrx_word' id='word_1_430' title='bbox 1657 1570 1759 1598; x_wconf 79' lang='lat' dir='ltr'><strong>Janua-</strong></span> 
     </span>
    </p>
   </div>
   <div class='ocr_carea' id='block_1_60' title="bbox 147 1612 928 1651">
    <p class='ocr_par' dir='ltr' id='par_1_60' title="bbox 147 1615 928 1651">
     <span class='ocr_line' id='line_1_60' title="bbox 147 1615 928 1651; baseline 0.001 -10"><span class='ocrx_word' id='word_1_431' title='bbox 147 1616 197 1641; x_wconf 79' lang='grc' dir='ltr'>καὶ</span> <span class='ocrx_word' id='word_1_432' title='bbox 221 1615 416 1650; x_wconf 78' lang='grc' dir='ltr'>Φεσρουάριος·</span> <span class='ocrx_word' id='word_1_433' title='bbox 444 1616 472 1642; x_wconf 82' lang='grc' dir='ltr'>ὲν</span> <span class='ocrx_word' id='word_1_434' title='bbox 496 1616 613 1651; x_wconf 82' lang='grc' dir='ltr'>πέμπτῳ</span> <span class='ocrx_word' id='word_1_435' title='bbox 638 1616 720 1651; x_wconf 79' lang='grc' dir='ltr'>στίχῳ</span> <span class='ocrx_word' id='word_1_436' title='bbox 750 1617 777 1642; x_wconf 80' lang='grc' dir='ltr'>αὶ</span> <span class='ocrx_word' id='word_1_437' title='bbox 801 1617 928 1642; x_wconf 84' lang='grc' dir='ltr'>ποσταῖαι</span> 
     </span>
    </p>
   </div>
   <div class='ocr_carea' id='block_1_61' title="bbox 983 1612 1760 1651">
    <p class='ocr_par' dir='ltr' id='par_1_61' title="bbox 983 1612 1760 1651">
     <span class='ocr_line' id='line_1_61' title="bbox 983 1612 1760 1651; baseline 0.008 -12"><span class='ocrx_word' id='word_1_438' title='bbox 983 1612 1038 1639; x_wconf 87' lang='lat' dir='ltr'><strong>rius</strong></span> <span class='ocrx_word' id='word_1_439' title='bbox 1051 1617 1077 1640; x_wconf 87' lang='lat' dir='ltr'><strong>et</strong></span> <span class='ocrx_word' id='word_1_440' title='bbox 1090 1612 1271 1646; x_wconf 84' lang='lat' dir='ltr'><strong>Februarius;</strong></span> <span class='ocrx_word' id='word_1_441' title='bbox 1297 1614 1408 1648; x_wconf 86' lang='lat' dir='ltr'><strong>quintus</strong></span> <span class='ocrx_word' id='word_1_442' title='bbox 1425 1616 1558 1643; x_wconf 89' lang='lat' dir='ltr'><strong>mensium</strong></span> <span class='ocrx_word' id='word_1_443' title='bbox 1576 1621 1673 1651; x_wconf 84' lang='lat' dir='ltr'><strong>quotas</strong></span> <span class='ocrx_word' id='word_1_444' title='bbox 1686 1619 1760 1645; x_wconf 81' lang='lat' dir='ltr'><strong>exhi-</strong></span> 
     </span>
    </p>
   </div>
   <div class='ocr_carea' id='block_1_62' title="bbox 146 1648 928 1697">
    <p class='ocr_par' dir='ltr' id='par_1_62' title="bbox 146 1661 928 1697">
     <span class='ocr_line' id='line_1_62' title="bbox 146 1661 928 1697; baseline 0.001 -11"><span class='ocrx_word' id='word_1_445' title='bbox 146 1661 238 1686; x_wconf 81' lang='grc' dir='ltr'>αὐτῶν</span> <span class='ocrx_word' id='word_1_446' title='bbox 260 1661 314 1687; x_wconf 83' lang='grc' dir='ltr'>τῶν</span> <span class='ocrx_word' id='word_1_447' title='bbox 341 1661 447 1696; x_wconf 82' lang='grc' dir='ltr'>μηνῶν,</span> <span class='ocrx_word' id='word_1_448' title='bbox 468 1662 507 1693; x_wconf 82' lang='grc' dir='ltr'><strong>είς</strong></span> <span class='ocrx_word' id='word_1_449' title='bbox 528 1661 561 1692; x_wconf 77' lang='grc' dir='ltr'>ἃς</span> <span class='ocrx_word' id='word_1_450' title='bbox 577 1661 718 1696; x_wconf 76' lang='grc' dir='ltr'>συμϐαίνει</span> <span class='ocrx_word' id='word_1_451' title='bbox 738 1661 858 1695; x_wconf 82' lang='grc' dir='ltr'>γίνεσθαι</span> <span class='ocrx_word' id='word_1_452' title='bbox 879 1662 928 1697; x_wconf 80' lang='grc' dir='ltr'>τὴν</span> 
     </span>
    </p>
   </div>
   <div class='ocr_carea' id='block_1_63' title="bbox 983 1648 1759 1697">
    <p class='ocr_par' dir='ltr' id='par_1_63' title="bbox 983 1659 1759 1696">
     <span class='ocr_line' id='line_1_63' title="bbox 983 1659 1759 1696; baseline 0.008 -11"><span class='ocrx_word' id='word_1_453' title='bbox 983 1659 1033 1691; x_wconf 84' lang='lat' dir='ltr'><strong>hct,</strong></span> <span class='ocrx_word' id='word_1_454' title='bbox 1059 1659 1085 1685; x_wconf 88' lang='lat' dir='ltr'><strong>in</strong></span> <span class='ocrx_word' id='word_1_455' title='bbox 1109 1667 1177 1693; x_wconf 82' lang='lat' dir='ltr'><strong>quas</strong></span> <span class='ocrx_word' id='word_1_456' title='bbox 1197 1659 1372 1694; x_wconf 74' lang='lat' dir='ltr'><strong>Carnisprivii</strong></span> <span class='ocrx_word' id='word_1_457' title='bbox 1399 1660 1496 1687; x_wconf 78' lang='lat' dir='ltr'><strong>festum</strong></span> <span class='ocrx_word' id='word_1_458' title='bbox 1509 1661 1636 1696; x_wconf 61' lang='lat' dir='ltr'><strong>-.incidit;</strong></span> <span class='ocrx_word' id='word_1_459' title='bbox 1664 1669 1759 1691; x_wconf 77' lang='lat' dir='ltr'><strong>sextus</strong></span> 
     </span>
    </p>
   </div>
   <div class='ocr_carea' id='block_1_64' title="bbox 145 1703 928 1744">
    <p class='ocr_par' dir='ltr' id='par_1_64' title="bbox 145 1707 928 1744">
     <span class='ocr_line' id='line_1_64' title="bbox 145 1707 928 1744; baseline -0.001 -10"><span class='ocrx_word' id='word_1_460' title='bbox 145 1707 356 1743; x_wconf 82' lang='grc' dir='ltr'>ἀποκρεώσιμον</span> <span class='ocrx_word' id='word_1_461' title='bbox 377 1709 488 1744; x_wconf 79' lang='grc' dir='ltr'>ἑορτήν·</span> <span class='ocrx_word' id='word_1_462' title='bbox 503 1709 531 1733; x_wconf 80' lang='grc' dir='ltr'><strong>ὲν</strong></span> <span class='ocrx_word' id='word_1_463' title='bbox 548 1707 619 1742; x_wconf 72' lang='grc' dir='ltr'>ἕκτῳ</span> <span class='ocrx_word' id='word_1_464' title='bbox 640 1708 722 1742; x_wconf 85' lang='grc' dir='ltr'>στίχῳ</span> <span class='ocrx_word' id='word_1_465' title='bbox 739 1708 766 1733; x_wconf 83' lang='grc' dir='ltr'>αἱ</span> <span class='ocrx_word' id='word_1_466' title='bbox 784 1707 928 1742; x_wconf 73' lang='grc' dir='ltr'>προσοεταὶ</span> 
     </span>
    </p>
   </div>
   <div class='ocr_carea' id='block_1_65' title="bbox 983 1703 1760 1744">
    <p class='ocr_par' dir='ltr' id='par_1_65' title="bbox 983 1703 1760 1739">
     <span class='ocr_line' id='line_1_65' title="bbox 983 1703 1760 1739; baseline 0.009 -10"><span class='ocrx_word' id='word_1_467' title='bbox 983 1711 1073 1730; x_wconf 85' lang='lat' dir='ltr'><strong>versus</strong></span> <span class='ocrx_word' id='word_1_468' title='bbox 1093 1703 1231 1730; x_wconf 86' lang='lat' dir='ltr'><strong>addititios</strong></span> <span class='ocrx_word' id='word_1_469' title='bbox 1251 1704 1321 1735; x_wconf 83' lang='lat' dir='ltr'><strong>dies,</strong></span> <span class='ocrx_word' id='word_1_470' title='bbox 1341 1705 1397 1731; x_wconf 88' lang='lat' dir='ltr'><strong>sive</strong></span> <span class='ocrx_word' id='word_1_471' title='bbox 1414 1705 1553 1739; x_wconf 75' lang='lat' dir='ltr'><strong>regulares</strong></span> <span class='ocrx_word' id='word_1_472' title='bbox 1573 1707 1695 1735; x_wconf 79' lang='lat' dir='ltr'><strong>continet</strong></span> <span class='ocrx_word' id='word_1_473' title='bbox 1715 1716 1760 1735; x_wconf 81' lang='lat' dir='ltr'><strong>se-</strong></span> 
     </span>
    </p>
   </div>
   <div class='ocr_carea' id='block_1_66' title="bbox 146 1749 928 1790">
    <p class='ocr_par' dir='ltr' id='par_1_66' title="bbox 146 1753 928 1790">
     <span class='ocr_line' id='line_1_66' title="bbox 146 1753 928 1790; baseline 0 -10"><span class='ocrx_word' id='word_1_474' title='bbox 146 1754 261 1790; x_wconf 78' lang='grc' dir='ltr'>ήμέραι,</span> <span class='ocrx_word' id='word_1_475' title='bbox 289 1754 331 1780; x_wconf 79' lang='grc' dir='ltr'>διὰ</span> <span class='ocrx_word' id='word_1_476' title='bbox 350 1754 462 1790; x_wconf 88' lang='grc' dir='ltr'>σηρικοῦ</span> <span class='ocrx_word' id='word_1_477' title='bbox 482 1754 682 1790; x_wconf 80' lang='grc' dir='ltr'>γεγραμμέναι.</span> <span class='ocrx_word' id='word_1_478' title='bbox 703 1754 758 1780; x_wconf 74' lang='grc' dir='ltr'>Καὶ</span> <span class='ocrx_word' id='word_1_479' title='bbox 778 1753 863 1780; x_wconf 85' lang='grc' dir='ltr'>ταῦτα</span> <span class='ocrx_word' id='word_1_480' title='bbox 878 1753 928 1788; x_wconf 84' lang='grc' dir='ltr'><strong>μὲν</strong></span> 
     </span>
    </p>
   </div>
   <div class='ocr_carea' id='block_1_67' title="bbox 983 1749 1606 1790">
    <p class='ocr_par' dir='ltr' id='par_1_67' title="bbox 983 1749 1606 1784">
     <span class='ocr_line' id='line_1_67' title="bbox 983 1749 1606 1784; baseline 0.005 -8"><span class='ocrx_word' id='word_1_481' title='bbox 983 1749 1036 1776; x_wconf 86' lang='lat' dir='ltr'><strong>rico</strong></span> <span class='ocrx_word' id='word_1_482' title='bbox 1053 1749 1164 1784; x_wconf 83' lang='lat' dir='ltr'><strong>scripto.</strong></span> <span class='ocrx_word' id='word_1_483' title='bbox 1183 1749 1245 1777; x_wconf 69' lang='lat' dir='ltr'><strong>Haec</strong></span> <span class='ocrx_word' id='word_1_484' title='bbox 1257 1750 1290 1777; x_wconf 84' lang='lat' dir='ltr'><strong>ad</strong></span> <span class='ocrx_word' id='word_1_485' title='bbox 1305 1751 1447 1778; x_wconf 81' lang='lat' dir='ltr'><strong>sinistram</strong></span> <span class='ocrx_word' id='word_1_486' title='bbox 1460 1750 1606 1780; x_wconf 80' lang='lat' dir='ltr'><strong>habentur.</strong></span> 
     </span>
    </p>
   </div>
   <div class='ocr_carea' id='block_1_68' title="bbox 147 1799 348 1835">
    <p class='ocr_par' dir='ltr' id='par_1_68' title="bbox 147 1799 348 1835">
     <span class='ocr_line' id='line_1_68' title="bbox 147 1799 348 1835; baseline 0.005 -10"><span class='ocrx_word' id='word_1_487' title='bbox 147 1799 179 1831; x_wconf 69' lang='grc' dir='ltr'><strong>ἐξ</strong></span> <span class='ocrx_word' id='word_1_488' title='bbox 191 1799 348 1835; x_wconf 79' lang='grc' dir='ltr'>εὐωνύμων.</span> 
     </span>
    </p>
   </div>
   <div class='ocr_carea' id='block_1_69' title="bbox 326 1864 752 1900">
    <p class='ocr_par' dir='ltr' id='par_1_69' title="bbox 326 1864 752 1900">
     <span class='ocr_line' id='line_1_69' title="bbox 326 1864 752 1900; baseline -0.005 -6"><span class='ocrx_word' id='word_1_489' title='bbox 326 1867 373 1899; x_wconf 80' lang='grc' dir='ltr'><strong>Τίς</strong></span> <span class='ocrx_word' id='word_1_490' title='bbox 388 1867 407 1900; x_wconf 76' lang='grc' dir='ltr'>ἡ</span> <span class='ocrx_word' id='word_1_491' title='bbox 422 1866 456 1893; x_wconf 77' lang='grc' dir='ltr'>ἐκ</span> <span class='ocrx_word' id='word_1_492' title='bbox 473 1864 579 1898; x_wconf 74' lang='grc' dir='ltr'>δεξιῶν</span> <span class='ocrx_word' id='word_1_493' title='bbox 595 1865 752 1900; x_wconf 63' lang='grc' dir='ltr'>διαγτραςσή.</span> 
     </span>
    </p>
   </div>
   <div class='ocr_carea' id='block_1_70' title="bbox 183 1921 928 1958">
    <p class='ocr_par' dir='ltr' id='par_1_70' title="bbox 183 1921 928 1958">
     <span class='ocr_line' id='line_1_70' title="bbox 183 1921 928 1958; baseline -0.003 -8"><span class='ocrx_word' id='word_1_494' title='bbox 183 1924 219 1950; x_wconf 85' lang='lat' dir='ltr'><strong>A&#39;.</strong></span> <span class='ocrx_word' id='word_1_495' title='bbox 246 1923 293 1949; x_wconf 84' lang='grc' dir='ltr'>Ἐκ</span> <span class='ocrx_word' id='word_1_496' title='bbox 308 1922 399 1956; x_wconf 76' lang='grc' dir='ltr'>δεξιῶν</span> <span class='ocrx_word' id='word_1_497' title='bbox 410 1923 437 1949; x_wconf 80' lang='grc' dir='ltr'>δὲ</span> <span class='ocrx_word' id='word_1_498' title='bbox 452 1923 480 1949; x_wconf 86' lang='grc' dir='ltr'>ὲν</span> <span class='ocrx_word' id='word_1_499' title='bbox 493 1921 592 1958; x_wconf 82' lang='grc' dir='ltr'>πρώτῳ</span> <span class='ocrx_word' id='word_1_500' title='bbox 605 1922 687 1956; x_wconf 84' lang='grc' dir='ltr'>στίχῳ</span> <span class='ocrx_word' id='word_1_501' title='bbox 699 1921 733 1947; x_wconf 81' lang='grc' dir='ltr'>τὰ</span> <span class='ocrx_word' id='word_1_502' title='bbox 747 1921 878 1956; x_wconf 75' lang='grc' dir='ltr'>εἰρημένα</span> <span class='ocrx_word' id='word_1_503' title='bbox 896 1921 928 1948; x_wconf 78' lang='grc' dir='ltr'><strong>ιϐ’</strong></span> 
     </span>
    </p>
   </div>
   <div class='ocr_carea' id='block_1_71' title="bbox 146 1967 928 2004">
    <p class='ocr_par' dir='ltr' id='par_1_71' title="bbox 146 1967 928 2004">
     <span class='ocr_line' id='line_1_71' title="bbox 146 1967 928 2004; baseline -0.003 -9"><span class='ocrx_word' id='word_1_504' title='bbox 146 1968 198 2004; x_wconf 86' lang='grc' dir='ltr'>τῆς</span> <span class='ocrx_word' id='word_1_505' title='bbox 215 1969 326 2004; x_wconf 80' lang='grc' dir='ltr'>σελήνης</span> <span class='ocrx_word' id='word_1_506' title='bbox 339 1968 396 2004; x_wconf 75' lang='grc' dir='ltr'>ἐτη,</span> <span class='ocrx_word' id='word_1_507' title='bbox 408 1968 461 1995; x_wconf 84' lang='grc' dir='ltr'><strong>ἀπὺ</strong></span> <span class='ocrx_word' id='word_1_508' title='bbox 476 1968 584 2004; x_wconf 86' lang='grc' dir='ltr'>πρώτου</span> <span class='ocrx_word' id='word_1_509' title='bbox 598 1967 658 1994; x_wconf 82' lang='grc' dir='ltr'>καθ’</span> <span class='ocrx_word' id='word_1_510' title='bbox 673 1967 766 2002; x_wconf 77' lang='grc' dir='ltr'>εἱρμὸν</span> <span class='ocrx_word' id='word_1_511' title='bbox 780 1967 928 2002; x_wconf 79' lang='grc' dir='ltr'>ἀρχόμενα,</span> 
     </span>
    </p>
   </div>
   <div class='ocr_carea' id='block_1_72' title="bbox 148 2012 929 2049">
    <p class='ocr_par' dir='ltr' id='par_1_72' title="bbox 148 2012 929 2049">
     <span class='ocr_line' id='line_1_72' title="bbox 148 2012 929 2049; baseline -0.004 -8"><span class='ocrx_word' id='word_1_512' title='bbox 148 2015 198 2041; x_wconf 77' lang='grc' dir='ltr'><strong>καὶ</strong></span> <span class='ocrx_word' id='word_1_513' title='bbox 213 2014 257 2041; x_wconf 79' lang='grc' dir='ltr'><strong>διὰ</strong></span> <span class='ocrx_word' id='word_1_514' title='bbox 272 2013 319 2040; x_wconf 81' lang='grc' dir='ltr'>τοῦ</span> <span class='ocrx_word' id='word_1_515' title='bbox 337 2014 472 2049; x_wconf 78' lang='grc' dir='ltr'>δευτέρου,</span> <span class='ocrx_word' id='word_1_516' title='bbox 489 2014 536 2040; x_wconf 79' lang='grc' dir='ltr'>καὶ</span> <span class='ocrx_word' id='word_1_517' title='bbox 550 2014 652 2048; x_wconf 79' lang='grc' dir='ltr'>τρίτου,</span> <span class='ocrx_word' id='word_1_518' title='bbox 670 2013 717 2039; x_wconf 80' lang='grc' dir='ltr'>καὶ</span> <span class='ocrx_word' id='word_1_519' title='bbox 734 2012 787 2038; x_wconf 87' lang='grc' dir='ltr'><strong>τῶν</strong></span> <span class='ocrx_word' id='word_1_520' title='bbox 811 2012 929 2047; x_wconf 81' lang='grc' dir='ltr'>καθεξῆς</span> 
     </span>
    </p>
   </div>
   <div class='ocr_carea' id='block_1_73' title="bbox 148 2058 929 2094">
    <p class='ocr_par' dir='ltr' id='par_1_73' title="bbox 148 2058 929 2094">
     <span class='ocr_line' id='line_1_73' title="bbox 148 2058 929 2094; baseline -0.004 -8"><span class='ocrx_word' id='word_1_521' title='bbox 148 2062 190 2091; x_wconf 81' lang='grc' dir='ltr'><strong>είς</strong></span> <span class='ocrx_word' id='word_1_522' title='bbox 201 2059 246 2086; x_wconf 80' lang='grc' dir='ltr'>τὸν</span> <span class='ocrx_word' id='word_1_523' title='bbox 269 2059 301 2086; x_wconf 86' lang='grc' dir='ltr'><strong>ιθ¹</strong></span> <span class='ocrx_word' id='word_1_524' title='bbox 315 2059 447 2094; x_wconf 65' lang='grc' dir='ltr'>λήγονται</span> <span class='ocrx_word' id='word_1_525' title='bbox 466 2059 494 2086; x_wconf 87' lang='grc' dir='ltr'>ὲν</span> <span class='ocrx_word' id='word_1_526' title='bbox 509 2059 626 2094; x_wconf 84' lang='grc' dir='ltr'>δευτέρῳ</span> <span class='ocrx_word' id='word_1_527' title='bbox 641 2058 723 2093; x_wconf 86' lang='grc' dir='ltr'>στίχῳ</span> <span class='ocrx_word' id='word_1_528' title='bbox 739 2059 762 2084; x_wconf 86' lang='grc' dir='ltr'><strong>οί</strong></span> <span class='ocrx_word' id='word_1_529' title='bbox 782 2058 929 2092; x_wconf 84' lang='grc' dir='ltr'>Ῥωμαῖκοὶ</span> 
     </span>
    </p>
   </div>
   <div class='ocr_carea' id='block_1_74' title="bbox 149 2103 929 2142">
    <p class='ocr_par' dir='ltr' id='par_1_74' title="bbox 149 2103 929 2142">
     <span class='ocr_line' id='line_1_74' title="bbox 149 2103 929 2142; baseline -0.004 -10"><span class='ocrx_word' id='word_1_530' title='bbox 149 2107 245 2142; x_wconf 81' lang='grc' dir='ltr'>μῆνες,</span> <span class='ocrx_word' id='word_1_531' title='bbox 261 2106 442 2141; x_wconf 74' lang='grc' dir='ltr'>Σεπτέμὸριος</span> <span class='ocrx_word' id='word_1_532' title='bbox 456 2105 502 2131; x_wconf 80' lang='grc' dir='ltr'><strong>καὶ</strong></span> <span class='ocrx_word' id='word_1_533' title='bbox 515 2104 676 2140; x_wconf 76' lang='grc' dir='ltr'>Ὀκτώῦριος</span> <span class='ocrx_word' id='word_1_534' title='bbox 686 2113 692 2119; x_wconf 70' lang='grc'><strong>⁸</strong></span> <span class='ocrx_word' id='word_1_535' title='bbox 711 2105 739 2130; x_wconf 81' lang='grc' dir='ltr'>ὲν</span> <span class='ocrx_word' id='word_1_536' title='bbox 752 2103 835 2139; x_wconf 85' lang='grc' dir='ltr'>τρίτῳ</span> <span class='ocrx_word' id='word_1_537' title='bbox 847 2103 929 2138; x_wconf 86' lang='grc' dir='ltr'>στίχῳ</span> 
     </span>
    </p>
   </div>
   <div class='ocr_carea' id='block_1_75' title="bbox 147 2149 928 2186">
    <p class='ocr_par' dir='ltr' id='par_1_75' title="bbox 147 2149 928 2186">
     <span class='ocr_line' id='line_1_75' title="bbox 147 2149 928 2186; baseline -0.004 -8"><span class='ocrx_word' id='word_1_538' title='bbox 147 2154 176 2178; x_wconf 78' lang='lat' dir='ltr'><strong>at</strong></span> <span class='ocrx_word' id='word_1_539' title='bbox 192 2152 292 2178; x_wconf 88' lang='grc' dir='ltr'>τούτων</span> <span class='ocrx_word' id='word_1_540' title='bbox 310 2151 365 2177; x_wconf 83' lang='grc' dir='ltr'>τῶν</span> <span class='ocrx_word' id='word_1_541' title='bbox 392 2151 482 2186; x_wconf 83' lang='grc' dir='ltr'>μηνῶν</span> <span class='ocrx_word' id='word_1_542' title='bbox 507 2152 644 2182; x_wconf 83' lang='grc' dir='ltr'>ποσταῖαι,</span> <span class='ocrx_word' id='word_1_543' title='bbox 661 2151 700 2182; x_wconf 88' lang='grc' dir='ltr'>εἰς</span> <span class='ocrx_word' id='word_1_544' title='bbox 715 2149 747 2181; x_wconf 78' lang='grc' dir='ltr'>ἃς</span> <span class='ocrx_word' id='word_1_545' title='bbox 769 2150 862 2176; x_wconf 84' lang='grc' dir='ltr'>πίπτει</span> <span class='ocrx_word' id='word_1_546' title='bbox 881 2149 928 2175; x_wconf 84' lang='grc' dir='ltr'>τοῦ</span> 
     </span>
    </p>
   </div>
   <div class='ocr_carea' id='block_1_76' title="bbox 147 2195 929 2232">
    <p class='ocr_par' dir='ltr' id='par_1_76' title="bbox 147 2195 929 2232">
     <span class='ocr_line' id='line_1_76' title="bbox 147 2195 929 2232; baseline -0.003 -8"><span class='ocrx_word' id='word_1_547' title='bbox 147 2197 261 2232; x_wconf 71' lang='grc' dir='ltr'>ἑϐδόμου</span> <span class='ocrx_word' id='word_1_548' title='bbox 285 2196 344 2224; x_wconf 81' lang='grc' dir='ltr'>καθ’</span> <span class='ocrx_word' id='word_1_549' title='bbox 366 2196 506 2232; x_wconf 76' lang='grc' dir='ltr'>Ἐϐραίους</span> <span class='ocrx_word' id='word_1_550' title='bbox 527 2196 610 2231; x_wconf 78' lang='grc' dir='ltr'>μηνὸς</span> <span class='ocrx_word' id='word_1_551' title='bbox 627 2197 644 2231; x_wconf 83' lang='grc' dir='ltr'>ἡ</span> <span class='ocrx_word' id='word_1_552' title='bbox 667 2196 764 2231; x_wconf 87' lang='grc' dir='ltr'>δεκάτη</span> <span class='ocrx_word' id='word_1_553' title='bbox 788 2196 846 2223; x_wconf 88' lang='grc' dir='ltr'>κατ’</span> <span class='ocrx_word' id='word_1_554' title='bbox 870 2195 929 2226; x_wconf 78' lang='grc' dir='ltr'>ἔτος</span> 
     </span>
    </p>
   </div>
   <div class='ocr_carea' id='block_1_77' title="bbox 147 2240 928 2277">
    <p class='ocr_par' dir='ltr' id='par_1_77' title="bbox 147 2240 928 2277">
     <span class='ocr_line' id='line_1_77' title="bbox 147 2240 928 2277; baseline -0.003 -9"><span class='ocrx_word' id='word_1_555' title='bbox 147 2243 262 2269; x_wconf 72' lang='grc' dir='ltr'>ἕκαστον</span> <span class='ocrx_word' id='word_1_556' title='bbox 271 2251 278 2257; x_wconf 91' lang='grc'><strong>·</strong></span> <span class='ocrx_word' id='word_1_557' title='bbox 293 2243 322 2269; x_wconf 84' lang='grc' dir='ltr'>ὲν</span> <span class='ocrx_word' id='word_1_558' title='bbox 333 2242 454 2277; x_wconf 87' lang='grc' dir='ltr'>τετάρτῳ</span> <span class='ocrx_word' id='word_1_559' title='bbox 466 2241 548 2276; x_wconf 86' lang='grc' dir='ltr'>στίχῳ</span> <span class='ocrx_word' id='word_1_560' title='bbox 562 2241 590 2267; x_wconf 82' lang='grc' dir='ltr'><strong>αἱ</strong></span> <span class='ocrx_word' id='word_1_561' title='bbox 603 2241 749 2276; x_wconf 78' lang='grc' dir='ltr'>προσθεταὶ</span> <span class='ocrx_word' id='word_1_562' title='bbox 763 2240 873 2276; x_wconf 83' lang='grc' dir='ltr'>ἡμέραι,</span> <span class='ocrx_word' id='word_1_563' title='bbox 885 2240 928 2267; x_wconf 75' lang='grc' dir='ltr'>διὰ</span> 
     </span>
    </p>
   </div>
   <div class='ocr_carea' id='block_1_78' title="bbox 149 2287 927 2325">
    <p class='ocr_par' dir='ltr' id='par_1_78' title="bbox 149 2287 927 2325">
     <span class='ocr_line' id='line_1_78' title="bbox 149 2287 927 2325; baseline -0.004 -9"><span class='ocrx_word' id='word_1_564' title='bbox 149 2289 264 2325; x_wconf 80' lang='grc' dir='ltr'>σηρικοῦ</span> <span class='ocrx_word' id='word_1_565' title='bbox 287 2289 495 2324; x_wconf 83' lang='grc' dir='ltr'>γεγραμμέναι’</span> <span class='ocrx_word' id='word_1_566' title='bbox 521 2289 549 2315; x_wconf 81' lang='grc' dir='ltr'>ὲν</span> <span class='ocrx_word' id='word_1_567' title='bbox 566 2288 682 2322; x_wconf 83' lang='grc' dir='ltr'>πέμπτῳ</span> <span class='ocrx_word' id='word_1_568' title='bbox 706 2287 788 2322; x_wconf 83' lang='grc' dir='ltr'>στίχῳ</span> <span class='ocrx_word' id='word_1_569' title='bbox 809 2288 832 2313; x_wconf 79' lang='grc' dir='ltr'>οἱ</span> <span class='ocrx_word' id='word_1_570' title='bbox 860 2287 927 2313; x_wconf 80' lang='grc' dir='ltr'><strong>Ῥω·-</strong></span> 
     </span>
    </p>
   </div>
   <div class='ocr_carea' id='block_1_79' title="bbox 978 1849 1756 1901">
    <p class='ocr_par' dir='ltr' id='par_1_79' title="bbox 978 1849 1756 1901">
     <span class='ocr_line' id='line_1_79' title="bbox 978 1849 1756 1901; baseline 0.008 -13"><span class='ocrx_word' id='word_1_571' title='bbox 978 1862 1048 1896; x_wconf 73' lang='lat' dir='ltr'><strong>Quid</strong></span> <span class='ocrx_word' id='word_1_572' title='bbox 1066 1862 1100 1889; x_wconf 81' lang='lat' dir='ltr'><strong>ad</strong></span> <span class='ocrx_word' id='word_1_573' title='bbox 1112 1863 1233 1890; x_wconf 75' lang='lat' dir='ltr'><strong>dextram</strong></span> <span class='ocrx_word' id='word_1_574' title='bbox 1249 1868 1314 1891; x_wconf 65' lang='lat' dir='ltr'><strong>rota?</strong></span> <span class='ocrx_word' id='word_1_575' title='bbox 1327 1868 1428 1899; x_wconf 76' lang='lat' dir='ltr'><strong>partem</strong></span> <span class='ocrx_word' id='word_1_576' title='bbox 1440 1865 1498 1892; x_wconf 74' lang='grc' dir='ltr'><strong>δίιω</strong></span> <span class='ocrx_word' id='word_1_577' title='bbox 1511 1865 1602 1892; x_wconf 76' lang='lat' dir='ltr'><strong>tabula</strong></span> <span class='ocrx_word' id='word_1_578' title='bbox 1614 1849 1756 1901; x_wconf 72' lang='lat' dir='ltr'><strong>signiﬁcet.</strong></span> 
     </span>
    </p>
   </div>
   <div class='ocr_carea' id='block_1_80' title="bbox 1012 1917 1757 1954">
    <p class='ocr_par' dir='ltr' id='par_1_80' title="bbox 1012 1917 1757 1954">
     <span class='ocr_line' id='line_1_80' title="bbox 1012 1917 1757 1954; baseline 0.004 -10"><span class='ocrx_word' id='word_1_579' title='bbox 1012 1917 1056 1945; x_wconf 81' lang='grc' dir='ltr'><strong>ιν.</strong></span> <span class='ocrx_word' id='word_1_580' title='bbox 1075 1918 1179 1945; x_wconf 66' lang='lat' dir='ltr'><strong>Dextra:</strong></span> <span class='ocrx_word' id='word_1_581' title='bbox 1199 1919 1297 1946; x_wconf 65' lang='lat' dir='ltr'><strong>tabula:</strong></span> <span class='ocrx_word' id='word_1_582' title='bbox 1316 1920 1422 1954; x_wconf 90' lang='lat' dir='ltr'><strong>primus</strong></span> <span class='ocrx_word' id='word_1_583' title='bbox 1444 1927 1539 1948; x_wconf 89' lang='lat' dir='ltr'><strong>versus</strong></span> <span class='ocrx_word' id='word_1_584' title='bbox 1560 1920 1757 1953; x_wconf 77' lang='lat' dir='ltr'><strong>novemdccim,</strong></span> 
     </span>
    </p>
   </div>
   <div class='ocr_carea' id='block_1_81' title="bbox 978 1963 1759 2000">
    <p class='ocr_par' dir='ltr' id='par_1_81' title="bbox 978 1963 1759 2000">
     <span class='ocr_line' id='line_1_81' title="bbox 978 1963 1759 2000; baseline 0.004 -11"><span class='ocrx_word' id='word_1_585' title='bbox 978 1966 1008 1989; x_wconf 93' lang='lat' dir='ltr'><strong>ut</strong></span> <span class='ocrx_word' id='word_1_586' title='bbox 1024 1963 1090 1994; x_wconf 77' lang='lat' dir='ltr'><strong>dixi.</strong></span> <span class='ocrx_word' id='word_1_587' title='bbox 1105 1971 1193 1991; x_wconf 82' lang='lat' dir='ltr'><strong>annus</strong></span> <span class='ocrx_word' id='word_1_588' title='bbox 1205 1964 1275 1991; x_wconf 87' lang='lat' dir='ltr'><strong>lunae</strong></span> <span class='ocrx_word' id='word_1_589' title='bbox 1293 1965 1496 1999; x_wconf 83' lang='lat' dir='ltr'><strong>complectitur,</strong></span> <span class='ocrx_word' id='word_1_590' title='bbox 1517 1965 1564 2000; x_wconf 87' lang='lat' dir='ltr'><strong>qui</strong></span> <span class='ocrx_word' id='word_1_591' title='bbox 1578 1973 1593 1992; x_wconf 68' lang='grc' dir='ltr'><strong>τι</strong></span> <span class='ocrx_word' id='word_1_592' title='bbox 1606 1966 1694 2000; x_wconf 91' lang='lat' dir='ltr'><strong>primo</strong></span> <span class='ocrx_word' id='word_1_593' title='bbox 1711 1972 1759 2000; x_wconf 84' lang='lat' dir='ltr'><strong>per</strong></span> 
     </span>
    </p>
   </div>
   <div class='ocr_carea' id='block_1_82' title="bbox 978 2009 1757 2046">
    <p class='ocr_par' dir='ltr' id='par_1_82' title="bbox 978 2009 1757 2046">
     <span class='ocr_line' id='line_1_82' title="bbox 978 2009 1757 2046; baseline 0.004 -11"><span class='ocrx_word' id='word_1_594' title='bbox 978 2009 1139 2041; x_wconf 83' lang='lat' dir='ltr'><strong>secundum,</strong></span> <span class='ocrx_word' id='word_1_595' title='bbox 1160 2009 1280 2041; x_wconf 79' lang='lat' dir='ltr'><strong>tertium,</strong></span> <span class='ocrx_word' id='word_1_596' title='bbox 1298 2018 1329 2037; x_wconf 90' lang='lat' dir='ltr'><strong>ac</strong></span> <span class='ocrx_word' id='word_1_597' title='bbox 1347 2011 1468 2045; x_wconf 84' lang='lat' dir='ltr'><strong>reliquos</strong></span> <span class='ocrx_word' id='word_1_598' title='bbox 1485 2011 1580 2038; x_wconf 90' lang='lat' dir='ltr'><strong>ordine</strong></span> <span class='ocrx_word' id='word_1_599' title='bbox 1596 2011 1757 2046; x_wconf 86' lang='lat' dir='ltr'><strong>procedunt,</strong></span> 
     </span>
    </p>
   </div>
   <div class='ocr_carea' id='block_1_83' title="bbox 977 2054 1758 2090">
    <p class='ocr_par' dir='ltr' id='par_1_83' title="bbox 977 2054 1758 2090">
     <span class='ocr_line' id='line_1_83' title="bbox 977 2054 1758 2090; baseline 0.001 -9"><span class='ocrx_word' id='word_1_600' title='bbox 977 2058 1060 2090; x_wconf 87' lang='lat' dir='ltr'><strong>atque</strong></span> <span class='ocrx_word' id='word_1_601' title='bbox 1076 2054 1103 2081; x_wconf 91' lang='lat' dir='ltr'><strong>in</strong></span> <span class='ocrx_word' id='word_1_602' title='bbox 1117 2054 1252 2081; x_wconf 87' lang='lat' dir='ltr'><strong>decimum</strong></span> <span class='ocrx_word' id='word_1_603' title='bbox 1265 2062 1367 2081; x_wconf 91' lang='lat' dir='ltr'><strong>nonum</strong></span> <span class='ocrx_word' id='word_1_604' title='bbox 1385 2056 1528 2089; x_wconf 88' lang='lat' dir='ltr'><strong>desinunt;</strong></span> <span class='ocrx_word' id='word_1_605' title='bbox 1547 2056 1682 2084; x_wconf 88' lang='lat' dir='ltr'><strong>secundus</strong></span> <span class='ocrx_word' id='word_1_606' title='bbox 1698 2064 1758 2083; x_wconf 86' lang='lat' dir='ltr'><strong>ver-</strong></span> 
     </span>
    </p>
   </div>
   <div class='ocr_carea' id='block_1_84' title="bbox 978 2101 1759 2137">
    <p class='ocr_par' dir='ltr' id='par_1_84' title="bbox 978 2101 1759 2137">
     <span class='ocr_line' id='line_1_84' title="bbox 978 2101 1759 2137; baseline 0.003 -9"><span class='ocrx_word' id='word_1_607' title='bbox 978 2109 1025 2128; x_wconf 84' lang='lat' dir='ltr'><strong>sus</strong></span> <span class='ocrx_word' id='word_1_608' title='bbox 1044 2101 1181 2128; x_wconf 76' lang='lat' dir='ltr'><strong>Romanos</strong></span> <span class='ocrx_word' id='word_1_609' title='bbox 1200 2107 1308 2128; x_wconf 84' lang='lat' dir='ltr'><strong>menses</strong></span> <span class='ocrx_word' id='word_1_610' title='bbox 1329 2101 1410 2128; x_wconf 83' lang='lat' dir='ltr'><strong>habet</strong></span> <span class='ocrx_word' id='word_1_611' title='bbox 1431 2101 1618 2137; x_wconf 85' lang='lat' dir='ltr'><strong>Septembrem</strong></span> <span class='ocrx_word' id='word_1_612' title='bbox 1634 2106 1661 2130; x_wconf 84' lang='lat' dir='ltr'><strong>et</strong></span> <span class='ocrx_word' id='word_1_613' title='bbox 1676 2101 1759 2130; x_wconf 84' lang='lat' dir='ltr'><strong>Octo-</strong></span> 
     </span>
    </p>
   </div>
   <div class='ocr_carea' id='block_1_85' title="bbox 979 2146 1760 2183">
    <p class='ocr_par' dir='ltr' id='par_1_85' title="bbox 979 2146 1760 2183">
     <span class='ocr_line' id='line_1_85' title="bbox 979 2146 1760 2183; baseline 0.003 -10"><span class='ocrx_word' id='word_1_614' title='bbox 979 2147 1069 2179; x_wconf 89' lang='lat' dir='ltr'><strong>brem;</strong></span> <span class='ocrx_word' id='word_1_615' title='bbox 1100 2147 1127 2173; x_wconf 94' lang='lat' dir='ltr'><strong>in</strong></span> <span class='ocrx_word' id='word_1_616' title='bbox 1147 2146 1228 2174; x_wconf 91' lang='lat' dir='ltr'><strong>tertio</strong></span> <span class='ocrx_word' id='word_1_617' title='bbox 1245 2147 1304 2174; x_wconf 87' lang='lat' dir='ltr'><strong>dies</strong></span> <span class='ocrx_word' id='word_1_618' title='bbox 1327 2151 1391 2174; x_wconf 85' lang='lat' dir='ltr'><strong>sunt</strong></span> <span class='ocrx_word' id='word_1_619' title='bbox 1414 2147 1559 2180; x_wconf 90' lang='lat' dir='ltr'><strong>mensium,</strong></span> <span class='ocrx_word' id='word_1_620' title='bbox 1580 2149 1607 2175; x_wconf 93' lang='lat' dir='ltr'><strong>in</strong></span> <span class='ocrx_word' id='word_1_621' title='bbox 1624 2156 1691 2183; x_wconf 82' lang='lat' dir='ltr'><strong>quas</strong></span> <span class='ocrx_word' id='word_1_622' title='bbox 1707 2148 1760 2175; x_wconf 80' lang='lat' dir='ltr'><strong>lie-</strong></span> 
     </span>
    </p>
   </div>
   <div class='ocr_carea' id='block_1_86' title="bbox 978 2192 1757 2228">
    <p class='ocr_par' dir='ltr' id='par_1_86' title="bbox 978 2192 1757 2228">
     <span class='ocr_line' id='line_1_86' title="bbox 978 2192 1757 2228; baseline 0 -8"><span class='ocrx_word' id='word_1_623' title='bbox 978 2193 1063 2220; x_wconf 87' lang='lat' dir='ltr'><strong>braici</strong></span> <span class='ocrx_word' id='word_1_624' title='bbox 1087 2192 1189 2220; x_wconf 86' lang='lat' dir='ltr'><strong>mensis</strong></span> <span class='ocrx_word' id='word_1_625' title='bbox 1211 2193 1320 2228; x_wconf 89' lang='lat' dir='ltr'><strong>septimi</strong></span> <span class='ocrx_word' id='word_1_626' title='bbox 1337 2193 1442 2220; x_wconf 80' lang='lat' dir='ltr'><strong>decima</strong></span> <span class='ocrx_word' id='word_1_627' title='bbox 1456 2195 1605 2228; x_wconf 82' lang='lat' dir='ltr'><strong>quotannis</strong></span> <span class='ocrx_word' id='word_1_628' title='bbox 1624 2193 1757 2226; x_wconf 82' lang='lat' dir='ltr'><strong>incurrit;</strong></span> 
     </span>
    </p>
   </div>
   <div class='ocr_carea' id='block_1_87' title="bbox 979 2238 1758 2274">
    <p class='ocr_par' dir='ltr' id='par_1_87' title="bbox 979 2238 1758 2274">
     <span class='ocr_line' id='line_1_87' title="bbox 979 2238 1758 2274; baseline 0.001 -9"><span class='ocrx_word' id='word_1_629' title='bbox 979 2239 1006 2265; x_wconf 94' lang='lat' dir='ltr'><strong>in</strong></span> <span class='ocrx_word' id='word_1_630' title='bbox 1023 2242 1121 2274; x_wconf 89' lang='lat' dir='ltr'><strong>quarto</strong></span> <span class='ocrx_word' id='word_1_631' title='bbox 1140 2239 1279 2273; x_wconf 77' lang='lat' dir='ltr'><strong>regulares</strong></span> <span class='ocrx_word' id='word_1_632' title='bbox 1302 2238 1390 2265; x_wconf 86' lang='lat' dir='ltr'><strong>serico</strong></span> <span class='ocrx_word' id='word_1_633' title='bbox 1413 2239 1523 2273; x_wconf 82' lang='lat' dir='ltr'><strong>scripti;</strong></span> <span class='ocrx_word' id='word_1_634' title='bbox 1547 2239 1573 2266; x_wconf 94' lang='lat' dir='ltr'><strong>in</strong></span> <span class='ocrx_word' id='word_1_635' title='bbox 1593 2240 1689 2274; x_wconf 86' lang='lat' dir='ltr'><strong>quinto</strong></span> <span class='ocrx_word' id='word_1_636' title='bbox 1705 2239 1758 2266; x_wconf 78' lang='lat' dir='ltr'><strong>Bo-</strong></span> 
     </span>
    </p>
   </div>
   <div class='ocr_carea' id='block_1_88' title="bbox 979 2282 1760 2317">
    <p class='ocr_par' dir='ltr' id='par_1_88' title="bbox 979 2282 1760 2317">
     <span class='ocr_line' id='line_1_88' title="bbox 979 2282 1760 2317; baseline 0.003 -7"><span class='ocrx_word' id='word_1_637' title='bbox 979 2283 1051 2310; x_wconf 89' lang='lat' dir='ltr'><strong>mani</strong></span> <span class='ocrx_word' id='word_1_638' title='bbox 1067 2291 1174 2310; x_wconf 77' lang='lat' dir='ltr'><strong>menses</strong></span> <span class='ocrx_word' id='word_1_639' title='bbox 1193 2282 1305 2310; x_wconf 84' lang='lat' dir='ltr'><strong>Martius</strong></span> <span class='ocrx_word' id='word_1_640' title='bbox 1318 2287 1345 2310; x_wconf 89' lang='lat' dir='ltr'><strong>et</strong></span> <span class='ocrx_word' id='word_1_641' title='bbox 1365 2283 1483 2317; x_wconf 73' lang='lat' dir='ltr'><strong>Aprilis;</strong></span> <span class='ocrx_word' id='word_1_642' title='bbox 1503 2283 1530 2310; x_wconf 95' lang='lat' dir='ltr'><strong>in</strong></span> <span class='ocrx_word' id='word_1_643' title='bbox 1556 2288 1633 2311; x_wconf 72' lang='lat' dir='ltr'><strong>sexto</strong></span> <span class='ocrx_word' id='word_1_644' title='bbox 1649 2292 1760 2312; x_wconf 87' lang='lat' dir='ltr'><strong>eorum-</strong></span> 
     </span>
    </p>
   </div>
   <div class='ocr_carea' id='block_1_89' title="bbox 149 2327 928 2372">
    <p class='ocr_par' dir='ltr' id='par_1_89' title="bbox 149 2333 927 2372">
     <span class='ocr_line' id='line_1_89' title="bbox 149 2333 927 2372; baseline -0.004 -9"><span class='ocrx_word' id='word_1_645' title='bbox 149 2337 243 2372; x_wconf 71' lang='grc' dir='ltr'>μαῖκοὶ</span> <span class='ocrx_word' id='word_1_646' title='bbox 259 2335 351 2370; x_wconf 80' lang='grc' dir='ltr'>μῆνες,</span> <span class='ocrx_word' id='word_1_647' title='bbox 362 2335 482 2372; x_wconf 82' lang='grc' dir='ltr'>Μάρτιος</span> <span class='ocrx_word' id='word_1_648' title='bbox 494 2335 541 2360; x_wconf 72' lang='grc' dir='ltr'><strong>καὶ</strong></span> <span class='ocrx_word' id='word_1_649' title='bbox 557 2334 708 2370; x_wconf 83' lang='grc' dir='ltr'>Ἀπρίλιος·</span> <span class='ocrx_word' id='word_1_650' title='bbox 721 2335 750 2360; x_wconf 80' lang='grc' dir='ltr'>ὲν</span> <span class='ocrx_word' id='word_1_651' title='bbox 761 2334 831 2369; x_wconf 74' lang='grc' dir='ltr'>ἕκτῳ</span> <span class='ocrx_word' id='word_1_652' title='bbox 844 2333 927 2369; x_wconf 84' lang='grc' dir='ltr'>στίχῳ</span> 
     </span>
    </p>
   </div>
   <div class='ocr_carea' id='block_1_90' title="bbox 983 2327 1758 2372">
    <p class='ocr_par' dir='ltr' id='par_1_90' title="bbox 983 2328 1758 2363">
     <span class='ocr_line' id='line_1_90' title="bbox 983 2328 1758 2363; baseline 0.001 -8"><span class='ocrx_word' id='word_1_653' title='bbox 983 2329 1038 2356; x_wconf 76' lang='lat' dir='ltr'><strong>item</strong></span> <span class='ocrx_word' id='word_1_654' title='bbox 1053 2329 1187 2356; x_wconf 85' lang='lat' dir='ltr'><strong>mensium</strong></span> <span class='ocrx_word' id='word_1_655' title='bbox 1207 2328 1276 2360; x_wconf 89' lang='lat' dir='ltr'><strong>dies,</strong></span> <span class='ocrx_word' id='word_1_656' title='bbox 1293 2328 1393 2363; x_wconf 84' lang='lat' dir='ltr'><strong>quibus</strong></span> <span class='ocrx_word' id='word_1_657' title='bbox 1414 2329 1493 2363; x_wconf 89' lang='lat' dir='ltr'><strong>primi</strong></span> <span class='ocrx_word' id='word_1_658' title='bbox 1515 2330 1618 2356; x_wconf 88' lang='lat' dir='ltr'><strong>mensis</strong></span> <span class='ocrx_word' id='word_1_659' title='bbox 1634 2329 1758 2357; x_wconf 85' lang='lat' dir='ltr'><strong>Hebraici</strong></span> 
     </span>
    </p>
   </div>
   <div class='ocr_carea' id='block_1_91' title="bbox 147 2379 927 2415">
    <p class='ocr_par' dir='ltr' id='par_1_91' title="bbox 147 2379 927 2415">
     <span class='ocr_line' id='line_1_91' title="bbox 147 2379 927 2415; baseline -0.003 -8"><span class='ocrx_word' id='word_1_660' title='bbox 147 2382 176 2407; x_wconf 86' lang='grc' dir='ltr'><strong>αί</strong></span> <span class='ocrx_word' id='word_1_661' title='bbox 192 2381 293 2407; x_wconf 87' lang='grc' dir='ltr'>τούτων</span> <span class='ocrx_word' id='word_1_662' title='bbox 318 2381 454 2411; x_wconf 84' lang='grc' dir='ltr'>ποσταῐαι,</span> <span class='ocrx_word' id='word_1_663' title='bbox 479 2379 540 2406; x_wconf 83' lang='grc' dir='ltr'>καθ’</span> <span class='ocrx_word' id='word_1_664' title='bbox 563 2379 596 2411; x_wconf 79' lang='grc' dir='ltr'>ἃς</span> <span class='ocrx_word' id='word_1_665' title='bbox 617 2379 721 2413; x_wconf 83' lang='grc' dir='ltr'>γίνεται</span> <span class='ocrx_word' id='word_1_666' title='bbox 745 2379 791 2405; x_wconf 84' lang='grc' dir='ltr'>τοῦ</span> <span class='ocrx_word' id='word_1_667' title='bbox 820 2379 927 2415; x_wconf 78' lang='grc' dir='ltr'>πρώτου</span> 
     </span>
    </p>
   </div>
   <div class='ocr_carea' id='block_1_92' title="bbox 148 2425 929 2462">
    <p class='ocr_par' dir='ltr' id='par_1_92' title="bbox 148 2425 929 2462">
     <span class='ocr_line' id='line_1_92' title="bbox 148 2425 929 2462; baseline -0.001 -9"><span class='ocrx_word' id='word_1_668' title='bbox 148 2427 209 2454; x_wconf 82' lang='grc' dir='ltr'>καθ’</span> <span class='ocrx_word' id='word_1_669' title='bbox 224 2427 363 2462; x_wconf 76' lang='grc' dir='ltr'>Ἐϐραίους</span> <span class='ocrx_word' id='word_1_670' title='bbox 376 2426 459 2462; x_wconf 82' lang='grc' dir='ltr'>μηνὸς</span> <span class='ocrx_word' id='word_1_671' title='bbox 475 2427 491 2461; x_wconf 84' lang='grc' dir='ltr'>ἡ</span> <span class='ocrx_word' id='word_1_672' title='bbox 508 2426 787 2460; x_wconf 83' lang='grc' dir='ltr'>τεσσαρεσκαιδεκάτη</span> <span class='ocrx_word' id='word_1_673' title='bbox 800 2427 860 2452; x_wconf 81' lang='grc' dir='ltr'>κατ’</span> <span class='ocrx_word' id='word_1_674' title='bbox 870 2425 929 2458; x_wconf 78' lang='grc' dir='ltr'>ἔτος</span> 
     </span>
    </p>
   </div>
   <div class='ocr_carea' id='block_1_93' title="bbox 147 2471 928 2507">
    <p class='ocr_par' dir='ltr' id='par_1_93' title="bbox 147 2471 928 2507">
     <span class='ocr_line' id='line_1_93' title="bbox 147 2471 928 2507; baseline -0.004 -7"><span class='ocrx_word' id='word_1_675' title='bbox 147 2473 278 2500; x_wconf 68' lang='grc' dir='ltr'>ἕκαστον·</span> <span class='ocrx_word' id='word_1_676' title='bbox 292 2473 320 2499; x_wconf 83' lang='grc' dir='ltr'>ὲν</span> <span class='ocrx_word' id='word_1_677' title='bbox 338 2472 442 2507; x_wconf 77' lang='grc' dir='ltr'>ἑϐδόμῳ</span> <span class='ocrx_word' id='word_1_678' title='bbox 459 2472 541 2507; x_wconf 88' lang='grc' dir='ltr'>στίχῳ</span> <span class='ocrx_word' id='word_1_679' title='bbox 556 2471 584 2498; x_wconf 78' lang='grc' dir='ltr'><strong>αἱ</strong></span> <span class='ocrx_word' id='word_1_680' title='bbox 601 2471 745 2506; x_wconf 76' lang='grc' dir='ltr'>προσθεταὶ</span> <span class='ocrx_word' id='word_1_681' title='bbox 763 2471 843 2498; x_wconf 77' lang='grc' dir='ltr'>πάλιν</span> <span class='ocrx_word' id='word_1_682' title='bbox 861 2471 928 2506; x_wconf 85' lang='grc' dir='ltr'>ὴμέ-</span> 
     </span>
    </p>
   </div>
   <div class='ocr_carea' id='block_1_94' title="bbox 148 2515 928 2554">
    <p class='ocr_par' dir='ltr' id='par_1_94' title="bbox 148 2515 928 2554">
     <span class='ocr_line' id='line_1_94' title="bbox 148 2515 928 2554; baseline -0.003 -10"><span class='ocrx_word' id='word_1_683' title='bbox 148 2527 212 2554; x_wconf 83' lang='grc' dir='ltr'>ραι,</span> <span class='ocrx_word' id='word_1_684' title='bbox 238 2517 469 2553; x_wconf 86' lang='grc' dir='ltr'>διαγεγραμμὲναι</span> <span class='ocrx_word' id='word_1_685' title='bbox 493 2516 547 2544; x_wconf 73' lang='grc' dir='ltr'><strong>ἀπὸ</strong></span> <span class='ocrx_word' id='word_1_686' title='bbox 569 2516 692 2552; x_wconf 86' lang='grc' dir='ltr'>σηρικοῦ.</span> <span class='ocrx_word' id='word_1_687' title='bbox 717 2515 808 2543; x_wconf 82' lang='grc' dir='ltr'>Ταῦτα</span> <span class='ocrx_word' id='word_1_688' title='bbox 827 2517 874 2543; x_wconf 57' lang='grc' dir='ltr'><strong>καί¹</strong></span> <span class='ocrx_word' id='word_1_689' title='bbox 899 2517 928 2542; x_wconf 75' lang='grc' dir='ltr'><strong>ἐν</strong></span> 
     </span>
    </p>
   </div>
   <div class='ocr_carea' id='block_1_95' title="bbox 148 2563 322 2597">
    <p class='ocr_par' dir='ltr' id='par_1_95' title="bbox 148 2563 322 2597">
     <span class='ocr_line' id='line_1_95' title="bbox 148 2563 322 2597; baseline 0 -7"><span class='ocrx_word' id='word_1_690' title='bbox 148 2566 205 2596; x_wconf 84' lang='grc' dir='ltr'>τοῖς</span> <span class='ocrx_word' id='word_1_691' title='bbox 217 2563 322 2597; x_wconf 80' lang='grc' dir='ltr'>δεξιοῖς.</span> 
     </span>
    </p>
   </div>
   <div class='ocr_carea' id='block_1_96' title="bbox 265 2628 799 2666">
    <p class='ocr_par' dir='ltr' id='par_1_96' title="bbox 265 2628 799 2666">
     <span class='ocr_line' id='line_1_96' title="bbox 265 2628 799 2666; baseline -0.007 -8"><span class='ocrx_word' id='word_1_692' title='bbox 265 2633 286 2658; x_wconf 86' lang='grc' dir='ltr'><em>Τ</em></span> <span class='ocrx_word' id='word_1_693' title='bbox 285 2632 312 2664; x_wconf 77' lang='grc' dir='ltr'>[ς</span> <span class='ocrx_word' id='word_1_694' title='bbox 326 2632 345 2666; x_wconf 82' lang='grc' dir='ltr'><strong><em>ή</em></strong></span> <span class='ocrx_word' id='word_1_695' title='bbox 361 2631 413 2658; x_wconf 82' lang='grc' dir='ltr'>τοῦ</span> <span class='ocrx_word' id='word_1_696' title='bbox 423 2631 520 2666; x_wconf 77' lang='grc' dir='ltr'>μέσου</span> <span class='ocrx_word' id='word_1_697' title='bbox 533 2629 640 2664; x_wconf 77' lang='grc' dir='ltr'>τροχοῦ</span> <span class='ocrx_word' id='word_1_698' title='bbox 655 2628 799 2664; x_wconf 58' lang='grc' dir='ltr'>διαγραφή</span> 
     </span>
    </p>
   </div>
   <div class='ocr_carea' id='block_1_97' title="bbox 184 2693 927 2732">
    <p class='ocr_par' dir='ltr' id='par_1_97' title="bbox 184 2693 927 2732">
     <span class='ocr_line' id='line_1_97' title="bbox 184 2693 927 2732; baseline -0.007 -8"><span class='ocrx_word' id='word_1_699' title='bbox 184 2698 222 2724; x_wconf 87' lang='lat' dir='ltr'><strong>E&#39;.</strong></span> <span class='ocrx_word' id='word_1_700' title='bbox 246 2697 274 2724; x_wconf 81' lang='grc' dir='ltr'>Ὀ</span> <span class='ocrx_word' id='word_1_701' title='bbox 285 2698 314 2723; x_wconf 84' lang='grc' dir='ltr'>δὲ</span> <span class='ocrx_word' id='word_1_702' title='bbox 327 2696 427 2724; x_wconf 84' lang='grc' dir='ltr'>τούτων</span> <span class='ocrx_word' id='word_1_703' title='bbox 439 2697 519 2732; x_wconf 85' lang='grc' dir='ltr'>μέσος</span> <span class='ocrx_word' id='word_1_704' title='bbox 532 2695 626 2731; x_wconf 82' lang='grc' dir='ltr'>τροχὸς</span> <span class='ocrx_word' id='word_1_705' title='bbox 639 2694 685 2721; x_wconf 79' lang='grc' dir='ltr'><strong>τοῦ</strong></span> <span class='ocrx_word' id='word_1_706' title='bbox 701 2694 776 2730; x_wconf 65' lang='grc' dir='ltr'><strong>⁴ἡλίου</strong></span> <span class='ocrx_word' id='word_1_707' title='bbox 794 2693 927 2729; x_wconf 82' lang='grc' dir='ltr'>καθέστη-</span> 
     </span>
    </p>
   </div>
   <div class='ocr_carea' id='block_1_98' title="bbox 149 2739 927 2778">
    <p class='ocr_par' dir='ltr' id='par_1_98' title="bbox 149 2739 927 2778">
     <span class='ocr_line' id='line_1_98' title="bbox 149 2739 927 2778; baseline -0.006 -8"><span class='ocrx_word' id='word_1_708' title='bbox 149 2752 208 2774; x_wconf 79' lang='grc' dir='ltr'>κεν,</span> <span class='ocrx_word' id='word_1_709' title='bbox 223 2743 295 2770; x_wconf 71' lang='grc' dir='ltr'>ἔνδον</span> <span class='ocrx_word' id='word_1_710' title='bbox 308 2743 356 2778; x_wconf 87' lang='grc' dir='ltr'><strong>μὲν</strong></span> <span class='ocrx_word' id='word_1_711' title='bbox 372 2742 469 2769; x_wconf 78' lang='grc' dir='ltr'>ἑαυτοῦ</span> <span class='ocrx_word' id='word_1_712' title='bbox 481 2741 515 2768; x_wconf 84' lang='grc' dir='ltr'>τὰ</span> <span class='ocrx_word' id='word_1_713' title='bbox 530 2741 599 2767; x_wconf 80' lang='grc' dir='ltr'>ἑπτὰ</span> <span class='ocrx_word' id='word_1_714' title='bbox 612 2740 723 2767; x_wconf 80' lang='grc' dir='ltr'>δίσέκτα</span> <span class='ocrx_word' id='word_1_715' title='bbox 739 2739 809 2766; x_wconf 85' lang='grc' dir='ltr'>κατὰ</span> <span class='ocrx_word' id='word_1_716' title='bbox 821 2739 927 2767; x_wconf 88' lang='grc' dir='ltr'>διαστο-</span> 
     </span>
    </p>
   </div>
   <div class='ocr_carea' id='block_1_99' title="bbox 148 2785 926 2825">
    <p class='ocr_par' dir='ltr' id='par_1_99' title="bbox 148 2785 926 2825">
     <span class='ocr_line' id='line_1_99' title="bbox 148 2785 926 2825; baseline -0.006 -9"><span class='ocrx_word' id='word_1_717' title='bbox 148 2790 198 2825; x_wconf 81' lang='grc' dir='ltr'>λὴν</span> <span class='ocrx_word' id='word_1_718' title='bbox 221 2789 273 2815; x_wconf 78' lang='grc' dir='ltr'>ἀπὸ</span> <span class='ocrx_word' id='word_1_719' title='bbox 307 2788 444 2824; x_wconf 82' lang='grc' dir='ltr'>τεσσάρων</span> <span class='ocrx_word' id='word_1_720' title='bbox 469 2789 509 2819; x_wconf 75' lang='grc' dir='ltr'><strong>είς</strong></span> <span class='ocrx_word' id='word_1_721' title='bbox 530 2787 649 2822; x_wconf 85' lang='grc' dir='ltr'>τέσσαρα</span> <span class='ocrx_word' id='word_1_722' title='bbox 672 2785 719 2821; x_wconf 75' lang='grc' dir='ltr'>ἐτη</span> <span class='ocrx_word' id='word_1_723' title='bbox 740 2786 926 2821; x_wconf 71' lang='grc' dir='ltr'>κεκτημένοςο</span> 
     </span>
    </p>
   </div>
   <div class='ocr_carea' id='block_1_100' title="bbox 152 2831 924 2870">
    <p class='ocr_par' dir='ltr' id='par_1_100' title="bbox 152 2831 924 2870">
     <span class='ocr_line' id='line_1_100' title="bbox 152 2831 924 2870; baseline -0.005 -9"><span class='ocrx_word' id='word_1_724' title='bbox 152 2835 221 2870; x_wconf 75' lang='grc' dir='ltr'>μετὰ</span> <span class='ocrx_word' id='word_1_725' title='bbox 244 2834 271 2861; x_wconf 73' lang='grc' dir='ltr'>δὲ</span> <span class='ocrx_word' id='word_1_726' title='bbox 293 2834 327 2861; x_wconf 76' lang='grc' dir='ltr'><strong>τὰ</strong></span> <span class='ocrx_word' id='word_1_727' title='bbox 347 2834 466 2865; x_wconf 83' lang='grc' dir='ltr'>δίσεκτα,</span> <span class='ocrx_word' id='word_1_728' title='bbox 495 2832 575 2864; x_wconf 78' lang='grc' dir='ltr'>εὐθὺς</span> <span class='ocrx_word' id='word_1_729' title='bbox 603 2831 672 2858; x_wconf 79' lang='grc' dir='ltr'>κατὰ</span> <span class='ocrx_word' id='word_1_730' title='bbox 695 2831 802 2867; x_wconf 83' lang='grc' dir='ltr'>πρῶτον</span> <span class='ocrx_word' id='word_1_731' title='bbox 824 2831 924 2866; x_wconf 86' lang='grc' dir='ltr'>στίχον,</span> 
     </span>
    </p>
   </div>
   <div class='ocr_carea' id='block_1_101' title="bbox 150 2875 925 2916">
    <p class='ocr_par' dir='ltr' id='par_1_101' title="bbox 150 2875 925 2916">
     <span class='ocr_line' id='line_1_101' title="bbox 150 2875 925 2916; baseline -0.008 -9"><span class='ocrx_word' id='word_1_732' title='bbox 150 2881 232 2916; x_wconf 74' lang='grc' dir='ltr'>ἡγουν</span> <span class='ocrx_word' id='word_1_733' title='bbox 247 2879 356 2912; x_wconf 72' lang='grc' dir='ltr'>κύκλον,</span> <span class='ocrx_word' id='word_1_734' title='bbox 370 2878 404 2905; x_wconf 86' lang='grc' dir='ltr'>τὰ</span> <span class='ocrx_word' id='word_1_735' title='bbox 427 2881 469 2913; x_wconf 86' lang='grc' dir='ltr'>κη’</span> <span class='ocrx_word' id='word_1_736' title='bbox 502 2876 548 2904; x_wconf 70' lang='grc' dir='ltr'>τοῦ</span> <span class='ocrx_word' id='word_1_737' title='bbox 568 2877 641 2912; x_wconf 80' lang='grc' dir='ltr'>ἡλίου</span> <span class='ocrx_word' id='word_1_738' title='bbox 662 2876 724 2911; x_wconf 75' lang='grc' dir='ltr'>ἐτη,</span> <span class='ocrx_word' id='word_1_739' title='bbox 742 2875 796 2902; x_wconf 79' lang='grc' dir='ltr'><strong>ἀπὸ</strong></span> <span class='ocrx_word' id='word_1_740' title='bbox 818 2876 925 2910; x_wconf 76' lang='grc' dir='ltr'>πρώτου</span> 
     </span>
    </p>
   </div>
   <div class='ocr_carea' id='block_1_102' title="bbox 979 2373 1759 2410">
    <p class='ocr_par' dir='ltr' id='par_1_102' title="bbox 979 2373 1759 2410">
     <span class='ocr_line' id='line_1_102' title="bbox 979 2373 1759 2410; baseline 0.003 -10"><span class='ocrx_word' id='word_1_741' title='bbox 979 2378 1076 2408; x_wconf 87' lang='lat' dir='ltr'><strong>quarta</strong></span> <span class='ocrx_word' id='word_1_742' title='bbox 1092 2374 1195 2401; x_wconf 87' lang='lat' dir='ltr'><strong>decima</strong></span> <span class='ocrx_word' id='word_1_743' title='bbox 1210 2374 1358 2409; x_wconf 88' lang='lat' dir='ltr'><strong>quotannis</strong></span> <span class='ocrx_word' id='word_1_744' title='bbox 1372 2373 1519 2407; x_wconf 86' lang='lat' dir='ltr'><strong>tribuitur;</strong></span> <span class='ocrx_word' id='word_1_745' title='bbox 1535 2374 1666 2410; x_wconf 79' lang='lat' dir='ltr'><strong>septimus</strong></span> <span class='ocrx_word' id='word_1_746' title='bbox 1682 2375 1759 2402; x_wconf 89' lang='lat' dir='ltr'><strong>deni-</strong></span> 
     </span>
    </p>
   </div>
   <div class='ocr_carea' id='block_1_103' title="bbox 978 2419 1758 2454">
    <p class='ocr_par' dir='ltr' id='par_1_103' title="bbox 978 2419 1758 2454">
     <span class='ocr_line' id='line_1_103' title="bbox 978 2419 1758 2454; baseline 0.003 -9"><span class='ocrx_word' id='word_1_747' title='bbox 978 2427 1031 2454; x_wconf 88' lang='lat' dir='ltr'><strong>que</strong></span> <span class='ocrx_word' id='word_1_748' title='bbox 1054 2427 1150 2447; x_wconf 87' lang='lat' dir='ltr'><strong>versus</strong></span> <span class='ocrx_word' id='word_1_749' title='bbox 1167 2419 1306 2446; x_wconf 83' lang='lat' dir='ltr'><strong>addititios</strong></span> <span class='ocrx_word' id='word_1_750' title='bbox 1331 2419 1400 2451; x_wconf 91' lang='lat' dir='ltr'><strong>dies,</strong></span> <span class='ocrx_word' id='word_1_751' title='bbox 1423 2419 1479 2447; x_wconf 85' lang='lat' dir='ltr'><strong>sive</strong></span> <span class='ocrx_word' id='word_1_752' title='bbox 1495 2420 1633 2454; x_wconf 78' lang='lat' dir='ltr'><strong>regulares</strong></span> <span class='ocrx_word' id='word_1_753' title='bbox 1661 2427 1758 2451; x_wconf 64' lang='lat' dir='ltr'><strong>rursus</strong></span> 
     </span>
    </p>
   </div>
   <div class='ocr_carea' id='block_1_104' title="bbox 979 2462 1759 2498">
    <p class='ocr_par' dir='ltr' id='par_1_104' title="bbox 979 2462 1759 2498">
     <span class='ocr_line' id='line_1_104' title="bbox 979 2462 1759 2498; baseline 0.004 -9"><span class='ocrx_word' id='word_1_754' title='bbox 979 2462 1098 2490; x_wconf 88' lang='lat' dir='ltr'><strong>ostendit</strong></span> <span class='ocrx_word' id='word_1_755' title='bbox 1110 2463 1199 2490; x_wconf 90' lang='lat' dir='ltr'><strong>serico</strong></span> <span class='ocrx_word' id='word_1_756' title='bbox 1215 2463 1377 2498; x_wconf 87' lang='lat' dir='ltr'><strong>descriptos.</strong></span> <span class='ocrx_word' id='word_1_757' title='bbox 1393 2463 1456 2491; x_wconf 69' lang='lat' dir='ltr'><strong>Haec</strong></span> <span class='ocrx_word' id='word_1_758' title='bbox 1470 2464 1505 2491; x_wconf 87' lang='lat' dir='ltr'><strong>ad</strong></span> <span class='ocrx_word' id='word_1_759' title='bbox 1520 2464 1643 2492; x_wconf 82' lang='lat' dir='ltr'><strong>dextram</strong></span> <span class='ocrx_word' id='word_1_760' title='bbox 1663 2465 1759 2493; x_wconf 87' lang='lat' dir='ltr'><strong>inseri-</strong></span> 
     </span>
    </p>
   </div>
   <div class='ocr_carea' id='block_1_105' title="bbox 979 2507 1345 2543">
    <p class='ocr_par' dir='ltr' id='par_1_105' title="bbox 979 2507 1345 2543">
     <span class='ocr_line' id='line_1_105' title="bbox 979 2507 1345 2543; baseline 0 -9"><span class='ocrx_word' id='word_1_761' title='bbox 979 2512 1024 2543; x_wconf 89' lang='lat' dir='ltr'><strong>pta</strong></span> <span class='ocrx_word' id='word_1_762' title='bbox 1038 2507 1129 2535; x_wconf 87' lang='lat' dir='ltr'><strong>tabula</strong></span> <span class='ocrx_word' id='word_1_763' title='bbox 1145 2508 1345 2542; x_wconf 89' lang='lat' dir='ltr'><strong>complectitur.</strong></span> 
     </span>
    </p>
   </div>
   <div class='ocr_carea' id='block_1_106' title="bbox 1083 2620 1665 2655">
    <p class='ocr_par' dir='ltr' id='par_1_106' title="bbox 1083 2620 1665 2655">
     <span class='ocr_line' id='line_1_106' title="bbox 1083 2620 1665 2655; baseline -0.002 -8"><span class='ocrx_word' id='word_1_764' title='bbox 1083 2620 1153 2654; x_wconf 79' lang='lat' dir='ltr'><strong>Quid</strong></span> <span class='ocrx_word' id='word_1_765' title='bbox 1168 2621 1195 2647; x_wconf 80' lang='lat' dir='ltr'><strong>in</strong></span> <span class='ocrx_word' id='word_1_766' title='bbox 1211 2621 1296 2648; x_wconf 82' lang='lat' dir='ltr'><strong>medio</strong></span> <span class='ocrx_word' id='word_1_767' title='bbox 1311 2621 1439 2655; x_wconf 77' lang='lat' dir='ltr'><strong>descripta</strong></span> <span class='ocrx_word' id='word_1_768' title='bbox 1454 2626 1513 2647; x_wconf 79' lang='lat' dir='ltr'><strong>rota</strong></span> <span class='ocrx_word' id='word_1_769' title='bbox 1524 2621 1665 2647; x_wconf 76' lang='lat' dir='ltr'><strong>contineat.</strong></span> 
     </span>
    </p>
   </div>
   <div class='ocr_carea' id='block_1_107' title="bbox 1016 2687 1757 2722">
    <p class='ocr_par' dir='ltr' id='par_1_107' title="bbox 1016 2687 1757 2722">
     <span class='ocr_line' id='line_1_107' title="bbox 1016 2687 1757 2722; baseline -0.001 -6"><span class='ocrx_word' id='word_1_770' title='bbox 1016 2689 1045 2716; x_wconf 88' lang='lat' dir='ltr'><strong>V.</strong></span> <span class='ocrx_word' id='word_1_771' title='bbox 1068 2689 1154 2716; x_wconf 75' lang='lat' dir='ltr'><strong>Media</strong></span> <span class='ocrx_word' id='word_1_772' title='bbox 1166 2689 1326 2717; x_wconf 78' lang='lat' dir='ltr'><strong>tabellarum</strong></span> <span class='ocrx_word' id='word_1_773' title='bbox 1337 2694 1396 2716; x_wconf 83' lang='lat' dir='ltr'><strong>rota</strong></span> <span class='ocrx_word' id='word_1_774' title='bbox 1409 2689 1458 2716; x_wconf 90' lang='lat' dir='ltr'><strong>soli</strong></span> <span class='ocrx_word' id='word_1_775' title='bbox 1471 2688 1611 2715; x_wconf 85' lang='lat' dir='ltr'><strong>tribuitur.</strong></span> <span class='ocrx_word' id='word_1_776' title='bbox 1626 2687 1713 2722; x_wconf 85' lang='lat' dir='ltr'><strong>Hujus</strong></span> <span class='ocrx_word' id='word_1_777' title='bbox 1730 2688 1757 2715; x_wconf 91' lang='lat' dir='ltr'><strong>in</strong></span> 
     </span>
    </p>
   </div>
   <div class='ocr_carea' id='block_1_108' title="bbox 979 2735 1757 2770">
    <p class='ocr_par' dir='ltr' id='par_1_108' title="bbox 979 2735 1757 2770">
     <span class='ocr_line' id='line_1_108' title="bbox 979 2735 1757 2770; baseline -0.004 -7"><span class='ocrx_word' id='word_1_778' title='bbox 979 2736 1108 2763; x_wconf 88' lang='lat' dir='ltr'><strong>interiore</strong></span> <span class='ocrx_word' id='word_1_779' title='bbox 1121 2744 1183 2763; x_wconf 89' lang='lat' dir='ltr'><strong>area</strong></span> <span class='ocrx_word' id='word_1_780' title='bbox 1200 2740 1303 2770; x_wconf 86' lang='lat' dir='ltr'><strong>septem</strong></span> <span class='ocrx_word' id='word_1_781' title='bbox 1322 2735 1462 2762; x_wconf 78' lang='lat' dir='ltr'><strong>bisextiles</strong></span> <span class='ocrx_word' id='word_1_782' title='bbox 1477 2738 1551 2766; x_wconf 89' lang='lat' dir='ltr'><strong>sunt,</strong></span> <span class='ocrx_word' id='word_1_783' title='bbox 1572 2735 1668 2769; x_wconf 88' lang='lat' dir='ltr'><strong>quinto</strong></span> <span class='ocrx_word' id='word_1_784' title='bbox 1689 2742 1757 2769; x_wconf 89' lang='lat' dir='ltr'><strong>quo-</strong></span> 
     </span>
    </p>
   </div>
   <div class='ocr_carea' id='block_1_109' title="bbox 980 2781 1756 2816">
    <p class='ocr_par' dir='ltr' id='par_1_109' title="bbox 980 2781 1756 2816">
     <span class='ocr_line' id='line_1_109' title="bbox 980 2781 1756 2816; baseline 0 -8"><span class='ocrx_word' id='word_1_785' title='bbox 980 2789 1032 2816; x_wconf 87' lang='lat' dir='ltr'><strong>que</strong></span> <span class='ocrx_word' id='word_1_786' title='bbox 1048 2790 1119 2808; x_wconf 87' lang='lat' dir='ltr'><strong>anno</strong></span> <span class='ocrx_word' id='word_1_787' title='bbox 1144 2782 1236 2816; x_wconf 84' lang='lat' dir='ltr'><strong>positi.</strong></span> <span class='ocrx_word' id='word_1_788' title='bbox 1262 2781 1326 2809; x_wconf 85' lang='lat' dir='ltr'><strong>Post</strong></span> <span class='ocrx_word' id='word_1_789' title='bbox 1355 2782 1494 2809; x_wconf 83' lang='lat' dir='ltr'><strong>bisextiles</strong></span> <span class='ocrx_word' id='word_1_790' title='bbox 1519 2781 1545 2808; x_wconf 88' lang='lat' dir='ltr'><strong>in</strong></span> <span class='ocrx_word' id='word_1_791' title='bbox 1562 2782 1648 2815; x_wconf 86' lang='lat' dir='ltr'><strong>primo</strong></span> <span class='ocrx_word' id='word_1_792' title='bbox 1665 2789 1756 2813; x_wconf 81' lang='lat' dir='ltr'><strong>versu.</strong></span> 
     </span>
    </p>
   </div>
   <div class='ocr_carea' id='block_1_110' title="bbox 980 2826 1755 2861">
    <p class='ocr_par' dir='ltr' id='par_1_110' title="bbox 980 2826 1755 2861">
     <span class='ocr_line' id='line_1_110' title="bbox 980 2826 1755 2861; baseline -0.001 -7"><span class='ocrx_word' id='word_1_793' title='bbox 980 2828 1037 2854; x_wconf 87' lang='lat' dir='ltr'><strong>sive</strong></span> <span class='ocrx_word' id='word_1_794' title='bbox 1060 2827 1173 2859; x_wconf 86' lang='lat' dir='ltr'><strong>circulo,</strong></span> <span class='ocrx_word' id='word_1_795' title='bbox 1191 2827 1254 2853; x_wconf 89' lang='lat' dir='ltr'><strong>anni</strong></span> <span class='ocrx_word' id='word_1_796' title='bbox 1279 2827 1345 2854; x_wconf 90' lang='lat' dir='ltr'><strong>solis</strong></span> <span class='ocrx_word' id='word_1_797' title='bbox 1362 2834 1457 2857; x_wconf 77' lang='lat' dir='ltr'><strong>xxvul.</strong></span> <span class='ocrx_word' id='word_1_798' title='bbox 1479 2827 1592 2861; x_wconf 85' lang='lat' dir='ltr'><strong>primus,</strong></span> <span class='ocrx_word' id='word_1_799' title='bbox 1609 2826 1755 2857; x_wconf 82' lang='lat' dir='ltr'><strong>secundus.</strong></span> 
     </span>
    </p>
   </div>
   <div class='ocr_carea' id='block_1_111' title="bbox 978 2872 1756 2907">
    <p class='ocr_par' dir='ltr' id='par_1_111' title="bbox 978 2872 1756 2907">
     <span class='ocr_line' id='line_1_111' title="bbox 978 2872 1756 2907; baseline 0.001 -7"><span class='ocrx_word' id='word_1_800' title='bbox 978 2877 1005 2900; x_wconf 88' lang='lat' dir='ltr'><strong>et</strong></span> <span class='ocrx_word' id='word_1_801' title='bbox 1019 2873 1055 2900; x_wconf 85' lang='lat' dir='ltr'><strong>ita</strong></span> <span class='ocrx_word' id='word_1_802' title='bbox 1076 2873 1203 2907; x_wconf 90' lang='lat' dir='ltr'><strong>deinceps</strong></span> <span class='ocrx_word' id='word_1_803' title='bbox 1219 2879 1305 2907; x_wconf 87' lang='lat' dir='ltr'><strong>usque</strong></span> <span class='ocrx_word' id='word_1_804' title='bbox 1332 2872 1366 2898; x_wconf 82' lang='lat' dir='ltr'><strong>ad</strong></span> <span class='ocrx_word' id='word_1_805' title='bbox 1389 2872 1547 2900; x_wconf 86' lang='lat' dir='ltr'><strong>vicesimum</strong></span> <span class='ocrx_word' id='word_1_806' title='bbox 1566 2877 1693 2900; x_wconf 85' lang='lat' dir='ltr'><strong>octavum</strong></span> <span class='ocrx_word' id='word_1_807' title='bbox 1708 2880 1756 2902; x_wconf 73' lang='lat' dir='ltr'><strong>ex-</strong></span> 
     </span>
    </p>
   </div>
  </div>
