1931 3135
142 138 218 167 ΡΞξὸ

549 139 578 166 S.
599 139 722 166 MAXIMI
744 137 926 167 MARTYBIS
945 137 1131 166 COMPL'TUS
1148 137 1367 166 ECCLESIAS'I'.

1694 142 1763 171 49.26

140 201 260 227 ποστιῖα
271 200 341 226 κατὰ
351 199 399 234 τὴν
414 199 467 225 τῶν
483 199 643 234 Ῥωμαϊκῶν
653 200 804 236 διαγραφὴν
813 209 820 215 ·
837 200 919 235 ὣσπει

982 207 1031 235 per
1054 207 1142 226 annos
1167 207 1263 227 omnes
1288 200 1420 227 decimam
1447 205 1572 235 quartam
1603 202 1761 230 attributam

141 246 183 272 ἐνὶ
194 245 260 282 μηνὶ
271 245 316 272 καὶ
324 245 390 276 ὅλοις
400 245 421 261 ⁵⁷
431 246 486 276 τοῖς
494 244 579 271 ἔτεσιν
586 246 614 272 ὲν
622 245 659 280 τῷ
670 245 748 281 δεξιῷ
755 245 804 281 τὴν
815 245 844 272 ιδ’
856 254 931 282 σεση-

142 290 300 326 μειωμένην
311 290 418 326 ὁρῶμεν
430 290 603 326 ὑπάρχουσαν
617 299 623 305 ’
640 290 697 317 ἀλλ’
711 291 777 326 ἄλλη
789 291 837 318 καὶ
847 291 928 326 ἄλλη.

139 333 204 361 υἶον
217 336 256 366 εἰς
277 335 325 370 μὲν
339 335 384 361 τὸν
406 339 439 361 ια’
454 336 517 370 παρ’
532 335 666 370 Ἑϐραίοις
682 336 773 362 Σαϐὰτ
785 335 930 371 λεγόμενον

139 382 156 416 ή
167 381 265 408 τούτου
280 381 496 416 ἑπτακαιδεκάτη
507 390 513 396 ·
523 382 550 408 ἐν
559 382 672 413 ἐκείνοις
685 382 775 417 μέντοι
792 383 847 414 τοῖς
858 382 928 408 ἔτεσι

139 428 198 458 τοῖς
215 427 264 453 οὒκ
286 427 376 462 ἔχουσι
389 427 435 453 τὸν
455 427 599 463 ἐμϐόλιμον
610 436 617 443 ·
636 428 675 459 εἷς
691 428 719 454 δὲ
734 428 779 455 τὸν
793 428 929 454 δυοκαιδὲ-

138 481 234 505 κατον,
250 473 334 508 Ἀδαρ
355 474 632 509 προσαγορευόμενον,
655 475 672 509 ή
690 474 783 500 τούτου
795 474 927 501 ὀκτωκαι-

136 518 251 552 δεκάτη,
260 519 289 544 ἐν
297 518 400 550 τούτοις
413 518 532 554 δηλονότι
544 520 599 550 τοῖς
611 519 655 546 τὸν
667 519 813 555 ἐμϐόλιμον
825 520 926 555 ἔχουσι.

137 562 197 589 Καὶ
213 562 290 589 τοῦτό
301 571 332 596 γε
348 563 418 590 κατὰ
429 563 516 597 λόγον.
537 563 644 599 Ἐπειδὴ
655 564 708 600 γὰρ
720 564 760 591 κΟ¹
774 565 820 591 καὶ
830 565 851 591 λ’
862 566 928 600 ἡμε-

137 608 196 642 ριῖν
214 609 277 644 παρ’
292 609 418 645 ἑκάτερον
435 609 506 644 μῆνα
514 609 567 636 τῶν
581 610 743 637 δυοκαίδεκα
753 611 802 646 τῆς
813 611 927 646 σελήνης

134 653 301 690 ψηφίζομεν,
316 655 384 690 πρὸς
398 655 428 682 τὸ
449 655 485 691 μὴ
504 657 597 690 τεμεῖν
619 656 721 692 ἡμέρας
743 657 785 684 διὰ
808 656 854 683 τοῦ
875 657 927 684 ἀνὰ

135 700 179 726 νϐ’
198 701 310 736 ἡμίσεος
334 700 444 732 τούτους
465 701 592 736 ψηφίζειν
617 703 771 737 (συμϐαίνει
785 702 838 738 γὰρ
855 702 925 729 οὕτω

133 747 188 778 τὰς
204 755 234 773 τε
253 747 304 773 τνό¹
318 747 424 783 ἡμέρας
446 748 559 779 ἐντελῶς
582 748 756 784 ἀριθμεῖσθαι
779 749 850 776 κατὰ
872 750 925 776 πᾶν

135 792 198 824 ἔτος
209 794 258 828 τῆς
275 793 406 828 σελήνης,
431 793 476 819 καὶ
495 793 630 828 μηδεμιᾶς
647 793 804 828 συμϐαίνειν
818 794 923 830 ἡμέρας

133 838 284 873 διαίρεσιν·
304 838 342 870 ὡς
362 838 484 865 ἐντεῦθεν
505 839 596 866 λοιπὸν
620 839 793 874 εὑρίσκεσθαι
813 840 856 866 διὰ
876 840 924 875 τὴν

133 885 262 919 τοιαύτην
278 885 309 910 ἐκ
326 883 432 920 πρώτου
450 885 532 919 μηνὸς
550 885 707 912 ἀκολουθίαν
723 887 770 912 καὶ
786 885 861 918 τάξιν
876 886 921 911 τὸν
940 875 962 904 Β

134 931 187 965 μὲν
197 934 230 957 ια’
242 930 351 965 ἡμερῶν
362 930 414 962 κθ’;
428 930 473 956 τὸν
489 931 517 957 δὲ
531 931 736 958 δυοκαιδὲκατον
749 931 770 957 λ’
786 931 918 966 ήμερῶν)·

133 976 328 1012 προσηκόντως
341 974 385 1002 οὖν
401 977 429 1002 ὲν
446 977 493 1011 μὲν
510 977 565 1007 τοῖς
580 977 629 1003 οὐκ
643 977 733 1011 ἔχουσι
751 977 796 1003 τὸν
812 976 920 1012 ἐμϐόλι-

135 1031 187 1057 μον
203 1022 248 1049 τὸν
269 1025 301 1048 te!
323 1022 370 1048 καὶ
393 1022 442 1057 τὴν
461 1022 554 1049 τούτου
578 1022 609 1054 ιζ’
627 1022 830 1058 ὲκανονίσαμεν.
855 1022 920 1048 Ἀπὸ

132 1068 189 1104 γὰρ
208 1067 308 1103 ταύτης
329 1068 408 1104 μέχρι.
426 1069 474 1103 τῆς
496 1068 543 1094 τοῦ
564 1068 623 1094 καθ’
647 1068 788 1103 Ἑϐραίους
811 1067 919 1104 πρώτου

133 1114 220 1149 μηνὸς
233 1115 262 1141 ιδ’
275 1114 322 1140 τοῦ
337 1115 447 1141 εἰσιέναι
461 1114 600 1149 μέλλοντος
615 1114 691 1145 ἔτους
712 1113 850 1149 ἱσάριθμοι
866 1114 920 1140 τῶν

131 1161 219 1194 ἁγίων
234 1160 362 1196 νηστειῶν
376 1161 403 1187 αἱ
417 1161 518 1196 ἡμέραι
533 1161 706 1195 τυγχάνουσι,
725 1160 847 1186 τουτέστι
870 1159 918 1192 νζ¹.

131 1206 270 1233 Τοσαῦται
285 1206 339 1242 γὰρ
360 1207 388 1233 αἱ
402 1206 455 1232 τῶν
469 1209 493 1242 η’
510 1205 663 1241 ἑϐδομάδων
680 1206 818 1241 προδήλως
832 1206 899 1231 εἰσίν
910 1214 917 1220 ·

130 1249 190 1278 οἷον
204 1253 231 1278 αἱ
244 1253 382 1279 ὑπόλοιποι
400 1256 434 1286 ιγ’
451 1251 533 1279 αὑτοῦ
550 1251 597 1278 τοῦ
610 1255 642 1278 ια’
659 1252 741 1287 μηνός
752 1260 758 1266 ·
772 1252 849 1287 εἴπερ
866 1252 917 1283 κθ’.

130 1298 225 1329 καθὼς
240 1298 316 1333 ἔφην,
336 1295 412 1329 οὗτος
431 1297 593 1333 ψηφίζεται·
612 1298 658 1324 καὶ
674 1298 701 1323 αἱ
717 1297 764 1323 τοῦ
781 1297 918 1324 δυοκαιδε-

131 1346 217 1372 κάτου
231 1345 268 1372 λ“⁶
285 1346 331 1373 καὶ
345 1346 373 1372 αἱ
389 1346 435 1372 τοῦ
457 1346 564 1381 πρώτου
580 1345 663 1381 μηνὸς
677 1345 717 1373 ιδ’.
730 1346 813 1381 Δῆλον
829 1345 866 1377 δὲ,
882 1346 918 1378 ὡς

130 1396 180 1425 ιγ’,
193 1391 238 1417 καὶ
260 1391 292 1423 λ’,
309 1392 355 1418 καὶ
375 1392 414 1424 ιδ’,
432 1392 536 1428 ἡμέρας
550 1392 587 1424 vi’
604 1391 734 1419 ποιοῦσιν.
763 1392 806 1418 Ἐν
821 1391 849 1418 δὲ
864 1393 918 1423 τοῖς

130 1438 224 1472 ἔχουσι
235 1437 279 1463 τὸν
292 1437 440 1472 ἐμϐόλιμον
455 1437 527 1463 ἔτεσι
541 1438 586 1464 τὸν
605 1437 810 1464 δυοκαιδέκατον
821 1438 920 1473 ἐτηρή-

129 1492 235 1519 σαμεν,
255 1483 301 1510 καὶ
320 1483 369 1518 τὴν
385 1483 466 1510 αὑτοῦ
484 1483 728 1518 ὀκτωκαιδεκάτην.
754 1483 801 1509 Ἐκ
819 1482 920 1517 ταύτης

128 1531 187 1566 γὰρ
209 1531 289 1566 μέχρι
316 1532 365 1565 τῆς
378 1530 424 1556 τοῦ
450 1530 558 1565 πρώτου
579 1531 662 1565 μηνὸς
687 1530 717 1556 ιδ’
739 1530 766 1556 αι
786 1529 822 1561 νζ¹
840 1529 920 1555 πάλιν

127 1576 301 1612 ἁθροίζονται
313 1585 320 1591 ·
335 1574 389 1602 οἷον
405 1577 431 1602 αἱ
448 1576 530 1602 abso-3
543 1576 588 1602 τοῦ
603 1576 636 1611 ιβ’
656 1576 796 1603 ὑπόλοιποι
813 1578 857 1609 ιγ’,
874 1575 917 1601 διὰ

127 1623 161 1649 τὸ
179 1623 200 1649 λ’
221 1622 332 1659 ἡμερῶν
357 1621 450 1648 τοῦτον
472 1622 656 1656 ψηφίζεσθαν
676 1622 722 1648 καὶ
741 1621 787 1648 τοῦ
810 1621 918 1656 ἐμϐολί-

130 1677 195 1702 μου,
211 1669 293 1703 ήγουν
315 1668 554 1704 τρισκαιδεκάτου,
575 1668 612 1694 λ’·
642 1667 773 1699 τοσαύτας
790 1667 844 1702 γὰρ
864 1667 916 1698 πᾶς

128 1714 278 1748 ἐμϐόλιμος
293 1714 436 1748 κέκτηται’
460 1714 506 1740 καὶ
528 1714 555 1740 αἱ
568 1713 614 1740 τοῦ
640 1713 747 1748 πρώτου
773 1712 855 1747 μηνὸς
875 1713 914 1738 ιδ’.

129 1758 212 1786 Ὅθεν
233 1759 279 1784 ἐπὶ
306 1758 351 1784 τοῦ
368 1758 532 1788 τελευταίου,
553 1759 635 1793 ήγουν
654 1757 699 1784 τοῦ
722 1757 752 1784 ιΟ¹
769 1757 854 1789 ἔτους,
871 1758 917 1783 καὶ

127 1807 179 1840 τὴν
194 1808 230 1837 ις’
239 1805 284 1831 τοῦ
298 1806 357 1831 κατ’
371 1805 451 1831 αὑτὸν
467 1808 499 1831 ια’
517 1805 599 1839 μηνὸς
613 1803 860 1839 ὲπεσημηνὰμεθα·
873 1803 916 1830 διὰ

127 1851 175 1877 τὸν
191 1850 394 1877 δυοκαιδέκατον
416 1849 496 1876 αὑτοῦ
514 1849 585 1884 μῆνα
601 1849 641 1876 κθ¹
658 1849 736 1884 μόνον
763 1848 915 1884 ψηφίζομεν

127 1897 251 1932 ἡμερῶν,
273 1896 368 1932 ὥσπερ
385 1894 431 1923 οὖν
454 1896 552 1923 καύτὸν
577 1895 624 1921 τὸν
641 1894 692 1921 ta"
717 1895 766 1929 τὴν
779 1895 808 1921 δὲ
828 1894 915 1922 αἰτίαν

127 1944 269 1979 προῖόντες
292 1943 456 1978 δηλώσομεν.
484 1941 608 1976 Εὐλόγως
628 1940 674 1968 οὖν
693 1941 736 1967 διὰ
762 1941 847 1968 ταῦτα
871 1941 916 1967 καὶ

127 1990 179 2024 τὴν
201 1988 364 2023 μετάστασιν
381 1988 442 2023 ἴσην
461 1986 644 2023 ὲπιτηροῦμεν
669 1986 714 2012 ἐπὶ
739 1986 840 2012 τούτων
860 1985 915 2016 τῶν

127 2032 318 2068 δεδηλωμένων
346 2032 447 2068 μηνῶν,
465 2031 547 2067 ἤγουν
569 2031 623 2057 τῶν
650 2030 738 2056 αὐτῶν
768 2029 914 2062 ποσταίων,

126 2078 178 2112 τῆς
196 2077 402 2113 παρεισόάσεως
417 2076 506 2112 χάριν,
521 2077 549 2103 ὲν
569 2075 608 2111 τῷ
628 2075 759 2110 εὐωνύμῳ
773 2074 819 2101 τοῦ
837 2083 915 2101 κανο-

125 2124 200 2155 ¹νέου,
218 2124 267 2158 τῆς
289 2124 334 2150 ἐπὶ
351 2123 402 2158 τῆς
420 2123 449 2149 ιδ’
463 2123 508 2149 τοῦ
523 2122 630 2158 πρώτου
658 2121 740 2157 μηνὸς
766 2121 914 2157 γενομένης

127 2172 210 2205 ἡμῖν,
234 2171 261 2196 ὲν
280 2169 319 2205 τῷ
333 2170 411 2204 δεξιῷ
440 2169 517 2205 μέρει
540 2169 586 2195 τοῦ
609 2168 690 2195 αὑτοῦ
713 2168 847 2199 κανονίου,
863 2167 914 2202 τῆς

981 246 1136 279 cernimus;
1154 246 1200 273 sed
1215 246 1278 279 alia,
1294 251 1375 281 atque
1399 246 1462 273 alia.
1476 246 1555 274 Velut
1577 248 1603 274 in
1621 248 1762 277 undecimo

980 299 1089 323 mense,
1116 299 1195 326 quem
1224 290 1328 319 Hebraei
1355 290 1438 318 Sabat
1463 293 1625 324 nominant,
1658 293 1762 321 decima

979 338 1093 372 septima
1111 338 1169 365 dies
1184 338 1329 365 adnotatur
1350 338 1383 365 iis
1400 338 1480 365 annis
1491 339 1537 373 qui
1556 338 1702 365 embolimo
1716 347 1762 366 ca-

979 388 1063 416 rent;
1092 385 1119 410 in
1149 383 1311 411 duodecimo
1336 392 1412 415 vero,
1438 384 1485 419 qui
1514 384 1548 411 ab
1574 384 1628 412 illis
1648 388 1762 412 vocatur

977 429 1061 461 Adar,
1077 434 1172 457 octava
1190 430 1296 457 decima
1316 430 1344 457 in
1361 431 1442 458 annis
1461 430 1607 457 embolimo
1629 430 1759 465 praeditis.

978 475 1055 508 Quod
1073 476 1182 510 quidem
1199 476 1297 503 rationi
1311 481 1524 503 consentaneum
1540 481 1590 504 est.
1607 476 1674 504 Cum
1687 478 1760 504 enim

977 521 1117 548 duodenos
1144 522 1214 550 luna:
1238 529 1345 549 menses
1367 521 1480 548 alternis
1496 521 1589 557 viginti
1609 530 1715 555 novem,
1733 526 1760 549 et

977 568 1088 602 triginta
1107 567 1213 594 dierum
1236 572 1373 602 putemus,
1390 575 1424 594 ne
1443 567 1501 595 dies
1525 568 1620 602 partiri
1642 576 1756 596 necesse

977 613 1023 645 sit,
1038 613 1060 640 si
1073 612 1166 648 viginti
1194 620 1289 639 novem
1304 621 1335 639 ac
1355 613 1496 640 dimidium
1513 613 1626 648 singulis
1638 613 1756 647 impute-

976 667 1038 686 mus
1058 659 1110 695 (sic
1125 659 1198 687 enim
1220 659 1328 690 accidit,
1347 663 1374 686 ut
1392 659 1418 686 i'n
1433 659 1555 694 quolibet
1576 666 1647 686 anno
1666 659 1754 686 lunari

977 708 1114 733 trecentos
1134 709 1161 732 et
1189 703 1386 739 quinquaginta
1419 709 1537 739 quatuor
1571 705 1630 731 dies
1655 705 1757 739 integre

976 759 1161 783 numeremus,
1182 751 1241 778 sine
1257 751 1311 778 ulla
1328 750 1381 778 diei
1395 750 1528 778 fractione
1542 759 1549 782 ;
1562 759 1616 786 quo
1635 750 1662 777 (it
1680 755 1708 778 ut
1724 758 1758 778 ex

976 797 1101 824 instituto
1128 797 1262 824 mensium
1295 796 1390 823 ordine
1419 803 1452 822 ac
1482 797 1670 827 successione.
1696 799 1757 831 post

976 843 1092 878 primum
1108 842 1235 876 deinceps
1258 842 1418 869 undecimus
1437 842 1495 869 dies
1508 842 1604 869 habeat
1617 849 1711 868 novem
1730 845 1757 868 et

975 888 1087 923 viginti,
1117 888 1296 915 duodecimus
1327 895 1390 914 vero
1418 887 1539 922 triginta)
1566 896 1573 913 :
1599 894 1660 913 cum
1688 887 1755 918 haec.

974 934 1094 969 inquam.
1113 934 1153 961 sic
1174 933 1302 964 habeant,
1315 934 1412 960 merito
1429 933 1456 959 iu
1482 933 1561 959 annis
1584 932 1755 967 simplicibus

974 980 1144 1007 undecimum
1171 987 1303 1011 mensem,
1326 979 1440 1014 ejusque
1455 986 1509 1005 xvu
1531 978 1601 1005 diem
1623 978 1656 1004 ad
1671 985 1754 1005 cano-

974 1033 1034 1052 nem
1050 1025 1247 1052 adnotavimus.
1274 1024 1339 1051 Nam
1353 1025 1388 1052 ab
1407 1024 1457 1051 hoc
1469 1024 1513 1051 die
1532 1031 1617 1058 usque
1632 1024 1665 1050 ad
1679 1024 1755 1051 deci-

975 1079 1048 1098 mum
1068 1076 1194 1106 quartum
1210 1071 1289 1106 primi
1309 1071 1411 1098 mensis
1434 1069 1540 1097 1ιιιῐιιῐι-ἰ
1559 1070 1585 1097 in
1608 1078 1679 1097 anno
1693 1078 1756 1097 con-

975 1117 1110 1151 sequenti,
1137 1117 1249 1144 totidem
1279 1121 1345 1151 quot
1370 1117 1473 1144 sanctis
1494 1117 1607 1151 jrjuniis
1631 1117 1755 1144 attributi

973 1168 1046 1194 sunt,
1071 1164 1242 1190 intercedunt
1262 1164 1338 1195 dies,
1355 1171 1451 1198 nempe
1468 1172 1532 1191 LVII.
1552 1163 1604 1191 Tot
1624 1165 1696 1191 enim
1722 1172 1756 1191 ei:

973 1208 1188 1235 hebdomadibus
1211 1213 1273 1235 octo
1295 1209 1426 1235 conﬁunt.
1451 1208 1520 1236 Sunt
1540 1213 1628 1236 autem
1652 1209 1679 1236 bi
1696 1209 1755 1236 dies

973 1262 1020 1280 XIII
1042 1261 1074 1281 ex
1098 1254 1239 1282 undecimo
1265 1262 1359 1282 mense
1379 1254 1501 1288 residui;
1518 1255 1574 1290 qui,
1599 1259 1629 1281 ut
1652 1256 1755 1282 dictum

972 1304 1028 1331 est,
1057 1307 1153 1327 novem
1181 1303 1208 1326 et
1235 1299 1329 1334 viginti
1355 1299 1479 1334 colligit;
1509 1305 1566 1327 tum
1600 1301 1754 1331 duodecimi

972 1345 1074 1372 mensis
1096 1353 1169 1378 xxx;
1192 1352 1224 1372 ac
1245 1345 1323 1380 primi
1350 1345 1475 1380 denique.
1501 1353 1559 1373 xtv.
1585 1345 1756 1380 Colligantur

972 1397 1004 1417 ex
1027 1398 1086 1422 xm,
1106 1394 1133 1416 et
1147 1398 1212 1423 xxx,
1228 1393 1255 1417 et
1269 1397 1325 1422 Juv,
1346 1391 1489 1425 perspicue
1511 1391 1568 1418 dies
1588 1398 1653 1418 LVII.
1669 1391 1704 1418 At
1726 1391 1753 1418 in

973 1437 1052 1464 anuis
1074 1436 1251 1464 embolimaeis
1271 1437 1462 1464 duodecimum
1486 1444 1620 1468 mensem.
1640 1437 1754 1472 ejusque

973 1483 1043 1510 diem
1057 1487 1182 1509 octavum
1199 1482 1334 1510 decimum
1354 1483 1538 1510 adhibuimus.
1556 1483 1597 1509 Ab
1611 1483 1662 1510 hoc
1681 1483 1754 1510 enim

974 1537 1059 1563 usque
1085 1529 1118 1556 ad
1142 1528 1277 1556 decimum
1301 1533 1428 1563 quartum
1459 1529 1562 1556 mensis
1588 1529 1677 1564 primi,
1696 1529 1754 1556 col-

973 1575 1092 1609 liguntur
1117 1574 1198 1601 iidem
1218 1582 1272 1601 Lvn
1296 1574 1364 1607 dies,
1390 1574 1518 1601 nimirum
1541 1583 1573 1602 ex
1598 1575 1753 1602 duodecimi

972 1621 1073 1647 mensis
1097 1620 1215 1647 residuis
1237 1628 1296 1651 un,
1321 1620 1451 1654 quoniam
1477 1620 1522 1647 ille
1551 1621 1663 1655 triginta
1693 1620 1753 1649 dius

970 1666 1052 1693 habet
1073 1676 1080 1693 :
1106 1670 1133 1693 et
1149 1674 1183 1693 ex
1203 1666 1353 1698 embolimi,
1375 1666 1432 1693 sive
1458 1666 1529 1693 tertii
1548 1667 1656 1699 decimi,
1675 1675 1726 1694 xxx
1744 1685 1752 1699 ,

971 1713 1082 1739 totidem
1102 1712 1174 1739 enim
1189 1713 1350 1739 embolimus
1365 1712 1455 1747 quivis
1469 1713 1583 1744 obtinet,
1596 1719 1627 1740 ac
1642 1712 1752 1740 demum

970 1766 1003 1784 ex
1021 1759 1123 1786 mensis
1144 1758 1224 1792 primi
1241 1757 1336 1784 diebus
1359 1765 1415 1784 xrv.
1437 1757 1479 1785 0b
1499 1758 1569 1784 hanc
1586 1765 1697 1785 causam
1721 1758 1750 1785 in

971 1812 1042 1831 anno
1064 1808 1212 1838 postremo,
1240 1804 1287 1838 qui
1309 1809 1351 1830 est
1375 1797 1496 1831 decimus
1517 1811 1623 1836 nonus,
1646 1804 1749 1832 mensis

970 1851 1102 1878 undecimi
1115 1859 1159 1877 xvr
1177 1851 1247 1878 diem
1265 1850 1442 1885 ascripsimus
1455 1870 1462 1882 ,
1474 1851 1601 1885 quoniam
1616 1850 1749 1877 duodeci-

969 1903 1043 1922 mum
1061 1896 1134 1924 illius
1156 1904 1277 1924 mensem
1300 1896 1415 1929 dierum,
1439 1905 1493 1924 non
1516 1897 1632 1932 amplius
1654 1904 1750 1924 novem

969 1949 1001 1968 ac
1020 1941 1117 1977 viginti
1140 1942 1343 1973 constituimus,
1366 1946 1396 1968 ut
1420 1945 1447 1968 et
1470 1941 1653 1974 undecimum,
1670 1941 1751 1976 cujus

968 1990 1008 2016 rei
1022 1989 1049 2015 in
1065 1988 1296 2023 consequentibus
1310 1988 1379 2015 ratio
1394 1987 1531 2016 reddetur.
1543 1987 1676 2021 Quocirca
1687 1988 1750 2023 jure

969 2037 997 2063 in
1016 2037 1049 2064 iis
1068 2043 1137 2070 quos
1152 2036 1208 2064 dixi
1224 2036 1365 2062 mensibus
1377 2054 1385 2066 ,
1408 2042 1439 2061 ac
1464 2034 1554 2070 quotis
1576 2041 1671 2061 eorum
1690 2033 1749 2060 die-

968 2080 1031 2114 bus,
1044 2087 1154 2117 propter
1177 2082 1318 2108 introitum
1333 2081 1516 2116 jejuniorum,
1531 2079 1652 2107 eamdem
1665 2080 1749 2107 alter-

969 2131 1106 2158 nationem
1132 2130 1159 2156 in
1185 2129 1298 2156 sinistro
1323 2129 1408 2155 latere
1431 2127 1544 2155 canonis
1562 2127 1749 2156 observamus,

968 2185 1049 2212 quam
1070 2177 1096 2203 in
1115 2177 1212 2204 dextro
1233 2175 1266 2201 ad
1283 2174 1415 2201 decimam
1430 2177 1556 2208 quartam
1575 2171 1654 2208 primi
1674 2178 1751 2198 men-

128 2215 301 2246 ἀναστάσεως
316 2215 407 2241 ἕνεκεν
417 2223 423 2229 “
438 2215 491 2241 ἀπὸ
502 2214 551 2249 τῆς
566 2213 709 2249 Κυριακῆς
717 2213 910 2249 καὶδευτέρας,

973 2225 1007 2253 sis
1023 2222 1192 2251 adhibemus.
1216 2224 1324 2255 propter
1342 2218 1441 2245 festum
1457 2217 1686 2249 resurrectionis;
1701 2214 1748 2242 ubi

127 2262 176 2288 καὶ
191 2261 244 2288 τῶν
259 2260 375 2296 καθεξῆς
386 2261 495 2296 ἡμερῶν
507 2261 547 2291 εις
561 2259 610 2295 τὴν
624 2259 752 2285 ἐπιοῦσαν
767 2259 847 2293 ἁγίαν
858 2259 914 2284 Κυ-

129 2307 228 2342 ριακὴν
244 2307 457 2342 μεταϐαίνοντες.
466 2306 558 2332 Ταῦτα
571 2307 617 2332 καὶ
631 2305 695 2341 περὶ
708 2305 810 2332 τούτων
825 2305 915 2332 εἰπόν-

126 2362 184 2384 τες,
196 2353 361 2379 ὲπανακτέον
373 2353 438 2386 ἡμῖν
452 2351 497 2378 τὸν
512 2351 589 2385 λόγον
600 2353 639 2382 εἰς
650 2351 699 2386 τὴν
709 2351 763 2377 τῶν
773 2351 822 2386 τῆς
835 2351 914 2385 σελή-

128 2407 178 2434 νης
194 2398 261 2425 ὲτῶν
273 2397 470 2433 ἁπακρίὸωσιν.

125 2510 198 2544 Περὶ
227 2509 391 2543 διαστολῆς
416 2509 475 2536 τῶν
506 2508 559 2543 τῆς
588 2509 722 2542 σελήνης
747 2508 838 2540 ἐτῶν,
868 2509 917 2535 καὶ

357 2544 467 2578 ὀμάδος
481 2544 539 2570 τῶι·
560 2544 687 2577 ἡμερῶν.

164 2590 203 2616 ϐ’.
217 2590 292 2616 Εἰσὶν
303 2587 348 2616 οὖν
362 2590 394 2615 τὰ
407 2589 455 2615 ὅλα
466 2590 514 2624 τῆς
528 2588 642 2624 σελήνης
658 2588 714 2622 ἐτη,
729 2588 819 2620 καθὼς
838 2589 916 2625 ὲρρἐ

128 2636 174 2670 οη,
192 2634 241 2661 ιΘ’·
256 2634 279 2667 ζ’
295 2635 343 2670 μὲν
365 2634 400 2661 τὰ
413 2635 475 2665 τοὺς
491 2633 649 2668 ἰσαρίομους
665 2633 827 2669 ἐμϐολίμους
840 2633 916 2669 ἔχον-

128 2690 163 2708 τα
186 2681 284 2716 μῆνας,
308 2682 390 2717 ἠγουν
415 2680 450 2707 τὰ
476 2681 531 2707 ἀπὸ
555 2679 612 2707 τπδ’
636 2679 764 2715 ἡμερῶν·
793 2680 825 2714 ιβ’
840 2679 916 2706 δὲτὰ

128 2727 264 2762 λεγόμενα
284 2727 376 2759 κοινὰ,
392 2727 513 2753 τουτέστι
529 2725 563 2752 τὰ
580 2725 635 2752 ἀπὸ
647 2725 709 2752 τνδ’.
732 2725 764 2751 Αἱ
781 2726 808 2751 δὲ
830 2725 915 2751 πᾶσαι

129 2772 185 2798 τῶν
201 2772 288 2798 αὐτῶν
303 2772 334 2798 ιϐ’
348 2772 396 2807 τῆς
414 2771 527 2807 σελήνης
543 2770 611 2797 ἐτῶν
627 2770 738 2806 ἡμέραι,
754 2771 786 2806 τῇ
804 2778 914 2804 συμπα-

175 2850 196 2865 ¹⁷
216 2850 235 2877 Γ.
251 2850 279 2876 ἐν
293 2849 374 2880 ὅλοις.

274 2898 406 2926 Ριτιιοι..
431 2897 486 2927 (in.
513 2898 600 2929 ΧΙΧ.

970 2279 985 2298 a
1002 2269 1152 2299 Dominica,
1170 2270 1197 2294 et
1215 2264 1335 2293 secunda
1355 2263 1432 2295 feria,
1444 2262 1605 2297 caeterisque
1619 2262 1747 2296 deinceps
1789 2276 1794 2281 ι

970 2317 1004 2344 ad
1019 2318 1140 2343 sanetam
1159 2312 1327 2339 Dominicam
1342 2312 1499 2344 sequentem
1514 2309 1661 2335 transitum
1678 2308 1747 2335 raci-

969 2370 1041 2390 mus.
1054 2360 1107 2387 Sed
1126 2359 1160 2386 de
1173 2359 1207 2386 iis
1224 2358 1375 2388 hactenus;
1389 2362 1461 2382 nunc
1475 2354 1509 2381 ad
1525 2361 1660 2382 annorum
1672 2354 1750 2381 luna-

968 2408 1038 2434 rium
1050 2405 1183 2432 rationem
1195 2401 1351 2430 accuratius
1361 2399 1548 2435 explicandam
1566 2398 1749 2427 convertenda

966 2457 1009 2481 est
1023 2450 1120 2480 oratio.

1020 2507 1195 2540 Explicantur
1209 2504 1271 2530 anni
1285 2504 1400 2535 lunares,
1418 2500 1562 2530 elisumma
1580 2502 1692 2529 dierum.

1001 2587 1047 2615 1X.
1065 2588 1134 2614 Anni
1154 2587 1264 2615 lunares
1279 2587 1405 2614 universe
1422 2590 1486 2613 sunt
1507 2583 1704 2614 novemdecim,
1720 2587 1749 2609 ut

967 2633 1070 2660 dictum
1095 2638 1146 2661 est.
1164 2634 1285 2667 Quorum
1311 2637 1424 2667 septem,
1445 2631 1621 2659 intercalares
1640 2638 1750 2658 menses

968 2679 1117 2714 accipiunt.
1143 2680 1279 2715 iidemque
1307 2679 1404 2707 diebus
1429 2680 1556 2705 constant
1579 2683 1747 2709 cccu-x-xrv;

969 2725 1112 2753 duodecim
1132 2735 1196 2754 vero
1212 2734 1372 2754 communes
1395 2725 1565 2760 appellantur
1578 2742 1584 2754 ,
1608 2722 1655 2757 qui
1678 2721 1752 2749 scili-

968 2775 1011 2798 cet
1037 2772 1095 2800 dies
1118 2772 1220 2800 habent
1242 2780 1344 2800 cccuv.
1366 2771 1451 2800 Porro
1476 2768 1556 2805 174
1576 2768 1634 2797 dies
1655 2775 1752 2796 omnes
1797 2810 1799 2815 _

1534 2893 1572 2922 39
