1931 3135
131 164 199 191 ιεεθ

544 163 573 190 S.
594 163 714 192 ΜΑΧΙΜΙ
732 165 908 193 MARTYRIS
928 163 1113 193 COMPUTUS
1132 163 1350 192 ECCLESIAST.

1678 164 1746 192 i330

131 222 252 258 μέθοδον,
263 222 293 248 οὐ
312 222 365 258 μὴν
384 222 497 257 ἀληθείᾳ
516 223 563 249 καὶ
581 222 733 258 πράγματι.
748 224 810 256 Πῶς
828 226 909 260 γὰρὴ

964 227 1030 251 tate.
1048 222 1101 257 Qui
1126 223 1196 250 enim
1214 222 1274 250 dies
1290 229 1341 249 una
1360 221 1450 249 facere
1468 221 1547 252 duas,
1569 224 1615 248 aut
1629 221 1745 249 duorum

130 268 179 303 μία
194 268 242 300 τὰς
255 268 310 300 δύο,
327 269 343 303 ἢ
360 269 418 295 ἀντὶ
430 268 483 295 τῶν
501 268 547 295 δύο
559 270 666 305 ποιήσει
687 271 745 296 ποτ’
762 271 812 302 iv;
829 268 920 298 Τοῦτο

128 315 183 349 γὰρ
197 313 263 349 πρὸς
275 314 305 340 τὸ
318 315 454 349 ἀμήχανον
463 315 509 341 καὶ
521 314 623 349 ἠλίθιον
636 316 721 351 πάντη
735 316 911 352 καθέστηκεν.

135 360 273 387 Ἐντεῦθεν
289 357 335 387 οὖν
355 361 401 387 καὶ
411 361 474 396 περ).
494 361 542 396 τὴν
557 361 605 395 τῆς
624 361 738 396 σελήνης
753 362 912 396 σφάλλονται

129 404 227 439 ψῆφον,
253 405 451 440 ἀναιρουμένης
468 405 518 440 τῆς
537 405 667 440 ἁκριῦοῦς
682 406 858 442 καταλήψεως
883 408 913 433 ἐκ

128 450 177 485 τῆς
209 450 262 476 τῶν
282 454 302 476 ε’
325 449 478 485 ἑξηκοστῶν
502 450 662 482 ἀσυντελοῦς
685 452 854 487 ἐπικλήσεως
879 452 911 478 ⁸³.

134 496 211 523 Ἐπεὶ
224 497 254 522 τὺ
268 496 316 532 μὲν
329 496 383 523 ἀπὸ
394 496 415 522 λ’
431 497 494 528 τοὺς
506 497 605 531 ταύτης
622 497 708 532 μῆνας
723 499 818 529 ποιεῖν,
834 498 864 523 τὸ
891 498 913 513 ⁵⁵

129 542 256 576 συνάγειν
270 542 308 574 ὡς
319 541 386 577 ἔφην
402 543 466 578 μίαν
478 542 624 578 ἑξηκοστὴν
635 543 703 578 ὑπὲρ
715 544 832 579 ἑκάστης
846 544 913 579 ὴμέ-

129 596 191 623 ρας,
206 588 257 614 οὐκ
269 587 325 622 ἔχει
339 587 514 623 πλεονασμὸν,
528 588 588 615 οὐδὲ
604 589 736 615 τοσούτων
743 589 854 625 ἡμερῶν
868 589 913 616 τὸν

127 632 213 668 αὐτῆς
237 633 307 667 μῆνα
328 632 508 668 παρίστησιν
529 633 546 668 ἡ
566 633 619 669 γὰρ
635 634 675 665 εἰς
697 633 718 659 λ’
735 633 828 665 πάλιν,
854 634 913 660 ἀλλ’

127 677 189 712 οὐχὶ
211 677 250 709 εἰς
265 676 307 703 κθ¹
327 677 413 712 ἣμισυ
429 677 484 704 τῶν
505 677 704 714 ἀθροιζομένων
729 678 866 710 ἀνάλυσις,
884 679 914 706 τὸ

126 722 277 758 προστεθὲν
299 721 343 749 διὰ
364 722 418 748 τῶν
440 722 592 758 ἑξηκοστῶν
608 723 792 758 ήμισημέριον
818 723 914 750 ὑποτέ-

126 776 241 803 μνουσα.
253 768 361 799 πλείους
372 768 442 803 ἐχειν
455 768 484 794 οὐ
500 770 658 804 παραχωρεί
668 768 722 795 τῶν
734 768 773 795 κθ¹
785 769 897 804 ἡμίσεος
905 777 912 784 ·

124 814 158 840 τὸ
176 813 206 840 δὲ
224 814 257 841 τὰ
281 817 301 840 ε’
314 813 385 840 κατὰ
408 815 461 840 πᾶν
485 813 542 845 Ero;
559 814 683 848 συνάγειν
704 813 847 850 ἑξηκοστὰ,
864 815 914 851 τῆς

125 860 199 887 κατὰ
220 860 250 886 τὺ
266 860 406 887 ἑνδέκατον
428 860 629 895 ὑποτμηθείσης
647 860 726 896 χάριν
746 861 911 897 ἀναπληρώ-

967 270 1054 297 instar
1070 269 1169 297 habere
1189 268 1298 304 possit?
1314 266 1372 295 Hoc
1389 275 1453 294 sane
1471 274 1525 294 non
1542 267 1629 294 solum
1645 267 1748 302 impos--

968 316 1046 342 sibilc
1062 319 1115 346 est,
1135 315 1181 342 sed
1198 314 1280 342 etiam
1298 313 1437 341 stolidum.
1463 312 1531 340 Ilinc
1548 312 1631 347 igitur
1644 312 1747 340 lunaris

967 361 1074 388 illorum
1098 360 1218 387 calculus
1242 359 1367 390 aberrat,
1393 365 1473 393 quem
1500 358 1535 384 ob
1562 356 1746 391 imperfectam

967 406 1086 441 quinque
1098 405 1327 439 sexagesimarum
1343 403 1528 430 accessionem
1546 407 1674 429 accurate
1685 409 1749 428 con-

968 452 1044 486 sequi
1059 454 1208 486 nequeunt.
1218 449 1286 476 Nam
1301 449 1373 484 quod
1386 447 1543 475 tricenarios
1557 448 1627 474 lunze
1641 454 1748 474 menses

967 497 1126 526 instituunt,
1152 500 1288 531 quatenus
1311 502 1360 530 pro
1380 494 1501 529 quolibet
1525 493 1568 520 die
1591 500 1684 524 unam,
1708 491 1748 519 uti

968 542 1070 569 dictum
1091 547 1144 573 est,
1163 540 1358 575 sexagesimam
1381 539 1533 573 colligunt;
1559 538 1620 565 ideo
1642 537 1747 564 nullam

968 587 1175 616 redundantiam
1194 586 1280 618 all'ert,
1291 592 1379 620 neque
1391 584 1503 612 totidem
1522 584 1628 611 dierum
1640 591 1748 611 menses

968 633 1041 661 illius
1057 633 1158 664 eﬂicit;
1179 632 1308 667 quoniam
1324 631 1430 658 dierum
1448 637 1554 657 summa
1568 637 1616 665 per
1629 629 1748 656 tricena-

967 680 1039 707 rium
1059 687 1203 707 numerum
1222 679 1320 710 divisa,
1339 678 1498 706 dimidiatus
1515 677 1560 705 ille
1572 677 1630 705 dies
1642 685 1658 705 e
1669 684 1749 705 sexa-

968 725 1080 761 gesimis
1093 725 1240 752 adveniens
1262 725 1430 756 exhauritur,
1451 732 1539 758 neque
1560 724 1651 758 plures
1666 731 1748 759 quam

967 779 1031 799 xxix
1049 771 1163 806 singulis
1186 770 1326 798 mensibus
1342 770 1480 805 relinquite
1497 770 1530 797 At
1550 777 1614 797 vero
1627 769 1749 805 quolibet

967 824 1040 844 anno
1063 815 1231 851 sexagesima
1262 815 1389 850 scrupula
1416 815 1535 850 quinque
1561 814 1689 850 colligere
1713 814 1748 841 ad

967 870 1028 890 eum
1054 861 1233 897 supplendum
1255 860 1336 892 diem,
1359 861 1404 896 qui
1428 861 1572 888 undecimo
1591 868 1662 887 anno
1682 867 1748 896 sup-

128 914 207 937 σεως,
222 905 380 942 διαμαρτεῖν
398 905 503 937 πάντως
515 907 585 932 ποιεῖ
596 907 658 938 τοὺς
668 906 844 942 ψηφίζοντας.
856 908 909 935 Καὶ

964 907 1102 943 primitur,
1120 906 1199 942 plane
1214 905 1247 932 ad
1265 906 1386 933 rationes
1401 905 1605 932 conturbandas
1616 905 1745 940 pertinet.

126 952 208 987 δῆλον
224 952 256 978 ἐκ
272 952 319 979 τοῦ
338 953 384 979 καὶ
400 952 467 988 μετὰ
484 951 584 987 ταύτην
606 951 654 988 τὴν
674 953 739 988 μίαν
756 953 862 989 ἡμέραν
878 955 910 980 ἑκ

126 999 181 1026 τῶν
195 999 345 1025 ὑπολοίπων
360 998 382 1031 ξ’
404 999 452 1034 τῆς
468 998 579 1034 σελήνης
601 999 667 1025 ἑτῶν
688 1000 857 1035 συναγόμενα
875 1000 912 1026 λε’

127 1044 261 1079 ἐξηκοστὰ
290 1045 359 1071 κατὰ
380 1045 410 1071 τὸ
432 1044 507 1076 τέλος
533 1045 580 1079 τῆς
598 1045 911 1081 ἐννεακαιδεκαετηρῑδος

126 1091 165 1122 ὡς
177 1090 293 1125 περιττὰ
306 1090 519 1126 διαρρίπτεσθαι.
541 1091 597 1116 Πᾶν
606 1090 633 1116 δὲ
647 1091 717 1118 κατὰ
729 1100 755 1117 τι
771 1092 845 1127 παρὰ
857 1091 910 1118 τῶν

127 1136 300 1171 ψηφιζόντων
310 1136 431 1172 ἀνοήτως
448 1136 608 1172 ῥιπτόμενον
621 1137 670 1172 τήν
683 1145 712 1163 τε
721 1136 768 1163 τοῦ
785 1137 844 1163 ὅλου
863 1137 911 1163 κύ-

126 1182 193 1209 κλου
213 1182 282 1208 κατά
304 1182 384 1217 τήνδε
408 1182 455 1217 τὴν
476 1181 584 1217 μέθοδον
599 1183 764 1209 ἀναστασίαν
779 1183 801 1198 ⁸⁸
817 1182 908 1217 δηλοῖ,

125 1229 174 1255 καὶ
188 1228 241 1255 τῶν
255 1229 322 1263 αὐτῇ
340 1229 514 1263 κεχρημένων
526 1228 657 1264 διελέγχει
678 1229 708 1255 τὸ
725 1229 845 1264 σφάλμα.
860 1229 910 1256 Λό-

126 1282 174 1307 γος
201 1272 255 1308 γὰρ
275 1273 381 1304 αὐτοῖς,
403 1272 441 1304 ὡς
464 1270 549 1305 εἶπον,
565 1273 624 1299 ἐστὶ
647 1274 807 1307 συναγαγεῖν
826 1273 910 1308 μόνην

124 1318 175 1354 τὴν
194 1318 256 1353 μίαν
270 1317 374 1353 ἐκείνην
384 1327 390 1332 ·
412 1318 498 1350 οὐδεὶς
514 1319 542 1345 δὲ
560 1319 624 1354 περὶ
638 1318 778 1354 ἀκριϐείας
793 1318 822 1344 τὸ
849 1319 910 1345 σύν-

123 1364 197 1391 ολον.
219 1363 374 1390 Διαλλάττει
385 1363 413 1389 δὲ
429 1365 475 1390 καὶ
489 1364 519 1391 τὸ
536 1365 601 1400 παρ⁴
617 1365 707 1396 αὐτοῖς
724 1364 909 1400 ψηφιζόμενον

125 1410 187 1441 ἔτος
205 1410 272 1446 πρὸς
293 1410 323 1436 τὸ
347 1410 411 1445 παρ’
429 1410 494 1445 ἡμῖν
515 1410 584 1437 κατὰ
608 1411 657 1446 τὴν
685 1411 909 1447 ἐκκλησιαστικὴν

125 1455 274 1491 παράδοσιν
282 1454 480 1490 ἀριθμούμενον
487 1464 493 1470 ·
505 1455 597 1490 ἐπειδὴ
611 1456 666 1487 τοῖς
675 1455 729 1481 ἀπὸ
744 1455 805 1482 Ἀδὰ
809 1465 829 1490 μ
838 1455 909 1482 ἔτεσι

127 1505 165 1535 ις’
187 1500 387 1536 προστιθέασιν.
413 1500 492 1527 Ἀλλὰ
506 1500 592 1527 ταῦτα
606 1500 665 1526 κατ’
681 1500 828 1536 ἐπιδρομὴν
846 1501 909 1536 περὶ

124 1547 239 1575 ἐκείνων
255 1547 386 1578 εἰπόντες,
409 1548 449 1578 εις
472 1546 502 1574 τὸ
519 1547 696 1582 προκείμενον
707 1546 908 1582 ἐπανέλθωμεν,

124 1595 177 1629 τὴν
189 1593 278 1620 αἰτίαν
299 1592 459 1628 τρανοῦντες
480 1592 530 1627 τῆς
551 1592 603 1619 τῶν
628 1592 782 1628 ἑμὸολίμων
800 1593 829 1618 ἑν
853 1594 908 1624 τοῖς

124 1640 200 1667 ιτεσι
218 1639 268 1675 τῆς
277 1638 389 1674 σελήνης
403 1638 559 1675 προσθήκης
578 1638 679 1674 μηνῶν.

127 1737 186 1776 Τις,
212 1737 260 1764 καὶ
276 1736 325 1776 διὰ
342 1736 442 1776 ενι-τῷν
460 1737 625 1776 ὲμσολίμῳν
638 1737 742 1776 μηκῶν·
760 1739 826 1776 11er-
847 1738 908 1776 tng

159 1773 241 1799 ἐτεσι
254 1771 308 1805 τῆς
330 1771 464 1806 σελήνης
476 1771 653 1806 προσθήκῃ
677 1773 731 1800 Καὶ
752 1771 843 1800 πόθεν
861 1771 907 1801 ἀεὶ

158 1808 197 1843 τὸν
220 1807 336 1841 πρῶτον
357 1807 490 1843 ἄρχεται,
519 1808 568 1834 καὶ
597 1808 656 1834 ποῦ
679 1809 712 1834 τὸ
738 1809 909 1835 τελευταῖον

158 1842 254 1878 λήγει.

158 1899 210 1926 1Γ¹.
226 1899 346 1934 Λέγομεν
367 1898 424 1930 οὖν,
446 1900 484 1932 ὡς
499 1900 542 1926 διὰ
554 1900 633 1926 τοῦτο
650 1901 740 1932 αὐτοῖς
762 1899 907 1936 ἐνεϐλήθη-

125 1954 186 1976 σαν,
207 1945 250 1971 ἵνα
269 1945 298 1978 ἐξ
320 1946 378 1977 ἑνὸς
396 1946 442 1972 καὶ
459 1945 506 1972 τοῦ
525 1946 605 1972 αὐτοῦ
625 1946 708 1982 μηνὸς
725 1946 810 1973 ταῦτα
825 1946 909 1982 ψηφί-

124 1990 220 2021 ζεσθαι
231 1990 418 2022 κανονισθιῖπι,
437 1991 474 2026 μὴ
487 1991 603 2026 ἄλλωςῆ
626 1991 697 2018 οὕτω
715 1993 809 2019 παθεῖν
830 1993 909 2019 τοῦτο

123 2035 273 2070 δυνάμενα,
292 2035 336 2062 διὰ
351 2036 399 2071 τὴν
414 2036 456 2070 ἐφ’
480 2037 594 2063 ἑκάστου
615 2037 669 2063 τῶν
682 2037 778 2064 ἕνδεκα
793 2038 908 2073 ὑστέρη-

124 2089 168 2107 σιν
185 2081 306 2116 ἡμερῶν,
319 2078 356 2107 ὧν
368 2081 399 2107 τὸ
408 2080 520 2116 ἡλιακὸν
535 2081 604 2113 ἔτος,
624 2082 674 2108 οὐκ
688 2082 748 2117 ἔχον
761 2082 809 2117 τὴν
825 2082 908 2109 ἔλλει-

123 2126 182 2161 ψιν,
199 2126 228 2159 ἐξ
248 2126 306 2157 ἑνὸς
324 2127 370 2153 καὶ
386 2127 432 2153 τοῦ
447 2127 527 2153 αὑτοῦ
544 2128 627 2162 μηνὸς
641 2128 790 2163 ἀρχόμενον
801 2129 844 2155 ἀεὶ
860 2138 909 2155 κα-

124 2172 274 2204 νονίζεται⁵
298 2172 369 2206 λέγω
386 2172 418 2208 δὴ
438 2171 484 2198 τοῦ
502 2172 610 2208 ἑαρινοῦ
627 2173 673 2199 καὶ
696 2173 744 2208 τὴν
767 2174 908 2209 ἰσημερίαν

124 2217 248 2252 ἐχοντος’
273 2217 302 2248 ὃς
330 2219 388 2244 ἐστι
410 2218 478 2244 κατὰ
504 2217 554 2253 μὲν
580 2218 729 2253 Ῥωμαίους
762 2218 907 2254 Ἀπρίλιος,

124 2263 197 2290 κατὰ
221 2263 249 2289 δὲ
271 2264 428 2295 Μακεδόνας
447 2263 587 2296 Ξανθικδς,
603 2264 673 2290 κατὰ
695 2264 723 2290 δὲ
746 2265 908 2298 Αἰγυπτίους

123 2309 273 2345 Φαρμουθὶ,
291 2309 361 2336 κατὰ
377 2309 406 2335 δὲ
431 2309 570 2344 Ἑϐραίους
591 2310 676 2336 Νισάν
688 2318 694 2324 ·
713 2311 760 2336 καὶ
776 2309 846 2336 κατὰ
864 2310 908 2336 τὸν

125 2353 256 2386 ζωδιακὸν
270 2353 365 2390 [ἥλιον]
380 2354 394 2379 ὁ
415 2353 558 2389 λεγόμενος
578 2355 652 2390 παρὰ
673 2356 728 2386 τοῖς
747 2355 799 2387 ἔξω
815 2354 907 2390 Κριός,

131 2400 240 2435 Ἐπειδὴ
255 2401 308 2436 γὰρ
325 2400 385 2426 καθ’
404 2400 516 2426 ἑκαστον
530 2400 588 2432 ἔτος
607 2401 697 2432 αὐτοῖς
717 2402 733 2436 ἡ
757 2399 855 2435 σελήνη
877 2401 909 2435 τῇ

124 2447 179 2472 τῶν
189 2447 340 2482 εἰρημένων
352 2450 385 2473 ια’
397 2447 507 2482 ἡμερῶν
518 2447 631 2481 ἐλλείψει
648 2447 791 2478 τοσαύταις
806 2447 908 2473 ὑποκα-

124 2491 299 2524 ταϐαίνουσα,
316 2491 365 2527 τὴν
389 2491 434 2526 ἀφ’
450 2489 484 2527 ἧς
499 2492 598 2528 ἤρξατο
620 2492 737 2528 ἡμέραν,
757 2493 805 2528 οὐχ
823 2493 871 2519 ἕνα.
887 2492 911 2506 ⁸⁸

125 2537 173 2563 καὶ
191 2537 237 2563 τὸν
251 2538 331 2564 αὐτὸν
354 2537 481 2572 κέκτηται
503 2538 589 2573 ἀρχὴν
606 2537 628 2553 ⁸⁷
646 2539 727 2573 μῆνα,
752 2539 830 2573 δῆλον
845 2540 909 2565 ὄντα

126 2583 202 2618 παρὰ
223 2584 284 2615 τοὺς
300 2583 405 2615 ἄλλους,
420 2583 487 2610 ἀλλὰ
507 2584 608 2615 πάντας
621 2583 728 2618 ἐπίσης,
751 2586 783 2611 ἐκ
797 2585 844 2611 τοῦ
865 2586 910 2612 διὰ

126 2629 236 2655 πάντων
255 2629 315 2655 καθ’
337 2629 431 2664 εἱρμὸν
461 2629 648 2661 ἀναποδίςειν·
677 2630 714 2661 ('0;
736 2631 907 2665 ἁσημείωτον

128 2674 252 2701 ἐντεῦθεν
266 2675 397 2711 ὑπάρχειν
405 2675 497 2702 λοιπὸν
512 2677 560 2711 τὴν
571 2676 593 2692 ⁸⁸
605 2675 658 2702 τῶν
670 2676 753 2711 αὐτῆς
764 2678 907 2712 νεομηνίας

126 2720 205 2747 ἐτῶν.
235 2721 266 2747 'H
275 2722 384 2757 τεχνικὴ
404 2722 492 2757 ψῆφος
512 2721 581 2756 αὕτη
600 2722 646 2748 καὶ
666 2722 775 2756 μέθοδος
798 2723 907 2756 γέγονεν

127 2767 170 2793 ἐπ’
181 2767 262 2802 αὐτῆς
276 2767 346 2794 κατὰ
359 2767 407 2802 τὴν
416 2768 469 2794 τῶν
484 2767 552 2794 ἐτττὰ
563 2767 715 2802 ὲμὸολὶμων
730 2768 886 2803 προσθήκην
898 2777 904 2783 -

163 2844 185 2859 ⁸³
199 2845 218 2877 1.
236 2845 405 2877 ἐπικτξσεως.
451 2845 472 2860 ⁸⁸
489 2845 508 2872 f.
526 2845 573 2877 τῷ.
612 2845 634 2860 ⁶¹
649 2844 667 2878 ί.
683 2845 822 2872 ἁστασίαν.

964 954 1052 988 Atque
1069 953 1120 980 hoc
1142 960 1174 980 ex
1198 960 1230 979 eo
1248 951 1429 983 convincitur,
1445 951 1528 986 quod,
1550 956 1613 987 post
1635 951 1746 978 unicum

965 999 1040 1026 illum
1059 998 1142 1029 diem,
1159 998 1269 1032 triginta
1294 998 1413 1032 quinque
1430 998 1622 1033 sexagesimas,
1635 1005 1696 1032 quae
1710 1005 1743 1024 ex

964 1045 1045 1072 annis
1069 1048 1173 1079 septem
1199 1044 1269 1070 lunae
1293 1043 1411 1071 residuis
1442 1043 1609 1075 conﬂantur,
1639 1042 1746 1070 evoluta

964 1091 1072 1119 demum
1090 1090 1349 1118 enneadecaeterille
1372 1095 1502 1125 tanquam
1522 1090 1677 1125 superﬂuas
1699 1097 1747 1117 ex-

964 1142 1098 1172 pungunt.
1121 1136 1259 1172 Quidquid
1283 1140 1375 1163 autem
1401 1144 1434 1163 ex
1461 1136 1552 1170 aliqua
1574 1140 1649 1171 parte
1673 1135 1746 1162 velut

964 1190 1195 1218 supervacaneum
1212 1182 1239 1209 in
1256 1181 1436 1210 subducenda
1456 1182 1554 1210 s'tolide
1568 1181 1701 1216 rejicitur,
1718 1181 1744 1207 id

963 1231 990 1256 et
1003 1229 1070 1264 cycli
1087 1229 1172 1255 totius
1188 1228 1276 1256 labem
1293 1229 1344 1256 hac
1361 1229 1388 1255 in
1407 1228 1544 1260 methodo,
1555 1231 1685 1255 eteorum
1698 1227 1744 1262 qui

963 1278 1086 1304 utuntur,
1104 1280 1225 1300 errorem
1244 1273 1377 1308 coarguit.
1398 1272 1465 1299 Nam
1485 1272 1512 1298 id
1535 1279 1619 1299 unum
1639 1272 1732 1298 intuen

963 1323 1019 1351 tur,
1037 1324 1067 1346 ut
1081 1319 1183 1346 dictum
1200 1323 1252 1350 est,
1268 1319 1356 1346 solum
1369 1324 1398 1345 ut
1411 1318 1485 1346 illum
1502 1318 1572 1345 diem
1591 1317 1743 1349 detrahant.

963 1371 1044 1400 quam
1073 1364 1191 1399 idipsum
1217 1371 1282 1391 vero
1308 1369 1402 1391 exacte
1430 1362 1542 1395 faciant,
1569 1363 1647 1398 pensi
1677 1362 1745 1389 nihil

964 1410 1074 1439 habent.
1093 1409 1162 1442 Quin
1178 1411 1259 1436 etiam
1275 1408 1381 1435 annalis
1405 1405 1514 1435 illorum
1543 1410 1688 1441 computus
1711 1407 1745 1433 ab

963 1463 996 1483 eo
1015 1456 1160 1490 discrepat.
1183 1462 1263 1490 quem
1280 1462 1329 1481 nos
1345 1462 1378 1481 ex
1402 1453 1546 1481 tradltione
1562 1453 1745 1481 ecclesiastica

964 1502 1123 1529 retinemus.
1139 1501 1244 1535 Quippe
1265 1501 1299 1527 ad
1319 1508 1405 1528 annos
1422 1499 1519 1527 Adami
1535 1499 1652 1528 sedecim
1676 1498 1745 1534 adji-

963 1547 1049 1575 ciunt.
1068 1547 1167 1574 Verum
1190 1546 1247 1573 haec
1269 1545 1302 1574 de
1320 1546 1373 1572 illis
1389 1546 1467 1580 quasi
1485 1545 1574 1573 obiter
1589 1545 1744 1579 attigimus;

960 1601 1032 1621 nunc
1055 1593 1088 1620 ad
1114 1593 1282 1627 propositum
1308 1591 1471 1622 redeamus.
1498 1597 1663 1624 causamque
1684 1590 1746 1617 red-

959 1638 1075 1672 damus,
1101 1646 1150 1665 cur
1181 1637 1318 1665 embolimi
1353 1644 1461 1664 menses
1492 1636 1633 1663 lunaribus
1664 1636 1744 1663 annis

959 1687 1128 1713 inserantur.

961 1741 1039 1777 175
1054 1741 1181 1774 Quwnam
1192 1740 1236 1777 sit,
1249 1744 1274 1767 et
1286 1747 1337 1774 qua
1346 1739 1377 1766 de
1386 1746 1470 1777 causa
1492 1739 1540 1777 Ιὶᾳι
1553 1739 1580 1764 in
1590 1738 1746 1777 annisllunm

994 1773 1121 1804 ῖιιὲηδῖυηι
1139 1773 1337 1803 ειηὺοίὶηιονιηη
1357 1774 1480 1808 adjectio.
1508 1773 1576 1800 Item
1601 1773 1669 1799 unde
1690 1781 1745 1806 pcr-

993 1816 1069 1846 petuo
1100 1811 1200 1846 primus
1236 1817 1320 1837 annus
1351 1807 1438 1841 ineat,
1470 1813 1495 1835 et
1524 1807 1570 1834 ubi
1597 1813 1746 1840 postremus

993 1847 1115 1881 desinat]

995 1902 1063 1930 Xlll.
1075 1902 1121 1930 Sic
1138 1903 1220 1938 igitur
1237 1901 1392 1931 statuimus.
1410 1899 1445 1927 ob
1461 1907 1520 1926 eam
1535 1905 1645 1926 causam
1661 1897 1744 1925 inseri

959 1957 1067 1977 menses
1078 1949 1150 1980 illos.
1162 1952 1191 1976 ut
1199 1948 1233 1974 ab
1241 1955 1295 1974 uno
1303 1946 1451 1980 eodemque
1457 1952 1548 1972 mense
1555 1947 1684 1979 perpetuo
1692 1944 1745 1970 cal-

959 1995 1038 2022 culus
1052 1994 1181 2029 procedat
1196 2001 1203 2019 :
1221 1993 1294 2028 quod
1310 1992 1389 2018 aliter
1407 1991 1434 2018 in
1451 1990 1530 2017 annis
1547 1989 1607 2017 istis
1621 1989 1739 2017 obtlneri

959 2048 1014 2068 non
1031 2045 1130 2076 potest.
1145 2040 1276 2075 quoniam
1294 2038 1394 2073 singuli
1416 2036 1513 2064 diebus
1535 2035 1661 2062 undecim
1678 2034 1744 2062 deﬁ-

960 2087 1056 2119 ciunt;
1079 2094 1133 2121 quo
1155 2086 1262 2113 defectu
1286 2091 1349 2112 cum
1373 2083 1472 2111 solaris
1493 2090 1582 2110 annus
1601 2086 1696 2112 vacet,
1710 2088 1744 2108 ex

960 2133 1054 2160 eodem
1083 2139 1190 2166 semper
1221 2131 1309 2161 initio,
1338 2130 1466 2156 nimirum
1495 2136 1581 2156 verno
1609 2132 1636 2155 et
1663 2127 1745 2162 aequi-

960 2178 1070 2205 noctiali
1086 2185 1189 2208 mense,
1200 2176 1399 2211 proﬁciscilur;
1414 2183 1493 2210 quem
1507 2175 1615 2209 quidem
1627 2172 1743 2200 Romani

960 2222 1079 2257 Aprilem
1103 2227 1211 2251 vocant.
1242 2221 1400 2248 Macedones
1426 2220 1601 2250 Xanthicum,
1622 2218 1742 2254 [Egyptii

961 2267 1130 2298 Pharmuthi.
1147 2267 1249 2294 Hebraei
1273 2267 1356 2294 Nisan
1378 2277 1384 2294 :
1406 2266 1451 2294 cui
1472 2265 1572 2292 Arietis
1592 2265 1699 2299 signum
1717 2263 1744 2290 in

962 2313 1080 2340 Zodiaco
1106 2313 1262 2347 respondet.
1291 2312 1397 2339 Etenim
1425 2312 1552 2347 quoniam
1574 2310 1638 2336 luna
1664 2313 1745 2344 quot-

963 2359 1043 2386 annis
1054 2357 1180 2385 undecim
1195 2357 1302 2387 diebus.
1315 2361 1344 2384 ut
1352 2358 1480 2388 diximus.
1493 2364 1507 2382 a
1518 2355 1583 2383 solis
1594 2362 1666 2381 anno
1679 2354 1746 2381 dell-

964 2404 1050 2433 ciens.
1066 2402 1178 2429 totidem
1192 2409 1265 2431 eum.
1283 2402 1356 2428 unde
1370 2409 1516 2435 progressa
1533 2406 1585 2431 est.
1599 2399 1744 2428 antevertit

961 2447 1031 2474 diem
1047 2456 1055 2479 ;
1071 2446 1131 2474 ideo
1147 2454 1199 2472 non
1214 2450 1318 2472 certum
1336 2446 1417 2473 habet
1436 2454 1468 2473 ac
1483 2447 1565 2473 ﬁxum
1583 2446 1610 2472 in
1623 2451 1678 2471 uno
1691 2444 1743 2470 ali-

961 2500 1025 2527 quo.
1040 2498 1066 2519 et
1081 2492 1150 2519 inter
1167 2496 1281 2518 caeteros
1299 2490 1445 2517 manifesto
1459 2499 1554 2519 mense
1569 2491 1744 2526 principium.

961 2539 1008 2566 sed
1037 2538 1072 2565 ab
1096 2538 1223 2565 omnibus
1250 2536 1390 2571 equaliter
1416 2537 1532 2571 incipit,
1560 2538 1630 2572 quod
1649 2544 1746 2564 omnes

961 2584 1183 2620 retrogrediendo
1208 2583 1366 2619 singillatim
1391 2587 1525 2618 peragret,
1550 2583 1619 2611 adeo
1640 2587 1670 2610 ut
1695 2583 1745 2610 ob-

962 2638 1072 2658 scurum
1088 2631 1135 2661 sit,
1157 2638 1207 2657 nec
1222 2630 1276 2656 ulla
1291 2634 1365 2656 certa
1384 2633 1446 2655 nota
1462 2628 1602 2655 deﬁnitum
1622 2629 1743 2658 initium,

961 2685 976 2704 a
994 2685 1049 2713 quo
1071 2678 1221 2706 neomeniaa
1241 2677 1313 2704 illius
1338 2677 1471 2703 oriantur.
1492 2675 1563 2702 Hinc
1579 2674 1745 2703 artiﬁciosum

961 2723 1012 2750 iste
1034 2727 1179 2759 computus
1205 2731 1238 2749 ac
1262 2722 1406 2749 methodus
1430 2721 1576 2747 adhibetur
1596 2721 1743 2754 ejusmodi.

961 2769 987 2795 in
996 2776 1048 2804 qua
1059 2775 1160 2804 septem
1173 2768 1308 2796 adduntur
1316 2767 1452 2795 embolimi
1467 2773 1574 2793 menses
1585 2775 1592 2792 :
1603 2766 1642 2792 uti
1654 2774 1748 2801 quenh

862 2846 883 2861 “
901 2846 921 2878 Ῑ.
938 2846 968 2873 οὺ
985 2846 1045 2873 καθ’
1060 2846 1117 2874 ἕνα,
1156 2847 1176 2862 ⁸⁷
1191 2846 1211 2882 Ι.
1229 2845 1277 2880 τὴν
1291 2845 1335 2879 ἀρ.
1376 2844 1397 2860 ⁸⁸
1453 2843 1501 2882 τήν
1516 2843 1613 2882 ἀρχήν.
