1931 3135
184 152 250 180 1251

675 148 719 175 AD
740 147 873 176 EUSEBII
892 148 1091 176 CHRONICON
1113 146 1299 176 APPENDIX.

1734 149 1803 175 12722

185 205 329 236 admodum
350 208 401 240 sol,
417 206 456 234 sic
477 206 523 233 illa
548 205 582 232 ab
608 212 662 235 uno
693 205 842 240 eodemque
873 213 960 233 mense

1016 204 1053 237 ὡς
1069 205 1101 232 ἂν
1116 203 1146 238 ἐξ
1163 206 1220 237 ἑνὸς
1237 205 1282 231 καὶ
1299 204 1344 231 τοῦ
1365 203 1447 230 αὑτοῦ
1469 203 1562 238 μηνὸς,
1581 202 1676 238 ὥσπερ
1689 205 1704 231 ὸ
1718 205 1802 240 ἥλιος,

184 256 286 281 certam
309 251 496 288 proﬁciscendi
522 250 641 285 regulam
664 256 695 276 ac
722 249 965 276 dinumerationem

184 298 290 326 habeat.
311 297 423 324 Accedit
438 301 465 324 et
483 296 536 323 alia
555 303 649 329 causa,
666 296 795 323 nimirum
808 301 834 323 ut
859 296 966 324 decem-

183 343 342 372 norennalis
358 343 480 370 circulus
500 346 585 376 lotus,
610 342 693 370 unius
719 343 783 369 anni
803 343 902 370 solaris
921 343 965 370 in-

183 395 251 420 star,
276 388 393 424 undique
414 396 462 423 par
482 387 534 415 sibi
554 395 586 414 ac
604 387 704 415 similis
722 388 856 420 exsistat;
874 392 966 423 utpote

161 448 168 453 -
183 437 217 463 ab
232 436 325 463 eodem
343 440 444 470 puncto
457 435 645 470 progrediens,
662 435 727 461 etin
744 434 814 462 idem
834 439 965 470 perpetuo

182 482 309 509 desinens
327 491 332 507 :
349 485 378 508 ut
393 481 509 515 exempli
530 487 630 511 causa,
654 480 740 514 primo
767 487 839 508 anno
858 489 966 516 semper

181 537 196 555 a
216 528 260 556 die
276 527 365 554 Martii
389 535 456 554 xxm
477 527 593 561 incipit:
615 527 711 554 ultimo
735 527 798 553 item
820 534 902 559 anno,
918 526 965 562 qui

180 577 222 602 est
249 581 339 601 nonus
365 573 499 604 decimus,
525 572 552 599 in
579 572 700 607 ejusdem
729 572 819 598 Martii
842 580 899 599 xxn
921 572 965 599 die

181 619 284 647 ﬁnitur.
311 619 349 646 Ae
368 619 402 646 de
434 620 538 653 epactis
565 618 645 650 lume,
671 621 699 645 et
721 617 874 646 embolimis
901 618 965 645 hac-

181 670 272 693 tenus.

425 773 464 801 De
481 782 568 802 mense
584 773 720 802 Paschali.

214 841 285 870 XIV.
301 841 432 876 Deinceps
451 848 516 868 vero
532 844 558 868 ct
575 840 620 867 ille
636 840 774 868 notandus
787 845 829 868 est
847 841 962 874 mensis,

180 888 226 924 qui
250 887 372 915 omnium
401 893 535 914 annorum
565 886 636 913 lunae
665 888 821 915 neomcnias
847 888 874 914 in
902 876 1000 915 seseB

180 935 299 962 continet
316 943 323 961 ε
339 941 420 969 quem
439 937 582 968 propterea
603 933 713 967 quidam
735 933 895 962 Paschalem
917 943 964 962 no-

181 981 285 1008 minant
308 990 316 1008 :
342 981 412 1007 unde
430 983 457 1008 et
482 980 590 1007 initium
615 980 696 1007 ducat
719 983 745 1006 et
772 980 817 1007 ubi
845 980 962 1008 desinat.

181 1026 303 1053 Dicimus
327 1026 419 1061 itaque
447 1025 529 1060 hujus
558 1026 668 1053 initium
698 1033 758 1053 esse
783 1026 870 1052 Martii
892 1034 960 1060 vm;

183 1073 263 1100 ﬁnem
277 1073 378 1108 Aprilis
391 1081 419 1099 ν.
439 1071 506 1099 Nam
522 1072 556 1099 ab
573 1073 618 1099 illa
638 1072 682 1100 die
703 1073 736 1099 ad
757 1073 837 1105 hanc,
858 1073 962 1101 solidus

180 1118 252 1144 lunae
273 1117 376 1145 mensis
403 1117 548 1144 intercedit
567 1117 672 1144 dierum
693 1125 768 1144 xxxx.
782 1117 834 1145 Per
851 1119 961 1146 totidem

180 1163 252 1190 enim
275 1162 347 1189 ultro
379 1161 502 1196 citroque
536 1168 691 1190 commeant
729 1163 802 1190 illius
827 1170 961 1190 annorum

180 1207 339 1241 neomeniaa,
367 1211 478 1243 propter
501 1207 628 1235 undecim
657 1209 727 1241 dies,
755 1209 854 1243 quibus
880 1209 961 1236 iidem

180 1252 308 1280 deﬁciunt
325 1252 400 1285 anni,
416 1257 443 1279 et
458 1251 587 1285 tricenos,
601 1252 648 1287 qui
668 1261 715 1287 per
730 1253 962 1281 interealationem

180 1296 325 1324 adduntur.
350 1295 395 1323 Sic
407 1300 434 1323 et
453 1301 556 1331 quartae
573 1296 693 1328 decimae,
707 1304 768 1331 qua:
781 1305 797 1324 ιι
812 1291 961 1325 neomeniis

180 1342 277 1371 deinde
291 1342 452 1378 procedunt,
468 1343 496 1369 in
518 1350 587 1377 quas
607 1341 712 1370 Pascha
724 1343 879 1371 Iudaeorum
894 1344 961 1371 inci-

180 1389 227 1422 ditl
242 1388 337 1417 eodem
358 1387 439 1415 modo
461 1395 570 1415 sursum
597 1388 780 1424 deorsumque
796 1394 926 1425 promota:
946 1397 961 1417 a

183 1442 226 1462 xxi
248 1434 291 1462 die
310 1433 399 1461 Martii
419 1434 557 1469 capientes
571 1434 726 1468 exordium,
743 1436 845 1470 Aprilis
861 1440 959 1463 octava

180 1481 284 1509 decima
301 1480 490 1508 terminantur.
508 1481 611 1508 Etenim
628 1481 662 1508 ad
674 1481 744 1508 hanc
759 1481 792 1508 ab
807 1481 853 1508 illa
864 1488 961 1508 novem

179 1530 207 1553 et
218 1525 314 1561 viginti
326 1529 504 1552 numerantur
517 1525 586 1553 dies.
601 1526 696 1553 Annus
714 1526 794 1558 lunae,
807 1526 853 1560 qui
869 1533 959 1552 remo-

179 1571 315 1598 tissimam
349 1570 472 1597 omnium
505 1570 692 1602 neomeniam.
722 1574 749 1598 et
786 1569 960 1605 quartamde—

179 1616 278 1643 cimam
304 1615 402 1647 habet,
421 1620 464 1643 est
488 1615 610 1643 decimus
633 1620 747 1644 sextus;
763 1616 809 1652 qui
829 1618 958 1651 citimam,

179 1667 224 1691 oet
234 1671 302 1691 ivus.

181 1813 217 1839 De
243 1813 436 1839 transcensione
461 1812 552 1847 legalis
574 1812 726 1845 Paschalis,
751 1821 782 1840 ac
796 1813 827 1841 de
847 1815 958 1842 solemni

214 1848 375 1888 Christiano,
391 1856 407 1874 a
425 1855 477 1882 qua
487 1848 529 1874 die
544 1848 571 1875 in
585 1855 664 1883 quam
685 1848 794 1882 produci
818 1850 959 1876 secundum

213 1891 338 1910 canonem
355 1886 442 1910 liceat.

215 1949 270 1978 XV.
293 1950 427 1983 Quocirca
442 1957 505 1981 nos,
520 1950 622 1984 quibus
637 1950 786 1978 secundum
803 1953 915 1986 gratiam
932 1959 959 1978 m

181 2005 190 2022 ι
220 1997 321 2032 azymis
337 1996 502 2024 sinceritatis
530 1995 557 2031 (ι
578 1996 639 2024 Cor.
662 2005 697 2031 ν,
718 1997 745 2033 8)
766 2009 775 2023 ι
797 1997 899 2026 Christi
912 1998 959 2026 Dei

178 2044 264 2071 nostri
281 2042 387 2070 Pascha
402 2043 539 2070 celebrare
553 2043 722 2076 conceditur,
740 2051 821 2071 unam
840 2048 960 2070 tantum-

177 2088 258 2115 modo
277 2088 348 2115 diem
370 2088 601 2120 transcendimus,
625 2090 732 2124 quoties
757 2089 786 2117 in
810 2089 958 2116 Sabbatum

179 2133 340 2161 incidentem
367 2135 504 2162 cernimus
530 2133 618 2161 Martii
649 2143 694 2162 xu
721 2134 804 2167 diem,
829 2135 856 2161 in
877 2142 958 2169 quam

177 2179 249 2205 luna:
269 2179 373 2206 decima
389 2182 488 2213 quarta
505 2180 653 2213 competit;
674 2183 800 2214 septenos
818 2187 883 2207 vero
900 2179 959 2207 dies

178 2223 399 2256 transmittimus,
416 2223 523 2258 quoties
546 2232 612 2251 xvul
635 2225 735 2259 Aprilis
755 2225 799 2252 die
819 2225 958 2253 Dominica
972 2217 998 2248 Β

178 2269 283 2301 incidit,
303 2273 330 2296 et
349 2270 376 2295 in
396 2269 518 2296 eamdem
531 2274 626 2304 quarta
643 2270 746 2297 decima
760 2270 838 2303 primi
851 2269 959 2298 Judaeo~

177 2322 238 2341 rum
256 2314 357 2341 mensis
371 2315 494 2342 incurrit.
513 2314 550 2341 lla
567 2315 688 2350 quinque
709 2319 736 2343 et
754 2316 864 2350 triginta
887 2321 958 2345 totos

176 2359 236 2386 dies
258 2358 381 2394 (totidem
411 2359 483 2386 enim
502 2367 517 2386 a
534 2367 590 2386 xxii
619 2360 708 2387 Martii
731 2361 764 2387 ad
784 2369 836 2388 xxv
855 2361 958 2397 Aprilis

177 2404 312 2438 interiecti
328 2404 402 2440 sunt)
426 2405 538 2432 salutari
561 2404 687 2432 Pasehati
705 2406 866 2434 celebrando
888 2414 959 2442 prae-

177 2450 317 2477 stituimus
340 2458 347 2476 :
368 2450 436 2477 adeo
458 2454 488 2477 ut
513 2458 601 2486 neque
622 2451 690 2478 citra
709 2452 791 2484 illam,
816 2460 866 2480 nec
886 2453 957 2480 ultra

177 2496 257 2522 istam
271 2495 411 2528 obeamus.
430 2496 466 2523 ob
481 2497 698 2524 ecclesiasticum
712 2505 843 2526 canonem
858 2503 885 2526 et
902 2503 957 2525 tra-

176 2540 320 2574 ditionem,
338 2549 399 2576 qua:
422 2541 493 2568 intra
514 2541 565 2569 hos
587 2541 645 2569 dies
668 2541 772 2570 Pascha
795 2545 902 2571 retinet.
917 2543 958 2571 Ad

177 2593 238 2613 eum
254 2587 345 2622 itaque
358 2588 468 2615 modum
485 2592 538 2614 tam
550 2589 719 2621 neomenias,
730 2597 811 2624 quam
827 2591 958 2620 terminos

178 2629 322 2660 Pasch-ales
338 2633 365 2660 in
381 2633 461 2661 annis
474 2633 545 2660 lunae
560 2638 762 2669 computamus.

232 2820 255 2836 “
271 2821 291 2855 Ι.
304 2822 402 2857 ἐαυτῳ.
441 2824 463 2839 ⁷ο
478 2822 538 2857 Leg.
552 2824 598 2849 καὶ
618 2832 728 2859 τεσσαρ.

974 1541 995 1570 C

1016 250 1087 276 οὕτω
1097 250 1129 286 δὴ
1149 251 1195 277 καὶ
1224 250 1293 284 αὕτη
1315 249 1489 284 κανονίζηται
1508 250 1554 275 καὶ
1573 249 1736 285 ψηφίζηται.
1749 252 1802 278 Καὶ

1017 296 1046 322 ού
1063 296 1139 322 τοῦτο
1158 296 1247 331 μόνον,
1265 295 1322 323 ἀλλ’
1340 296 1383 322 ἴνα
1405 295 1452 322 καὶ
1471 295 1506 326 ὡς
1523 293 1564 326 εἷς
1585 295 1708 328 ἐνιαυτὸς
1728 296 1803 331 ﬁlim:

1017 342 1147 369 πάντοθεν
1166 342 1261 369 ἑαυτὸν
1278 343 1299 358 ⁸³
1320 342 1461 377 τυγχάνων
1480 341 1535 372 lca;
1551 342 1598 368 καὶ
1618 342 1712 377 ὅμοιος
1724 343 1739 368 ὁ
1751 344 1804 374 πᾶς

1016 389 1064 424 τῆς
1077 388 1389 423 ἐννεακαιδεκαετηρίδος
1404 388 1503 419 κύκλος
1515 388 1605 423 δειχθῇ
1616 397 1622 402 ·
1640 388 1678 419 ὡς
1692 388 1747 414 ἀπὸ
1757 388 1803 414 τοῦ

1016 435 1098 461 αὐτοῦ
1114 435 1153 466 είς
1174 435 1203 461 τὸ
1230 434 1296 461 αὐτὸ
1320 435 1430 469 σημεῖον
1445 433 1593 469 ἀρχόμενός
1611 442 1639 459 τε
1652 434 1701 460 καὶ
1720 442 1804 468 περα-

1016 480 1161 514 τούμενος·
1179 478 1233 507 οἷον
1252 480 1322 507 κατὰ
1339 480 1387 515 μὲν
1394 480 1424 506 τὸ
1439 480 1545 515 πρῶτον
1558 480 1616 511 ἕτος
1634 480 1718 506 αὐτοῦ
1736 480 1804 514 λαμ-

1016 527 1105 554 6ᾱινων
1124 528 1167 553 ἀεὶ
1190 528 1239 563 τὴν
1254 528 1339 563 ἀρχὴν
1358 528 1386 554 ἐν
1409 529 1441 562 τῇ
1462 527 1508 553 τοῦ
1528 526 1650 562 Μαρτίου
1669 527 1753 562 μηνὸς
1766 528 1804 553 εὶ-

1016 573 1075 600 κάδι
1091 573 1169 609 τρίτῃ
1180 582 1186 588 ·
1204 573 1272 599 κατὰ
1294 573 1322 599 δέ
1338 573 1367 600 τὸ
1388 572 1549 603 τελευταῖον,
1564 573 1648 608 ἤγουν
1667 572 1698 598 τὸ
1715 573 1806 599 ἐννεα‹

1015 620 1182 650 καιδέκατον,
1197 620 1228 646 τὸ
1247 620 1322 651 τέλος
1339 619 1481 654 δεχόμενος
1500 619 1570 646 κατὰ
1586 619 1634 654 τὴν
1656 618 1704 645 τοῦ
1722 618 1802 645 αύτοῦ

1016 664 1099 700 μηνὸς
1113 665 1206 691 εἰκάδα
1219 665 1356 700 δευτέραν.
1371 664 1462 691 Ταῦτα
1473 662 1518 691 οὖν
1534 665 1580 690 καλ¹
1598 664 1664 700 περὶ
1675 664 1803 690 ἐπακτῶν

1016 710 1140 746 σελήνης.
1160 711 1206 737 καὶ
1220 711 1272 737 τῶν
1289 711 1456 745 ὲμὸολίμων.

1181 777 1250 811 Περὶ
1269 777 1321 803 τοῦ
1337 777 1512 810 Πασχαλίου
1526 777 1633 811 μηνός.

1050 844 1099 870 lA’.
1114 844 1159 869 Δεῖ
1172 843 1200 870 δὲ
1213 843 1282 870 κατὰ
1296 843 1326 870 τὸ
1345 842 1489 869 ἀκόλουθον
1505 843 1731 878 ἐπισημήνασθαι
1755 843 1803 870 καὶ

1014 888 1095 915 αὑτὸν
1109 889 1154 915 τὸν
1177 890 1248 925 μῆνα
1270 889 1315 916 τὸν
1333 889 1398 916 εἴσω
1414 888 1516 915 ἑαυτοῦ.
1530 889 1646 923 τὰςντῶν
1661 889 1731 916 ὅλων
1752 889 1802 924 τῆς

1014 933 1127 969 σελήνης
1155 934 1223 960 ἐτῶν
1239 934 1383 970 νεομηνίας
1404 934 1588 969 κεκτημένον·
1610 934 1640 960 ὃν
1657 934 1701 960 διὰ
1723 933 1802 960 τοῦτο

1013 979 1059 1005 καί
1074 988 1157 1016 τινες
1173 980 1326 1014 Πασχάλιον
1350 980 1527 1015 ὀνομάζουσι·
1553 979 1633 1006 πόθεν
1655 977 1733 1011 οὗτος
1752 981 1801 1015 τὴν

1013 1025 1099 1060 ἀρχὴν
1113 1025 1179 1059 ἔχει,
1193 1025 1240 1052 καὶ
1257 1025 1307 1051 ποῦ
1324 1025 1354 1052 τὸ
1367 1026 1452 1057 τέλος.
1465 1026 1556 1060 Φαμὲν
1567 1023 1623 1056 οὖν,
1637 1025 1675 1056 ὡς
1686 1025 1736 1060 τὴν
1751 1026 1800 1060 μὲν

1013 1068 1097 1104 ἀρχὴν
1113 1069 1167 1104 ἔχει
1183 1069 1253 1096 κατὰ
1271 1070 1320 1104 τὴν
1343 1069 1389 1096 τοῦ
1414 1070 1535 1105 Μαρτίου
1549 1070 1632 1105 μηνὸς
1653 1074 1689 1105 η’,
1714 1070 1744 1096 τὸ
1773 1070 1800 1096 δὲ

1012 1114 1086 1145 τέλος
1109 1114 1180 1140 κατὰ
1203 1114 1252 1150 τὴν
1275 1113 1322 1141 τοῦ
1345 1115 1482 1150 Ἀπριλίου
1502 1119 1534 1142 ε’.
1556 1115 1600 1148 Ἐξ
1618 1116 1726 1151 ἐκείνης
1745 1116 1800 1151 γὰρ

1014 1160 1094 1195 μέχρι
1110 1160 1210 1195 ταύτης
1224 1160 1276 1196 μὴν
1292 1160 1408 1196 ὑπάρχει
1427 1161 1540 1197 σελήνης
1551 1160 1707 1197 ὁλόκληρος,
1724 1169 1799 1187 τουτ-

1011 1206 1068 1232 έστι
1092 1206 1131 1233 κθ¹
1154 1206 1264 1242 ἡμέραι.
1280 1206 1328 1233 Διὰ
1345 1207 1478 1234 τοσούτων
1496 1207 1550 1243 γὰρ
1565 1208 1656 1234 ἀνίασι
1670 1209 1719 1234 καὶ
1733 1216 1798 1234 κατ-

1013 1252 1068 1278 ίασι
1081 1251 1114 1278 τὰ
1126 1251 1224 1287 ταύτης
1241 1251 1287 1288 ετη
1300 1252 1369 1279 κατὰ
1394 1253 1443 1288 τὴν
1466 1252 1555 1278 αὐτῶν
1571 1252 1716 1288 νεομηνὶαν
1730 1253 1761 1279 ἐκ
1771 1261 1798 1279 τε

1011 1297 1061 1332 τῆς
1083 1296 1137 1323 τῶν
1150 1299 1183 1322 ια’
1199 1297 1309 1332 ἡμερῶν
1323 1297 1477 1332 ἐκλείψεως,
1492 1297 1598 1332 καὶτῆς
1612 1296 1665 1322 τῶν
1681 1297 1704 1322 λ’
1721 1297 1799 1323 πάλιν

1012 1341 1129 1376 ἐμϐολῆς
1152 1342 1199 1368 καὶ
1227 1342 1395 1378 προσθήκης.
1415 1342 1494 1369 Οὕτω
1515 1342 1542 1368 δὲ
1574 1342 1620 1368 καὶ
1642 1342 1671 1368 αἱ
1691 1342 1725 1368 ἐκ
1746 1342 1799 1368 τῶν

1011 1388 1161 1424 νεομηνιῶν
1172 1386 1248 1420 αὖθις
1261 1389 1447 1424 προαγόμεναι
1462 1388 1798 1424 τεσσαρεσκαιδεκαταῖαι,

1011 1433 1072 1460 καθ’
1087 1433 1119 1465 ἃς
1139 1433 1273 1470 Ἑϐραίοις
1288 1434 1318 1460 τὸ
1333 1434 1428 1469 “aqu
1446 1434 1574 1465 τελεῖται,
1595 1434 1665 1460 κατὰ
1681 1434 1729 1460 τὸν
1744 1434 1799 1461 ἴσον

1012 1479 1188 1515 ἐπαιρόμεναι
1210 1480 1256 1506 καὶ
1269 1480 1428 1516 καθιέμεναι
1449 1480 1559 1516 τρόπον,
1582 1480 1631 1515 τὴν
1647 1480 1696 1515 μὲν
1714 1480 1799 1515 ἀρχὴν

1012 1524 1101 1559 έχουσι
1116 1525 1185 1552 κατὰ
1203 1526 1252 1561 τὴν
1269 1526 1363 1552 εἰκάδα
1382 1526 1492 1562 πρώτην
1514 1526 1560 1553 τοῦ
1577 1526 1709 1562 Μαρτίου,
1725 1526 1756 1552 τὸ
1772 1527 1799 1552 δὲ

1011 1570 1087 1602 τέλος
1101 1570 1170 1597 κατὰ
1188 1571 1236 1606 τὴν
1256 1570 1394 1606 Ἀπριλίου
1409 1575 1453 1606 ιη’.
1475 1572 1534 1598 Ἀπ’
1551 1572 1660 1607 ἐκείνης
1679 1572 1736 1607 γὰρ
1749 1572 1799 1602 ἕως

1011 1615 1112 1650 ταύτης
1128 1615 1167 1642 κθ¹
1191 1615 1271 1642 πάλιν
1292 1617 1394 1651 ἡμέραι
1415 1617 1603 1651 τυγχάνουσιν.
1620 1617 1698 1643 Ἔστι
1723 1616 1751 1643 δὲ
1769 1616 1800 1642 τὸ

1011 1660 1060 1696 τὴν
1070 1662 1227 1697 κατωτὲραν
1243 1662 1337 1689 πασῶν
1348 1662 1402 1688 τῶν
1416 1663 1566 1698 νεομηνιῶν
1577 1662 1724 1698 νεομηνίαν
1737 1671 1798 1689 τεσ-

1013 1709 1263 1744 σαρεσκαιδεκάτην
1281 1709 1305 1724 ⁷⁰
1330 1708 1490 1744 ποιούμενον
1510 1709 1569 1740 ἔτος
1592 1708 1706 1744 σελήνης
1722 1708 1754 1735 τὸ
1772 1707 1801 1740 ἑξ

1012 1754 1059 1781 καὶ
1072 1754 1182 1780 δέκατον
1192 1763 1199 1770 ·
1215 1755 1245 1781 τὺ
1260 1754 1288 1781 δέ
1300 1754 1349 1790 τὴν
1360 1755 1497 1791 ἀνωτέραν
1511 1755 1541 1781 τὸ
1556 1758 1590 1791 η’.

1012 1820 1081 1854 Περὶ
1097 1819 1152 1855 τῆς
1173 1821 1248 1846 κατὰ
1267 1820 1299 1846 τὸ
1323 1820 1447 1855 νομικὸν
1467 1820 1574 1854 Πάσχα
1597 1821 1799 1855 ὑπερϐάσεως.

1046 1854 1160 1888 καὶτῆς
1171 1855 1244 1882 κατὰ
1257 1854 1384 1889 Χριστὸν
1399 1855 1532 1889 τελετῆς,
1554 1856 1588 1882 ἐκ
1609 1858 1698 1889 ποίας
1714 1857 1799 1890 αῦτη,

1048 1890 1096 1916 καὶ
1110 1890 1198 1924 μέχρι
1210 1890 1296 1923 ποίας
1310 1890 1421 1925 ἡμέρας
1431 1890 1621 1920 κανονίζεται.

1047 1957 1097 1983 IE'.
1113 1957 1213 1992 Διόπερ
1226 1957 1306 1992 ἡμεῖς
1322 1958 1428 1984 οἱκατὰ
1443 1958 1523 1994 χάριν
1537 1959 1565 1985 ἐν
1580 1968 1588 1984 ι
1602 1958 1719 1994 ἀζύμοις
1736 1960 1801 1986 εἰλι-

1012 2002 1132 2037 κρινείας
1153 2012 1162 2028 ι
1180 2003 1211 2029 τὺ
1230 2003 1299 2030 κατὰ
1313 2004 1428 2039 Χριστὸν
1447 2004 1492 2030 τὸν
1511 2004 1576 2031 Θεὸν
1589 2006 1668 2040 ἡμῶν
1680 2007 1800 2043 ἠξιωμέ-

1012 2056 1051 2074 νοι
1078 2048 1174 2083 Πάσχα
1202 2049 1298 2081 τελεῖν,
1329 2050 1367 2081 ὡς
1395 2050 1458 2084 μίαν
1482 2050 1564 2086 μόνην
1591 2052 1801 2088 ὑπρὸαίνοντες

1012 2093 1128 2129 ἡμέραν,
1144 2095 1188 2121 ὅτε
1199 2095 1330 2130 Σαϐϐάτῳ
1347 2096 1497 2130 φθάνουσαν
1517 2096 1618 2132 ἴδοιμεν
1636 2098 1685 2134 τὴν
1706 2100 1801 2126 εἰκάδα

1012 2139 1124 2175 πρώτην
1139 2140 1186 2166 τοῦ
1200 2141 1324 2176 Μαρτίου
1339 2142 1431 2177 μηνὶς,
1447 2142 1507 2168 καθ’
1526 2143 1560 2178 ἣν
1584 2146 1702 2179 συναντᾷ
1715 2146 1763 2172 καὶ
1784 2147 1801 2180 ἡ

1013 2186 1043 2212 ιδ’
1057 2185 1103 2211 τοῦ
1120 2185 1237 2220 φέγγους
1248 2194 1254 2199 ·
1271 2186 1318 2212 καὶ
1334 2186 1371 2218 ὡς
1389 2187 1468 2214 πάλιν
1477 2187 1498 2219 ζ’
1520 2188 1627 2223 ἡμέρας
1641 2190 1724 2224 ἡνίκα
1745 2191 1801 2216 Ku-

1013 2230 1111 2266 ριακῆς
1124 2230 1269 2266 γινομένην
1284 2231 1407 2267 εὕρωμεν
1422 2232 1471 2268 τὴν
1486 2232 1532 2259 τοῦ
1556 2234 1694 2269 Ἀπριλίου
1717 2235 1802 2271 μηνὸς

1012 2278 1061 2311 ιη’·
1078 2276 1119 2307 εις
1133 2275 1167 2310 ἢν
1186 2276 1288 2310 ὁμοίως
1305 2277 1351 2303 καὶ
1366 2278 1382 2312 ὴ
1399 2277 1459 2304 καθ’
1482 2278 1622 2314 Ἑϐραίους
1639 2280 1670 2306 ιδ’
1684 2281 1801 2307 τελεῖται

1011 2320 1120 2355 πρώτου
1136 2321 1219 2356 μηνός
1229 2329 1235 2336 ·
1249 2322 1277 2348 ἐν
1293 2321 1314 2347 λ’
1326 2323 1372 2348 καὶ¹
1385 2326 1405 2348 ε’
1414 2324 1474 2354 ταῖς
1491 2324 1591 2356 πάσαις
1609 2325 1731 2361 ἡμέραις
1746 2327 1800 2361 (το-

1011 2366 1108 2392 σαῦται
1131 2366 1185 2402 γὰρ
1210 2368 1237 2393 αι
1261 2367 1314 2394 ἀπὸ
1329 2367 1433 2400 εἰκάδος
1451 2368 1578 2406 δευτέρας
1598 2371 1734 2407 Μαρτίου,
1752 2372 1800 2408 μέ-

1010 2419 1056 2447 χρι
1071 2411 1177 2443 εἰκάδος
1187 2413 1314 2448 πέμπτης
1333 2413 1470 2449 Ἀπριλίου
1481 2416 1672 2452 τυγχάνουσι)-
1690 2427 1798 2445 κανονι-

1007 2457 1108 2492 ζόμεθα
1133 2457 1164 2483 τὸ
1191 2459 1324 2494 σωτήριον
1349 2460 1445 2496 Πάσχα
1467 2460 1572 2488 τελεῖν·
1598 2461 1660 2489 οὗτε
1690 2464 1797 2499 ἐκείνην

1009 2503 1280 2537 ὑποκαταὸαίνοντες,
1295 2505 1356 2533 οὔτε
1374 2507 1434 2542 μὴν,
1445 2508 1547 2544 ταύτην
1565 2508 1795 2544 ὑπεραναϐαῐνον-

999 2542 1054 2580 ’τες
1067 2557 1073 2563 ·
1088 2548 1132 2575 διὰ
1145 2549 1193 2584 τὴν
1211 2550 1239 2576 ὲν
1254 2551 1367 2584 ταύταις
1387 2553 1435 2579 καὶ
1452 2553 1518 2580 εἴσω
1538 2554 1640 2581 τούτων
1652 2555 1795 2591 δεδομένην

1009 2594 1075 2628 ἡμῖν
1089 2594 1316 2632 ἐκκλησιαστικὴν
1338 2598 1497 2633 νομοθεσίαν
1518 2608 1547 2626 τε
1567 2601 1615 2627 καὶ
1635 2601 1791 2636 παράδοσιν.

1016 2639 1096 2675 Ἡμῖν
1112 2641 1162 2676 μὲν
1175 2639 1221 2668 οὖν
1235 2642 1266 2668 αἴ
1278 2651 1307 2669 τε
1319 2645 1457 2680 νεομηνίαι
1469 2647 1516 2673 καὶ
1535 2647 1792 2683 τεσσαρεσκαιδεκα-

1010 2687 1083 2762 ergo:
1098 2686 1151 2714 τῶν
1163 2688 1211 2723 τῆς
1227 2688 1340 2725 σελήνης
1357 2691 1425 2718 ἐτῶν
1442 2692 1565 2719 ἐντεῦθεν
1583 2693 1630 2719 καί
1650 2693 1722 2720 οὕτω
1743 2692 1792 2728 ψη-

1012 2739 1031 2764 φ
1059 2740 1144 2759 ονται.

1073 2740 1144 2759 νται.
