1931 3135
148 187 222 218 1235

561 189 590 217 S.
611 189 738 217 MAXIMI
756 189 937 222 MARTYBIS
956 191 1143 220 COMPUTUS
1161 192 1383 220 ECCLESIAST.

1710 194 1775 222 ιεδι

153 249 208 276 Ἐκ
226 249 313 286 ποῖον·
334 250 496 286 Ῥωμαϊκὸν
512 250 595 285 μῆνα
609 251 638 286 ⁷¹ν
650 251 682 277 τὸ
704 250 878 285 Πασχάλιον
891 261 942 279 κα-

1000 253 1115 286 Ωιιοηηιη
1138 260 1168 279 ea:
1183 251 1300 278 Romano
1318 259 1405 278 mense
1419 251 1531 278 methodi
1552 251 1691 278 Paschalis
1707 253 1777 279 ordi—

186 284 353 315 νονίζουσι,
371 285 420 311 καὶ
441 284 538 312 πάντα
554 286 589 312 τὰ
608 285 663 318 τῆς
676 284 811 319 σελήνης
833 287 896 320 ἐτη,
915 289 943 314 οἱ

184 320 429 352 πενταπλοῦντες
441 321 532 347 ταῦτα
547 320 596 347 καὶ
608 321 822 354 ἐνξαπλοῦντες·
830 322 879 348 καὶ
891 322 943 348 πό-

183 355 246 387 θεν,
257 356 306 381 καὶ
324 355 396 388 πῶς,
419 355 468 382 καὶ
484 356 518 381 ἐν
540 356 636 389 ποίοις
652 357 732 383 ἔτεσι
753 357 941 384 πεντεκαιδε-

185 389 292 424 eadem».
307 390 356 419 καὶ
378 390 412 422 ἒξ
430 390 627 426 καὶγδεκάτην
645 391 678 417 ιδ¹
699 391 862 426 ψηφίζουσι
888 392 942 419 τοῦ

185 426 250 452 καθ’
272 425 420 460 Ἐϐραίους
434 425 549 460 πρώτου
563 426 669 460 μηνός.

185 483 243 516 ις’.
257 483 319 514 Τοῖς
331 482 359 508 δὲ
377 481 560 509 πενταπλοῢσι
573 482 658 509 ταῦτα
673 482 720 509 καὶ
737 481 896 514 ἑξαπλοῦσιν
912 481 942 514 ἐξ

145 527 230 556 ἄλλου
253 528 405 564 Ῥωμαϊκοῦ
425 528 518 564 μηνὸς,
540 528 611 562 λέγω
635 528 666 563 δὴ
689 528 736 554 τοῦ
756 528 939 564 Δεκεμὸρίου⁵

147 573 205 600 ἀπὸ
216 573 270 609 γὰρ
280 574 330 609 τῆς
342 574 437 600 τούτου
453 573 585 609 τετάρτης
603 574 758 609 ποιούμενοι
778 575 826 610 τὴν
842 575 940 611 ἀρχὴν,

145 619 198 646 τοῦ
212 620 261 651 τὰς
271 620 335 651 ὅλας
350 620 496 655 νεομηνίας
514 620 578 646 εἴσω
593 620 688 646 ἑαυτοῦ
706 621 873 656 κεκτημένου
892 629 940 656 μη-

146 666 206 698 νὸς,
220 666 250 692 τὸ
262 666 337 698 τέλος
352 667 392 698 εἰς
411 667 460 702 τὴν
477 665 523 693 τοῦ
545 667 707 702 Ἰανουαρίου
728 667 847 694 τίθενται
865 667 940 703 πρώ-

147 719 210 746 την.
226 711 274 738 Κθ¹
291 711 346 746 γὰρ
363 711 410 738 ἀπ’
424 712 529 746 ἐκείνης
549 711 628 747 μέχρι
645 712 746 747 ταύτης
759 713 821 738 είσί.
842 713 939 749 Διόπερ

147 757 183 782 ἐκ
193 756 295 792 ταύτης
307 756 356 791 δὴ,
365 756 436 791 φημὶ
449 757 497 791 τῆς
509 756 554 783 τοῦ
574 757 736 793 Ἰανουαρίου
746 757 867 793 πρώτης,
885 760 939 786 πᾶν

148 800 265 836 σελήνης
281 801 466 833 κανονίζοντες
483 801 556 833 ἔτος,
575 800 633 828 εἶτα
650 802 692 828 διὰ
708 803 757 838 τὴν
776 802 821 829 τοῦ
844 803 939 838 Πάσχα

146 845 259 880 ψῆφον,
281 846 316 873 τὰ
342 845 395 872 ἀπὸ
417 845 518 881 ταύτης
541 846 621 882 μέχρι
643 846 864 882 συμπληρώσεως
891 847 937 873 τοῦ

147 892 284 927 Μαρτίου,
303 892 357 919 τῶν
375 895 398 925 L_'
413 893 533 928 ἡμερῶν,
555 892 685 928 ίσάριομα
705 893 863 926 συνάγοντες
878 892 939 928 ἐξηρ-

1029 288 1173 318 nationem,
1187 295 1218 313 ac
1234 287 1368 313 lunarium
1387 294 1516 312 annorum
1532 287 1694 319 putationem
1708 295 1778 322 repe-

1030 327 1086 349 tant
1100 343 1106 352 ,
1130 323 1174 357 qui
1193 323 1239 348 Ima
1264 322 1415 357 quinquies,
1436 322 1569 357 seriesque
1590 321 1775 356 multiplicant.

1030 357 1063 384 Et
1076 357 1152 384 unde.
1170 365 1201 384 ac
1214 356 1352 392 quomodo,
1367 361 1391 383 et
1407 356 1500 391 quibus
1517 357 1543 383 in
1560 358 1636 383 annis
1648 358 1776 384 decimam

1028 394 1158 428 quintam,
1174 401 1204 419 ac
1221 397 1321 419 sextam
1338 392 1465 418 decimam
1481 397 1615 428 numerent
1628 401 1685 419 eam
1696 392 1775 426 diem,

1026 436 1083 462 qua:
1095 429 1121 454 in
1136 427 1251 454 Iudaico
1265 435 1350 454 mense
1364 435 1453 454 revera
1467 432 1506 454 est
1519 427 1619 454 decima
1635 433 1740 462 quarta.

1028 483 1098 511 XVI.
1113 484 1163 517 Qui
1177 484 1341 512 annoslunze
1355 483 1527 519 per-quinque
1544 491 1575 511 ac
1587 491 1634 511 sex
1646 483 1776 518 multipli-

992 534 1065 561 cant,
1079 529 1113 557 ab
1127 530 1213 556 altero
1231 537 1323 557 mense
1342 529 1499 557 melliodum
1522 529 1636 562 ducunt,
1651 529 1777 557 videlicet

992 582 1007 601 a
1029 574 1180 602 Decembri.
1216 575 1295 609 176
1321 573 1388 601 Nam
1414 582 1428 601 a
1456 578 1554 608 quarto
1576 574 1658 608 hujus
1682 574 1776 609 auspi-

991 624 1097 652 cantes,
1112 628 1232 648 mensem
1250 620 1338 653 illum,
1352 620 1399 655 qui
1413 619 1571 646 neomenias
1589 619 1617 646 in
1635 627 1665 646 se
1680 627 1777 648 omnes

991 667 1192 701 complectitur,
1212 666 1340 693 Kalendis
1363 665 1501 693 Ianuariis
1525 665 1680 693 terminant.
1708 665 1777 692 Sunt

990 712 1062 739 enim
1086 712 1119 739 ab
1141 712 1186 738 illo
1204 712 1236 739 ad
1254 712 1326 738 hunc
1347 719 1445 739 novem
1462 715 1488 738 et
1504 711 1598 745 viginti
1620 711 1687 738 dies.
1703 710 1778 744 Quo-

990 759 1061 785 circa
1082 758 1168 793 prima
1187 758 1310 785 Januarii
1330 758 1389 785 dies
1401 758 1494 793 regula
1508 761 1550 785 est
1571 764 1704 785 annorum
1719 765 1777 785 om-

989 803 1063 829 nium
1097 803 1191 835 lunae;
1223 802 1257 829 ab
1286 802 1379 830 eadem
1405 810 1469 830 vero
1503 806 1571 837 quot
1590 802 1624 829 ad
1652 803 1777 830 ultimam

990 847 1078 874 Martii
1101 847 1158 875 dies
1178 852 1365 879 numerantur,
1386 848 1432 882 qui
1456 851 1520 875 sunt
1535 847 1695 883 nonaginta,
1718 849 1779 876 toti-

989 893 1050 921 dem
1065 893 1100 920 ob
1119 892 1279 920 Paschalem
1293 898 1451 928 computum
1463 893 1634 928 sexagesima
1649 894 1777 928 scrupula

149 939 246 970 κοστὰ,
263 938 332 974 μετὰ
354 938 403 974 τὴν
417 940 457 970 εις
474 938 495 965 λ’
518 938 595 965 λύσιν
611 938 712 965 τούτων
731 938 762 974 δὴ
787 938 840 965 τῶν
861 939 943 975 τριῶν

1000 939 1124 974 :olligunt
1149 949 1154 966 :
1173 945 1229 966 tum
1246 939 1381 966 divisione
1406 939 1488 971 facta,
1504 943 1531 966 et
1553 940 1665 967 tricenis
1681 940 1780 968 diebus

151 984 256 1020 μηνῶν,
276 983 460 1020 ήμισημέριον
483 985 574 1016 αὐτοῖς
605 984 855 1019 καταλιμπάνεται,
882 993 942 1011 του-

148 1031 226 1058 τέστι
240 1031 260 1057 λ’
273 1031 414 1066 ἑξηκοστά.
426 1031 534 1063 Τούτοις
548 1028 594 1058 οὖν
610 1032 665 1062 τοῖς
678 1030 699 1057 λ’
714 1031 867 1065 ἐξηκοστοῖς
879 1039 940 1057 συν-

149 1076 330 1112 εμϐάλλοντες
351 1077 397 1104 καὶ
411 1077 445 1103 τὰ
455 1078 515 1104 κατ’
541 1077 600 1109 ἔτος
614 1076 727 1103 ἕκαστον
736 1077 768 1103 ὲκ
780 1076 833 1103 τῶν
847 1080 865 1103 ε’
878 1077 940 1112 ἐξη-

150 1123 256 1151 κοστῶν
282 1122 453 1158 συναγόμενα
477 1123 576 1159 μόρια,
604 1122 652 1149 καὶ
676 1122 814 1154 ποιοῦντες
837 1122 942 1158 ἡμέραν

152 1169 218 1204 μίαν
227 1178 234 1184 ν
253 1169 332 1204 τυχδν
345 1169 373 1195 δὲ
385 1170 431 1195 καὶ
445 1170 523 1204 πρὸς,
535 1170 567 1196 ἄν
579 1177 641 1204 περ,
657 1169 694 1200 ὡς
704 1169 786 1200 εἰκὸς,
798 1169 846 1195 καὶ
861 1169 942 1204 μέχρι

149 1212 233 1239 τινῶν
253 1213 364 1249 ἡμερῶν
381 1213 428 1240 τοῦ
450 1214 588 1249 ’Λπριλίου
604 1214 652 1249 τὴν
672 1213 763 1248 ψῆφον
784 1214 939 1240 ἐκτείνωσι·

150 1258 196 1285 διὰ
215 1257 262 1294 τὴν
279 1258 325 1285 τοῦ
347 1259 443 1294 Πάσχα
473 1259 654 1294 παρέκϐασιν.
682 1259 799 1295 Ἀνάγκη
821 1259 874 1295 γὰρ
896 1260 942 1286 καὶ

151 1304 254 1331 τούτων
276 1305 473 1340 συλλαμΰὰνειν
494 1305 528 1332 τὰ
545 1305 687 1340 ἐξηκοστά.
706 1305 851 1341 Συμϐαίνει
875 1306 942 1333 πάν-

151 1358 207 1382 τως
232 1350 329 1382 αὐτοὺς
354 1352 387 1386 τῇ
408 1351 458 1386 τῆς
482 1351 546 1386 μιᾶς
565 1351 671 1386 ἡμέρας
732 1351 841 1378 καὶδύο
857 1360 942 1387 προσ-

152 1395 225 1432 θήκῃ
237 1397 270 1428 "',
284 1396 333 1432 τὴν
343 1396 390 1423 τοῦ
402 1396 510 1433 πρώτου
522 1397 582 1423 καθ’
600 1396 740 1432 Ἐϐραίους
753 1397 835 1431 μηνὸς
845 1397 883 1428 ιδ’,
896 1397 942 1424 καὶ

154 1445 196 1473 ιε’,
217 1441 295 1477 ἢκαὶ
315 1446 362 1475 ις’.
379 1443 434 1470 Καὶ
456 1447 484 1470 ιε’
506 1443 564 1478 μὲν,
589 1443 618 1470 ὲν
640 1443 745 1474 τούτοις
766 1444 821 1474 τοῖς
844 1443 941 1476 ἔτεσιν,

151 1485 209 1515 οἷον
230 1488 269 1524 τῷ
291 1489 420 1525 πέμπτῳ,
441 1490 487 1516 καὶ
513 1490 594 1524 ἕκτῳ,
612 1490 659 1516 καὶ
675 1489 707 1522 ζ’,
726 1490 772 1516 καὶ
790 1493 824 1525 η’,
841 1490 888 1516 καὶ
909 1490 941 1522 0',

152 1535 201 1562 καὶ
224 1537 249 1563 t’.
267 1535 314 1562 καὶ
329 1536 432 1567 ια’,καὶ
452 1535 496 1567 ιϐ’,
513 1536 560 1562 καὶ
585 1539 629 1570 ιγ’,
646 1535 693 1562 καὶ
708 1535 749 1567 ιδ’,
768 1536 815 1562 καὶ.
838 1538 877 1565 ιε’,
896 1535 943 1561 καὶ

154 1582 204 1612 ις’,
235 1579 258 1595 ⁷³
278 1581 324 1607 καὶ
340 1580 371 1607 ιθ⁵
387 1590 393 1596 ⁸
417 1581 446 1613 ἒξ
461 1581 506 1607 καὶ
523 1581 638 1616 δεκάτην
653 1581 681 1607 δὲ
697 1582 726 1607 ὲν
748 1581 787 1616 τῷ
810 1581 943 1616 ίσαρίθμῳ

152 1625 219 1658 ἔτει,
234 1623 289 1653 οἷον
306 1626 345 1662 τῷ
361 1626 390 1659 ἒξ
413 1628 460 1653 καὶ
480 1627 601 1662 δεκάτῳ’
625 1626 799 1662 συμφωνοῦσι
816 1627 844 1653 δὲ
863 1627 942 1662 μόνον

153 1673 453 1709 τεσσαρεσκαιδεκάτην
474 1673 521 1699 καὶ
548 1674 642 1703 αὐτοὶ,
659 1673 708 1708 τὴν
724 1673 745 1699 δ’
765 1673 812 1699 καὶ
828 1676 844 1700 ι’
860 1672 944 1708 ψηφί-

153 1717 247 1749 ζοντες
260 1719 288 1744 ὲν
301 1718 390 1753 μόνοις
408 1719 512 1750 τούτοις
524 1720 579 1750 τοῖς
604 1722 624 1744 ε’
643 1718 725 1749 ἔτεσι,
742 1718 781 1754 τῷ
799 1727 828 1745 τε
845 1717 944 1754 πρώτῳ

155 1765 220 1799 παρ’
239 1764 330 1796 αὐτοῖς
351 1765 450 1800 δηλαδὴ
470 1764 665 1800 ψηφιζομένῳ,
685 1764 809 1800 τετάρτῳ
831 1765 859 1790 δὲ
880 1765 943 1800 παρ’

153 1810 222 1844 ἡμῖν
238 1810 408 1845 τυγχάνοντι,
422 1810 469 1836 καὶ
482 1810 521 1845 τῷ
537 1810 664 1844 δευτέρῳ,
680 1810 727 1836 καὶ
741 1809 779 1844 τῷ
795 1813 828 1843 γ’.
844 1809 891 1836 καὶ
907 1809 945 1843 τῷ

153 1856 185 1887 δ’,
202 1855 249 1881 καὶ
265 1859 308 1890 ιη’.
321 1855 428 1882 Τούτων
443 1854 488 1881 οὖν
510 1854 594 1887 οὕτως
615 1855 739 1890 ἐχόντων,
757 1854 837 1889 ἡνίκα
852 1855 868 1890 ἡ
889 1854 945 1880 Κυ-

155 1900 255 1936 ριακῆς
274 1901 297 1915 ⁷³
320 1901 336 1935 ή
360 1900 380 1926 δ’
410 1901 456 1926 καὶ
476 1903 491 1925 ι¹
515 1899 559 1926 τοῦ
589 1899 696 1935 πρώτου
724 1899 783 1926 καθ’
806 1898 946 1934 Ἐϐραίους

155 1946 316 1980 συναντήσοι
330 1945 424 1980 μηνὸς,
446 1945 513 1981 πρὸς
533 1945 655 1981 ἀνάγκης
674 1945 765 1972 λοιπὸν
781 1945 867 1972 εἰκάδι
885 1945 946 1970 δευ-

154 1991 224 2026 τέρᾳ
235 1991 282 2016 τοῦ
304 1991 431 2025 φέγγους,
447 1990 493 2017 καὶ
508 1991 594 2018 εἰκάδι
608 1990 686 2026 τρίτῃ
698 1990 819 2024 γίνεσθαι
831 1990 861 2015 τὺ
877 1989 947 2017 κατὰ

154 2037 275 2073 Χριστὸν
292 2037 404 2072 Πάσχα·
429 2037 534 2069 τούτοις
559 2037 720 2073 παραλόγως
740 2036 886 2071 ψηφίζεται
904 2036 948 2064 διὰ

155 2083 206 2118 τὴν
230 2084 380 2119 εἰρημένην
399 2084 498 2111 αἰτίαν.
519 2084 611 2111 Ταῦτα
630 2085 678 2111 καὶ
696 2084 822 2118 περὶτοῦ
840 2085 948 2119 Πασχα-

154 2130 214 2156 λίου
229 2129 322 2165 μηνὸς,
341 2131 388 2157 καὶ
403 2130 453 2165 τῆς
471 2131 533 2166 περὶ
558 2132 607 2166 τὴν
623 2130 947 2166 τεσσαρεσκαιδεκαταίαν

156 2174 262 2211 πλάνης
282 2176 335 2203 τῶν
350 2175 421 2202 οὕτω
435 2176 606 2211 ψηφιζόντων
626 2176 745 2212 εἰρήσθω
761 2176 796 2203 τὰ
810 2176 867 2204 νῦν.

157 2230 228 2266 Περὶ
240 2230 299 2257 τῶν
316 2231 407 2266 Ἀδὰμ
421 2231 506 2261 ἑτῶν,
516 2232 597 2258 πόσα
611 2240 642 2258 τε
655 2230 806 2266 τυγχάνει,
823 2231 871 2258 καὶ
886 2230 948 2263 πῶς

194 2265 231 2292 δι’
243 2265 343 2292 αὐτῶν
361 2267 414 2293 τοῦ
439 2275 469 2293 τε
488 2268 577 2300 ἡλίου
591 2268 639 2293 καὶ
659 2265 804 2300 σελήνης,
824 2266 873 2293 καὶ
895 2266 948 2293 τοῦ

193 2301 349 2341 βιοεέξτου,
369 2302 401 2328 τὸ
411 2301 609 2337 ἐνιστάμενον
628 2301 695 2334 ἔτος
711 2303 889 2335 εὑρίσκεται.

195 2359 245 2385 IZ’.
262 2359 422 2392 Ἀναγκαῖον
448 2359 475 2386 δὲ
496 2359 563 2394 πρὸς
586 2359 690 2391 τούτοις
711 2359 808 2386 εἰδέναι
832 2358 880 2385 καὶ
903 2358 949 2384 τὸν

158 2403 276 2440 ἀριθμὸν
297 2405 351 2431 τῶν
376 2405 429 2431 ἀπὸ
452 2405 536 2440 Ἀδὰμ
553 2405 631 2431 ἑτῶν.
650 2405 724 2431 Εἰσὶν
740 2403 786 2431 οὖν
809 2404 879 2431 κατὰ
900 2404 950 2439 τὴν

159 2449 389 2485 ὲκκλησιαστικὴν
407 2450 496 2484 ψῆφόν
517 2458 547 2476 τε
566 2450 613 2476 καὶ
631 2450 777 2486 παράδοσιν
801 2449 881 2484 μέχρι
901 2449 950 2483 τῆς

158 2495 311 2530 ἐνεστώσης
334 2496 362 2521 ιδ’
382 2494 563 2526 ἰνδικτιῶνος,
583 2495 658 2526 ἔτους
682 2494 721 2521 λα’
742 2495 791 2530 τῆς
813 2494 951 2530 βασιλείας

165 2541 325 2576 Ἡρακλείου
345 2541 392 2567 τοῦ
415 2540 611 2567 εὐσεϐεστάτου
631 2540 707 2575 ἡμῶν
731 2540 878 2574 βασιλέως,
902 2540 949 2575 ἔτη

160 2586 258 2622 ,ςρλγ’.
290 2586 336 2621 Τῷ
352 2587 406 2621 γὰρ
423 2586 508 2613 ταῦτα
529 2586 649 2621 μερίζειν
663 2586 709 2612 καὶ
725 2585 849 2612 ἀναλύειν
868 2585 950 2619 γινώ-

160 2642 257 2661 σκεται
279 2633 326 2660 τοῦ
341 2642 371 2659 τε
393 2633 481 2668 ἡλίου,
497 2633 545 2659 καὶ
563 2632 614 2666 τῆς
629 2632 754 2667 σελήνης,
774 2633 821 2659 καὶ
846 2631 893 2658 τοῦ
911 2631 950 2666 βι-

160 2680 255 2713 σέξτου
279 2679 310 2706 τὸ
325 2679 500 2713 ἐνιστάμενον
520 2678 595 2710 ἔτος*
618 2675 673 2704 οἷον
690 2677 720 2703 τὸ
746 2677 794 2712 μὲν
807 2677 854 2703 τοῦ
876 2677 949 2713 ἡλίου

159 2727 219 2758 ἔτος
235 2725 279 2752 διὰ
300 2725 347 2752 τοῦ
372 2727 411 2757 εἰς
432 2729 473 2760 κη’
500 2724 637 2761 μερίζειν·
663 2724 781 2750 τοσαῦτα
802 2724 865 2760 γὰρ,
891 2732 951 2750 του-

159 2772 251 2798 τέστιν
269 2776 322 2806 κη’,
341 2771 375 2797 τὰ
395 2770 441 2797 τοῦ
464 2770 540 2806 ἡλίου
560 2770 607 2805 ἔτη
624 2769 791 2804 καθέστηκε·
809 2770 840 2796 τὸ
859 2770 886 2796 δὲ
902 2769 951 2801 τῆς

161 2818 277 2852 σελήνης
291 2817 349 2849 ἔτος
369 2817 412 2843 διὰ
427 2817 472 2843 τοῦ
501 2818 540 2849 είς
562 2817 594 2843 ιϐ’
621 2816 711 2843 πάλιν.
735 2815 843 2851 Ἐπειδὴ
861 2815 906 2842 καὶ
918 2815 952 2840 τὰ

206 2876 227 2890 ⁷⁸
246 2875 308 2910 Leg.
328 2875 429 2902 videtur
453 2875 523 2901 κατὰ
540 2876 624 2907 ποῖον,
643 2875 680 2902 vel
705 2875 736 2901 ὲκ
763 2874 838 2901 ποίου
865 2874 944 2909 Ῥωμη

1000 2874 1022 2901 λῦ
1044 2875 1139 2909 μηνός.

161 2911 208 2938 καὶ
223 2913 269 2942 ις’.
292 2912 314 2926 ⁷⁸
329 2911 348 2940 [-
365 2911 414 2942 τῆς
432 2911 502 2941 Κυρ.

994 985 1021 1012 in
1038 994 1145 1014 menses
1161 986 1283 1021 singulos
1298 986 1451 1021 imputatis,
1464 987 1586 1022 reliquus
1599 992 1640 1015 est
1652 987 1778 1015 dimidia-

993 1037 1037 1061 tus
1066 1033 1134 1067 dies,
1164 1041 1224 1069 quae
1249 1039 1312 1061 sunt
1340 1034 1467 1068 scrupula
1495 1034 1617 1069 triginta.
1648 1033 1688 1060 Ad
1720 1033 1778 1061 haec

993 1079 1077 1114 igitur
1111 1079 1238 1113 scrupula
1272 1084 1364 1114 partes
1395 1079 1457 1106 illas
1493 1079 1604 1114 insuper
1634 1078 1776 1114 adjiciunt,

993 1133 1053 1160 quae
1083 1133 1115 1152 ex
1141 1125 1262 1160 quinque
1288 1125 1484 1160 sexagesimis,
1512 1125 1545 1152 de
1571 1125 1670 1160 quibus
1695 1133 1779 1160 supra

993 1170 1178 1201 meminimus,
1202 1170 1348 1197 exsistunt.
1366 1171 1405 1197 Ita
1425 1170 1484 1197 dies
1500 1171 1607 1205 integra
1625 1170 1777 1204 conﬁcitur,

992 1223 1078 1250 eoque
1101 1216 1217 1251 amplius
1240 1216 1393 1249 interdum,
1417 1216 1452 1248 si,
1472 1217 1543 1251 quod
1571 1221 1612 1245 est
1633 1220 1778 1244 consenta-

993 1269 1084 1293 neum,
1104 1262 1137 1288 ad
1160 1262 1219 1290 dies
1237 1262 1341 1296 aliquot
1363 1262 1396 1289 de
1417 1262 1518 1297 Aprilis
1540 1269 1634 1289 mense
1657 1262 1779 1290 calculus

993 1308 1167 1343 provehatur,
1186 1312 1216 1334 ul
1237 1308 1420 1346 lmnvaccidil,
1439 1315 1501 1335 cum
1525 1307 1631 1336 Pascha
1648 1307 1778 1335 diﬂ'undi-

993 1357 1047 1380 tur.
1074 1352 1150 1379 Tunc
1169 1353 1242 1380 enim
1272 1354 1317 1380 illa
1342 1360 1450 1388 quoque
1471 1353 1642 1388 sexagesima
1665 1360 1780 1381 necesse

993 1401 1035 1425 est
1058 1405 1208 1426 assumere.
1231 1397 1271 1426 Ita
1298 1398 1325 1426 ﬁt
1345 1403 1385 1432 ut,
1408 1406 1462 1426 uno
1488 1399 1608 1427 alterove
1632 1399 1778 1434 superfuso

993 1445 1046 1475 die.
1054 1448 1178 1478 quartam
1190 1444 1322 1472 decimam
1332 1444 1435 1473 Judaici
1448 1445 1551 1473 mensis
1564 1449 1721 1480 computent
1730 1452 1781 1477 xv,

993 1490 1035 1517 vel
1050 1498 1105 1517 xw.
1118 1490 1254 1518 Decimam
1269 1491 1392 1526 quintam
1408 1499 1488 1526 porro
1501 1491 1576 1519 hisin
1590 1491 1669 1518 annis
1685 1499 1779 1519 nume-

995 1535 1181 1570 rant,quinto,
1199 1540 1286 1568 sexto,
1300 1537 1426 1571 septimo,
1443 1540 1550 1568 octavo,
1562 1544 1645 1569 nono,
1661 1536 1777 1568 decimo,

995 1580 1327 1614 umiecimo,duodecimo.
1337 1581 1441 1609 decimo
1451 1582 1541 1615 tertio,
1555 1581 1661 1610 decimo
1670 1586 1777 1617 quarto,

995 1625 1100 1653 decimo
1118 1627 1225 1661 quinto,
1241 1627 1346 1654 decimo
1355 1632 1442 1659 sexto,
1453 1635 1484 1655 ac
1495 1627 1601 1655 decimo
1611 1634 1694 1655 nono.
1711 1626 1778 1655 Sex-

995 1677 1050 1699 tam
1079 1673 1211 1700 decimam
1240 1677 1330 1700 autem
1360 1675 1386 1700 in
1416 1681 1487 1700 anno
1504 1673 1611 1700 decimo
1631 1676 1719 1700 sexto.
1750 1671 1778 1699 In

995 1722 1091 1752 quarta
1106 1717 1212 1744 decima
1224 1717 1343 1752 putanda
1362 1717 1504 1744 nobiscum
1526 1717 1553 1743 in
1575 1717 1654 1743 annis
1673 1720 1779 1743 tantum

996 1765 1116 1798 quinque
1136 1763 1320 1796 consentiunt,
1340 1763 1466 1790 videlicet
1490 1763 1518 1789 in
1541 1763 1630 1797 primo
1647 1762 1778 1797 ipsorum,

997 1809 1042 1844 qui
1073 1809 1152 1836 nol-is
1177 1814 1219 1836 est
1242 1814 1366 1850 qua‘rtus,
1395 1808 1527 1842 secundo,
1554 1808 1645 1839 tertio,
1671 1811 1780 1843 quarto,

997 1855 1102 1882 decimo
1115 1859 1220 1882 octavo.
1234 1855 1283 1883 Ilis
1297 1855 1505 1886 animadversis,
1521 1854 1628 1890 quoties
1644 1854 1670 1881 in
1689 1853 1782 1881 Domi-

998 1900 1087 1927 nicam
1101 1904 1197 1935 quarta
1209 1901 1314 1928 decima
1330 1900 1410 1936 primi
1424 1900 1532 1927 Iudaici
1554 1900 1656 1927 mensis
1674 1899 1781 1933 incidit,

999 1954 1114 1974 necesse
1130 1951 1173 1974 est
1195 1954 1339 1982 perperam
1362 1946 1433 1981 apud
1451 1947 1513 1973 illos
1531 1945 1716 1973 Christianum
1729 1943 1782 1972 Pa-

998 1991 1064 2019 scha
1088 1991 1122 2019 ad
1145 1992 1291 2019 secundam
1311 1996 1337 2019 et
1361 1992 1531 2023 vicesimam.
1558 1995 1605 2018 aut
1624 1991 1781 2018 vicesimam

998 2036 1105 2063 tertiam
1125 2036 1196 2064 diem
1217 2037 1320 2064 lunaris
1345 2037 1447 2064 mensis
1473 2036 1592 2068 extendi,
1621 2035 1700 2070 cujus
1719 2042 1784 2063 cau-

999 2089 1056 2110 smn
1071 2087 1133 2109 ante
1145 2081 1322 2110 reddidimus.
1338 2081 1474 2109 Hactenus
1489 2082 1522 2109 de
1536 2081 1658 2109 Paschali
1677 2088 1781 2113 mense,

999 2128 1086 2162 deque
1109 2135 1211 2161 errore,
1238 2135 1319 2162 quem
1343 2128 1371 2154 in
1398 2132 1503 2162 quarta:
1516 2127 1630 2155 decima;
1643 2127 1784 2161 putatione

1000 2173 1177 2200 cmnmitlunt
1188 2173 1235 2208 qui
1251 2173 1288 2200 ita
1303 2176 1470 2208 computant.

1002 2229 1040 2256 De
1067 2230 1143 2256 annis
1169 2229 1266 2256 Adami
1299 2234 1423 2263 quoniam
1448 2233 1581 2263 putentur,
1607 2233 1631 2256 et
1655 2227 1784 2263 quomodo

965 2282 986 2309 ο
1035 2272 1080 2298 per
1089 2273 1139 2305 eos
1155 2265 1230 2296 solis,
1253 2265 1332 2297 lunw,
1349 2273 1379 2291 ac
1394 2265 1488 2291 bisexti
1502 2272 1616 2298 prwsens
1638 2272 1723 2290 annus
1742 2263 1785 2291 in-

1038 2300 1118 2326 veniri
1131 2305 1220 2334 queat.

1037 2354 1118 2382 XVII.
1131 2355 1265 2382 Praeterea
1279 2362 1391 2382 necesse
1405 2359 1446 2382 est
1461 2355 1532 2382 scire
1546 2362 1688 2382 numerum
1701 2361 1786 2381 anno-

1001 2409 1072 2434 rum,
1082 2402 1127 2436 qui
1136 2402 1170 2428 ab
1178 2402 1281 2429 Adamo
1291 2405 1459 2436 repetuntur.
1469 2400 1552 2436 Igitur
1560 2408 1592 2428 ex
1601 2399 1787 2428 ecclesiastico

1002 2449 1117 2478 calculo.
1134 2455 1166 2474 ac
1176 2448 1323 2475 traditione
1336 2448 1369 2474 ad
1382 2451 1543 2482 praesentem
1556 2446 1689 2474 decimam
1703 2453 1786 2480 quar-

1003 2498 1059 2520 tam
1076 2494 1252 2521 indiclionem
1267 2493 1331 2520 anni
1343 2502 1407 2520 xxxt
1424 2493 1528 2528 imperii
1541 2492 1658 2520 Heraclii
1673 2490 1786 2526 piissimi

1003 2541 1089 2568 nostri
1113 2540 1297 2575 imperatoris,
1320 2541 1385 2567 anni
1407 2544 1470 2567 sunt
1490 2547 1516 2566 Vl
1535 2545 1668 2566 ucxxxm.
1682 2536 1787 2569 Quibus

1004 2586 1100 2614 divisis
1115 2594 1147 2613 ac
1166 2586 1306 2618 resolutis,
1325 2594 1446 2620 presens
1462 2592 1550 2611 annus
1567 2584 1644 2614 solis.
1660 2583 1739 2616 lunae,
1756 2588 1787 2609 ac

1003 2632 1103 2660 bisexti
1128 2632 1263 2667 reperitur
1285 2632 1403 2659 :etenim
1420 2631 1485 2659 solis
1500 2638 1588 2657 annus
1609 2628 1786 2668 obtinebitnr,

1005 2678 1026 2703 si
1046 2685 1180 2705 summam
1206 2685 1253 2712 per
1280 2685 1364 2704 xxvm
1392 2677 1510 2711 partiare
1540 2685 1547 2702 ε
1575 2675 1686 2702 totidem
1716 2674 1787 2701 enim

1006 2729 1080 2755 sunt,
1096 2723 1226 2750 nimirum
1243 2731 1326 2750 xxvm
1348 2723 1416 2758 cycli
1432 2721 1530 2749 solaris
1539 2722 1604 2748 anni
1618 2730 1624 2748 :
1637 2728 1725 2748 annus
1737 2719 1786 2746 ha-

1005 2770 1115 2797 bebitur
1135 2770 1215 2801 lunae,
1241 2771 1262 2796 si
1284 2776 1332 2804 per
1352 2776 1397 2795 xix
1421 2766 1557 2794 diviseris.
1573 2766 1640 2793 Nam
1663 2764 1787 2796 t..“.idem,

1007 2816 1046 2842 uti
1062 2816 1164 2843 dictum
1179 2820 1230 2846 esl,
1255 2815 1328 2842 illius
1346 2813 1409 2841 anni
1430 2817 1503 2840 sunt.
1521 2811 1566 2840 Sic
1583 2819 1671 2839 annus
1687 2811 1787 2839 bisexti
1800 2835 1806 2840 .

1190 2875 1212 2889 "
1227 2873 1302 2901 Deest
1324 2872 1446 2903 uerbums
1486 2871 1508 2887 ⁷³
1524 2870 1668 2898 Βρίωιιλοιηι
1688 2869 1791 2897 videtur.
