1931 3135
197 188 208 215 l
214 186 265 215 235

689 181 733 209 AD
752 179 885 209 EUSEBII
905 176 1101 207 CIIRONICON
1123 173 1302 202 APPENDIX.

1745 171 1813 199 1236

195 245 283 272 divisa
305 250 410 271 summa
427 249 476 277 per
496 241 615 276 quatubr
628 240 750 268 exsistet.
766 239 806 266 Ad
828 240 900 267 hunc
917 246 958 265 mo

1012 263 1014 266 ,
1027 234 1128 267 ταύτης
1144 233 1272 264 τοσαῦτα,
1287 232 1377 261 καθὼς
1396 231 1473 266 ἔφην,
1486 229 1564 257 εῑσίν.
1582 228 1659 277 Οὕτιι)
1674 229 1766 277 δὲ-καὶ
1782 229 1813 256 τὸ

195 291 260 317 dum
283 295 416 316 annorum
437 287 531 315 Adaini
554 286 665 322 partitio
683 285 895 320 unumquodque
914 284 974 311 illo-

195 343 255 364 rum
272 334 393 368 indicat;
410 334 483 369 quod
497 337 602 360 tantum
628 337 680 365 est,
705 335 823 367 quantus
845 335 887 358 est
909 331 974 357 resi-

193 382 309 408 duorum
323 387 455 408 annorum
477 387 617 406 numerus.
635 377 669 405 Ut
686 378 709 405 si
725 386 758 405 ex
779 377 824 403 illa
840 376 974 404 divisione

194 434 242 460 per
257 433 353 458 xxvm,
371 425 412 452 vel
431 433 487 458 xix,
507 424 547 452 vel
567 432 603 457 Iv,
618 424 736 458 supersit
752 430 847 455 unum,
869 422 972 456 primus

192 480 252 499 esse
266 471 373 499 dicetur
388 471 455 498 solis
473 477 571 503 annus,
587 474 634 496 aut
649 470 729 501 lunae,
745 469 791 495 vel
809 468 906 496 bisesti
924 467 971 494 tali

192 517 348 545 indictione.
371 516 418 544 Sin
440 516 494 543 duo
516 520 627 548 restent,
652 514 788 542 secundus
804 514 855 541 erit
871 521 970 541 annus.

190 561 227 589 Ila
249 562 358 594 tertius,
382 562 405 589 si
427 561 498 594 tria;
515 568 546 587 ac
567 561 694 595 deinceps
716 567 802 594 usque
827 559 860 585 ad
885 566 970 585 annos

189 615 285 639 nvm,
306 611 353 634 aut
368 615 425 638 xix,
445 610 490 632 aut
504 614 540 632 IV.
555 606 600 633 Sic
615 613 754 640 congruus
777 608 804 631 et
833 603 921 631 iniens
942 605 969 629 in

188 651 305 687 singulis
316 660 405 679 annus
417 651 629 686 investigabitur.

189 790 280 818 Allera
305 791 384 823 ratio,
405 800 457 826 qua
489 799 573 818 annus
597 791 672 823 salis,
697 791 777 822 luam,
806 795 852 817 aut
875 790 969 818 ΜεσΜί

497 832 660 853 numeratur.

220 880 313 909 XVIII.
330 881 424 910 Potest
441 886 468 910 et
489 883 541 910 alio
559 882 640 921 modo
656 882 728 909 istud
749 883 874 909 inveniri.
900 882 966 910 Nam

186 927 208 954 si
226 928 287 962 quis
303 935 437 955 summam
454 928 527 956 illam
543 936 676 955 annorum
687 928 768 961 6,I55
779 936 826 963 per
837 929 888 956 552
899 929 965 956 divi-

185 973 241 1004 dat.
265 974 374 1000 habebit
397 974 519 1009 integras
534 974 662 1009 periodos
685 974 808 1002 undecim
831 982 962 1001 annorum

184 1017 246 1049 552,
260 1022 286 1045 et
303 1026 333 1045 ex
350 1018 510 1047 duodecima
526 1027 613 1047 annos
627 1019 690 1047 281.
705 1019 760 1046 llos
774 1020 796 1047 si
819 1027 866 1054 per
879 1027 962 1047 xxvnl

184 1063 266 1090 simili
283 1064 390 1091 ratione
406 1063 440 1091 ad
459 1065 668 1100 cansequendos
686 1072 772 1092 annos
789 1065 855 1092 solis
868 1064 962 1092 distri-

183 1108 248 1135 buat
267 1117 273 1135 :
293 1108 334 1135 vel
353 1116 401 1143 per
425 1117 481 1140 xxx,
509 1110 543 1136 ob
570 1110 691 1137 lunarem
715 1117 814 1136 annum
838 1109 903 1136 :vel
924 1117 960 1142 iv,

183 1153 217 1180 θ’)
254 1154 408 1188 bisonum;
439 1155 533 1182 horum
564 1155 718 1190 singillatim
748 1155 881 1182 labentem
912 1155 962 1182 de-

183 1197 247 1232 pol)
265 1198 328 1225 nlut
363 1206 474 1226 annum.
507 1199 650 1235 Caeterum.
672 1207 802 1227 numerus
829 1199 880 1227 iste
909 1199 961 1227 55?.

181 1249 313 1270 annorum
338 1243 367 1270 [lt
393 1243 484 1271 ductis
511 1244 537 1271 in
571 1252 600 1272 se
630 1250 723 1272 mutuo
747 1245 816 1271 lunae
836 1253 868 1272 ac
894 1246 960 1272 solis

181 1289 270 1315 annis.
292 1288 358 1316 Nam
373 1289 431 1317 sive
449 1297 495 1316 XIX
513 1297 600 1318 annos
619 1298 665 1325 per
685 1298 768 1317 xxviii
784 1290 958 1325 multiplices,

180 1334 236 1362 sive
251 1335 299 1362 hos
319 1342 367 1370 per
385 1335 456 1365 illos.
483 1343 625 1363 numerum
640 1336 764 1364 eumdem
781 1336 881 1364 elﬁcies
896 1337 957 1364 552.

180 1379 225 1407 Sic
238 1379 320 1414 igitur
332 1380 466 1414 patefacta
481 1381 596 1412 ratione.
608 1389 659 1416 qua
675 1382 702 1409 in
713 1383 791 1409 annis
800 1383 833 1409 ab
843 1382 958 1414 Adamo.

179 1426 223 1461 qui
245 1430 309 1453 sunt
328 1427 425 1460 6,l55;
443 1431 470 1454 et
488 1428 515 1454 in
532 1428 689 1456 duodecima
704 1429 826 1464 periodo,
851 1429 902 1457 hoc
917 1435 959 1458 est

179 1471 206 1497 in
232 1472 312 1499 annis
335 1472 393 1506 ejus
412 1473 474 1504 281,
493 1477 646 1501 currentem
667 1482 767 1501 annum
785 1475 862 1508 solis,
876 1476 957 1507 lunae,

179 1524 211 1543 ac
248 1517 346 1544 bisexti
384 1525 549 1553 cognoscere
587 1527 761 1554 possumus;
799 1521 958 1556 exponenda

178 1561 307 1596 deinceps
332 1562 473 1590 tnethodus
504 1568 556 1596 est,
586 1572 634 1598 per
657 1572 749 1599 quam.
777 1566 851 1599 quod
877 1571 959 1601 caput

178 1611 230 1639 est,
249 1607 375 1635 introitus
391 1608 555 1643 jejuniorum
573 1609 643 1637 diem
658 1617 690 1637 ac
703 1611 910 1639 resurrectiOnis
932 1612 957 1638 in

177 1653 271 1680 eodem
289 1660 391 1681 canone
404 1653 644 1690 deprehendemus.

176 1791 379 1821 Demanstratar
393 1802 445 1833 qua
459 1795 561 1833 ratione
578 1794 680 1822 Pascha
694 1798 832 1831 quotannis
849 1806 955 1833 compu-

380 1829 433 1856 tari
446 1837 478 1856 ea:
489 1829 535 1858 ειιο
546 1838 644 1858 canone
657 1829 749 1865 possit.

210 1913 280 1942 XIX.
295 1914 348 1942 Ubi
364 1923 412 1951 per
427 1916 513 1949 illam,
530 1925 611 1952 quam
625 1926 708 1954 supra
724 1920 842 1950 dilucide
857 1931 954 1958 propo-

174 1958 295 1992 suimus,
321 1962 496 1995 computandi
530 1963 704 1997 methodum,
726 1969 780 1992 tam
806 1967 952 1996 instantem

173 2010 273 2030 annum
297 2005 368 2032 lunae
396 2007 530 2041 repereris
555 2008 612 2042 (ut,
628 2011 742 2045 exempli
759 2019 843 2040 causa
854 2033 861 2044 ,
877 2013 952 2040 deci-

171 2056 245 2076 mum
275 2052 398 2085 quintum
427 2052 506 2088 177
535 2054 657 2088 proxime
676 2055 821 2084 futurum:
845 2058 889 2085 hic
911 2063 954 2087 est

171 2096 253 2127 enim,
269 2096 297 2123 in
312 2104 366 2131 quo
386 2097 506 2125 salutare
521 2098 624 2126 Pascha
646 2107 791 2137 peragetur
811 2104 845 2131 ab
863 2104 895 2131 iis
906 2105 952 2139 qui

171 2140 305 2174 Spil'ituali
328 2142 382 2168 ritu
404 2143 472 2170 festa
494 2145 654 2181 celebrant),
672 2154 754 2181 quam
774 2148 841 2176 solis
856 2149 952 2176 simili-

170 2191 211 2213 ter
227 2190 397 2220 sequentem.
415 2192 510 2223 utputa
530 2190 658 2225 primum,
674 2200 754 2227 quem
771 2195 891 2228 proxime
906 2203 953 2223 su-

1024 279 1071 306 τοῦ
1087 278 1210 314 βισέξτου
1221 278 1264 305 διὰ
1276 277 1322 304 τοῦ
1345 278 1385 308 εις
1404 275 1527 312 τετράδα.
1545 275 1593 302 Διὰ
1614 274 1669 310 γὰρ
1684 274 1736 309 τῆς
1751 275 1813 301 ἀνα-

1024 327 1126 358 λύσεως
1161 327 1214 352 τῶν
1237 325 1290 352 ἀπὸ
1322 324 1407 359 ’Δδὰμ
1428 323 1496 350 ἑτῶν
1521 322 1684 357 γινώσκεται
1709 320 1812 347 τούτων

1024 374 1137 400 ἕκαστον
1160 373 1247 399 ἐκεῖνο
1272 370 1364 405 σαφῶς
1388 370 1508 405 ὑπάρχον
1533 369 1564 395 τὸ
1590 368 1734 404 ἰσάριθμον
1757 367 1813 394 τῶν

1024 418 1250 454 ὑπολειπομένων
1271 417 1338 444 ἐτῶν
1350 425 1356 432 ’
1371 414 1436 448 οἷον,
1460 416 1484 442 εἰ
1505 416 1554 450 μὲν
1570 415 1599 442 ἓν
1621 414 1754 450 ἀπομένοι
1768 414 1812 441 διὰ

1022 464 1071 499 τῆς
1089 465 1129 496 εὶς
1151 467 1207 498 κη’,
1234 463 1250 498 ἢ
1272 462 1313 494 ιϐ’,
1336 462 1352 498 ἢ
1372 463 1412 493 εἰς
1433 461 1548 496 τετράδα
1571 460 1743 491 ἀναλύσεως
1770 460 1811 486 ὅτι

1023 510 1129 545 πρῶτόν
1145 510 1203 536 ἐστι
1223 509 1254 535 τὺ
1274 508 1446 542 ἐνιστάμενον
1466 507 1514 534 τοῦ
1534 506 1647 542 ἡλίου,ῆ
1664 506 1715 540 τῆς
1733 506 1810 541 σελη-

1021 565 1079 591 νης,
1099 556 1115 590 ἢ
1135 555 1189 582 οτοῦ
1211 554 1332 590 βισέξτου
1355 554 1424 581 κατὰ
1455 553 1532 588 τήνδε
1566 553 1615 587 τὴν
1647 552 1810 587 ἐπινέμησιν

1021 600 1078 632 ἔτος
1090 609 1096 615 ⁸
1113 601 1136 626 ει
1153 601 1181 626 δὲ
1196 600 1251 631 δύο,
1265 599 1306 625 ὅτι
1320 599 1445 634 δεύτερον
1456 606 1462 613 ·
1477 597 1547 624 οὕτω
1556 597 1584 625 δὲ
1594 598 1641 624 καὶ
1655 601 1690 631 γ’,
1707 598 1754 623 ἐὰν
1768 601 1790 631 γ’
1800 605 1807 611 ·

1020 645 1067 672 καὶ
1083 645 1200 680 καθεξῆς
1215 645 1294 680 μέχρι
1307 644 1360 671 τῶν
1379 643 1459 679 κη’,ῆ
1474 643 1515 674 ιϐ’,
1530 642 1611 679 ἢτῶν
1625 642 1645 669 δ’
1659 642 1739 669 ἐτῶν.
1756 643 1809 669 Καὶ

1019 690 1090 717 οὕτω
1111 690 1142 716 τὸ
1165 690 1317 726 πρόσφορον
1345 689 1392 716 καὶ
1409 688 1582 723 ἐνιστάμενον
1612 687 1672 719 ἔτος
1693 687 1808 713 ἑκάστου

1019 737 1120 762 τούτων
1132 735 1348 770 δια-γινώσκεται.

1018 791 1084 824 Πῶς
1103 791 1203 824 ἄλλως
1219 791 1252 818 τὸ
1268 791 1335 824 ἔτος
1345 791 1398 817 τοῦ
1417 791 1516 824 ἡλίου,
1528 791 1575 817 καὶ
1593 791 1649 823 τῆς
1661 789 1807 822 σελήνης,

1183 827 1232 853 καὶ
1259 826 1310 853 τοῦ
1329 826 1475 858 ,βισέξτου
1499 825 1666 860 ψηφίζεται.

1054 882 1107 909 IH’.
1117 881 1228 908 Ἐστιδὲ
1244 881 1323 908 πάλιν
1335 880 1419 906 ταῦτα
1432 879 1560 915 ψηφίξειν
1575 881 1620 906 καὶ
1635 879 1697 906 καθ’
1716 880 1808 914 ἕτερον

983 907 1004 936 Β
1018 907 1125 962 τροπον.
1136 907 1166 953 lii
1240 935 1280 958 τις
1297 926 1330 952 τὰ
1340 925 1408 952 αὐτὰ
1426 907 1565 961 ,ξρᾇγῗετη
1576 926 1683 960 μερίσει
1695 926 1736 956 εἰς

1017 971 1074 1006 ἔτη,
1087 972 1197 1007 εὑρήσει
1218 974 1251 998 ια’
1269 971 1318 1006 μὲν
1331 970 1470 1006 περιόδους
1480 971 1533 998 ἀπὸ
1550 971 1608 1006 (ρλβ’
1620 970 1689 997 ἑτῶν
1704 971 1802 998 τετελε·

1018 1017 1126 1051 σμένας,
1140 1016 1187 1052 τὴν
1195 1016 1224 1042 δὲ
1231 1016 1439 1051 δυοκαιδεκάτην
1450 1016 1562 1051 ἔχουσαν
1572 1016 1618 1051 ἐτη
1632 1020 1706 1043 σπα¹.
1715 1017 1804 1043 Ταῦτα

1016 1060 1063 1088 οὖν
1073 1062 1106 1088 τὰ
1118 1065 1182 1088 σπα¹
1203 1062 1271 1088 κατὰ
1285 1061 1329 1088 τὸν
1351 1062 1442 1096 ὅμοιον
1464 1062 1563 1097 τρόπον
1576 1063 1616 1093 εις
1634 1066 1677 1097 κη’
1697 1062 1742 1089 διὰ
1761 1063 1805 1089 τὸν

1015 1105 1100 1140 ἥλιον,
1119 1106 1134 1140 ἢ
1148 1106 1187 1137 εἰς
1205 1105 1237 1131 ιθ¹
1252 1105 1295 1131 διὰ
1310 1105 1357 1141 τὴν
1370 1105 1496 1141 σελήνην,
1511 1107 1550 1137 εἰς
1567 1106 1687 1142 τέσσαρα.
1701 1106 1744 1133 διὰ
1761 1107 1804 1133 τὸν

1016 1150 1133 1185 βίσεξτον
1149 1151 1322 1187 μεριζόμενα,
1337 1151 1437 1178 τούτων
1457 1152 1570 1178 ἑκάστου
1583 1152 1613 1179 τὸ
1629 1153 1804 1188 ἐνιστάμενον

1015 1197 1073 1229 ἕτος
1088 1199 1158 1224 ποιεῖ
1177 1198 1286 1229 πάντως
1298 1197 1488 1232 γινώσκεσθαι.
1504 1198 1544 1224 Τὰ
1559 1199 1586 1225 δὲ
1602 1199 1660 1234 (ρλβ’
1672 1199 1719 1234 ἔτη
1734 1200 1803 1226 κατα

1015 1243 1172 1279 συμπλοκὴν
1196 1244 1313 1278 γίνονται
1328 1243 1381 1269 τῶν
1404 1252 1433 1269 τε
1445 1244 1494 1278 τῆς
1513 1244 1626 1279 σελήνης
1645 1245 1715 1271 ἐτῶν
1735 1245 1802 1281 πρὸς

1013 1288 1046 1314 τὰ
1061 1288 1106 1315 τοῦ
1125 1289 1211 1324 ἡλίου,
1228 1289 1338 1315 καὶτῶν
1362 1289 1456 1316 τούτου
1470 1289 1536 1325 πρὸς
1555 1290 1589 1317 τὰ
1605 1290 1722 1325 ἐκείνης.
1741 1291 1802 1317 Εἴτε

1013 1334 1067 1368 γὰρ
1092 1334 1125 1360 τὰ
1144 1335 1176 1360 ιϐ’
1194 1336 1250 1366 τοῖς
1267 1338 1309 1370 κη’
1329 1335 1500 1366 συντεθῶσιν,
1515 1336 1569 1362 εἴτε
1592 1336 1627 1362 τὰ
1645 1340 1687 1372 κη’
1704 1330 1801 1368 τοῖςιθ’

1014 1379 1201 1414 ωμπλακῶσι,
1218 1380 1262 1406 τὸν
1276 1380 1391 1415 ἀριθμδν
1409 1380 1462 1407 τῶν
1479 1380 1538 1415 (ρλβ’
1556 1380 1623 1407 ἐτῶν
1649 1381 1802 1417 ἐκπληροῦ-

1014 1432 1065 1451 σιν.
1090 1424 1181 1456 Οὕτως
1208 1423 1254 1451 οὖν
1271 1425 1420 1460 δειχθέντος
1443 1426 1487 1452 διά
1509 1435 1538 1452 τε
1561 1426 1615 1452 τῶν
1642 1427 1696 1452 ἀπὸ
1716 1427 1801 1462 Ἀδὰμ

1012 1469 1091 1501 ἐτῶν,
1103 1470 1185 1505 ἤγουν
1198 1470 1251 1496 τῶν
1267 1470 1353 1506 ,ςρλγ¹
1368 1471 1412 1498 διά
1422 1480 1451 1497 τε
1465 1471 1514 1506 τῆς
1531 1471 1682 1506 ἐνεστώσης
1691 1472 1800 1498 δυοκαι-

1011 1514 1127 1550 δεκάτης
1152 1515 1287 1551 περιόδου,
1304 1517 1427 1543 τουτέστι
1451 1518 1504 1544 τῶν
1532 1522 1605 1550 σπα¹,
1631 1518 1678 1544 τοῦ
1696 1518 1800 1554 τρόπου

1012 1559 1072 1586 καθ’
1086 1560 1115 1586 ὃν
1131 1561 1160 1587 τὸ
1171 1562 1345 1597 ἐνιστάμενον
1357 1562 1402 1589 τοῦ
1417 1571 1446 1589 τε
1463 1563 1538 1598 ἡλίου
1553 1564 1599 1590 καὶ
1611 1564 1660 1597 τῆς
1672 1564 1798 1599 σελήνης,

1010 1605 1055 1631 καὶ
1071 1605 1118 1632 τοῦ
1140 1606 1260 1641 βισέξτου
1271 1607 1331 1639 ἔτος
1352 1608 1531 1641 γινώσκεται·
1550 1610 1682 1645 προσήκει
1706 1609 1799 1636 λοιπὸν

1008 1651 1143 1683 ὑποδεῖξαι
1159 1651 1207 1686 τὴν
1223 1652 1340 1687 μέθοδον.
1352 1654 1380 1687 ἐξ
1392 1652 1426 1689 ἦς
1442 1654 1491 1689 τὴν
1506 1655 1678 1689 κυριωτάτην
1691 1655 1798 1691 ἡμέραν

1007 1695 1055 1730 τῆς
1068 1698 1272 1732 παρεισδάσεως
1292 1699 1338 1726 καὶ
1356 1700 1405 1735 τῆς
1417 1700 1591 1732 ἀναστάσεως
1611 1701 1643 1726 ὲκ
1657 1701 1735 1727 τοῦδε
1749 1701 1797 1728 τοῦ

1007 1742 1130 1768 κανονίου
1143 1743 1282 1778 συντόμως
1298 1745 1460 1772 καταλαϐεῖν
1476 1746 1510 1773 ⁷⁸.

1013 1798 1178 1837 Ἀπόδειξις
1200 1800 1253 1826 τοῦ
1276 1802 1399 1837 τρόπου,
1427 1802 1490 1828 καθ’
1508 1802 1542 1828 ὄν
1567 1811 1611 1835 τις
1638 1803 1671 1829 τὸ
1689 1803 1798 1837 Πάσχα

1040 1834 1105 1870 καθῖ
1120 1834 1250 1870 ἕκαστον
1270 1836 1336 1864 ἕτοι·
1358 1837 1494 1870 ψηφίζειν
1515 1838 1548 1864 ἐκ
1571 1834 1658 1865 τοῦδε
1676 1838 1731 1865 τοῦ
1744 1834 1796 1864 1.0-!-

1039 1868 1142 1895 φονίου
1155 1869 1327 1904 δυνήσεται.

1039 1923 1090 1950 ΙΘ¹.
1113 1924 1312 1960 [εὑρισκομένου
1337 1926 1425 1953 τοίνυν
1446 1927 1490 1953 διὰ
1505 1927 1556 1962 τῇς
1574 1928 1707 1964 εὐκρινῶς
1723 1930 1796 1955 ἅνωι

1006 1969 1077 2004 τέρω
1097 1969 1226 2005 ρηθείσης
1243 1970 1334 2006 ψήφου
1353 1971 1400 1998 τοῦ
1418 1981 1446 1998 τε
1461 1973 1608 2005 ἐνεστῶτος
1620 1975 1669 2010 τῆς
1681 1975 1796 2011 σελήνης

1004 2014 1079 2046 ἔτους
1102 2015 1180 2051 (φέρε
1203 2017 1290 2043 εἰπεῖν
1309 2017 1346 2048 ὡς
1367 2018 1413 2043 ἐπὶ
1435 2017 1482 2044 τοῦ
1509 2019 1621 2049 εἰσιέναι
1651 2020 1794 2054 μέλλοντος

1004 2061 1243 2088 πεντεκαιδεκάτου
1254 2069 1260 2075 ·
1272 2061 1350 2089 τοῦτο
1360 2063 1413 2098 γὰρ
1434 2065 1549 2100 ὑπάρχει
1565 2065 1595 2091 τὸ
1615 2067 1645 2092 ὲν
1660 2062 1682 2099 ᾧ
1702 2066 1793 2102 μέλλει

1003 2105 1034 2132 τὸ
1049 2107 1181 2142 σωτήριον
1195 2107 1291 2142 Πάσχα
1303 2109 1437 2136 τελεῖσθαι
1448 2111 1504 2142 τοῖς
1521 2111 1714 2146 πνευματικῶς
1729 2113 1792 2148 ἑορ-

1002 2151 1156 2188 τάζουσιν)·
1170 2150 1229 2179 εἶτα
1253 2153 1334 2181 πάλιν
1364 2155 1410 2181 καὶ
1438 2155 1484 2182 τοῦ
1510 2156 1622 2183 εἰσιέναι
1649 2157 1791 2192 μέλλοντος

1002 2197 1078 2230 ἔτους
1101 2199 1151 2234 τῆς
1176 2199 1290 2235 σελήνης
1309 2201 1332 2216 ⁷⁸
1354 2201 1565 2236 γινωσκομένου.
1591 2203 1714 2230 τουτέστι
1741 2203 1790 2231 τοῦ

169 2239 233 2258 mus
253 2231 401 2267 ingressuri
426 2244 433 2261 :
454 2243 545 2269 quare
568 2236 594 2263 in
620 2237 715 2265 dextro
737 2240 850 2268 canonis
867 2241 952 2269 latere

1012 2243 1110 2279 τρώτου
1121 2231 1219 2272 ίτοῦτο
1233 2231 1293 2281 ’γάρ
1317 2231 1374 2272 ἐστι
1398 2246 1428 2273 τὸ
1445 2231 1651 2284 εἰσερχόμενον⁸
1667 2248 1707 2275 δεῖ
1719 2250 1790 2278 κατὰ

169 2283 277 2304 versum
298 2277 325 2304 in
345 2286 399 2312 quo
416 2279 486 2306 idem
512 2280 556 2308 ille
580 2291 668 2310 annus
691 2284 814 2312 decimus
837 2286 950 2320 quintus

168 2321 307 2356 ascriptus
338 2327 381 2350 est
405 2333 410 2350 :
434 2332 466 2351 ac
487 2326 509 2352 si
532 2326 602 2353 diem
628 2328 716 2362 ipsum
742 2331 950 2360 resurrectionis

169 2373 251 2393 nosse
266 2366 358 2397 libeat,
375 2369 542 2404 quaerendus,
557 2376 599 2398 est
619 2371 758 2401 Romanus
776 2376 886 2408 mensis,
903 2378 948 2412 qui

167 2419 199 2438 ex
216 2412 330 2439 adverso
351 2412 448 2440 decimi
464 2415 550 2449 quinti
570 2418 633 2445 anni
654 2419 757 2447 lunaris
776 2421 803 2448 in
826 2423 948 2456 proximo

166 2462 233 2485 rotae
248 2465 352 2486 canone
367 2459 436 2487 situs
447 2464 489 2487 est
506 2469 512 2487 :
526 2469 604 2495 quem
619 2463 736 2498 Aprilem
750 2473 811 2494 esse
821 2469 945 2502 reperies.

166 2502 229 2530 Mox
261 2503 294 2531 ad
331 2504 456 2532 eumdem
491 2505 672 2536 adluerentem
703 2510 797 2544 diem,
823 2514 949 2541 videlicet

165 2550 302 2576 Kalendas
327 2551 449 2586 colliges,
475 2553 605 2586 quoniam
627 2555 735 2589 quidem
759 2558 786 2585 in
813 2558 947 2588 Kalendas

165 2595 272 2630 Apriles
292 2597 355 2624 luna
375 2606 422 2624 xw
441 2597 545 2625 Judaici
566 2598 648 2627 Nisan
667 2601 766 2629 incidet
790 2612 861 2632 anno
877 2606 947 2633 lunae

164 2649 208 2667 νιν.
226 2642 266 2669 Ad
288 2643 361 2670 hunc
385 2644 500 2677 primum
519 2644 619 2679 Aprilis
640 2646 710 2673 diem
731 2648 859 2677 addenda:
884 2657 948 2679 sunt

163 2689 264 2718 emotae
282 2688 406 2721 proxime
421 2690 560 2723 sequentis
579 2690 643 2717 anni
665 2692 741 2724 solis,
757 2702 836 2728 quem
855 2695 944 2730 proxi-

163 2736 237 2755 mum
257 2738 319 2758 esse
345 2731 466 2760 diximus
489 2742 497 2761 :
518 2741 557 2762 eae
570 2739 633 2762 sunt
649 2745 698 2768 vn,
715 2737 748 2764 ad
764 2739 880 2772 primum
900 2750 946 2770 an-

128 2801 131 2803 _
163 2781 227 2801 num
243 2776 307 2801 salis
327 2778 468 2805 adnotatas.
486 2778 524 2807 Ita
546 2780 642 2808 divisis
656 2789 703 2810 vm
722 2791 770 2818 per
788 2793 837 2816 vn,
858 2787 943 2816 relin-

200 2851 222 2873 ⁷⁸
238 2851 314 2880 Dccsl
328 2855 389 2881 δυντ
397 2855 506 2891 σὸμεθα.
548 2859 568 2874 7’
586 2858 646 2887 (nr,
664 2860 747 2894 ἡλίου.

1002 2289 1078 2321 τάξιν
1091 2289 1192 2317 ἐπιδεῖν
1206 2292 1234 2318 ὲν
1248 2291 1287 2326 τῷ
1302 2292 1380 2327 δεξιῷ
1395 2293 1473 2328 μέρει
1490 2293 1537 2320 τοῦ
1558 2294 1681 2321 κανονίου
1693 2295 1725 2321 τὸ
1743 2303 1789 2321 σε·

1003 2337 1095 2368 λιδιον,
1107 2339 1136 2364 ὲν
1186 2339 1409 2375 καταγέγραπται
1420 2340 1450 2367 τὺ
1467 2340 1533 2366 αὐτὸ
1544 2340 1788 2367 πεντεκαιδέκατον

1000 2382 1068 2414 ἔτος.
1085 2384 1138 2410 Καὶ
1150 2385 1174 2411 εἰ
1192 2384 1241 2419 μὲν
1260 2385 1343 2421 αὐτὴν
1355 2386 1404 2421 τὴν
1415 2385 1597 2421 ἀναστάσιμον
1609 2386 1706 2421 ἑορτὴν
1720 2385 1788 2412 εἰδέα

999 2438 1042 2455 ναι
1056 2429 1179 2465 θέλομεν,
1196 2431 1242 2457 τὸν
1254 2432 1313 2458 κατ’
1334 2432 1398 2458 εὐθὺ
1414 2431 1460 2458 τοῦ
1479 2431 1723 2458 πεντεκαιδεκάτου
1737 2432 1786 2466 τῆς

1001 2474 1115 2510 σελήνης
1131 2477 1255 2512 κείμενον
1279 2477 1356 2509 ἔτους
1385 2478 1538 2512 Ῥωμαϊκὸν
1556 2478 1628 2512 μῆνα
1650 2477 1786 2513 ζητοῦμεν

1000 2521 1029 2546 ὲν
1050 2521 1089 2556 τῷ
1110 2522 1283 2557 πλησιάζοντι
1307 2523 1345 2558 τῷ
1363 2523 1452 2559 τροχῷ
1463 2523 1597 2559 κανονίῳ·
1623 2524 1670 2550 καὶ
1691 2524 1786 2550 τοῦτον

1000 2565 1168 2601 εὑρίσκοντες
1187 2567 1321 2602 Ἀπρίλιον
1333 2568 1406 2600 ὄντα,
1422 2568 1470 2604 τὴν
1490 2568 1694 2604 παρακειμένην
1711 2569 1786 2604 αὐτῷ

1000 2610 1138 2642 ποσταίαν,
1149 2611 1232 2646 ἤγουν
1246 2612 1296 2648 τὴν
1305 2612 1415 2648 πρώτην
1427 2613 1580 2649 κρατοῦμεν
1591 2622 1598 2629 ·
1609 2614 1704 2649 ἐπειδὴ
1713 2615 1785 2642 κατὰ

998 2654 1099 2689 ταύτην
1107 2656 1156 2691 τὴν
1171 2656 1281 2692 πρώτην
1294 2657 1340 2684 τοῦ
1361 2658 1497 2694 ’Δπριλίου
1511 2659 1593 2694 μηνὸς
1605 2660 1621 2694 ὴ
1633 2660 1666 2686 δι’
1677 2660 1782 2694 γίνεται

997 2700 1043 2726 τοῦ
1057 2701 1182 2735 φέγγους,
1201 2703 1282 2738 ἤγουν
1299 2703 1345 2729 τοῦ
1362 2704 1468 2739 πρώτου
1486 2704 1546 2731 καθ’
1567 2705 1710 2740 Ἑόραίους
1731 2714 1781 2740 pr;

997 2746 1051 2778 νὸς,
1072 2746 1143 2780 λέγω
1160 2747 1193 2783 δὴ
1215 2748 1261 2775 τοῦ
1284 2749 1380 2776 Νισάν.
1397 2750 1474 2776 Κατὰ
1489 2751 1518 2776 τὸ
1539 2751 1604 2777 αὐτὸ
1622 2754 1652 2776 ει’
1665 2752 1726 2782 ἔτος
1739 2752 1780 2778 ἀεὶ

997 2791 1045 2826 τῆς
1069 2792 1182 2829 σελήνης
1201 2794 1246 2820 καὶ
1271 2794 1439 2830 ἐμϐάλλομεν
1458 2797 1524 2831 αὐτῇ
1551 2797 1582 2831 τῇ
1613 2797 1707 2831 πρώτη
1736 2797 1780 2824 τοῦ
