1931 3135
148 192 221 220 1257

554 194 583 223 S.
603 195 727 223 MAXlMl
748 195 929 225 MARTYRIS
945 196 1135 226 COMPUTUS
1154 196 1373 226 ECCLESIAST.

1699 199 1766 227 1238

154 249 296 286 Ἀπριλίου
307 251 356 283 τὰς
363 251 483 284 ἑπακτὰς
493 251 539 279 τοῦ
549 253 661 280 εἰσιέναι
669 254 810 289 μέλλοντος
825 255 930 291 ἡλιακοί

989 257 1084 292 quitur
1101 265 1122 290 ι,
1137 265 1170 284 ex
1189 264 1243 291 qua
1265 256 1360 284 feriant
1376 258 1570 292 cognoscimus
1589 255 1771 284 Kalendarum

147 296 237 328 ἔτους,
254 296 336 331 ἠγουν
354 297 400 324 τοῦ
421 297 538 333 πρώτου,
554 299 599 326 τὸν
615 299 728 335 ἀριθμὸν
742 300 823 333 οὔσας
837 301 870 333 ζ’,
890 303 936 329 καὶ¹

146 343 179 368 ὲν
192 341 267 377 αὺτῷ
279 342 318 377 τῷ
332 342 432 378 πρώτῳ
447 343 501 370 ἔτει
513 344 560 370 τοῦ
573 344 647 380 ἡλίου
660 347 934 382 καταγεγραμμένας.

146 387 242 419 Οὕτως
263 386 309 414 οὖν
322 387 370 420 τὰς
387 392 412 424 η’
427 389 573 425 μερίζομεν
591 391 630 422 είς
647 390 669 423 ζ’
679 399 687 407 θ
702 391 748 418 καὶ
761 392 793 418 ἐκ
805 392 855 427 τῆς
869 392 935 419 ὑπο-

146 433 354 469 λιμπανομένης
378 435 441 469 μιᾶς
453 435 559 470 ἡμέρας
577 435 745 472 γινώσκομεν
758 437 806 473 τὴν
823 437 937 473 ἑϐδομα-

147 478 236 514 ῖικὴν,
252 479 290 510 ὡς
300 480 395 515 πρώτη
412 481 580 516 καθέστηκεν
592 483 608 518 ἡ
621 482 716 518 πρώτη
733 482 780 509 τοῦ
800 483 938 520 Ἀπριλίου

145 523 243 558 μηνὸς,
258 524 396 551 τουτέστιν
412 525 477 560 ἁγία
494 527 619 563 Κυριακή
631 535 637 542 ·
656 528 701 555 καὶ
715 528 746 554 ὲκ
767 528 869 564 ταύτης
883 529 938 556 λοι-

133 570 197 620 Ιιτρν
213 571 253 620 είς
275 571 325 606 τὴν
342 572 471 599 ἐπιοῦσαν
485 573 567 607 ἁγίαν
585 574 786 610 ὑπερτιθέμεθα
798 575 938 611 Κυριακὴν

145 616 197 651 τὴν
213 617 262 652 τῆς
285 618 459 650 ἀναστάσεως
479 619 576 654 ἑορτήν
588 627 595 634 ·
612 619 672 654 ἥτις
688 623 712 656 η’
729 619 776 646 τοῦ
799 620 936 655 Ἀπριλίου

146 663 289 699 προδήλως
304 664 387 691 ἐστίν.
413 665 521 701 Ἐπειδὴ
533 666 564 692 τὸ
582 665 723 700 Ἐϐραῖκδν
744 665 849 701 Πάσχα,
865 666 936 701 λέγω

144 708 180 743 δὴ
191 708 241 744 τὴν
254 708 273 735 δ’
295 709 341 736 καὶ
351 713 367 736 ι’
381 709 428 737 τοῦ
448 710 577 745 φέγγους,
591 712 673 747 ἤγουν
684 711 731 738 τοῦ
756 710 864 747 πρώτου
875 710 935 737 καθ’

153 753 296 789 Ἐϐραίους
324 755 426 791 μηνὸς,
463 756 635 792 ὑπερϐαίνειν
667 757 798 792 προσήκει
827 756 936 788 πάντως

144 799 232 834 ἡμᾶς,
250 800 303 826 εἴτε
320 801 462 836 Κυριακῆς
481 801 595 836 φθάσει,
612 802 680 838 πρὸς
692 802 742 838 τὴν
756 801 838 838 ἄλλην
855 801 935 836 ἁγίαν

143 845 292 880 Κυριακὴν
309 847 530 882 μεταϐαίνοντας,
542 848 596 875 εἴτε
604 849 743 884 δευτέρας,
760 849 815 875 εἴτε
829 849 934 884 τρίτης,

990 302 1134 338 Aprilium,
1150 311 1245 338 nempe
1261 301 1428 329 Dominicam
1443 311 1450 329 :
1465 310 1479 329 a
1501 311 1554 338 qua
1571 303 1597 329 in
1613 307 1770 337 sequentem

990 349 1157 376 Dominicam
1202 349 1412 376 resurrectionis
1448 349 1569 376 solemne
1593 349 1770 381 diﬂ‘unditur,

989 401 1074 429 quam
1097 394 1270 421 manifestum
1291 399 1333 422 est
1352 399 1474 422 octavam
1494 394 1594 429 Aprilis
1614 402 1675 422 esse
1689 394 1770 421 diem.

990 438 1046 467 Nos
1060 440 1132 467 enim
1150 439 1253 467 Pascha
1271 439 1438 473 Judazorum,
1453 440 1479 467 id
1495 444 1538 468 est
1553 449 1598 468 xxv
1613 441 1698 473 linire,
1715 441 1772 468 sive

991 483 1094 511 mensis
1107 483 1214 510 illorum
1231 484 1321 518 primi,
1336 491 1449 514 necasse
1463 490 1505 513 est
1516 485 1719 515 transcendere,
1739 493 1772 513 ae

991 528 1014 556 si
1032 528 1060 555 in
1075 527 1244 555 Dominicam
1273 522 1413 562 incurrat,
1427 529 1539 556 alteram
1560 530 1587 557 in
1603 530 1770 557 Dominieam

991 572 1134 600 transitum
1161 572 1261 605 facere.
1283 574 1340 601 sive
1368 574 1396 601 in
1421 573 1516 602 feriam
1541 575 1698 606 secundam,
1724 579 1771 601 aut

991 618 1110 650 tertiam,
1130 619 1157 645 in
1171 619 1293 647 eamdem
1309 619 1445 647 tranferre
1460 619 1639 647 Dominicam.
1656 620 1733 653 Quod
1747 621 1771 648 si

990 664 1110 692 Sabbato
1127 673 1171 692 xtv
1192 666 1343 700 contingat,
1364 667 1495 701 postridie
1513 665 1618 694 Pascha
1635 667 1690 700 lict,
1706 667 1769 694 luna

987 720 1032 744 xv,
1054 712 1282 747 quemadmodum
1308 720 1370 739 cum
1399 721 1413 740 a
1439 711 1718 746 Dominicaﬂalteram
1742 714 1769 740 in

987 756 1155 786 Dominicam
1176 757 1346 790 diﬂ‘uuditur,
1360 759 1422 785 luna
1437 767 1481 786 xx:
1508 759 1618 786 accidit.
1640 758 1719 790 Nam,
1741 763 1770 785 ut

984 803 1041 838 jam
1066 803 1196 835 diximus,
1223 811 1276 830 non
1303 803 1374 831 ultra
1395 810 1522 840 septenos
1542 804 1600 832 dies
1618 812 1633 830 a
1656 803 1770 831 Judaico

988 849 1122 879 Paschate
1136 849 1165 877 ﬁt
1179 849 1333 883 translatio,
1349 850 1401 877 hoc
1412 855 1454 877 est
1465 858 1481 877 a
1496 858 1541 877 xxv
1555 850 1628 877 luna.

145 895 188 925 εἷς
205 894 254 930 τὴν
268 894 353 931 αὐτὴν
367 896 466 931 ὁμοίως
482 897 633 933 Κυριακήν.
653 898 684 924 Εἰ
700 897 729 924 δὲ
744 897 884 933 Σαϐϐάτῳ,
899 898 933 933 τῇ
954 897 1092 933 ἐπαύριον,
1110 896 1380 929 πεντεκαιδεκαταίας
1393 897 1475 932 οὔσης
1490 897 1521 924 τὸ
1550 897 1698 934 τηνικαῦτα
1721 896 1769 931 δη-

144 942 213 979 λαδὴ
232 944 281 978 τῆς
303 942 428 979 σελήνης.
443 945 547 980 Ὠσπερ
569 943 615 972 οὖν
629 945 747 980 ὁπηνίκα
761 945 841 972 πάλιν
861 944 915 971 ἀπὸ
933 945 1076 981 Κυριακῆς
1093 946 1133 976 είς
1147 945 1196 981 τὴν
1206 944 1336 971 ἐπιοῦσαν
1350 945 1429 979 ἁγίαν
1452 944 1596 980 Κυριακὴν,
1621 944 1768 979 ποιούμεθα

144 989 197 1023 τὴν
213 989 368 1025 ὑπέρθεσιν,
384 990 479 1018 εἰκάδα
495 990 606 1027 πρώτην
623 991 747 1027 ἐχούσης.
766 992 810 1024 Ὠς
820 991 874 1027 γὰρ
886 991 936 1028 Ιήδη
953 991 1087 1024 λέλεκται,
1109 992 1191 1027 μέχρι
1210 992 1288 1026 μόνον
1301 992 1322 1024 ξ’
1335 991 1447 1028 ἡμερῶν
1462 991 1609 1027 ποιούμεθα
1635 990 1683 1026 τὴν
1715 990 1769 1017 ἀπὸ

142 1033 193 1061 τοῦ
219 1035 363 1071 Ἐϐραῖκοῦ
380 1036 474 1072 Πάσχα
499 1037 662 1072 μετάϐασινι
680 1038 763 1073 ἤγουν
788 1038 837 1073 τῆς
853 1037 874 1064 δ’
900 1038 948 1064 καὶ
968 1041 984 1064 ι’
1011 1037 1058 1064 τοῦ
1084 1038 1217 1072 φέγγους·
1240 1037 1394 1073 περαιτέρω
1411 1037 1440 1064 δὲ
1459 1037 1591 1072 οὐδαμῶς.
1610 1036 1663 1063 1ίαῖ¹
1685 1035 1768 1063 ταῦτα

145 1081 197 1116 μὲν
213 1082 274 1118 περὶ
291 1082 338 1108 τοῦ
355 1082 459 1118 Πάσχα.

143 1140 216 1175 Περὶ
238 1140 293 1175 τῆς
313 1144 330 1167 ι’
351 1141 404 1168 τοῦ
423 1141 674 1185 ἐϐδόέιουεμηνὸς,
699 1141 761 1175 πῶς
779 1142 828 1169 καὶ
853 1141 927 1174 αὕτη

984 1139 1021 1166 De
1035 1138 1257 1174 septimi-{mensis
1279 1137 1321 1164 die
1335 1146 1363 1178 x_.
1373 1137 1505 1185 ﬂuomodo
1525 1139 1604 1166 etiam
1620 1140 1677 1174 ipsa
1698 1148 1767 1175 repe-

407 1178 659 1212 καταλαμϐἀνεται
664 1198 670 1203 .

180 1233 223 1260 ις’.
241 1233 271 1260 El
289 1233 377 1269 δὲτὴν
393 1237 407 1260 ι’
418 1233 465 1260 τοῦ
481 1234 540 1260 καθ’
561 1233 700 1269 Ἐϐραίους
717 1233 828 1269 ἑϐδόμου
847 1234 930 1268 μηνὸς

142 1278 245 1313 γνῶναι
259 1278 381 1314 θελήσειέ
402 1288 455 1311 τις.
476 1280 505 1306 ὲν
524 1279 564 1314 τῷ
576 1278 737 1314 δεξιωτέρῳ,
748 1279 869 1305 τουτέστι
890 1277 930 1312 τῷ

143 1325 215 1361 μετὰ
227 1326 257 1352 τὸ
269 1326 365 1361 Πάσχα
376 1325 606 1362 διαγεγραμμένῳ
615 1325 739 1360 κανονίῳ,
756 1325 800 1352 τὸν
815 1323 931 1360 πλησιά-

142 1371 225 1404 ζοντα
239 1372 279 1407 τῷ
295 1371 368 1407 αὐτῷ
377 1372 427 1408 τῆς
444 1371 558 1407 σελήνης
578 1375 598 1398 ε’
609 1373 655 1399 καὶ¹
672 1375 687 1399 ι¹
704 1371 759 1398 ἔτει
779 1369 929 1406 Ῥωμαϊκὸν

143 1417 220 1454 μῆνα
235 1418 369 1444 σκοπείτω
386 1418 468 1453 (λέγω
483 1418 512 1444 δὲ
525 1419 570 1445 τὸν
583 1417 778 1454 Σεπτέμϐριον)
788 1425 795 1432 ·
813 1417 860 1443 καὶ
881 1416 929 1452 τὴν

140 1463 349 1500 παρακειμένην
363 1463 446 1490 αὑτοῦ
461 1464 593 1491 ποσταίαν
607 1463 716 1500 κρατῶν
737 1467 779 1491 κα¹
793 1463 929 1499 ὑπάρχου-

142 1515 205 1539 σαν,
215 1507 349 1542 γνώσεται
365 1509 424 1544 μὲν,
438 1508 476 1541 ὡς
490 1510 549 1536 κατ’
563 1509 646 1545 αὐτήν
662 1511 735 1536 ἐστιν
750 1508 804 1541 ἀεὶ,
818 1508 888 1536 κατὰ
900 1508 930 1535 τὸ

141 1552 211 1579 αὐτὸ
241 1557 271 1580 ει¹
295 1554 344 1590 τῆς
373 1554 487 1590 σελήνης
515 1555 584 1587 ἔτος,
611 1557 627 1591 ἡ
651 1559 666 1581 ι’
688 1555 735 1582 τοῦ
763 1554 845 1582 αὑτοῦ
870 1554 930 1581 καθ’

147 1598 288 1635 Ἐϐραίους
302 1600 395 1635 μηνός.
408 1601 438 1627 Εἰ
450 1600 479 1627 δὲ
489 1602 535 1627 κα¹ι
545 1601 594 1636 τὴν
604 1601 780 1637 ἑϐδομαδικὴν
789 1600 929 1636 βουληθείη

144 1644 243 1680 μαθεῖν
259 1646 376 1681 ἡμέραν,
393 1648 426 1682 τῇ
441 1648 509 1683 αὐτῇ
522 1648 570 1674 τοῦ
587 1647 772 1683 Σεπτεμϐρίου
789 1648 871 1683 μηνὸς
883 1656 932 1674 πο-

143 1690 237 1726 σταία,
254 1690 325 1725 λέγω
344 1692 372 1718 δὲ
385 1693 418 1727 τῇ
436 1693 524 1719 είκάδι
544 1694 650 1730 πρώτῃ,
664 1693 713 1725 τὰς
727 1693 931 1729 παρακειμένας

141 1735 198 1762 ἀπὸ
216 1735 330 1771 σηρικοῦ
351 1736 504 1772 προσθετὰς
524 1737 631 1773 ἡμέρας
645 1737 778 1770 ἐπιϐάλοι,
796 1737 865 1773 μετὰ
886 1737 931 1764 καὶ

140 1780 198 1807 τῶν
210 1781 336 1809 ὲπακτῶν
348 1781 394 1809 τοῦ
409 1783 554 1814 ἐνεστῶτος
571 1783 645 1819 ἡλίου
660 1783 736 1816 ἔτους
745 1792 753 1800 ο
768 1781 822 1810 οἷον
834 1782 872 1816 ὡς
885 1784 931 1810 ὲπὶ

1327 1173 1425 1201 rialur.

1016 1228 1074 1256 XX.
1094 1229 1124 1256 Si
1147 1229 1255 1264 septimi
1279 1229 1382 1256 mensis
1404 1228 1511 1256 Iudaici
1534 1229 1668 1258 decimum
1697 1230 1767 1259 diem

980 1283 1063 1303 nosse
1075 1276 1184 1302 studeat
1204 1274 1314 1309 aliquis.
1331 1275 1358 1301 in
1377 1274 1530 1303 dexteriore
1547 1276 1661 1304 canonis
1681 1281 1766 1312 parte,

980 1330 1041 1358 quae
1067 1321 1209 1350 Paschatis
1233 1321 1360 1349 versibus
1381 1322 1504 1356 proxima
1529 1326 1590 1355 est.
1613 1322 1768 1358 inquiratur

981 1369 1084 1396 mensis
1098 1367 1239 1395 Romanus
1254 1374 1326 1394 anno
1338 1367 1409 1395 lunze
1423 1367 1519 1402 quinto
1535 1368 1641 1396 decimo
1655 1376 1768 1404 responr.

979 1413 1047 1442 dens
1065 1413 1100 1445 (is
1114 1418 1157 1441 est
1182 1412 1365 1448 September),
1382 1421 1436 1440 una
1453 1421 1514 1441 cum
1532 1418 1615 1449 quota
1635 1414 1689 1446 die,
1707 1424 1767 1450 quae

979 1464 1022 1487 est
1043 1467 1089 1487 ni
1112 1459 1239 1488 :noverit
1262 1467 1327 1495 ergo
1348 1463 1480 1495 perpetuo
1503 1467 1576 1487 anno
1598 1460 1669 1488 luna:
1684 1470 1718 1489 xv
1739 1462 1766 1489 in

979 1506 1103 1535 eamdem
1117 1505 1188 1533 diem
1201 1505 1322 1533 incidere
1334 1505 1468 1533 decimam
1484 1506 1555 1534 diem
1570 1506 1675 1535 Judaici
1691 1516 1766 1535 men-

981 1554 1030 1581 sis.
1045 1551 1122 1585 Quod
1142 1551 1164 1579 si
1183 1551 1277 1579 feriam
1292 1555 1422 1586 praeterea
1440 1552 1573 1588 requirit.
1593 1553 1625 1581 ad
1648 1562 1693 1581 xu
1716 1553 1766 1582 Se-

980 1597 1112 1634 ptembris
1132 1597 1270 1632 regulares
1295 1596 1439 1629 addantur,
1465 1597 1511 1632 qui
1528 1598 1616 1625 serico
1639 1598 1673 1626 ad
1690 1599 1766 1626 illam

981 1644 1052 1672 diem
1077 1643 1264 1674 ascribuntur.
1291 1650 1345 1670 una
1366 1650 1427 1670 cum
1447 1644 1552 1678 epactis
1574 1644 1636 1671 anni
1657 1645 1764 1677 solaris,

980 1697 1041 1726 quas
1054 1693 1119 1718 sunt
1142 1693 1257 1725 septem.
1275 1688 1414 1716 Summam
1437 1690 1542 1717 dierum
1564 1699 1649 1718 xxxuv
1664 1691 1766 1719 dividat

981 1745 1030 1773 per
1045 1743 1094 1768 vn,
1113 1736 1302 1771 relinquentur
1318 1744 1354 1767 νι,
1371 1743 1432 1770 qua:
1449 1735 1570 1763 indicant
1590 1737 1684 1764 feriam
1705 1744 1766 1764 esse

982 1790 1019 1814 vr,
1042 1782 1100 1809 sive
1119 1780 1300 1808 Parasceven.
1323 1779 1422 1808 Eadem
1447 1781 1590 1809 methodus
1612 1781 1765 1809 adhibenda

141 1825 190 1853 τοῦ
201 1826 310 1863 πρώτου
324 1827 400 1859 ἔτους
411 1828 461 1860 τὰς
472 1828 494 1860 ζ’
507 1815 611 1864 ἡμέρας
621 1837 627 1844 ·
644 1829 691 1856 καὶ
702 1815 772 1856 οὕτω
791 1829 841 1861 τὰς
856 1829 930 1861 ὅλας,

984 1827 1062 1855 annis
1078 1827 1220 1859 omnibus,
1247 1834 1308 1861 qum
1330 1827 1358 1854 in
1380 1826 1473 1854 dextra
1492 1832 1567 1862 parte
1588 1828 1700 1855 canonis
1718 1835 1765 1855 oc-

141 1873 226 1907 ἥγουν
242 1873 290 1904 τὰς
308 1874 355 1906 λδν,
373 1876 413 1906 είς
430 1875 478 1907 τὰς
493 1875 514 1907 ζ’
533 1876 649 1912 μερίσει,
670 1876 717 1903 καὶ
738 1877 771 1902 ὲκ
796 1876 849 1903 τῶν
863 1876 929 1903 ὐπο-

140 1918 349 1955 λιμπανομένων
374 1920 403 1953 ἓξ
425 1921 567 1957 ίσάριθμον
590 1922 692 1949 εἴσεται
717 1923 825 1952 πάντως
847 1920 928 1949 οὖσαν

140 1965 192 2000 τὴν
208 1965 394 2002 ἐϐδομαδικὴν,
413 1967 534 1994 τουτέστι
551 1968 739 2004 Παρασκευήν.
753 1969 832 1995 Κατὰ
843 1967 928 1994 ταῦτα

140 2010 170 2037 δὲ
185 2013 316 2047 χρήσεταί
335 2022 377 2045 τις
399 2014 446 2041 καὶ
460 2015 502 2049 ἐφ’
521 2015 628 2050 ἑκάστῳ
649 2014 703 2041 ἓτει
716 2014 770 2042 τῶν
782 2015 816 2042 ἐκ
833 2014 927 2047 δεξιῶν

140 2058 316 2093 τεταγμένων
341 2059 388 2085 τοῦ
411 2060 549 2086 κανονὶου·
574 2060 735 2096 βουλόμενος
756 2060 852 2095 μαθεῖν
872 2060 928 2086 εἴτε

139 2103 191 2138 τῂν
205 2103 226 2130 δ’
240 2105 287 2131 καὶ
304 2108 319 2132 ι’
337 2106 384 2132 τοῦ
404 2105 463 2132 καθ’
487 2105 627 2142 Ἑϐραίους
640 2105 748 2142 πρώτου
767 2105 858 2141 μηνὸς,
874 2105 928 2132 εῐτε

138 2149 190 2183 τὴν
206 2148 253 2176 τοῦ
269 2149 381 2185 ἑϐδόμου
398 2150 523 2186 δεκάτην,
539 2152 632 2187 ἥντινα
648 2155 662 2177 ι’
676 2151 723 2178 τοῦ
739 2151 851 2186 ἑϐδόμου
873 2159 926 2186 μη-

983 1876 1097 1900 currunt
1114 1881 1121 1899 ς
1139 1872 1196 1900 sive
1211 1872 1272 1907 quis
1285 1872 1424 1907 xxv-primi
1444 1871 1546 1900 mensis
1563 1871 1667 1900 Iudaici
1684 1880 1764 1900 nosse

982 1920 1067 1951 velit,
1084 1919 1142 1946 sive
1157 1927 1171 1946 ι
1195 1919 1298 1947 mensis
1323 1919 1441 1954 septimi.
1461 1919 1534 1947 Hanc
1554 1927 1637 1955 porro
1657 1919 1764 1955 septimi

982 1964 1083 1993 mensis
1101 1973 1118 1992 x
1133 1964 1205 1992 diem
1223 1973 1277 1991 nun
1294 1967 1360 1996 tam,
1377 1965 1447 2000 quod
1471 1965 1498 1992 in
1513 1973 1552 1995 ea
1565 1966 1686 1993 solemne
1701 1973 1763 2000 per-

981 2017 1094 2046 agamus
1114 2010 1198 2036 ullum
1217 2009 1290 2045 (non
1305 2009 1376 2036 enim
1400 2010 1455 2036 ullo
1471 2009 1552 2037 modo
1573 2010 1723 2038 celebratur
1748 2018 1763 2037 a

978 2055 1080 2091 nobis),
1095 2063 1175 2090 quam
1198 2059 1226 2082 ut
1242 2062 1335 2082 eorum
1354 2055 1444 2083 studio
1464 2055 1693 2088 satisfaceremus,
1716 2057 1763 2092 qui

979 2104 1048 2131 nihil
1078 2104 1205 2138 ignorare
1231 2103 1343 2135 volunt,
1367 2102 1572 2130 describendam
1598 2104 1761 2138 putavimus.

980 2148 1120 2176 Hactenus
1133 2148 1166 2175 de
1180 2147 1275 2175 dextra
1291 2147 1405 2174 canonis
1418 2151 1504 2181 parte.

138 2194 185 2227 νρς
197 2195 227 2221 οὐ
240 2195 349 2231 τελετῆς
361 2196 458 2231 μᾶλλον
471 2198 511 2228 είς
522 2197 605 2233 αὐτὴν
617 2197 764 2233 γινομένης
776 2199 842 2233 ἡμῖν
855 2196 925 2232 (οὐδὲ
943 2195 998 2230 γὰρ
1014 2194 1130 2221 τελεῖται
1158 2194 1187 2220 τὺ
1212 2193 1329 2228 σύνολον)
1354 2192 1548 2229 διεγράψαμεν,
1577 2193 1594 2230 ἢ
1610 2193 1664 2220 τῶν
1689 2194 1764 2222 αὔειν

138 2240 246 2273 ἀγνοεῖν
259 2240 388 2268 θελόντων
402 2242 481 2277 χάριν
496 2243 683 2279 φιλομαθείας.
695 2243 787 2271 Ταῦτα
801 2244 849 2270 καὶ
861 2242 926 2278 περὶ
943 2241 998 2268 τῶν
1010 2241 1042 2267 ἐκ
1053 2240 1146 2274 δεξιῶν
1160 2239 1206 2266 τοῦ
1222 2239 1344 2267 κανονίου
1359 2239 1500 2275 κειμένων.

137 2298 218 2338 Περὶ
233 2298 378 2338 τῆςιτῶν-
395 2300 486 2335 ἁγίων
513 2301 665 2338 νησςειῶν
689 2301 924 2338 παρεισϐάσεως,

984 2299 1014 2326 De
1029 2299 1139 2326 introitu
1156 2297 1486 2338 sanctoruutjejuniorum,
1501 2304 1553 2338 qua
1569 2297 1670 2325 ratione
1685 2303 1762 2334 quot-

176 2333 239 2366 πῶς
259 2333 308 2361 καὶ
326 2333 438 2369 ταύτην·
451 2337 525 2363 κατὰ
543 2333 604 2364 πᾶν
615 2337 683 2371 ἔτος
695 2333 889 2373 γιὶρώσκομεν.

175 2389 240 2417 KA'.
259 2391 290 2418 Εί
313 2391 341 2418 δὲ
359 2392 405 2419 καὶ
428 2393 477 2428 τὴν
499 2393 678 2429 παρείσϐασιν
699 2394 752 2422 τῶν
772 2394 856 2429 ἁγίων
878 2402 926 2431 νη·-

138 2435 235 2463 στειῶν
246 2437 345 2465 εἰδέναι
358 2437 480 2473 θελήσειέ
493 2447 545 2471 τις,
557 2441 590 2466 ἐκ
604 2440 653 2476 τῆς
667 2439 697 2473 ἐξ
708 2440 855 2476 εὐωνύμων
868 2440 927 2467 δια-

136 2481 248 2517 γραφῆς
259 2482 290 2508 τὸ
305 2482 375 2510 κατὰ
390 2482 534 2519 διάμετρον
546 2483 592 2510 τοῦ
605 2487 638 2510 ειν
651 2485 700 2520 τῆς
714 2485 828 2521 σελήνης
839 2485 925 2517 ἔτους,

134 2527 184 2553 τοῦ
198 2527 272 2558 δντος
282 2528 314 2555 ὲκ
323 2528 417 2561 δεξιῶν
425 2549 433 2561 ,
443 2531 574 2566 σκοπὴσει
583 2530 616 2557 δι’
629 2531 769 2566 ἀκριϐείας
781 2531 810 2564 ἐξ
819 2531 925 2566 ἀριστε-

135 2571 194 2608 ρῶν
207 2571 237 2598 τδ
253 2572 340 2608 δι’τῆς
349 2574 462 2610 σελήνης
473 2574 532 2606 ἔτος
550 2575 795 2611 διαγεγραμμένον.
807 2577 925 2612 Εἴπομεν

134 2616 202 2651 γὰρ,
211 2617 249 2648 ὡς
259 2616 329 2643 τέλει
338 2618 360 2633 ⁷⁷
371 2618 417 2645 τοῦ
429 2618 575 2650 ἐνεστῶτος
583 2619 659 2651 ἔτους
671 2620 686 2655 ἡ
696 2619 875 2654 παρείσϐασις
886 2627 926 2646 τε-

133 2662 221 2688 λεῖται
237 2662 289 2688 τῶν
304 2663 388 2697 ἁγίων
410 2664 550 2699 νηστειῶν.
570 2665 710 2700 Εὑρίσκων
724 2662 770 2691 οὖν
786 2665 816 2691 τὸ
828 2664 893 2692 αὐτὸ
905 2665 926 2692 δ’

133 2706 182 2733 καὶ
198 2706 214 2732 ι’
224 2707 274 2741 τῆς
289 2708 402 2744 σελήνης
417 2709 486 2740 ἔτος,
501 2709 547 2736 τὸν
559 2708 759 2744 παρακείμενον
776 2709 926 2745 Ῥωμαϊκὸν

135 2753 210 2787 μῆνα
225 2754 366 2789 σκοπήσει,
379 2755 500 2782 τουτέστι
513 2755 559 2782 τὸν
572 2755 764 2791 Φεϐρουάριον,
777 2756 822 2782 καὶ
830 2756 923 2783 τούτου

133 2796 184 2832 τὴν
204 2798 336 2826 ποσταίαν
355 2799 500 2835 λαμϐάνων
520 2801 632 2836 πλησίον
648 2801 728 2828 αὑτοῦ
745 2802 921 2837 τεταγμένην,

170 2877 192 2892 "
209 2876 227 2903 Γ.
243 2878 271 2903 ἐν
287 2877 366 2906 τέλει.

1200 2333 1276 2360 annis
1288 2331 1482 2368 investigandas
1497 2332 1542 2359 sit.

1014 2388 1084 2416 XXI.
1105 2388 1157 2422 Qui
1172 2393 1328 2417 sanctorum
1339 2388 1505 2424 jejuniorum
1518 2389 1657 2417 introitum
1669 2391 1764 2425 explo-

979 2443 1041 2462 rare
1063 2434 1196 2468 voluerit,
1212 2439 1318 2470 quaerat
1337 2434 1476 2463 sinistram
1496 2436 1609 2463 canonis
1624 2435 1761 2466 tabellam.

980 2481 1008 2508 in
1024 2488 1110 2516 eaque
1129 2488 1162 2507 ex
1179 2481 1293 2509 adverso
1308 2481 1413 2508 lunaris
1421 2481 1485 2508 anni
1501 2489 1545 2515 xv,
1558 2481 1604 2517 qui
1621 2482 1648 2508 in
1667 2481 1762 2509 dextra

978 2532 1055 2562 parte
1075 2531 1200 2562 repertus
1217 2530 1268 2559 est,
1288 2531 1414 2554 accurate
1435 2526 1549 2562 vestiget
1568 2534 1670 2554 annuat
1692 2527 1763 2554 lunaa

979 2582 1034 2601 xw.
1046 2573 1106 2601 Jam
1117 2574 1190 2601 enim
1202 2574 1394 2602 admonuimus
1407 2574 1434 2600 in
1446 2573 1526 2601 tinem
1541 2574 1682 2609 praesentis
1696 2573 1762 2602 anni

980 2623 1139 2647 sanctorum
1153 2618 1319 2653 jejuniorum
1344 2618 1487 2647 introitum
1512 2619 1628 2652 cadere;
1652 2619 1762 2647 invento

979 2673 1051 2692 anno
1067 2672 1113 2692 xtv
1133 2664 1213 2695 luna},
1234 2664 1403 2699 adjacentem
1422 2663 1446 2692 ei
1470 2663 1622 2692 Romanum
1641 2671 1760 2693 mensem

982 2710 1119 2741 observet.
1136 2717 1233 2744 nempe
1248 2708 1447 2737 Februarium:
1467 2708 1545 2743 cujus
1560 2713 1673 2744 quotum
1689 2709 1760 2737 diem

980 2757 1126 2790 ascriptum
1151 2759 1235 2787 notet,
1256 2761 1292 2782 tv.
1316 2754 1356 2782 Ad
1377 2754 1451 2782 hunc
1474 2755 1613 2790 regulares
1639 2755 1720 2782 addat
1735 2763 1761 2782 iv

978 2801 1066 2829 serico
1088 2801 1215 2839 scriptos,
1230 2809 1291 2839 cum
1312 2800 1483 2838 insequentis
1504 2801 1569 2829 anni
1592 2800 1672 2837 primi
1695 2801 1761 2831 solis
