1907 3144
140 179 210 206 i125!

552 180 580 206 S.
601 179 723 207 MAXIM]
745 179 924 207 MARTYRIS
942 180 1131 209 COMPUTES
1150 182 1368 211 ECCLESIAST.

1689 186 1758 213 £9.42

137 247 186 264 την
205 238 253 264 ἐὰν
269 238 427 275 συμφθάσῃ,
446 239 572 274 Κυριακὴ
591 239 730 274 προδήλως
749 239 828 275 ἐντῷ
846 239 924 274 δεξιῷ

982 248 1033 268 :am
1050 241 1078 269 in
1094 242 1188 269 dextro
1199 251 1319 277 canone;
1336 244 1379 270 hic
1388 251 1425 270 vn
1441 243 1589 279 transgredi
1601 244 1658 272 dies
1675 252 1757 279 opor-

138 283 256 319 κανονίῳ
272 283 426 319 ψηφίζεται,
446 285 477 310 Ἡ
493 285 547 321 γὰρ
560 285 699 321 προσθήκη
714 286 761 321 τῆς
775 286 820 312 τοῦ
837 286 926 320 βισέξ-

139 339 188 356 του
205 329 321 365 ἡμέρας,
340 329 388 365 τὴν
402 331 450 365 τῆς
469 331 533 365 μιᾶς
551 330 681 356 ὑπόϐασιν
695 332 723 357 ἐν
742 331 780 366 τῷ
795 331 925 366 εὐωνύμῳ

139 377 222 402 ποιεῖ.
249 377 294 402 Δεῖ
316 374 362 402 οὖν
388 376 504 411 ὁπηνίκα
533 376 576 403 διὰ
599 376 629 402 τὸ
654 377 772 412 βίσεξτον
797 377 925 412 Σαϐϐάτῳ

140 422 293 448 πίπτουσαν
316 421 416 456 ἴδοιμεν
429 422 478 457 τήν
501 431 529 448 τε
545 421 592 448 τοῦ
613 423 786 455 Ίανουαρίου,
808 422 854 448 καὶ
875 423 925 448 Φε-

139 468 286 504 ϐρουαρίου
306 468 387 503 μηνὸς
409 468 549 499 ποσταίαν,
571 469 598 494 ἐν
621 468 693 503 αὐτῷ
711 468 750 503 τῷ
772 467 922 503 εὐωνύμῳ”

141 514 283 549 Κυριακῆς
294 513 323 539 δὲ
343 514 391 548 τὴν
412 513 458 540 τοῦ
479 514 601 549 Μαρτίου
615 514 661 541 καὶ
683 513 820 549 Ἀπριλλίου
841 514 924 549 μηνὸς

139 561 170 585 ἐν
186 559 223 594 τῷ
238 559 316 593 δεξιῷ
335 559 449 594 κανονίῳ
459 567 465 574 ·
488 560 516 586 ἐν
530 559 614 595 τούτῳ
630 560 679 595 μὲν
692 560 742 591 τὰς
756 559 777 591 ζ’
793 559 923 594 μεταϐαί-

138 615 197 632 νειν
210 606 328 641 ἡμέρας·
345 606 382 637 ὡς
394 606 447 632 ἀπὸ
457 606 584 641 δευτέρας
601 607 641 637 εἰς
655 605 795 640 Κυριακὴν
806 605 923 640 φερομέ-

980 290 1027 317 tet,
1053 287 1180 314 nimirum
1202 296 1217 314 a
1241 289 1359 316 secunda
1375 289 1440 316 feria
1458 290 1486 316 in
1501 288 1686 323 Dominicam;
1704 290 1758 317 illic

979 339 1036 364 vnt,
1057 340 1071 359 a
1096 332 1235 360 Dominica
1259 334 1286 360 in
1306 334 1418 361 alteram
1440 333 1616 361 Dominicam.
1637 334 1672 361 Ut
1699 339 1759 368 post

978 381 1040 405 octo
1064 378 1121 405 dies
1143 379 1271 406 introitus
1288 379 1385 406 festum
1401 383 1495 406 exacta
1512 379 1618 406 ratione
1639 379 1760 406 Domini-

977 430 1037 450 cam
1051 424 1175 458 attingat.
1192 424 1248 450 II‘oc
1265 424 1336 451 enim
1352 424 1431 451 modo
1445 425 1527 452 distat
1551 424 1655 451 sinistri
1677 431 1759 452 cano-

977 469 1020 496 nis
1030 469 1171 497 translatio
1184 470 1217 496 ab
1231 469 1275 496 illa
1286 470 1373 497 dextri
1392 480 1398 496 :
1415 471 1486 505 quod
1500 471 1575 505 prior
1589 469 1622 497 ad
1635 473 1757 496 octavum

976 521 1063 548 usque
1087 513 1156 541 diem
1179 520 1287 549 propter
1309 514 1461 542 bisextilem
1486 515 1559 542 diem
1579 514 1756 542 extenditur:

977 559 1062 587 dextri
1077 567 1140 587 vero
1156 561 1269 588 canonis
1289 569 1324 588 vn
1342 568 1395 588 non
1408 561 1523 592 excedit,
1539 560 1585 588 sed
1599 568 1632 588 eo
1646 567 1759 587 numero

976 604 1219 633 circumscribitur.
1245 606 1308 634 Hac
1330 607 1364 634 de
1389 607 1514 634 cautione
1535 606 1668 634 bisextilis
1684 605 1758 633 anni.

139 660 218 682 νους·
233 653 261 677 ἐν
285 651 381 686 ἐκείνῳ
394 652 422 677 δὲ
442 651 491 682 τὰς
511 655 536 686 η’
558 651 734 686 μεθίστασθαι
754 651 871 682 πάντως,
891 650 928 682 ὡς
946 651 999 677 ἀπὸ
1015 651 1155 687 Κυριακῆς
1165 653 1203 683 εἰς
1218 653 1357 688 Κυριακὴν
1371 653 1534 688 ἀγομένους·
1554 652 1596 679 ἵνα
1616 651 1685 687 μετὰ
1711 650 1760 682 τὰς

140 701 166 734 η’
180 697 345 733 διακριϐωθῇ
363 699 422 724 κατ’
436 699 542 734 ἐκείνην
555 698 603 734 τὴν
623 698 764 733 Κυριακὴν
785 697 929 732 ὁριζομένη
950 697 1089 733 δεόντωςὴ
1101 699 1148 733 τῆς
1161 700 1365 735 παρεισῧάσεως
1379 700 1469 735 ἑορτή.
1482 699 1560 726 Κατὰ
1588 698 1682 725 τοῦτον
1705 698 1760 733 γὰρ

139 745 188 771 τὸν
202 746 300 780 τρόπον
319 746 335 779 ἡ
352 746 379 771 ὲν
395 744 433 779 τῷ
450 744 580 779 εὐωνύμῳ
603 743 746 778 μετάθεσις
771 742 953 778 παραλλάττει
971 744 1037 777 πρὸς
1066 743 1114 778 τὴν
1144 745 1173 770 ἐν
1193 745 1231 779 τῷ
1255 745 1334 780 δεξιῷ
1353 745 1496 780 γινομένην
1518 744 1679 780 μετάστασιν
1696 752 1702 758 ·
1719 744 1759 770 ὅτι

140 792 190 818 καὶ
204 792 299 826 μέχρις
311 790 406 825 ὀγδόης
421 790 524 824 ἡμέρας
537 790 685 816 ἐκτείνεται
701 789 744 815 διὰ
757 789 784 815 τὲ
800 788 929 824 βίσεξτον.
955 789 1006 823 τῆς
1031 790 1059 816 ὲν
1083 789 1121 824 τῷ
1145 791 1223 825 δεξιῷ
1241 791 1373 826 μηδαμῶς
1386 791 1435 823 τὰς
1461 792 1483 823 ζ’
1499 790 1682 826 διερχομένης,
1703 790 1759 816 ἀλλ’

140 837 196 869 ἕως
220 837 308 863 αὐτῶν
326 837 373 863 καὶ
392 837 470 872 μόνον
488 835 657 871 ὁριζομένης.
683 835 774 862 Ταῦτα
793 836 839 862 καὶ
863 835 928 870 περὶ
940 836 989 870 τῆς
1005 835 1076 862 κατὰ
1089 837 1118 863 τὸ
1132 837 1253 871 βίσεξτον
1263 838 1423 873 ὀφειλούσης
1452 838 1576 872 γενέσθαι
1606 836 1761 873 παρατηρή-

142 893 224 915 σεως.

140 940 212 974 Περὶ
227 939 286 975 τῶν
300 937 434 975 ὲπακτῷις
453 937 506 975 τοᾷ
527 937 615 975 ἡλίου
628 947 634 952 ·
658 937 738 969 τίνες
759 934 844 975 αὗται
859 944 927 970 τυν-

1022 934 1058 961 De
1074 937 1172 969 cpactis
1186 936 1266 970 solis;
1279 945 1337 973 qua:
1352 940 1414 970 sint,
1430 944 1453 966 et
1469 940 1526 975 quis
1540 948 1630 967 earum
1645 949 1718 969 usus.

197 974 334 1009 χάνουσι,
352 973 399 1000 καί
417 972 465 999 διὰ
479 972 506 999 τι
520 972 638 1005 ταύταις
651 971 873 1006 προσχρώμεθα.

179 1022 242 1048 Kl".
266 1021 307 1052 Ὧς
327 1019 359 1046 ἂν
381 1019 409 1045 δὲ
425 1019 490 1053 μηδὲ
511 1019 525 1044 ὁ
542 1018 674 1054 περὶτῶν
694 1017 741 1044 τοῦ
760 1017 835 1053 ἡλίου
850 1016 927 1050 λόγος

141 1068 210 1103 ἡμῖν
227 1065 402 1098 ἀνεξέταστος
425 1064 578 1099 ἁπομεὶνοι,
592 1063 705 1098 λέγομεν
720 1063 841 1094 ἐπακτὰς
858 1060 927 1088 εἶναι

141 1114 198 1141 τῶν
214 1112 260 1139 τοῦ
277 1112 351 1147 ἡλίου
375 1110 442 1137 ἐτῶν
456 1110 505 1141 τὰς
521 1110 574 1136 ἀπὸ
594 1110 644 1144 τῆς
661 1109 839 1144 ἐϐδομαδικῆς
857 1108 926 1144 ὴμέ-

142 1168 206 1196 ρας,
221 1158 250 1190 ἐξ
263 1156 297 1194 ἦς
315 1157 344 1184 τὸ
362 1156 472 1192 ἡλιακὸν
493 1156 552 1187 ἔτος
568 1155 730 1190 ἀπάρχεται,
747 1155 817 1182 κατὰ
832 1155 928 1181 ἀναπο-

140 1205 239 1240 δισμὺν
260 1202 404 1233 λειπούσας
429 1203 457 1228 ὲν
482 1203 513 1237 τῇ
538 1201 605 1236 αὐτῇ
628 1200 754 1235 ἑϐδομάδι
777 1199 856 1235 μέχρι
878 1199 927 1234 τῆς

142 1251 267 1287 πρώτης,
282 1250 362 1284 ἤγουν
370 1249 417 1283 τῆς
431 1248 511 1282 ἁγίας
524 1247 678 1283 Κυριακῆς¹
694 1243 748 1272 οἷον
766 1246 830 1280 φέρε
842 1245 927 1271 εἰπεῖν

141 1298 182 1329 ὡς
198 1297 242 1323 ἐπὶ
256 1295 302 1322 τοῦ
323 1294 467 1325 ἐνεστῶτος
482 1297 523 1328 κη’
540 1292 624 1324 ἔτους.
651 1292 769 1327 Ἤρξατο
788 1290 843 1326 γὰρ
859 1290 928 1317 κατὰ

141 1343 195 1378 τὴν
206 1341 315 1377 πρώτην
326 1340 371 1366 τοῦ
387 1339 522 1374 Ἀπριλίου
538 1338 632 1374 μηνὸς,
643 1337 696 1364 ἀπὸ
709 1337 834 1371 ἑϐδόμης,
846 1337 928 1371 ιἤγουν

143 1387 285 1415 Σαϐὅάτου
306 1386 419 1421 ἡμέρας.
437 1385 493 1415 Τὰς
511 1383 556 1410 οὖν
577 1383 729 1414 διελθούσας
751 1383 855 1417 ἡμέρας
879 1381 928 1415 τῆς

143 1434 231 1469 αὐτῆς
244 1431 386 1467 ἑϐδομάδος
405 1431 456 1462 ἕως
470 1431 518 1464 τῆς
534 1430 674 1465 Κυριακῆς
696 1428 816 1458 ὲττακτὰς
830 1427 928 1461 κέκτη-

143 1488 208 1507 ται’
231 1479 351 1505 τουτέστι
366 1477 414 1512 τὴν
439 1475 626 1510 Παρασκευὴν,
642 1475 691 1509 τὴν
714 1477 744 1505 ε’,
761 1473 809 1509 τὴν
825 1473 860 1507 δ’,
881 1472 928 1507 τὴν

143 1529 182 1560 γ’,
193 1525 241 1560 τὴν
256 1525 287 1559 β’,
302 1524 348 1551 καὶ
362 1522 445 1557 αὐτὴν
459 1523 508 1556 τὴν
522 1521 602 1554 ἁγίαν
613 1520 769 1556 Κυριακήν·
786 1519 823 1551 ὡς
839 1517 929 1544 ἐντεῦ-

144 1573 193 1599 θεν
208 1571 237 1603 ἓξ
253 1571 383 1605 ὑπάρχειν
400 1568 448 1599 τὰς
468 1567 551 1593 αὐτοῦ
571 1565 618 1593 τοῦ
637 1570 678 1601 κη’
701 1566 775 1597 ἔτους
796 1564 926 1596 ἐπακτάς.

1011 1011 1104 1040 XXIII.
1123 1014 1212 1050 Atque
1227 1021 1256 1042 ut
1269 1024 1302 1043 ne
1317 1017 1382 1043 solis
1399 1017 1506 1051 quidem
1528 1022 1629 1052 epactaa
1647 1025 1661 1045 a
1682 1018 1761 1045 nobis

977 1057 1149 1092 inexplorata:
1157 1061 1352 1096 relinquantur.
1362 1067 1471 1096 epactas
1481 1070 1612 1089 annorum
1620 1063 1684 1090 solis
1696 1062 1761 1090 deli-

977 1104 1066 1131 nimus
1078 1105 1200 1133 residuas
1214 1106 1390 1135 hebdomadis
1401 1107 1482 1135 ferias
1493 1113 1553 1143 post
1563 1117 1632 1141 eam,
1646 1117 1705 1144 quae
1716 1116 1760 1136 sa-

977 1147 1058 1175 Iarem
1071 1157 1170 1177 annum
1182 1153 1351 1187 auspicatur;
1364 1161 1424 1187 quas
1435 1158 1506 1181 retro
1518 1155 1544 1181 in
1555 1155 1648 1182 eadem
1661 1154 1761 1187 hebdo-

978 1194 1055 1219 mada
1064 1194 1096 1221 ad
1107 1196 1229 1229 primam,
1240 1197 1297 1224 sive
1305 1197 1471 1225 Dominicam
1481 1207 1565 1234 usque
1574 1204 1759 1227 numerantur.

978 1237 1135 1272 Exemplum
1153 1249 1158 1265 :
1178 1240 1227 1267 Hic
1240 1249 1327 1268 annus
1343 1243 1443 1276 quiest
1459 1244 1524 1270 solis
1539 1251 1634 1277 xxvut,
1650 1244 1730 1279 cepit
1745 1251 1760 1270 a

979 1283 1091 1313 Kalend.
1118 1285 1204 1320 April.
1230 1287 1297 1314 feria
1327 1296 1380 1320 vn,
1407 1290 1463 1317 sive
1488 1289 1616 1317 Sabbato.
1646 1289 1762 1317 Proinde

978 1335 1087 1365 epactas
1111 1332 1192 1359 habet
1216 1335 1365 1368 praeteritos
1391 1342 1484 1362 omnes
1503 1336 1572 1366 dies.
1598 1336 1644 1370 qui
1667 1336 1759 1363 eadem

978 1375 1146 1404 hebdomade
1159 1378 1191 1404 ad
1205 1378 1371 1406 Dominicam
1385 1379 1530 1414 pertinent,
1545 1381 1597 1408 hoc
1612 1385 1652 1407 est
1667 1381 1760 1408 feriam

978 1428 1006 1452 v,
1028 1429 1065 1453 Iv,
1083 1430 1125 1453 ιιι,
1144 1430 1174 1455 ιι,
1188 1427 1215 1449 et
1234 1423 1413 1452 Dominicam.
1433 1425 1522 1459 Quare
1539 1434 1564 1452 vt
1583 1430 1684 1461 epactre
1699 1432 1762 1453 sunt

979 1468 1043 1493 anni
1064 1476 1157 1495 xxvm.
1179 1469 1246 1496 Cum
1267 1478 1332 1505 ergo
1349 1479 1464 1506 sequens
1482 1480 1579 1504 annus,
1597 1473 1642 1507 qui
1659 1473 1762 1507 primus

978 1514 1030 1540 erit
1053 1515 1129 1546 solis,
1149 1523 1164 1542 a
1192 1515 1258 1543 feria
1285 1517 1382 1551 prima.
1406 1518 1462 1546 sive
1476 1518 1615 1546 Dominica
1629 1519 1709 1549 ineat,
1723 1526 1761 1545 vn

980 1559 1059 1586 habet
1073 1566 1192 1595 cpactas,
1209 1570 1268 1596 qum
1280 1563 1313 1589 ab
1329 1561 1447 1590 Sabbato
1460 1571 1546 1599 usque
1561 1564 1592 1591 ad
1609 1564 1762 1599 praeceden-

146 1617 230 1644 Ὅθεν
243 1599 335 1650 ἐπειδῆ
348 1615 378 1640 τὸ
396 1614 506 1640 εἰσιέναι
526 1612 630 1648 μέλλον,
648 1612 718 1646 φημὶ
730 1611 756 1637 δὲ
770 1611 800 1637 τὸ
811 1610 926 1645 πρῶτον⁷

982 1609 1034 1632 tam
1055 1606 1222 1634 Dominicam
1241 1613 1429 1636 numerantur.
1448 1610 1485 1636 Ita
1506 1610 1641 1638 secundus
1663 1618 1760 1645 annus,

145 1664 202 1692 ἀπὺ
224 1662 333 1698 πρώτης
348 1660 471 1699 ἄρχεται,
487 1659 623 1685 τουτέστιν
644 1658 723 1692 ἁγίας
739 1656 889 1691 Κυριακῆς,
908 1654 930 1686 ζ’

145 1709 264 1745 ἡμέρας,
279 1708 360 1743 ἤγουν
373 1706 421 1737 τὰς
437 1705 490 1732 ἀπὸ
500 1704 638 1731 Σαϐϐἁτου
657 1704 735 1739 μέχρι
751 1704 799 1738 τῆς
813 1700 931 1728 διελθού-

146 1764 199 1790 σης
210 1755 289 1788 ἁγίας
300 1752 440 1787 Κυριακῆς
451 1750 652 1786 ἀριθμουμένας
662 1749 780 1780 ἐπακτὰς
791 1748 930 1783 κέκτηται.

153 1801 271 1835 Ὁμοίως
299 1799 326 1825 δὲ
351 1798 398 1824 καὶ
422 1797 452 1823 τὸ
468 1796 592 1831 δεύτερον
614 1795 682 1825 ἔτος,
704 1795 798 1829 ὅτιπερ
821 1794 853 1819 ὲκ
882 1792 932 1827 τῆς

147 1847 221 1874 κατὰ
236 1846 284 1882 τὴν
298 1843 432 1878 ἑϐδομάδα
448 1843 575 1877 δευτέρας
592 1841 697 1876 ἡμέρας
710 1841 830 1876 ἄρχεται,
850 1839 932 1874 μόνήν

146 1894 199 1930 τὴν
213 1893 286 1928 μίαν,
299 1891 419 1918 τουτέστι
435 1890 483 1924 τὴν
498 1888 576 1923 ἁγίαν
592 1886 742 1923 Κυριακὴν,
760 1884 880 1920 ὲπακτὴν
892 1884 933 1910 κέ-

147 1947 264 1975 κτηται·
287 1938 323 1969 ὡς
345 1938 394 1964 οὐκ
416 1936 498 1970 ἄλλην
521 1934 624 1970 ἡμέραν
643 1933 659 1968 ἢ
680 1932 761 1968 μόνην
781 1931 864 1966 αὐτὴν
884 1931 932 1966 τὴν

148 1985 291 2021 Κυριακὴν
305 1983 375 2010 κατὰ
390 1983 439 2017 τὴν
453 1981 536 2016 αὐτὴν
557 1979 688 2014 ἑϐδομάδα
704 1977 932 2014 προηγησαμένην

148 2033 221 2067 ἕχον.
237 2030 343 2061 Ταύτας
355 2029 383 2055 δὲ
401 2028 450 2059 τὰς
467 2027 573 2062 ἡμέρας
587 2024 733 2060 τηροῦμεν,
749 2024 781 2050 ἵν’
795 2022 933 2058 ὲῦδομαδι-

149 2077 218 2109 κῶς,
241 2076 378 2103 τουτέστιν
392 2074 446 2101 ἀπὸ
465 2073 550 2108 ἀρχῆς
570 2070 726 2106 ἑῆδομάδος,
750 2070 803 2095 πᾶν
824 2068 933 2104 ἡλιακὸν

149 2124 210 2155 ἔτος
231 2122 422 2155 κανονίσωμεν,
440 2120 479 2150 εἰς
490 2117 597 2152 εὕρεσιν
608 2117 657 2150 τῆς
672 2115 850 2150 ἐδδομαδικῆς
865 2113 933 2149 ἡμέ-

151 2177 203 2205 ρας
212 2177 219 2183 ·
232 2167 348 2201 ὁπηνίκα
359 2165 458 2199 ταύτην
471 2164 516 2190 καὶ
529 2164 567 2194 εἰς
580 2161 694 2188 ἑκάστου
710 2161 792 2196 μηνὸς
805 2159 933 2186 ποσταίαν

151 2204 326 2250 βουληθῶμεν
349 2211 452 2246 μαθεῖν.
480 2210 510 2235 Εἰ
529 2208 565 2242 μὴ
587 2206 641 2242 γὰρ
663 2205 748 2236 οὕτως
769 2205 856 2234 τοῦτο,
879 2204 933 2230 ἀπὸ

149 2262 201 2297 τῆς
214 2259 284 2286 κατὰ
300 2258 346 2294 τὴν
364 2256 496 2292 ἑϐδομάδα
508 2254 618 2290 πρώτης
634 2253 748 2288 ἡμέρας,
761 2252 843 2287 ἤγουν
855 2250 933 2284 ἁγίας
949 2264 971 2292 ι)

151 2307 303 2343 Κυριακῆς,
328 2305 381 2332 πᾶν
402 2303 511 2339 ἡλιακὸν
529 2302 587 2332 ἔτος
611 2299 770 2333 κανονισθῇ,
796 2298 934 2343 ἀμήχανον

221 2351 399 2387 ὲεδομαδικὴν
418 2349 523 2384 ἡμέραν
546 2348 574 2373 ἐν
599 2346 750 2390 οἰῳδήποτε
762 2341 936 2390 καταλαμϐάο

150 2387 209 2427 νέες,
234 2398 297 2434 μηνὶ
315 2397 377 2427 τοὺς
396 2394 521 2430 ψηφίζειν
542 2392 690 2422 ἐθέλοντας.
717 2387 778 2416 Οἷον
803 2389 828 2414 τί
847 2387 933 2421 λέγω;

152 2446 184 2473 τὸ
202 2444 297 2480 παρὸν,
312 2443 348 2474 ὡς
364 2441 441 2475 ἔφην,
452 2442 494 2475 κη’
511 2438 578 2470 ἔτος,
599 2436 728 2471 Σαϐϐάτῳ
740 2433 878 2480 λαϐὸνγτὴν
891 2433 936 2467 ἀρ-

158 2491 219 2527 χὴν,
237 2479 260 2515 εἰ
287 2488 322 2524 μὴ
348 2487 396 2518 τὰς
417 2486 469 2522 πρὸ
491 2484 537 2511 τοῦ
563 2482 700 2509 Σαϐϐάτου
725 2480 754 2513 ἒξ
778 2479 934 2527 mas-9131'?

157 2522 253 2571 στρώτῃ
270 2522 321 2559 τοῦδ
333 2531 468 2566 Ἀπριλίου
481 2529 562 2564 μηνὸς
575 2526 748 2561 ἐπεϐάλομεν,
763 2525 812 2571 ουκ
824 2523 856 2571 ἂν
868 2522 936 2571 Σάδ-

154 2569 236 2609 δατον
263 2577 343 2606 οὖσαν
365 2576 448 2611 αὐτὴν
475 2574 666 2609 ὲγινώσκομεν.
691 2570 796 2604 Ἐπειδὴ
819 2569 872 2604 γὰρ
897 2569 935 2600 εἰς

154 2625 332 2662 Παρασκευὴν
352 2625 400 2659 τὴν
415 2621 558 2656 κατάληξιν
573 2619 634 2654 ξσχε
650 2618 679 2643 τὸ
693 2616 793 2643 διελῡὸν
814 2615 854 2647 κζ’
867 2615 934 2645 ἔτος,

154 2675 182 2700 αἱ
198 2659 332 2706 ίσάριθμοι
351 2669 400 2703 τῆς
424 2665 603 2702 Παρασκευῆς
624 2663 723 2698 ἡμέραι
746 2660 868 2688 λεκτικαὶ
888 2659 935 2695 μὲν

154 2717 258 2745 ἑκείνου
277 2715 465 2750 τυγχάνουσιν,
484 2713 522 2743 εἰς
545 2711 628 2745 αὐτὴν
644 2709 852 2745 περαιωθέντος,
875 2707 932 2733 τούν

152 2774 202 2792 του
226 2763 254 2789 δὲ
282 2761 408 2790 ἐπακταὶ,
434 2759 476 2785 διὰ
500 2758 530 2784 τὺ
548 2757 696 2791 ἐπάγεσθαι
719 2757 751 2790 τῇ
770 2753 864 2789 πρώτῃ
889 2753 935 2779 τοῦ

160 2809 298 2844 ’Δπριλίου
317 2807 363 2833 καὶ
381 2806 464 2840 ταύτῃ
484 2804 669 2838 διασημαίνειν
690 2802 739 2837 τὴν
760 2799 936 2835 ἐϐδομαδικὴν

153 2855 273 2891 ἡμέραν,
294 2853 340 2887 ἀφ’
357 2849 390 2887 ἧς
413 2851 442 2876 τὸ
456 2848 519 2876 αὐτὸ
538 2852 580 2883 κη’
603 2847 660 2878 ἔτος
677 2846 824 2882 ἀπήρξατο.
844 2844 936 2875 Οὕτως

154 2902 208 2941 γὰρ
224 2902 240 2935 ἦ
254 2908 282 2926 τε
294 2898 362 2925 κατὰ
374 2898 420 2933 τὴν
436 2895 610 2931 aermna»:th
629 2893 759 2929 ἁρμονίαν
776 2891 935 2926 φυλάττεται

983 1652 1110 1687 quoniam
1127 1660 1141 1679 a
1158 1653 1224 1680 feria
1241 1655 1358 1681 secunda
1372 1655 1566 1682 hebdomadica
1583 1656 1688 1691 incipit,
1702 1664 1763 1692 epa-

982 1703 1041 1726 ctas
1061 1699 1142 1726 habet
1164 1708 1184 1730 t,
1209 1700 1260 1727 hoc
1284 1705 1325 1727 est
1346 1707 1466 1728 sanctam
1493 1701 1674 1736 Dominicam,
1700 1711 1760 1730 cum

982 1746 1083 1772 nullam
1098 1746 1220 1778 alteram,
1239 1751 1336 1780 praeter
1350 1747 1529 1780 Dominicam,
1555 1748 1581 1774 in
1605 1748 1697 1775 eadem
1713 1748 1761 1776 hev

983 1791 1117 1818 hdomada
1130 1791 1330 1818 antecedentem
1346 1792 1451 1820 habeat.
1470 1793 1600 1820 Caeterum
1617 1793 1665 1820 has
1689 1794 1763 1828 ipsas

983 1837 1041 1864 dies
1064 1838 1222 1869 retinemus,
1249 1841 1278 1864 ut
1303 1837 1506 1870 hebdomadice,
1527 1839 1553 1865 id
1571 1843 1613 1866 est
1630 1839 1663 1866 ab
1685 1839 1762 1866 initio

983 1882 1159 1911 hebdomadis
1183 1891 1283 1910 annum
1312 1890 1417 1910 omnem
1447 1884 1512 1911 solis
1538 1884 1705 1915 ordinemus,
1729 1884 1762 1911 ad

983 1927 1196 1962 investigandum
1220 1927 1324 1959 feriam,
1345 1927 1560 1962 quandocunque
1576 1935 1635 1954 eam
1654 1927 1681 1954 in
1697 1935 1763 1962 qua-

984 1973 1048 2000 libet
1067 1974 1109 2000 die
1131 1974 1232 2000 mensis
1255 1973 1375 2000 obtinere
1395 1973 1528 2001 volumus.
1549 1972 1615 1999 Nam
1638 1973 1690 2000 nisi
1713 1973 1763 2000 hoc

983 2019 1078 2050 modo:
1100 2027 1115 2045 a
1142 2020 1228 2055 prima
1258 2020 1300 2047 die
1326 2019 1513 2051 hebdomadis,
1537 2027 1583 2046 seu
1612 2019 1762 2051 Dominica,

984 2071 1070 2090 annus
1085 2064 1198 2098 quilibet
1214 2065 1279 2092 solis
1300 2064 1419 2098 regulam
1434 2065 1535 2099 capiat,
1555 2072 1606 2090 non
1624 2068 1712 2098 potest
1729 2063 1763 2090 ab

984 2110 1026 2141 iis,
1049 2109 1095 2143 qui
1117 2110 1237 2137 calculos
1257 2110 1407 2137 subducere
1423 2110 1567 2141 voluerint,
1588 2109 1763 2137 hebdomadis

983 2153 1040 2180 dies
1057 2154 1084 2180 in
1101 2154 1155 2180 ullo
1170 2162 1262 2181 mense
1275 2155 1449 2189 deprehendi.
1471 2153 1522 2186 Sit,
1539 2155 1652 2189 exempli
1670 2161 1762 2186 causa,

983 2208 1102 2234 praesens
1114 2208 1201 2227 annus
1209 2201 1284 2232 solis,
1299 2204 1326 2227 ut
1334 2205 1395 2227 ante
1403 2200 1482 2235 1'79
1493 2201 1593 2227 dictum
1608 2204 1658 2232 est,
1669 2207 1763 2232 xxvm,

984 2246 1031 2280 qui
1051 2253 1066 2271 a
1093 2245 1211 2272 Sabbato
1227 2250 1332 2280 emptus
1349 2249 1400 2272 est.
1422 2246 1502 2280 Igitur
1517 2246 1568 2273 nisi
1584 2245 1617 2272 ad
1632 2245 1764 2273 Kalendas

985 2291 1090 2326 Apriles
1109 2299 1156 2318 sex
1173 2295 1235 2318 ante
1254 2291 1402 2317 Sabbatum
1417 2291 1474 2318 dies
1489 2290 1695 2322 addidissemus,
1717 2298 1763 2318 ne-

965 2344 1120 2371 .quaquam
1148 2337 1208 2364 illas
1233 2337 1259 2363 in
1287 2335 1434 2362 Sabbatulu
1458 2335 1587 2363 incidisse
1610 2344 1763 2363 nossemus.

985 2382 1052 2409 Cum
1076 2382 1147 2409 enim
1164 2382 1319 2416 praecedens
1334 2389 1431 2412 annus,
1451 2381 1497 2416 qui
1515 2385 1573 2408 crat
1593 2382 1658 2409 solis
1678 2390 1763 2413 xxv“.

987 2429 1012 2454 in
1027 2427 1195 2454 Parascevcn
1211 2427 1332 2458 desierit.
1347 2427 1409 2453 huic
1430 2428 1539 2462 aequalis
1553 2427 1656 2454 dierum
1670 2436 1764 2455 nume-

987 2483 1044 2505 rus.
1068 2475 1113 2509 qui
1138 2482 1237 2501 annum
1257 2475 1331 2501 illum
1347 2474 1510 2505 terminavit,
1525 2474 1602 2508 cujus
1618 2474 1765 2502 Parasceve

985 2521 1106 2547 clausula
1121 2520 1182 2550 iuit,
1195 2520 1335 2554 praesentis
1351 2519 1414 2546 anni
1434 2525 1496 2546 sunt
1507 2523 1617 2553 epactze,
1632 2520 1709 2554 quasi
1723 2519 1765 2545 ad-

986 2568 1089 2594 dititias
1105 2566 1180 2593 dicas
1191 2587 1197 2597 ,
1216 2566 1289 2600 quod
1307 2565 1433 2592 KaIendis
1448 2565 1547 2600 Aprilis
1561 2565 1704 2595 addantur.
1720 2573 1766 2591 eo—

986 2621 1038 2648 que
1050 2612 1129 2639 modo
1144 2612 1236 2639 feriant
1253 2612 1381 2643 indicent.
1396 2619 1410 2638 a
1424 2618 1476 2645 qua
1491 2619 1578 2637 annus
1595 2610 1663 2636 idem
1680 2618 1764 2637 xxvul

986 2666 1099 2686 exorsus
1115 2661 1167 2685 est.
1183 2657 1220 2684 ita
1235 2657 1334 2692 quippe
1354 2657 1379 2683 in
1402 2655 1595 2684 hebdomadica
1613 2655 1682 2682 serie
1703 2663 1764 2689 per—

986 2705 1104 2740 petuitas
1119 2703 1241 2739 quzedam
1263 2703 1445 2730 successionis
1461 2705 1575 2733 tenetur,
1597 2704 1623 2727 et
1641 2701 1703 2726 anni
1720 2708 1764 2727 so-

987 2752 1056 2779 lares
1075 2751 1114 2787 ab.
1127 2750 1301 2777 hebdomadis
1317 2750 1404 2782 initio,
1420 2750 1470 2776 hoc
1483 2751 1525 2776 est
1538 2747 1686 2775 Domiuiea.
1704 2749 1762 2772 tan-

987 2804 1067 2831 quam
1087 2796 1180 2830 regula
1197 2795 1344 2830 pendentes
1360 2802 1456 2822 cursus
1475 2801 1539 2822 suos
1554 2793 1691 2821 insistunt.
1708 2791 1761 2819 Un-

987 2843 1020 2870 de
1040 2842 1226 2876 cujuscunque
1248 2842 1347 2869 mensis
1361 2841 1419 2869 dies
1434 2840 1591 2876 congruenti
1608 2838 1679 2867 feriae
1695 2839 1762 2866 citra

988 2888 1084 2915 calculi
1099 2896 1218 2916 errorem
1236 2892 1324 2923 potest
1340 2887 1459 2915 attribui.
