1931 3135
191 168 259 196 1245

686 167 736 195 ΑΙ)
750 166 884 196 EUSEBII
903 166 1102 198 CHRONICO‘N
1117 166 1301 196 APPENDIX.

1749 164 1817 196 I2“

191 230 297 260 πάντως
318 228 452 262 συνέχεια,
474 227 549 262 καὶὴ
569 226 623 253 τῶν
638 227 758 263 ἡλιακῶν
779 227 847 254 ἐτῶν
868 227 906 258 ὡς
924 226 979 254 ἀπὸ
1005 227 1092 264 ἀρχῆς
1123 227 1278 261 ἑϐδομάδος,
1295 226 1379 261 ἦγουν
1402 226 1512 260 πρώτης
1535 225 1652 261 ἡμέρας,
1679 224 1818 255 κανονεζι-

191 284 234 302 ται
258 276 375 311 κίνησις.
397 274 441 306 Ἐξ
474 272 560 310 οὗπερ
583 274 642 300 οὐδὲ
668 275 717 309 μία
734 276 790 306 τοῖς
818 274 947 310 ψηφίζειν
976 274 1097 301 ἐθέλουσι
1122 274 1226 309 γίνεται
1254 272 1340 307 πλάνη
1371 272 1438 307 πρὸς
1452 271 1499 306 τὴν
1521 273 1550 299 ὲν
1573 272 1724 306 οίῳδῄποτε
1750 274 1817 308 μηνὶ

190 321 319 353 ποσταίαν
332 320 380 354 τῆς
398 319 576 354 ὲὸδομαδικῆς
596 319 701 354 ἡμέρας
723 319 884 354 κατάληψιν.

190 381 250 414 Qua
272 380 374 406 ratione
385 378 452 413 feria
471 386 623 413 quocunque
643 379 686 406 die
705 380 803 406 mensis
819 378 972 413 investigari

1030 376 1090 410 Πῶς
1107 375 1164 409 τὴν
1180 373 1378 414 ἑϐδομαδικῂν
1395 373 1508 414 ἡμέραν
1521 374 1710 414 εις-,ἑκάστου
1717 377 1817 411 μηνὸς

532 419 628 448 potest.

223 469 318 498 XXIV.
331 469 429 497 Eadem
438 470 536 504 quippe
545 469 690 497 methodus
700 473 741 497 est
750 468 918 504 inquirenda
928 477 976 496 cn-

192 523 340 552 auscunque
349 516 402 543 diei
415 515 517 543 mensis
526 515 610 547 feriae,
620 523 702 550 quam
711 516 744 543 ad
755 515 889 544 Kalendas
897 515 977 551 Apri-

191 571 227 591 ;es
253 562 440 590 adhibuimus.
462 561 596 588 Nimirum
623 567 653 589 ut
679 562 797 590 labentis
823 563 887 589 anni
910 562 976 590 solis

191 612 297 643 :pactas
308 607 469 642 adjiciamus
480 607 513 634 ad
528 606 634 634 dierum
655 616 810 640 numerum,
829 608 875 643 qui
891 615 906 634 a
921 608 976 635 Ka-

190 654 277 681 lendis
297 653 400 688 Aprilis
434 652 469 680 ad
489 660 563 685 eum,
591 654 637 688 qui
664 653 805 688 quaeritur,
829 654 978 688 cujuslibet

191 701 292 727 mensis
305 699 377 727 diem
395 699 533 727 ﬂuxerunt
552 709 558 726 ε
575 705 631 727 tum
649 700 790 727 collectam
804 708 837 727 ex
850 700 978 727 omnibus

193 753 324 773 summam
344 754 392 781 per
404 754 441 773 vu
463 746 625 781 partiamur.
649 745 727 779 Quod
749 746 822 774 enim
843 747 991 784 reliquum.

192 796 232 820 est
249 791 345 819 feriam
365 791 589 819 hebdomadicam
603 791 725 826 ejusdem
747 792 854 820 numeri
873 792 979 828 praabe—

193 836 240 863 bit.
261 836 354 863 Potest
370 839 397 864 et
425 835 479 863 alio
504 835 585 863 modo
609 836 733 871 reperiri.
761 836 876 871 Epactas
903 837 978 864 solas

193 888 253 908 cum
273 880 370 909 diebus
393 880 529 908 mensium
550 888 633 916 supra
650 889 735 908 xxvm
752 881 811 909 dies
830 890 977 910 excurren-

192 927 274 960 tibus,
295 927 328 955 ad
344 931 522 962 quotcunque
546 935 657 955 menses
673 935 825 963 propagare
839 928 976 955 calculum

192 974 297 1005 libebit,
313 974 488 1009 componito,
515 973 588 1000 velut
608 974 726 1009 sumptis
751 981 785 1001 ex
812 973 898 1009 Aprili
915 983 946 1005 ιι,
961 982 977 1002 e

193 1019 263 1047 Maio
275 1028 315 1052 ιιι,
339 1023 366 1046 et
379 1019 419 1047 sic
432 1018 561 1054 deinceps
576 1019 609 1046 ad
626 1019 797 1054 propositum
806 1027 893 1054 usque
901 1028 977 1048 men-

1235 410 1385 436 :raaralar
1400 409 1486 436 ἐστὶν
1499 409 1607 443 εὑρεῖν.

1063 467 1125 494 KA'.
1153 467 1199 502 Τῷ
1222 465 1296 501 αὐτῷ
1316 465 1371 502 γὰρ
1390 466 1482 502 τρόπῳ
1508 467 1556 494 καὶ
1573 468 1613 499 είς
1632 467 1681 503 τὴν
1699 468 1816 495 ἑκάστου

1027 513 1110 548 μηνὸς
1130 512 1261 540 ποσταίαν
1284 512 1432 548 κεχρῆσθαι
1450 513 1581 549 προσήκει
1602 513 1651 549 τὴν
1671 514 1816 550 ὲϐδομαδι-

1028 560 1078 595 κὴν
1100 559 1277 595 ἐρευνῶντας,
1304 555 1379 594 ᾧπερ
1402 559 1557 596 κεχρήμεθα
1577 561 1624 587 καὶ
1647 562 1686 592 εἰς
1702 561 1752 595 τὴν
1769 561 1816 587 τοῦ

1033 604 1170 640 Ἀπριλίου
1186 603 1307 639 πρώτην.
1323 601 1385 630 Οἷον
1400 605 1449 635 τὰς
1463 604 1583 636 ὲπακτὰς
1603 605 1760 632 ἐπιϐάλλειν
1771 605 1816 632 τοῦ

1027 649 1174 680 ἐνεστῶτος
1189 647 1300 685 ἡλιακοῦ
1316 648 1392 680 ἔτους
1403 649 1464 680 ταῖς
1480 649 1526 675 ἀπ’
1542 649 1627 684 αὐτῆς
1641 650 1690 686 τῆς
1705 650 1817 686 πρώτης

1027 695 1073 722 τοῦ
1094 695 1242 731 Ἀπριλίου,
1260 694 1340 729 μέχρι
1356 694 1405 730 τῆς
1419 695 1447 721 ὲν
1469 695 1615 730 οξῳδήποτε
1636 696 1703 731 μηνὶ
1720 695 1818 731 ζητου-

1030 740 1113 776 μένης
1126 742 1191 775 ἡμῖν
1207 740 1337 772 ποσταίας
1347 748 1354 754 ·
1368 740 1415 766 καὶ
1428 739 1478 772 τὰς
1489 740 1551 771 ὅλας
1568 741 1608 772 εἶς
1618 742 1664 767 τὸν
1681 741 1752 767 ἑπτὰ
1768 749 1816 776 με-

1029 786 1124 823 ρίζειν,
1144 787 1191 813 καὶ
1199 787 1231 813 ἐκ
1245 786 1299 813 τῶν
1312 786 1507 822 ἀπομενουσῶν
1523 786 1667 822 ἰσάριθμον
1677 785 1761 814 οὖσαν
1777 796 1818 821 τι·

1027 833 1168 868 νώσκομεν
1189 832 1236 868 τὴν
1249 833 1299 868 τῆς
1313 832 1459 867 ὲῦδομάδος
1481 833 1597 868 ἡμέραν.
1618 833 1653 859 Ἦ
1672 833 1755 859 πάλιν
1772 834 1818 859 καὶ

1027 879 1087 906 κατ’
1099 878 1176 906 ἄλλον
1189 878 1300 914 τρόπον,
1314 879 1397 910 αὐτάς
1412 887 1441 904 τε
1461 878 1508 909 τὰς
1525 878 1646 909 ἑπακτὰς
1660 879 1757 913 μόνας,
1772 879 1819 905 καὶ

1027 925 1077 956 τὰς
1110 925 1178 960 μετὰ
1204 925 1254 956 τὰς
1270 923 1312 960 κη’
1327 925 1381 951 τῶν
1406 924 1498 959 μηνῶν
1526 925 1666 960 περιττὰς,
1690 923 1749 951 οἷον
1770 925 1817 952 τοῧ

1033 969 1171 1004 Ἀπριλίου
1190 968 1240 1000 τὰς
1256 967 1312 1000 δύο,
1343 969 1389 995 καὶ
1408 969 1496 996 Μαΐου
1512 969 1561 1001 τὰς
1577 968 1611 1003 γ’,
1623 971 1670 996 καὶ
1683 970 1739 996 τῶν
1754 971 1819 996 καθ-

1027 1014 1090 1050 εξῆς
1106 1015 1215 1050 ὁμοίως,
1227 1014 1306 1050 ἄχρις
1325 1011 1354 1041 οὗ
1368 1015 1415 1041 ἐὰν
1431 1014 1551 1050 θέλωμεν
1571 1014 1699 1050 ψηφίζειν
1716 1016 1815 1050 μηνός·

193 1074 261 1098 sem,
275 1067 354 1099 cujus
368 1066 427 1093 dies
441 1073 538 1093 omnes
553 1066 584 1093 ad
606 1074 678 1094 eum.
693 1074 748 1101 quo
766 1066 799 1094 de
815 1067 974 1102 quan-imus.

1030 1059 1085 1086 εἶτα
1100 1059 1149 1095 τὴν
1165 1059 1333 1095 ζητουμένην
1346 1061 1411 1095 ἡμῖν
1427 1060 1455 1085 ὲν
1468 1059 1542 1095 αὐτῷ
1554 1061 1686 1087 ποσταίαν
1698 1060 1819 1092 ἐκείναις

192 1111 363 1146 adjicientes,
380 1119 514 1139 summam
529 1119 577 1147 per
593 1119 630 1138 vn
646 1111 810 1144 dividimus;
827 1113 898 1147 quod
914 1113 978 1140 reli—

191 1165 276 1193 quum
292 1161 351 1190 est,
378 1158 425 1185 dat
447 1157 541 1185 feriam
560 1157 714 1193 quaesitam.
740 1158 781 1186 οι)
800 1158 871 1186 hanc
896 1159 979 1194 igitur

191 1210 304 1231 causam
321 1203 384 1230 anni
400 1203 466 1230 solis
481 1207 592 1238 epactas
611 1203 712 1232 habere
726 1204 870 1237 dicuntur;
884 1210 910 1232 et
922 1213 979 1233 eas-

191 1250 252 1277 dem
270 1257 329 1282 nos,
351 1250 390 1276 uti
409 1254 622 1277 consentaneum
643 1254 695 1283 est,
712 1251 884 1279 adhibemus.

267 1345 382 1378 Quinam
395 1345 459 1373 solis
476 1347 540 1373 anni
551 1351 643 1381 epacta
655 1355 745 1374 carere
761 1346 897 1374 dicantur.

217 1400 299 1428 XXV.
307 1401 345 1428 Ex
352 1409 406 1437 quo
415 1402 478 1429 anni
486 1409 591 1435 omnes,
602 1402 671 1437 quia
683 1402 822 1430 Dominica
836 1403 979 1438 incipiunt,

191 1447 264 1474 velut
275 1447 390 1482 primus,
403 1447 547 1482 septimus,
564 1447 753 1480 duodecimus,
768 1448 890 1476 decimus
904 1453 979 1477 octa-

190 1501 241 1520 vus
254 1513 262 1524 .
285 1493 345 1520 sine
359 1493 463 1528 epactis
475 1501 535 1521 esse
545 1493 675 1521 dicuntur
685 1513 692 1525 ,
710 1494 782 1529 quod
799 1494 901 1521 nullam
910 1502 979 1530 prat-

191 1539 332 1566 cedentem
353 1538 423 1566 diem
447 1539 575 1566 habeant.
605 1538 672 1566 Nam
701 1539 776 1574 prior
801 1548 863 1568 esse
892 1540 978 1575 prima

192 1584 269 1611 mila
289 1587 389 1619 potest.
405 1584 511 1612 Etenim
532 1592 587 1612 non
608 1585 649 1612 sic
668 1590 779 1620 epactas
795 1586 921 1613 obtinere
934 1593 979 1613 so-

193 1629 227 1656 lis
247 1636 346 1662 annus,
363 1629 499 1664 quomodo
514 1630 596 1662 luna},
612 1630 723 1657 dicitur.
738 1630 845 1665 Quippe
862 1630 978 1658 uibililli

195 1675 270 1702 deest
294 1674 327 1701 ad
349 1676 496 1711 explendos
519 1683 620 1703 cccuv
640 1676 709 1706 dies.
727 1677 766 1703 nti
784 1676 848 1703 luna
861 1676 978 1704 undenis

1029 1106 1220 1142 ἐμϐάλλοντες,
1233 1107 1272 1138 είς
1288 1106 1332 1133 τὸν
1346 1105 1368 1138 ζ’
1384 1107 1464 1133 πάλιν
1477 1105 1622 1142 μεριζομεν
1632 1115 1639 1121 ·
1656 1107 1706 1133 καὶ
1719 1107 1752 1132 ἐκ
1764 1106 1820 1133 τῶν

1028 1153 1222 1188 ἀπομενουσῶν
1244 1153 1293 1190 τὴν
1320 1152 1498 1189 ἑϐδομαδικὴν
1519 1152 1628 1185 πάντως
1641 1153 1818 1189 εὑρίσκομεν.

1028 1199 1135 1234 Ταύτης
1144 1196 1190 1226 οὖν
1201 1199 1292 1226 ἕνεκεν
1301 1199 1352 1234 τῆς
1365 1199 1454 1231 αἰτίας
1468 1200 1588 1231 ὲπακτὰς
1602 1199 1675 1234 ἔχειν
1693 1199 1819 1233 λέγονται

1028 1244 1063 1270 τὰ
1080 1243 1127 1270 τοῦ
1141 1244 1218 1279 ἡλίου
1236 1243 1295 1279 ἐτη,
1313 1245 1360 1271 καὶ
1376 1244 1420 1270 διὰ
1433 1244 1535 1279 ταύτην
1550 1244 1645 1276 αὑταῖς
1667 1244 1824 1279 προσηκόν-

1029 1298 1082 1321 τως
1097 1289 1264 1325 κεχρήμεθα.

1029 1346 1103 1373 Ποῖα
1129 1345 1189 1374 τῶν
1214 1347 1268 1374 τοῦ
1285 1348 1374 1381 ἡλίου
1390 1346 1465 1374 ἐτῶν
1482 1347 1637 1375 ἀνέπακτα
1664 1347 1817 1383 τυγχάνει.

1064 1403 1127 1430 KE'.
1138 1403 1218 1431 Ὅθεν
1232 1404 1267 1431 τὰ
1283 1404 1336 1431 ἀπὺ
1344 1405 1485 1440 Κυριακῆς
1499 1405 1637 1441 ἀρχόμενα
1651 1405 1710 1441 ἔτη,
1723 1404 1780 1433 οἷον
1790 1407 1824 1433 τὰ

1030 1451 1146 1487 πρῶτον,
1166 1450 1197 1477 τὸ
1218 1450 1340 1486 ἓὸὁομον,
1353 1451 1384 1477 τὸ
1403 1451 1619 1484 δυοκαιδέκατον,
1634 1452 1664 1478 τὺ
1677 1451 1721 1487 ιη’,
1737 1452 1820 1479 ἀνέπ-

1029 1505 1099 1523 ακτα
1110 1496 1233 1532 λέγομεν,
1243 1496 1287 1523 διὰ
1297 1496 1327 1523 τὸ
1339 1497 1404 1532 μηδὲ
1416 1497 1478 1532 μίαν
1489 1497 1596 1533 ἡμέραν
1608 1498 1820 1534 προηγουμένην

1029 1543 1111 1578 ἔχειν.
1131 1543 1188 1569 Οὐκ
1212 1543 1269 1569 ἐπι
1285 1542 1338 1578 γὰρ
1359 1542 1411 1578 πρὸ
1424 1542 1473 1578 τῆς
1486 1542 1596 1578 πρώτης
1614 1543 1697 1578 ἄλλην
1713 1544 1817 1579 εὑρεῖν.

1035 1589 1110 1615 Ἐπεὶ
1131 1588 1252 1620 ὲπακτὰς
1263 1589 1294 1615 τὺ
1310 1588 1421 1624 ἡλιακὸν
1434 1588 1493 1620 ἔτος
1504 1589 1575 1615 κατὰ
1589 1589 1619 1615 τὸ
1634 1589 1682 1624 τῆς
1700 1589 1820 1624 σελήνης

1028 1633 1087 1666 ἔτος
1113 1634 1143 1660 οὐ
1167 1634 1308 1671 κέκτηται.
1327 1634 1394 1660 Οὐδὲ
1407 1633 1460 1670 γὰρ
1475 1634 1605 1669 ὖστεροῦν
1616 1634 1734 1670 ὑπάρχει
1750 1634 1820 1670 πρὸς

1029 1680 1078 1712 τὰς
1088 1679 1151 1713 τξέ,
1167 1680 1291 1715 καθάπερ
1309 1680 1398 1706 ἐκεῖνο
1410 1679 1458 1711 τὰς
1474 1678 1523 1706 ια”
1537 1679 1620 1711 δι”ἃς
1636 1680 1684 1707 καὶ
1697 1680 1747 1715 τὴν
1765 1680 1818 1707 τῶν

193 1720 301 1754 deﬁcit;
316 1721 430 1756 ideoque
440 1725 543 1756 septem
553 1721 763 1748 intercalaribus
779 1722 917 1749 mensibus
930 1729 976 1749 au-

1030 1725 1099 1752 ὲπτὰ
1112 1723 1265 1761 ὲμϐθλίμων
1284 1725 1389 1761 δέχεται
1404 1725 1562 1761 προσθήκην
1581 1726 1673 1761 μηνῶν
1686 1727 1701 1753 ὁ
1713 1727 1764 1762 τῆς
1775 1727 1819 1753 ἐν·

192 1772 270 1803 εθιιιι·
283 1767 536 1796 decemnovennalis
551 1769 661 1805 cyclus;
684 1769 731 1797 sed
746 1768 782 1796 ob
798 1769 824 1796 id
840 1777 934 1801 unum,
948 1772 977 1796 ut

192 1813 220 1840 in
241 1813 380 1841 mensibus
403 1813 547 1841 duodecim
572 1813 668 1841 feriam
692 1818 979 1849 assequamur;prout

193 1859 228 1887 ab
241 1858 353 1887 exordio
377 1859 508 1886 solarium
527 1867 662 1887 annorum
688 1859 878 1887 hebdomadici
902 1860 978 1887 orbis

193 1905 314 1933 revoluta
329 1905 415 1932 series
428 1912 442 1931 ιι
459 1905 609 1940 majoribus
620 1909 731 1941 accepta
741 1906 870 1940 postulat.
881 1904 979 1933 Hacte-

193 1958 245 1978 nus
260 1951 293 1978 de
309 1951 446 1978 solaribus
457 1950 570 1985 epactis.

193 2008 231 2035 De
249 2008 379 2035 addilitii:
400 2009 454 2036 sive
478 2009 642 2044 regularibus
665 2017 674 2036 :
693 2009 761 2037 unde
788 2009 912 2044 originem
931 2010 978 2037 Ita-

544 2045 631 2072 beanl.
728 2047 735 2050 ”

230 2099 322 2127 XXVI.
341 2099 489 2135 Regulares
503 2100 561 2128 dies
581 2101 665 2128 rubro
686 2100 777 2128 colore
798 2099 894 2139 notati,
910 2107 978 2135 quos

193 2146 375 2174 Romanorum
386 2146 518 2174 mensium
527 2146 616 2181 quotis
624 2146 719 2174 diebus
727 2154 788 2173 cum
796 2146 898 2180 epactis
907 2146 978 2173 sola-

193 2191 270 2218 ribus
284 2190 421 2218 addendos
432 2198 493 2218 esse
511 2189 682 2218 decrevimus
692 2210 700 2222 ,
713 2194 741 2217 ut
755 2198 868 2218 summa:
878 2198 925 2226 per
941 2199 976 2217 vn

194 2236 304 2272 partitio
319 2236 408 2269 lieret,
421 2237 491 2264 hanc
508 2237 609 2264 habent
623 2237 768 2264 rationem.
785 2236 853 2264 Cum
871 2237 977 2265 duobus

194 2282 282 2310 modis
304 2282 526 2310 hebdomadicam
545 2283 652 2314 feriam,
668 2287 696 2310 ut
715 2283 816 2310 dictum
830 2287 882 2315 est,
902 2290 976 2310 com-

193 2333 336 2365 putemus;
354 2329 442 2364 primo
456 2330 580 2357 collectis
595 2329 692 2358 diebus
708 2329 836 2357 omnibus
851 2337 866 2356 a
878 2329 976 2357 Kalen-

194 2375 237 2402 dis
260 2374 360 2409 Aprilis
384 2381 469 2408 usque
493 2374 527 2402 ad
548 2375 715 2410 propositam
731 2375 822 2407 diem;
842 2374 975 2407 secundo,

194 2420 261 2448 solis
281 2426 363 2455 supra
379 2427 465 2447 xxvm
483 2419 628 2455 superﬂuis
647 2420 760 2448 retentis
777 2429 783 2447 :
799 2420 833 2447 de
849 2420 892 2447 his
907 2419 975 2455 ipsis

194 2466 349 2501 superlluis,
363 2473 424 2500 qua:
438 2465 471 2492 ad
489 2465 656 2500 Septembris
670 2465 761 2496 ﬁnem,
776 2474 824 2493 xu:
836 2466 973 2498 contiunt;

195 2513 227 2540 ad
252 2511 397 2539 Octobrem
412 2518 476 2538 vero
488 2519 533 2540 xv.
546 2515 660 2545 septem,
681 2511 770 2547 quoad
791 2512 863 2544 licet,
884 2512 974 2539 detra-

194 2558 284 2585 himus
301 2565 307 2583 2
326 2557 436 2584 liuntex
454 2564 501 2583 xm
519 2555 628 2591 quidem
647 2557 761 2591 reliquis
777 2565 823 2584 sex
837 2577 843 2588 .
859 2565 927 2592 quas
941 2557 973 2584 ad

196 2603 379 2639 Septembrem
405 2601 557 2629 rubricatas
580 2602 774 2636 apposuimus:
792 2603 825 2630 de
851 2611 885 2629 xv
910 2611 974 2630 vero

194 2650 319 2677 deductis
346 2649 523 2677 hebdomadis
541 2648 658 2678 duabus,
675 2649 725 2675 hoc
740 2652 782 2675 est
806 2648 902 2676 diebus
915 2657 971 2681 xw,

194 2695 331 2723 residuam
349 2703 430 2722 unam
453 2694 535 2722 rubro
552 2694 642 2721 colore
658 2694 691 2721 ad
709 2693 851 2721 Octobrem
876 2695 972 2729 appin-

195 2742 293 2769 ximus.
309 2741 374 2768 Nam
392 2742 449 2768 sive
460 2748 508 2768 xm
522 2740 591 2771 dies,
606 2744 652 2767 aut
670 2748 705 2767 xv
725 2740 899 2771 retineamus,
917 2740 973 2767 sive

195 2794 241 2814 se:
254 2787 337 2817 solas.
354 2789 394 2813 vel
411 2793 492 2813 unam
508 2786 541 2813 ad
556 2785 664 2813 eosdem
681 2785 749 2813 duos
767 2792 872 2813 menses
888 2786 973 2821 appli-

154 2870 181 2886 ι-’τα
230 2865 251 2881 ⁷³
267 2865 327 2892 Leo.
344 2863 391 2895 τὰς
408 2867 443 2896 ς’.

1029 1771 1313 1807 νεακαιδεκαετηρίδος
1321 1771 1428 1802 κύκλος’
1444 1770 1512 1798 ἀλλὰ
1521 1772 1600 1806 μόνον
1613 1772 1659 1798 τοῦ
1676 1772 1725 1807 τὴν
1741 1773 1818 1799 E660-

1030 1816 1144 1853 μαδικὴν
1156 1817 1184 1843 ὲν
1193 1818 1249 1848 τοῖς
1256 1816 1417 1844 δυοκαίδεκα
1429 1817 1510 1851 μησὶν
1522 1816 1628 1852 ἡμέραν
1639 1817 1817 1852 ψηφίζεσθαι,

1029 1862 1099 1890 κατὰ
1115 1863 1164 1899 τὴν
1172 1864 1200 1889 ὲν
1219 1863 1289 1898 ἀρχῇ
1300 1862 1353 1889 τῶν
1363 1862 1482 1898 ἡλιακῶν
1496 1859 1622 1898 ὲτῶντῆς
1637 1864 1819 1899 ἐϐδομαδικῆς

1029 1908 1161 1943 ἁρμονίας
1177 1907 1317 1943 συνέχειάν
1339 1916 1367 1934 τε
1388 1908 1436 1934 καὶ
1448 1909 1647 1944 παρατήρησιν.
1660 1909 1754 1936 Ταῦτα
1771 1911 1818 1937 καὶ

1029 1953 1093 1989 περὶ
1109 1953 1163 1980 τῶν
1175 1952 1302 1980 ὲπακτῶν
1317 1953 1363 1980 τοῦ
1379 1953 1465 1989 ἡλίου.

1028 2012 1097 2046 Περὶ
1122 2011 1181 2039 τῶν
1203 2010 1390 2046 προσθετῶν·
1406 2012 1485 2044 τινες
1496 2020 1537 2045 τε,
1555 2011 1605 2038 καὶ
1623 2012 1717 2040 πόθεν
1729 2013 1822 2039 αὐταὶ

1316 2046 1531 2081 τυγχάνουσιν.

1064 2100 1136 2135 Kq'.
1151 2102 1183 2127 Al.
1200 2102 1227 2127 δὲ
1242 2101 1508 2137 προσθεταὶήμέραι,
1522 2102 1621 2134 αἵτινες
1634 2103 1688 2129 ἀπὸ
1702 2104 1819 2138 σηρικνί

1028 2147 1219 2183 γεγραμμέναι
1245 2148 1323 2180 εἰσὶν,
1345 2146 1377 2178 ἃς
1403 2148 1450 2174 καὶ
1477 2148 1670 2183 συνεμϐάλλειν
1686 2151 1747 2181 ταῖς
1765 2150 1816 2176 ἐπ-

1028 2194 1122 2225 ακταῖς
1138 2193 1183 2220 τοῦ
1198 2193 1310 2229 ἡλιακοῦ
1325 2192 1400 2225 ἔτους
1415 2193 1563 2228 εἰρήκαμεν
1576 2195 1609 2229 τῇ
1624 2194 1740 2230 ποσταία
1760 2195 1817 2221 τῶν

1034 2239 1194 2274 Ῥωμαϊκῶν
1218 2239 1320 2274 μηνῶν,
1333 2239 1380 2265 καὶ
1398 2238 1484 2271 οὕτως
1508 2239 1640 2266 ποιεῖσθαι
1654 2240 1700 2266 τὸν
1713 2241 1753 2272 εἰς
1769 2240 1817 2268 τὸν

1027 2285 1049 2318 ζ*
1072 2286 1216 2322 μερισμὸν,
1234 2284 1329 2312 τοῦτον
1355 2285 1446 2320 ἔχουσι
1468 2285 1514 2312 τὸν
1535 2285 1622 2320 λόγον.
1638 2286 1824 2321 Διττῶς·τῆς-

1028 2331 1206 2367 ἑδδομαδικῆς
1221 2331 1336 2366 ἡμέρας,
1349 2330 1387 2362 ὼς
1396 2331 1513 2366 ἐδείχθη,
1529 2331 1731 2367 ψηφιζομένης
1744 2333 1823 2359 uti.

1027 2387 1056 2406 τε
1073 2377 1123 2413 τὴν
1133 2378 1187 2404 τῶν
1199 2377 1269 2404 ὅλων
1279 2376 1401 2412 ἄθροισιν
1413 2377 1523 2412 ἡμερῶν
1531 2385 1538 2392 ·
1549 2373 1604 2404 οἷον
1614 2377 1668 2404 ἀπὸ
1681 2378 1731 2412 τῆς
1743 2377 1814 2413 πρώ-

1026 2431 1077 2459 της
1088 2423 1135 2450 τοῦ
1156 2422 1293 2458 Ἀπριλίου
1314 2421 1408 2458 μέχρις
1421 2422 1505 2457 αὐτῆς
1522 2422 1571 2457 τῆς
1583 2422 1630 2449 τοῦ
1646 2422 1814 2458 ζητουμένου

1027 2468 1110 2504 μηνὸς
1126 2467 1266 2499 ποσταίας,
1286 2467 1356 2494 κατά
1368 2475 1398 2493 τε
1414 2465 1464 2501 τὴν
1480 2466 1534 2493 τῶν
1552 2467 1621 2502 μετὰ
1638 2467 1689 2499 τὰς
1703 2471 1746 2503 κη’
1762 2476 1811 2495 πε-

1026 2514 1123 2550 ριττῶν
1137 2513 1246 2548 ἡμερῶν
1261 2513 1437 2549 διακράτησιν
1446 2521 1452 2528 ·
1465 2513 1566 2544 ταύτας
1581 2512 1612 2548 δὴ
1625 2512 1674 2545 τὰς
1683 2513 1812 2549 περιττὰς

1028 2559 1108 2594 μέχρι
1129 2559 1178 2594 μὲν
1192 2558 1379 2593 Σεπτεμὸρίου
1394 2557 1477 2593 μηνὸς
1493 2561 1526 2592 ιγ’
1540 2558 1748 2593 εὖρισκομένας,
1763 2559 1810 2593 μὲ-

1025 2614 1071 2641 χρι
1082 2604 1111 2631 δὲ
1133 2604 1296 2640 ὐκτωὸρίου
1309 2607 1348 2636 ιε’,
1359 2604 1413 2630 τῶν
1427 2607 1461 2638 ιγ’
1472 2603 1618 2638 ἀφελόντας
1628 2604 1677 2635 τὰς
1689 2603 1711 2636 ζ’
1722 2604 1811 2635 "Jac

1026 2650 1073 2676 καὶ
1095 2650 1123 2675 ὲν
1139 2649 1178 2684 τῷ
1202 2650 1378 2685 Σεπτεμῦρίῳ
1399 2650 1443 2676 διὰ
1470 2649 1583 2685 σηρικοῦ
1612 2649 1807 2685 κατετάξαμεν.

1032 2695 1180 2731 Ὧσπεροῦν
1200 2696 1246 2722 καὶ
1262 2695 1316 2722 τῶν
1331 2699 1360 2721 ιε’
1377 2695 1426 2727 τὰς
1438 2695 1484 2721 δύο
1495 2695 1632 2727 τελοῦντες
1648 2695 1807 2731 ὲὸδομάὸας.

1027 2742 1108 2776 ἤγουν
1123 2742 1171 2773 τὰς
1187 2742 1215 2768 ιδ’
1234 2742 1347 2777 ἡμέρας,
1361 2741 1409 2777 τὴν
1422 2741 1486 2776 μίαν
1500 2741 1553 2767 ἁπδ
1569 2741 1684 2776 σηρικοῦ
1700 2741 1807 2775 διεγρά-

1026 2785 1116 2821 ψαμεν
1133 2786 1161 2813 ὲν
1173 2786 1210 2821 τῷ
1234 2785 1388 2821 Ὀκτωϐρίῳ
1398 2794 1404 2801 ν
1417 2787 1513 2813 ταυτὸν
1529 2786 1581 2822 γάρ
1594 2787 1650 2812 ἐστι
1666 2786 1715 2817 τάς
1730 2794 1760 2812 τι
1775 2787 1811 2819 ιγ’
