1907 3144
98 188 175 216 1245

509 189 537 216 S.
561 187 685 216 MAXIMI
706 187 884 216 MARTYRIS
903 188 1097 216 COMPUTUS
1117 187 1336 216 ECCLESIAST.

1658 189 1725 217 I256

100 247 150 273 καὶ
164 246 214 279 τὰς
234 251 263 274 ιε’
277 248 405 284 τηρῆσαι,
422 248 468 274 καὶ
484 248 567 283 μόνας
586 248 635 280 τὰς
658 251 684 280 ς’
698 248 744 275 καὶ
755 248 804 284 τὴν
817 251 852 279 α’.
863 248 887 275 ἐι

945 255 1051 280 eemus,
1065 247 1132 275 nihil
1147 248 1181 275 ad
1199 247 1292 275 feriam
1309 247 1488 282 indagandum
1509 247 1604 279 rel'ert,
1618 247 1727 282 quando

101 295 159 325 tot;
173 294 263 324 αὐτοῖς
278 293 323 320 δύο
334 293 482 326 κατατάξαι
493 295 560 330 μησὶ
572 294 622 329 τῆς
633 293 811 330 ἑθδομαδικῆς
824 293 892 329 ήμέ-

98 349 154 376 ρας
169 340 249 376 χάριν
263 340 415 376 εὑρήσεωςσ
429 340 499 368 κατὰ
511 341 561 377 τὴν
576 341 787 377 συμπαράληψιν
800 340 892 376 δηλον-

100 388 143 415 ότι
157 387 212 414 τῶν
220 387 346 414 ἐπακτῶν
357 387 404 414 τοῦ
417 387 564 419 ἐνεστῶτος
573 387 688 423 ἡλιακοῦ
699 387 786 419 ἒτουςι
801 388 891 414 ὁποῖον

99 434 123 461 3‘
138 433 173 461 ἂν
187 434 228 469 εῐη
241 433 272 460 τὸ
287 433 481 469 ψηφιζόμενον,
495 434 549 461 εἴτε
563 433 670 470 πρῶτον
686 433 739 460 εἴτε
755 434 890 470 δεύτερον,

98 480 200 516 μέχρις
227 479 320 511 ἁπλῶς
343 479 389 506 τοῦ
409 483 452 516 κη’
462 479 549 512 ἔτους.
571 481 599 507 ⁷0
618 481 646 507 δὲ
671 480 750 512 αὐτὸς
765 480 811 506 καὶ
827 481 892 515 περὶ

100 524 155 551 τῶν
177 525 210 557 δ’,
237 525 296 554 καὶ,
310 525 374 561 μιᾶς
394 525 448 552 ἀπὸ
473 525 585 561 σηρικοῦ
609 524 765 561 προσθετῶν
781 524 891 560 ἡμερῶν

98 571 180 605 λόγος
201 571 274 597 ἐστὶν
288 571 316 597 ἕν
329 579 358 598 τε
379 571 504 607 Μαρτίῳ,
525 571 571 598 καὶ
583 571 758 607 Φεῦρουαρίῳ
772 571 818 597 καὶ
840 571 892 597 Ἰα-

98 617 219 652 ιιουαρίῳ
253 618 516 653 κατατεταγμένων·
544 619 568 644 εί
596 618 642 644 καὶ
664 617 709 644 διὰ
732 617 892 653 προσθήκης

99 663 213 700 ἡμερῶν
242 665 256 690 ὁ
285 664 500 700 ὲκδηματικὺς⁷⁹
527 664 616 691 αὐτῶν
643 663 721 698 λόγος
736 664 783 690 καὶ
802 662 892 691 κανὼν

95 710 196 745 γέγονε
213 711 342 743 ἐναντίως
365 712 421 742 τοῖς
441 710 470 743 ἐξ
483 710 654 746 ἀφαιρέσεως
677 709 892 746 κανονιζομένοις

97 757 185 792 μησίν
195 764 202 770 ·
217 754 272 783 οἷον
288 756 327 792 τῷ
342 756 522 792 Σεπεμῦρίῳ
537 757 582 784 καὶ
605 755 761 791 Ὀκτωϐρίῳ
772 765 778 772 ·
798 755 891 782 καθότι

94 800 147 828 τοῦ
175 801 296 834 ἐλθόντος
322 801 434 837 ἡλιακοῦ
458 802 533 834 ἔτους
557 803 655 828 ἐκεῖνοι
674 801 826 836 λογίζονται
847 802 892 827 καὶ

95 847 180 874 εἰσίν.
197 848 234 874 Οὐ
245 847 299 883 γὰρ
316 847 403 880 ἄλλως
417 847 433 883 ἢ
452 847 538 880 οὕτως
557 847 667 883 ἔμελλον
692 847 723 874 ἂν
739 847 770 873 ὲκ
785 847 832 874 τοῦ
849 848 892 874 ἐν’

96 892 228 924 εστῶτος,
241 893 323 928 ἤγουν
337 893 391 919 τῶν
408 893 490 919 αὑτοῦ
509 892 637 919 ὲπακτῶν
655 891 829 927 ψηφίζεσθαι,
845 892 892 918 καὶ

95 939 150 974 τὴν
172 937 352 974 ἑὸδομαδικὴν
375 938 482 974 ἡμέραν
495 937 578 974 δήλην
599 937 719 964 ἐθέλουσι
744 938 889 973 παριστᾷν.

96 984 243 1011 Λυσιτελεῖ
255 985 309 1020 γὰρ
324 984 433 1016 πάντως
448 985 488 1016 εις
503 984 533 1010 τὸ
548 983 597 1019 τὴν
613 983 757 1019 μετάθεσιν
767 983 821 1010 ἀπὸ
829 983 888 1010 Κυ-

97 1031 211 1067 ριακῆς,
226 1031 272 1057 καὶ
288 1030 321 1069 β’,
338 1031 384 1058 καὶ
400 1031 504 1067 τρίτης,
520 1030 566 1057 καὶ
583 1029 636 1056 τῶν
652 1029 769 1065 καθεξῆς
787 1031 826 1061 εἰς
842 1029 891 1065 τὴν

97 1077 185 1113 ἄλλην
207 1077 288 1111 ἁγίαν
307 1077 452 1112 Κυριακὴν
474 1075 640 1112 ποιήσασθαι
657 1077 685 1102 ἐν
699 1075 737 1111 τῷ
751 1074 830 1111 δεξιῷ
845 1075 892 1102 καὶ

96 1123 233 1159 εὐωνύμῳ
249 1123 377 1159 κανονίῳο
395 1123 426 1150 τὸ
444 1123 503 1158 μὲν,
522 1123 560 1154 ὡς
574 1122 680 1158 εἴρηται
695 1122 739 1149 διὰ
755 1122 804 1158 τὴν
836 1121 894 1148 εἵσ-

101 1169 165 1197 οδον
180 1169 235 1196 τῶν
253 1170 338 1204 ἁγίων
354 1170 497 1206 νηστειῶν,
514 1170 597 1205 ήγουν
613 1169 660 1205 τὴν
682 1168 889 1205 ἀποκρεώσιμον

95 1215 208 1252 ἑορτὴν,
227 1217 258 1242 τὸ
273 1216 310 1248 δὲ,
325 1216 369 1242 διὰ
392 1215 423 1242 τδ
442 1216 575 1252 σωτήριον
597 1216 704 1250 Πάσχα.
727 1214 820 1242 Ταῦτα
844 1215 891 1242 καὶ

944 293 1086 328 pmsentis
1101 293 1164 320 anni
1174 293 1240 321 solis
1252 296 1353 328 epaeta:
1363 293 1445 321 simul
1459 298 1652 322 assumuntur:
1666 293 1727 329 qui-

945 347 1053 375 cunque
1063 340 1171 367 demum
1185 343 1357 375 computetur
1371 348 1470 372 annus,
1488 341 1602 376 primus,
1623 344 1669 367 aut
1683 349 1727 368 se-

944 386 1061 419 cundus,
1080 393 1167 420 usque
1188 385 1222 413 ad
1241 394 1337 413 xxvni.
1363 385 1464 414 Eadem
1484 386 1554 413 ratio
1568 390 1609 413 est
1621 395 1656 416 Iv.
1674 391 1701 414 et
1718 395 1728 414 ι

944 433 1145 461 rubricatorum
1174 433 1351 468 regularium,
1375 440 1443 467 quos
1466 432 1500 458 ad
1524 431 1661 464 Martium,
1675 432 1727 460 Fe-

944 479 1085 506 bruarium
1099 483 1126 506 et
1145 478 1302 506 Ianuarium
1323 478 1500 513 ascripsimus
1519 488 1525 505 :
1541 478 1591 506 etsi
1607 486 1654 513 per
1670 478 1728 505 die.-

946 533 1005 552 rum
1017 525 1181 552 additioncm
1198 524 1394 552 hebdomadica
1409 524 1529 559 ipsorum
1549 524 1618 550 ratio
1643 528 1670 551 et
1685 532 1728 551 re-

943 571 1005 606 gula
1018 576 1136 602 constat,
1153 574 1248 598 contra
1261 578 1343 605 quam
1362 570 1451 598 evenit
1467 570 1500 598 iis
1514 570 1664 600 mensibus,
1681 570 1728 605 qui

943 617 1138 645 detractionem
1154 617 1301 644 admittunt
1314 625 1320 650 ;
1334 616 1416 644 veluti
1434 615 1598 651 Septembri.
1612 620 1639 643 et
1649 614 1728 643 Octo-

943 663 984 691 bri
996 672 1003 696 ;
1017 663 1145 697 quoniam
1163 662 1286 698 sequenti
1297 670 1370 689 anno
1385 661 1452 689 solis
1466 662 1637 693 tribuuntur.
1653 665 1679 689 et
1693 660 1728 688 ad

943 714 1003 734 eum
1017 707 1164 741 pertinent.
1180 706 1257 733 llaud
1272 707 1343 734 enim
1360 707 1439 734 aliter
1454 714 1486 734 ex
1503 707 1628 741 praesenti
1644 714 1726 738 anno.

943 756 969 778 et
984 752 1044 786 ejus
1066 751 1169 786 epaclis
1193 751 1315 779 calculus
1330 752 1393 779 iniri
1411 752 1513 787 potuit,
1532 758 1561 779 ut
1579 752 1727 780 hebdoma-

943 798 1031 826 dicam
1047 799 1142 827 feriam
1158 799 1359 834 inquirentibus
1370 801 1519 828 exhiberet.
1535 800 1640 836 Quippe
1648 809 1727 835 pror-

943 853 991 873 sus
1012 846 1044 873 ad
1061 846 1088 873 id
1101 846 1219 880 expedit,
1236 850 1264 872 ut
1277 846 1419 874 translatio
1435 846 1491 873 limi
1505 847 1590 882 possit
1604 855 1618 873 a
1635 846 1728 874 Domi-

944 892 1016 924 niea,
1033 896 1060 919 ct
1075 892 1196 919 secunda
1215 893 1343 926 tertiave,
1360 901 1392 920 ac
1405 893 1484 928 180
1499 893 1676 928 sequentibus
1692 893 1729 920 Ie-

943 938 992 966 riis
1014 941 1042 965 in
1057 939 1170 965 alteram
1198 937 1378 971 Dominicam,
1402 940 1429 966 in
1450 940 1546 966 dextro
1569 947 1601 966 ac
1616 939 1727 967 sinistro

943 985 1070 1012 canonio.
1087 983 1208 1017 Quorum
1221 984 1334 1012 alterunt:
1351 985 1384 1012 ad
1404 985 1556 1021 ingressum
1570 990 1727 1014 sanctorum

941 1031 1126 1067 jejuniorum,
1145 1031 1202 1059 sive
1221 1030 1398 1067 Carnisprivii
1422 1032 1521 1060 festum
1540 1042 1548 1060 :
1565 1033 1679 1060 alterum
1693 1032 1728 1060 ad

944 1077 1064 1104 salutare
1077 1076 1182 1104 Pascha
1193 1077 1320 1104 refertur.
1334 1077 1471 1105 Hactenus
1483 1078 1515 1106 de
1528 1078 1673 1106 rubricatis
1685 1086 1728 1106 re-

947 1122 1098 1157 gularibus.
1116 1127 1145 1149 ut
1157 1123 1294 1155 omnibus.
1312 1131 1373 1159 qua:
1401 1131 1505 1152 canone
1519 1125 1572 1152 isto
1583 1125 1728 1152 continen-

945 1173 989 1195 tur
1013 1168 1156 1202 expositis,
1171 1176 1267 1196 eorum
1283 1169 1318 1197 sit
1338 1169 1470 1197 studiosis
1491 1170 1638 1198 lectoribus
1653 1178 1728 1198 eom-

945 1214 1091 1249 prehensio
1108 1214 1207 1242 facilis.

96 1262 229 1298 περὶτῶν
244 1262 297 1289 ἀπὸ
313 1261 424 1298 σηρικοῦ
439 1262 594 1298 προσθετῦΝ
609 1261 731 1298 ἡμερῶν,
748 1262 786 1294 ὡς
803 1261 835 1288 ἂν
846 1261 891 1288 διὰ
907 1262 1016 1288 πάντων
1027 1261 1076 1296 τῆς
1095 1261 1165 1288 κατὰ
1179 1261 1239 1288 τόδε
1249 1262 1280 1288 τὸ
1304 1263 1426 1290 κανόνων
1450 1263 1604 1300 ἐξηγήσεως
1624 1272 1728 1299 τρανω-

96 1309 194 1344 Θείσης
217 1310 233 1344 ἠ
261 1308 315 1335 τῶν
334 1309 362 1335 ὲν
378 1308 452 1344 αὑτῷ
475 1309 607 1344 κειμένων
636 1308 785 1344 κατάληψις
811 1308 889 1343 ῥᾳδία
904 1308 1016 1344 γένηται
1030 1309 1086 1339 τοῖς
1099 1307 1261 1343 φιλοπόνοις.

135 1367 206 1402 Περὶ
223 1367 281 1394 τῶν
294 1366 431 1394 ἐπαιτῶν
452 1367 506 1400 τῆς
523 1367 667 1402 σελήνης,
686 1367 748 1400 πῶς
768 1365 856 1396 αὗται

403 1402 591 1438 ⁸ψηφίζονται.

136 1457 200 1485 ΚΖ’.
212 1458 320 1485 Τούτων
331 1458 360 1485 δὲ
371 1458 456 1491 οὕτως
468 1459 676 1495 εἰρημένων,δεῖ
684 1459 746 1495 περὶ
753 1459 806 1486 τῶν
817 1460 845 1485 ἐν
853 1459 891 1494 τῷ

97 1504 235 1539 εὐωνύμῳ
250 1504 365 1539 κανονίῳ
378 1505 551 1540 τεταγμένων
565 1505 689 1532 ὲπακτῶν
709 1505 758 1540 τῆς
778 1505 892 1540 σελήνης

995 1368 1033 1395 De
1046 1369 1144 1402 epacti:
1156 1368 1237 1400 Iunce,
1249 1368 1468 1404 quemadmodum
1480 1375 1670 1405 computentur.

976 1460 1083 1488 XXVII.
1101 1460 1149 1489 His
1169 1461 1384 1495 animadversis,
1398 1463 1431 1491 de
1453 1464 1556 1498 epactis
1571 1464 1651 1495 lunae.
1667 1472 1728 1500 qua

943 1507 970 1534 in
987 1508 1101 1535 sinistro
1120 1515 1225 1536 canone
1239 1514 1314 1542 sunt,
1331 1517 1422 1538 sermo
1439 1511 1727 1540 rursusinstituendus

96 1550 149 1578 καὶ
163 1548 240 1581 αὖθις
253 1550 443 1583 ἐπαναλαϐεῖν,
461 1552 507 1577 καὶ
523 1551 608 1584 δεῖξαι
626 1551 684 1582 πῶς
703 1547 783 1578 αὗται
799 1551 887 1586 ψηφί-

944 1557 997 1586 est,
1014 1561 1046 1581 ac
1060 1554 1304 1582 demonstrandum
1315 1555 1451 1591 quomodo
1460 1557 1610 1592 computari
1621 1561 1648 1586 et
1662 1558 1727 1594 ipsae

97 1597 204 1629 ζονται.
222 1596 281 1632 Χρὴ
297 1597 386 1623 τοίνυν
401 1597 431 1622 τὸ
445 1597 620 1632 ἐνιστάμενον
637 1597 687 1632 τῆς
703 1597 816 1632 σελήνης
833 1596 892 1629 ἔτος

97 1642 360 1670 ἑνδεκαπλασιάσαι·
384 1641 440 1670 οἷον
454 1643 491 1676 ὡς
506 1644 552 1670 ἐπὶ
568 1643 614 1670 τοῦ
633 1644 762 1680 παρόντος
776 1644 796 1670 δ’
811 1644 856 1670 καὶ
877 1647 890 1670 ι’

99 1690 149 1716 καὶ
167 1690 216 1721 τὰς
233 1692 264 1716 ὲκ
277 1689 324 1716 τοῦ
340 1690 581 1726 πολυπλασιασμυῦ
593 1690 775 1726 συναγομένας
787 1690 893 1726 ἡμέρας

101 1736 157 1771 ρνδ¹
183 1736 293 1770 ποιῆσαι
310 1736 385 1772 παρὰ
401 1735 447 1763 δύο
466 1735 582 1772 ἡμέρας,
596 1736 640 1763 διὰ
657 1736 688 1762 τὸ
715 1736 821 1772 πρῶτον
844 1737 892 1771 τῆς

98 1781 219 1817 σελήνης
237 1781 296 1814 ἔτος
316 1782 338 1808 θ’
353 1782 433 1817 μόνον
449 1782 570 1814 ὲπακτὰς
582 1782 654 1817 ἔχειν
666 1790 672 1797 ·
692 1782 738 1809 καὶ
752 1781 837 1813 οὕτως
853 1782 893 1813 εἰς

96 1828 147 1854 τὸν
164 1827 196 1859 λ’,
211 1827 253 1854 διὰ
269 1828 333 1859 τοὺς
354 1828 519 1863 ἐμϐολίμους
542 1829 629 1863 μῆνας
652 1829 752 1860 ταύτας
772 1828 890 1864 μερίσαι.

98 1874 181 1908 Λέγω
204 1873 233 1900 δὲ
254 1874 302 1906 τὰς
328 1874 382 1909 ρν6¹
398 1874 508 1906 καὶτὰς
521 1874 747 1909 ὑπολειπομένας,
770 1875 892 1901 τουτέστι

97 1920 152 1952 τὰς
173 1919 220 1946 δύο
236 1921 353 1956 ἡμέρας,
367 1920 488 1951 ἑποιιτὰς
503 1921 574 1955 ἔχειν
595 1921 626 1946 τὸ
637 1921 686 1956 τῆς
707 1921 821 1956 σελήνης
835 1920 893 1953 ἔτος

97 1964 280 2001 γινώσκεταιθ
298 1965 330 1997 ἃς
357 1967 403 1992 καὶ
428 1965 670 2001 διαγεγραμμένας
692 1966 748 2001 ἕχει
774 1965 804 1992 τὺ
828 1966 893 1992 αὐτὸ

97 2009 120 2036 δ’
139 2009 185 2035 καὶ⁸
201 2013 215 2035 ι’
229 2009 287 2041 ἔτος
307 2010 335 2035 ἐν
352 2010 419 2044 τῷδε
435 2009 473 2044 τῷ
487 2011 612 2046 κανονίῳ.
624 2010 717 2042 Οὕτως
730 2008 775 2038 οὗν
788 2012 834 2037 καὶ
850 2011 892 2038 ἐπ’

98 2055 182 2082 ἄλλου
212 2055 311 2086 παντὸς
335 2055 411 2087 ἔτους
439 2056 554 2092 σελήνης
584 2057 714 2092 προσήκει
733 2058 828 2083 ποιεῖν.
842 2055 893 2084 Αὖ-

98 2110 146 2128 ται
171 2101 200 2128 δὲ
224 2101 342 2128 ὲπακτιῑὶ
355 2102 458 2138 ἡμέραι
476 2102 664 2138 τυγχάνουσιν,
679 2102 710 2134 ἃς
723 2103 753 2129 τὸ
774 2102 832 2135 ἔτος
845 2103 893 2139 τῆς

100 2147 216 2183 σελήνης
233 2148 320 2184 πάντη
336 2157 365 2175 τε
381 2149 427 2175 καὶ
444 2148 552 2180 πάντως
568 2149 628 2184 ἔχον
646 2150 802 2186 εὑρίσκεται
823 2150 893 2176 κατὰ

98 2193 150 2229 τὴν
173 2193 306 2229 τριακάδα
329 2193 440 2230 πρώτην
458 2193 504 2220 τοῦ
522 2194 645 2230 Μαρτίου
667 2196 760 2232 μηνός.
784 2196 892 2231 Ἐπειδὴ

944 1598 1070 1626 debeant.
1090 1598 1173 1634 Igitur
1190 1605 1344 1628 currentem
1368 1609 1469 1628 annum
1485 1602 1555 1630 Iunze
1572 1611 1620 1638 per
1643 1603 1728 1631 unde-

943 1644 996 1670 cim
1010 1644 1192 1680 multiplicare
1211 1650 1319 1681 oportet
1335 1655 1340 1672 :
1354 1652 1383 1674 ut
1400 1648 1515 1682 exempli
1537 1655 1630 1682 causa,
1643 1649 1726 1683 hunc,

944 1692 990 1726 qui
1002 1691 1093 1727 agitur
1107 1692 1189 1719 modo
1203 1700 1258 1719 xlv.
1273 1692 1413 1720 Summam
1431 1693 1493 1721 inde
1509 1695 1651 1722 collectam
1666 1695 1726 1723 die-

943 1743 1003 1762 rum
1029 1742 1100 1768 cuv,
1126 1736 1234 1764 duobus
1255 1737 1378 1765 minuere
1397 1747 1402 1764 :
1423 1738 1494 1773 quod
1512 1740 1616 1774 primus
1639 1748 1728 1768 annus

946 1781 1017 1809 luna:
1034 1791 1060 1809 Ix
1072 1783 1260 1810 tantummodo
1276 1787 1386 1818 epactas
1401 1784 1508 1812 habeat.
1526 1784 1621 1813 Postea
1633 1786 1660 1813 in
1673 1795 1727 1815 xxx

943 1828 1039 1864 partiri
1060 1836 1114 1856 ctu
1137 1829 1200 1857 illos
1223 1829 1282 1858 dies
1298 1834 1410 1865 propter
1425 1830 1586 1858 embolimos
1607 1838 1726 1860 menses.

944 1873 1089 1908 Reliquum
1103 1877 1146 1901 est
1162 1874 1286 1906 biduum,
1299 1881 1360 1909 quae
1370 1874 1434 1901 anni
1446 1875 1526 1902 istius
1536 1878 1637 1910 epactm
1651 1878 1726 1907 sunt,

944 1924 971 1947 et
982 1920 1015 1946 ad
1029 1920 1153 1947 eumdem
1162 1927 1264 1947 annum
1276 1920 1347 1947 luna:
1357 1928 1403 1947 xtv
1418 1920 1445 1947 in
1454 1928 1558 1948 canone
1572 1920 1725 1955 descriptae.

944 1966 1014 1993 Idem
1033 1967 1058 1993 in
1071 1966 1178 1994 castoris
1195 1966 1323 1994 omnibus
1338 1967 1418 1994 annis
1433 1967 1503 1997 lunae
1519 1966 1610 1994 facere
1630 1974 1728 1994 conve-

944 2013 994 2041 nit.
1010 2011 1097 2039 Porro
1113 2015 1216 2046 epacta:
1227 2011 1285 2038 ista:
1295 2011 1353 2038 dies
1368 2016 1442 2043 sunt,
1457 2019 1526 2047 quos
1540 2020 1641 2039 annum
1657 2012 1728 2040 lunae

944 2065 1059 2094 prorsus
1085 2057 1186 2085 habere
1211 2056 1405 2091 cognoseimus
1419 2057 1446 2084 in
1469 2058 1513 2085 die
1537 2057 1626 2084 Martii
1650 2065 1725 2085 xm.

945 2104 1020 2137 Quos
1035 2103 1143 2139 quidem
1159 2102 1231 2130 seire
1250 2102 1374 2134 interest,
1391 2107 1421 2130 ut
1439 2108 1550 2138 quotum
1569 2104 1640 2131 luna:
1654 2104 1726 2141 diem

945 2151 973 2177 in
989 2150 1111 2186 quolibet
1120 2142 1255 2176 mensium
1268 2149 1413 2176 duodecim
1431 2153 1600 2185 computare.
1612 2153 1639 2178 et
1653 2149 1727 2178 inve-

946 2197 1047 2232 stigare
1058 2195 1204 2231 possimus.

97 2239 202 2271 ταύτας
221 2239 265 2266 ἀεὶ
276 2239 335 2266 δέον
363 2240 436 2266 ἐστὶν
460 2239 559 2267 εἰδέναι
590 2242 670 2268 πόσαι
695 2241 858 2277 τυγχάνουσι
879 2252 886 2257 -
903 2241 1070 2269 λυσιτελοῦσι
1093 2242 1146 2277 γὰρ
1171 2243 1211 2274 εὶς
1236 2242 1265 2268 τὸ
1286 2242 1334 2278 τὴν
1355 2243 1486 2269 ποσταίαν
1505 2242 1555 2277 τῆς
1569 2242 1682 2278 σελήνης
1698 2243 1727 2269 ὲν

98 2285 208 2320 ἑκάπῳ
222 2284 276 2311 τῶν
294 2284 454 2313 δυοκαίδεκα
467 2285 559 2322 μηνῶν
572 2286 740 2321 ψηφίζεσθαι
756 2287 803 2314 καὶ
817 2287 1003 2324 εὑρίσκεσθαι.

138 2343 203 2377 Πῶς
217 2344 252 2370 ἐν
266 2344 383 2376 ἑκάστῳ
399 2345 474 2388 μῃν)
490 2345 546 2379 τῆς
560 2345 694 2380 σελήνης
708 2347 858 2374 ποσταιαν

963 2347 1101 2382 Quomodo
1116 2347 1142 2374 in
1158 2356 1311 2383 unoquoque
1328 2356 1413 2388 mense
1433 2349 1502 2376 Iunce
1512 2352 1620 2383 quotum
1641 2347 1708 2375 diem

402 2380 592 2415 εὑρίσκομεν.

135 2438 202 2464 KH'.
214 2435 275 2464 Οἴον
287 2437 337 2469 τὰς
352 2437 405 2464 ἀπὸ
415 2438 464 2473 τῆς
480 2437 592 2473 πρώτης
600 2438 736 2474 Ἀτιριλίου
751 2439 830 2476 μέχρι
840 2439 889 2475 τῆς

99 2483 273 2520 ζητουμένης
294 2485 323 2510 ἑν
343 2484 490 2520 οίῳδήποτε
513 2485 578 2519 μηνὶ
600 2484 744 2520 Ῥωμαϊκῷ
758 2485 889 2518 ποσταίας

96 2531 209 2567 ἡμέρας
235 2529 405 2566 ἀθροίζομεν.
424 2530 478 2556 Καὶ
504 2530 606 2562 ταύτας
631 2530 812 2567 ἑπιὸάλλομεν
840 2530 890 2563 τὰς

98 2576 249 2612 εἰρημένας
264 2575 314 2610 τῆς
328 2575 441 2611 σελήνης
465 2576 596 2607 ἐπακτάς·
612 2576 645 2607 ἃς
671 2576 783 2611 ἔχουσα,
800 2577 889 2609 καθὼς

98 2625 181 2658 ἔφην,
193 2622 349 2658 εὑρίσκεται
362 2622 432 2649 κατὰ
445 2622 494 2657 τὴν
507 2623 654 2658 εἰρημένην
668 2623 800 2659 τριακάδα
816 2623 889 2660 πρώ<

98 2677 151 2704 την
169 2667 217 2694 tot}
242 2667 365 2703 Μαρτίου
387 2667 478 2702 μηνός.
502 2667 556 2694 Καὶ
573 2668 612 2699 εἰς
626 2667 674 2699 τὰς
687 2668 729 2694 κθ’
741 2669 826 2703 ἥμισυ
841 2668 889 2699 τὰς

97 2715 165 2746 ὅλας
185 2714 348 2749 μερίζομεν·
367 2713 413 2739 καὶ
433 2713 482 2744 τὰς
505 2713 693 2748 ἀπομενούσας
709 2713 823 2748 ἔχουσαν
839 2714 888 2750 τὴν

99 2760 219 2795 σελήνην
244 2760 422 2796 γινώσκομεν.
440 2760 532 2787 Ταῦτα
555 2761 602 2787 καὶ
618 2760 683 2796 περὶ
701 2759 749 2796 τῆς
771 2760 823 2786 τῶν
840 2762 887 2787 ἑπ-

99 2805 193 2834 ακτῶν
212 2805 261 2840 τῆς
278 2805 391 2842 σελήνης
410 2807 519 2841 μεθόδου
533 2815 562 2832 τε
577 2807 623 2833 καὶ
638 2805 780 2842 εὑρέσεως.

149 2885 171 2901 ⁷⁹
222 2884 406 2919 ἐεδοξιτιδικός.

1259 2391 1412 2418 reperimus.

945 2429 960 2439 ⁸
980 2438 1099 2467 XXVIII.
1118 2439 1180 2467 Dies
1201 2446 1308 2471 omnes,
1326 2439 1373 2473 qui
1391 2447 1406 2466 a
1431 2439 1560 2467 Kalendis
1576 2439 1675 2475 Aprilis
1690 2440 1725 2468 ad

943 2486 1018 2514 diem
1035 2486 1139 2513 mensis
1153 2485 1301 2520 cujuslibet
1320 2485 1436 2513 Romani
1458 2486 1603 2519 ﬂuxerunt,
1621 2485 1726 2521 colligi-

944 2539 1020 2560 mus.
1037 2531 1084 2559 His
1102 2536 1213 2567 epactas
1225 2532 1305 2566 lunae,
1321 2532 1355 2560 de
1368 2533 1468 2567 quibus
1479 2532 1581 2559 dictum
1594 2532 1724 2565 est.adji-

943 2579 1044 2610 cimus,
1070 2586 1251 2614 quascunque
1265 2578 1309 2606 die
1331 2578 1421 2606 Martii
1439 2586 1502 2606 xxxi
1519 2579 1613 2606 sortita
1632 2578 1723 2606 fuerit.

944 2624 1085 2652 Summam
1096 2633 1143 2660 per
1152 2633 1216 2652 xxrx
1232 2625 1283 2660 I/Q
1296 2625 1428 2660 partimur
1439 2633 1445 2658 ;
1455 2625 1588 2660 reliquum
1603 2628 1645 2653 est
1660 2629 1724 2652 atlas

944 2672 1027 2699 lunae.
1047 2670 1110 2699 Ilzec
1125 2671 1158 2698 de
1175 2671 1247 2698 luna:
1262 2675 1417 2706 epactarum
1438 2670 1573 2704 methodo,
1589 2675 1616 2698 et
1633 2671 1725 2698 inVen-

941 2718 1017 2746 tionc
1035 2718 1107 2746 dicta
1124 2717 1189 2745 sint.
