1931 3135
215 170 282 198 1247

251 229 287 253 In:
301 231 399 261 epactts
413 225 488 255 solis,
501 221 630 258 quomodo
647 227 669 249 et
687 223 751 257 ἕρπε
766 226 958 256 computentur.

251 317 346 345 XXIX.
363 315 536 351 Explicandae
548 319 611 342 sunt
625 314 754 347 deinceps
765 317 866 348 epactae
881 313 994 344 solares,

215 373 247 391 ac
264 360 490 396 quemadmodum
510 360 675 394 investigare
688 367 734 386 eas
753 362 887 392 oporteat.
905 358 996 392 Itaque

216 408 354 445 proposito
372 414 444 434 anno
459 406 524 433 solis
549 405 680 440 quolibet.
701 409 731 431 ut
749 403 799 430 hoc
817 404 877 437 ipso
892 410 995 431 xxvtu:

216 455 335 486 totidem,
353 459 406 480 una
432 452 539 486 dempta
551 470 558 482 ,
584 450 758 478 numeranda:
779 453 843 477 sunt
862 449 931 480 dies,
946 447 997 474 hoc

214 506 255 529 est
269 507 353 527 xxvu.
366 498 536 532 Quadrantes
557 501 658 528 autem,
683 496 759 523 nullo
783 495 916 523 detracto.
932 499 998 530 quot

215 552 327 573 summa:
341 545 389 571 toti
400 546 568 578 competunt,
579 541 750 574 assumendi;
763 544 826 575 puta
836 547 920 566 χχι-ιιι
932 547 998 574 qua--

214 593 356 621 (trifariam
365 592 471 624 divisis,
488 592 555 618 liunt
567 591 660 625 utique
671 590 729 617 dies
741 597 778 616 vn
791 589 906 624 ;quibus
922 588 997 615 addi-

214 640 260 670 tis,
277 645 411 666 summam
442 645 523 664 xxxtv
537 637 640 664 dierum
659 644 706 670 per
721 643 757 662 vn
778 635 868 662 divide
888 638 999 669 propter

215 685 410 712 hebdomadas.
427 683 585 714 Residuum,
596 683 646 709 hoc
657 686 699 709 est
710 690 735 708 γι
747 681 816 712 dies.
831 689 880 716 pro
896 680 998 715 epactis

214 732 349 758 obtinebit
365 730 408 757 hic
422 738 510 757 annus
523 737 699 765 xxvm,_quas
710 728 743 755 ad
758 728 883 755 eumdem
897 735 997 754 annum

216 778 357 813 posuimus
374 777 401 804 in
418 784 522 803 canone
539 786 545 802 :
561 779 592 802 ut
619 775 652 802 ad
670 780 786 802 caeteros
813 781 874 808 qua:
900 774 999 808 cuique

215 823 416 857 cmupetebant.
431 821 503 848 idem
521 821 562 848 fac
580 821 605 847 in
621 820 674 847 alio
689 819 785 855 quovis
802 826 884 851 anno,
899 822 928 845 ut
939 818 998 853 ejus

216 872 326 903 epactas
337 874 493 903 assequare.

235 969 371 1003 Quomodo
389 969 513 1004 a’quales,
532 973 577 995 aut
588 968 738 1004 excedente:
752 969 861 995 invicem
875 972 981 1003 epaclaa

448 1004 559 1030 habeam
571 1004 633 1030 anui
650 1003 760 1030 salares.

253 1062 337 1090 XXX.
352 1063 445 1089 Annus
461 1062 550 1090 oumis
564 1061 664 1089 solaris
679 1061 749 1088 diem
764 1069 825 1088 cum
849 1063 1000 1097 quadrante

219 1117 268 1145 pro
282 1109 385 1144 epactis
403 1109 541 1142 relinquit.
556 1109 621 1142 Qua:
637 1109 702 1135 nihil
715 1108 787 1135 aliud
804 1113 870 1135 sunt
887 1109 999 1135 omnino

219 1159 317 1190 praeter
329 1155 399 1181 diem
417 1154 492 1180 illum
510 1162 572 1181 cum
588 1154 807 1189 quadrante,qui
822 1157 882 1188 post
898 1153 996 1180 hebdo-

220 1201 314 1228 madas
338 1208 375 1227 ιιι
400 1200 521 1234 integras
543 1199 576 1226 de
594 1206 695 1226 CCCLXV
715 1199 764 1234 l/t
784 1202 930 1233 superest:
951 1198 999 1226 sed

220 1246 299 1278 duos,
315 1246 357 1273 vel
375 1249 441 1278 tres,
466 1245 509 1272 vel
534 1249 663 1279 quatuor,
684 1249 708 1272 et
735 1245 768 1272 ad
789 1248 892 1279 septem
913 1252 1000 1279 usque

220 1291 320 1319 habere
333 1291 444 1324 dicitur,
465 1291 537 1326 quod
557 1291 627 1318 diem
646 1291 721 1318 illum
736 1296 762 1318 et
776 1291 827 1326 1/2
845 1291 879 1318 ad
895 1299 924 1319 se
938 1299 1000 1318 mu-

221 1343 267 1364 tuo
278 1337 477 1369 transmittant,
495 1342 522 1364 et
538 1341 700 1372 augeantur.
720 1337 787 1364 Nam
812 1337 843 1364 ad
867 1338 1000 1373 integram

220 1382 429 1414 hebdomadam,
450 1387 631 1417 septenosque
650 1383 708 1410 dies
722 1382 818 1409 ordine
831 1384 859 1409 lit
875 1391 1001 1418 progres-

221 1429 272 1456 sio.
298 1427 374 1455 l-Jnde
389 1436 485 1455 rursus
509 1428 542 1454 ad
559 1428 668 1455 initium
687 1427 802 1455 reditur.
818 1427 884 1454 Cum
910 1432 1000 1455 autem

222 1474 357 1502 hisextilis
373 1481 462 1501 annus
473 1478 526 1505 est,
543 1477 624 1509 atque
636 1481 668 1501 ex
680 1473 851 1509 quadriennii
866 1474 1002 1508 quadran-

221 1521 295 1548 tibus
316 1521 376 1548 dies
399 1528 453 1548 una
468 1520 616 1555 colligitur,
631 1528 662 1548 ea
684 1519 847 1552 accedente,
864 1521 1001 1555 sequentis

720 165 765 192 AD
784 149 917 192 EUSEBll
936 163 1132 192 Cll'BONlCON
1153 165 1333 194 APPENDIX.

1771 168 1836 196 1343

1008 222 1115 255 ΑΠερὶ
1142 222 1201 249 τῶν
1220 223 1356 250 ἐπακτῶν
1376 225 1428 252 τοῦ
1456 224 1556 258 ἡλίου,
1579 224 1644 257 πῶς
1671 224 1724 252 καὶ
1751 223 1837 252 αὗται

1343 259 1528 293 ψηφίζονται.

1082 311 1144 338 ΚΘ.
1163 313 1207 338 Δεῖ
1214 313 1240 339 δὲ
1247 314 1293 340 καὶ
1300 313 1421 349 περὶτῶν
1430 314 1547 349 ἡλιακῶν
1554 314 1684 341 επακτῶν
1691 316 1836 351 γνωρίσαι,

1046 357 1105 389 πῶς
1113 358 1159 394 καὶ
1165 358 1264 390 ταύτας
1273 360 1330 385 ἐστὶ
1338 360 1508 387 καταλαϐεῖν.
1519 361 1539 387 Χ
1545 361 1577 396 ρὴ
1585 361 1674 388 τοίνυν
1681 361 1721 396 τῷ
1730 363 1837 389 ἐνιπα-

1049 404 1121 439 μένῳ
1145 404 1250 440 ἡλιακῴ
1271 405 1334 437 ἔτει,
1351 405 1415 440 φέρε
1430 407 1515 433 εἰπεῖν
1529 406 1566 437 ὡς
1580 407 1625 432 ἐπὶ
1639 407 1685 433 τοῦ
1703 408 1836 443 παρόντκ

1047 453 1090 485 κη’
1113 449 1199 483 ἔτους,
1225 451 1383 486 ἰσαρίθμους
1409 451 1481 487 αὑτῷ
1501 455 1611 488 κρατεῖν
1629 454 1737 489 ἡμέρας
1763 455 1837 491 παρὰ

1049 496 1113 530 μίαν
1133 496 1216 531 μόνην
1231 497 1348 533 ἡμέραν,
1365 498 1503 524 τουτέστιν
1516 499 1556 531 κζ’
1568 499 1686 534 ἡμέρας,
1704 500 1837 535 ἰσάριθμα

1047 541 1076 567 δὲ
1093 542 1209 577 τέταρτα
1239 543 1303 579 παρ’
1318 543 1376 569 οὐδὲ
1402 543 1430 570 ἓν
1452 544 1580 580 τέταρτον
1595 543 1673 576 αὖθις
1690 554 1838 581 συμπαρα-

1048 587 1204 623 λαμϐάνειν·
1225 589 1362 616 τουτέστιν
1377 593 1429 625 κη’,
1443 590 1487 622 ὅδ’,
1502 590 1572 626 ἇπερ
1588 590 1711 617 ποιοῦσιν
1730 592 1837 626 ἡμέρας

1048 633 1189 669 προδήλως
1212 635 1296 661 ἑπτά·
1313 636 1359 662 καὶ
1375 635 1461 667 οὕτως
1475 636 1524 667 τὰς
1538 636 1612 668 ὅλας,
1625 637 1710 671 ἤγουν
1730 637 1781 668 τὰς
1802 637 1836 663 λδ

1050 679 1170 713 μερίζειν
1187 681 1226 711 εἰς
1239 680 1287 716 τὴν
1301 680 1322 712 ζ’
1344 681 1387 707 διὰ
1399 681 1449 713 τὰς
1459 681 1616 717 ἑϐδομάδας.
1631 682 1686 708 Καὶ
1702 682 1751 713 τὰς
1771 683 1836 708 ὐποο

1048 724 1166 756 λοίπους,
1183 726 1303 752 τουτέστι
1315 726 1363 757 τὰς
1377 730 1403 758 ς’
1417 727 1533 762 ἡμέρας,
1545 728 1666 759 ὲπακτὰς
1679 728 1741 762 ἕχον
1755 728 1836 762 γινώ-

1049 778 1143 796 σκεται
1164 770 1194 797 τὸ
1217 771 1282 797 αὐτὸ
1301 775 1343 806 κη’
1359 771 1432 803 ἓτος’
1446 772 1478 803 ἃς
1490 774 1518 798 ὲν
1535 773 1608 808 αὐτῷ
1626 773 1672 799 καὶ
1686 773 1835 809 διεγράψα-

1051 825 1099 852 μεν
1123 817 1151 842 ὲν
1171 816 1237 852 τῷδε
1258 817 1296 852 τῷ
1313 817 1436 854 κανονίῳ,
1449 818 1519 845 καθὰ
1536 819 1583 845 καὶ
1593 821 1648 851 τοῖς
1668 819 1774 851 λοιποῖς
1790 821 1836 851 τὰς

1051 864 1231 898 προσφόρους.
1251 863 1343 895 Οὕτως
1360 862 1404 890 οὖν
1430 865 1476 891 καὶ
1494 865 1535 890 ἐπ’
1557 865 1635 891 ἄλλου
1659 867 1761 897 παντός
1783 867 1836 892 ἐστι

1051 911 1136 935 ποιεῖν
1149 911 1188 942 είς
1202 909 1310 946 εὕρεσιν
1326 910 1380 937 τῶν
1395 911 1477 937 αὑτοῦ
1489 911 1625 937 ἐπακτῶν.

1048 965 1115 998 Πῶς
1139 966 1187 992 καὶ
1213 966 1292 999 ἴσας,
1310 967 1357 993 καὶ
1381 967 1519 1000 περιττὰς
1546 966 1692 999 ἀλλήλων
1706 967 1839 999 ἑπακτὰς

1235 1001 1341 1036 ἔχουσι
1357 1003 1392 1028 τὰ
1406 1002 1458 1028 τοῦ
1478 1002 1568 1036 ’ἡλίου
1584 1002 1646 1035 ἓτη.

1085 1058 1122 1084 Λ’.
1139 1057 1272 1085 Ἔκαστον
1291 1058 1340 1093 μὲν
1362 1059 1416 1093 γὰρ
1431 1058 1490 1090 ἔτος
1506 1059 1580 1094 ἡλίου
1596 1055 1660 1094 μίαν
1676 1059 1838 1093 τέταρτονεθ

1050 1104 1180 1139 κέκτηται
1193 1104 1324 1140 ὲπακτὴν,
1340 1105 1388 1131 οὐκ
1405 1105 1488 1140 ἄλλην
1499 1104 1581 1132 οὖσαν
1592 1106 1621 1131 τὸ
1639 1105 1752 1132 σύνολον
1764 1106 1780 1140 ἢ
1793 1106 1839 1139 τὴν

1050 1150 1119 1184 μετὰ
1135 1150 1184 1182 τὰς
1206 1151 1245 1185 νβ’
1264 1151 1414 1186 ἑϐδομάδας
1428 1151 1638 1187 περιττεύουσαν
1655 1152 1688 1177 ἐκ
1704 1150 1760 1177 τῶν
1778 1151 1841 1183 τξέ,

1048 1194 1069 1221 δ’
1081 1195 1207 1231 ἡμερῶν·
1226 1195 1272 1222 δύο
1285 1196 1323 1228 δὲ,
1343 1197 1390 1223 καὶ
1405 1200 1440 1230 γ’,
1459 1197 1506 1223 καὶ
1521 1196 1609 1227 θ’,καὶ
1627 1197 1725 1232 μέχρις
1748 1197 1840 1228 ἁπλῶς

1049 1239 1103 1267 τῶν
1119 1240 1139 1272 ζ’
1153 1241 1260 1275 λέγεται
1285 1242 1356 1277 ἔχειν
1375 1242 1420 1269 διὰ
1433 1243 1482 1278 τὴν
1501 1242 1529 1275 ἐξ
1545 1242 1666 1278 ἀλλήλων
1683 1244 1724 1274 εἰς
1741 1242 1841 1278 ἄλληλα

1050 1285 1195 1325 γινομένην
1206 1287 1306 1323 ταύτης
1322 1287 1350 1313 δὲ
1364 1287 1413 1321 τῆς
1429 1288 1492 1322 μιᾶς
1507 1287 1635 1322 τέταρτον
1649 1288 1841 1323 παραπομπήν

1050 1342 1079 1360 τε
1097 1334 1142 1360 καὶ
1159 1333 1280 1370 αὔξησιν.
1297 1335 1369 1366 Ἕως
1385 1334 1439 1370 γὰρ
1455 1336 1504 1370 τῆς
1517 1335 1700 1370 ὲὸδομαδικῆς
1714 1335 1840 1370 συμπλη-

1055 1378 1172 1415 ρώσεως,
1186 1380 1269 1414 ἤγουν
1283 1380 1336 1407 τῶν
1357 1380 1378 1412 ζ’
1400 1381 1520 1416 ἡμερῶν,
1538 1380 1597 1408 καθ’
1617 1381 1714 1416 εἱρμὸν
1737 1382 1766 1406 ὲν
1788 1383 1842 1412 τοις

1051 1425 1137 1452 ἔτεσιν
1153 1426 1321 1461 αὐξανομένη
1332 1426 1411 1453 πάλιν
1423 1427 1584 1463 ἀπάρχεται.
1597 1427 1699 1453 Καθότι
1712 1427 1743 1453 δὲ
1759 1426 1843 1462 βίσεξ-

1051 1472 1096 1498 τόν
1119 1473 1194 1504 ἐστι,
1210 1473 1255 1499 καὶ
1283 1473 1315 1498 ἐκ
1335 1473 1389 1499 τῶν
1415 1473 1552 1508 τετάρτων
1567 1473 1616 1508 τῆς
1630 1473 1842 1508 τετραετηρίδθς

1052 1519 1225 1554 ἀθροισθεῖσα
1250 1520 1297 1554 μία
1320 1519 1420 1555 ἡμέρα,
1446 1519 1507 1546 κατ’
1535 1519 1711 1554 ἐπίκλησιν⁸¹
1741 1519 1842 1553 ταύτης

222 1565 418 1591 incrementum
432 1565 496 1591 anui
517 1572 572 1591 uno
588 1565 631 1591 die
647 1564 676 1591 lit
689 1565 789 1599 majus.
804 1564 872 1591 Nam
888 1573 937 1600 pro
948 1573 1002 1592 uno

1055 1565 1167 1600 περιττή
1187 1574 1245 1597 πως
1291 1565 1345 1591 τῶν
1362 1565 1488 1592 ὲπακτῶν
1499 1564 1545 1591 τοῦ
1561 1565 1753 1600 διαδεχομένου
1768 1565 1843 1596 ἔτους

223 1609 334 1636 biduum
347 1609 445 1645 accipit
463 1619 469 1636 :
487 1609 559 1644 quod
579 1610 605 1636 in
622 1617 694 1636 anno
715 1610 775 1645 ipso
796 1618 878 1636 xxvui
892 1618 1003 1637 cernere

222 1656 295 1683 licet.
304 1655 408 1690 Quippe
420 1656 583 1683 antecedens
592 1655 679 1690 ipsum
692 1663 791 1688 anuus,
808 1656 859 1683 hoc
866 1660 907 1683 est
919 1664 1002 1685 xxvu.

227 1706 345 1737 quatuor
356 1702 488 1730 duntaxat
504 1702 604 1735 habet;
623 1706 651 1728 at
672 1702 717 1729 ille
730 1706 840 1737 propter
854 1702 905 1730 diei
923 1703 1003 1730 unius

224 1748 407 1776 accessionem
421 1756 468 1775 sex
487 1748 537 1776 sibi
553 1748 681 1775 vindicat.
695 1747 772 1775 Unde
789 1756 876 1783 neque
891 1749 917 1775 iu
928 1757 1004 1776 eam-

223 1795 283 1821 dem
304 1794 399 1821 t'et‘iam
416 1801 505 1821 anuus
529 1794 574 1821 ille
590 1802 664 1821 xxvu
681 1794 778 1826 desiit,
800 1802 815 1821 a
829 1802 881 1829 qua
898 1795 1004 1821 initium

224 1840 328 1867 habuit.
341 1839 408 1866 Nam
422 1840 444 1867 si
460 1839 518 1867 dies
531 1843 637 1866 tantum
650 1840 759 1868 haberet
770 1848 879 1872 cccuv,
889 1841 915 1867 in
931 1848 1006 1868 eam-

224 1887 284 1914 dem
301 1885 447 1919 desineret,
465 1893 479 1912 a
495 1894 548 1921 qua
571 1891 691 1922 cmperat
709 1897 714 1913 :
734 1887 806 1914 velut
830 1895 845 1914 a
867 1887 1005 1914 Dominica

224 1933 251 1959 in
269 1931 449 1963 Doulinieam.
479 1937 525 1960 aut
544 1940 558 1959 a
572 1933 690 1960 secunda
715 1933 781 1960 feria
804 1935 830 1960 in
847 1933 1004 1961 secundam.

225 1978 279 2007 Sed
298 1979 426 2014 quoniam
436 1979 531 2006 diebus
548 1983 656 2006 constat
664 1987 785 2011 eccum,
802 1980 862 2007 ideo
874 1980 900 2006 in
917 1985 1006 2014 poste-

224 2026 323 2052 riorem
341 2033 382 2056 ea,
404 2025 476 2052 unde
499 2025 592 2059 carpit,
609 2024 705 2051 feriam
734 2024 843 2051 desiuit.
860 2024 916 2051 lloc
929 2028 972 2051 cst
991 2032 1005 2050 a

227 2071 365 2098 Dominica
381 2071 408 2097 in
430 2070 525 2097 feriam
551 2070 709 2098 secundum.
723 2071 765 2097 vel
782 2071 816 2097 ah
839 2071 889 2097 hac
905 2071 930 2096 iu
954 2075 1007 2096 ter-

226 2118 306 2150 tiam,
324 2122 350 2144 et
374 2117 409 2144 ita
427 2117 566 2152 deinceps.
589 2116 629 2145 0b
655 2118 725 2144 hanc
755 2125 864 2143 eatisam
885 2118 1007 2144 tenendae

226 2168 290 2190 sunt
302 2164 367 2190 solis
377 2168 490 2198 epactaa,
503 2167 530 2190 et
547 2164 607 2196 hoc,
624 2171 678 2198 quo
691 2163 792 2190 dictum
805 2167 856 2195 est,
874 2164 954 2190 modo
962 2172 1008 2198 pu-

227 2208 324 2236 tandae.
344 2208 488 2240 Nimirum,
505 2212 534 2236 ut
559 2209 648 2236 denuo
668 2214 824 2243 repetamus
846 2209 927 2240 idem,
945 2210 1008 2236 toti-

227 2255 288 2281 dem
303 2254 372 2284 dies,
389 2259 488 2289 quotus
509 2258 668 2282 numeratur
688 2263 775 2282 annus
792 2255 906 2289 quilibet
923 2256 1007 2288 solis,

228 2308 282 2328 una
297 2300 387 2327 minus
396 2300 567 2327 assumenda:
581 2305 660 2334 sunt;
674 2300 771 2327 deinde
786 2301 862 2336 181
873 2301 1009 2336 quadran-

228 2352 269 2374 tes
287 2347 392 2380 integro
405 2354 517 2374 numero
537 2347 596 2374 sine
623 2346 793 2374 detractione
815 2352 1006 2382 cougruentes.

229 2393 396 2426 Summaper
407 2400 443 2418 vn
461 2392 604 2419 dividenda
624 2403 630 2420 :
651 2393 722 2427 quod
744 2394 877 2428 reliquum
892 2397 944 2426 est,
960 2394 1009 2421 da-

228 2439 269 2466 bit
281 2444 391 2473 epactas
414 2439 477 2464 anni
498 2438 570 2466 illius
585 2447 664 2473 quem
680 2440 837 2474 quaerimus.
852 2439 937 2467 Porro
957 2448 1009 2467 nu-

229 2493 334 2513 merum
350 2484 455 2511 dierum
471 2484 550 2511 anuis
577 2493 668 2519 parem
689 2493 743 2512 una
757 2485 802 2513 die
831 2486 1007 2514 minuendum

229 2530 422 2567 praecepimus,
439 2530 567 2565 quoniam
583 2531 687 2565 primus
707 2539 795 2559 amnis
812 2533 902 2560 nullas
928 2533 1009 2559 habet

231 2577 364 2611 ascriptas
374 2580 495 2611 epactas,
521 2576 592 2610 quod
611 2584 625 2602 a
641 2577 728 2610 prima
743 2576 810 2604 feria
833 2578 884 2605 hoc
897 2582 940 2605 est
955 2578 1009 2606 Do-

229 2623 328 2650 minica
349 2622 502 2650 deﬁniatur.
529 2621 667 2655 Siquidem
693 2630 782 2650 anuus
801 2624 890 2650 omnis
912 2631 926 2649 a
957 2623 1009 2651 Do-

229 2669 331 2696 minica
342 2669 487 2704 incipiens,
506 2673 535 2695 ut
555 2676 637 2703 supra
658 2668 760 2695 dictum
776 2673 826 2700 est,
842 2670 943 2695 nullam
961 2677 1010 2704 pe-

230 2715 304 2743 nitus
324 2720 446 2750 epactam
459 2715 557 2746 habet,
576 2715 662 2742 nisisi
685 2722 745 2749 quae
759 2720 822 2741 sunt
847 2715 1008 2749 fragmenta,

229 2763 303 2789 velut
322 2762 460 2797 quadrans
473 2782 480 2793 ,
497 2766 543 2788 aut
566 2761 726 2794 dimidium,
747 2765 793 2788 aut
813 2761 916 2788 dimidii
942 2769 1009 2797 qua-

232 2807 324 2840 drans,
342 2816 401 2843 qua:
410 2808 443 2835 ad
458 2808 680 2836 hebdomadicam
692 2807 783 2835 feriam
795 2807 1007 2842 investigandum

266 2885 288 2900 “
307 2885 339 2912 Id
355 2892 391 2914 est
408 2887 418 2914 l
443 2887 501 2915 Νι.
540 2888 559 2904 ⁸¹
577 2887 596 2916 f.
612 2886 761 2917 ἐπίκτησιν.

1054 1610 1202 1645 ἐπαύξησις
1217 1611 1334 1644 γίνεται,
1347 1611 1393 1638 δύο
1410 1612 1516 1647 ἡμέρας
1536 1611 1596 1638 ἀντὶ
1618 1612 1682 1646 μιᾶς
1700 1611 1843 1646 προσλαμ-

1054 1657 1180 1689 ϐάνοντος
1190 1666 1196 1672 ·
1213 1657 1250 1689 ὡς
1263 1657 1336 1684 ἔστιν
1357 1658 1421 1684 ἰδεῖν
1440 1658 1482 1683 ἐπ’
1496 1656 1578 1684 αὑτοῦ
1593 1657 1640 1683 τοῦ
1659 1657 1841 1693 προκειμέτιω

1055 1707 1106 1737 κη’.
1125 1703 1265 1738 Τέσσαρας
1284 1704 1339 1739 γὰρ
1353 1703 1459 1738 ἔχοντος
1473 1703 1520 1729 τοῦ
1540 1703 1593 1738 πρὸ
1609 1702 1703 1733 αὑτοῦ,
1719 1703 1842 1729 τουτέστι

1054 1748 1100 1775 τοῦ
1113 1748 1161 1780 κζ’,
1176 1749 1204 1782 ἒξ
1219 1749 1297 1776 τοῦτο
1311 1749 1354 1776 διὰ
1369 1749 1417 1784 τὴν
1429 1751 1460 1776 ὲκ
1469 1749 1520 1776 τῶν
1535 1749 1671 1785 τετάρτων
1692 1749 1843 1784 ἀθροισθεῖ-

1056 1802 1103 1820 σαν
1117 1795 1222 1830 ἡμέραν
1235 1796 1376 1831 ἐκτήσατο.
1393 1795 1471 1822 Ὅθεν
1488 1795 1546 1822 οὐδὲ
1559 1796 1598 1827 εἰς
1613 1795 1661 1830 τὴν
1676 1795 1763 1830 αὐτὴν
1775 1795 1843 1830 ἠμὲ-

1056 1847 1116 1874 ραν,
1131 1839 1160 1872 ἐξ
1178 1837 1211 1875 ἦς
1236 1840 1386 1876 ἀπήρξατο,
1409 1841 1455 1867 καὶ
1479 1839 1610 1875 κατέληξε
1631 1840 1662 1866 τὸ
1684 1840 1781 1875 λεχθὲν
1804 1840 1842 1872 κζ’

1056 1884 1122 1916 ἔτος.
1152 1885 1258 1921 Ἐπειδὴ
1274 1885 1318 1912 διὰ
1342 1887 1390 1921 μὲν
1412 1886 1466 1912 τῶν
1478 1885 1530 1917 τξε¹
1544 1887 1583 1917 εἰς
1599 1886 1648 1922 τὴν
1664 1886 1695 1918 ἐξ
1708 1884 1743 1923 ἦς
1756 1887 1844 1922 ἀπῆρ-

1057 1929 1120 1962 ξατο
1135 1931 1281 1966 καταλήγει
1296 1933 1401 1963 πάντως
1412 1941 1418 1946 '
1438 1929 1492 1958 οἷον
1508 1932 1560 1958 ἀπὸ
1576 1932 1722 1967 Κυριακῆς
1734 1934 1776 1964 εἰς
1789 1933 1844 1959 Κυ-

1058 1975 1153 2010 ριακὴν
1162 1995 1168 2007 ,
1184 1975 1200 2010 ἣ
1216 1975 1343 2012 δευτέρας
1357 1977 1395 2007 είς
1405 1976 1546 2012 δευτέραν.
1563 1976 1611 2002 Διὰ
1622 1976 1650 2002 δὲ
1661 1977 1716 2003 τῶν
1729 1977 1791 2009 τξς¹
1804 1977 1845 2008 είς

1056 2020 1105 2055 τὴν
1133 2021 1200 2055 μετὰ
1219 2021 1266 2056 τὴν
1290 2021 1336 2056 ἀφ’
1355 2020 1389 2057 ἧς
1406 2022 1512 2057 ἡμέραν
1531 2022 1687 2057 ἀπήρξατο·
1702 2022 1844 2049 τουτέστιν

1057 2067 1111 2093 ἀπὸ
1126 2068 1266 2103 Κυριακῆς
1275 2069 1314 2100 εἰς
1325 2068 1490 2103 δευτέραν,ῆ
1505 2069 1558 2094 ἀπὸ
1571 2068 1671 2103 ταύτης
1682 2069 1722 2100 είς
1737 2069 1844 2104 τρίτην·

1058 2113 1104 2138 καὶ
1128 2112 1190 2148 ἑξῆς
1212 2113 1322 2148 ὁμοίως.
1337 2113 1386 2139 Διὰ
1409 2113 1495 2140 ταῦτά
1510 2122 1550 2139 τοι
1572 2114 1706 2149 προσήκει
1720 2113 1845 2139 ποεῖσθαι

1057 2158 1104 2184 τοῦ
1133 2158 1207 2193 ἡλίου
1236 2159 1362 2185 ἑπακτῶν
1388 2159 1437 2194 τὴν
1462 2160 1664 2195 παρατήρησιν,
1680 2159 1728 2185 καὶ
1742 2159 1845 2190 ταύτας

1059 2203 1185 2239 ψηφίζειν
1195 2205 1264 2231 κατὰ
1275 2205 1319 2231 τον
1328 2204 1519 2240 ἀποδειχθέντα
1534 2205 1631 2240 τρόπον
1640 2213 1647 2220 ·
1664 2202 1730 2236 οἷον,
1740 2206 1785 2231 ἵνα
1798 2205 1846 2231 καὶ

1061 2251 1141 2277 πάλιν
1158 2250 1288 2286 εἴπωμεν,
1304 2250 1353 2282 τὰς
1364 2251 1520 2286 ἰσαρίθμους
1537 2250 1617 2277 αὑτοῦ
1633 2249 1679 2276 τοῦ
1702 2250 1846 2285 ἐνισταμέ-

1059 2306 1103 2324 νου
1126 2297 1239 2332 ἡλιακοῦ
1261 2297 1346 2329 ἔτους,
1369 2295 1423 2324 οἷον
1446 2297 1467 2323 δ’
1484 2297 1516 2324 ἃν
1536 2297 1577 2332 εἴη
1596 2296 1628 2323 τὸ
1648 2295 1844 2331 ψηψιζόμενον,

1059 2344 1208 2380 λαμϐάνειν
1223 2343 1329 2379 ἡμέρας
1345 2343 1419 2379 παρὰ
1438 2343 1521 2378 μόνην
1540 2343 1604 2378 μίαν
1617 2343 1737 2378 ἡμέραν.
1753 2343 1799 2369 καὶ
1812 2343 1847 2368 τὲ

1062 2391 1192 2427 ἰσάριθμα
1202 2390 1318 2425 τέταρτα
1329 2391 1391 2426 παρ’
1404 2389 1464 2416 οὐδὲ
1478 2390 1505 2416 ἓν
1519 2389 1713 2424 τέταρτοννκαὶ
1725 2389 1846 2425 μερίξῖιν

1060 2438 1098 2469 είς
1111 2437 1156 2463 τὸν
1170 2436 1193 2468 ζ’
1202 2444 1210 2451 ⁸
1226 2436 1273 2462 καὶ
1284 2435 1332 2467 τὰς
1342 2435 1502 2467 ὑπολοίπους
1514 2435 1635 2466 ὲπακτὰς
1646 2434 1708 2470 ἕχον
1722 2435 1846 2470 εὑρίσκε-

1059 2490 1103 2508 ται
1116 2481 1224 2512 πάντως
1234 2481 1299 2507 αὐτὸ
1309 2480 1340 2507 τὸ
1353 2481 1391 2512 εἰς
1405 2481 1453 2516 τὴν
1468 2480 1580 2516 ζήτησιν
1595 2481 1662 2515 ἡμῖν
1674 2480 1845 2515 παρακείμε-

1059 2537 1104 2555 νον
1121 2529 1188 2559 ἔτος.
1202 2527 1257 2559 Τὰς
1276 2527 1433 2562 ἰσαρίθμους
1445 2526 1473 2553 δὲ
1489 2526 1536 2553 τοῦ
1552 2526 1628 2558 ἔτους
1647 2527 1756 2561 ἡμέρας
1773 2527 1845 2560 παρὰ

1062 2575 1125 2610 μίαν
1140 2575 1245 2610 ἡμέραν
1259 2574 1346 2600 ποιεῖν
1362 2574 1484 2608 εἴπομεν,
1500 2572 1593 2607 ἐπειδὴ
1607 2573 1637 2598 τὸ
1658 2573 1768 2608 πρῶτον
1789 2573 1846 2602 ἔτος

1061 2621 1189 2656 τέταρτον
1207 2622 1248 2652 εἰς
1263 2620 1412 2655 ὲπακτὴν⁸²
1426 2619 1485 2654 ἕχον
1501 2619 1740 2654 καταγέγραπται,
1760 2619 1804 2645 διὰ
1816 2619 1845 2644 τὺ

1060 2667 1114 2694 ἀπὸ
1131 2666 1241 2702 πρώτης
1252 2686 1259 2698 ,
1275 2666 1356 2701 ἡγουν
1377 2665 1455 2699 ἁγίας
1469 2665 1610 2700 Κυριακῆς
1626 2664 1693 2691 αὐτὸ
1707 2664 1843 2696 κανονίζε-

1061 2713 1132 2740 σθαι.
1153 2713 1211 2739 Πᾶν
1233 2712 1286 2747 γὰρ
1313 2712 1372 2743 ἔτος
1385 2711 1438 2738 ἀπὸ
1457 2711 1598 2746 Κυριακῆς
1622 2711 1786 2746 ἀρχόμενον,
1809 2710 1844 2738 ὡς

1060 2759 1187 2794 ἀνωτέρω
1211 2758 1345 2790 λέλεκται,
1370 2757 1429 2784 οὐδὲ
1456 2757 1519 2792 μίαν
1544 2757 1666 2793 ἐπακτὴν
1683 2757 1714 2784 τὸ
1739 2757 1843 2783 σύνολον

1061 2806 1203 2840 κέκτηται,
1221 2804 1289 2839 πλὴν
1310 2804 1375 2834 ἴσως
1402 2803 1591 2839 ποστημορίων
1607 2803 1701 2836 τινῶν,
1722 2801 1779 2830 οἷον
1802 2811 1843 2828 τε-

809 2887 830 2902 "
850 2886 868 2914 f.
886 2886 1011 2916 οὐδεμίαν
1032 2886 1111 2912 ὲτιακ.
