1907 3144
106 156 179 184 ΗΔΒ

503 156 531 183 S.
553 155 677 182 MAXIMI
698 153 878 182 MA‘RTYRIS
897 137 1327 184 COMPUTIIS‘EGCLESIAST.

1667 151 1734 178 1250

106 214 222 249 πάρ-του·
240 214 256 251 ἦ
276 214 398 250 ἡμίσεος,
415 214 431 249 ἢ
448 215 558 250 ἡμίσεος
572 215 712 250 τετάρτου·
729 215 800 250 ἆπερ
817 214 895 241 οὐδα-

962 214 1014 240 ηἱΙιὶΙ
1024 214 1103 248 plane
1111 212 1266 243 conferunt,
1277 212 1363 239 donec
1371 215 1431 247 post
1444 211 1531 237 annos
1539 206 1735 243 quatuoridiem

107 259 170 294 μῶς
184 259 354 286 συντελοῦσιν
373 261 412 292 εἰς
432 260 609 295 ὲὸδομαδικῆς
625 260 731 296 ἡμέρας
750 260 897 296 ἐξεύρεσιν,

105 305 161 337 έως
174 305 206 332 ἂν
217 306 261 332 διὰ
273 306 322 341 τῆς
331 307 535 342 τετραετηρίδος
545 306 651 342 ἡμέραν
663 306 726 341 μίαν
739 307 897 341 ποιήσωσιν.

106 359 178 393 Πῶς
192 360 291 394 ἄλλως
302 361 354 394 τάς
364 370 395 388 τε
408 361 460 388 τοῦ
474 362 562 394 ἡλίου
574 361 622 388 καὶ
633 361 687 394 τῆς
698 361 829 394 σελήνης
841 361 901 386 ἑπι-

241 396 369 430 τηρῆσαι
386 396 517 423 δυνατόν
528 396 613 422 ἐστιν
625 396 766 428 ἐπακτοῖς.

145 441 209 469 ΛΑ’.
224 442 279 469 Καὶ
290 442 333 468 ἴνα
345 444 484 478 συντόμως
500 443 569 469 εἴπω
584 444 648 478 περί
657 451 686 468 τε
699 443 752 468 τῶν
764 441 811 468 τοῦ
824 441 898 477 ἡλίου

105 489 157 515 καὶ
178 489 227 524 τῆς
251 489 364 526 σελήνης
388 490 522 522 ἐπακτῶν,
540 491 587 517 καὶ
609 490 658 525 τῆς
683 489 785 515 τούτων
806 488 900 523 ῥᾳδίας

105 535 303 570 καταλήψεως,
324 537 340 571 ἡ
361 536 410 571 μὲν
439 536 548 572 σελήνη,
571 537 653 571 ἤγουν
681 535 711 561 τὸ
729 534 787 561 κατ’
816 533 900 568 αὐτὴν

106 581 287 616 ἐνιστάμενον
301 581 369 614 ἔτος,
378 582 512 614 τοσαύτας
525 582 645 614 ἐπακτὰς
659 582 714 617 ἕχει
729 581 836 611 πάντως
847 580 900 609 ἀεὶ,

106 627 179 658 ὅσας
192 627 299 663 ἡμέρας
321 627 475 663 εὑρίσκεται
491 627 645 663 κεκτημένη
665 626 734 653 κατὰ
754 625 804 661 τὴν
824 633 901 660 τρια-

108 673 183 699 κάδα
198 673 309 708 πρώτην
322 673 368 700 τοῦ
378 674 499 710 Μαρτίου
515 675 596 710 μηνός
605 682 611 687 ’
621 673 669 699 ὁδε
681 673 765 707 ἥλιος,
775 672 857 707 ἤγουν
870 670 900 696 τὸ

108 719 289 754 ἐνιστάμενον
301 719 382 746 αὑτοῦ
393 719 462 751 ἔτος,
478 719 636 755 ἰσαρίθμους
649 718 779 753 κέκτηται
793 716 899 747 πάντως

109 764 156 790 ἀεὶ
179 763 226 795 τὰς
248 764 350 795 οἰκείας
372 764 494 795 ἐπακτὰς
510 766 541 799 τῇ
564 763 724 799 ἐΰδομαδικῇ
742 761 845 797 ἡμέρα,
861 761 902 791 είς

109 811 146 845 ἢν
163 810 332 845 καταντῆσαν
346 810 376 836 τὸ
393 810 445 846 προ
466 810 548 836 αὑτοῦ
571 810 630 841 ἔτος
650 808 806 843 ἐπεραιώθη
831 806 903 833 κατὰ

951 267 1035 286 IlllLIIII
1048 264 1247 286 COIISIIII'II'IICIN.

952 360 1179 394 Quemadmodum
1198 360 1260 386 solis
1277 359 1386 420 etrlume
1402 362 1506 392 spectas
1530 357 1607 384 aliter
1624 358 1737 384 invenire

1313 399 1389 420 item.

1313 399 1389 421 item.

986 440 1081 468 XXXI.
1100 441 1134 468 Ut
1153 441 1186 468 de
1203 440 1270 468 solis
1284 433 1390 474 epactis
1404 443 1431 466 et
1444 439 1523 469 Ιιιιιιε,
1537 437 1625 472 deque
1640 437 1736 464 harum

951 486 1023 513 facili
1050 487 1207 514 inventione
1224 486 1312 513 dicam
1333 485 1470 518 breviter;
1489 485 1562 519 quod
1587 483 1621 510 ad
1645 484 1737 510 lunam

952 533 1065 565 attinet,
1093 533 1174 567 hujus
1202 541 1291 560 annus
1321 533 1434 567 quilibet
1463 531 1543 558 datus
1570 535 1608 556 tot
1632 535 1738 564 semper

951 583 1062 614 epactas
1079 579 1178 612 habet,
1206 582 1273 614 quot
1289 578 1393 605 dierum
1410 581 1476 605 actas
1494 576 1566 603 illius
1582 581 1623 602 est
1648 575 1749 602 Martil'

952 625 995 652 die
1010 633 1085 652 xxxx.
1102 625 1148 652 Sol
1165 629 1267 657 autem,
1282 624 1338 652 sive
1361 632 1450 651 annus
1466 624 1526 657 ejus
1543 629 1668 650 currens.
1686 625 1739 647 tot-

950 671 1021 698 idem
1032 671 1125 705 utique
1139 670 1219 697 habet
1232 674 1352 705 epactas,
1370 672 1454 704 quota
1471 667 1536 694 feria
1551 670 1603 697 est,
1615 667 1642 692 in
1657 671 1738 699 quam

951 716 1116 744 antecedens
1144 724 1233 743 annus
1260 715 1342 742 desiit
1362 714 1449 750 pridie
1475 712 1589 740 Kalend.
1618 711 1737 746 Apriles.

953 761 1015 789 Haec
1039 762 1074 789 de
1100 762 1203 797 epactis
1234 762 1320 793 solis,
1345 764 1372 788 et
1389 768 1483 788 earum
1513 758 1639 786 niethodo
1666 757 1739 784 dicta

951 807 1098 835 sulliciant.

110 857 164 893 τὴν
181 857 319 892 λεχθεῖσαν
338 857 471 892 τριακάδα
489 855 599 892 πρώτην
620 855 667 882 τοῦ
687 855 768 881 αὐτοῦ
779 854 901 889 Μαρτίου
918 855 1011 889 μηνός.
1026 855 1118 881 Ταῦτα
1141 855 1189 882 καὶ
1207 855 1270 890 περὶ
1289 853 1414 880 ἐπακτῶν
1439 853 1512 888 ἡλίου
1534 851 1580 879 καὶ
1606 851 1655 886 τῆς
1677 850 1738 876 τού-

111 914 168 932 των
180 904 323 940 εὑρέσεως.

111 963 184 998 Περὶ
194 963 248 1003 τῇς
263 963 338 1003 κατὰ
348 963 446 998 σάρκα
458 963 508 1003 τοῦ
517 963 653 1003 Σωτῆρος
661 962 841 1003 γεννήσεως,
849 959 906 1003 ’τοῦ

962 959 996 986 De
1020 959 1157 999 {latinitate
1175 958 1274 998 Clu-isti
1292 956 1433 984 secundum
1457 965 1561 983 carnem
1571 957 1682 1003 ,'_deque
1697 956 1740 982 ba'

151 997 182 1025 ὲε
195 997 415 1032 βαπτίσματος,
438 999 486 1025 καὶ
498 1000 551 1024 τοῦ
564 998 688 1030 πάθους,
700 998 774 1031 ποίῳ
786 997 905 1032 γεγόνα-

149 1042 203 1060 σιν
218 1031 376 1067 ἡλίουκαὶ
393 1035 527 1067 σελήνης
553 1033 622 1066 ἔτει,
646 1033 695 1060 καὶ
718 1033 789 1066 ποίᾳ
809 1031 904 1066 ’ἡμέρᾳ

150 1068 204 1102 τῆς
221 1069 392 1103 ἑϐδομάδος.

150 1115 213 1142 AB’.
225 1115 333 1141 Τούτων
346 1115 431 1147 οὕτως
442 1115 605 1151 εἰρημένων,
618 1114 672 1141 τῶν
684 1112 904 1148 ἀναγκαιοτάτων

114 1162 190 1189 ἐστὶν
203 1162 422 1198 ἐπισημήνασθαι
444 1163 491 1189 καὶ
507 1162 538 1188 τὺ
552 1162 601 1197 τῆς
618 1160 812 1196 κοσμογενείας
835 1159 903 1190 ἔτος,

114 1210 145 1236 ὲν
197 1209 246 1244 τὴν
260 1209 443 1244 ὑπερκόσμιον
458 1209 487 1235 ὲν
504 1208 598 1243 κόσμῳ
610 1207 755 1242 πεποίηται
768 1206 904 1241 σάρκωσιν

115 1257 149 1282 ὲκ
167 1256 216 1290 τῆς
236 1255 317 1289 ἁγίας
331 1254 461 1281 Θεοτόκου
477 1255 524 1281 xa‘t
540 1254 585 1282 ἀεὶ
610 1253 749 1288 Παρθένου
769 1251 877 1287 Μαρίας
891 1252 904 1277 ὁ

116 1301 221 1338 Κύριος
234 1301 312 1337 ἡμῶν
329 1301 376 1328 καὶ
397 1301 461 1333 Θεὸς
484 1300 586 1336 Ἰησοῦς
604 1300 730 1336 Χριστός.
747 1298 799 1326 ἿΙν
813 1296 859 1326 οὖν
875 1298 906 1324 τὸ

114 1347 268 1382 τηνικαῦτα
282 1347 348 1382 ,εφα’
364 1347 433 1378 ἔτος,
450 1346 521 1373 κατὰ
531 1347 579 1382 τὴν
598 1347 626 1373 ἐν
640 1346 741 1378 δέλτοις
751 1346 833 1380 ἱεροῖς
845 1345 906 1371 ἀνα-

115 1392 237 1428 γραφὴν,
258 1392 312 1418 τῶν
335 1392 389 1418 ἀπὺ
414 1391 499 1427 Ἀδὰμ
522 1387 729 1427 ἀριθμουμένων
753 1389 831 1416 ἐτῶν.
861 1389 905 1415 Ἐν

114 1438 207 1472 τούτῳ
223 1437 276 1472 γὰρ
290 1438 304 1464 ὃ
317 1437 562 1472 τεηεύαγγελισμὸς
579 1436 674 1470 γέγονε
692 1436 741 1471 τῆς
754 1434 904 1470 Παρθένου,

115 1484 167 1511 καὶ
185 1485 202 1520 ἡ
217 1483 246 1516 ἐξ
260 1484 344 1519 αὐτῆς
359 1482 441 1510 αὑτοῦ
456 1482 572 1519 ἄφθορος
589 1483 635 1509 καὶ
651 1482 804 1516 πανάγαθος
816 1481 907 1516 γέννη-

115 1539 173 1562 σις.
192 1531 270 1561 Ἔτος
286 1527 357 1564 δὲῆν
373 1529 448 1565 ἡλίου
463 1529 493 1556 τὸ
505 1527 549 1563 ιγ’,
567 1528 680 1564 σελήνης
695 1528 725 1554 τὸ
739 1531 763 1559 ι’,
778 1528 869 1563 ἡμέρα
878 1526 907 1553 δὲ

115 1576 171 1611 τῆς
185 1575 330 1610 ἑϐδομάδος
345 1575 390 1601 τοῦ
407 1575 455 1611 μὲν
470 1574 667 1610 εὐαγγελισμοῦ
685 1573 706 1609 β’
716 1583 722 1588 ·
735 1574 785 1609 τῆς
800 1573 828 1599 δὲ
844 1582 907 1607 γεν-

116 1623 224 1657 νὴσεω;
238 1621 267 1647 δ’.
279 1620 356 1647 Οὕτω
367 1621 395 1647 δὲ
410 1621 456 1646 καὶ
466 1620 496 1646 τὸ
510 1620 660 1655 πάμφωτον
672 1619 754 1645 αὑτοῦ
770 1619 815 1645 καὶ
827 1618 909 1653 ὑπέρο

116 1676 210 1703 φωτον
230 1666 370 1702 βάπτισμα
388 1666 426 1701 τῷ
441 1666 504 1700 ,εφλ’
519 1666 638 1700 γέγονεν.
657 1665 736 1696 Ἔτος
749 1665 777 1690 δὲ
788 1662 821 1700 ἦν
831 1663 907 1699 ἡλίου

118 1715 173 1749 μὲν
190 1713 228 1744 ιδ’,
245 1713 359 1748 σελήνης
376 1712 404 1739 δὲ
418 1712 449 1739 τὸ
457 1715 492 1744 α’,
506 1712 597 1747 ἡμέρα
611 1711 640 1738 δὲ
651 1711 700 1747 τῆς
716 1710 861 1746 ἑϐδομάδος
872 1709 906 1744 γ’.

116 1759 207 1788 Πάλιν
218 1759 246 1785 δὲ
261 1759 291 1785 τὺ
305 1759 436 1794 σωτήριον
451 1757 532 1784 αὑτοῦ
549 1757 644 1788 πάθος,
662 1757 745 1791 ἤγουν
758 1758 774 1791 ἠ
787 1755 908 1791 σταύρω-

118 1814 176 1837 σις,
189 1805 243 1833 τῶν
256 1805 279 1821 ⁸³
294 1804 382 1838 ,εφλδ¹.
399 1804 479 1835 Ἔτος
491 1803 519 1829 δὲ
535 1801 568 1838 ἦν
583 1802 659 1838 ἡλίου
673 1803 721 1838 μὲν
737 1805 782 1837 ιη’,
794 1802 908 1837 σελήνης

117 1852 150 1879 δὲ
167 1855 198 1882 ε’,
219 1851 309 1887 ἡμέρα
326 1850 354 1876 δὲ
369 1849 507 1885 προδήλως
524 1849 688 1885 Παρασκευὴ
700 1857 706 1863 ·
728 1848 766 1879 ὡς
785 1847 854 1873 εἶναι
875 1846 909 1873 τὰ

117 1897 177 1926 ὰπὸ
190 1897 238 1933 τῆς
252 1897 482 1932 ὲνανθρωπὴσεως
495 1895 576 1922 αὐτοῦ
591 1895 671 1931 μέχρι
682 1894 732 1929 τῆς
749 1894 795 1920 νῦν
806 1895 910 1920 ὲνιστα-

120 1942 208 1978 μένης
237 1941 410 1975 ίνδικτιῶνος,
439 1941 514 1972 ἔτους
540 1940 579 1967 λα’
595 1940 645 1974 τῆς
664 1939 799 1974 βασιλείας
824 1939 909 1971 Ἠρα-

118 1988 213 2016 κλείου
229 1987 275 2014 τοῦ
295 1987 490 2014 εὐσεΰεστάτου
512 1986 591 2022 ἡμῶν
608 1986 747 2021 βασιλέως,
768 1985 814 2019 ἔτη
840 1985 908 2021 χλγ¹.

119 2034 165 2061 Τὰ
173 2033 201 2060 δὲ
212 2034 265 2060 ἀπὸ
275 2033 322 2060 τοῦ
334 2033 467 2068 σωτηρίου
482 2032 667 2068 βαπτίσματος
677 2032 724 2059 καὶ
738 2031 783 2058 τοῦ
796 2031 908 2063 πάθους,

119 2080 192 2116 δῆλα
210 2080 291 2106 πάλιν
310 2081 342 2107 ὲκ
361 2079 461 2107 τούτων
481 2078 658 2114 καθέστηκεν,
674 2079 710 2110 ὠς
725 2077 759 2105 τὰ
781 2077 830 2113 μέν
842 2078 910 2104 εἰσιν

120 2126 172 2162 χδ’,
188 2126 223 2153 τὰ
236 2126 265 2152 δὲ
280 2130 330 2162 χα’.

121 2184 176 2210 Διὰ
188 2183 216 2210 τι
240 2183 368 2223 διαφόρῳ
389 2183 506 2223 ςῷ--τῆς
530 2182 711 2223 ἱνδικτιῷζος
730 2182 789 2223 ἔτει
808 2182 841 2208 τὸ
855 2181 910 2223 τῆς

161 2218 330 2253 γεννήσεως
351 2219 403 2245 τοῦ
424 2219 534 2252 Κυρίου
554 2217 734 2248 κανονίζεται
754 2218 837 2250 ἔτος·
861 2218 909 2244 καὶ

161 2253 224 2286 πῶς
237 2255 255 2288 ἡ
270 2253 428 2286 ὶνὸικτιὼν,
445 2254 493 2280 καὶ
507 2254 599 2280 πόθεν
610 2253 775 2288 ψηφίζεται.

161 2300 221 2327 AI".
240 2300 295 2334 Ἐφ’
314 2300 428 2327 ἑκάστου
449 2299 477 2325 δὲ
496 2299 597 2326 τούτων
619 2299 667 2334 τὴν
693 2298 863 2334 ἐπινέμησιν,
877 2298 911 2333 ἢν

125 2344 280 2371 ινδικτιῶνα
301 2345 325 2370 οἱ
358 2344 488 2379 Ῥωμαῖοι
511 2344 760 2379 προσαγορεύουσι,
785 2344 911 2379 διάφορον

122 2388 208 2417 οὖσαν
223 2389 382 2426 εὑρίσκομεν
391 2398 397 2404 ·
413 2390 449 2420 ὡς
460 2389 600 2424 διαφώνως
612 2389 713 2425 ταύτης
725 2388 912 2425 ψηφιζομένης

124 2436 158 2462 ἐκ
176 2444 206 2462 τε
219 2435 273 2462 τῶν
289 2436 341 2462 ἀπὸ
363 2435 447 2472 Ἀδὰμ
472 2435 539 2462 ἐτῶν
553 2436 599 2462 καὶ
618 2435 671 2462 τῶν
691 2436 736 2470 ἀφ’
755 2433 784 2462 οὗ
801 2435 912 2470 γέγονεν

124 2481 207 2517 αὕτη.
228 2481 326 2515 Γέγονε
343 2481 370 2508 δὲ
391 2481 462 2508 κατὰ
479 2482 542 2512 τοὺς
564 2481 837 2516 ίστοριογραῳοῦντας
858 2481 912 2508 ἀπὸ

125 2527 280 2561 Αὐγούστου
294 2527 440 2562 Καίσαρος,
455 2526 493 2561 τῷ
508 2527 624 2562 δευτέρῳ
639 2526 693 2552 ἔτει
710 2526 759 2561 τῆς
776 2526 912 2561 βασιλείας

125 2573 220 2600 αὐτοῦ.
238 2573 305 2600 Τότε
317 2573 345 2600 δὲ
358 2571 392 2608 ἦν
410 2573 460 2608 τῆς
476 2573 668 2608 κοσμογενείας
684 2572 713 2598 τὸ
729 2572 788 2604 ,ευΞ
798 2580 805 2587 ·
829 2572 910 2608 ἅπερ,

125 2621 167 2651 είς
184 2619 228 2645 τὺν
245 2622 276 2645 ιε’
291 2619 419 2654 λυόμενα,
440 2619 470 2646 τὸ
495 2619 569 2650 τέλος
587 2619 636 2654 τῆς
663 2618 824 2649 ινδικτιῶνος
845 2627 914 2653 παρ-

127 2665 245 2700 ίστησιν,
254 2665 337 2700 ἤγουν
349 2665 414 2692 αὐτὸ
427 2668 455 2691 ιε’
465 2665 537 2697 έτος·
553 2666 580 2691 ἐν
590 2661 612 2698 ᾧ
621 2663 720 2699 ταύτης
733 2664 835 2695 ἐκεῖνος
843 2663 913 2690 κατὰ

125 2710 157 2736 τὸ
172 2709 250 2742 δόξαν
273 2710 385 2746 Θέμενος
397 2711 446 2747 τὴν
461 2710 557 2746 ἀρχὴν,
585 2709 692 2745 πρῶτον
711 2709 741 2735 τὸ
762 2708 914 2735 τελευταῖον

126 2756 288 2791 πεποίηκεν.
310 2757 353 2788 Ὠς
373 2757 495 2783 ἐντεῦθεν
512 2756 541 2783 ἓν
563 2756 622 2789 ἔτος
644 2755 803 2791 προτρέχειν
822 2754 914 2781 λοιπὸν

126 2805 176 2839 τὴν
199 2803 253 2829 ἀπὸ
274 2803 400 2840 δευτέρου
427 2805 503 2836 ἔτους
525 2803 575 2839 τῆς
598 2803 735 2838 βασιλείας
761 2802 913 2837 Αὐγούστου

174 2861 196 2877 ³³
207 2860 227 2895 1⁸.
245 2859 294 2894 τῷ.

993 995 1124 1028 ptismate,
1140 999 1164 1020 et
1193 993 1315 1027 passione
1328 1013 1345 1028 ,ν
1359 998 1437 1026 quota
1456 991 1605 1028 arinursolis
1623 999 1653 1018 ac
1670 994 1739 1018 tuna:

990 1030 1154 1064 contigerint,
1165 1033 1189 1054 et
1205 1035 1320 1062 quanam
1337 1027 1505 1054 hebdomadis
1521 1027 1572 1053 die.

990 1107 1097 1134 XXXII.
1128 1107 1176 1134 llis
1204 1107 1241 1134 ita
1267 1106 1434 1137 constitutis.
1454 1106 1481 1133 in
1501 1105 1596 1141 primis
1614 1113 1741 1133 necessa-

955 1154 1025 1180 rium
1040 1157 1082 1181 est
1101 1160 1201 1179 annum
1221 1152 1295 1180 orbis
1311 1152 1413 1179 conditi
1436 1155 1558 1179 notatum
1580 1151 1696 1183 habere,
1713 1151 1741 1178 in

955 1209 1009 1236 quo
1025 1200 1105 1228 Jesus
1122 1199 1248 1228 Christus
1265 1198 1353 1231 Deus,
1368 1206 1399 1226 ac
1417 1198 1547 1225 Dominus
1561 1202 1654 1225 noster
1668 1197 1741 1224 illam

955 1247 1057 1274 mundo
1079 1245 1267 1273 sublimiorem
1289 1244 1505 1272 incarnationem
1532 1251 1547 1271 e
1566 1248 1661 1271 sancta
1680 1243 1740 1270 Dei-

954 1301 1032 1329 para,
1049 1299 1211 1327 semperque
1228 1291 1341 1326 Virgine
1355 1291 1439 1317 Maria
1454 1290 1573 1325 suscepit
1589 1290 1616 1316 in
1628 1290 1740 1317 mundo.

956 1340 1020 1367 Erat
1034 1344 1099 1367 tunc
1119 1340 1201 1374 igitur
1222 1346 1310 1366 annus
1336 1337 1429 1365 mundi
1446 1337 1513 1364 5501
1529 1359 1536 1370 ,
1562 1340 1591 1363 ιιι
1604 1345 1637 1364 ex
1653 1337 1742 1364 sacris

957 1388 1053 1414 litteris
1070 1390 1195 1426 constat,
1216 1393 1364 1420 earumque
1387 1383 1590 1419 computatione
1605 1389 1740 1410 annorum

955 1431 989 1457 ah
1004 1429 1117 1456 Adamo.
1131 1428 1189 1456 Hoc
1206 1429 1280 1456 enim
1298 1436 1370 1455 anno
1391 1427 1564 1454 annnntiatio
1579 1427 1682 1462 Virgini
1703 1427 1743 1454 la-

957 1481 999 1503 eta
1012 1480 1064 1506 est,
1081 1481 1108 1502 et
1121 1476 1280 1509 incorrupta
1296 1473 1547 1508 benignissimaque
1562 1473 1596 1500 de
1615 1473 1674 1507 ipsa
1693 1479 1743 1499 na-

958 1523 1049 1549 tivitas
1064 1521 1174 1549 accidit.
1197 1521 1293 1548 Annus
1308 1525 1367 1547 erat
1385 1520 1451 1547 solis
1468 1527 1529 1551 xm,
1544 1520 1614 1546 lunae
1628 1527 1692 1547 vero
1713 1527 1742 1552 κ,

958 1569 1016 1596 dies
1032 1567 1207 1595 hebdomadas
1222 1571 1344 1602 tempore
1363 1566 1540 1601 evangelismi
1561 1565 1629 1593 feria
1644 1573 1674 1596 ιι.
1691 1572 1742 1592 na-

959 1614 1072 1642 tivitatis
1090 1623 1126 1641 1v.
1155 1613 1201 1641 Sic
1229 1612 1467 1648 splendidissimus
1482 1633 1489 1645 ,
1519 1612 1575 1638 imo
1598 1611 1744 1646 splendore

959 1660 1047 1695 major
1058 1660 1132 1687 omni
1148 1659 1299 1694 baptismus
1313 1657 1435 1693 ejusdem
1449 1658 1561 1692 contigit
1577 1664 1648 1684 anno
1661 1657 1741 1688 5550,

960 1714 1032 1734 anno
1053 1707 1119 1735 solis
1134 1714 1196 1737 xxv,
1219 1707 1289 1733 lunae
1305 1714 1322 1738 ι,
1337 1705 1404 1732 feria
1423 1713 1463 1732 Ill.
1487 1704 1593 1731 Rursus
1615 1703 1744 1731 salutaris

960 1753 1033 1781 illius
1044 1753 1145 1788 passio,
1155 1753 1212 1781 sive
1226 1752 1384 1782 crucilixio.
1399 1759 1471 1777 anno
1488 1750 1573 1783 5534,
1589 1757 1661 1776 anno
1676 1749 1744 1777 solis

959 1805 1037 1832 XVIII,
1058 1798 1128 1826 lunae
1154 1806 1180 1829 ν,
1205 1797 1265 1832 ipso
1291 1797 1384 1831 utique
1410 1795 1576 1822 Parasceves
1593 1794 1648 1821 die.
1665 1793 1745 1821 Colli-

960 1844 1061 1876 guntur
1079 1840 1113 1868 ab
1127 1841 1315 1866 incarnatione
1330 1839 1417 1873 ipsius
1433 1846 1518 1873 usque
1535 1837 1569 1863 ad
1583 1842 1744 1872 prmsentem

962 1886 1136 1912 indictionem
1155 1885 1219 1912 anni
1249 1892 1313 1912 xxxt
1342 1884 1450 1919 imperii
1480 1883 1596 1910 Ileraelii
1626 1882 1744 1917 piissimi

961 1934 1048 1960 nostri
1067 1932 1249 1967 imperatoris,
1261 1931 1326 1958 anni
1345 1930 1408 1957 655.
1431 1929 1453 1956 A
1478 1928 1591 1956 salutari
1612 1935 1675 1955 vero
1697 1927 1746 1954 ba-

961 1980 1072 2015 ptismo,
1085 1983 1112 2006 et
1125 1978 1252 2014 passione
1262 1980 1328 2012 quot
1347 1977 1411 2003 anni
1431 1975 1499 2010 lapsi
1520 1975 1575 2002 sint
1587 1982 1620 2001 ex
1636 1974 1670 2001 iis
1685 1980 1744 2000 ma-

963 2026 1091 2053 nifestum
1108 2028 1150 2052 est
1165 2023 1308 2054 omnibus,
1330 2022 1458 2048 nimirum
1475 2020 1509 2047 ab
1525 2019 1572 2047 illo
1587 2026 1674 2046 annos
1694 2018 1746 2045 llu-

962 2072 1036 2100 xisse
1052 2070 1116 2104 604,
1132 2070 1166 2097 ab
1180 2069 1232 2096 hac
1242 2068 1303 2096 601.

963 2174 1018 2201 Cur
1033 2172 1135 2199 diverso
1152 2169 1303 2197 indictionis
1330 2175 1400 2194 anno
1427 2165 1573 2194 natiuitatis
1600 2164 1746 2201 ﬂaminica!

997 2213 1105 2235 notatur
1134 2214 1233 2237 annus,
1262 2208 1287 2230 et
1316 2203 1444 2238 quomodo
1470 2201 1578 2228 indictio
1594 2220 1601 2232 ,
1627 2205 1652 2226 et
1677 2200 1747 2227 unde

996 2247 1111 2278 putetur.

997 2287 1116 2316 XXXIII.
1132 2287 1160 2314 In
1177 2286 1220 2314 his
1232 2284 1345 2320 singulis
1360 2283 1469 2311 diversa
1481 2281 1616 2317 reperitur
1633 2279 1746 2307 indictio

964 2336 1013 2373 (sic
1027 2336 1099 2363 enim
1115 2342 1130 2360 ιι
1154 2332 1285 2360 Romanis
1308 2329 1443 2365 vocatur),
1467 2333 1596 2363 tanquam
1622 2335 1675 2354 non
1691 2333 1747 2352 uno

962 2383 1043 2411 modo
1059 2385 1215 2409 numeretur
1232 2379 1265 2405 ab
1280 2377 1359 2404 annis
1381 2375 1475 2402 Adami
1488 2396 1494 2406 ,
1519 2378 1545 2402 et
1561 2381 1593 2401 ex
1612 2381 1666 2408 quo
1690 2372 1747 2408 pri-

963 2437 1037 2457 mum
1054 2427 1177 2455 instituta
1197 2428 1248 2452 est.
1273 2423 1338 2451 Orta
1363 2426 1404 2449 est
1418 2426 1507 2448 autem
1523 2440 1530 2452 ,
1565 2425 1594 2446 ut
1623 2418 1746 2446 historici

964 2475 1160 2512 prodiderunt,
1188 2478 1259 2498 anno
1281 2470 1368 2505 primo
1391 2467 1506 2502 Augusti
1526 2465 1660 2496 (hesaris,
1687 2464 1747 2498 ejus

963 2510 1069 2558 imperii
1092 2518 1227 2548 secundo,
1245 2517 1290 2551 qui
1312 2515 1361 2542 fuit
1383 2522 1471 2540 annus
1498 2512 1591 2539 mundi
1608 2511 1688 2538 5460.
1713 2510 1747 2537 Hi

964 2556 1012 2604 per
1029 2568 1061 2594 15
1079 2565 1171 2596 divisi.
1185 2564 1309 2591 ultimum
1339 2559 1496 2587 indictionis
1518 2565 1636 2589 annum,
1663 2556 1688 2583 id
1706 2561 1749 2583 est

964 2602 1065 2643 annum
1081 2613 1205 2649 quintum
1219 2609 1355 2637 decimum
1373 2606 1502 2634 exhibent
1517 2614 1524 2632 :
1548 2605 1575 2631 in
1598 2611 1652 2638 quo
1666 2602 1749 2636 hujus

964 2660 1072 2687 initium
1089 2647 1133 2685 ille
1150 2659 1272 2684 statuens
1290 2653 1415 2680 ultimum
1437 2658 1498 2677 esse
1519 2649 1634 2684 primum
1651 2647 1747 2674 voluit.
1763 2668 1766 2670 ν

965 2706 1003 2733 Ita
1024 2705 1053 2732 lit
1066 2708 1095 2732 ut
1111 2711 1165 2730 uno
1178 2708 1249 2728 anno
1262 2700 1411 2734 praecurrat
1422 2695 1544 2726 indictio,
1558 2702 1617 2729 quze
1633 2692 1665 2719 ah
1677 2699 1747 2718 anno

967 2752 1082 2787 Augusti
1106 2748 1226 2777 secundo
1250 2747 1418 2774 numeratur,
1441 2749 1514 2771 eam.
1535 2748 1595 2776 qua:
1618 2739 1652 2765 ah
1674 2737 1748 2787 orbis

968 2782 1079 2826 exordio
1094 2795 1214 2827 ducitur,
1229 2791 1338 2828 quando
1355 2788 1418 2829 anni
1442 2786 1537 2814 Adami
1559 2793 1605 2821 per
1630 2792 1661 2812 xv
1680 2782 1749 2811 divi-
