1931 3135
208 144 272 171 1⁸2ὅό

298 203 318 227 Δ
446 202 465 226 Β
581 200 601 225 Γ
723 201 741 225 Δ
862 199 881 225 Ε

264 247 359 280 ’ἵμϐό-
545 245 627 279 Σελὴ-
697 245 765 271 Ἐπεί
822 245 919 280 Περιτ·

265 292 347 323 λιμοι.
531 299 577 326 νης
595 291 653 326 ἐτη.
692 290 765 316 κταί.
839 289 897 317 ταί.

438 393 458 416 Δ
583 392 605 416 Α
719 391 752 416 113
858 390 893 416 ΙΛ.

442 437 462 463 Ε
586 437 607 462 Β
714 437 759 462 ΚΓ
857 437 889 462 1Δ

253 480 358 515 Ἐμεὸλ.
434 481 462 514 ς
586 481 606 506 Γ
724 483 743 506 Δ
859 481 890 506 ΙΔ

437 525 455 551 Ζ
583 526 603 552 Δ
720 525 751 551 lE
856 526 888 551 ΙΔ

253 570 358 606 mea.
435 571 458 597 ιι
578 571 598 597 Ε
707 571 763 604 Kq
861 571 893 596 ιε

435 617 456 643 θ
579 617 608 650 c;
728 617 747 642 z
859 616 892 642 IE

438 663 448 689 1
578 662 597 689 Ζ
715 662 750 688 IH
858 661 890 688 lE

260 708 361 744 Εμὸόλ.
433 709 467 735 1.x
575 709 598 734 ιι
707 707 754 734 ΚΘ
856 699 890 734 1E

430 755 461 782 lB
572 755 593 781 Θ
719 756 729 781 1
853 754 886 780 lE

431 801 464 827 ll‘
584 801 594 826 1
702 801 749 825 ΚΑ
858 799 890 825 lE

255 846 360 882 Ἐμϐόλ.
429 848 460 872 ιλ
565 847 598 872 ιΑ
715 845 736 870 Β
856 845 888 870 ιε

429 893 460 919 lE
561 892 594 918 IB
709 892 739 917 ΙΔ
855 891 888 917 lE

428 941 469 972 ις
560 939 592 964 II‘
700 938 747 965 KE
854 937 888 964 ιε

253 985 358 1020 meo.
425 986 456 1012 lZ
556 985 587 1010 ιι
704 985 734 1018 q'
855 983 889 1010 ιε

428 1032 463 1057 111
558 1030 591 1057 ΙΕ
709 1031 739 1056 1Ζ
853 1029 886 1056 lE

253 1076 358 1112 Ἐμϐόλ.
427 1076 460 1102 ιθ
554 1077 596 1110 ις
691 1075 740 1102 KH
845 1074 886 1108 ις

434 1123 456 1148 Α
556 1122 586 1149 1Ζ
705 1121 727 1148 Θ
855 1121 887 1148 lE

434 1169 456 1194 B
559 1170 596 1195 1H
711 1169 734 1195 K
853 1169 884 1194 1Δ

253 1215 359 1250 mea.
433 1215 452 1241 r
559 1215 593 1241 ιθ
711 1216 732 1241 Α
853 1215 884 1240 IE

240 1294 318 1330 184
331 1294 379 1321 Est
402 1294 483 1329 igitur
497 1293 632 1329 ejusmodi
653 1295 753 1322 tabula
782 1295 941 1331 descriptio.
961 1296 988 1323 In
1006 1302 1027 1330 Α

201 1340 290 1366 medio
299 1344 350 1366 sxta
362 1343 403 1366 est
417 1339 511 1374 ingens
520 1344 589 1370 rota,
603 1340 731 1375 utrinque
747 1341 862 1375 singulis
877 1342 989 1368 canoni-

203 1386 253 1413 bus
265 1387 374 1421 stipata.
389 1386 419 1412 ln
435 1392 494 1413 rota
506 1393 581 1413 zona:
590 1391 663 1419 sunt,
672 1387 714 1414 vel
722 1387 817 1414 circuli
833 1396 872 1420 l‘.\',
881 1389 927 1423 qui
938 1388 990 1416 hoc

201 1432 282 1459 modo
298 1440 327 1460 se
345 1433 455 1459 habent.
472 1432 579 1459 Primus
595 1433 728 1466 circulus,
744 1434 789 1469 qui
804 1435 922 1462 extimus
936 1439 989 1467 cst,

201 1486 288 1505 annos
304 1486 390 1505 xxviii
407 1478 473 1505 solis
487 1479 608 1510 exhibet,
628 1479 705 1506 initio
723 1487 778 1506 non
797 1487 811 1506 a
832 1481 920 1514 primo
937 1481 990 1507 du-

201 1529 256 1556 cto,
282 1523 330 1551 sed
354 1532 368 1552 ιι
393 1532 452 1555 xm,
468 1532 523 1556 xw,
536 1527 562 1551 ct
577 1524 613 1551 ita
629 1524 772 1559 deinceps;
789 1526 926 1553 secundus
940 1533 990 1552 an-

201 1578 299 1597 norum
315 1575 440 1605 epactas;
465 1571 561 1598 tertius
577 1570 677 1598 Iuliani
693 1572 865 1606 quadriennii
878 1572 992 1606 bisexti-

203 1618 259 1647 les;
276 1621 390 1652 quartus
406 1624 493 1644 annos
510 1617 577 1645 solis
592 1625 677 1645 xxvnl
695 1619 793 1645 iterum
816 1618 960 1646 inchoatos
975 1625 991 1645 a

202 1663 300 1698 primo.
326 1662 367 1690 Ob
381 1663 406 1690 id
431 1671 496 1690 vero
520 1663 547 1690 in
571 1664 658 1698 primo
682 1664 785 1692 circulo
799 1671 814 1690 τι
829 1672 888 1696 xm,
903 1665 931 1691 in
948 1671 991 1691 se-

201 1709 292 1736 cundo
308 1717 323 1735 a
345 1710 434 1744 primo
450 1709 514 1736 anni
531 1718 615 1736 xxvm
643 1710 709 1737 solis
724 1710 870 1745 incipiunt,
888 1715 918 1737 ut
933 1715 992 1737 slu-

201 1756 295 1782 diosus
310 1755 395 1782 lector
410 1754 519 1783 facilius
536 1756 712 1790 intelligeret,
728 1764 808 1790 quem
824 1756 862 1783 illi
880 1763 992 1791 compu-

202 1803 260 1826 tant
285 1799 401 1834 primum
425 1800 491 1827 solis
517 1808 629 1832 annum,
648 1801 720 1835 apud
745 1808 795 1828 nos
814 1808 875 1828 esse
890 1809 951 1834 xm,
965 1805 991 1828 et

201 1846 351 1872 secundum
371 1853 433 1877 xw,
457 1851 484 1872 et
501 1846 539 1872 ita
556 1853 647 1880 porro.
671 1846 765 1873 eadem
782 1846 894 1874 omnino
907 1847 991 1874 ratio-

201 1900 249 1926 ne;
276 1892 304 1919 in
327 1892 463 1927 superiori
485 1899 550 1919 vero
575 1895 652 1927 parte
675 1899 762 1919 annos
776 1893 927 1927 posuimus,
945 1893 990 1927 qui

202 1946 295 1965 revera
316 1945 349 1965 ex
374 1938 520 1965 traditione
536 1938 722 1966 ecclesiastica
741 1939 776 1964 ita
800 1943 989 1966 numerantur.

202 1983 264 2011 llzec
282 1988 346 2011 sunt
365 1985 392 2010 in
411 1989 530 2018 quatuor
544 1987 612 2010 rotae
625 1984 754 2016 circulis;
773 1988 800 2010 at
816 1985 959 2012 interiores
974 1993 990 2011 v
1006 1973 1027 2000 Β

201 2031 296 2058 circuli
312 2039 398 2059 annos
416 2032 486 2058 lunzc
504 2031 645 2058 continent
659 2036 721 2058 octo
734 2036 761 2058 ct
776 2031 870 2067 viginti
889 2038 990 2058 ennea-

201 2076 413 2107 dccaetcridum,
439 2076 467 2102 in
487 2076 587 2110 quibus
603 2083 651 2103 xw
668 2076 749 2110 primi
767 2076 868 2102 mensis
882 2075 989 2102 Judaici

202 2123 229 2148 in
247 2121 415 2148 Dominicam
429 2121 552 2149 incidens
561 2122 595 2148 ab
605 2122 659 2149 illis
676 2130 720 2152 xv,
735 2121 777 2148 vel
794 2129 838 2148 xu
852 2125 989 2156 computa-

202 2167 400 2194 tur.Cacterum
415 2167 512 2194 ordine
523 2168 651 2202 quaelibet
665 2167 904 2195 enneadecaeteris
920 2167 990 2194 indi—

202 2217 290 2245 catur,
305 2214 392 2247 prima
408 2213 516 2248 quidem
534 2221 582 2248 per
595 2214 713 2248 primum
734 2214 801 2240 solis
816 2221 927 2245 annum,
943 2214 988 2249 qui

201 2262 300 2292 quarto
316 2258 420 2285 circulo
439 2259 587 2294 inscriptus
602 2264 643 2285 est
661 2268 667 2286 :
687 2263 748 2293 post
761 2267 852 2294 quem.
871 2262 900 2285 ut
922 2259 988 2293 dixi,

203 2305 311 2332 lunares
327 2304 391 2331 anni
405 2304 616 2338 describuntur;
633 2305 753 2332 secunda
775 2305 989 2333 cnneadecacte-

202 2351 241 2378 ris
253 2359 301 2386 per
317 2356 484 2386 sequentem.
498 2351 530 2378 Et
543 2352 579 2378 ita
595 2352 708 2386 singulae
722 2359 770 2387 per
785 2352 988 2387 suprascriptos

202 2405 289 2424 annos
312 2397 388 2425 solis.
415 2396 462 2425 His
483 2398 554 2425 enim
579 2397 612 2424 ad
628 2397 750 2432 ejusdem
767 2398 870 2425 numeri
886 2397 990 2433 signiti-

201 2443 303 2470 cnndas
327 2442 602 2471 enneadecaeteridas
626 2444 668 2471 usi
692 2451 799 2476 sumus,
822 2451 856 2471 ne
878 2448 990 2478 propter

201 2497 248 2516 eas
271 2489 324 2516 alio
348 2489 453 2516 circulo
473 2497 543 2524 opus
568 2493 657 2522 esset;
682 2497 713 2516 ac
738 2489 850 2517 circulis
866 2493 988 2516 tantum-

201 2530 282 2562 modo
306 2543 322 2562 ν
347 2535 494 2570 cujuslibet
513 2535 780 2563 enneadecaeteridis
799 2543 886 2563 annos
908 2536 988 2562 attri-

200 2580 326 2612 buimus,
354 2581 483 2615 quoniam
511 2580 538 2607 in
562 2581 636 2607 nulla
665 2589 779 2616 prorsus
802 2581 874 2608 ultra
901 2588 987 2608 annos

202 2626 321 2660 quinque
337 2626 363 2653 in
379 2625 548 2653 Dominicam
563 2626 662 2654 cadere
682 2627 922 2654 animadvertimus
942 2635 986 2660 xv,
1000 2644 1022 2672 ε

201 2671 243 2698 vel
265 2679 309 2698 xvr
336 2670 454 2702 illorum,
471 2678 552 2705 quam
570 2679 620 2699 nos
638 2679 682 2698 xxv
696 2676 898 2706 computamus.
915 2671 987 2707 quod

202 2717 310 2744 nonnisi
333 2717 361 2743 in
383 2725 447 2748 uno,
476 2717 517 2744 vel
543 2717 659 2749 duobus,
685 2718 727 2745 vel
744 2718 843 2749 tribus,
859 2719 901 2746 vel
916 2727 986 2754 qua-

202 2767 274 2794 tuor,
288 2763 442 2798 quinqueve
458 2764 538 2791 annis
554 2764 592 2796 lit,
609 2764 637 2792 in
651 2764 777 2799 pluribus
794 2773 862 2811 non.
874 2765 984 2793 accidit.

237 2839 260 2856 ³⁵
275 2840 292 2866 f.
309 2841 348 2868 ιδ’.

711 142 754 169 AD
774 141 908 170 EUSEBH
929 140 1126 168 CllltONlCON
1147 140 1325 168 APPENDIX.

1760 139 1830 167 1256

1127 198 1147 224 Ε
1272 199 1290 223 Δ
1411 196 1430 222 Γ
1549 196 1570 221 Β
1700 195 1722 220 Α

1094 244 1181 279 Προσ-
1253 244 1307 271 Πο-
1362 242 1454 277 Μῆνες
1514 241 1597 268 Ἐπα-
1672 241 1760 275 Σελή-

1092 289 1178 317 Θεται.
1223 291 1324 317 οταῐαι.
1368 289 1435 314 Ῥω·
1524 287 1598 316 xui.
1654 296 1705 322 νης
1718 287 1779 322 ἐτη.

1360 333 1456 369 μαίων.

1269 389 1289 415 B
1371 389 1475 424 Ἀπρῐλ.
1559 389 1591 415 na
1705 389 1726 414 A

1124 436 1144 462 Δ
1257 436 1304 462 ΚΒ
1369 435 1460 471 Μάρτ.
1553 435 1598 461 ΚΓ
1703 435 1726 460 Ε

1267 481 1276 506 1
1373 480 1477 514 Ἀπρίλ.
1560 481 1578 504 Δ
1698 480 1729 512 (,-

1121 526 1144 553 Δ
1261 528 1282 554 Λ
1371 526 1460 561 Μάρτ.
1561 525 1592 550 IE
1706 526 1726 552 Ζ

1253 573 1289 598 111
1375 572 1477 607 Ἀπρέλ.
1551 571 1604 604 KC;
1703 572 1730 598 H

1265 618 1282 643 Ζ
1378 617 1486 652 Ἀπρίλ.
1566 617 1584 642 Ζ
1705 617 1728 642 Θ

1122 665 1142 692 Δ
1250 663 1293 689 ΚΖ
1377 662 1467 696 Μάρτ.
1558 662 1594 687 111
1711 662 1722 688 1

1259 709 1291 735 lE
1379 707 1483 743 Ἀπρίλ.
1550 707 1596 734 ΚΘ
1698 709 1733 733 ΙΑ

1263 759 1281 781 Δ
1376 754 1481 789 Ἆπρίλ.
1569 755 1578 779 1
1702 753 1736 780 ιΒ

1122 803 1140 827 Δ
1247 802 1294 828 κει
1378 800 1467 836 Μάρτ.
1548 801 1594 827 ΚΑ
1702 799 1735 825 ll‘

1260 846 1292 872 ῙΒ
1382 845 1488 880 Ἀπρίλ.
1561 846 1582 871 Β
1702 845 1735 871 1Δ

1269 893 1290 918 Α
1382 891 1488 927 Ἀπριλ.
1556 891 1588 917 ll‘
1701 891 1736 917 1E

1128 941 1148 966 A
1253 940 1301 966 ΚΑ
1374 939 1463 974 Μάρτ.
1547 939 1591 964 ΚΔ
1692 939 1736 972 Ic,-

1264 986 1284 1012 E
1374 985 1478 1021 Ἀπρελ,
1557 985 1576 1010 Ε
1702 986 1735 1011 ΙΖ

1126 1032 1146 1058 Δ
1251 1030 1298 1057 ΚΘ
1371 1030 1460 1065 Μάρτ.
1552 1030 1592 1063 iq
1706 1030 1741 1055 ιιι

1259 1076 1289 1102 lZ
1374 1074 1478 1110 Ἀπριλ.
1557 1075 1584 1100 Il
1702 1075 1735 1101 na

1252 1123 1280 1156 ς
1379 1121 1484 1157 Ἀπρίλ.
1563 1121 1584 1147 Θ
1709 1123 1732 1148 Δ

1121 1171 1140 1196 Δ
1245 1169 1300 1201 κς
1369 1167 1458 1203 Μάρτ.
1562 1167 1586 1194 Κ
1715 1168 1736 1193 Β

1255 1215 1287 1241 1Γ
1375 1214 1479 1249 Ἀπρὲλ
1565 1215 1587 1240 Δ
1712 1214 1732 1239 Γ

1079 1296 1172 1322 Ἔστιν
1187 1292 1233 1321 οὖν
1245 1295 1262 1329 ἡ
1277 1293 1323 1320 τοῦ
1335 1294 1457 1320 κανονίου
1469 1292 1605 1328 διαγραφή
1620 1293 1741 1328 τοιαύτη.
1752 1294 1832 1320 Κατὰ

1040 1342 1071 1368 τὺ
1093 1342 1175 1377 μέσον
1192 1340 1273 1367 αὑτοῦ
1293 1340 1389 1375 τροχὸν
1410 1339 1464 1374 ἔχει
1484 1340 1585 1374 μέγαν’
1609 1340 1781 1375 ἑκατέρωθεν
1805 1340 1833 1366 δὲ

1041 1387 1086 1414 δύο
1103 1388 1223 1414 κανόνια.
1240 1387 1295 1413 Καὶ
1306 1387 1320 1413 ὁ
1339 1386 1388 1421 μὲν
1399 1385 1495 1421 τροχὸς
1503 1385 1634 1420 κέκτηται
1642 1385 1729 1418 ζώνας
1741 1386 1833 1416 ἐννέα,

1040 1433 1164 1460 τουτέστι
1190 1433 1322 1464 κύκλουςο
1347 1432 1371 1458 οἱ
1395 1432 1423 1458 δὲ
1449 1431 1544 1458 κύκλοι
1562 1431 1647 1458 ταῦτα
1661 1431 1722 1458 καθ’
1734 1432 1834 1468 εἱρμὸν

1042 1479 1224 1515 περιέχουσιν.
1245 1476 1308 1505 Οἴον
1326 1479 1340 1504 ὁ
1357 1478 1406 1513 μὲν
1425 1477 1542 1513 πρῶτος,
1559 1478 1643 1511 ἣγουν
1658 1478 1672 1503 ὁ
1687 1478 1832 1514 ἐξώτερος,

1041 1525 1075 1552 τὰ
1096 1524 1139 1561 κη’
1153 1524 1200 1551 τοῦ
1216 1524 1291 1560 ἡλίου
1308 1524 1367 1559 ἔτη,
1384 1525 1434 1550 οὐκ
1451 1524 1505 1551 ἀπὸ
1519 1523 1627 1560 πρώτου
1642 1524 1718 1555 ἔτους
1734 1524 1835 1559 ἔχοντα

1041 1571 1090 1607 τὴν
1104 1571 1200 1606 ἀρχὴν,
1216 1571 1284 1597 ἀλλὰ
1295 1570 1530 1606 τρισκαιδεκάτου,
1544 1571 1590 1596 καὶ
1601 1571 1835 1606 τεσσαρεσκαιδε-

1043 1618 1136 1648 κάτου,
1165 1618 1212 1643 καὶ
1234 1617 1287 1643 τῶν
1309 1617 1439 1652 καθεξῆς·
1456 1618 1470 1643 ό
1490 1615 1511 1651 β’
1525 1616 1575 1648 τὰς
1595 1617 1648 1642 τῶν
1674 1616 1742 1642 ἐτῶν
1763 1618 1835 1643 ἑπα-

1042 1664 1107 1695 κτάς
1118 1673 1124 1678 ·
1142 1665 1155 1690 ὁ
1169 1667 1192 1697 γ’
1204 1663 1238 1689 τὰ
1250 1663 1319 1689 κατὰ
1333 1663 1382 1698 τὴν
1394 1662 1588 1698 τετραετηρίδα
1599 1662 1706 1697 βίσεξτα
1715 1671 1721 1677 ’
1734 1663 1747 1689 ὁ
1761 1662 1785 1689 δ’
1799 1663 1834 1689 τὰ

1043 1713 1084 1745 κη’
1110 1709 1157 1735 τοῦ
1185 1708 1262 1744 ἡλίου
1286 1709 1334 1743 ἐτη
1350 1708 1440 1739 πάλιν,
1456 1709 1510 1735 ἀπὸ
1525 1708 1632 1744 πρώτου
1644 1708 1721 1740 ἔτους
1734 1708 1834 1743 ἔχοντα

1042 1754 1091 1790 τὴν
1108 1754 1205 1790 ἀρχήν.
1216 1753 1265 1779 Διὰ
1280 1753 1358 1780 τοῦτο
1369 1753 1398 1779 δὲ
1413 1753 1481 1780 κατὰ
1495 1754 1543 1788 μὲν
1556 1753 1600 1779 τὸν
1613 1753 1720 1788 πρῶτον
1731 1753 1836 1780 κύκλον

1041 1801 1095 1827 ἀπδ
1111 1801 1134 1835 γ’
1152 1801 1199 1827 καὶ
1216 1804 1241 1832 ι’,
1260 1800 1331 1826 κατὰ
1346 1800 1391 1826 τὸν
1408 1800 1427 1826 δ’
1442 1800 1470 1827 δὲ
1487 1800 1539 1827 ἀπὸ
1550 1800 1656 1836 πρώτου
1675 1799 1710 1826 τὰ
1724 1799 1768 1835 κη’
1786 1800 1835 1827 τοῦ

1041 1847 1117 1883 ἡλίου
1130 1847 1318 1882 κατετάγησαν
1331 1846 1388 1882 ἐτη,
1399 1846 1442 1872 ἵνα
1455 1846 1637 1881 εὐσημείωτον
1647 1846 1759 1881 γένηται
1776 1848 1835 1878 τοῖς

1042 1892 1230 1928 φιλομαθὲσιν,
1244 1892 1281 1924 ὡς
1295 1893 1325 1918 τὸ
1340 1893 1403 1927 παρ’
1418 1891 1531 1923 ἐκείνοις
1547 1891 1731 1927 ψηφιζόμενον
1744 1891 1769 1917 α’
1785 1892 1834 1918 τοῦ

1043 1939 1117 1974 ἡλίου
1135 1938 1193 1969 ἔτος
1206 1939 1270 1974 παρ’
1286 1940 1350 1973 ἡμῖν
1375 1939 1433 1964 ἐστι
1444 1937 1468 1972 γ’
1484 1938 1531 1964 καὶ
1549 1937 1574 1969 ι’,
1590 1938 1637 1964 καὶ
1656 1938 1686 1964 τὸ
1700 1937 1734 1972 β’,
1748 1937 1770 1964 δ’
1786 1939 1835 1965 καὶ

1042 1984 1069 2015 ι’,
1078 1986 1125 2011 καὶ
1137 1984 1172 2011 τὰ
1184 1985 1264 2011 λοιπὰ
1278 1984 1348 2010 κατὰ
1364 1984 1409 2011 τὸν
1424 1984 1516 2019 ὅμοιον
1531 1983 1610 2019 τῆσδε
1624 1985 1672 2018 τῆς
1687 1983 1835 2019 διαστολῆς

1039 2031 1149 2066 τρόπον.
1171 2031 1310 2066 Ἀνωτὲρω
1325 2030 1353 2056 δὲ
1371 2030 1472 2057 τούτων
1487 2031 1525 2062 ὡς
1541 2030 1629 2065 ἀληθῆ
1646 2031 1679 2057 τὰ
1694 2030 1766 2057 κατὰ
1782 2032 1836 2066 τὴν

1040 2076 1268 2112 ὲκχλησιαστικὴν
1284 2077 1432 2112 παράδοσιν
1442 2076 1616 2112 ψηφιζόμενα
1629 2076 1834 2112 κατετάξαμεν.

1039 2123 1132 2150 Ταῦτα.
1155 2123 1203 2158 μὲν
1219 2124 1248 2148 ὲν
1264 2124 1319 2154 τοῖς
1339 2122 1469 2158 τέσσαρσι
1486 2122 1533 2149 τοῦ
1550 2122 1646 2158 τροχοῦ
1662 2122 1789 2154 κύκλοις-θ
1808 2124 1835 2150 οι

1039 2168 1067 2195 δὲ
1088 2168 1189 2195 τούτων
1207 2168 1281 2200 ἐντὸς
1307 2168 1538 2204 διαγεγραμμένοι
1561 2171 1581 2194 ε’
1607 2167 1700 2195 κύκλοι
1723 2168 1756 2195 τὰ
1776 2169 1836 2195 τῶν

1039 2213 1192 2249 εἰρημένων
1222 2212 1263 2248 κη’
1295 2213 1619 2248 ὲννεακαιόεκαετηρὶδων
1639 2214 1687 2248 τῆς
1713 2213 1836 2249 σελήνης

1041 2259 1211 2295 περιέχουσιν
1233 2259 1279 2294 ἐτη
1291 2268 1298 2275 ·
1317 2261 1347 2285 ἐν
1359 2256 1399 2290 οἷς
1419 2259 1458 2290 εἰς
1482 2257 1593 2294 πρώτην
1612 2258 1729 2293 ἡμέραν,
1745 2249 1835 2293 ἡγουν

1041 2305 1121 2338 ἁγίαν
1143 2303 1295 2339 Κυριακὴν,
1311 2307 1332 2329 ε’
1359 2303 1406 2330 καὶ
1433 2302 1458 2335 ι’,
1475 2303 1492 2338 ἢ
1512 2302 1538 2334 ς’
1552 2303 1599 2329 καὶ
1622 2301 1648 2333 ι’,
1664 2304 1763 2329 ἐκεῖνοι
1782 2304 1835 2339 τὴν

1038 2350 1115 2376 δ’καὶ
1129 2347 1298 2384 ι’ψηφὶζουσι
1313 2348 1359 2374 τοῦ
1376 2348 1437 2375 καθ’
1456 2348 1597 2384 Ἐὕραῐους
1611 2348 1719 2384 πρώτου
1735 2349 1833 2383 μηνὸς.

1039 2395 1168 2431 Δηλοῦται
1193 2395 1221 2421 δὲ
1248 2395 1318 2422 κατὰ
1344 2394 1419 2426 τάξιν
1435 2395 1451 2430 ἡ
1467 2395 1516 2430 μὲν
1539 2394 1633 2429 πρώτη
1649 2394 1698 2429 τῆς
1716 2394 1834 2430 σελήνης

1039 2442 1325 2476 ὲννεακαιδεκαετηρὶς
1346 2440 1391 2467 διὰ
1413 2440 1459 2467 τοῦ
1476 2439 1584 2476 πρώτου
1606 2440 1678 2466 κατὰ
1694 2440 1739 2466 τὸν
1755 2440 1833 2475 ἥλιον

1039 2487 1115 2519 ἔτους
1139 2487 1186 2513 τοῦ
1210 2488 1248 2518 εἰς
1270 2486 1316 2513 τὸν
1334 2486 1462 2522 τέταρτον
1477 2486 1703 2522 ἐγγεγραμμένου
1718 2486 1831 2517 κύκλον,

1040 2533 1097 2568 μεθ*
1117 2533 1156 2565 ὃν,
1173 2533 1209 2564 ὡς
1229 2533 1306 2568 ἔφην,
1321 2533 1356 2559 τὰ
1367 2533 1437 2560 αὐτὰ
1450 2534 1500 2568 τῆς
1514 2533 1628 2568 σελήνης
1641 2533 1831 2568 διεγράςρηααν

1038 2580 1084 2615 ἐτη
1094 2588 1100 2595 ·
1118 2580 1134 2614 ὴ
1154 2579 1182 2605 δὲ
1199 2578 1219 2614 β’
1235 2578 1279 2605 διὰ
1291 2579 1336 2605 τοῦ
1352 2578 1373 2614 β’
1384 2588 1391 2594 ·
1408 2580 1454 2606 καὶ
1468 2579 1560 2611 ἁπλῶς
1577 2580 1604 2605 αἱ
1618 2580 1704 2605 πᾶσαι
1716 2579 1760 2605 διὰ
1775 2579 1830 2604 τῶν

1039 2626 1242 2662 ὑπερκειμένων
1263 2626 1310 2652 τοῦ
1327 2625 1402 2661 ἡλίου
1426 2625 1504 2652 ἐτῶν.
1523 2625 1633 2657 Τούτοις
1653 2625 1708 2660 γὰρ
1722 2626 1763 2656 εἰς
1779 2625 1830 2659 τὴν

1039 2674 1092 2700 τῶν
1105 2673 1254 2709 ἰσαρίθμων
1265 2672 1588 2708 ἑννεακαιδεκαετηρίδων
1602 2671 1828 2707 συνεχρηο·αμεοα

1040 2721 1187 2756 σημασίαν,
1206 2720 1249 2747 ἵνα
1270 2720 1307 2756 μὴ
1334 2719 1379 2746 διὰ
1401 2719 1502 2751 ταύτας
1529 2719 1608 2746 ἄλλον
1634 2718 1827 2754 διαγράφωμεν

1038 2766 1146 2794 κύκλον.
1161 2766 1243 2792 Πέντε
1259 2767 1286 2792 δὲ
1302 2766 1380 2801 μόνον
1393 2765 1502 2797 κύκλοις
1512 2764 1545 2791 τὰ
1556 2765 1675 2800 ἑκάστης
1687 2765 1827 2791 ἐννεακαι-
