1907 3144
126 178 194 206 1'25?

508 177 538 204 S.
560 175 682 203 MAXL‘JI
701 173 879 202 MARTYRIS
898 173 1086 201 COMPUTUS
1105 172 1324 200 ECCLESIAST.

1677 172 1744 198 1238

122 233 312 269 δεκαετηρὶδος
330 233 518 268 τετηρήκαμεν
534 232 580 267 ἔτη
590 241 596 247 ·
612 232 704 267 ἐπειδὴ
718 232 777 258 οὐδὲ
794 232 842 267 μιᾷ
857 240 905 256 πε-

966 230 1064 257 Ξιοιιὶιῐι
1091 238 1140 266 per
1165 229 1290 265 quamvis
1314 227 1597 256 enneadeeaeteridem
1617 228 1645 257 in
1666 231 1746 258 annis

124 279 242 315 ραιτέρω
258 278 311 305 τῶν
326 277 346 304 ε’
362 278 428 305 ἐτῶν
444 279 482 309 εἰς
494 277 633 313 Κυριακὴν
648 277 752 314 ἡμέραν
772 276 905 303 συναντῶ-

126 333 175 351 saw
190 324 344 360 εὑρήκαμεν
357 323 404 358 τὴν
421 324 484 358 παρ’
498 323 610 354 ἐκείνοις
625 322 811 358 ψηφιζομένην
826 321 844 349 ε’
862 323 908 349 καὶ

125 370 152 403 ι’,
169 371 185 406 ἢ
201 369 226 402 ς’
240 370 286 396 καὶ
303 368 375 400 ι’,εἰς
396 369 430 403 ἣν
452 368 511 395 καθ’
529 369 600 404 ἡμᾶς
614 367 633 394 δ’
650 368 694 394 καὶ
715 367 728 394 ι’
751 367 906 402 ψηφίζεται,

123 415 182 442 ἀλλ’
198 415 214 449 ἢ
237 415 265 441 ἐν
283 415 331 446 ἐνὶ,
348 414 364 450 ἣ
379 414 462 446 δυσὶν,
483 414 499 449 ἢ
514 414 612 449 τρισὶν,
627 414 642 448 ἢ
658 414 809 448 τέσσαρσιν,
826 414 843 448 ἢ
867 413 886 440 ε’
899 422 906 429 ·

124 461 209 488 πλείω
222 460 249 487 δὲ
265 459 397 495 οὐδαμῶς.
413 460 491 486 Κατὰ
505 460 592 486 πᾶσαν
609 460 656 494 μὲν
668 459 721 494 γὰρ
741 459 908 486 ἐννεακαιδε-

123 506 273 542 καετηρίδα
290 505 317 532 ἕν
338 514 367 532 τε
384 507 439 536 τοῖς
455 505 608 540 δεκατρισὶν
623 504 709 530 ἔτεσιν
729 503 749 530 ε’
762 504 808 530 καὶ
823 504 849 537 ι’,
864 504 910 530 καὶ

123 552 164 587 τῷ
181 552 220 578 ἑνὶ
243 550 272 583 ἓξ
287 551 332 578 καὶ
347 550 363 578 ι’
377 550 426 586 τὴν
447 549 467 576 δ’
489 551 535 577 καὶ
551 549 576 582 ι’,
591 550 628 581 ὡς
641 550 718 584 ἔφην,
737 549 908 584 ψηφίζουσιν.

123 598 182 624 Οὐκ
196 597 253 624 ἔστι
268 597 295 623 δὲ
306 598 344 628 εἰς
355 596 495 632 Κυριακὴν
511 597 626 631 ἡμέραν.
645 595 689 627 Ἐξ
700 591 729 621 οὗ
746 595 796 621 κᾶν
808 596 831 621 εἰ
846 595 910 630 περὶ

123 643 175 678 τὴν
188 644 236 678 τῆς
249 643 362 677 σελήνης
377 642 534 676 σφάλλονται
551 641 668 678 ἡμέραν,
680 641 747 667 ἀλλά
763 649 793 675 γε
807 641 870 676 περὶ
881 640 911 666 τὺ

123 689 198 716 κατὰ
220 689 335 724 Χριστὸν
359 688 389 714 οὺ
409 687 619 723 διαμαρτάνουσι
639 686 734 721 Πάσχα
747 687 771 713 δ.
813 706 820 713 .
858 708 865 715 .
903 705 910 713 .

123 734 172 761 τοῦ
187 734 320 760 τελεῖσθαι
336 733 414 768 μέχρι
433 733 483 767 τῆς
503 732 549 758 τοῦ
571 733 687 766 φέγγους
702 731 807 762 εἰκάδος
822 730 863 757 α’·
879 731 912 765 ἣν

123 780 176 814 οὐχ
193 779 410 815 ὑπερϐαίνουσιν,
427 778 480 804 ἀπὸ
491 777 618 813 δευτέρας
635 778 684 812 τὴν
705 776 724 803 ε’
740 777 785 804 καὶ
806 776 913 811 ι’ψηφί-

123 824 226 857 ζοντες¹
235 825 328 860 ὥσπερ
342 824 401 851 οὐδὲ
418 824 470 850 ἀπὸ
481 823 502 857 γ’
515 823 563 858 τὴν
576 823 601 855 ς’
618 823 664 850 καὶ
679 823 706 850 ι’.
716 823 791 849 Ἐπεὶ
801 823 914 857 ταύτην,

123 872 198 906 λέγω
213 871 241 897 δὲ
256 871 304 906 τὴν
319 869 344 903 ς’
355 871 401 897 καὶ
418 869 442 902 ι’,
455 869 502 896 ἐὰν
515 870 568 896 ἀπὸ
580 870 628 904 τῆς
637 869 706 896 κατὰ
720 870 767 904 τὴν
780 869 915 904 ἑϐδομάδα

122 916 253 952 δευτέρας
273 916 435 951 ψηφισωσιν,
452 915 642 951 ὑπερϐαίνουσι
665 915 789 946 πάντως·
804 914 840 947 ις’
856 915 909 949 γὰρ

125 961 175 988 καὶ
190 960 215 993 ς’
232 960 274 996 κβ¹
291 960 421 988 ποιοῦσιν.
451 961 495 986 Διὺ
522 960 568 986 καὶ
592 960 626 985 τὰ
643 960 727 991 οὕτως
743 961 808 995 παρ’
820 960 909 991 αὐτοῖς

125 1006 299 1041 ψηφιζόμενα
315 1005 366 1040 τῆς
389 1005 502 1040 σελήνης
521 1005 568 1039 ἔτη
585 1005 812 1040 ὲσημειωσάμεθα
827 1005 870 1031 διὰ
889 1003 910 1039 β’

125 1050 261 1085 στιγμῶν.
283 1050 396 1085 ὀμοίως
411 1049 438 1076 δὲ
453 1050 500 1076 καὶ
515 1049 549 1076 τὰ
563 1050 591 1075 ἐν
604 1047 644 1081 οἷς
658 1051 698 1081 εἰς
709 1049 849 1085 Κυριακὴν
862 1049 922 1085 τὴν

125 1096 277 1132 εἰρημένην
292 1095 318 1128 ς’
333 1096 380 1122 καὶ
396 1094 410 1122 ι’
429 1095 601 1131 τηροῦσι,ὄιὰ
615 1096 697 1131 τριῶν
709 1095 839 1131 στιγμῶν.
857 1097 911 1122 Καὶ

124 1138 206 1173 οὗτος
226 1142 240 1167 ὁ
261 1141 325 1176 περὶ
344 1141 397 1167 τῶν
415 1140 535 1175 στιγμῶν
554 1140 630 1174 λόγος
645 1140 699 1166 τῶν
714 1141 827 1167 ἐνόντων
840 1141 912 1167 τισὶν

125 1188 202 1214 ἔτεσι
218 1187 267 1222 τῆς
281 1186 405 1222 σελήνης,
423 1187 452 1218 ἐξ
466 1183 502 1213 ὧν
518 1187 535 1221 ἡ
555 1186 678 1222 διαστολὴ
695 1186 799 1220 γίνεται
816 1186 870 1213 τῶν
884 1188 912 1212 ὲν

123 1230 170 1264 οἷς
183 1232 269 1259 εἰκάδι
285 1231 316 1267 β’,
331 1233 377 1258 καὶ
392 1233 420 1258 ἐν
436 1229 475 1263 οἷς
496 1232 582 1258 εἰκάδι
596 1231 631 1266 γ’,
645 1232 692 1258 καὶ
711 1232 739 1258 ὲν
751 1229 790 1264 οἷς
805 1232 856 1267 πρὸ
865 1232 912 1258 τοῦ

132 1277 280 1313 Ἑϐραῖκοῦ
307 1278 401 1312 Πάσχα
424 1278 454 1304 τὸ
479 1278 549 1304 κατὰ
572 1277 686 1312 Χριστὸν
702 1277 777 1312 παρὰ
797 1277 828 1303 τὺ
841 1277 913 1309 εἰκὸς

125 1323 324 1355 κανονίζουσιν.
346 1324 389 1350 Ἐν
409 1323 462 1358 γὰρ
484 1324 539 1355 τοῖς
553 1323 602 1354 τὰς
620 1323 666 1349 δύο
683 1323 798 1358 στιγμὰς
822 1323 912 1358 ἔχουσι

125 1368 209 1394 τοῦτο
227 1367 358 1399 ποιοῦσιν,
378 1368 417 1399 εὶς
435 1367 575 1402 Κυριακὴν
590 1367 697 1402 ἡμέραν
711 1367 759 1402 τὴν
776 1368 838 1403 παρ’
849 1368 913 1402 ἡμῖν

125 1412 196 1448 γἠ,
214 1414 260 1440 καὶ
277 1412 302 1445 ι’,
315 1412 335 1439 ε’
351 1413 397 1440 καὶ
412 1411 438 1443 ι’,
451 1413 527 1439 αὐτοὶ
539 1412 586 1438 τοῦ
606 1413 722 1447 φέγγους
739 1413 912 1448 ψηφίξοντες.

126 1460 178 1491 Εἰς
203 1459 235 1494 ἣν
264 1460 324 1485 ὅσον
342 1459 390 1494 μὲν
414 1458 446 1484 δι’
467 1459 550 1494 αὐτὴν
573 1458 622 1494 τὴν
644 1457 664 1484 ε’
682 1458 728 1485 καὶ
748 1458 762 1484 ι’
777 1458 913 1494 ἑορτάζειν

124 1502 243 1537 ὤφελον,
268 1502 345 1529 τοῦτό
359 1511 390 1535 γε
410 1502 456 1529 τοῦ
473 1502 583 1533 κανόνος
607 1503 792 1538 ὲγχωροῦντος
811 1505 912 1536 ποιεῖν,

125 1549 193 1575 ὅσον
200 1548 226 1574 δὲ
235 1548 278 1574 διὰ
289 1547 336 1583 τὴν
344 1547 365 1573 δ’
376 1549 422 1574 καὶ
437 1547 451 1574 ι’
465 1549 497 1583 τῇ
514 1548 586 1583 ἑξῆς,
600 1548 682 1582 ήγουν
694 1550 726 1583 τῇ
743 1547 765 1583 β’
778 1549 827 1583 τῆς
839 1549 913 1576 ἐϐδο-

129 1594 216 1630 μάδος
234 1594 417 1629 ὑπάρχουσαν,
435 1594 487 1629 πρὸ
510 1594 556 1620 τοῦ
581 1594 640 1620 καθ’
660 1595 799 1630 Ἐὄραίους
821 1596 927 1633 Πάσχα,

125 1639 163 1667 τὸ
187 1639 255 1666 κατὰ
271 1640 384 1674 Χριστὸν
402 1639 553 1674 ἐλέγχονται
581 1640 772 1673 κανονέςοντες,
790 1642 836 1668 κατ)¹
853 1643 916 1678 περὶ

127 1685 182 1720 τὴν
202 1685 286 1720 ἀληθῆ
301 1685 389 1720 ψῆφον
400 1685 632 1720 διαμαρτάνοντες.
646 1687 677 1713 Εἰ
693 1686 746 1722 γὰρ
760 1687 807 1713 καὶ
823 1688 839 1722 ἡ
854 1696 916 1713 συν-

128 1731 272 1765 έμπτωσις
284 1730 331 1756 τοῦ
346 1730 414 1757 κατὰ
427 1731 543 1765 Χριστὸν
559 1731 626 1766 πρδς
646 1731 676 1757 τδ
698 1731 840 1766 Ἐϐραῖκὴν
861 1731 917 1758 δια-

128 1777 259 1803 ϐάλλεται
280 1777 385 1811 Πάσχα,
402 1777 427 1802 τί
443 1776 465 1802 δ’
478 1776 509 1802 ἄν
526 1785 566 1808 τις
583 1777 654 1803 εἴποι
669 1777 732 1812 περὶ
748 1777 798 1812 τῆς
812 1785 916 1812 προεμ-

129 1822 278 1854 πτώτεως;
291 1822 436 1856 Συμῦαίνει
449 1822 477 1848 δὲ
492 1820 568 1854 αὖθις
579 1822 697 1854 ἐκείνους
709 1822 739 1849 τὸ
754 1822 809 1849 ἴσον
820 1823 916 1855 τελεῖν,

130 1868 188 1895 κᾶν
204 1870 259 1899 τοῖς
272 1867 352 1894 τὸθτ.
391 1887 398 1895 .
436 1889 442 1895 .
484 1887 492 1895 .
530 1888 538 1895 .
573 1889 581 1895 .
620 1868 738 1895 .ἐτεσιν.
757 1869 801 1894 Ἐν
814 1868 918 1900 τούτοις

130 1914 190 1950 γὰρ
213 1914 407 1941 πεντεκαιδεκά
445 1935 451 1941 .
490 1934 497 1941 .
536 1934 544 1941 .
582 1933 589 1940 .
630 1934 637 1940 .
674 1934 682 1941 .
722 1933 730 1940 .
769 1913 842 1949 ,τὴν
869 1914 918 1948 τῆς

131 1961 175 1992 εἰς
193 1960 332 1995 Κυριακὴν
353 1960 458 1995 ἡμέραν
477 1960 545 1994 ψηφξ
583 1979 590 1986 .
629 1980 636 1986 .
676 1980 683 1987 .
723 1980 730 1986 .
770 1978 778 1986 .
816 1979 822 1985 .
864 1980 870 1986 .
909 1979 916 1986 .

132 2005 228 2038 ζοντες
243 2005 289 2031 τοῦ
306 2006 417 2040 νομικοῦ
434 2005 537 2040 Πάσχα.
558 2005 601 2036 Ὠς
614 2005 646 2032 ἂν
665 2005 754 2032 τοίνυν
771 2025 777 2031 .
817 2025 823 2031 .
863 2026 869 2032 .
910 2026 917 2032 .

131 2051 203 2086 δῆλα
218 2052 264 2078 καὶ
276 2051 361 2077 ταῦτα
376 2053 431 2083 τοῖς
449 2051 640 2086 ἐντυγχάνουσι
676 2071 682 2077 .
724 2069 730 2076 .
769 2071 775 2077 .
817 2072 822 2078 .
861 2071 868 2078 .
910 2071 916 2077 .

135 2097 208 2133 μόνῃ
222 2098 321 2132 στιγμῇ
338 2097 567 2132 διεσημηνάμεθα.
585 2097 660 2123 Εἰσὶν
679 2094 724 2123 οὖν
737 2097 770 2123 τὰ
787 2097 919 2132 μηδεμίαν

133 2189 210 2216 κατά
228 2189 276 2224 τὴν
287 2190 387 2215 οἰκείαν
402 2189 527 2224 ἐξάγουσι
541 2189 629 2225 ψῆφον
646 2191 676 2217 τὺ
685 2191 780 2225 Πάσχα
789 2198 795 2204 ⁸
808 2190 919 2226 πρώτην

135 2236 186 2262 καὶ
211 2235 303 2262 εξκάδα
329 2236 397 2262 κατὰ
421 2235 469 2270 τὴν
493 2235 720 2271 ἐκκλησιαστικὴν
744 2237 918 2272 ὑπάρχουσαν
937 2251 957 2276 υ

137 2279 259 2314 μέθοδον.
272 2279 310 2305 Τὰ
320 2279 347 2306 δὲ
359 2279 422 2314 μίαν
434 2280 450 2314 ἦ
460 2279 506 2306 δύο
523 2280 678 2314 κεκτημένα
695 2280 822 2314 στιγμὰς,
836 2282 864 2306 ἐν
881 2278 921 2312 οἷς

135 2327 177 2357 εἰς
187 2325 279 2351 εέκάδα
291 2324 310 2359 β’
319 2326 348 2351 οὺ
362 2326 448 2360 μόνον,
458 2326 524 2352 ἀλλὰ
534 2326 580 2352 καὶ
591 2326 620 2352 τὸ
633 2326 711 2352 κατὰ.
722 2327 837 2361 Χριστὸν
844 2327 890 2352 τοῦ
897 2327 920 2342 ’³³

135 2371 251 2405 νομικοῠ
270 2372 286 2405 ἡ
298 2372 320 2386 ⁸³
333 2371 455 2398 λέλεκται
472 2372 669 2403 κανονίζουσιν·
686 2372 709 2397 εἰ
733 2372 778 2398 καὶ
797 2373 852 2403 τοῖς
873 2373 922 2406 μὲν

135 2415 194 2444 οἷον
212 2418 265 2449 τοῖς
285 2417 348 2451 μίαν
367 2417 456 2452 ἔχουσι
472 2417 519 2452 τὴν
531 2417 645 2452 στιγμὴν
658 2416 702 2443 διὰ
719 2417 749 2442 τὸ
762 2417 899 2451 βίσσεξτον
913 2426 920 2432 '

136 2464 196 2493 τοῖς
222 2462 250 2488 δὲ
269 2462 316 2493 τὰς
336 2462 382 2488 δύο
406 2462 520 2496 στιγμὰς
532 2461 576 2488 διὰ
593 2462 641 2493 τὰς
654 2464 684 2488 ἐκ
699 2462 751 2487 τῶν
766 2462 919 2497 ὲξηκοςτῶν

137 2507 333 2542 ἀθροιζομένας
356 2508 446 2538 αὐτοῖς
460 2507 574 2542 ἡμέρας
587 2507 621 2534 τὰ
638 2507 666 2533 δὲ
683 2507 771 2542 τρισὶν
786 2508 922 2542 ἐνσημαν-

136 2552 222 2579 Θέντα
237 2553 371 2586 στιγμαῖς,
385 2553 414 2578 ὲν
431 2549 471 2582 οἷς
486 2552 526 2582 εἰς
545 2551 636 2577 εἰκάδα
651 2550 686 2585 γ’,
700 2551 768 2586 πρὸς
787 2551 833 2577 καί
850 2560 920 2577 τισιν

138 2599 243 2634 ἑτέροις
256 2598 447 2633 ποστημορίοις
463 2597 636 2627 ἐκτείνουσιν,
661 2598 728 2632 ὅπερ
748 2597 860 2623 ἄτοπον.
879 2597 922 2623 Ἐν

137 2644 252 2675 ταύταις
264 2644 291 2670 δὲ
306 2645 365 2675 ταῖς
379 2644 536 2678 εἰρημέναις
548 2643 567 2669 ε’
582 2643 689 2675 ζώναις,
708 2643 791 2678 ἤγουν
804 2645 859 2674 τοῖς
875 2643 922 2669 κύ-

138 2690 225 2722 κλοις,
240 2690 419 2724 συνετάξαμεν
435 2691 490 2720 τοῖς
502 2689 572 2716 ἔτεσι
588 2690 638 2724 τῆς
654 2689 767 2724 σελήνης
778 2689 807 2721 ἐξ
819 2688 923 2716 εὐωνύ-

141 2744 201 2771 μων
213 2735 246 2761 τὰ
256 2735 301 2761 τοῦ
313 2735 387 2770 ἡλίου
400 2735 446 2770 ἔτη
462 2735 527 2770 μετὰ
545 2736 590 2762 καὶ
601 2735 653 2761 τῶν
665 2734 695 2761 ιϐ’
705 2735 809 2761 κύκλων
822 2735 921 2768 αὐτῶν,

137 2780 226 2814 ἦγουν
243 2779 535 2814 εἰκοσιοκταετηρίδων,
551 2779 604 2806 ἀπὸ
626 2778 738 2814 σηρικοῦ
759 2780 920 2815 γεγραμμέ-

178 2857 202 2874 ..
215 2857 236 2891 τ,
250 2857 279 2883 η.

285 2904 420 2934 Ρινιέιιοι..
440 2904 498 2934 Gn.
514 2904 600 2934 XIX.

959 283 1019 306 xui,
1035 275 1167 302 decimam
1183 275 1306 309 quintam
1325 283 1332 301 :
1349 274 1376 301 in
1393 281 1456 305 uno,
1474 281 1518 300 xvr
1534 277 1641 308 putant,
1656 279 1685 301 ut
1704 275 1746 302 di-

956 325 1030 348 ctum
1043 324 1095 353 est,
1118 328 1177 348 eam
1193 327 1253 355 qua:
1270 327 1313 346 .uv
1330 327 1424 346 revera
1438 323 1490 349 est.
1507 319 1559 346 Sed
1578 319 1605 346 in
1625 319 1747 347 Domini-

958 376 1017 394 cam
1031 375 1069 395 ea:
1085 375 1140 394 non
1159 367 1294 394 incidunt.
1311 366 1390 393 Unde
1407 366 1467 393 licet
1484 366 1512 393 in
1532 366 1575 393 die
1600 366 1659 400 ipso
1677 367 1748 393 lunas

959 411 1043 446 fugiat
1067 412 1128 438 illos
1155 411 1242 444 ratio,
1269 418 1322 438 non
1350 415 1439 437 tamen
1470 411 1496 438 in
1520 409 1677 437 Christiano
1696 411 1748 438 Pa-

960 458 1054 485 schate
1076 465 1153 484 error
1170 457 1276 491 obrepit
1292 478 1298 484 .
1316 477 1323 484 .
1340 476 1348 483 .
1365 476 1372 484 .
1388 457 1519 484 celebrari
1546 464 1631 491 usque
1653 457 1686 484 ad
1702 465 1748 484 xxt

959 503 1029 530 luna
1040 511 1120 538 quam
1134 512 1189 530 non
1203 503 1409 536 transcendunt,
1423 510 1485 530 cum
1500 503 1619 530 secunda
1632 502 1698 530 feria
1714 511 1748 529 xv

959 553 1116 584 computant
1133 559 1139 576 :
1156 548 1385 583 quemadmodum
1400 556 1462 576 cum
1485 549 1565 576 tertia
1588 556 1632 576 va
1656 557 1749 575 nume-

960 599 1032 622 rant.
1058 594 1124 621 Nam
1148 594 1170 622 si
1197 594 1267 621 hanc
1293 595 1379 629 ipsam
1404 602 1449 621 xvt
1467 594 1533 622 feria
1551 603 1570 621 ιι
1591 599 1747 625 numerent,

962 641 1056 675 utique
1080 641 1329 675 transgrediuntur.
1356 640 1460 675 Quippe
1486 649 1528 668 xvt
1551 644 1578 668 et
1597 649 1623 668 v1
1646 641 1750 669 faciunt

962 693 1027 713 xxn.
1041 684 1081 712 Ob
1094 685 1164 712 hanc
1178 692 1288 712 causam
1304 692 1389 712 annos
1404 685 1473 712 lnnze
1486 693 1579 712 eorum
1593 686 1698 714 calculo
1711 687 1748 714 ita

963 734 1072 765 putatos
1089 729 1190 764 duplici
1210 733 1311 764 puncto
1331 730 1483 757 notavimus
1500 739 1506 757 :
1523 731 1648 758 similiter
1662 739 1748 759 annos

963 783 1021 805 eos.
1047 775 1145 809 quibus
1170 775 1309 801 Dominica
1325 775 1368 802 die
1384 782 1426 802 xv:
1445 775 1501 809 illa,
1519 783 1599 810 quam
1615 776 1745 810 diximus,

964 821 1134 852 observatur,
1162 825 1262 855 puncto
1289 821 1388 855 triplici
1414 820 1598 849 distinximus.
1626 822 1681 850 Hoc
1706 831 1748 851 est

966 870 1124 899 punctorum
1142 865 1249 892 illorum
1265 867 1411 900 negotium,
1430 873 1489 900 qua:
1512 866 1673 901 quibusdam
1697 875 1748 895 an-

960 911 1003 938 nis
1027 911 1097 938 luna!
1118 915 1181 938 sunt
1208 911 1356 946 adscripta,
1379 916 1405 938 et
1429 911 1462 938 ad
1482 911 1630 940 discrimen
1653 921 1748 941 eorum

961 957 1106 991 pertinent,
1134 956 1233 991 quibus
1262 957 1290 983 in
1319 965 1376 983 xxn
1408 961 1454 984 aut
1480 965 1548 985 xxut
1574 958 1644 986 lnnze
1676 960 1748 987 diem

960 1001 1064 1029 Pascha
1086 1002 1139 1029 illis
1155 1002 1250 1028 incidit
1267 1011 1273 1028 :
1291 1006 1347 1028 tum
1362 1003 1443 1030 etiam
1462 1003 1561 1037 quibus
1576 1009 1637 1032 ante
1655 1004 1748 1032 Judai-

961 1056 1022 1075 cum
1046 1047 1161 1080 Pascha,
1180 1048 1364 1075 Christianum
1387 1049 1421 1076 ab
1438 1049 1544 1081 iisdem,
1557 1055 1651 1077 contra
1665 1059 1748 1086 quam

960 1098 1076 1128 oportet,
1092 1095 1233 1122 indicitur.
1252 1094 1314 1121 llaec
1329 1095 1400 1122 enim
1423 1095 1456 1123 iis
1474 1096 1553 1123 annis
1570 1096 1684 1128 faciunt,
1701 1098 1749 1132 qui

961 1140 1067 1167 duobus
1093 1141 1203 1175 punctis
1231 1141 1335 1175 praediti
1363 1145 1444 1174 sunt;
1470 1145 1500 1168 ut
1526 1141 1665 1170 Dominica
1692 1143 1748 1175 die,

961 1193 1042 1220 quam
1058 1193 1109 1212 nos
1124 1193 1174 1212 xm
1189 1186 1279 1212 lunam
1297 1191 1435 1221 putamus,
1449 1194 1507 1214 eam
1530 1187 1582 1221 ipsi
1604 1195 1637 1214 xv
1654 1196 1749 1215 nurne-

962 1235 1031 1259 rent.
1047 1231 1115 1258 Tum
1131 1232 1214 1263 enim,
1231 1236 1364 1267 quantum
1387 1233 1419 1260 ad
1436 1241 1471 1260 xv
1488 1234 1594 1267 attinet,
1611 1235 1749 1262 celebrare

961 1275 1066 1303 Pascha
1089 1275 1248 1307 debuerant,
1271 1284 1332 1303 cum
1351 1276 1401 1303 hoc
1419 1277 1476 1304 ﬁeri
1497 1285 1544 1312 per
1559 1285 1690 1305 canonem
1715 1279 1750 1305 ii-

962 1324 1032 1347 ceat.
1056 1320 1197 1353 Quatenus
1223 1325 1313 1348 autem
1337 1330 1382 1349 xiv
1407 1323 1530 1357 sequenti
1552 1323 1606 1354 die,
1632 1324 1685 1352 hoc
1707 1329 1749 1352 est

963 1366 1030 1394 feria
1050 1367 1168 1395 secunda
1185 1367 1371 1400 hebdomadis,
1388 1369 1511 1401 incurrit,
1528 1373 1590 1397 ante
1605 1369 1749 1398 Judaicutn

963 1410 1066 1439 Pascha
1081 1412 1263 1439 Christianum
1283 1413 1343 1439 illos
1368 1416 1505 1446 statuere,
1525 1417 1551 1440 et
1568 1422 1583 1441 a
1599 1416 1670 1443 veris
1694 1416 1750 1443 cal-

963 1458 1032 1485 culis
1054 1457 1190 1491 aberrare,
1220 1458 1289 1485 ratio
1314 1459 1373 1493 ipsa
1397 1459 1545 1487 convincit.
1571 1459 1637 1487 Nam
1664 1461 1687 1488 si
1707 1462 1751 1488 vel

963 1504 1021 1538 ipse
1046 1503 1186 1531 Paschalis
1211 1505 1297 1532 nostri
1322 1513 1384 1532 cum
1413 1504 1527 1533 Jud'aico
1548 1514 1698 1535 concursus
1722 1508 1751 1535 in

964 1549 1043 1584 culpa
1069 1553 1127 1581 est,
1152 1549 1218 1584 quid
1243 1550 1388 1577 dicendum
1409 1555 1460 1582 est,
1484 1552 1506 1578 si
1532 1552 1583 1579 hoc
1607 1554 1689 1580 etiam
1716 1554 1751 1580 sit

966 1594 1032 1621 illud
1048 1596 1187 1622 anterius?
1201 1595 1339 1631 Contingit
1355 1599 1444 1623 autem
1461 1605 1557 1625 rursus
1579 1598 1639 1626 illos
1655 1599 1751 1627 eodem

965 1640 1103 1668 celebrare
1123 1641 1213 1672 modo,
1237 1642 1278 1669 his
1294 1644 1372 1670 annis
1413 1662 1419 1670 .
1460 1664 1467 1670 .
1507 1665 1513 1670 .
1553 1665 1561 1672 .
1601 1665 1608 1672 .
1647 1665 1655 1672 .
1694 1665 1701 1672 .
1743 1665 1751 1673 .

966 1684 994 1712 ln
1019 1686 1061 1713 his
1086 1687 1159 1713 cnim
1183 1686 1314 1714 decimam
1346 1689 1468 1723 quintam
1508 1711 1514 1717 .
1554 1711 1561 1718 .
1603 1711 1609 1718 .
1648 1710 1655 1718 .
1692 1699 1752 1726 qua:

967 1729 994 1756 in
1018 1730 1159 1757 Dominica
1182 1731 1224 1758 die
1248 1737 1422 1767 computatur
1459 1753 1467 1761 .
1505 1753 1513 1761 .
1553 1753 1562 1762 .
1601 1755 1608 1762 .
1648 1737 1753 1770 .legalis

966 1773 1121 1802 Paschalis.
1152 1774 1187 1802 Ut
1215 1776 1298 1811 igitur
1337 1797 1344 1804 .
1383 1797 1390 1804 .
1431 1797 1438 1804 .
1478 1798 1486 1806 .
1524 1779 1667 1807 manifesta
1695 1780 1754 1807 base

967 1820 1113 1848 lectoribus
1148 1842 1154 1848 .
1195 1843 1201 1849 .
1241 1843 1248 1849 .
1289 1843 1294 1850 .
1328 1823 1458 1859 singulari
1474 1829 1574 1859 puncto
1589 1826 1752 1854 notavimus.

969 1865 1037 1892 Sunt
1052 1866 1134 1901 igitur
1149 1875 1208 1903 qua:
1223 1873 1325 1903 puncto
1340 1870 1413 1897 omni
1429 1875 1522 1898 carent
1555 1892 1562 1898 .
1602 1892 1609 1898 .
1649 1892 1656 1900 .
1696 1891 1704 1899 .
1744 1892 1753 1900 .

968 1955 1072 1983 Pascha
1098 1958 1132 1985 ad
1156 1967 1220 1986 suas
1241 1961 1362 1989 rationes
1387 1962 1608 1996 accommodant;
1625 1971 1684 1999 quae
1706 1971 1754 1990 χιιι

969 2003 1153 2031 ecclesiastica
1183 2006 1311 2033 methodo
1335 2011 1516 2042 computatur.
1540 2008 1575 2035 At
1599 2009 1645 2043 qui
1674 2009 1754 2036 unico

969 2052 1070 2083 puncto
1095 2050 1229 2085 duplicive
1253 2057 1316 2079 sunt
1342 2052 1440 2084 ail‘ecti,
1465 2053 1481 2080 ii
1508 2057 1581 2087 sunt,
1604 2054 1631 2081 in
1655 2054 1755 2089 quibus

970 2101 1023 2120 non
1049 2095 1136 2121 solum
1154 2104 1210 2123 xxu
1228 2097 1282 2129 die,
1306 2098 1354 2125 sed
1369 2098 1449 2125 etiam
1467 2103 1529 2126 ante
1546 2099 1632 2134 lega‘e
1650 2099 1756 2127 Pascha

970 2138 1152 2167 Christianum
1176 2142 1209 2168 ab
1234 2142 1267 2170 iis
1288 2143 1417 2170 indicitur
1440 2154 1446 2171 :
1466 2145 1532 2171 adeo
1556 2148 1585 2171 ιιι
1603 2145 1648 2179 qui
1670 2153 1756 2172 unum

971 2184 1070 2212 habent
1094 2192 1234 2221 punctum,
1251 2189 1293 2216 bis
1311 2195 1420 2224 propter
1436 2191 1584 2218 bissextum
1613 2191 1680 2218 illud
1711 2199 1756 2218 ac-

972 2229 1060 2264 cidat;
1078 2232 1123 2266 qui
1139 2232 1240 2267 duplici
1268 2234 1372 2268 prarditi
1396 2239 1470 2267 sunt,
1485 2240 1595 2270 propter
1610 2235 1668 2262 dies
1683 2236 1755 2268 illos,

973 2276 1019 2309 qui
1041 2285 1074 2304 ex
1099 2278 1220 2305 collectis
1244 2280 1417 2314 sexagesimis
1439 2281 1589 2314 accedunt;
1608 2281 1653 2315 qui
1670 2281 1757 2308 tribus

974 2322 1090 2356 denique
1104 2325 1188 2350 notati
1204 2328 1277 2356 sunt,
1293 2324 1319 2351 in
1335 2325 1368 2352 iis
1381 2325 1413 2351 ad
1429 2334 1494 2352 xxtn
1511 2334 1598 2360 usque
1612 2325 1682 2353 diem
1695 2333 1756 2352 cum

973 2369 1179 2400 excurrentibus
1194 2369 1295 2404 aliquot
1315 2371 1455 2405 scrupulis
1468 2371 1571 2398 Pascha
1589 2371 1755 2398 diffunditur.

975 2413 1051 2446 Quod
1072 2418 1112 2441 est
1135 2415 1293 2443 absurdum.
1309 2416 1441 2443 Cmterum
1458 2417 1485 2444 in
1504 2418 1557 2445 illis
1572 2418 1691 2453 quinque
1712 2425 1758 2444 zo-

975 2460 1028 2492 nis,
1044 2460 1198 2492 circulisve,
1214 2461 1247 2488 ad
1264 2469 1350 2489 annos
1366 2462 1437 2489 luna:
1449 2464 1552 2491 solares
1571 2463 1604 2490 ad
1619 2464 1757 2491 sinistram

975 2506 1161 2540 ascripsimus,
1174 2514 1227 2533 una
1240 2514 1302 2534 cum
1315 2516 1360 2534 xix
1374 2508 1457 2543 cyclis
1473 2508 1604 2543 ipsorum,
1618 2510 1664 2543 qui
1680 2510 1759 2536 annis

975 2551 1072 2585 singuli
1088 2556 1213 2578 constant
1229 2557 1289 2579 octo
1303 2556 1330 2579 et
1345 2554 1438 2588 viginti
1456 2563 1463 2580 τ
1480 2561 1495 2580 e
1511 2555 1612 2589 quibus
1625 2555 1760 2582 cnneade—

976 2596 1125 2624 caeterides
1147 2598 1257 2625 rubrica
1277 2599 1389 2633 depicta:
1408 2604 1472 2627 sunt
1500 2609 1506 2626 :
1534 2605 1562 2626 ut
1589 2601 1759 2635 singularum

976 2642 1039 2668 anni
1061 2642 1110 2672 illi.
1135 2642 1162 2669 in
1184 2643 1284 2678 quibus
1308 2644 1440 2671 decimam
1463 2648 1598 2679 quartam,
1619 2646 1663 2673 isti
1683 2646 1760 2673 deci-

976 2695 1047 2715 mam
1059 2688 1137 2724 185
1145 2690 1278 2724 quintam,
1286 2690 1327 2716 vel
1337 2694 1439 2717 sextam
1447 2690 1579 2718 decimam
1590 2696 1757 2725 computant,

976 2736 1051 2768 qnoti
1080 2736 1134 2762 sint
1160 2735 1186 2761 in
1210 2736 1287 2770 cyclo
1310 2736 1384 2766 solis,
1410 2740 1436 2762 et
1463 2736 1542 2770 cujus
1569 2736 1648 2770 cycli,
1674 2736 1760 2770 possit

977 2780 1086 2812 agnosci
1106 2789 1112 2806 :
1130 2783 1211 2815 atque
1227 2788 1259 2807 ex
1280 2781 1491 2815 congruentibus
1509 2781 1624 2814 epactis,
1645 2787 1705 2813 quae
1719 2788 1761 2807 sc-

319 2857 340 2872 ⁸⁷
359 2856 451 2884 Eum
471 2857 496 2883 in
515 2856 656 2890 exemplari
677 2857 774 2883 littera:
787 2865 837 2884 non
854 2861 914 2891 potu

966 2862 994 2884 nt
1005 2858 1046 2884 hic
1063 2858 1125 2894 legi,
1143 2867 1188 2885 nec
1201 2859 1323 2887 describi.
1361 2860 1383 2876 ⁸⁸
1400 2860 1419 2894 f.
1437 2860 1489 2895 πρὸ
1505 2859 1562 2886 τοῦ,
1601 2859 1623 2875 ⁸³
1638 2858 1658 2893 Ῑ.
1679 2856 1696 2895 ᾖ

1569 2907 1607 2937 Μ)
