1931 3135
158 162 226 191 5-359
403 157 405 163 '
666 155 710 182 AD
730 154 863 182 EUSEBII
883 153 1081 182 CHRONICON
1101 153 1290 181 APPENDIX.
1720 154 1793 181 ΡΞῦο

158 219 248 247 cundo
269 217 373 246 circulo
397 215 519 250 ejusdem
541 217 606 240 rotae
625 218 690 240 sunt
712 213 859 248 inscriptae,
881 212 948 239 feria

1006 221 1049 239 mw
1066 212 1154 239 αὐτῶν
1174 213 1205 248 δὴ
1226 212 1278 238 τῶν
1292 212 1583 248 ὲννεκδεκσιετηρίδων·
1608 213 1652 238 ἵνα
1678 212 1791 246 Tun-565

158 263 329 293 conficiatur,
347 258 633 295 compositis'invicem
650 259 713 285 anni
738 258 804 285 solis
828 258 943 293 epactis,

1006 258 1088 290 aiant;
1105 259 1417 294 ἐννεακαιδεκαετηρίδος
1436 259 1493 291 ἔτος
1509 261 1549 291 εἰς
1560 260 1575 286 ὃ
1589 259 1609 285 ε’
1625 260 1673 286 καὶ
1689 258 1715 293 ι’,
1730 261 1748 295 ἦ
1763 261 1793 293 ἒξ

159 314 186 336 et
201 307 315 335 Romani
331 306 430 334 mensis
444 305 550 337 diebus,
567 311 620 330 una
644 311 706 330 cum
732 303 878 330 rubricatis
901 309 946 329 re-

1006 304 1045 330 m".
1069 307 1094 333 t'.
1107 305 1204 330 ἐκεῖνοι
1233 305 1280 339 τὴν
1296 304 1315 330 δ’
1335 305 1382 331 καὶ
1404 304 1418 331 ι’
1436 305 1594 340 ψηφίζουσι,
1609 305 1711 332 πόστον
1732 306 1794 337 ἔτος

159 354 298 390 gularibus
322 362 328 380 :
355 359 386 378 ac
412 359 518 378 summa
543 358 590 385 per
613 359 648 377 vu
675 350 772 377 deinde
787 350 883 377 divisa.
905 349 947 376 0b

1006 350 1082 385 ιλλίου,
1096 351 1142 377 καὶ
1160 351 1238 382 ποίας
1255 352 1533 387 εἰκοσιοκταετηρίδος
1550 352 1717 387 καθέστηκε.
1737 354 1795 378 κὰκ

161 401 230 427 hanc
254 399 327 427 enim
351 404 461 425 causam
486 396 566 423 annis
590 396 659 423 luna:
681 396 784 422 solares
802 395 835 422 ad
853 395 946 422 lazvam

998 395 1050 421 τῶν
1069 395 1150 422 αὐτοῦ
1165 396 1326 432 προσφόρων
1338 396 1474 427 ἑπακτῶν,
1486 397 1541 422 τῶν
1551 396 1795 432 ἐγγεγραμμένων

161 446 342 481 adjunximus.
352 444 489 470 llactenus
498 443 530 470 de
540 447 606 470 rotze
616 442 746 470 mediana:
754 441 946 476 descriptione.

1006 441 1069 468 (ατὰ
1083 441 1128 468 τὸν
1143 440 1164 476 β’
1180 441 1277 467 κύκλον
1296 441 1342 467 τοῦ
1355 441 1436 468 αὑτοῦ
1452 441 1559 477 τροχοῦ,
1575 443 1591 477 ή
1605 441 1654 476 τῆς
1672 441 1795 475 ἑϐδομὰ-

160 490 204 521 δος
227 490 317 525 ἡμέρα
341 488 504 523 διαγνωσθῇ,
519 489 589 514 κατὰ
607 496 636 515 τε
659 487 707 523 τὴν
726 487 883 523 συμπλοκὴν
898 486 951 512 τῶν
965 486 1012 513 τοῦ
1035 487 1111 522 ἡλίου
1137 487 1213 518 ἔτους
1242 488 1377 519 ὲπακτῶν,
1410 489 1456 514 καὶ
1473 488 1524 522 τῆς
1546 488 1596 514 τοῦ
1633 487 1794 527 Ῥωμαῖκοξ

162 535 244 571 μηνὸς
267 535 407 567 ποσταίας,
427 535 473 561 καὶ
492 534 545 560 τῶν
568 535 621 561 ἀπὸ
647 534 758 570 σηρικοῦ
783 534 948 570 προσθετῶν,
982 535 1028 561 καὶ
1051 535 1100 570 τῆς
1117 536 1157 566 εἰς
1174 534 1195 567 ζ’
1210 535 1264 561 τῶν
1285 535 1486 570 ἀθροιζομένων
1500 535 1666 566 ἀναλύσεως.
1680 534 1793 567 Ταύτης

161 581 214 616 γὰρ
232 581 323 608 ἕνεκεν
342 582 391 615 τῆς
405 580 493 611 αἰτίας
502 581 562 611 τοῖς
577 579 626 614 τῆς
641 580 754 615 σελήνης
767 579 838 606 ἔτεσι
850 579 884 605 τὰ
895 578 941 605 τοῦ
958 579 1032 614 ἡλίου
1054 580 1235 615 συνετάξαμεν
1253 579 1299 615 ἔτη
1311 579 1340 612 ἐξ
1356 580 1510 615 εὐωνύμων.
1536 581 1628 607 Ταῦτα
1655 580 1721 614 περὶ
1741 579 1791 612 τῆς

161 628 190 653 ὲν
206 627 244 662 τῷ
259 627 334 661 μέσῳ
348 626 438 662 τροχῷ
449 626 612 662 διαγραφῆς.

409 692 447 719 De
463 693 553 719 tabula
577 693 694 720 sinislra.

197 748 240 776 lll.
269 748 307 775 [3x
323 747 430 776 duabus
454 748 578 781 tabellis,
607 749 707 783 quibus
729 750 855 784 utrinque
883 753 944 776 rota

163 795 291 830 stipatur,
312 801 372 829 quae
388 794 420 821 ad
437 794 576 822 sinistram
591 794 719 822 deorsum
734 795 821 822 tendit
844 803 859 822 a
872 803 946 822 sum-

1120 690 1187 724 Περὶ
1207 690 1260 717 τοῦ
1277 690 1310 722 ἐξ
1326 690 1486 724 εὐωνύμων
1505 690 1658 717 κανονίου.

1033 747 1070 774 Γ¹.
1090 747 1130 774 Τὰ
1141 747 1168 773 δὲ
1183 746 1351 783 ἑκατέρωθεν
1366 746 1412 773 δύο
1428 746 1546 779 κανόνιει,
1563 747 1592 773 τὸ
1609 748 1658 783 μὲν
1674 748 1704 780 ἐξ
1717 749 1791 775 afui)-

998 794 1089 829 νόμων
1111 793 1212 820 ἄνωθεν
1237 793 1282 819 ἐπὶ
1309 792 1342 819 τὰ
1365 792 1440 819 κάτω
1465 793 1624 829 φερόμενον,
1654 794 1790 830 κέκτηται

164 847 218 872 mo,
231 840 283 866 ista
299 840 421 867 continet
433 849 439 866 :
451 839 479 866 in
495 840 582 874 primo
598 848 679 868 versu
693 846 797 875 septem
813 845 877 868 sunt
888 849 944 868 em-

1006 839 1059 865 ῑάδε
1070 848 1076 854 ⁸
1095 840 1123 865 ἐν
1139 838 1178 874 τῷ
1197 842 1220 865 α’
1244 839 1342 874 στίχῳ·
1360 838 1423 870 τοὺς
1438 838 1459 870 ζ’
1471 839 1634 874 ἐμϐολίμους
1653 840 1743 874 μῆνας
1760 841 1789 866 ἐν

163 887 257 914 bolimi
273 893 382 914 menses
408 885 441 912 ad
459 893 524 916 suos
541 886 644 921 quique
663 886 734 913 lunae
756 894 843 914 annos
862 886 947 914 ascri-

164 932 219 966 pti;
238 931 265 958 in
283 931 417 963 secundo,
434 931 498 958 anni
521 931 591 958 lunae
608 939 664 963 xm.
685 932 731 966 qui
747 939 800 958 non
817 939 832 957 a
848 932 946 967 primo,

164 977 211 1004 red
224 983 241 1003 a
256 980 356 1011 quarto
371 976 507 1010 incipiunt
524 983 613 1009 anno;
636 976 663 1002 in
678 977 768 1009 tertio,
797 977 861 1003 anni
878 977 948 1004 lunae

165 1029 212 1050 xix
225 1029 240 1048 a
259 1021 347 1055 primo
363 1021 492 1056 deinceps
506 1021 603 1048 ordine
618 1022 834 1056 progredientes.
851 1022 879 1049 ld
899 1030 948 1049 au-

164 1072 219 1094 tem
234 1068 287 1094 hoc
303 1067 384 1094 etiam
405 1067 465 1094 loco
480 1070 622 1102 propterea
638 1068 740 1095 factum
755 1072 806 1101 est,
823 1073 852 1095 ut
868 1076 948 1104 quem

165 1114 203 1140 illi
220 1113 337 1148 primum
355 1121 456 1140 annum
471 1113 540 1141 lunae
557 1118 728 1149 computant,
751 1114 795 1142 hic
811 1115 884 1150 apud
899 1122 949 1143 nos

165 1167 227 1187 esse
246 1163 361 1194 quartus
381 1159 541 1187 ostendatur
557 1169 563 1186 ε
577 1164 603 1188 et
616 1160 755 1188 secundus
772 1161 896 1196 quintus,
914 1166 951 1188 at-

164 1213 218 1240 que
231 1205 268 1232 ita
284 1205 413 1240 deinceps
431 1213 517 1241 usque
532 1206 566 1233 ad
587 1214 689 1234 annum
710 1216 765 1234 xu.
794 1207 846 1235 Sed
862 1208 951 1243 primo

165 1252 226 1278 loco
249 1258 335 1279 annos
361 1251 504 1286 posuimus
515 1273 521 1284 ,
537 1253 764 1287 quemadmodum
787 1261 802 1280 a
817 1254 896 1282 nobis
907 1261 951 1282 ec-

165 1297 320 1325 clesiastica
344 1298 451 1325 ratione
476 1303 669 1333 computantur
689 1300 813 1335 :qui‘hus
840 1300 950 1327 illorum

165 1344 271 1371 calculo
300 1347 458 1371 numeratos
482 1344 671 1378 subjecimus:
693 1345 769 1380 quod
798 1346 885 1373 nostri
911 1345 950 1373 illi

166 1388 222 1415 veri
247 1395 279 1415 ac
295 1388 406 1423 legitimi
423 1389 487 1416 sint.
510 1387 540 1415 ln
558 1397 583 1416 Iv
605 1397 712 1417 versum
737 1394 848 1425 epactas
867 1398 952 1417 anno-

166 1441 226 1461 rum
240 1434 420 1468 conjecimus,
437 1434 487 1461 hoc
512 1438 554 1462 est
570 1439 677 1462 aetatem
702 1436 783 1470 lunae,
800 1443 861 1471 quae
881 1443 952 1463 anno

165 1479 226 1514 ejus
250 1478 372 1514 quolibet
392 1477 531 1506 Ianuariis
555 1479 685 1507 Kalendis
711 1480 856 1515 competit;
883 1481 909 1507 in
937 1489 953 1508 v

998 887 1053 917 τοῖς
1079 886 1244 921 προσήκουσι
1268 885 1318 920 τῆς
1345 885 1456 920 σελήνης
1475 885 1548 911 ἔτεσι
1576 887 1788 921 κατατεταγμέ-

998 938 1075 962 νους·
1104 930 1132 956 ὲν
1154 929 1193 964 τῷ
1219 929 1240 965 β’
1257 930 1340 965 στίχῳ
1360 930 1394 955 τὰ
1409 929 1441 956 ιϐ’
1457 930 1505 964 τῆς
1520 929 1632 965 σελήνης
1650 930 1709 965 ἐτη,
1737 931 1788 957 οὐκ

999 974 1054 1000 ἀπὸ
1072 973 1179 1009 πρώτου
1196 973 1281 1005 ἔτους,
1308 974 1364 1000 ἀλλ’
1377 973 1431 1000 ἀπὸ
1451 973 1471 999 δ’
1483 974 1533 1010 τὴν
1549 975 1634 1010 ἀρχὴν
1649 974 1785 1009 λαχόνταε

999 1020 1028 1046 ὲν
1044 1019 1082 1054 τῷ
1099 1022 1122 1053 γ’
1143 1019 1227 1054 στίχῳ
1247 1019 1280 1045 τὰ
1298 1019 1329 1045 ιθ¹
1342 1019 1391 1054 τῆς
1406 1019 1519 1054 σελήνης
1533 1019 1590 1054 ἐτη,
1608 1020 1662 1046 ἀπὸ
1676 1020 1788 1055 πρώτου

1000 1068 1076 1099 ἔτους
1098 1068 1158 1094 καθ’
1183 1067 1277 1102 εἱρμὸν
1300 1067 1464 1101 τεταγμένα.
1491 1067 1576 1093 Τοῦτο
1593 1067 1620 1093 δὲ
1644 1067 1787 1094 adma-351

999 1114 1119 1148 γέγονεν,
1141 1113 1183 1139 ἵνα.
1206 1113 1236 1138 τὸ
1260 1114 1324 1148 παρ’
1344 1113 1457 1144 ἐκείνοις
1479 1112 1662 1148 ψηφιζόμενον
1678 1114 1789 1150 πρῶτον

999 1159 1048 1194 τῆς
1062 1158 1175 1193 σελήνης
1191 1158 1249 1189 ἔτος
1265 1158 1369 1194 δηλωθῇ
1394 1157 1413 1184 δ’
1429 1158 1457 1184 ὃν
1471 1160 1535 1194 παρ’
1547 1160 1622 1194 ἡμῖν,
1641 1160 1688 1186 καὶ
1704 1160 1734 1186 τὸ
1753 1160 1789 1195 β,

1000 1207 1030 1237 ε’,
1047 1204 1092 1230 καὶ
1115 1203 1199 1235 οὕτως
1222 1205 1250 1230 ὲν
1276 1205 1330 1235 τοῖς
1355 1203 1471 1239 καθεξῆς
1485 1205 1547 1240 ἄχρι
1568 1205 1614 1231 τοῦ
1641 1206 1672 1232 ιο’
1699 1206 1790 1237 ἔτους.

1001 1251 1194 1287 Προετόιγησαν
1216 1250 1245 1276 δὲ
1261 1250 1340 1277 πάλιν
1364 1251 1416 1277 τῶν
1439 1251 1552 1283 ἐκείνοις
1576 1252 1790 1287 ἀριθμουμένων

1000 1297 1034 1323 τὰ
1045 1297 1109 1332 παρ’
1127 1297 1203 1331 ἡμῖν,
1221 1296 1290 1322 κατὰ.
1303 1296 1352 1332 τὴν
1366 1296 1594 1332 ὲκκλησιαστικὴν
1608 1297 1790 1333 ἐξαρίθμησιν

1000 1342 1181 1377 ψηφιζόμενα,
1201 1342 1244 1368 διὰ
1263 1342 1311 1378 τὴν
1337 1343 1364 1368 ἐν
1387 1342 1491 1375 τούτοις
1511 1344 1648 1379 ἀλήθειαν.
1681 1345 1728 1371 Ἐν

1001 1389 1021 1415 δ’
1041 1389 1123 1424 στίχῳ
1145 1389 1194 1420 τὰς
1210 1388 1263 1414 τῶν
1279 1388 1346 1414 ἐτῶν
1369 1389 1500 1421 ἐπακτὰς,
1523 1390 1606 1424 ἡγουν
1622 1389 1740 1426 ἡμέρας,
1757 1390 1791 1422 ἃς

1001 1433 1072 1468 ἔχειν
1098 1434 1151 1460 πᾶν
1178 1433 1237 1465 ἔτος
1254 1433 1368 1469 σελήνης
1390 1433 1547 1468 ψηφίζουσι,
1563 1435 1632 1461 κατὰ
1647 1436 1699 1470 τὴν

1002 1487 1052 1514 την
1068 1478 1114 1505 τοῦ
1135 1479 1298 1514 Ίανουαρίου
1316 1479 1408 1514 μηνός*
1422 1480 1450 1505 ὲν
1463 1479 1501 1515 τῷ
1515 1483 1535 1505 ε’
1556 1480 1638 1515 στίχῳ
1654 1480 1704 1512 τὰς
1720 1481 1792 1507 κατὰ

166 1532 258 1557 versu,
276 1529 381 1559 quartae
408 1524 520 1552 decimae
547 1525 628 1559 primi
644 1526 746 1552 mensis
764 1525 950 1553 redundantes

1006 1525 1051 1560 τὴν
1062 1525 1361 1560 τεσσαρεσκαιδεκάτην
1374 1525 1419 1551 τοῦ
1433 1522 1539 1561 πρώτου
1554 1526 1637 1561 μηνὸς
1648 1527 1790 1562 περιττὰς,

167 1570 237 1602 dies,
251 1576 297 1598 aut
319 1570 449 1605 aequales,
464 1577 524 1605 qua:
549 1574 613 1597 sunt
633 1570 700 1605 ipsa:
713 1571 824 1598 decimae
835 1576 948 1606 quarta.

167 1616 231 1644 Haec
246 1617 273 1644 in
288 1617 400 1644 sinistra
419 1617 511 1643 tabula
528 1618 713 1645 continentur.

294 1684 332 1711 De
346 1684 444 1712 labella
458 1692 516 1719 qum
532 1683 566 1711 ad
581 1684 700 1712 dextram
712 1686 765 1712 sila
779 1690 828 1713 est.

206 1738 250 1766 Ν.
271 1738 336 1773 Quae
351 1738 384 1766 ad
400 1740 525 1767 dextrum
540 1740 616 1767 latus
630 1744 670 1768 est
685 1740 793 1772 tabella,
808 1740 835 1767 iu
849 1748 928 1768 versu
944 1749 951 1768 ι

169 1791 255 1812 annos
276 1785 347 1812 luna:
364 1793 411 1812 nx
426 1786 536 1813 exhibet
557 1785 684 1813 ineuntes
699 1794 713 1813 a
729 1791 840 1821 quarto,
857 1788 951 1815 eodem

168 1832 249 1866 plane
275 1831 365 1862 modo,
385 1839 439 1866 quo
453 1832 480 1858 in
504 1831 615 1858 sinistra
633 1832 762 1867 descripti
781 1836 845 1860 sunt
861 1833 887 1859 in
903 1840 953 1860 se-

169 1878 258 1905 cundo
280 1885 372 1910 versu,
404 1881 464 1905 uta
482 1878 560 1905 nobis
582 1878 735 1913 computari
759 1879 863 1912 solent;
889 1879 915 1905 in
934 1886 952 1905 ιι

169 1929 250 1949 versu
276 1922 385 1949 illorum
404 1927 507 1957 epactae
527 1926 600 1954 sunt,
619 1923 676 1950 sive
702 1923 770 1956 dies,
784 1927 851 1958 quot
865 1923 953 1951 eccle-

169 1967 280 1995 siastico
303 1968 408 1995 calculo
430 1968 517 2002 pridie
529 1967 664 1996 Kalendas
683 1969 783 2003 Aprilis
799 1970 870 1996 aetati
884 1969 954 1996 lunae

169 2013 289 2048 quolibet
305 2021 376 2040 anno
393 2013 569 2047 tribuuntur;
585 2013 612 2040 in
630 2021 660 2040 Ill
682 2014 736 2041 duo
758 2022 866 2042 menses
892 2014 954 2041 Ro-

169 2059 243 2086 mani
260 2063 335 2091 sunt,
360 2058 474 2086 Martius
490 2063 517 2087 et
542 2059 664 2094 Aprilis;
689 2060 716 2086 in
739 2067 763 2086 Iv
785 2067 865 2087 versu
879 2067 954 2087 men-

170 2101 241 2128 sium
255 2101 411 2128 eorumdem
426 2100 495 2133 dies,
517 2101 544 2128 in
563 2108 632 2136 quos
647 2101 752 2128 de'cima
763 2106 861 2136 quarta
873 2101 953 2137 primi

169 2145 276 2173 Iudaici
295 2147 398 2173 mensis
411 2146 538 2179 incurrit,
550 2146 606 2174 sive
619 2145 723 2173 Pascha
735 2147 807 2182 quod
824 2147 861 2174 illi
876 2151 954 2182 quot-

1002 1569 1018 1605 ἢ
1037 1569 1083 1596 καὶ
1103 1569 1172 1602 ἴσας,
1191 1568 1246 1596 οἷον
1263 1569 1346 1601 αὐτὰς
1359 1569 1429 1604 λέγω
1449 1570 1499 1602 τὰς
1523 1570 1562 1596 ιδ’.
1581 1571 1674 1597 Terina
1692 1571 1742 1606 μὲν
1762 1571 1792 1597 :5

1002 1615 1032 1647 ἐξ
1045 1615 1202 1650 εὐωνύμων.

1154 1684 1223 1718 Περὶ
1239 1684 1291 1710 τοῦ
1306 1684 1339 1710 ἐκ
1357 1683 1463 1716 δεξιῶν
1478 1684 1629 1710 κανονίου.

1038 1741 1073 1766 Δ’.
1095 1740 1130 1765 Τὸ
1147 1739 1175 1765 δὲ
1190 1740 1221 1766 ἐκ
1237 1739 1330 1772 δεξιῶν
1352 1741 1380 1766 ἐν
1395 1739 1434 1774 τῷ
1448 1743 1472 1765 α’
1490 1740 1574 1774 στίχῳ
1596 1740 1629 1766 τὰ
1645 1739 1677 1765 ιϐ’
1691 1739 1792 1774 κέκτηυ

1003 1795 1046 1812 ται
1068 1786 1116 1821 τῆς
1143 1785 1255 1821 σελήνης
1279 1786 1335 1820 ἔτη,
1360 1786 1414 1812 ἀπὸ
1430 1785 1450 1812 δ’
1468 1785 1545 1816 ἔτους
1568 1785 1616 1820 τὴν
1633 1785 1720 1820 ἀρχὴν
1741 1785 1791 1811 λα-

1004 1832 1095 1863 ϐόντα,
1112 1831 1179 1866 πρὸς
1194 1829 1242 1866 τὴν
1265 1832 1349 1866 αὐτὴν
1369 1832 1414 1857 καὶ
1438 1831 1498 1866 ἴσην
1516 1832 1657 1866 ἐγγραφὴν
1679 1831 1734 1857 τῶν
1760 1830 1790 1861 ἐξ

1004 1877 1149 1912 εὐωνύμων
1179 1878 1352 1912 τεταγμένων
1383 1879 1412 1904 ὲν
1436 1878 1474 1912 τῷ
1502 1877 1522 1912 β’
1539 1878 1632 1912 στίχῳ.
1661 1878 1709 1903 καὶ
1727 1877 1789 1902 καθ’

1003 1923 1076 1957 ἡμᾶς
1089 1922 1279 1958 ψηφιζομένων
1294 1922 1378 1948 ἐτῶν·
1399 1924 1426 1948 ἐν
1447 1922 1486 1957 τῷ
1502 1923 1522 1957 β’
1539 1922 1621 1957 στίχῳ
1636 1922 1685 1952 τὰς
1699 1922 1789 1948 αὐτῶν

1004 1968 1133 1999 ὲπακτὰς,
1151 1968 1233 2002 ’ήγουν
1257 1968 1373 2004 ἡμέρας,
1397 1967 1429 1999 ἃς
1446 1968 1507 2002 ἕχον
1522 1968 1574 1993 πᾶν
1590 1967 1648 1997 ἔτος
1663 1967 1788 2002 εὑρίσκε-

1005 2022 1050 2039 ται
1066 2013 1136 2039 κατὰ
1149 2013 1198 2048 τὴν
1213 2013 1438 2049 ἐκκλησιαστικὴν
1462 2013 1551 2048 ψῆφον
1572 2013 1611 2043 εἰς
1637 2012 1686 2046 τήν
1708 2020 1787 2047 τρια-

1006 2058 1073 2084 κάδα
1097 2061 1120 2084 α’
1139 2057 1184 2083 τοῦ
1207 2057 1330 2092 Μαρτίου
1350 2058 1449 2092 μηνός·
1468 2058 1496 2083 ἐν
1519 2057 1596 2092 τῷγ¹
1618 2057 1701 2091 στίχῳ
1725 2058 1789 2088 τοὺς

1005 2102 1050 2129 δύο
1073 2103 1242 2138 Ῥωμαῖκοὺς
1262 2103 1357 2138 μῆνας,
1380 2103 1501 2138 Μάρτιον
1520 2103 1566 2128 καὶ
1589 2102 1740 2136 Ἀπρίλιον·
1758 2101 1789 2126 ὲν

1006 2148 1044 2183 τῷ
1057 2148 1076 2174 δ’
1094 2149 1176 2183 στίχῳ
1193 2149 1242 2180 τὰς
1257 2148 1345 2175 αὐτῶν
1359 2152 1413 2174 τῶν
1429 2148 1521 2183 μηνῶν
1538 2148 1678 2179 ποσταίας,
1693 2149 1722 2173 ἐν
1744 2143 1787 2177 αἷς

171 2191 251 2218 annis
271 2192 427 2226 celebrant;
439 2193 467 2219 in
482 2201 496 2219 v
513 2193 650 2229 regulares
665 2193 749 2220 rubro
771 2193 862 2220 colore
875 2193 950 2227 picti.

1007 2195 1122 2230 συναντᾷ
1146 2195 1252 2226 πάντως
1272 2195 1288 2230 ή
1318 2194 1337 2220 δ’
1362 2195 1408 2220 καὶ
1430 2198 1445 2220 ι’
1461 2194 1507 2220 τοῦ
1527 2194 1636 2229 πρώτου
1656 2193 1717 2219 καθ’
1743 2193 1788 2219 Ἐ-

171 2237 233 2264 Haec
249 2237 276 2264 in
303 2238 386 2266 altera
414 2238 513 2266 tabella
536 2239 718 2274 reperiuntur.
748 2238 795 2266 Est
819 2244 909 2266 autem
926 2240 953 2266 in

172 2285 223 2311 hac
234 2284 328 2310 dextra
345 2285 443 2311 tabella
459 2284 598 2312 Paschalis
611 2285 759 2320 inscriptus
785 2292 883 2318 canon,
904 2293 951 2312 cu-

168 2329 216 2362 jus
232 2336 245 2355 a
264 2328 344 2356 nobis
363 2333 403 2356 est
422 2330 545 2364 proxime
569 2329 704 2356 declarata
720 2330 800 2361 ratio,
816 2333 845 2356 ut
872 2330 954 2365 hujus

170 2382 221 2409 ope
241 2382 340 2400 annum
356 2375 504 2409 quemlibet
518 2375 598 2408 lunzn,
617 2379 698 2409 prout
713 2376 746 2402 ab
761 2376 815 2402 illis
830 2366 951 2410 putatur,

170 2424 251 2455 atque
277 2420 304 2447 in
322 2421 439 2447 secunda
457 2421 549 2448 tabula
567 2421 728 2456 proponitur
741 2428 756 2447 a
772 2422 862 2454 nobis,
887 2430 952 2450 nec-

170 2474 224 2493 non
243 2466 269 2492 iu
287 2466 429 2500 iuterjecta
445 2469 514 2497 rota,
525 2466 638 2500 ejusque
653 2466 763 2494 circulis
776 2467 910 2502 quinque;
924 2471 953 2493 ut

171 2513 254 2543 hunc,
281 2512 402 2547 inquam,
423 2519 535 2543 annum,
552 2519 606 2546 quo
625 2519 670 2538 XIV
682 2511 822 2540 Paschalis
842 2512 951 2539 illorum

172 2558 278 2585 calculo
294 2561 336 2585 est
348 2565 392 2589 xv,
417 2557 458 2584 vel
475 2565 518 2584 xw
529 2576 537 2588 ,
560 2557 606 2592 qui
622 2558 693 2585 volet
706 2558 827 2585 invenire
854 2559 950 2591 possit,

170 2608 196 2629 et
212 2607 308 2631 exacte
324 2603 466 2631 subductis
490 2603 603 2630 calculis
623 2605 738 2638 probare
765 2609 853 2632 utrum
870 2605 907 2632 ita
924 2613 953 2633 se

171 2655 215 2674 res
232 2648 339 2680 habeat,
357 2649 396 2674 uti
413 2648 598 2682 disputatione
618 2653 712 2677 nostra
727 2650 881 2677 docuimus.

1005 2240 1116 2275 ϐρσιίους
1145 2240 1237 2275 μηνὸς,
1256 2240 1337 2275 ἤγουν
1353 2240 1382 2266 τὸ
1401 2240 1460 2266 κατ’
1480 2240 1578 2271 αὐτοὺς
1601 2240 1706 2274 Πάσχα,
1727 2239 1789 2265 καθ’

1005 2285 1118 2311 ἕκαστον
1148 2285 1222 2316 ἔτος·
1255 2286 1283 2312 ὲν
1299 2285 1338 2320 τῷ
1361 2289 1380 2311 ε’
1411 2286 1493 2320 στίχῳ
1517 2286 1566 2317 τὰς
1593 2286 1646 2311 ἀπὸ
1675 2286 1789 2320 σηρικοῦ

1006 2330 1164 2365 προσθετάς.
1183 2331 1274 2357 Ταῦτα
1288 2332 1339 2357 κὰν
1358 2330 1396 2366 τῷ
1412 2331 1499 2366 δεξιῷ.
1517 2331 1654 2366 Διεγράιρη
1675 2331 1704 2357 δὲ
1720 2331 1790 2357 κατὰ

1005 2375 1063 2401 τόδε
1081 2375 1111 2401 τὸ
1126 2374 1210 2407 δεξιὸν
1233 2375 1314 2411 μέρος
1337 2376 1367 2402 τὸ
1383 2376 1430 2401 τοῦ
1449 2376 1545 2411 Πάσχα
1566 2377 1700 2407 κανόνιον,
1725 2377 1789 2412 περὶ

1005 2416 1036 2445 οὗ
1048 2420 1097 2455 τὴν
1113 2419 1242 2455 ἐξήγησιν
1254 2420 1356 2456 ἀρτίως
1373 2421 1577 2456 πεποιήκαμεν·
1597 2422 1628 2447 ἵν’
1646 2422 1678 2447 ἐκ
1696 2421 1788 2448 τούτου

1007 2466 1059 2492 πᾶν
1079 2466 1136 2497 ἔτος
1156 2466 1268 2501 σελήνης
1283 2467 1327 2492 ὑπ’
1341 2467 1451 2493 ἐκείνων
1472 2467 1520 2501 μὲν
1537 2466 1732 2502 ψηφιζόμενον,
1746 2468 1789 2493 ὲν-

1007 2513 1087 2546 ταγὲν
1107 2512 1135 2538 δὲ
1156 2512 1202 2539 νῦν
1219 2513 1262 2546 ὑφ’
1279 2512 1356 2547 ήμῶν
1371 2512 1398 2539 ἕν
1423 2521 1452 2538 τε
1469 2513 1506 2548 τῷ
1523 2513 1654 2548 εὐωνύμῳ
1674 2514 1790 2548 κανονίῳ

1007 2559 1052 2584 καὶ
1067 2558 1105 2593 τῷ
1122 2558 1195 2593 μέσῳ
1211 2559 1298 2593 τροχῴ
1313 2559 1382 2585 κατὰ
1405 2559 1454 2589 τὰς
1469 2559 1540 2585 ἔνδον
1553 2558 1635 2590 οὔσας
1657 2563 1677 2585 ε’
1703 2559 1789 2591 ζώνας

1007 2603 1046 2634 εἰς
1060 2603 1074 2629 ὃ
1087 2607 1106 2629 ε’
1120 2604 1166 2630 καὶ
1182 2607 1207 2634 ι’,
1221 2604 1237 2638 ἢ
1254 2607 1278 2635 ς’
1291 2605 1336 2630 καὶ
1352 2604 1371 2629 ι”
1384 2603 1432 2638 τὴν
1447 2604 1593 2639 εἰρημένην
1609 2604 1629 2630 δ’
1648 2605 1695 2630 καὶ
1712 2608 1726 2631 ι’
1740 2605 1790 2640 ψη-

1007 2650 1138 2684 φίζουσιν,
1169 2651 1236 2686 εὕρῃ
1264 2652 1317 2682 πᾶς
1342 2651 1356 2676 ὁ
1385 2651 1556 2686 βουλόμενος,
1582 2653 1628 2678 καὶ
1654 2652 1788 2688 δοκιμάσῃ

171 2693 248 2719 τοῦτο
263 2693 294 2719 δι’
306 2693 446 2729 ἀκριϐείας
460 2693 594 2728 ψηφίζων,
610 2695 633 2720 εἰ
648 2695 733 2727 οὕτως
748 2695 803 2730 ἔχοι
816 2695 906 2726 καθὼς
916 2695 953 2730 τῷ
970 2695 1039 2730 λόγῳ
1055 2695 1266 2730 διεστειλάμεθα.

288 2759 490 2786 Demonstratur
509 2761 624 2801 exemplo
646 2762 704 2796 quis
719 2762 754 2788 sit
774 2769 837 2788 usus

505 2804 627 2823 canonis.

210 2847 240 2874 ν.
262 2848 316 2882 Age
331 2856 394 2876 vero
409 2853 471 2877 ante
494 2853 584 2879 omnia
599 2853 650 2880 hoc
667 2853 754 2888 ipsum
770 2852 910 2888 faciamus,
928 2859 953 2881 et

1014 2763 1173 2800 ’Υςζςέδειξις
1188 2763 1240 2790 τοῦ
1263 2765 1382 2800 τρόπον,
1400 2766 1462 2790 καθ’
1476 2765 1512 2790 ὅν
1534 2773 1578 2797 τις
1605 2766 1787 2800 κεχρημένις

1043 2799 1153 2825 εἵσεται
1166 2800 1200 2825 τὰ
1214 2800 1248 2825 ἐν
1260 2799 1331 2832 τῷδε
1345 2799 1383 2832 τῷ
1397 2800 1525 2832 κανων-ίῳ
1542 2799 1787 2835 ὃαιγεῃοαμμένὰ.

1046 2856 1080 2882 E'.
1104 2856 1156 2882 Καὶ
1173 2857 1224 2891 πρὸ
1237 2864 1267 2890 γε
1281 2856 1334 2883 τῶν
1348 2856 1433 2883 ἄλλων
1451 2857 1529 2891 ἡμεῖς
1543 2856 1619 2882 τοῦτο
1634 2858 1790 2892 ποιήσωμεν
