1907 3144
157 197 224 224 £26!

553 196 580 224 S.
601 195 722 223 MAXIMI
742 195 918 222 MARTYRIS
936 194 1124 222 COMPUTUS
1143 194 1361 222 ECCLESIAST.

1687 196 1754 223 £262

156 255 196 285 εἰς
210 255 341 286 ὑπόδειξιν
358 255 410 282 τῶν
429 254 654 289 ἐντυγχανόντων,
681 256 711 281 τὸ
736 256 800 289 παρ’
823 254 927 285 ἐκείνοις

985 260 1096 280 caeteros
1112 253 1235 287 exemplo
1251 253 1408 286 doceamus,
1428 253 1566 287 proposito
1583 260 1654 280 anno
1668 261 1701 281 eo
1715 255 1761 289 qui

156 299 186 331 ἒξ
203 301 248 325 καὶ
272 299 285 326 ι’
299 301 347 335 τῆς
367 301 480 336 σελήνης
497 301 565 331 ἔτος,
583 301 645 335 ἡμῖν
664 301 693 327 δὲ
713 299 894 335 ψηφιζόμενον
912 299 933 325 0’

155 346 203 371 καὶ
218 348 242 376 ι’,
260 346 299 376 εἰς
324 345 404 380 μέσον
423 346 576 380 προθέντες.
596 346 642 377 Εἰς
656 345 733 372 τοῦτο
748 346 801 381 γὰρ
823 345 851 372 τὸ
875 345 933 376 ἔτος

154 390 387 426 ἑπτακαιδεκάτην
406 391 452 418 τοῦ
473 393 541 419 κατὰ
562 392 709 427 Ῥωμαίους
729 392 863 427 Ἀπριλίου
879 400 932 426 μη-

152 438 199 469 νὸς
221 438 264 464 ἀεὶ
287 439 331 465 καὶ
354 439 459 470 πάντως
483 440 498 474 ἡ
523 439 543 465 δ’
564 440 609 466 καὶ
639 443 653 465 ι’
679 439 772 466 πίπτει
798 440 844 465 τοῦ
872 440 932 467 καθ’

159 483 300 518 Ἐϐραίους
325 484 433 520 πρώτου
455 485 547 520 μηνός.
568 485 616 511 Διὰ
633 484 709 511 τοῦτο
725 485 777 520 γὰρ
793 486 838 511 καὶ
852 486 880 511 ἐν
894 486 932 521 τῷ

152 528 232 562 δεξιῷ
247 529 358 564 κανονίῳ
380 529 479 564 ταύτην
492 530 541 564 τὴν
557 528 588 560 ιζ’
603 530 641 561 εἰς
655 529 734 556 αὑτὸν
748 530 932 566 κατετάξαμεν

152 573 197 599 τὸν
219 573 364 608 Ἀπρίλιον.
383 575 486 601 Οὐκοῦν
498 575 546 606 τὰς
561 575 613 601 ἀπὸ
626 575 735 610 πρώτης
748 576 795 602 τοῦ
816 577 932 603 Ἰανουα-

153 619 212 653 ρίου
231 619 314 654 μηνὸς
331 620 393 654 ἄχρι
410 620 460 654 τῆς
476 620 521 646 τοῦ
542 621 678 656 Ἀπριλίου
697 621 727 651 ιζ’
750 621 930 657 ἀθροίζοντες,

151 664 280 699 ποιοῦμεν
300 665 405 700 ἡμέρας
423 666 477 700 ρξ’·
498 664 555 692 εἶτα
576 666 667 693 λοιπὸν
684 667 726 693 διὰ
747 667 796 702 μὲν
809 668 857 702 τῆς
877 668 930 694 τῶν

153 713 191 741 ις’
208 708 274 735 ἑτῶν
287 709 500 742 πενταπλώσεως
513 714 550 743 π’,
567 711 610 738 διὰ
625 712 652 738 δὲ
666 712 716 746 τῆς
729 712 783 738 τῶν
805 714 865 739 κατ’
883 714 931 739 αὐ-

150 756 199 786 τὰς
213 756 364 791 ἑξηκοστῶν
379 756 538 791 ἀναλήψεως
554 760 595 790 γ’·
616 757 658 783 διὰ
673 757 700 783 δὲ
716 758 794 784 πάλιν
814 759 862 793 τῆς
882 759 930 785 αύ-

148 801 204 826 τῶν
218 801 271 827 τῶν
290 805 326 832 ις’
341 801 408 828 ἐτῶν
432 800 608 833 ὲξαπλώσεως
630 803 684 835 L_:'.
719 803 763 834 Ὠς
787 802 855 830 εἶναι
881 805 929 836 τὰς

151 846 240 878 πάσας
257 850 337 878 ang“
352 847 384 878 ἃς
399 848 438 878 εἰς
451 847 496 873 τὸν
518 848 539 873 λ’
557 848 722 884 μερίζοντες,
739 849 769 881 ἓξ
792 850 838 876 καὶ
855 854 869 876 ι’
881 851 929 885 τὴν

148 891 196 918 τοῦ
214 891 320 926 πρώτου
339 892 422 928 μηνὸς
446 893 466 918 δ’
490 893 537 919 καὶ
555 893 569 919 ι’
585 894 755 929 εὑρίσκομεν.
778 895 885 930 Ταύτην
901 896 929 922 δὲ

984 300 1018 326 ab
1034 299 1088 326 illis
1100 299 1171 326 luna:
1184 307 1238 331 xvi,
1254 307 1269 325 a
1286 299 1364 326 nobis
1384 307 1427 325 xix
1439 304 1605 326 numeratur.
1620 299 1677 326 Hoc
1689 301 1762 327 enim

983 352 1055 371 anno
1074 353 1119 371 xiv
1134 345 1212 379 primi
1233 344 1338 371 Judaici
1362 344 1464 371 mensis
1487 349 1617 379 perpetuo
1635 345 1708 372 cadit
1734 346 1761 372 in

983 390 1082 425 Aprilis
1097 399 1163 417 xvu.
1187 390 1253 417 Nam
1278 394 1419 425 propterea
1440 391 1468 416 in
1491 390 1588 417 tabell'i
1613 390 1707 418 dextra
1728 391 1760 418 ad

983 444 1103 463 mensem
1115 437 1235 471 Aprilem
1252 436 1323 463 diem
1339 444 1393 462 xvu
1407 435 1557 470 posuimus.
1573 435 1658 471 Igitur
1674 437 1732 464 dies
1747 444 1763 462 a

962 475 966 480 ’
982 480 1109 509 Kalendis
1118 481 1255 508 Januariis
1266 482 1299 508 ad
1308 481 1409 516 Aprilis
1421 481 1555 508 decimum
1566 482 1709 516 septimum
1726 483 1764 508 in-

982 526 1110 560 terjectos
1132 527 1284 562 colligimus
1308 534 1423 554 numero
1444 534 1496 553 cvn
1510 547 1517 559 ,
1542 533 1598 554 tum
1618 528 1696 555 annis
1717 535 1761 554 xvi

981 572 1127 606 quinquies
1145 572 1342 606 multiplicatis,
1361 580 1432 599 Lxxx
1450 573 1519 599 dies.
1544 572 1686 600 Accedunt
1706 578 1761 600 tres

982 617 1039 649 alii,
1052 625 1121 651 quos
1139 617 1306 652 sexagesima
1326 617 1453 652 scrupula
1469 617 1502 644 de
1520 617 1617 645 diebus
1634 617 1761 653 decerpta

982 663 1140 690 coniiciunt.
1164 663 1270 691 Rursus
1291 664 1372 690 iidem
1389 663 1453 690 anni
1470 671 1514 690 va
1529 664 1617 690 sexies
1632 664 1762 698 multipli-

982 710 1037 736 cati
1049 717 1108 736 xcvi
1126 709 1184 737 dies
1197 710 1380 736 accumulant.
1408 709 1442 736 Ut
1459 718 1491 736 ex
1511 709 1637 737 omnibus
1652 710 1762 737 redacta

981 763 1098 787 summa,
1124 756 1182 784 dies
1203 756 1340 783 exsistunt
1357 763 1501 788 CCLXXXVI,
1529 756 1628 790 quibus
1647 764 1695 790 per
1707 765 1762 783 xxx

980 801 1085 832 divisis,
1111 801 1241 828 decimam
1255 806 1358 828 sextam
1374 801 1525 828 invenimus
1544 809 1602 828 eam
1618 809 1688 834 esse,
1702 809 1762 836 quae

981 855 1075 874 revera
1089 848 1124 874 sit
1141 848 1221 882 primi
1237 848 1339 874 mensis
1362 853 1459 882 quarta
1475 848 1589 875 declma.
1616 848 1680 881 Qua:
1702 849 1762 883 qui-

980 893 1040 920 dem
1060 893 1087 919 in
1107 900 1187 928 quam
1204 893 1380 920 hebdomadm
1405 893 1500 920 feriam
1516 894 1619 920 incidat
1643 901 1724 921 nosse
1738 894 1760 920 si

152 937 246 972 μαθεῖν
261 939 285 963 εἱ
303 938 473 973 βουληθῶμεν
494 940 533 970 είς
553 940 631 965 ποίαν
646 940 774 974 ἐμπίπτει
789 941 839 975 τῆς
853 941 927 968 ἑϐδο-

981 938 1082 967 lubeat,
1101 941 1312 964 consentaneum
1338 941 1380 964 est
1399 938 1544 965 observare
1568 945 1669 965 annum
1694 939 1761 966 solis

151 984 234 1019 μάδος
247 985 363 1019 ἡμέραν,
377 984 446 1011 κατὰ
464 985 512 1020 μὲν
526 986 575 1020 τὴν
590 985 699 1021 πρώτην
714 987 930 1013 ἐννεακαιδεκαε-

147 1030 245 1064 τηρίδα
260 1031 420 1066 προσφόρως
434 1031 464 1056 τὸ
485 1032 534 1066 τῆς
555 1030 665 1067 πρώτης
684 1033 930 1068 εἰκοσιοκταετηρί-

147 1075 194 1106 δος
207 1075 347 1111 ἰσάριθμον
366 1076 411 1102 τοῦ
433 1076 508 1111 ἡλίου
523 1077 590 1108 ἔτος,
605 1077 675 1111 λέγω
692 1077 719 1104 δὲ
744 1078 773 1104 τὸ
786 1078 816 1110 ἓξ
831 1080 878 1105 καὶ
903 1082 927 1110 ι’,

148 1121 178 1153 ἐξ
201 1121 356 1156 εὐωνύμων,
374 1122 410 1153 ὡς
438 1122 515 1156 ἔφην,
534 1122 663 1156 σύνεγγυς
686 1125 857 1159 τεταγμένων
882 1125 928 1151 τοῦ

148 1165 231 1192 αὑτοῦ
254 1166 304 1201 τῆς
329 1167 441 1202 σελήνης
466 1167 540 1198 ἔτους
562 1167 778 1203 διασκοποῦμεν·
813 1170 858 1195 καὶ
880 1169 930 1200 τὰς

146 1209 231 1236 αὐτοῦ
247 1210 427 1245 λαμϐάνοντες
454 1211 586 1243 ἐπακτὰς,
611 1213 640 1238 ὲν
662 1212 700 1247 τῷ
723 1213 744 1247 β’
759 1212 804 1239 τοῦ
830 1214 927 1249 τροχοῦ

148 1255 240 1290 κύκλῳ
250 1256 493 1292 διαγεγραμμένας,
507 1256 589 1289 οὔσας
601 1257 646 1283 τὸν
660 1258 776 1293 ἀριθμὸν
793 1262 829 1290 ς’,
845 1268 929 1294 προσ-

149 1301 283 1336 πλέκομεν
298 1303 358 1333 ταῖς
375 1303 406 1334 ιζ’
422 1302 468 1328 τοῦ
489 1302 625 1337 Ἀπριλίου
642 1303 724 1338 μηνὸς
738 1304 864 1339 ἡμέραις,
882 1305 928 1331 καὶ

147 1346 188 1376 εἰς
199 1346 244 1371 τὸν
260 1346 282 1377 ζ’
300 1346 444 1382 μερίζομεν
455 1355 461 1361 ·
480 1347 533 1373 κάκ
546 1347 600 1374 τῶν
617 1348 808 1383 ἀπομενουσῶν
823 1349 868 1375 δύο
879 1349 928 1384 τὴν

147 1393 196 1426 τῆς
211 1391 358 1427 ἑϐδομάδος
381 1392 485 1428 ἡμέραν
502 1393 682 1429 γινώσκομεν,
699 1395 739 1425 εἰς
756 1395 789 1430 ἣν
810 1395 927 1430 Ἑϐραῖοι

147 1437 177 1463 τὸ
198 1438 295 1473 Πάσχα
313 1438 428 1465 τελοῦσι.
456 1439 500 1465 Διὸ
526 1441 557 1474 τῇ
583 1440 636 1475 πρὸ
660 1440 770 1476 ταύτης,
788 1442 870 1476 ἦγουν
894 1443 926 1477 τῇ

146 1483 212 1518 ἁγίᾳ
229 1485 364 1519 κυριακῇ,
388 1487 408 1510 ε’
427 1485 474 1511 καὶ.
500 1488 514 1511 ι’
538 1486 634 1513 ἐκεῖνοι
653 1486 699 1512 τοῦ
716 1482 831 1521 φέγγους
845 1487 928 1523 ψηφί-

147 1527 247 1561 ζοντες,
274 1529 325 1565 πρὸ
349 1530 395 1556 τοῦ
421 1530 561 1565 Ἐϐραῖκοῦ
583 1532 613 1557 τὸ
627 1532 695 1558 κατὰ
717 1533 842 1567 Χριστὸν,
859 1534 927 1570 ὅπερ

144 1574 176 1600 οὐ
193 1574 279 1609 θέμις,
294 1575 461 1607 κανονίζουσι
477 1577 579 1612 Πάσχα.
597 1577 702 1613 Ταύτης
713 1577 758 1605 οὖν
772 1580 862 1607 ἕνεκεν
879 1581 927 1616 τῆς
940 1597 961 1624 C

144 1621 252 1653 αἰτίας,
284 1621 321 1653 ὡς
349 1622 398 1656 ἤδη
426 1621 565 1655 λέλεκται,
592 1623 665 1650 δυσὶν
695 1624 925 1661 ὲπεσημηνάμεθα

146 1669 272 1701 στιγμαῖς
287 1667 316 1694 τὸ
329 1669 394 1694 αὐτὸ
409 1667 437 1700 ἒξ
453 1668 500 1695 καὶ
515 1669 605 1701 ι’ἓτος.
616 1670 669 1696 Καὶ
681 1670 767 1702 οὕτως
781 1672 829 1705 μὲν
843 1680 926 1706 προσ-

144 1713 208 1748 ήκει
227 1713 352 1748 ψηφίζειν
378 1714 446 1741 κατὰ
466 1715 515 1749 τὴν
539 1715 650 1751 πρώτην
673 1717 925 1753 ἐννεακαιδεκαετη-

144 1758 206 1794 ρὶδα
227 1759 256 1784 τὸ
271 1759 336 1785 αὐτὸ
361 1759 390 1791 ἒξ
415 1760 460 1786 καὶ
481 1764 495 1786 ι’
510 1761 559 1795 τῆς
584 1762 696 1796 σελήνης
713 1762 786 1794 ἔτος·
806 1763 875 1790 κατὰ
897 1764 924 1790 δὲ

141 1804 194 1839 τὴν
212 1807 238 1836 ς’
254 1805 564 1840 ἐννεακαιδεκαετηρίδα,
580 1807 603 1832 εὶ
621 1807 701 1834 πάλιν
718 1808 874 1844 θελήσωμεν
889 1810 926 1835 εί-

139 1851 218 1877 δέναι
238 1851 301 1886 ποίᾳ
312 1852 359 1886 τῆς
373 1851 516 1887 ἑϐδομάδος
531 1854 620 1888 ἡμέρα
633 1854 682 1889 τὴν
707 1853 737 1885 ἒξ
753 1854 800 1880 καὶ
825 1858 838 1880 ι’
853 1855 925 1881 ἐκεί-

139 1906 186 1924 νοι
206 1897 366 1933 ψηφίζουσιν
393 1899 438 1925 ἐπὶ
451 1898 497 1925 τοῦ
520 1899 600 1925 αὑτοῦ
627 1899 711 1932 ἔτους,
735 1900 816 1934 ἤγουν
832 1901 878 1927 τοῦ
896 1902 924 1935 ἕξ

139 1944 193 1971 καὶ
217 1947 242 1976 ι’,
267 1944 313 1970 τοῦ
342 1944 463 1976 συνόντος
487 1945 560 1980 αύτῷ
585 1945 614 1977 ἐξ
644 1945 789 1981 εὐωνύμων
811 1947 923 1981 ἡλιακοῦ

139 1991 231 2022 ἔτους,
251 1990 321 2025 λέγω
346 1991 373 2017 δὲ
396 1991 443 2017 τοῦ
468 1991 507 2023 κζ’
532 1992 581 2026 τῆς
603 1991 624 2017 δ’
651 1992 925 2027 εὶκοσιοκταετηρίδος

141 2036 321 2070 ὑπάρχοντος,
348 2036 396 2067 τὰς
419 2036 538 2067 ἐπακτὰς
560 2036 751 2071 λαμϐάνοντες,
774 2036 856 2068 οὔσας
878 2037 924 2063 τον

140 2081 259 2116 ὰριθμὺν
273 2085 302 2113 ε’,
324 2083 356 2117 τῇ
382 2083 448 2117 αὐτῇ
471 2082 517 2108 τοῦ
538 2082 673 2117 Ἀπριλίου
693 2082 777 2118 μηνὸς
799 2082 820 2114 ζ’
840 2083 887 2109 καὶ
909 2087 923 2109 ι’

141 2126 353 2162 συμπλέκομεν
370 2127 415 2153 καὶ
430 2129 469 2158 εἷς
484 2128 527 2153 τὸν
540 2128 561 2159 ξ’
582 2128 630 2159 τὰς
646 2128 685 2162 κβ¹
704 2128 868 2163 μερίζοντες,
892 2129 924 2155 ἐκ

139 2171 195 2205 τῆς
211 2171 397 2206 ἀπομενούσης
412 2173 553 2207 Κυριακὴν
575 2173 624 2208 τὴν
638 2174 686 2207 τῆς
701 2173 844 2208 ἑϐδομάδος
857 2174 924 2209 ἡμέ-

142 2224 197 2251 ραν
217 2216 387 2251 εὑρίσκομεν.
407 2217 453 2242 Ἐκ
473 2216 574 2250 ταύτης
598 2218 646 2252 μὲν
665 2215 710 2243 οὖν
725 2218 772 2253 τῆς
796 2218 865 2245 κατὰ
879 2218 923 2244 τὸν

981 983 1008 1010 in
1029 983 1117 1018 primo
1133 983 1193 1017 ejus
1212 983 1298 1017 cyclo,
1312 984 1418 1011 numeri
1436 984 1556 1018 ejusdem
1576 992 1637 1011 cum
1661 984 1760 1016 lunari,

979 1028 1031 1055 hoc
1047 1032 1089 1055 est
1104 1036 1158 1059 xvt,
1173 1036 1253 1063 quem
1269 1029 1301 1055 ad
1313 1029 1436 1056 dextram
1452 1030 1517 1056 anni
1539 1030 1618 1057 istius
1632 1030 1712 1061 lunae,
1728 1037 1761 1056 ac

980 1081 1062 1109 prope
1077 1074 1165 1108 ipsum
1180 1075 1297 1108 positum
1313 1082 1374 1102 esse
1385 1074 1538 1102 docuimus.
1552 1074 1602 1110 Iluj
1609 1083 1638 1102 us
1650 1080 1760 1110 cpactas

980 1120 1007 1147 in
1034 1120 1154 1147 secundo
1176 1124 1241 1146 rota:
1258 1119 1362 1146 circulo
1379 1119 1540 1155 descriptas,
1565 1128 1626 1156 quae
1641 1125 1705 1147 sunt
1722 1129 1759 1153 vr,

979 1165 1104 1192 addimus
1125 1173 1182 1192 xvn
1200 1165 1301 1200 Aprilis
1327 1165 1440 1198 diebus;
1462 1173 1492 1192 ac
1503 1169 1589 1192 totum
1604 1166 1632 1192 in
1647 1174 1683 1192 vn
1699 1174 1760 1201 par-

979 1212 1072 1238 timur.
1090 1211 1141 1244 Qui
1155 1212 1274 1246 reliquus
1290 1215 1332 1239 est
1350 1212 1471 1238 hiuarius
1488 1211 1582 1238 feriant
1598 1212 1718 1245 exhibet,
1732 1213 1759 1240 in

979 1265 1031 1291 qua
1046 1256 1131 1284 Judmi
1150 1256 1254 1284 Pascha
1270 1257 1418 1283 celebrant.
1430 1257 1470 1283 Ob
1485 1257 1511 1283 id
1527 1257 1703 1285 antecedente
1719 1258 1759 1285 illi

979 1302 1033 1334 die,
1061 1301 1189 1328 nimirum
1214 1301 1375 1334 Dominica,
1398 1310 1431 1328 xv
1460 1302 1531 1329 luna:
1556 1307 1758 1337 computantes,

979 1352 1041 1374 ante
1059 1346 1201 1373 Judaicum
1223 1345 1336 1379 Pascha,
1360 1347 1431 1382 quod
1455 1347 1532 1374 nefas
1556 1352 1607 1380 est,
1624 1348 1760 1376 Christia-

978 1400 1043 1419 num
1068 1395 1201 1419 statuunt.
1227 1391 1374 1427 Propterea
1392 1400 1442 1420 nos
1464 1393 1536 1420 hunc
1551 1394 1638 1429 ipsum
1657 1402 1759 1422 annum

978 1446 1034 1468 xvi,
1050 1442 1080 1464 ut
1092 1438 1147 1473 jam
1165 1437 1268 1464 dictum
1282 1443 1335 1470 cst,
1356 1439 1457 1474 duplici
1478 1445 1579 1474 puncto
1591 1442 1758 1469 notavimus.

977 1483 1018 1510 Ad
1031 1484 1105 1511 hunc
1123 1485 1231 1511 modum
1248 1492 1395 1512 numerare
1410 1486 1538 1513 conrenit
1558 1487 1587 1513 in
1606 1487 1694 1521 primo
1711 1495 1759 1524 cy-

979 1529 1022 1556 clo
1043 1530 1123 1565 186
1135 1530 1375 1558 decemnovennali
1396 1538 1497 1558 annum
1515 1532 1596 1560 istum
1618 1533 1688 1560 lunae
1703 1542 1758 1561 xvn.

977 1576 1038 1603 Iam
1050 1584 1114 1603 vero
1129 1577 1153 1603 si
1168 1576 1195 1603 in
1210 1577 1287 1611 cyclo
1305 1576 1545 1604 decemnovennali
1562 1586 1589 1604 vl
1607 1579 1677 1607 seire
1692 1579 1760 1607 veli-

978 1630 1050 1654 mus,
1069 1630 1189 1657 quanam
1216 1622 1396 1650 hebdomadis
1419 1623 1485 1650 feria
1496 1624 1628 1652 decimam
1653 1630 1758 1653 sextam

979 1669 1018 1695 illi
1035 1673 1175 1695 numerent
1193 1669 1218 1695 in
1233 1675 1305 1696 anno
1320 1668 1414 1696 eodem
1427 1677 1481 1702 xvi,
1495 1671 1559 1697 anni
1574 1671 1649 1704 solis,
1663 1672 1707 1707 qui
1725 1673 1759 1700 ad

978 1715 1038 1748 ejus
1056 1714 1193 1741 sinistram
1215 1715 1319 1748 positus
1339 1718 1391 1745 est.
1408 1718 1435 1742 et
1451 1720 1492 1742 est
1514 1724 1588 1743 xxvn
1604 1718 1672 1752 cycli
1686 1718 1759 1745 sola-

978 1761 1017 1786 ris
1039 1767 1077 1791 tv,
1095 1760 1233 1786 sumendae
1249 1764 1312 1787 sunt
1327 1766 1430 1794 epacm
1442 1768 1469 1791 ιν.
1494 1764 1520 1787 et
1535 1761 1567 1788 ad
1587 1769 1640 1788 xvu
1657 1762 1759 1797 Aprilis

978 1805 1138 1839 adjicienda:
1153 1815 1158 1832 :
1175 1806 1237 1832 inde
1254 1813 1387 1833 summam
1409 1806 1515 1833 dierum
1532 1814 1587 1833 xxu
1604 1815 1651 1842 per
1664 1816 1702 1835 vn
1715 1808 1758 1835 di-

978 1849 1111 1881 videntes,
1138 1850 1268 1884 reliquam
1287 1850 1416 1878 faciemus
1439 1850 1614 1881 Dominicam.
1639 1861 1698 1888 qua:
1717 1858 1758 1882 est

978 1897 1051 1924 illius
1059 1897 1111 1924 diei
1126 1897 1201 1924 l’eria.
1215 1896 1251 1923 Ex
1269 1897 1319 1924 hac
1333 1897 1415 1932 igitur
1427 1906 1482 1928 xw.
1496 1906 1575 1933 quam
1591 1899 1628 1926 illi
1643 1899 1670 1926 in
1682 1905 1758 1927 sexto

978 1943 1216 1970 decemnovenuali
1235 1943 1311 1977 cyclo
1334 1947 1503 1977 computant,
1518 1943 1703 1972 Christianum
1725 1947 1758 1973 ab

979 1988 1012 2014 iis
1026 1987 1130 2014 Pascha
1148 1989 1174 2014 in
1189 1995 1256 2014 xxul
1271 1988 1341 2014 luna:
1353 1988 1425 2015 diem
1448 1988 1587 2016 confertur
1604 1999 1609 2016 :
1629 1991 1757 2024 quoniam

979 2034 1006 2060 in
1020 2033 1207 2067 insequentem
1229 2032 1396 2060 Dominicam
1418 2034 1602 2061 ecclesiastica
1619 2035 1645 2062 id
1666 2037 1757 2070 regula

979 2078 1122 2106 transferri
1137 2079 1275 2113 przecipit;
1290 2086 1323 2105 ex
1337 2086 1368 2106 ea
1382 2087 1454 2110 vero,
1470 2087 1551 2114 quam
1566 2081 1592 2106 in
1606 2081 1693 2115 prima
1710 2089 1751 2108 en.

978 2124 1200 2151 neadecaeteride
1212 2129 1366 2156 numerant,
1382 2125 1454 2159 quod
1471 2133 1502 2152 ea
1521 2126 1666 2152 secundam
1681 2126 1706 2153 in
1720 2126 1756 2154 l‘e<

979 2170 1046 2196 riam
1066 2170 1178 2200 incidat.
1202 2169 1306 2197 Pascha
1323 2169 1348 2196 in
1375 2178 1430 2197 nn
1448 2171 1517 2198 luna:
1530 2171 1600 2198 diem
1616 2172 1756 2207 competit.

979 2218 1035 2244 Hoc
1059 2218 1141 2251 igitur
1157 2222 1236 2251 pacto
1252 2217 1273 2244 si
1290 2218 1352 2252 quis
1367 2219 1446 2246 annis
1460 2219 1540 2251 lunae,
1567 2221 1612 2255 qui
1633 2221 1660 2247 in
1676 2229 1691 2246 ι’
1704 2221 1758 2248 cir-

141 2266 172 2295 ς’
187 2261 485 2299 ἐννεακαιδεκαετηρίδα
494 2263 680 2299 ψηφιζομένης
694 2265 783 2296 αὐτοῖς
797 2265 825 2300 ἒξ
839 2265 885 2292 καὶ
898 2269 922 2297 ι’,

979 2263 1046 2290 culis
1062 2267 1127 2290 rotae
1139 2263 1261 2297 inscripti
1276 2267 1350 2295 sunt,
1364 2265 1402 2290 uti
1417 2264 1490 2296 velit,
1508 2265 1535 2291 in
1549 2265 1668 2299 quolibet
1685 2266 1759 2293 inve-

141 2309 231 2335 εἰκάδι
246 2312 280 2342 γ’,
295 2309 324 2335 τὸ
341 2309 409 2335 κατὰ
429 2310 544 2344 Χριστὸν
567 2310 733 2342 κανονίζουσι
756 2311 852 2345 Πάσχα
864 2320 870 2326 ·
887 2311 924 2342 ὡς

141 2356 185 2386 εἰς
199 2354 247 2389 τὴν
260 2354 321 2389 ἑξῆς
337 2355 415 2389 ἁγίαν
431 2355 570 2390 Κυριακὴν
583 2355 663 2382 αὐτοῦ
680 2356 838 2391 τελουμένου
854 2358 925 2383 κατὰ

140 2399 194 2434 τὴν
211 2399 434 2435 ὲκκλησιαστικὴν
454 2400 618 2434 παράδοσιν·
636 2402 666 2428 ἔκ
685 2401 711 2427 δὲ
729 2402 777 2437 τῆς
791 2402 862 2429 κατὰ
876 2402 925 2438 τὴν

139 2448 168 2472 a.’
191 2445 504 2481 ὲννεακαιδεκαετηρίδα,
530 2446 573 2472 διὰ
593 2447 623 2472 τὸ
649 2447 813 2482 συμφθᾴνειν
834 2448 873 2479 εἰς
903 2448 924 2482 β’

141 2491 250 2526 ἡμέραν
262 2491 311 2526 τῆς
324 2491 476 2526 ἑϐδομάδος,
492 2491 576 2518 εἰκάδι
591 2492 612 2526 β’
625 2492 670 2518 τοῦ
687 2493 814 2526 φέγγους.
833 2493 926 2525 Οὕτως

143 2536 195 2572 μὲν
209 2538 231 2562 εἰ
252 2538 377 2572 χρήσοιτο
393 2547 434 2569 τις
447 2538 509 2573 περὶ
524 2537 576 2564 τῶν
589 2539 617 2564 ἐν
633 2537 672 2573 τῷ
692 2539 780 2574 τροχῷ
792 2539 866 2565 κατᾶ
876 2539 924 2570 τὰς

140 2587 164 2610 ε’
180 2582 264 2614 ζώνας
278 2584 390 2611 ἐνόντων
408 2585 456 2618 τῆς
479 2584 591 2619 σελήνης
611 2584 689 2615 ἐτῶν,
709 2584 873 2620 διερευνήσει
896 2585 924 2610 ὲν

140 2628 252 2662 ἑκάστῳ
274 2629 322 2663 τὴν
346 2629 395 2664 τῆς
421 2629 564 2663 ἑϐδομάδος
591 2632 614 2654 α’
632 2629 748 2664 ἡμέραν,
766 2629 783 2664 ἢ
809 2629 858 2664 τὴν

139 2673 208 2708 περὶ
222 2673 249 2700 δὲ
264 2674 315 2700 τῶν
331 2675 358 2700 ἐν
371 2673 410 2709 τῷ
425 2674 554 2709 εὐωνύμῳ
567 2674 819 2710 διαγεγραμμένων,
836 2674 923 2709 ζητῶν

141 2720 192 2746 καὶ
208 2719 311 2751 τούτοις
323 2720 345 2736 ⁹⁰
361 2721 410 2755 τὴν
435 2719 502 2754 μετὰ
516 2719 564 2754 τὴν
580 2719 690 2755 πρώτην
706 2720 752 2746 καὶ
769 2719 790 2754 β’
811 2719 924 2755 ἑϐδομα-

960 2335 963 2338 _
978 2309 1087 2343 stigahit
1114 2308 1207 2334 feriam
1228 2317 1247 2340 ι,
1265 2313 1312 2335 aut
1325 2316 1343 2335 ιι
1358 2318 1365 2335 z
1384 2309 1456 2343 quod
1472 2310 1505 2336 ad
1522 2318 1569 2337 eos
1591 2319 1655 2338 vero
1675 2312 1759 2346 perti-

979 2357 1033 2385 net,
1050 2354 1095 2388 qui
1110 2353 1143 2380 ad
1156 2353 1296 2380 sinistram
1318 2354 1398 2388 positi
1416 2357 1490 2387 sunt,
1507 2355 1531 2382 si
1546 2355 1667 2391 inquirat
1684 2365 1755 2388 eam.

979 2407 1038 2436 quae
1059 2399 1173 2434 primam
1203 2399 1383 2426 secundamve
1402 2401 1536 2435 sequitur,
1555 2409 1584 2428 ιιι
1607 2403 1647 2430 vel
1666 2411 1692 2430 Iv
1717 2404 1742 2431 l'e

978 2446 1057 2478 riam,
1076 2453 1108 2472 ac
1119 2449 1230 2473 caeteras
1246 2445 1385 2481 deinceps,
1405 2451 1486 2481 prout
1500 2447 1553 2474 erit
1563 2449 1632 2483 cycli
1649 2449 1757 2477 decem-

979 2491 1138 2518 novennalis
1162 2498 1269 2523 annus,
1295 2491 1342 2526 qui
1365 2494 1536 2527 proponitur,
1564 2499 1756 2528 congruentem

979 2529 1047 2572 c'yeli
1064 2537 1161 2564 solaris
1177 2536 1317 2571 indagabit
1337 2544 1437 2565 annum
1452 2547 1458 2571 ;
1482 2539 1562 2573 cujus
1577 2544 1686 2573 epactas
1709 2540 1758 2567 ad—

976 2583 1071 2618 junget
1086 2582 1118 2609 ad
1136 2582 1206 2609 diem
1217 2581 1330 2609 Romani
1346 2584 1460 2615 mensis,
1479 2584 1506 2610 in
1525 2592 1605 2619 quem
1618 2592 1663 2611 xw
1677 2585 1756 2619 primi

978 2629 1081 2656 mensis
1114 2628 1209 2656 incidit
1231 2636 1304 2655 anno
1328 2629 1374 2656 illo
1398 2630 1477 2662 lunae,
1499 2630 1533 2657 de
1547 2637 1601 2665 quo
1616 2631 1756 2664 qumritur.

978 2674 1079 2701 Deinde
1101 2675 1247 2709 partitione
1267 2674 1338 2701 facta
1355 2682 1403 2709 per
1419 2683 1466 2707 vn,
1487 2683 1521 2701 ex
1537 2683 1570 2702 eo
1589 2674 1684 2702 feriam
1709 2675 1758 2702 ob-

977 2721 1084 2748 tinebit.

141 2763 222 2798 τικὴν
237 2764 349 2799 ἡμέραν,
366 2763 419 2791 οἷον
435 2765 483 2801 τὴν
500 2769 534 2799 γ’,
551 2765 597 2792 καὶ
612 2765 703 2800 τὴνδ’,
719 2765 765 2791 καὶ
786 2765 836 2797 τὰς
853 2765 916 2800 ἑξῆς
942 2766 1009 2801 πρὸς
1032 2766 1061 2792 τὸ
1085 2766 1135 2801 τῆς
1158 2767 1343 2802 ψηφιζομένης
1363 2766 1676 2803 ἑννεακαιδεκαετηρίδος
1699 2765 1757 2798 ἔτος

141 2808 317 2844 διακριϐὡσει
344 2810 372 2836 τὸ
396 2811 548 2847 πρόσφορον
570 2811 619 2846 τῆς
634 2811 918 2848 εἰκοσιοκταετηρίδος,
936 2813 982 2839 καὶ
995 2813 1088 2839 τούτου
1111 2814 1158 2845 τὰς
1181 2815 1302 2846 smn-.51;
1324 2814 1486 2853 προσπλέξει
1505 2815 1537 2850 τῇ
1566 2813 1682 2849 ποσταία
1711 2813 1757 2844 τοῦ

178 2897 201 2914 ⁸ο
214 2898 235 2932 ί.
249 2900 278 2925 ὲν
288 2899 401 2931 τούτοις.
