1907 3144
171 163 239 191 I265

308 221 376 255 Περὶ
391 220 444 256 τῆς
453 222 617 258 διαπραφῆς
627 225 679 252 τοῦ
687 226 804 261 τροχοῦ.

204 277 241 303 Β’.
263 277 354 320 Ἰξστιν
378 276 424 305 οὖν
445 280 460 314 ἡ
489 279 624 316 διαγραφή
640 282 687 308 τοῦ
710 283 806 318 τροχοῦ
826 284 946 320 τοιαύτη.

168 323 248 358 Τρεῖς
262 318 339 353 οὗτος
350 323 478 359 κέκτηται
497 324 594 357 ζώνας,
615 327 661 353 καὶ
677 327 749 354 ἔνδον
765 328 854 355 αὐτῶν
867 318 946 356 κανόΠ-

168 376 222 394 νιον
250 368 467 403 ίσοτετρὰγωνον.
497 370 528 395 'H
549 370 597 405 μὲν
615 369 661 398 οὖν
677 372 771 408 πρώτη
784 372 854 408 ζώνη
872 382 948 409 περι-

168 413 224 448 έχει
241 413 288 444 τὰς
306 413 359 439 τῶν
376 418 417 449 κη’
434 414 479 441 τοῦ
493 415 565 450 ἡλίου
580 416 647 443 ἑτῶν
661 418 797 449 ὲπακτάςν·
813 420 828 454 ἡ
846 419 874 445 δὲ
888 419 947 445 δευ-

167 459 235 493 τέρα
250 459 319 485 αὐτὰ
330 459 364 486 τὰ
384 463 426 495 κη’
439 460 485 486 τοῦ
507 461 582 496 ἡλίου
598 462 644 498 ἔτη
661 463 713 489 ἀπὸ
740 464 846 499 πρώτου
867 464 946 500 μέχρι

167 503 214 529 τοῦ
239 503 403 536 τελευταίου,
434 506 503 533 κατὰ
527 507 603 540 τάξιν
628 507 866 544 διαγεγραμμένα·
887 510 947 544 ἡδὲ

168 549 246 584 τρίτη
255 549 287 576 τὰ
299 550 368 576 κατὰ
382 551 431 586 τὴν
442 553 634 588 τετραετηρίδα
646 553 782 588 βίσσεξτα.
796 556 850 582 Καὶ
862 555 948 582 ταῦτα

169 595 219 630 μὲν
233 597 259 622 αἱ
273 597 345 632 τρεῖς
356 597 449 629 ζῶναι.

286 653 355 686 Περὶ
370 653 425 687 τῆς
436 653 599 689 διαΊῬαφῆς
612 656 665 683 τοῦ
682 657 832 684 κανονίου.

205 707 243 734 Γ¹.
255 708 290 734 Τὸ
302 709 330 735 δὲ
350 710 470 736 κανόνιον
483 711 550 738 ἑπτὰ
566 711 671 746 στίχους
687 712 752 747 ἔχει,
765 713 792 739 ἐν
806 711 846 743 οἷς
860 713 888 739 αἱ
899 713 948 748 τῆς

168 754 314 790 ἑϐδομάδος
330 757 430 792 ἡμέραι
447 758 608 793 τεταγμέναι
622 760 809 794 τυγχάνουσιν.
832 759 900 785 Ἀλλ’
919 760 947 785 ἐν

169 799 219 834 μὲν
230 799 268 834 τῷ
281 799 380 836 πρώτῳ
403 802 484 837 στίχῳ
509 803 578 830 κατὰ
590 803 675 836 τάξιν,
685 802 738 831 οἷον
756 806 787 831 ὲκ
801 808 835 836 α’,
853 805 899 831 καὶ
914 804 945 839 β’,

167 845 215 870 καὶ
225 844 317 880 τρίτης
335 846 415 881 μέχρι
427 847 480 873 τῶν
495 847 517 878 ζ’
527 856 533 862 ·
552 849 580 874 ὲν
594 849 621 874 δὲ
638 850 693 879 τοῖς
705 849 772 884 μετὰ
782 849 827 875 τὸν
842 849 947 884 πρῶτον

567 165 596 194 S.
617 165 741 195 MAXIM!
760 168 938 197 MARTYRIS
957 169 1145 198 COMPUTUS
1161 169 1378 198 ECCLESIAST.
1480 177 1494 194 ο

1708 174 1775 202 1266

1173 229 1251 264 187
1269 229 1306 256 De
1319 234 1384 256 rem
1398 229 1576 264 descriptione.

1034 285 1065 313 ll.
1078 286 1140 313 llmc
1157 286 1239 321 igitur
1255 292 1313 314 rota
1335 287 1387 314 ista
1402 287 1601 321 complectitur.
1617 286 1685 315 Tres
1703 296 1729 314 In
1746 297 1777 315 ea

1001 339 1074 358 zona:
1090 336 1164 363 sunt,
1179 335 1205 359 et
1219 332 1246 358 in
1261 331 1351 359 medio
1361 331 1501 367 quadrata.
1509 332 1599 359 tabula
1612 334 1775 368 aequitatem.

1001 377 1091 404 Prima
1106 385 1172 404 zona
1188 385 1321 404 annorum
1334 378 1428 413 viginti
1445 382 1506 405 octo
1518 379 1584 405 solis
1595 384 1705 413 epactas
1713 387 1778 407 conv

1002 423 1085 455 tinet;
1098 423 1215 450 secunda
1231 430 1318 450 annos
1335 423 1410 458 ipsos
1431 431 1512 450 xxvm
1532 424 1636 451 solares
1661 431 1675 450 a
1689 424 1778 459 primo

1002 469 1035 495 ad
1044 469 1166 496 ultimam
1177 476 1264 503 usque
1278 476 1446 503 progressos.
1459 467 1550 496 Tertia
1559 468 1723 500 bissextiles.
1732 470 1778 505 qui

1001 514 1181 549 quadriennio
1195 514 1294 548 cuique
1301 517 1468 549 competunt.
1478 513 1540 541 Haec
1555 514 1581 541 in
1597 514 1684 543 tribus
1691 515 1778 543 zonis.

1139 657 1177 684 De
1200 657 1328 684 mediam:
1347 657 1443 685 tabulte
1459 657 1638 692 deunpttone.

1035 711 1077 739 ΙΙΙ.
1097 712 1198 739 Tabula
1224 715 1325 746 septem
1352 702 1476 739 versibus
1498 716 1614 743 constat,
1633 711 1660 738 in
1679 711 1777 747 quibus

1001 761 1103 793 septem
1113 757 1292 785 hebdomadis
1303 757 1362 785 dies
1373 757 1546 785 exhibentur.
1559 757 1587 784 in
1600 758 1686 793 primo
1698 765 1778 785 versu

1000 804 1096 831 ordine
1108 803 1259 836 procedunt
1273 804 1307 831 ab
1323 804 1348 836 1,
1365 804 1392 835 2,
1407 805 1424 831 5
1438 812 1524 839 usque
1537 803 1570 830 ad
1583 804 1611 835 7,
1622 804 1648 830 in
1663 811 1779 838 sequen-

1001 850 1073 876 tibus
1088 853 1168 884 prout
1188 849 1311 876 calculus
1339 849 1411 876 tulit.
1439 849 1573 883 Utrinque
1593 849 1676 876 rubro
1700 848 1780 883 pictas

168 888 258 923 στίχον
273 890 340 925 ὼςὴ
362 890 450 926 ψῆφος
473 892 619 928 ἀπῄτησεν.
648 893 830 930 Ἐκατὲρωϐεν
848 894 875 920 δὲ
901 893 946 920 τοῦ

1002 899 1063 922 sunt
1083 894 1182 921 eredem
1197 894 1376 921 hebdomadis
1388 894 1461 921 feria:
1484 894 1612 921 deorsum
1634 901 1649 920 a
1671 900 1777 920 summo

166 933 249 960 αὑτοῦ
266 935 311 961 διὰ
343 937 456 972 σηρικοῦ
473 939 663 973 γεγραμμέναι
678 939 756 966 πάλιν
774 940 841 966 εἰσὶν
860 939 947 974 ὀρθῶς

166 980 327 1016 καθιέμεναι
340 982 367 1009 αῐ
382 984 462 1010 αὑταὶ
479 984 528 1019 τῆς
548 985 691 1020 ἑϐδομάδος
709 985 811 1021 ἡμέραν
821 993 828 1000 ο
845 984 902 1020 μεθ’
914 985 948 1016 ἃς

166 1026 213 1052 καὶ
237 1027 262 1053 οί
285 1028 444 1055 δυοκαίδεκα
465 1030 611 1065 Ῥωμαῖκοὶ
625 1031 706 1066 μῆνες
719 1030 947 1066 διαγεγραμμένοι

1000 939 1205 971 descendentes,
1222 939 1320 974 quibus
1334 939 1453 973 adjuncti
1477 942 1540 966 sunt
1566 938 1680 966 Romani
1703 945 1781 965 men«

1000 992 1063 1017 ses;
1080 984 1107 1010 in
1121 983 1228 1018 gemino
1242 991 1322 1010 versu
1340 984 1414 1011 solus
1429 984 1578 1018 inscriptus
1593 988 1635 1012 est
1654 983 1777 1014 Martius,

1000 1033 1109 1064 propter
1124 1029 1283 1056 bissextum.
1296 1028 1434 1061 Ejusmodi
1449 1033 1491 1056 est
1506 1029 1609 1056 tabella:
1622 1028 1780 1063 descriptio.

166 1074 354 1108 τυγχάνουσιν.
377 1076 419 1102 Ἐν
442 1076 520 1112 διττῷ
535 1077 562 1103 δὲ
583 1077 817 1113 διαγεγραμμένος
832 1078 947 1114 ὑπάρχει
959 1077 1058 1112 μόνοςὸ
1074 1076 1193 1111 Μάρτιος
1206 1075 1249 1102 διὰ
1259 1075 1290 1102 τὺ
1301 1075 1446 1110 βίσσεξτον.
1461 1076 1553 1102 Ταῦτα
1566 1075 1612 1102 καὶ
1642 1074 1705 1110 περὶ
1730 1073 1780 1109 τῆς

165 1119 214 1146 τοῦ
232 1121 353 1148 κανονίου
371 1122 523 1158 διασκευῆς.

289 1175 449 1209 Ὑπίὸειξις
466 1176 520 1211 τῆς
528 1179 591 1204 καθ’
603 1179 704 1212 εἱρμὸν
713 1179 825 1213 ψήφου.

202 1263 238 1290 Δ’.
261 1263 355 1290 Ἦνίκα
368 1263 456 1290 τοίνυν
472 1265 504 1290 ὲκ
515 1264 591 1290 τοῦδε
609 1265 655 1291 τοῦ
668 1265 761 1300 τροχοῦ
774 1265 822 1300 τὴν
836 1264 948 1300 ἑϐδομα-

166 1308 246 1343 τικὴν
255 1308 369 1343 ἡμέραν,
379 1309 407 1335 ὲν
419 1309 462 1344 οἶα
473 1309 571 1344 δήποτε
579 1310 729 1345 Ῥωμαϊκοῦ
739 1311 821 1346 μηνὸς
832 1310 948 1346 ποσταία

168 1353 343 1389 βουληθῶμεν
362 1355 467 1390 μαθεῖν,
491 1356 643 1391 σκοποῦμεν
653 1356 760 1392 πρῶτον
770 1357 812 1383 διὰ
823 1357 870 1391 τῆς
882 1357 947 1382 ὑπο-

166 1399 318 1435 δειχθείσης
345 1401 454 1435 μεθόδου
476 1401 505 1428 τὺ
524 1402 696 1436 ἐνιστάμενον
708 1402 754 1428 τοῦ
774 1403 846 1437 ἡλίου
871 1402 945 1433 ἔτος·

164 1445 206 1476 ὡς
229 1446 276 1472 ἐπὶ
299 1446 345 1472 τοῦ
367 1446 512 1478 ἐνεστῶτος
533 1447 598 1482 φέρε
615 1448 710 1478 εἰπεῖν,
728 1448 811 1482 ἡγουν
824 1447 870 1474 τοῦ
886 1450 944 1483 κη¹’

166 1488 228 1517 εἶτα
250 1491 299 1522 τὰς
320 1491 401 1517 αὐτοῦ
427 1491 609 1526 λαμϐάνοντες
640 1492 775 1525 επακτὰς,
797 1492 877 1524 οὔσας
899 1493 945 1519 τὸν

166 1536 282 1571 ἀριθμὸν
297 1540 333 1569 ς’,
351 1538 374 1563 εἱ
391 1537 439 1572 μὲν
455 1538 483 1563 ἐν
502 1539 558 1569 τοῖς
571 1539 610 1569 εἰς
621 1538 665 1564 τὸν
683 1538 788 1573 πρῶτον
801 1539 889 1573 στίχον
899 1547 944 1564 τε-

1068 1176 1190 1210 ριωειιηι
1205 1175 1306 1202 ratione
1321 1175 1438 1202 calculus
1457 1175 1546 1201 ordine
1562 1175 1661 1201 directo
1674 1175 1708 1201 sit

1292 1210 1478 1237 instituendus.

1032 1265 1077 1293 iV.
1092 1261 1129 1293 Ut
1140 1274 1173 1293 cx
1185 1266 1236 1293 hac
1247 1269 1310 1292 rota
1327 1265 1421 1293 feriam
1436 1273 1600 1300 quocunque
1610 1265 1655 1292 die
1663 1265 1784 1304 Romani

999 1311 1100 1346 mensis
1123 1311 1305 1342 obtineamus,
1327 1310 1445 1345 primum
1467 1311 1536 1346 cycli
1558 1311 1655 1338 solaris
1679 1318 1778 1343 annus,

997 1364 1026 1399 ιη
1041 1364 1094 1392 quo
1108 1363 1258 1388 versamur,
1275 1356 1489 1383 considerandus
1503 1363 1533 1383 ea
1557 1355 1683 1384 methodo
1697 1363 1786 1391 quam.

999 1409 1082 1437 supra
1109 1401 1357 1429 demonstravimus
1378 1408 1386 1427 :
1406 1406 1435 1428 ut
1455 1401 1569 1436 exempli
1595 1402 1698 1436 gratia,
1727 1401 1779 1429 hoc

999 1455 1072 1474 anno
1088 1448 1163 1481 cyclo
1171 1455 1266 1474 nun.
1278 1446 1346 1473 Tum
1358 1446 1546 1481 hujusepactaa
1555 1447 1693 1481 capienda:
1703 1450 1778 1480 sunt,

998 1500 1059 1528 qua:
1073 1496 1137 1519 sunt
1157 1500 1195 1520 vr.
1218 1491 1276 1518 .Iam
1297 1492 1404 1519 duobus
1429 1492 1535 1523 illistin
1557 1492 1706 1526 mensibus,
1731 1493 1778 1528 qui

998 1538 1116 1573 primum
1135 1545 1245 1565 versum
1260 1537 1392 1569 obtinent,
1412 1537 1498 1573 Aprili
1518 1541 1545 1565 et
1559 1537 1632 1565 .lulio
1651 1537 1724 1574 (nam
1747 1538 1775 1566 hi

167 1582 313 1617 ταγμένοις
344 1583 507 1617 Ῥωμαϊκοῖς
525 1583 584 1609 δυσὶ
606 1583 682 1618 μησὶ,
703 1583 741 1618 τῷ
753 1591 782 1609 τε
810 1583 947 1619 Ἀπριλίῳ,

1002 1583 1115 1618 primum
1139 1583 1171 1610 ad
1190 1590 1298 1610 versum
1319 1583 1514 1617 ascribuntur),
1536 1588 1644 1618 epactas
1655 1584 1721 1611 istas
1742 1584 1776 1611 ad

169 1628 250 1662 φημὶ,
260 1628 306 1654 καὶ
320 1627 360 1663 τῷ
367 1628 466 1664 Ἰουλίῳ
475 1637 482 1643 ·
495 1625 565 1655 οῦτοι
573 1629 627 1664 γάρ
634 1630 701 1655 εἰσιν
709 1630 747 1660 είς
753 1629 832 1655 αὑτὸν
841 1629 884 1656 τὸν
899 1629 951 1654 στί-

168 1681 216 1708 χον
227 1673 464 1709 διαγεγραμμένοι·
472 1674 572 1706 ταύτας
581 1674 748 1710 ἐμϐάλλομεν
759 1676 790 1710 τῇ
800 1674 950 1711 ζητουμένη

167 1719 235 1754 ἡμῖν
258 1719 296 1749 εἰς
320 1719 417 1750 αὐτοὺς
432 1719 558 1754 ποσταία,
581 1720 625 1745 καὶ
640 1721 679 1751 είς
691 1720 739 1755 τὴν
754 1720 775 1751 ζ’
794 1719 948 1755 μερίζομεν.

168 1763 232 1790 Κὰκ
255 1764 308 1790 τῶν
330 1764 521 1799 ἀπομενουσῶν
534 1765 583 1800 τὴν
596 1765 774 1800 ἑϐδοματικὴν
790 1765 950 1800 εὑρίσκομεν

170 1809 312 1844 ἰσάριθμον
323 1808 405 1836 οὖσαν
415 1811 508 1841 αὑταῖς
519 1811 578 1841 ταῖς
593 1810 866 1846 ὑπολιμπανομέναιςμ.
874 1809 951 1836 Οὕτω

170 1854 220 1889 μὲν
226 1852 272 1881 οὖν
285 1856 312 1880 ἐν
320 1856 376 1886 τοῖς
389 1856 429 1886 είς
437 1855 482 1882 τὸν
490 1859 512 1881 α’
526 1857 614 1890 στίχον
622 1864 667 1882 τετ
672 1856 798 1891 αγμένοις
822 1855 898 1882 ποιοῦ
903 1864 950 1890 μεν

171 1900 266 1935 μησίν”
289 1901 312 1926 εί
330 1900 357 1926 δὲ
373 1898 401 1926 ἐν
415 1902 470 1931 τοῖς
491 1902 531 1932 εἰς
550 1901 595 1928 τὸν
654 1902 743 1936 στίχον
759 1901 834 1928 δυσὶν
849 1902 951 1937 ἑτέροις

171 1945 248 1981 μησὶ,
262 1945 300 1980 τῷ
325 1946 406 1980 Μαΐῳ
420 1946 490 1980 λέγω
509 1947 555 1973 καὶ
570 1946 609 1982 τῷ
627 1946 794 1981 Ἰανουαρίῳ,
812 1947 871 1973 κατ’
887 1945 952 1972 αὐτὸ

169 1991 200 2017 τὸ
219 1991 338 2017 εἰκοστὸν
347 1991 437 2025 ὄγδοον
450 1991 510 2023 Ero;
521 1991 569 2027 τὴν
588 1991 766 2027 ἑδδοματικὴν
778 1991 932 2027 ὲρευνῶμεν
941 2003 949 2010 -

166 2037 218 2068 τὰς
226 2038 263 2067 εἰς
274 2037 323 2071 τὴν
333 2036 416 2071 αὐτὴν
431 2037 519 2062 σελίδα
529 2037 723 2072 γεγραμμένας
737 2038 765 2063 ἐν
780 2037 817 2072 τῷ
827 2037 848 2072 β’
858 2037 950 2072 στίχῳ,

168 2082 216 2108 καὶ
235 2081 416 2116 ὑποκειμένας
431 2084 490 2112 ταῖς
512 2082 671 2117 εἰρημέναις
685 2082 713 2114 ἒξ
733 2083 863 2113 ὲπακταῖς
881 2082 950 2117 λαμ-

168 2128 285 2163 ϐάνομεν
313 2128 428 2163 ἡμέρας,
457 2128 578 2154 τουτέστι
608 2127 657 2163 τὴν
681 2127 762 2163 μίαν·
790 2128 836 2154 καὶ
850 2128 951 2162 ταύτην

167 2174 268 2210 ὁμοίως
296 2173 464 2209 ἐμϐάλλομεν
487 2175 518 2208 τῇ
546 2173 697 2210 ζητουμένη
714 2175 779 2209 ἡμῖν
795 2175 833 2205 είς
855 2174 952 2205 αὐτοὺς

168 2219 294 2255 ποσταία,
312 2220 358 2246 καὶ
368 2220 407 2251 είς
419 2219 464 2246 τὸν
476 2219 497 2251 ζ’
509 2219 556 2251 τὰς
564 2219 627 2251 ὅλας
636 2219 791 2254 μερίξρμεν.
804 2219 858 2254 Τὴν
868 2218 952 2254 αὐτὴν

999 1629 1169 1664 propositum
1196 1629 1303 1655 illorum
1333 1628 1404 1656 diem
1427 1628 1612 1664 adiungimus.
1636 1629 1774 1656 Summam

999 1683 1047 1710 per
1059 1683 1094 1702 vu
1107 1676 1250 1710 partimur.
1266 1674 1397 1709 Reliquus
1408 1679 1449 1702 est
1459 1683 1589 1703 numerus
1600 1676 1683 1708 feriae,
1695 1682 1776 1711 quam

1000 1722 1107 1756 assequi
1124 1721 1274 1748 studemus.
1295 1720 1357 1748 Haec
1373 1720 1444 1747 ratio
1459 1721 1575 1748 tenenda
1597 1725 1639 1747 est
1658 1721 1685 1748 in
1707 1722 1777 1749 duo—

1000 1767 1050 1794 bus
1065 1767 1145 1802 primi
1171 1775 1268 1795 versus
1291 1766 1441 1794 mensibus.
1467 1765 1515 1793 Sin
1537 1766 1643 1794 duobus
1663 1766 1722 1794 aliis
1749 1767 1776 1793 in

999 1811 1150 1844 mensibus,
1166 1812 1213 1846 qui
1228 1811 1378 1839 secundum
1394 1818 1500 1838 versum
1517 1810 1652 1842 obsident,
1667 1810 1737 1838 Maio
1750 1815 1778 1838 et

1000 1856 1138 1889 Januario,
1152 1857 1246 1884 feriam
1262 1857 1338 1892 cyclo
1354 1856 1448 1884 eodem
1464 1863 1547 1882 xxvut
1563 1856 1722 1891 quaerimus,
1733 1863 1778 1883 se-

1001 1902 1082 1930 cundi
1103 1910 1198 1930 versus
1221 1902 1280 1930 dies
1305 1901 1422 1928 inventis
1446 1901 1548 1936 epactis
1583 1908 1608 1927 Vl
1637 1900 1774 1934 subjectus

1001 1948 1182 1982 excerpimus,
1197 1947 1321 1974 videlicet
1336 1954 1343 1973 ι
1358 1955 1364 1979 ;
1382 1954 1434 1982 qua
1447 1947 1556 1980 insuper
1566 1945 1598 1972 ad
1607 1945 1776 1980 propositum

1001 1993 1072 2020 diem
1088 1993 1189 2021 mensis
1206 1993 1307 2025 addita,
1321 1997 1406 2020 totum
1418 1992 1445 2019 in
1463 1999 1499 2019 vn
1514 1992 1671 2019 tribuimus.
1693 1992 1774 2018 Eum-

1002 2040 1062 2066 dem
1087 2039 1178 2073 itaque
1200 2047 1316 2071 versum,
1338 2043 1365 2066 et
1391 2038 1454 2065 huic
1480 2037 1625 2072 inscriptos
1647 2044 1776 2064 numeros

1001 2084 1108 2112 caeteris
1121 2085 1147 2111 in
1162 2085 1285 2112 versibus
1303 2085 1462 2115 retinentes,
1478 2083 1505 2110 in
1526 2083 1670 2118 descriptis
1688 2083 1776 2110 utrili—

1001 2138 1054 2165 que
1066 2129 1248 2156 Romanorum
1265 2130 1404 2157 mensibus
1428 2129 1509 2164 188
1530 2136 1600 2155 anno
1613 2128 1672 2162 ipso
1692 2135 1776 2155 xxvm

1002 2175 1096 2203 feriam
1113 2174 1318 2209 investigamus.
1335 2173 1411 2207 Quod
1433 2173 1502 2201 idem
1515 2177 1542 2200 et
1563 2173 1589 2199 in
1612 2172 1673 2199 aliis
1694 2172 1776 2207 cyclis

1001 2221 1067 2248 solis
1080 2220 1195 2247 facimus
1211 2229 1218 2247 :
1231 2223 1260 2246 ut
1273 2219 1301 2246 i-n
1316 2219 1410 2255 primis
1422 2218 1482 2253 ejus
1491 2222 1591 2254 epactze
1607 2218 1779 2246 constituan-

167 2264 216 2293 οὖν
233 2266 330 2298 σελίδα,
344 2265 414 2300 λέγω
427 2266 454 2292 δὲ
473 2266 522 2297 τὰς
538 2266 595 2292 κατ’
610 2266 693 2301 αὐτὴν
710 2266 946 2301 ἐγγεγραμμένας,

1002 2269 1044 2293 tur
1062 2275 1068 2292 :
1083 2265 1180 2293 deinde
1194 2265 1332 2299 subjecta},
1349 2270 1375 2292 et
1395 2264 1420 2291 in
1439 2264 1532 2291 eodem
1548 2271 1628 2292 versu
1655 2271 1778 2298 compre-

166 2312 216 2338 καὶ
234 2312 280 2338 ἐπὶ
300 2312 353 2338 τῶν
379 2312 479 2338 λοιπῶν
503 2312 602 2346 στίχων
625 2311 770 2347 τηροῦμεν,
794 2313 832 2343 είς
846 2312 876 2338 τὸ
898 2312 947 2348 τὴν

167 2357 199 2384 ὲϐ
204 2357 346 2393 Ξοματικὴν
375 2357 480 2393 ἡμέραν
507 2357 629 2392 ἀνευρεῖν
655 2357 684 2383 ἐν
711 2359 764 2388 τοῖς
779 2357 946 2392 ἑκατέρωθεν

166 2403 412 2438 διαγεγραμμένοις
429 2404 518 2435 αὐτοῖς
538 2404 697 2438 Ῥωμαϊκοῖς
714 2403 788 2438 μησὶ,
805 2402 874 2429 κατὰ
888 2403 947 2429 τόδε

167 2447 198 2475 τὸ
215 2451 256 2483 κη’
270 2448 328 2479 ἔτος
339 2456 345 2463 ·
361 2448 459 2483 ὁμοίως
472 2448 500 2474 δὲ
520 2448 566 2474 καὶ
580 2449 618 2479 εἰς
641 2448 693 2474 πᾶν
704 2447 766 2474 ἄλλο
778 2447 853 2482 ἡλίου
867 2446 925 2478 ἔτος
937 2455 944 2462 ·

168 2493 252 2524 αὑτάς
266 2501 296 2519 τε
318 2493 529 2528 προηγουμένως
540 2493 590 2525 τὰς
602 2492 684 2520 αὐτοῦ
696 2492 868 2527 κανονίζομεν
881 2492 947 2519 ἐπα-

169 2538 250 2570 κτάς·
274 2537 333 2565 εἶτα
358 2540 405 2565 καὶ
423 2539 472 2570 τὰς
496 2538 678 2573 ὑποκειμένας
693 2538 788 2570 αὑτὰς,
805 2538 850 2565 καὶ
866 2538 945 2572 ἐγγε-

999 2313 1090 2339 hensae
1103 2312 1263 2346 capiantur;
1277 2311 1317 2338 sic
1333 2315 1363 2338 ut
1382 2310 1415 2337 ad
1428 2311 1530 2337 nullam
1552 2311 1663 2338 alteram
1683 2309 1776 2336 dextra

999 2358 1043 2385 vel
1062 2357 1175 2384 sinistra
1190 2356 1364 2385 deﬂectamus
1379 2367 1385 2384 ε
1403 2357 1448 2384 sed
1465 2357 1499 2384 ad
1514 2357 1637 2384 eumdem
1651 2356 1696 2383 illo
1706 2363 1777 2382 anno

997 2409 1106 2430 versum
1120 2406 1277 2430 constanter
1290 2402 1492 2430 adhmreamus:
1511 2403 1548 2429 ita
1561 2407 1589 2429 ut
1599 2406 1700 2437 epacta:
1710 2402 1777 2428 duo—

997 2448 1049 2476 bus
1064 2448 1090 2475 in
1112 2447 1201 2482 primo
1226 2455 1306 2475 versu
1330 2447 1468 2482 inscriptis
1497 2448 1637 2475 mensibus
1663 2455 1777 2483 respon-

999 2492 1098 2525 deant;
1113 2492 1171 2520 dies
1193 2497 1281 2519 autem
1295 2492 1322 2518 in
1350 2492 1443 2519 eadem
1470 2493 1568 2520 tabella
1597 2493 1692 2528 positae
1712 2493 1776 2519 reli-

998 2538 1060 2573 quis
1077 2545 1125 2565 sex
1141 2545 1269 2564 versuum
1284 2538 1422 2565 mensibus
1435 2538 1564 2565 serviant.

168 2584 329 2620 γραμμένας
341 2585 379 2616 είς
397 2585 445 2619 τὴν
456 2586 538 2619 αὐτην
553 2584 651 2616 σελίδα,
667 2584 797 2620 μηδαμῶς
808 2584 874 2618 πρὸς
885 2584 980 2620 ἑτέραν
993 2584 1046 2610 τῶν
1059 2583 1204 2619 εὐωνύμων
1213 2584 1230 2619 ἦ
1238 2583 1329 2616 δεξιῶν
1341 2583 1544 2615 πλαγιάζοντες,
1555 2585 1585 2618 τῇ
1597 2584 1663 2618 αὐτῇ
1670 2583 1697 2610 δὲ
1707 2583 1776 2610 κατὰ

168 2633 199 2659 τὸ
218 2633 281 2659 αὐτὸ
296 2633 354 2664 ἔτος
368 2633 449 2659 σελίδι
462 2632 656 2668 προσμένοντες
669 2641 676 2647 ·
692 2631 758 2658 ἀλλὰ
768 2640 815 2663 τας
828 2632 876 2667 μὲν
893 2632 1013 2663 ἐπακτὰς
1027 2631 1070 2658 διὰ
1093 2631 1154 2663 τοὺς
1174 2632 1203 2658 ὲν
1216 2631 1255 2666 τῷ
1268 2630 1367 2666 πρώτῳ
1386 2630 1469 2665 στίχῳ
1482 2631 1732 2666 κατατεταγμένους
1751 2629 1773 2664 β’

171 2680 266 2715 μῆνας,
282 2679 330 2711 τὰς
343 2680 371 2706 δὲ
384 2681 423 2710 είς
437 2679 485 2714 τὴν
498 2682 581 2715 αὐτην
595 2679 682 2705 σελίδα
688 2681 881 2714 γεγραμμένας
893 2680 998 2714 ἡμέρας
1005 2679 1048 2706 διὰ
1060 2680 1122 2711 τοὺς
1137 2681 1166 2706 ὲν
1184 2681 1238 2710 τοῖς
1248 2678 1336 2709 ἄλλοις
1350 2682 1375 2710 ς’
1388 2679 1486 2712 στίχοις
1497 2677 1665 2713 ὑπάρχοντας
1678 2679 1773 2713 μῆνας.

239 2737 306 2770 Περὶ
319 2736 372 2771 τῆς
385 2736 437 2763 τοῦ
443 2736 610 2768 βισσέξτου
623 2735 860 2769 παρατηρήσεως.

1137 2735 1208 2769 Quid
1224 2736 1250 2762 in
1268 2735 1382 2762 bisseno
1398 2742 1500 2761 servare
1515 2737 1643 2767 oporteat.

205 2793 242 2819 E'.
269 2792 328 2828 Χρὴ
369 2792 397 2819 δὲ
425 2791 599 2827 σημειοῦσθαι
623 2792 668 2819 τὸν
696 2791 825 2826 Μάρτιον,
854 2791 885 2818 ἵν’
904 2791 947 2818 ὅτε

1035 2792 1068 2820 ν.
1085 2792 1288 2820 Observandum
1302 2793 1353 2819 hoc
1366 2792 1417 2819 erit
1432 2792 1458 2818 in
1472 2791 1582 2822 Martio,
1611 2793 1640 2817 ut
1656 2790 1682 2816 in
1703 2797 1773 2816 anno
1788 2806 1790 2810 ι

173 2838 307 2873 βίσσεξτον
313 2839 362 2865 οὐκ
368 2838 432 2870 ἔστι,
444 2837 486 2864 διὰ
497 2837 550 2865 τῶν
558 2837 604 2865 τοῦ
614 2837 793 2873 Φεϐρουαρίου
801 2837 947 2873 ψηφίζηται

1002 2838 1136 2866 communi
1147 2839 1268 2866 calculus
1279 2839 1337 2874 ejus
1351 2839 1407 2865 sint
1421 2836 1560 2865 Februarii
1572 2836 1630 2863 dies
1644 2844 1652 2870 ;
1677 2834 1704 2863 in
1719 2835 1789 2862 liis--~
