1931 3135
147 149 214 176 ΙΞὸΊ
413 161 425 176 ο

650 146 693 175 AD
712 145 843 174 EUSEBll
862 144 1058 174 CllRONICON
1078 143 1246 172 APPENDIX

1696 141 1775 168 1208

145 207 236 235 sextili
259 214 335 239 vero.
358 207 535 234 Decembris:
552 214 632 241 quem
659 206 692 233 ad
723 213 844 233 mensem
871 205 929 232 bis-

992 206 1089 241 “1.5va
1100 214 1107 220 ·
1123 206 1166 232 ὅτε
1178 204 1315 240 βισσεξτὸν
1329 204 1394 233 ἐστι,
1405 202 1447 229 διὰ
1457 203 1509 229 τῶν
1520 202 1564 228 τοῦ
1578 202 1772 237 Δεκεμϐρίου¹-

146 259 253 282 sextum
269 253 467 280 adnotavimus.
488 252 553 279 Nam
579 257 720 288 propterea
747 252 852 279 duobus
878 251 930 279 illis

146 300 288 327 mensibus
306 298 430 326 Martium
457 299 642 333 adjunximus.
670 297 715 325 Sic
732 298 813 334 igitur
828 305 861 324 ex
887 297 931 324 illa

148 349 208 372 rota
226 345 320 372 feriam
338 345 572 380 investigahimus,
598 345 708 380 quando
723 344 845 371 calculus
860 347 932 370 recta

149 390 220 417 serie
228 395 409 424 promovetur,
421 389 554 424 ahAprili,
564 390 602 416 uti
611 389 712 417 dictum
721 394 770 422 est,
781 389 814 416 ad
821 388 930 419 Maium,

149 434 257 462 Junium
272 439 298 462 et
313 439 438 463 «ceteros.

194 534 329 567 Quomodo
344 534 462 562 calculus
476 535 628 570 retrogrado
640 535 731 563 ordine
743 536 884 571 dirigatur.

189 590 228 617 Vl.
243 590 295 617 Sed
315 599 376 618 eum
405 595 478 618 retro
502 592 638 619 subducto
660 592 765 619 calculo
790 601 838 627 per
861 592 933 619 Mar-

149 635 229 666 tium,
247 635 425 662 Februarium
442 640 469 663 et
490 635 662 669 Ianuarium,
689 638 936 672 anteeedenlesquc

150 687 258 707 menses
273 687 320 714 per
334 686 443 715 epaetas
459 682 601 715 praesentis
617 682 693 713 anni,
716 683 762 716 qui
777 686 818 709 est
838 689 934 712 xxvut,

151 723 246 752 feriam
278 727 420 761 explorare
441 728 576 758 volumus,
604 735 692 760 neque
718 728 846 762 praeteriti
873 729 937 755 anui

152 779 225 797 xxvii
262 776 372 806 epactas
410 774 575 800 assumimus
600 783 606 800 :
632 774 655 800 si
685 773 794 808 quidem
825 773 853 800 in
875 774 938 800 duo-

152 816 204 844 bus
223 825 318 844 versus
343 819 422 852 primi
443 819 584 846 mensibus
606 819 632 846 id
652 824 756 854 agatur,
780 823 890 854 epactas
909 819 937 851 6,

982 251 1044 277 ἔνθα
1061 252 1107 277 καὶ
1125 251 1155 277 τὸ
1170 250 1306 285 βίπσεξτον
1319 249 1461 284 διεγράφη.
1479 249 1587 284 Ταύτης
1596 248 1650 284 γὰρ
1671 248 1774 275 ἕνεκεν

981 297 1030 331 τῆς
1059 297 1147 327 αἰτίας
1167 297 1197 323 ὲν
1216 297 1271 328 τοῖς
1295 296 1354 322 δυσὶ
1370 295 1472 326 τούτοις
1491 295 1556 330 μησὶ
1576 295 1621 321 τὸν
1642 295 1774 330 Μάρτιον

983 342 1177 377 κατετάξαμεν.
1193 342 1284 374 Οὕτως
1300 343 1348 377 μὲν
1355 340 1401 368 οὖν
1415 343 1446 368 ὲκ
1461 341 1535 368 τοῦδε
1548 341 1593 367 τοῦ
1606 341 1705 376 τροχοῦ
1717 341 1775 376 τὴν

984 389 1162 424 ἑϐδοματικὴν
1176 389 1346 424 εὑρίσκομεν,
1361 389 1404 415 ὅτε
1420 389 1469 423 τὴν
1482 388 1570 423 ψῆφον
1591 387 1652 414 καθ’
1670 387 1774 422 εἱρμὸν

984 433 1137 468 ἐξανύομεν,
1162 434 1205 460 διά
1225 442 1253 459 τε
1273 433 1319 459 τοῦ
1340 433 1485 467 Ἀπριλίου,
1512 432 1602 464 καθὼς
1618 432 1704 467 ἔφην,
1718 432 1774 458 καὶ

985 479 1082 511 Μαΐου,
1101 480 1146 506 καὶ
1164 479 1283 511 Ἰουνίου,
1297 478 1343 504 καὶ
1359 478 1413 504 τῶν
1431 478 1489 504 καθ’
1503 478 1574 513 ἑξῆς.

1122 536 1191 570 Περὶ
1203 534 1497 569 τῆςὰναποδιζούσης
1508 535 1621 570 ψήφου.

1021 592 1064 626 q'.
1086 593 1215 626 Ὀτι-ηνίκα
1231 593 1259 619 δὲ
1271 593 1339 619 κατὰ
1353 593 1541 627 ἀναποὸισμὸν,
1555 590 1609 619 οἷον
1626 593 1670 619 διὰ
1688 594 1774 628 Μαρ-

986 638 1053 669 τίου,
1067 637 1313 673 καϊῷεὸρουαρῐου,
1327 639 1373 665 καὶ
1394 638 1564 674 Ἰανουαρίου,
1580 639 1626 665 καὶ
1644 639 1699 664 τῶν
1714 639 1773 668 πρὸ

985 683 1086 710 τούτων
1103 684 1203 718 μηνῶν,
1218 683 1309 710 ἐκτῶν
1321 684 1445 711 ἐπακτῶν
1458 684 1503 710 τοῦ
1516 684 1661 715 ἐνεστῶτος
1679 684 1771 715 ἔτους,

987 729 1069 764 ἤγουν
1085 729 1131 755 τοῦ
1143 732 1195 764 κη’,
1211 729 1259 764 τὴν
1275 730 1451 764 ἑϐδοματικὴν
1470 730 1642 765 βουληθῶμεν
1659 730 1771 765 μαθεῖν,

987 775 1017 800 οὺ
1030 774 1231 810 προσχρώμενοι
1256 776 1315 806 ταῖς
1329 775 1375 801 τοῦ
1388 775 1534 807 διελθόντος
1554 776 1592 807 κζ’
1607 776 1685 807 ἔτους
1702 777 1773 802 ἑπα-

989 822 1065 851 κταῖς
1082 821 1121 851 εἱς
1137 820 1184 855 τὴν
1207 820 1305 855 ταύτης
1332 820 1479 854 κατάληψιν
1491 829 1497 835 θ
1512 821 1536 846 εἰ
1555 821 1602 855 μὲν
1616 822 1646 847 ὲν
1659 823 1716 851 τοῖς
1728 822 1774 852 εἰς

153 871 222 897 quas
234 863 290 898 jam
308 864 471 898 reperimus,
496 865 528 891 ad
552 865 642 891 datam
663 865 733 892 diem
759 865 869 899 Aprilis,
891 868 938 892 aut

992 866 1033 892 τὸν
1047 865 1152 900 πρῶτον
1178 866 1265 900 στίχον
1283 866 1456 901 τεταγμένοις
1474 866 1540 901 μησὶ
1554 867 1653 901 ταύτην
1670 867 1773 902 ζητοῦ-

153 908 228 941 .!ulii,
240 917 293 936 una
308 918 368 937 eum
382 911 484 944 cpactis
500 910 532 937 ad
550 911 668 944 Aprilem
682 911 763 938 rubro
787 911 878 937 colore
895 910 936 945 pi-

155 955 217 985 ctis,
235 963 294 989 qua:
310 961 372 982 sunt
386 956 412 987 6,
440 955 613 990 adjungimus
640 956 667 982 in
687 963 759 982 anno
786 955 934 987 communi,

156 1008 187 1027 ac
204 1008 337 1028 summam
356 1001 488 1036 partimur
502 1002 529 1028 in
548 1002 572 1028 7.
593 1000 620 1028 ln
637 1002 770 1030 bissextili
787 1009 852 1029 vero
873 1009 936 1036 epa-

156 1050 216 1073 ctas
229 1046 289 1073 illas
304 1046 437 1081 capimus,
454 1054 513 1081 qua:
530 1046 563 1073 ad
579 1045 680 1073 Julium
696 1047 840 1074 rubricata:
860 1050 934 1076 sunt,

157 1097 255 1124 nempe
266 1090 292 1121 5,
311 1098 372 1117 cum
388 1090 404 1117 6
418 1091 488 1123 aliis,
509 1093 535 1117 et
554 1098 602 1126 per
618 1091 742 1121 eumdem
767 1099 908 1118 numerum
922 1091 936 1116 7

157 1143 291 1162 summam
309 1136 466 1164 dividimus.
494 1136 562 1164 Nam
578 1137 635 1164 dies
659 1138 698 1164 illi
723 1138 862 1170 rubricati,
889 1137 935 1172 qui

157 1182 186 1208 in
201 1181 314 1209 sinistro
332 1182 416 1210 latere
437 1183 518 1219 positi
535 1187 611 1215 sunt,
636 1183 799 1211 adhibentur
814 1184 842 1210 in
865 1191 936 1210 anno

152 1226 304 1259 ‘bissextili,
316 1228 424 1262 quando
446 1230 604 1264 retrogrado
624 1229 720 1258 ordine
737 1233 935 1264 computamus.

162 1273 193 1300 At
207 1274 234 1300 in
248 1273 382 1301 hissexlili
403 1273 491 1301 dextri
508 1274 601 1302 lateris
620 1275 700 1302 simul
717 1275 863 1302 rubricatis
884 1275 937 1301 uti—

157 1329 228 1348 mur.
243 1321 305 1348 Haec
318 1321 352 1348 de
366 1322 473 1349 duobus
488 1330 584 1350 versus
605 1322 685 1357 primi
713 1322 852 1350 mensibus
874 1329 938 1357 prm-

158 1367 315 1396 scribimus.
330 1366 359 1394 ln
376 1368 418 1396 his
434 1375 525 1402 porro,
545 1369 592 1403 qui
607 1369 756 1396 secundum
770 1377 877 1396 versum
892 1376 938 1396 oc—

158 1417 268 1448 cupant,
287 1414 355 1441 Maio
370 1420 396 1441 et
409 1413 548 1446 Januario.
562 1415 589 1442 in
605 1423 675 1442 anno
695 1423 777 1442 xxvut
790 1435 796 1447 .
827 1419 938 1450 epactas

158 1459 175 1486 6
192 1460 225 1487 ad
239 1460 382 1501 quaesitum
398 1461 505 1488 illorum
524 1461 595 1489 diem
608 1461 734 1489 addimus
748 1469 800 1489 una
814 1469 874 1488 cum
887 1470 938 1488 nu-

159 1512 235 1532 mero
247 1506 278 1532 ad
291 1504 450 1533 Juliuarium
464 1506 546 1534 rubro
562 1507 652 1534 colore
676 1507 759 1541 picto,
781 1507 827 1542 qui
845 1512 888 1534 est
911 1507 935 1534 7.

987 921 1047 946 μεν,
1059 917 1108 944 τὰς
1124 912 1288 947 δηλωθείσας
1317 913 1345 945 ἓξ
1369 914 1490 945 sxa-41:1;
1507 915 1540 948 τῇ
1555 913 1601 940 τοῦ
1627 914 1772 949 Ἀπριλεου

986 957 1032 983 καὶ
1060 957 1168 983 Ἰουνίου
1198 957 1280 992 μηνὸς
1308 958 1421 993 ποσταία
1439 958 1507 993 μετὰ
1519 958 1571 984 τῶν
1584 958 1636 984 ἀπὸ
1652 958 1773 993 σηρικοῦ

986 1003 1190 1038 παρακειμένων
1202 1002 1240 1038 τῷ
1257 1003 1395 1038 Ἀπριλίῳ,
1409 1005 1529 1030 τουτέστι
1539 1004 1593 1030 τῶν
1607 1007 1633 1036 ς’
1645 1003 1771 1040 ἡμερῶν.

985 1049 1029 1074 ὅτε
1047 1048 1182 1083 βία-σεξτον
1200 1049 1248 1075 οὐκ
1263 1049 1328 1079 ἔστι,
1347 1049 1541 1084 συμϐάλλομεν,
1563 1050 1609 1076 καὶ
1627 1051 1667 1081 εἰς
1683 1050 1730 1076 τὸν
1748 1049 1771 1082 ζ’

986 1094 1034 1126 τὰς
1056 1094 1117 1125 ὅλας
1131 1094 1289 1130 μερίζομεν·
1302 1095 1346 1121 ὅτε
1359 1095 1387 1121 δὲ
1406 1095 1542 1129 βίσσεξτόν
1563 1097 1629 1125 ἐστι,
1649 1095 1699 1126 τὰς
1715 1095 1773 1120 ἀπὸ

988 1140 1098 1176 σηρικοῦ
1111 1141 1310 1176 παρακειμένας
1327 1141 1366 1176 τῷ
1388 1141 1497 1177 Ἰουλίῳ,
1510 1143 1593 1177 ἤγουν
1605 1141 1652 1172 τὰς
1665 1145 1684 1167 ε’
1700 1141 1773 1176 ἠμέ-

988 1195 1047 1222 ρας,
1065 1188 1124 1221 μετ’
1135 1186 1223 1213 αὐτῶν
1236 1187 1289 1213 τῶν
1304 1187 1332 1219 ἓξ
1354 1187 1489 1220 ὲπακτὼν,
1510 1188 1556 1213 καὶ
1571 1189 1609 1218 εἰς
1624 1187 1669 1213 τὸν
1684 1187 1772 1221 δηλω-

988 1231 1067 1258 θέντα
1096 1232 1240 1268 μερίζομεν
1263 1233 1386 1268 ἀριθμόν.
1413 1234 1477 1264 Ταῖς
1498 1232 1551 1268 γὰρ
1574 1233 1602 1265 ἐξ
1620 1233 1772 1267 εὐωνύμων

987 1277 1040 1303 ἀπὸ
1067 1277 1178 1312 σηρικοῦ
1201 1278 1378 1313 τεταγμέναις
1391 1278 1508 1313 ἡμέραις
1522 1278 1672 1313 κεχρῆσθαι
1683 1286 1772 1313 προσ-

988 1322 1059 1358 ήκει,
1073 1322 1209 1357 βισαέξτου
1221 1324 1313 1358 χωρὶς,
1325 1323 1394 1350 κατὰ
1407 1324 1483 1358 τήνδε
1494 1323 1543 1358 τὴν
1556 1323 1774 1355 ἀναποδίζουσαν

987 1368 1074 1404 ψῆφον
1084 1377 1090 1384 ο
1106 1369 1148 1395 ὅτε
1159 1369 1186 1395 δὲ
1201 1369 1336 1404 βίσσεξτὸν
1349 1371 1415 1400 ἐστι,
1427 1372 1484 1401 ταῖς
1497 1371 1527 1396 ἑκ
1537 1369 1703 1404 δεξιῶ*ιόμοῦ
1717 1370 1774 1396 ἀπὸ

989 1415 1101 1449 σηρικοῦ
1126 1416 1340 1451 γεγραμμέναις.
1371 1415 1462 1442 Ταῦτα
1489 1415 1537 1450 μὲν
1553 1416 1592 1446 εἰς
1609 1416 1672 1446 τοὺς
1688 1416 1719 1441 ἐν
1733 1415 1773 1449 τῷ

989 1459 1088 1495 πρώτῳ
1114 1461 1201 1496 στίχῳ,
1221 1461 1266 1487 δύο
1283 1461 1384 1496 μῆνας·
1404 1462 1432 1487 ἐν
1444 1461 1472 1487 δὲ
1489 1463 1545 1492 τοῖς
1563 1462 1602 1492 εἰς
1615 1461 1659 1486 τὸν
1676 1460 1698 1494 β’
1714 1460 1773 1486 στε-

989 1515 1045 1541 χον,
1077 1507 1121 1542 τῴ.
1134 1515 1162 1533 τε
1180 1508 1258 1542 Μαΐῳ
1281 1507 1350 1541 λέγω
1377 1508 1423 1534 καὶ
1446 1507 1484 1542 τῷ
1513 1507 1679 1542 Ἰανουαρίῳ,
1699 1506 1774 1533 κατά

160 1549 300 1578 Summam
328 1560 376 1586 per
397 1552 521 1580 eumdem
549 1561 691 1580 numerum
715 1553 857 1588 partimur.
878 1553 936 1580 Dixi

992 1551 1046 1578 τόδε
1060 1552 1088 1578 τὸ
1102 1552 1144 1587 κη’
1159 1552 1227 1584 ἔτος,
1247 1553 1329 1584 αὐτὰς
1343 1553 1392 1584 τὰς
1412 1552 1441 1584 ἓξ
1463 1553 1582 1583 ὲπακτὰς
1600 1552 1774 1587 ἐμϐάλλομεν

160 1605 304 1624 numerum
317 1598 350 1626 ad
363 1597 521 1626 Ianuarium
534 1599 681 1634 appictum,
700 1599 773 1634 quod
786 1599 938 1633 praeteritus

160 1651 249 1670 annus
266 1652 337 1671 xxvn
354 1645 518 1672 bissextilcm
535 1645 677 1678 habuerit;
699 1646 838 1680 pertinent
849 1649 938 1672 autent

159 1689 302 1721 rubricati,
316 1690 352 1718 uti
363 1691 489 1721 diximus.
503 1691 607 1718 numeri
621 1691 654 1717 ad
670 1698 755 1718 annos
773 1690 939 1717 bissextiles.

988 1596 1076 1623 αὐτῶν
1106 1598 1137 1632 τῇ
1164 1597 1314 1632 ζητουμένη
1341 1599 1406 1633 ἡμῖν
1430 1599 1545 1632 ποσταία
1565 1598 1698 1633 μετὰτῶν
1719 1598 1774 1624 ἀπὸ

989 1643 1101 1678 σηρικοῦ
1120 1645 1326 1679 παρακειμένων
1338 1644 1376 1679 τῷ
1398 1644 1565 1680 Ἰανουαρίῳ,
1579 1645 1701 1671 τουτέστι
1718 1644 1773 1670 τῶν

990 1689 1012 1721 ζ’
1027 1689 1149 1725 ἡμερῶν·
1167 1691 1213 1717 καὶ
1224 1691 1264 1722 εἰς
1277 1691 1322 1717 τὸν
1347 1691 1427 1717 αὑτὸν
1446 1691 1560 1726 ἀριθμὸν
1585 1691 1671 1717 ταῦτα
1693 1690 1774 1725 μερί-

161 1734 252 1770 ξομεν.
267 1737 315 1762 Διὰ
332 1736 447 1763 τοῦτοδὲ
465 1735 539 1763 εἷπον
554 1737 602 1769 τὰς
619 1737 820 1772 παρακειμένας
834 1736 872 1772 τῷ
889 1736 1050 1771 Ἰανουαρίῳ,
1067 1737 1157 1771 ἐπειδὴ
1173 1737 1202 1763 τὸ
1213 1736 1314 1763 διελθὸν
1333 1737 1400 1769 ἔτος,
1413 1738 1494 1772 ἤγουν
1521 1738 1550 1764 τὸ
1567 1736 1617 1769 κζ’,
1635 1737 1774 1771 βισσεξτον

161 1781 234 1818 εἶχε·
251 1785 296 1809 καὶ
312 1783 394 1813 ἐστιν,
413 1783 450 1814 ὡς
470 1783 547 1818 ἔφην,
565 1784 581 1819 ὴ
601 1784 631 1809 ἐκ
645 1783 739 1815 δεξιῶν
764 1782 818 1808 τῶν
834 1782 888 1808 ἀπὸ
900 1781 1012 1817 σηρικοῦ
1029 1782 1202 1817 καταγραφὴ,
1215 1782 1257 1808 διὰ
1268 1783 1299 1808 τὸ
1313 1782 1457 1817 βίσπεξτον.

315 1840 352 1866 De
370 1840 548 1867 observatione
567 1840 707 1867 bissextitis
728 1840 799 1866 anni.

200 1885 254 1912 Vll.
271 1885 299 1912 in
321 1885 372 1912 hac
395 1889 468 1912 retro
496 1885 672 1919 computandi
699 1885 825 1912 methodo
852 1884 940 1911 Martii

161 1931 284 1958 habenda
310 1931 381 1957 ratio
409 1935 451 1958 est
468 1940 474 1957 :
492 1934 520 1957 ut
535 1931 591 1958 sive
615 1935 676 1965 post
701 1931 860 1962 bissextum,
884 1930 940 1958 sive

161 1977 266 2011 absque
279 1977 408 2007 bissexto.
425 1977 564 2011 regulares
579 1977 603 2003 ei
624 1976 780 2004 Decembris
805 1977 940 2011 imputen-

163 2026 218 2053 tur,
236 2023 281 2057 qui
300 2027 363 2049 sunt
380 2023 396 2049 ι
413 2023 564 2049 rubricati-:
583 2014 650 2050 adeo
667 2026 695 2049 ut
710 2031 798 2057 neque
819 2021 941 2057 Septem-

163 2068 204 2094 bri
219 2088 226 2098 .
249 2076 300 2095 nec
325 2067 471 2095 Februario
505 2068 616 2103 ascripti
639 2072 782 2095 sumantur
797 2075 913 2103 unquam
933 2077 938 2094 :

163 2117 193 2140 ut
209 2114 237 2140 in
252 2117 323 2140 recta
333 2114 469 2148 putatione
483 2121 515 2141 ac
526 2113 651 2141 metliodo
663 2114 719 2140 ﬁeri
730 2117 855 2149 oportere
866 2121 942 2140 mon-

166 2159 313 2186 stravimus
329 2169 334 2185 :
353 2159 399 2186 sed
418 2164 547 2194 perpetuo
565 2160 701 2195 regulares
717 2159 761 2186 isti
776 2159 792 2185 4
808 2159 882 2186 rubri
897 2167 942 2185 ca-

1077 1839 1145 1873 Περὶ
1157 1839 1211 1873 τῆς
1223 1839 1274 1866 τοῦ
1283 1839 1396 1872 ,βισσέξ
1398 1848 1448 1866 του
1460 1838 1699 1873 παρατηοήσεως.

1026 1884 1060 1910 Z'.
1078 1883 1156 1910 Κατὰ
1169 1884 1270 1918 ταύτην
1281 1884 1308 1910 δὲ
1322 1884 1401 1910 πάλιν
1415 1884 1463 1919 τὴν
1473 1883 1677 1915 ἁναποδίζουσιν
1693 1883 1772 1918 μέθο-

990 1930 1044 1961 δον,
1054 1929 1099 1955 τὸν
1107 1930 1226 1965 Μάρτιον
1239 1929 1458 1965 ἐπισημήνασθαι
1468 1928 1530 1963 χρὴ,
1546 1928 1613 1962 πρὸς
1624 1927 1655 1953 τὸ
1665 1928 1772 1958 πάντως

991 1976 1072 2002 αὑτὸν
1080 1976 1126 2002 καὶ
1143 1976 1210 2010 μετὰ
1221 1975 1367 2010 βίσσεξτον,
1379 1975 1423 2000 καὶ
1431 1974 1490 2009 δίχα
1500 1973 1647 2008 βισσέξτου,
1663 1973 1706 1999 διὰ
1719 1973 1772 1999 τῶν

992 2023 1038 2049 τοῦ
1049 2022 1212 2057 Δεκεμϐρίου
1226 2021 1388 2056 ψηφίζεσθαι
1402 2020 1519 2056 ἡμερῶν·
1532 2020 1602 2054 λέγω
1618 2019 1706 2045 δὲτιῖω
1721 2019 1772 2045 ἀπὸ

995 2069 1105 2104 σηρικοῦ
1130 2069 1283 2103 τεσσάρων·
1311 2067 1356 2094 καὶ
1373 2068 1438 2102 μήτε
1458 2066 1502 2093 διὰ
1519 2066 1571 2092 τῶν
1585 2065 1631 2092 τοῦ
1654 2065 1771 2098 Σεπτεμ-

994 2115 1081 2151 ϐρίου,
1125 2115 1193 2150 μήτε
1225 2114 1267 2140 διὰ
1301 2113 1354 2139 τῶν
1385 2112 1431 2139 τοῦ
1462 2111 1661 2147 Φεϐρουαρίου,
1687 2110 1770 2136 καθα-

996 2171 1047 2197 περ
1073 2162 1193 2196 εἴπομεν,
1221 2161 1305 2186 ποιεῖν
1329 2160 1357 2185 ὲν
1379 2160 1412 2193 τῇ
1440 2158 1499 2184 καθ’
1523 2158 1616 2193 εἱρμὸν
1635 2157 1716 2191 ψήφῳ
1743 2164 1769 2181 τε

170 2204 288 2238 piantur,
305 2205 350 2238 qui
366 2203 504 2232 Decembri
522 2205 694 2239 respondent.
705 2204 738 2231 Et
749 2208 777 2230 ut
792 2211 845 2231 uno
861 2204 938 2231 verbo

996 2207 1042 2234 καὶ
1069 2206 1187 2242 μεθόδῳ,
1206 2206 1271 2232 ἀλλὰ
1291 2206 1367 2241 μόνον
1393 2205 1426 2230 δι’
1454 2204 1541 2230 αὐτῶν
1565 2203 1618 2229 τῶν
1650 2202 1704 2228 ἀπὸ
1728 2210 1770 2235 ση-

167 2254 312 2284 ntrumque
331 2251 465 2277 calculum
491 2251 640 2283 absolvam,
662 2251 689 2277 in
705 2252 824 2286 septenis
845 2251 943 2278 tabulae

165 2295 300 2327 versibus,
322 2295 355 2322 ad
373 2295 514 2323 duodecim
534 2295 670 2323 Romanos
686 2304 793 2324 menses
818 2298 944 2331 utrinque

166 2341 267 2376 positos
280 2345 371 2368 rectus
384 2341 506 2369 ealculus
528 2342 693 2374 assumitur,
713 2342 738 2369 in
756 2343 861 2369 duobus
881 2351 943 2370 vero

165 2377 249 2413 rubro
264 2386 353 2413 colore
363 2386 503 2421 inscriptis
515 2387 649 2417 versibus,
663 2387 708 2421 qui
721 2395 735 2412 a
747 2395 853 2414 summo
865 2391 944 2414 deor-

166 2440 225 2459 sum
237 2432 386 2466 pertinent,
408 2432 566 2466 retrograda
586 2432 729 2458 methodus
748 2433 835 2458 locum
854 2433 942 2465 habet,

167 2477 265 2504 additis
280 2477 385 2512 cpaetis
395 2478 530 2504 currentis
543 2477 606 2504 anni
622 2478 729 2506 solaris.
742 2485 775 2504 ex
790 2478 888 2512 quibus
903 2486 944 2505 se-

166 2526 238 2556 ptem
250 2523 354 2549 tabella:
364 2530 459 2550 versus
468 2522 584 2549 ordinati
601 2527 674 2549 sunt.
688 2522 734 2550 His
750 2522 783 2550 de
793 2527 858 2550 rotae
872 2523 945 2551 illius

166 2569 347 2603 explicatione
378 2569 468 2600 dictis,
493 2568 597 2595 facilem
625 2569 787 2601 lectoribus,
812 2574 944 2604 quantum

168 2614 225 2641 tieri
241 2615 340 2649 potuit,
355 2615 425 2643 viam
438 2615 605 2649 aperuimus,
621 2623 674 2649 qua
689 2614 783 2642 feriam
799 2615 946 2643 hebdoma-

168 2660 210 2688 dis
223 2661 343 2695 cujusvis
361 2661 524 2696 investigare
539 2665 674 2695 poterunt.

998 2251 1072 2287 ρικοῦ
1106 2250 1242 2285 τεσσάρων
1271 2249 1389 2284 ἡμερῶν,
1422 2248 1474 2274 τῶν
1498 2246 1706 2282 παρακειμένων
1735 2246 1770 2280 τῷ

997 2295 1154 2331 Δεκεμϐρίῳ
1171 2296 1244 2331 μηνί.
1271 2295 1324 2321 Καὶ
1356 2293 1448 2325 ἁπλῶς
1470 2294 1565 2322 εἰπεῖν.
1590 2293 1622 2318 ἶν’
1639 2291 1770 2326 ὲπιτὸμως

997 2342 1061 2377 περὶ
1083 2341 1241 2376 ἀμφοτέρων
1272 2340 1441 2374 διαλάϐωμεν
1468 2338 1521 2364 τῶν
1537 2338 1651 2372 ψήφων·
1668 2337 1696 2362 ἐν
1727 2337 1770 2371 μὲν

996 2389 1052 2417 τοῖς
1064 2386 1085 2418 ζ’
1097 2385 1143 2412 τοῦ
1163 2385 1284 2412 κανονίου
1300 2384 1398 2419 στίχοις
1416 2385 1454 2415 εἰς
1471 2384 1532 2414 τοὺς
1549 2382 1717 2417 ἑκατέρωθεν
1732 2390 1770 2407 τε-

996 2433 1146 2467 ταγμένους
1174 2430 1360 2457 δυοδεκαίδεκα
1380 2430 1548 2464 Ῥωμαῖκοὺς
1566 2429 1650 2463 μῆνας
1663 2429 1695 2462 τῇ
1714 2427 1769 2453 καθ’

998 2479 1090 2514 εἱρμὸν
1105 2478 1187 2513 ψήφῳ
1209 2476 1367 2512 κεχρήμεθα
1381 2475 1450 2502 κατὰ
1469 2476 1521 2501 πᾶν
1538 2474 1596 2505 ἔτος
1611 2482 1618 2488 ·
1636 2482 1664 2499 ιν
1680 2473 1708 2499 δὲ
1722 2475 1771 2503 τοῖς

997 2524 1083 2560 ὀρθῶς
1109 2522 1279 2558 καθιεμένοις
1301 2522 1375 2548 δυσὶν
1396 2521 1448 2547 ἀπὸ
1474 2519 1585 2555 σηρικοῦ
1616 2527 1715 2553 anxur;
1738 2520 1766 2554 τῇ

999 2571 1056 2597 κατ’
1074 2569 1252 2604 ὰναποόισμὺν
1271 2567 1373 2602 μεθόδῳ
1398 2566 1605 2602 προσχρώμεθα,
1619 2565 1689 2590 κατὰ
1705 2573 1767 2599 συμ-

1000 2616 1110 2650 πλοκὴν,
1125 2615 1162 2645 ὡς
1175 2614 1251 2648 ἔφην,
1269 2613 1322 2639 τῶν
1337 2612 1461 2638 ὲπακτῶν
1475 2611 1555 2637 αὑτοῦ
1573 2610 1618 2637 τοῦ
1633 2611 1767 2644 ἐνισταμέ-

999 2670 1044 2687 νου
1060 2659 1171 2695 ἡλιακοῦ
1189 2659 1274 2690 ἔτους,
1286 2655 1366 2685 δι’ὧν
1383 2659 1429 2684 καὶ
1442 2658 1466 2683 οἱ
1483 2657 1620 2692 λεχθέντες
1637 2656 1658 2689 ζ’
1674 2657 1772 2683 κανονί-

168 2707 257 2738 ζονται
282 2708 375 2743 στίχοι.
399 2707 490 2734 Ταῦτα
507 2709 553 2734 καὶ
577 2709 639 2743 τερ).
657 2707 732 2734 τοῦδε
744 2708 789 2734 τοῦ
803 2708 899 2743 τροχοῦ
923 2709 1127 2743 σαφηνίσαντες,
1151 2705 1251 2740 εὐχερῆ
1283 2705 1338 2735 τοῖς
1361 2703 1549 2737 ἐντυγχάνουσι
1572 2702 1620 2738 τὴν
1641 2705 1731 2736 παο-ης
1744 2702 1772 2727 δι’

169 2753 249 2779 αὐτοῦ
267 2753 416 2789 κατάληψιν
431 2754 608 2788 ἐϐδοματικῆς
621 2754 724 2788 ἡμέρας
755 2753 823 2780 κατὰ
838 2754 869 2780 τὸ
900 2754 1008 2781 δυνατὸν
1025 2756 1220 2788 πεποιήκαμεν.

287 2812 607 2846 ραοῃιοάοιυηιριιιαηάιι
623 2813 656 2838 sit
670 2817 734 2838 (clas
747 2812 825 2839 lunw.

208 2857 271 2884 Vill.
285 2857 404 2885 Primum
424 2859 493 2885 lutum
510 2862 617 2892 epactas
646 2858 794 2892 accipimus
813 2866 866 2884 una
885 2866 945 2885 cum

1047 2810 1111 2842 Πῶς
1127 2809 1173 2835 δεῖ
1184 2808 1240 2842 τὴν
1253 2807 1366 2841 ἡμέραν
1378 2806 1431 2839 τῆς
1439 2805 1571 2838 σελήνης
1586 2804 1730 2838 φημίζειν.

1037 2854 1075 2882 ll'.
1086 2858 1118 2881 α’.
1130 2853 1290 2889 Κρατοῦμεν
1299 2852 1345 2883 τὰς
1356 2850 1476 2882 Eram-.51;
1488 2852 1536 2885 τῆς
1546 2849 1657 2884 σελήνης
1668 2849 1713 2874 καὶ
1733 2848 1775 2882 τὴν
