1907 3144
146 155 212 183 1269

531 156 559 184 S.
583 156 707 184 MAXIMI
729 156 910 184 MARTYRIS
932 156 1121 186 COMPUTUS
1140 159 1360 188 ECCBESIAST.

1698 163 1709 189 1
1715 164 1765 190 σεῖο

141 214 188 240 τοῦ
204 214 349 246 ἐνεστῶτος
373 215 560 248 Αἰγυπτιακοῦ
586 216 669 250 μηνδς
690 216 831 248 ποσταίαν,
844 216 891 242 καὶ
903 215 928 241 τὲ

987 218 1124 252 proposito
1139 218 1184 245 die
1202 219 1319 247 labentis
1336 219 1489 255 Egyptiaci
1509 221 1622 247 mensis.
1645 221 1685 248 Ad
1711 221 1766 248 Illac

141 261 225 296 ἥμισυ
238 260 292 287 τῶν
303 260 394 296 μηνῶν
409 260 463 287 τῶν
480 261 533 288 ἀπὸ
548 261 618 294 Θὼθ,
634 262 681 288 καὶ
696 263 760 297 μίαν
774 262 928 297 καθολικὴν.

141 305 196 331 Καὶ
218 305 242 331 ει
265 305 314 340 μὲν
340 305 361 331 λ’
385 305 486 338 ταύτας
512 307 674 342 εὑρήσομεν,
699 307 715 342 ἧ
738 307 813 343 παρὰ
829 307 877 338 τὰς
897 307 928 337 λ’,

140 350 273 382 τοσαύτας
303 350 416 385 ἔχουσαν
436 351 484 387 τὴν
506 351 620 387 σελήνην
636 352 823 388 γινώσκομεν·
853 353 877 378 εἰ
901 352 929 378 δὲ

140 395 211 431 ὑπὲρ
228 395 276 427 τὰς
293 396 323 427 λ’,
342 396 448 428 ὲκείνας
458 396 537 423 πάλιν
552 397 620 432 μετὰ
631 397 679 432 τὴν
691 398 833 433 ὑφαίρεσιν
841 398 929 425 αὐτῶν

141 440 195 467 τῶν
210 441 367 476 τριάκοντα.

176 485 208 521 β’.
226 486 340 518 Ἄλλως.
352 487 391 513 Τὰ
404 487 456 513 ἀπὸ
465 487 657 522 Διοκλητιανοῢ
673 488 719 523 ἐτη
738 488 811 523 παρὰ
829 488 857 514 ἓν
871 487 929 519 ἔτος

140 531 289 564 ποιοῦντες,
315 533 462 568 μερίζομεν
485 534 525 564 εἰς
536 533 588 559 τὸν.
604 533 636 560 ιθ¹
655 534 702 560 καὶ
718 534 752 560 τὰ
768 534 848 560 λοιπὰ
863 542 929 569 κρα-

139 576 251 608 τοῦμεν,
278 578 324 604 καὶ
348 577 453 609 τούτοις
485 578 666 614 ὲπιὸάλλομεν
693 579 763 614 ὑπὲρ
795 579 854 610 ἑνὸς
880 578 929 614 μὲν

139 621 228 653 ἔτους,
253 622 300 648 ἐὰν
324 622 403 648 τοῦτο
421 623 501 658 μόνον
525 623 604 658 τυχὸν
621 624 786 660 καταλειφθῇ
800 624 869 659 μετὰ
884 624 929 650 τὸν

140 667 285 703 μερισμὸν,
309 667 414 703 ἡμέρας
435 672 460 694 ι’·
484 668 554 704 ὑπὲρ
573 668 594 703 β’
612 669 640 695 δὲ
657 669 724 695 ἑτῶν
741 672 763 695 κ’
777 677 784 684 ·
809 668 878 704 ὑπὲρ
901 668 930 696 δὲ

139 717 163 748 γ’
179 714 238 740 οὐδὲ
250 714 314 749 μίαν
323 723 329 729 ·
345 713 438 750 ὥσπερ
451 715 498 741 κα)¹
510 715 555 742 ἐπὶ
568 717 624 746 τοῖς
642 719 667 748 ς’
683 715 743 742 οὐδὲ
760 715 835 750 μίαν·
847 715 863 750 ἢ
875 715 928 741 τῶν

140 760 174 792 0’,
191 761 206 796 ἦ
225 760 278 787 τῶν
292 761 324 795 ιβ’
335 769 342 776 ·
357 761 374 796 ἢ
390 761 481 794 ἁπλῶς
502 761 552 796 τῆς
580 761 724 788 ὁποιασοῦν
741 761 908 797 τριετηρίδος
919 770 926 776 ·

140 806 212 842 ὑπὲρ
237 806 265 832 δὲ
293 806 346 833 τῶν
367 807 387 833 δ’
412 807 491 833 πάλιν
519 807 588 833 ἐτῶν
608 806 633 838 ι’,
657 807 704 833 καὶ
730 807 800 842 ὑπὲρ
826 807 880 833 τῶν
899 810 918 833 ε’

139 855 175 878 κ’.
194 851 247 878 Καὶ
260 851 345 883 οὕτως
362 852 478 888 καθεξῆς
497 852 567 887 ὑπὲρ
589 852 642 878 τῶν
659 853 692 884 ζ’,
710 853 756 879 καὶ
770 852 823 879 τῶν
841 856 867 885 ι’,
881 853 928 879 καὶ

137 897 195 923 τῶν
214 901 246 923 ια’
258 897 280 913 ⁹¹
291 907 297 912 ν
310 898 356 923 καί
370 897 424 924 τῶν
440 898 508 933 μετὰ
524 898 572 929 τὰς
595 898 765 933 τριετηρίδας
777 898 928 933 ψηφιζομέ-
945 889 966 918 Β

137 951 204 969 νων.
235 943 398 978 Κρατοῦμεν
427 943 525 974 τοίνυν,
549 943 586 975 ὡς
602 943 680 979 ἔφην,
706 943 740 970 τὰ
758 944 927 979 ἀπομένοντα

138 988 188 1023 ἐτη
214 988 260 1014 καὶ
286 988 334 1020 τὰς
357 989 427 1024 ὑπὲρ
452 989 552 1015 τούτων
582 990 688 1025 ἡμέρας
711 989 782 1016 κατὰ
804 990 850 1017 τὸν
864 991 928 1017 ὑπο-

137 1034 280 1069 δειχθέντα
308 1034 416 1070 τρόπον’
449 1036 495 1062 καὶ
507 1035 555 1070 τὴν
573 1036 704 1063 ποσταίαν
715 1035 761 1062 τοῦ
783 1036 928 1068 ἐνεστῶτος

138 1079 326 1114 Αἰγυπτιακοῦ
350 1081 442 1116 μηνὸς,
473 1083 519 1108 καὶ
543 1082 572 1108 τὺ
586 1082 671 1117 ἥμισυ
686 1082 740 1109 τῶν
759 1083 850 1118 μηνῶν
874 1083 928 1110 τῶν

137 1126 196 1152 ἀπὸ
227 1125 298 1157 Θὼθ,
313 1127 359 1153 καὶ
385 1127 450 1161 μίαν
480 1127 643 1164 καθολικὴν·
660 1129 706 1155 καὶ
729 1129 769 1160 εἰς
786 1129 830 1155 τὸν
844 1129 865 1155 λ’
881 1129 929 1160 τὰς

137 1172 206 1203 ὅλας
217 1172 373 1208 μερίζομεν.

176 1217 211 1252 γ’.
232 1218 346 1250 Ἀλλως.
361 1219 523 1255 Κρατοῦμεν
537 1221 585 1252 τὰς
604 1221 725 1253 era-aa,-
738 1223 787 1257 τῆς
805 1221 927 1258 σελήνης,

136 1264 188 1291 καὶ
210 1265 279 1301 ὑπὲρ
302 1265 415 1292 ἑκάστου
433 1267 587 1301 Ῥωμαϊκοῦ
613 1268 705 1303 μηνὸς,
730 1269 783 1295 ἀπὸ
807 1270 929 1304 Σεπτεμ-

137 1310 219 1345 ϐρίου
228 1311 371 1346 ἀρχόμενοι
383 1311 466 1347 μέχρι
479 1312 526 1338 τοῦ
539 1312 723 1348 ψηφιζομένου
738 1315 800 1349 μίαν
812 1315 928 1350 ἡμέραν

138 1356 189 1382 καὶ
211 1355 258 1390 τὴν
281 1357 411 1383 ποσταίαν
434 1357 516 1383 αὑτοῦ
541 1357 588 1384 τοῦ
612 1358 757 1390 ἐνεστῶτος
777 1359 928 1394 Ῥωμαῖκοῦ

139 1400 238 1436 μηνὸς,
255 1402 300 1427 καὶ
322 1401 368 1427 δύο
391 1401 547 1434 καθολικὰς,
571 1404 617 1429 καὶ
636 1404 676 1434 εἰς
698 1403 743 1429 τὸν
760 1403 781 1429 λ’
797 1403 845 1436 τὰς
866 1404 929 1436 ὅλας

138 1445 302 1480 μεριζομεν.

175 1491 206 1517 δ’.
226 1492 338 1524 Ἄλλως.
362 1493 527 1528 Κρατοῦμεν
542 1494 591 1526 τὰς
606 1495 731 1526 ὲπακτὰς-
744 1495 791 1531 τῆς
815 1496 929 1532 σελήνης

137 1537 295 1592 ῖαρὰμίρ-ν,
309 1539 355 1565 καὶ
368 1540 418 1570 τὰς
432 1539 485 1565 ἀπὸ
501 1540 664 1576 Ἰανουαρὶου
675 1541 781 1576 ἡμέρας
789 1541 866 1577 μέχρι
880 1543 930 1578 τῆς
944 1564 964 1592 C

136 1582 310 1618 ζητουμένης
325 1584 403 1618 ἡμῖν·
422 1585 469 1610 καὶ
488 1584 521 1611 τὰ
539 1585 640 1612 τούτων
650 1585 687 1618 ξζ¹
701 1587 739 1602 ⁹¹·
759 1587 805 1613 καὶ
825 1588 864 1619 si;
886 1588 930 1614 τὸν

136 1629 160 1655 λ’
183 1629 232 1661 τὰς
244 1629 306 1661 ὅλας
322 1630 478 1666 μερίζομεν.

177 1674 208 1702 ε’.
225 1675 338 1708 Ἄλλως.
355 1676 518 1712 Κρατοῦμεν
537 1678 585 1709 τὰς
600 1679 723 1711 ἐπακτὲις
739 1680 788 1714 τῆς
805 1679 929 1715 σελήνης,

137 1720 190 1747 καὶ
201 1720 231 1746 τὸ
242 1721 326 1756 ἥμισυ
340 1721 394 1748 τῶν
412 1722 504 1757 μηνῶν
524 1723 578 1749 τῶν
595 1724 648 1750 ἀπὸ
660 1725 706 1751 τοῦ
727 1725 863 1761 Ἀπριλίου
885 1725 931 1761 μὲ-

136 1775 188 1802 χρι
203 1767 249 1793 τοῦ
274 1767 473 1802 ψηφιζομένου,
497 1769 543 1795 καὶ
568 1769 616 1801 τὰς
637 1771 785 1805 τριακάδας
810 1772 929 1807 πρώτας,

137 1814 190 1840 καὶ
206 1813 253 1849 τὴν
271 1814 402 1840 matulam
421 1814 467 1840 τοῦ
488 1815 633 1847 ἐνεστῶτος
651 1817 748 1852 μηνός·
765 1818 810 1843 καὶ
831 1819 869 1849 εἰς
885 1818 930 1844 τὸν

136 1859 161 1886 λ’
177 1858 224 1890 τὰς
239 1858 302 1891 ὅλας
320 1858 476 1894 μερίζομεν.

180 1907 216 1936 ς’.
235 1903 349 1935 Ἄλλως.
381 1904 676 1940 Ἐνδεκαπλασιάζομεν
698 1906 727 1932 τὸ
747 1908 796 1941 τῆς
818 1907 930 1942 σελήνης

137 1950 214 1981 ἔτος,
228 1950 272 1976 καὶ
284 1949 438 1985 κρατοῦμεν
449 1951 498 1982 τὰς
512 1951 566 1977 ἀπὸ
580 1951 690 1987 πρώτης
705 1952 867 1987 Ἰανουαρίου
880 1953 929 1988 μέ-

137 2005 189 2033 χρι
201 1997 250 2032 τῆς
262 1996 430 2032 ζητουμένης
442 1998 556 2033 ἡμέρας,
569 1999 615 2024 καὶ
627 1998 660 2024 τὰ
674 1999 775 2025 τούτων
791 1998 826 2032 ξξ¹
838 2008 844 2014 ·
857 2001 929 2034 τρεῖς

135 2051 171 2069 τε
188 2041 337 2073 καθολικῶς
351 2042 538 2078 ἀφαιροῦντες,
553 2042 624 2069 οὕτω
640 2043 688 2075 τὰς
702 2044 764 2075 ὅλας
783 2043 928 2079 μερίζομεν

136 2089 183 2119 εἰς
196 2088 239 2114 τὸν
249 2087 278 2114 λ’.

179 2133 211 2165 ζ’.
228 2133 341 2166 Ἀλλως.
358 2133 517 2170 Κρατοῦμεν
535 2135 585 2167 τὰς
597 2136 719 2167 ὲπακτὰς
734 2136 784 2171 τῆς
805 2136 926 2172 σελήνης,

137 2181 191 2208 καὶ
208 2181 319 2213 ταύταις
341 2181 368 2208 ἐν
392 2190 422 2208 τε
442 2181 482 2217 τῷ
505 2182 660 2218 Ἰανουαρίῳ
687 2183 733 2209 καὶ
755 2183 928 2218 Φεόρουαρίῳ

982 264 1123 292 dimidium
1149 264 1283 292 mensium
1308 273 1461 297 numerum,
1484 266 1557 300 quia
1575 265 1664 293 Thoth
1680 266 1765 301 elapsi

981 314 1055 342 sunt,
1072 317 1134 337 cum
1148 318 1202 337 uno
1218 310 1347 346 regulari.
1372 310 1400 337 Si
1423 318 1529 338 summa
1552 311 1660 346 triginta
1681 311 1767 338 conli~

980 357 1044 388 ciat,
1060 357 1208 384 autiminus
1225 357 1347 392 triginta,
1363 357 1474 384 totidem
1490 356 1549 384 dies
1560 357 1652 383 lunam
1665 358 1766 386 habere

980 403 1180 438 cognoscimus.
1191 403 1239 430 Sin
1256 403 1374 430 tricenos
1391 403 1450 431 dies
1458 402 1581 434 excedat,
1591 402 1706 437 demptis
1719 404 1766 430 tri-

979 448 1053 482 ginta
1062 451 1127 483 quot
1138 453 1312 483 supererunt,
1323 448 1436 475 totidem
1443 449 1515 476 aetati
1525 449 1596 477 luna:
1603 451 1764 478 tribuemus.

1008 493 1067 520 Alia
1084 494 1163 521 ratio.
1189 495 1282 522 Annos
1298 502 1313 521 a
1330 494 1499 522 Diocletiano
1514 503 1569 522 uno
1584 496 1677 523 minus
1691 497 1767 530 capi-

980 547 1040 567 mus
1057 547 1157 574 eosque
1172 541 1306 575 partimur
1333 540 1360 567 in
1374 548 1434 574 xix;
1460 541 1483 567 si
1512 541 1652 568 residuum
1676 549 1766 568 annus

980 586 1078 612 unicus
1097 586 1143 617 sit,
1162 586 1195 613 ad
1220 594 1281 613 eum
1304 586 1448 620 adjicimus
1464 594 1500 619 x;
1520 587 1543 613 si
1568 587 1622 614 duo
1651 591 1763 617 restent,

981 640 1033 665 xix;
1054 631 1075 658 si
1092 635 1163 663 tres,
1179 632 1257 658 nihil.
1274 632 1342 659 Cum
1358 640 1464 664 novem,
1488 636 1536 659 aut
1548 632 1702 663 duodecim,
1719 636 1765 658 aut

979 679 1092 706 omnino
1111 679 1224 713 quilibet
1242 678 1339 705 tertius
1361 686 1451 706 annus
1462 679 1583 706 exstitit:
1602 678 1712 713 perinde
1724 678 1766 704 ni~

980 723 1018 751 liil
1033 724 1152 752 additur.
1178 725 1211 752 At
1234 733 1283 759 pro
1311 729 1430 759 quatuor
1453 725 1532 752 annis
1551 733 1586 751 x:
1616 724 1696 759 189
1717 731 1765 758 pro

980 771 1100 806 quinque
1115 771 1231 798 addendi
1252 775 1318 798 sunt
1332 779 1375 798 xx.
1392 771 1480 806 Atque
1506 771 1542 798 ita
1564 771 1694 805 deinceps
1716 778 1765 805 pro

980 826 1016 845 vn
1031 825 1063 845 ac
1082 826 1108 849 x,
1132 818 1190 845 dies
1213 826 1226 844 Χ
1247 818 1433 852 adjiciuntur;
1469 818 1507 844 uti
1537 821 1565 844 et
1588 825 1636 852 pro
1655 825 1701 843 xm
1734 824 1765 843 ac

981 864 1103 898 reliquis,
1120 864 1164 898 qui
1180 871 1262 898 supra
1280 863 1429 890 triennium
1452 863 1591 898 quodlibet
1605 867 1764 890 excurrunt.

981 911 1115 939 Residuos
1137 911 1218 946 igitur
1234 919 1331 943 annos,
1359 919 1391 938 ac
1407 911 1528 946 singulos
1552 918 1601 945 pro
1626 911 1679 938 illis
1706 910 1765 938 dies

979 958 1030 984 hoc
1044 958 1123 985 modo
1140 958 1342 985 sumimuscum
1359 957 1498 992 proposito
1511 956 1555 984 die
1567 957 1669 984 mensis
1681 956 1765 992 {Egy-

979 1003 1060 1038 ptiaci
1074 1023 1082 1034 ,
1098 1003 1198 1038 quibus
1212 1002 1353 1030 dimidium
1376 1003 1482 1030 accedit
1496 1003 1602 1030 numeri
1618 1003 1764 1036 mensium,

978 1049 1024 1083 qui
1041 1056 1055 1075 a
1070 1048 1158 1075 Tlioth
1175 1049 1260 1083 elapsi
1282 1052 1357 1080 sunt,
1373 1057 1434 1076 cum
1455 1057 1509 1076 uno
1531 1049 1651 1084 regulari
1666 1058 1672 1076 :
1689 1057 1765 1077 sum-

979 1103 1049 1122 mam
1067 1103 1114 1130 pcr
1130 1103 1181 1121 xxx
1196 1094 1353 1122 dividimus.

1014 1223 1110 1249 Aliter.
1128 1221 1286 1256 Accipimus
1304 1226 1415 1256 epactas
1435 1221 1516 1252 lunae,
1533 1226 1560 1248 et
1577 1228 1626 1255 pro
1641 1219 1763 1255 quolibet

979 1269 1164 1296 Romanorum
1183 1275 1287 1299 mense,
1312 1267 1391 1295 initio
1408 1267 1442 1294 ab
1462 1267 1548 1302 Aprili
1575 1266 1656 1297 facto,
1678 1274 1765 1300 usque

979 1316 1012 1343 ad
1025 1315 1205 1350 propositum,
1220 1315 1345 1348 singulos
1363 1314 1421 1341 dies
1446 1314 1612 1348 colligimus,
1633 1320 1665 1339 ac
1682 1320 1764 1347 regn—

980 1361 1050 1389 lares
1065 1361 1144 1389 duos.
1162 1360 1302 1388 Summam
1318 1368 1366 1395 per
1380 1368 1431 1387 xxx
1444 1359 1586 1394 partimur.

1015 1490 1111 1518 Aliter.
1129 1491 1246 1525 Epactas
1263 1491 1334 1518 lunae
1356 1491 1461 1518 unitate
1483 1490 1574 1517 minus
1588 1496 1649 1516 cum
1668 1488 1765 1516 diebus

982 1545 997 1564 a
1013 1536 1143 1564 Kalendis
1154 1535 1293 1564 Ianuariis
1309 1536 1342 1563 ad
1361 1536 1432 1563 diem
1448 1536 1495 1570 qui
1514 1535 1647 1570 quaeritur
1663 1534 1765 1569 elapsis

981 1583 1168 1618 componimus
1178 1591 1186 1615 ;
1196 1583 1322 1610 addimus
1329 1587 1355 1610 et
1363 1583 1460 1609 borum
1469 1582 1664 1617 sexagesimam
1673 1587 1766 1615 quam-

981 1638 1033 1665 que
1050 1633 1165 1664 partem.
1179 1628 1276 1656 Totum
1293 1628 1391 1656 deinde
1407 1636 1454 1663 per
1468 1636 1520 1655 xxx
1534 1627 1692 1655 dividimus.

1016 1675 1112 1703 Aliter.
1131 1675 1248 1710 Epactas
1270 1675 1341 1702 luna:
1360 1682 1422 1702 cum
1441 1675 1554 1702 dimidio
1577 1675 1712 1702 mensium
1732 1675 1765 1700 ab

980 1721 1065 1756 Aprili
1083 1729 1168 1756 usque
1181 1721 1214 1748 ad
1228 1721 1372 1756 quaesitum
1387 1729 1507 1748 mensem
1517 1741 1523 1752 ,
1542 1725 1599 1747 tum
1611 1720 1765 1747 tricesimos

981 1766 1082 1800 primos
1098 1775 1221 1801 quosque
1232 1766 1291 1794 dies
1307 1773 1361 1793 una
1373 1773 1434 1792 cum
1451 1765 1589 1800 proposita
1606 1765 1709 1792 mensis
1721 1764 1765 1792 die

981 1814 1008 1841 in
1020 1820 1103 1839 unum
1110 1813 1317 1847 componimus,
1333 1811 1406 1846 quod
1415 1811 1512 1838 deinde
1523 1811 1657 1846 partimur
1665 1811 1692 1838 in
1701 1819 1765 1837 xxx.

1016 1903 1110 1930 Aliter.
1141 1903 1250 1929 Annum
1278 1902 1350 1929 luna
1377 1902 1405 1928 in
1429 1908 1457 1928 xl
1493 1901 1630 1932 ducimus,
1653 1908 1689 1928 ac
1706 1901 1766 1928 dies

980 1956 1075 1976 omnes
1091 1948 1137 1983 qui
1152 1955 1167 1974 a
1184 1948 1315 1975 Kalendis
1324 1947 1462 1975 Ianuariis
1471 1947 1504 1974 ad
1513 1947 1683 1982 propositum
1694 1946 1765 1974 diem

979 1994 1126 2026 ﬂuxerunt,
1145 2001 1206 2021 cum
1221 1994 1319 2020 borum
1342 1993 1510 2028 sexagesima
1535 2000 1643 2028 quaque
1666 1997 1764 2028 parte;

980 2039 1042 2066 inde
1054 2039 1142 2066 tribus
1157 2038 1330 2074 regularibus
1341 2039 1467 2073 abjectis,
1490 2046 1625 2066 summam
1646 2046 1693 2074 per
1711 2046 1767 2065 xxx

978 2085 1133 2112 tribuimus.

1014 2131 1110 2157 Aliter.
1126 2130 1243 2165 Epactas
1261 2131 1331 2157 lunae
1345 2130 1372 2157 in
1389 2129 1520 2158 Januario
1531 2134 1556 2157 et
1569 2129 1718 2157 Februario
1729 2129 1768 2156 in-

979 2182 1086 2213 tegras,
1112 2177 1138 2203 in
1172 2176 1268 2204 Martio
1295 2177 1399 2204 unitate
1428 2177 1519 2204 minus
1552 2176 1710 2210 accipimus,
1739 2175 1768 2202 in

138 2228 258 2263 πλήρεσι
272 2227 430 2264 κεχρήμεθα
441 2237 447 2243 ·
464 2229 539 2263 παρὰ
550 2229 613 2264 μίαν
624 2229 652 2255 δὲ
667 2230 750 2264 μόνην
765 2231 794 2256 ἐν
807 2230 845 2265 τῷ
858 2231 928 2266 Μαρ-

987 2223 1067 2258 Aprili
1082 2222 1244 2259 acreliquis,
1257 2222 1379 2256 integras
1397 2231 1403 2248 ε
1421 2222 1485 2249 item
1502 2229 1552 2257 pro
1562 2221 1677 2256 singulis
1690 2228 1767 2247 men-

137 2274 208 2309 τίῳ·
225 2275 252 2300 ὲν
269 2274 296 2300 δὲ
312 2274 350 2309 τῷ
369 2274 498 2309 Ἀπριλίῳ
516 2275 562 2301 καὶ
579 2276 633 2306 τοῖς
647 2277 704 2310 μετ’
719 2276 799 2302 αὐτὸν
816 2276 928 2312 πλήρεις

139 2320 387 2356 συλλαμϐάνοντες,
402 2321 447 2347 καὶ
460 2321 523 2355 μίαν
535 2320 620 2356 eam
633 2321 702 2355 ὑπὲρ
716 2322 830 2349 ἑκάστου
845 2322 928 2358 μηνὸς

137 2368 208 2402 ἄχρι
222 2366 268 2392 τοῦ
280 2359 481 2402 ψηφιζομένου-
497 2366 542 2392 δύο
553 2367 580 2392 δὲ
598 2367 676 2402 μόνον
690 2367 759 2403 ὑπὲρ
769 2367 816 2394 τοῦ
830 2368 928 2402 Αὐγού-

140 2421 223 2440 στου·
249 2413 295 2438 καὶ
317 2413 365 2448 τὴν
380 2412 510 2438 ποσταίαν
533 2411 580 2438 τοῦ
599 2413 698 2447 μηνός⁶
720 2414 766 2440 καὶ
786 2414 825 2445 εἰς
846 2413 891 2440 τὸν
907 2414 928 2439 λ’

137 2458 193 2490 τὰς
212 2458 274 2489 ὅλας
292 2466 324 2493 με
330 2457 448 2493 ρὶζομεν.

179 2507 214 2540 η’.
233 2504 345 2535 Ἄλλως.
362 2503 524 2539 Κρατοῦμεν
541 2503 590 2535 τὰς
607 2505 728 2537 ἐπακτὰς
741 2507 789 2541 τῆς
804 2507 928 2541 σελήνης,

138 2550 192 2577 καὶ
205 2550 254 2582 τὰς
271 2549 325 2576 ἀπὸ
344 2549 456 2584 πρώτης
478 2549 616 2586 Ἀπριλίου
633 2551 712 2586 μέχρι
730 2552 779 2586 τῆς
800 2553 931 2587 ζητουμέ-

138 2605 204 2631 νης,
225 2597 271 2623 καὶ
293 2597 342 2632 τὴν
360 2596 490 2632 ποσταίαν
513 2596 560 2623 τοῦ
583 2597 680 2632 μηνός’
698 2598 744 2624 καὶ
766 2599 805 2629 εἰς
826 2599 870 2625 τὴν
890 2598 930 2625 κθ¹

138 2644 229 2679 ἥμισυ
245 2643 295 2674 τὰς
310 2643 372 2674 ὅλας
388 2642 542 2678 μερίζομεν.

138 2698 214 2732 Περὶ
231 2698 288 2725 τῶν
300 2699 359 2725 ἀπὸ
375 2698 586 2734 Διοκλητιιινοῡ
600 2698 674 2725 ἑτῶν
684 2708 690 2714 ³
712 2698 774 2732 πῶς
791 2708 822 2725 τε
836 2700 930 2734 ψηφί-

180 2733 287 2764 ζονται,
303 2734 351 2760 καὶ
367 2732 429 2766 πῶς
444 2733 480 2759 δι’
500 2733 598 2760 αὐτῶν
615 2734 648 2760 τὸ
665 2734 716 2768 τῆς
732 2732 931 2768 calamo-et)-

179 2769 317 2803 ρίσκεται
329 2768 405 2801 ἔτος.

180 2813 208 2840 ΕΥ
239 2814 278 2840 Τὰ
294 2814 346 2840 ἀπὸ
361 2813 550 2848 Διοκλητιανοῦ
567 2814 612 2849 ἔτη
630 2815 708 2850 μέχρι
723 2816 770 2850 τῆς
791 2815 931 2851 παρούσης

178 2871 199 2886 νι
221 2872 241 2907 ί.
261 2875 304 2906 ιγ’.
343 2872 364 2887 -ι
378 2872 398 2905 ί.
418 2870 454 2903 ge
472 2875 498 2897 ul
512 2871 558 2905 inf.

983 2269 1058 2296 sibus
1073 2276 1158 2303 usque
1170 2267 1202 2294 ad
1213 2268 1392 2303 propositum,
1403 2267 1525 2303 singulos
1537 2267 1595 2295 dies
1605 2274 1768 2293 annumera~

983 2323 1058 2346 mus,
1075 2322 1124 2350 pro
1137 2315 1259 2350 Augusto
1277 2321 1340 2341 vero
1349 2313 1428 2345 duos,
1442 2314 1541 2349 quibus
1557 2313 1648 2340 addita
1660 2312 1767 2348 quaesiti

981 2361 1083 2388 mensis
1096 2360 1151 2392 die,
1167 2367 1274 2387 summa
1293 2367 1340 2394 per
1357 2367 1409 2386 xxx
1425 2359 1565 2387 dividitur.

1015 2497 1110 2524 Aliter.
1125 2496 1241 2531 Epactas
1258 2496 1329 2522 luna:
1342 2503 1404 2522 cum
1414 2495 1511 2522 diebus
1523 2503 1537 2522 a
1546 2495 1675 2523 Kalendis
1687 2494 1768 2529 Apri-

980 2544 1052 2571 libus
1067 2543 1100 2570 ad
1114 2543 1257 2578 quresitum
1275 2542 1392 2570 evolutis
1403 2549 1466 2569 cum
1478 2541 1618 2576 proposita
1633 2542 1677 2568 die
1690 2549 1766 2568 com-

982 2590 1118 2625 ponimus.
1136 2588 1274 2616 Summam
1289 2597 1337 2624 per
1359 2597 1421 2616 xxix
1443 2588 1495 2623 1/2
1514 2587 1656 2622 partimur.

982 2701 1020 2728 De
1032 2701 1107 2729 annis
1125 2710 1141 2727 a
1158 2700 1338 2730 Diocletiano;
1357 2698 1484 2734 quomodo
1505 2702 1653 2734 putentar,_
1670 2702 1694 2723 ct
1715 2706 1766 2732 qua

1070 2737 1172 2763 ratione
1186 2741 1250 2763 tatas
1266 2736 1336 2762 luna:
1351 2731 1379 2761 in
1395 2734 1449 2761 illis
1463 2731 1618 2760 inuenienda
1632 2732 1675 2758 sit.

1019 2813 1065 2841 IX.
1082 2814 1151 2840 Anni
1169 2821 1183 2840 a
1206 2813 1374 2840 Diocletiano
1398 2809 1431 2838 ad
1454 2812 1615 2844 praesentem
1637 2807 1766 2835 indictia--
