1931 3135
50 180 127 208 ιτιει

513 177 624 205 ISAACI
641 174 795 204 MONACHI
814 171 1002 202 COMPUTUS
1020 171 1242 200 ECCLESIAST.

1624 170 1694 198 1283

50 240 112 267 τῶν
135 239 343 276 ῥηθησομένων
361 237 504 266 ἀποδοῦναί
521 246 561 265 σοι
588 236 714 272 μεθόδους
725 244 732 250 ·
755 234 822 269 πρὸς
836 234 863 260 δὲ
879 255 883 264 Α

927 231 1053 264 udicasti,
1072 232 1118 266 qui
1131 239 1235 262 eorum,
1249 229 1282 258 de
1296 229 1396 265 quibus
1411 228 1510 256 dicturi
1521 236 1626 259 sumus,
1637 229 1694 256 \ias

53 288 107 314 καὶ⁸
131 286 193 317 τὰς
225 286 271 311 ἐπὶ
298 284 408 316 ταύταις
430 283 483 309 τῶν
509 283 594 317 λόγων
617 283 721 313 αἰτίας”
749 281 788 316 (οὐ
811 280 865 315 γὰρ

53 332 176 366 ἀγνοῶν
205 332 245 366 μὴ
269 331 354 362 οὕτως
377 331 452 365 ἡμᾶς
468 329 587 364 ἔχοντας,
604 329 635 355 τὸ
657 327 775 354 τοιοῦτον
800 327 865 361 ἡμῖν

54 376 258 413 τεθαρρηκὼς
288 375 445 410 σπούδασμα
476 374 657 410 προσανέθου·
693 372 802 406 εὓλογον
837 371 866 397 δὲ

54 424 168 458 ἡγήσω
192 425 230 458 τῇ
246 421 509 457 φιλίᾳχαρίςασϐαι,
525 420 603 455 φύσει
624 418 791 455 τυραννούσῃ
804 417 866 447 τοὺς

56 472 135 506 αὐτῇ
156 470 268 506 κυρίῳς
281 468 436 504 χρωμένους
452 467 499 493 καὶ
510 467 557 497 τὰς
571 466 677 500 ψήφους
692 463 815 490 ἐντεῦθεν
829 462 867 488 δε-

57 516 166 548 κάζειν
189 512 470 550 παρασκευαζούσῃ·)
493 512 539 538 καὶ
556 513 647 546 ἡμεῖς,
664 511 701 542 ὡς
722 508 865 541 ἐπέταξας,

59 562 209 597 κινοῦμεν
224 562 275 596 ἤδη
287 561 336 596 τὴν
351 561 428 595 χεῖρα
446 559 513 594 πρὸς
532 556 655 597 τοῦργον,
671 556 720 592 τὴν
741 556 789 591 σὴν
805 554 867 590 περὶ

59 595 156 644 ἡμᾶς.
168 595 496 643 ψῆφονδυσωπηθέντες,
521 604 567 630 καὶ
590 595 659 630 κατὰ
674 602 705 628 τὸ
723 600 868 627 ἀκόλουθον

64 654 131 690 μηδ’
152 654 244 688 ἡμεῖς
256 651 375 678 ὁντινοῦν
387 650 435 685 τῆς
448 649 549 676 ἑαυτῶν
565 649 627 684 περὶ
640 647 669 674 τὸ
690 646 867 682 προκείμενον

62 700 232 734 ἀδυναμίας
250 697 428 732 ποιησάμενοι
450 696 536 729 λόγον.
553 695 646 725 Ὅπως
662 693 683 719 δ’
699 692 732 720 ἂν
746 691 867 726 ἀπαντή-

65 755 127 773 σειε
143 746 180 772 τὸ
197 745 285 780 πέρας
308 745 382 779 ἡμῖν,
401 742 519 776 εὐλόγως
541 740 647 767 κεῖσθαί
665 748 705 766 σοι
723 739 788 774 παρ⁴
807 737 868 773 ἐμοὶ

63 792 119 828 τὴν
139 792 229 827 χάριν
249 790 420 825 ὁμολογήσω·
436 787 482 813 τοῦ
505 787 553 822 μὲν
572 785 753 821 κατορθῶσαι,
771 784 812 810 ὅτι
836 783 868 809 σὺ

66 838 191 868 πάντως
217 837 265 873 ἔσῃ
288 836 348 867 δοὺς
371 836 419 866 τὰς
445 834 583 869 ἀφορμάς·
604 831 650 858 τοῦ
673 831 694 857 δ’
711 830 868 864 ἀποτυχεῖν,

65 885 112 910 ὅτι
133 883 176 918 μὴ
201 883 294 915 ἀξίους
318 882 397 912 ὄντας
420 880 510 912 ἀξίους
531 878 579 905 τοῦ
603 876 762 912 πράγματος
777 875 869 909 κέκρι-

68 938 124 961 κας
129 949 136 956 .

261 1026 329 1060 Περὶ
347 1025 406 1052 τῶν
422 1022 555 1057 ἡλιακῶν
569 1022 699 1049 κύκλων.

109 1087 152 1112 A'.
175 1084 257 1110 Ἐστι
273 1083 305 1118 δὴ
327 1081 433 1117 πρῶτον
451 1081 517 1115 ἡμῖν
536 1077 589 1104 τῶν
617 1074 803 1112 προκειμένων
831 1073 870 1104 είς

74 1131 179 1165 σκέψιν
201 1129 232 1156 τὺ
253 1129 315 1164 περὶ
340 1127 394 1153 τῶν
419 1124 590 1159 καλουμένων
613 1121 731 1157 ἡλιακῶν
753 1118 868 1150 κύκλων,

73 1164 154 1209 ὃπως
172 1185 206 1202 τε
218 1175 311 1202 κύκλοι
321 1172 476 1203 καλοῦνται,
494 1171 539 1196 καὶ
555 1169 598 1195 διὰ
614 1168 651 1199 τί,
670 1167 749 1202 μέχρι
760 1164 813 1191 τῶν
827 1166 870 1198 κη’

75 1223 236 1258 προϊόντες,
262 1219 341 1246 πάλιν
364 1217 449 1253 ἀρχὴν
464 1215 643 1249 λαμϐάνουσιν
659 1212 712 1239 ἀπὸ
728 1210 774 1236 τοῦ
795 1208 870 1244 πρώ-

75 1277 124 1294 του
137 1276 144 1283 ·
161 1267 206 1293 ἐτι
218 1266 245 1292 δὲ
256 1265 301 1291 καὶ
313 1264 365 1290 τίνι
378 1262 479 1298 μεθόδῳ
490 1259 630 1294 ζητοῦντες
640 1257 715 1283 τόνδε
729 1254 789 1282 τινὰ
800 1253 870 1280 κατὰ

75 1313 108 1340 τ’)
122 1312 305 1346 ἐνιστάμενον
322 1309 378 1341 ἔτος
395 1306 522 1338 ποσταῖος
542 1306 610 1336 ἐστι,
633 1301 752 1339 ἀκριϐῶς
775 1300 808 1327 ἂν
826 1299 871 1325 δυ-

76 1357 204 1392 ναίμεθα
216 1354 373 1390 λαμῧάνειν.

122 1412 186 1446 Ἐφ’
201 1408 223 1445 ᾧ
234 1411 280 1437 καὶ
294 1409 418 1444 λέγομεν,
432 1408 472 1434 ὂτι
487 1406 581 1434 κύκλοι
596 1405 644 1440 μὲν
658 1402 813 1434 καλοῦνται,
829 1399 872 1427 διὰ

77 1457 110 1484 τὸ
125 1457 248 1483 ἕκαστον
264 1455 365 1482 τούτων
385 1454 547 1480 ἐνιαυσιαῖον
566 1450 700 1486 περιέχειν
719 1447 871 1481 διάστημαο

79 1501 179 1536 ἐπειδὴ
195 1500 249 1535 γὰρ
265 1501 278 1526 ὁ
289 1499 409 1529 ἐνιαυτὸς
426 1499 458 1532 τῇ
472 1496 518 1523 τοῦ
538 1495 612 1531 ἡλίου
627 1494 732 1530 κινήσει
749 1498 873 1526 παραμε-

79 1549 208 1583 τρεῖτοιι·
226 1547 243 1581 ὴ
265 1546 292 1572 δὲ
306 1544 352 1571 τοῦ
370 1543 443 1579 ἡλίου
466 1541 571 1577 κίνησις
595 1538 730 1569 κυκλικῶς
750 1538 876 1571 ἐνεργου-

82 1582 167 1627 μένη,
190 1592 236 1618 καὶ
251 1591 304 1617 ἀπὺ
325 1589 370 1616 τοῦ
387 1588 469 1615 αὑτοῦ
491 1586 602 1622 σημείου
623 1586 662 1617 εἰς
677 1584 707 1610 τὸ
722 1582 787 1609 αὐτὸ
807 1582 874 1608 ἀπο-

82 1626 285 1672 καθισταμὲνη,
305 1635 351 1661 τὸν
372 1633 493 1660 ἐνιαυτον
515 1632 618 1668 ὁρίζει·
636 1630 757 1660 ,εἰκότως
777 1627 823 1654 καὶ¹
844 1626 874 1652 τὸ

81 1682 247 1718 ὁριζόμενον
267 1680 390 1716 χρονικὸν
410 1679 545 1713 διάστημα
573 1676 625 1703 ὑπὸ
649 1675 704 1702 τῶν
729 1674 774 1701 τοῦ
799 1672 873 1708 ἡλίου

84 1726 227 1753 κυκλικῶν
251 1725 394 1760 κινήσεων,
411 1723 425 1748 ὃ
446 1722 493 1748 καὶ
517 1720 638 1747 ἐνιαυτὸν
661 1717 808 1752 καλοῦμεν,
825 1715 874 1742 κύ-

84 1772 150 1803 κλος
173 1771 275 1806 ἐκλήθη
285 1779 292 1785 ·
310 1767 551 1802 συνεπινοουμένης
565 1765 611 1791 καὶ
627 1765 675 1798 τῆς
689 1762 736 1789 τοῦ
751 1759 873 1788 ἐνιαυτοῦ

85 1817 222 1852 κλήσεως,
240 1814 352 1847 ἐντελῶς
374 1813 472 1844 κύκλος
496 1810 628 1841 ἐνιαύσιος
651 1809 694 1844 εἴη
711 1807 743 1834 ἂν
765 1807 873 1841 ὠνομα-

86 1871 103 1889 σ
106 1873 123 1898 μ
128 1863 199 1893 ένος.

124 1909 241 1944 Προῖασι
253 1907 275 1934 δ’
292 1907 315 1932 οἱ
332 1905 460 1932 ἐνιαύσιοι
472 1900 544 1930 οὗτοι
561 1901 655 1928 κύκλοι
670 1899 717 1926 τοῦ
730 1897 804 1933 ἡλίου
826 1896 873 1930 ἀφ’

87 1943 228 1988 ὲνδςνᾶχρι
242 1952 296 1979 τῶν
311 1954 363 1986 κη’,
379 1951 426 1977 καὶ
440 1949 519 1976 πάλιν
535 1948 621 1983 ἀρχὴν
634 1945 815 1980 λαμϐάνουσιν
828 1943 873 1976 ἀφ’

88 2000 160 2032 ἑνὸς,
172 1999 204 2025 δι’
223 1998 310 2025 αἰτίαν
322 1996 456 2031 τοιαύτην.

89 2058 142 2084 Διὰ
173 2056 202 2083 τί
222 2054 310 2089 μέχρι
343 2053 402 2080 τῶν
426 2056 470 2089 κη’
491 2050 631 2084 προΐασιν
654 2049 680 2075 οἱ
708 2047 761 2074 τοῦ
783 2046 873 2079 ἡλίου

264 2088 278 2120 ,⁷
427 2088 542 2114 κύκλοι.

127 2148 167 2175 Β’.
186 2147 239 2174 Τοῦ
251 2145 415 2182 δημιουργοῦ
425 2144 478 2171 τῶν
492 2143 560 2171 ὅλων
576 2141 643 2169 Θεοῦ
653 2141 732 2177 τήνδε
746 2140 795 2176 τὴν
806 2141 874 2175 ὁρω-

93 2195 180 2230 μένην
194 2195 282 2220 πᾶσαν
299 2193 385 2220 κτίσιν
397 2193 425 2218 ἐν
439 2191 555 2227 ἡμέραις
569 2189 598 2221 ἓξ
608 2190 648 2220 εἰς
662 2188 691 2215 τὸ
703 2186 772 2214 εἶναι
785 2195 874 2222 παρα-

915 286 947 305 ac
962 278 1082 305 rationes
1100 278 1147 305 tibi
1165 277 1345 307 traderemus,
1368 279 1426 302 tum
1443 275 1598 302 earumdem
1619 274 1695 301 insu-

915 331 962 358 per
977 323 1082 349 viarum
1095 323 1284 356 rationumque
1301 328 1399 348 causas
1419 320 1484 355 (non
1503 320 1574 346 enim
1591 319 1638 346 tali
1658 319 1696 346 fa-

915 369 1017 396 cultate
1032 368 1179 396 destitutos
1194 375 1244 394 nos
1257 374 1317 395 esse
1333 367 1469 398 nesciens,
1486 365 1513 392 id
1533 365 1611 392 nobis
1631 373 1697 400 ope-

915 419 953 446 ris
965 418 1094 445 audacter
1117 417 1271 452 imposuisti
1289 424 1402 444 :verum
1420 416 1547 442 amicitiae
1573 415 1696 442 tribuen-

916 463 979 490 dum
1001 464 1052 490 hoc
1075 463 1201 498 putasti:
1219 469 1279 497 quae
1303 461 1472 497 tyrannidem
1496 460 1641 495 quamdam
1669 459 1697 486 in

916 517 964 537 eos
974 517 1102 537 exercere
1114 509 1193 540 solet,
1214 508 1260 542 qui
1279 515 1307 534 se
1322 511 1395 534 totos
1411 507 1448 533 illi
1462 506 1633 541 permittunt,
1650 511 1698 532 eo-

916 563 1032 590 rumque
1047 555 1173 588 sutTragia
1197 561 1228 580 ae
1244 553 1345 588 judicia
1361 552 1540 586 corrumpit);
1560 551 1620 577 ideo
1635 558 1696 582 nos,

918 609 966 637 pro
982 609 1014 628 co
1026 609 1058 628 ac
1071 601 1191 635 jussisti.
1215 606 1324 626 manutn
1341 606 1404 626 ecce
1419 597 1594 624 admovemus
1610 596 1697 630 operi,

918 652 993 674 tuum
1008 646 1042 674 de
1052 646 1131 673 nobis
1145 645 1277 680 judicium
1298 643 1419 676 reveriti,
1436 645 1474 674 et,
1496 640 1568 676 qttod
1583 648 1698 667 consen-

918 698 1027 721 taneum
1042 697 1095 724 est,
1106 693 1208 720 nullant
1221 690 1414 719 imbecillitatis
1430 694 1530 716 nostra:
1540 689 1572 715 ad
1586 687 1611 714 id
1626 687 1698 722 quod

918 739 1088 774 propositum
1105 742 1146 765 est
1156 736 1325 764 eiiiciendum
1340 736 1474 762 rationem
1491 734 1633 760 ducentes.
1650 731 1699 759 Ut-

919 792 1026 819 cunque
1036 791 1100 811 vero
1116 789 1273 810 successum
1293 781 1372 808 nobis
1387 780 1479 811 fuerit,
1492 779 1641 806 debitorem
1656 785 1700 806 me

920 831 966 858 tibi
984 830 1076 865 gratiae
1089 829 1203 861 fatebor,
1220 827 1304 863 quod,
1317 827 1373 854 sive
1398 834 1454 854 rem
1478 833 1512 852 ex
1531 825 1615 852 animi
1634 831 1700 851 sen-

921 877 1004 904 tentia
1019 875 1168 910 perfecero,
1187 880 1215 902 tu
1228 874 1293 901 mihi
1313 873 1373 908 ejus
1388 873 1457 900 bene
1480 871 1604 907 gerendae
1618 877 1700 898 occa-

920 922 1022 949 sionem
1035 921 1149 954 dedisti;
1171 921 1227 948 sive
1238 920 1344 954 assequi
1372 927 1426 946 non
1454 923 1579 953 potuero,
1614 922 1701 945 tumo

921 968 1068 1004 quamlibet
1083 967 1226 1001 imparem,
1243 966 1373 993 idoneum
1392 964 1416 992 ei
1438 965 1477 991 rei
1490 963 1628 998 judicasti.

1164 1022 1201 1049 De
1217 1022 1298 1056 cyclis
1313 1019 1454 1047 solaribus.

956 1079 976 1105 1.
992 1077 1084 1104 Prima
1109 1077 1189 1104 nobis
1220 1076 1359 1109 omnium,
1387 1074 1525 1110 cyclorum
1545 1077 1573 1100 ut
1591 1075 1701 1104 vocant,

921 1123 1051 1151 solarium
1075 1123 1215 1157 proposita
1243 1120 1427 1148 consideratio
1451 1123 1502 1151 est,
1531 1126 1580 1145 cur
1591 1121 1618 1145 et
1633 1118 1702 1152 eycli

922 1172 1063 1200 vocentur,
1079 1172 1106 1195 et
1134 1168 1167 1195 ad
1195 1175 1280 1194 xxvm
1303 1165 1439 1201 progressi
1465 1171 1560 1192 rursus
1586 1163 1619 1190 ad
1647 1163 1703 1198 pri-

921 1221 995 1240 mum
1017 1213 1144 1246 redeant;
1169 1213 1233 1240 item
1263 1220 1323 1247 qum
1347 1212 1382 1239 sit
1405 1211 1549 1238 methodus
1574 1217 1628 1245 qua
1654 1218 1702 1245 cy-

921 1260 993 1286 elum
1008 1259 1156 1293 quemlibet
1170 1258 1233 1285 dato
1244 1265 1317 1285 anno
1333 1261 1433 1292 quotus
1447 1257 1483 1284 sit
1499 1259 1594 1283 exacte
1607 1264 1702 1291 perve-

922 1305 1064 1339 stigemus.

955 1405 992 1433 De
1006 1413 1060 1440 quo
1074 1404 1138 1431 illud
1151 1403 1309 1436 asserimus,
1330 1403 1422 1438 cyclos
1438 1402 1546 1438 quidem
1558 1406 1702 1438 propterea

923 1450 1069 1482 nominari,
1087 1449 1158 1484 quod
1179 1449 1366 1483 unusquisque
1382 1455 1502 1474 annuum
1515 1447 1597 1475 habet
1617 1447 1703 1474 inter--

923 1497 1043 1529 vallum;
1056 1503 1117 1522 nam
1128 1495 1191 1530 quia
1213 1495 1278 1522 solis
1292 1502 1374 1522 cursu
1386 1494 1513 1521 metimur
1526 1501 1642 1526 annum,
1658 1501 1703 1521 so-

925 1541 958 1568 lis
972 1547 1036 1568 vero
1051 1544 1139 1566 motus
1152 1539 1178 1566 in
1190 1539 1283 1566 orbem
1296 1539 1432 1571 evolutus,
1442 1543 1469 1566 et
1483 1539 1516 1565 ab
1531 1546 1585 1565 uno
1602 1542 1703 1573 puncto

925 1586 958 1613 ad
978 1586 1048 1613 idem
1068 1592 1194 1612 reversus
1215 1584 1309 1611 deﬁnit
1337 1592 1458 1616 annum;
1487 1584 1617 1619 temporis
1636 1583 1702 1610 illud

922 1630 1093 1658 intervallum
1107 1630 1179 1665 quod
1207 1630 1336 1657 solarium
1359 1629 1522 1656 circuituum
1547 1629 1632 1663 spatia
1649 1629 1704 1655 cir-

922 1677 1120 1708 cumscribunt,
1133 1676 1251 1703 cirettltts
1264 1675 1354 1702 vocari
1366 1675 1463 1701 meruit
1479 1682 1485 1700 :
1499 1682 1553 1710 quo
1564 1682 1625 1700 cum
1637 1674 1702 1701 anni

923 1731 1031 1758 quoque
1049 1722 1343 1758 appellationejuneta,
1355 1728 1463 1748 annuus
1477 1720 1597 1747 circulus
1615 1720 1703 1747 nomi-

924 1772 1014 1796 natur.

955 1900 1040 1927 Porro
1054 1900 1166 1926 annales
1180 1899 1225 1926 isti
1236 1898 1330 1926 circuli
1342 1897 1407 1926 solis
1419 1897 1453 1924 ab
1467 1904 1476 1923 ι
1492 1896 1526 1924 ad
1541 1904 1624 1923 xxvut
1639 1902 1703 1930 pro-

923 1945 1090 1980 gressionem
1105 1943 1224 1976 faciunt;
1248 1943 1364 1978 indeqtte
1389 1943 1423 1970 ab
1448 1950 1504 1969 uno
1533 1949 1629 1968 rursus
1658 1942 1701 1968 in-

924 1992 1060 2018 choantur
1079 1997 1084 2014 :
1105 1990 1176 2024 quod
1194 1990 1229 2016 ob
1244 1989 1314 2015 hanc
1326 1996 1436 2015 causam
1449 1987 1559 2014 accidit.

926 2046 1004 2082 195
1035 2046 1122 2078 Quare
1144 2045 1177 2071 ad
1205 2052 1290 2084 xxvnt
1318 2052 1399 2105 trisque
1429 2044 1571 2077 procedunt
1603 2042 1702 2069 solare:

1255 2088 1360 2105 circut.

1255 2088 1360 2106 ctrcuu.

958 2137 990 2165 ll.
1010 2137 1077 2164 Cum
1095 2135 1193 2163 artifex
1209 2142 1300 2162 rerutn
1312 2133 1433 2160 onmiutn
1448 2132 1520 2160 Deus
1536 2136 1618 2159 lotam
1633 2131 1702 2159 hanc

925 2187 1077 2210 creatarum
1092 2189 1182 2209 rerum
1198 2180 1404 2208 universitatem
1426 2179 1535 2205 molitus
1557 2179 1591 2204 sit
1608 2177 1702 2205 diebus

91 2223 235 2275 Ῐγαγόντος,
255 2241 287 2275 τῇ
305 2239 326 2265 δ’
349 2223 718 2273 ἐϐδόμῃ-καταπαυσαμὲνου,
737 2235 773 2265 ὡς
789 2234 805 2268 ἡ
825 2232 874 2267 τῆς

926 2229 1036 2255 omnino
1049 2235 1095 2255 sex
1106 2247 1113 2260 ,
1128 2226 1242 2261 septima
1255 2224 1429 2260 requieverit,
1448 2229 1477 2250 ut
1488 2227 1529 2250 est
1545 2224 1571 2250 in
1589 2223 1703 2250 historia

91 2286 229 2317 Γενέσεως
244 2286 343 2320 ἱστορεῖ
355 2284 452 2319 βίϐλος,
464 2284 477 2309 ὁ
491 2283 548 2318 μετ’
558 2282 664 2316 ἐκείνην
676 2281 725 2317 τὴν
740 2279 873 2314 ἑϐδομάδα

94 2331 394 2368 συμπαρεκτεινόμενος
420 2330 491 2360 ἅπας
514 2329 609 2364 χρόνος
632 2329 688 2359 τοῖς
704 2325 778 2353 οὖσιν
801 2326 875 2352 €660—

95 2377 220 2413 tmttzt'n;
233 2378 292 2404 κατ’
301 2377 407 2411 ἐκείνην
420 2373 698 2411 μετρεῖται.Κάπειδὴ
708 2373 753 2399 καὶ
763 2374 777 2399 ό
789 2372 873 2407 ἥλιος,

93 2423 143 2458 τὴν
165 2422 231 2448 ἰδίαν
243 2421 401 2456 ποιούμενος
414 2419 530 2454 κίνησιν,
546 2418 599 2444 cith
618 2417 665 2444 τοῦ
687 2416 767 2444 αὐτοῦ
791 2417 831 2447 εἰς
845 2415 874 2442 τὸ

94 2469 160 2496 αὐτὸ
176 2469 285 2503 σημεῖον
297 2467 330 2494 δι’
345 2466 455 2501 ἡμερῶν
472 2465 523 2497 τξε¹
545 2465 590 2490 καὶ
605 2464 623 2489 δ’
642 2464 754 2497 ἔγγιστα
767 2463 873 2489 ἀποκα-

95 2515 228 2545 θίσταται,
250 2514 295 2539 καὶ
322 2513 393 2538 ποιεί
408 2511 453 2537 τον
476 2509 609 2536 ἐνιαύσιον
628 2509 727 2535 κύκλον
750 2507 873 2534 ἐντεῦθεν

94 2559 227 2590 τοσαύτας
240 2557 374 2592 περιέχειν
383 2564 390 2571 ⁸
401 2556 428 2582 αἱ
438 2555 466 2582 δὲ
482 2553 610 2580 τοσαῦται
621 2553 722 2588 ἡμέραι
740 2552 813 2588 παρὰ
828 2552 873 2578 τὸν

96 2606 144 2640 τῆς
156 2604 298 2639 ἑϐδομάδος
310 2602 408 2630 κύκλον
425 2599 599 2637 μεριζόμεναι
613 2599 651 2633 νβ’
665 2597 786 2625 ποιοῦσιν
799 2598 874 2624 ἐϐδο-

98 2651 184 2685 μάδας
199 2650 245 2676 καὶ
257 2648 361 2684 ἡμέραν
379 2647 458 2682 μίαν,
482 2646 528 2672 καὶ
541 2644 603 2680 at'/6'
613 2652 620 2658 ·
637 2643 752 2678 φανερὸν
763 2662 770 2674 ,
784 2644 824 2670 ὃτι
843 2642 873 2668 οὺ

97 2697 181 2722 πᾶσαι
192 2694 246 2721 τῶν
263 2694 330 2720 ἐτῶν
344 2693 372 2719 αἰ
390 2692 471 2727 ἀρχαὶ
484 2690 555 2717 κατὰ
575 2689 623 2725 τὴν
636 2690 720 2724 αὐτὴν
736 2689 783 2715 καὶ
810 2689 874 2723 μίαν

96 2741 149 2768 τῶν
174 2740 223 2774 τῆς
247 2737 391 2773 ἑϐδομάδος
408 2735 518 2772 ἡμερῶν
537 2735 682 2770 ἄρχονται·
706 2733 773 2761 ἀλλὰ
792 2742 874 2769 μετα-

98 2786 234 2813 ϐαίνουσιν
258 2783 311 2810 ἀπὸ
336 2783 385 2818 μὲν
412 2781 523 2818 πρώτης
545 2782 585 2813 εἰς
607 2780 755 2816 δευτέραν,
773 2780 826 2807 ἀπὸ
846 2779 874 2806 δὲ

97 2832 224 2867 δευτέρας
236 2832 275 2863 εἰς
291 2830 396 2866 τρίτην,
414 2828 460 2856 καὶ
476 2827 602 2862 καθεξῆς.

924 2274 1056 2302 Genesis:
1073 2277 1180 2307 tempus
1206 2272 1334 2305 deinceps
1355 2278 1446 2303 omne,
1465 2270 1535 2304 quod
1553 2270 1703 2296 scentulum

925 2320 998 2346 illam
1013 2318 1210 2346 hebdomadam
1230 2324 1291 2343 cttm
1316 2323 1406 2342 rerum
1421 2314 1594 2342 successi0ne
1617 2314 1705 2341 conti-

925 2371 979 2391 nuo
1001 2367 1175 2398 propagatur,
1198 2361 1232 2388 ad
1253 2360 1348 2396 prima:
1367 2360 1440 2386 illius
1464 2360 1573 2386 modum
1597 2367 1644 2394 per
1661 2367 1704 2386 se—

926 2410 1079 2446 ptenarium
1107 2415 1249 2436 numerum
1271 2407 1398 2441 exigitur.
1430 2406 1463 2432 Et
1495 2406 1623 2441 quoniam
1663 2405 1705 2432 sol

925 2455 1064 2490 proprium
1085 2455 1196 2488 explens
1212 2453 1315 2485 orbem,
1339 2453 1373 2479 ab
1389 2459 1443 2478 uno
1463 2456 1564 2486 puncto
1585 2451 1617 2478 ad
1633 2450 1704 2477 idem

924 2509 1024 2528 cccuv
1053 2499 1161 2531 diebus,
1191 2503 1218 2526 et
1247 2499 1300 2525 diei
1327 2497 1520 2532 propemodum
1554 2495 1705 2530 quadrante

926 2547 1074 2574 revolvitur
1095 2551 1174 2579 atque
1185 2552 1304 2571 annttum
1318 2544 1462 2570 cireuitutn
1476 2541 1586 2568 totidem
1607 2541 1703 2567 diebus

925 2595 1093 2620 constantem
1109 2590 1189 2616 eilicit
1206 2599 1212 2617 ι
1232 2597 1292 2624 qua:
1308 2589 1416 2624 quidem
1438 2589 1496 2615 dies
1512 2594 1559 2621 per
1579 2590 1705 2620 septena-

926 2639 995 2665 rium
1013 2637 1147 2664 circulum
1164 2636 1316 2663 distributae
1342 2639 1440 2670 praeter
1464 2633 1646 2662 hebdomadas
1667 2639 1704 2660 ιιι

925 2691 1007 2710 unam
1023 2683 1093 2709 diem
1116 2681 1237 2709 efﬁciunt
1256 2689 1317 2708 eum
1338 2680 1500 2714 quadrante,
1527 2678 1701 2705 manifestum

925 2733 967 2756 est
983 2736 1036 2756 non
1051 2728 1171 2756 omnium
1190 2735 1324 2754 annorum
1340 2726 1418 2753 initia
1436 2725 1470 2752 ab
1489 2733 1542 2751 una
1558 2725 1705 2758 eademque

925 2774 969 2802 die
989 2773 1166 2801 hebdomadis
1186 2773 1327 2808 incipere:
1349 2771 1397 2799 sed
1420 2778 1435 2797 a
1455 2770 1541 2806 prima
1557 2769 1703 2796 transitum

926 2819 959 2846 ad
980 2819 1127 2847 secundam
1152 2818 1264 2846 facere:
1284 2818 1317 2845 ab
1343 2818 1393 2844 hac
1417 2817 1450 2844 ad
1480 2816 1598 2849 tertiam,
1625 2815 1702 2843 dein-

927 2874 1043 2902 cepsque
1055 2869 1180 2893 crateras.
