  <div class='ocr_page' id='page_1' title='image "/cluster/home/n/w/nwhite01/storage/ocr_20150623/19/njp.32101077772463/720.png"; bbox 0 0 1907 3144; ppageno 0'>
   <div class='ocr_carea' id='block_1_1' title="bbox 96 174 162 202">
    <p class='ocr_par' dir='ltr' id='par_1_1' title="bbox 96 174 162 202">
     <span class='ocr_line' id='line_1_1' title="bbox 96 174 162 202; baseline 0 0"><span class='ocrx_word' id='word_1_1' title='bbox 96 174 162 202; x_wconf 70' lang='grc' dir='ltr'>1Ξ8ὅ</span> 
     </span>
    </p>
   </div>
   <div class='ocr_carea' id='block_1_2' title="bbox 542 177 1276 214">
    <p class='ocr_par' dir='ltr' id='par_1_2' title="bbox 542 177 1276 214">
     <span class='ocr_line' id='line_1_2' title="bbox 542 177 1276 214; baseline 0.011 -9"><span class='ocrx_word' id='word_1_2' title='bbox 542 177 655 207; x_wconf 73' lang='lat' dir='ltr'><strong>lSAACl</strong></span> <span class='ocrx_word' id='word_1_3' title='bbox 674 180 826 208; x_wconf 79' lang='lat' dir='ltr'><strong>MONACIH</strong></span> <span class='ocrx_word' id='word_1_4' title='bbox 847 181 1035 210; x_wconf 74' lang='lat' dir='ltr'><strong>COMPUTUS</strong></span> <span class='ocrx_word' id='word_1_5' title='bbox 1055 183 1276 214; x_wconf 72' lang='lat' dir='ltr'><strong>ECCLESIAST.</strong></span> 
     </span>
    </p>
   </div>
   <div class='ocr_carea' id='block_1_3' title="bbox 1646 191 1714 219">
    <p class='ocr_par' dir='ltr' id='par_1_3' title="bbox 1646 191 1714 219">
     <span class='ocr_line' id='line_1_3' title="bbox 1646 191 1714 219; baseline 0.015 -1"><span class='ocrx_word' id='word_1_6' title='bbox 1646 191 1714 219; x_wconf 71' lang='lat'><strong>19.86</strong></span> 
     </span>
    </p>
   </div>
   <div class='ocr_carea' id='block_1_4' title="bbox 95 233 884 276">
    <p class='ocr_par' dir='ltr' id='par_1_4' title="bbox 95 233 875 274">
     <span class='ocr_line' id='line_1_4' title="bbox 95 233 875 274; baseline 0.01 -15"><span class='ocrx_word' id='word_1_7' title='bbox 95 235 188 269; x_wconf 79' lang='grc' dir='ltr'>ἔχομεν</span> <span class='ocrx_word' id='word_1_8' title='bbox 201 233 231 260; x_wconf 75' lang='grc' dir='ltr'>τὸ</span> <span class='ocrx_word' id='word_1_9' title='bbox 246 234 420 270; x_wconf 78' lang='grc' dir='ltr'>ζητούμενον.</span> <span class='ocrx_word' id='word_1_10' title='bbox 436 233 497 263; x_wconf 70' lang='grc' dir='ltr'>Οἶον</span> <span class='ocrx_word' id='word_1_11' title='bbox 513 237 549 268; x_wconf 79' lang='grc' dir='ltr'>ὡς</span> <span class='ocrx_word' id='word_1_12' title='bbox 560 239 588 264; x_wconf 79' lang='grc' dir='ltr'><strong>ὲν</strong></span> <span class='ocrx_word' id='word_1_13' title='bbox 607 238 784 274; x_wconf 73' lang='grc' dir='ltr'><strong>ὑποδείγματι</strong></span> <span class='ocrx_word' id='word_1_14' title='bbox 807 241 875 267; x_wconf 74' lang='grc' dir='ltr'>κατὰ</span> 
     </span>
    </p>
   </div>
   <div class='ocr_carea' id='block_1_5' title="bbox 928 233 1714 276">
    <p class='ocr_par' dir='ltr' id='par_1_5' title="bbox 928 243 1714 276">
     <span class='ocr_line' id='line_1_5' title="bbox 928 243 1714 276; baseline 0.009 -8"><span class='ocrx_word' id='word_1_15' title='bbox 928 243 1085 270; x_wconf 72' lang='lat' dir='ltr'><strong>centenario</strong></span> <span class='ocrx_word' id='word_1_16' title='bbox 1108 247 1240 275; x_wconf 81' lang='lat' dir='ltr'><strong>vertente.</strong></span> <span class='ocrx_word' id='word_1_17' title='bbox 1269 243 1320 271; x_wconf 86' lang='lat' dir='ltr'><strong>hoc</strong></span> <span class='ocrx_word' id='word_1_18' title='bbox 1342 248 1384 272; x_wconf 87' lang='lat' dir='ltr'><strong>est</strong></span> <span class='ocrx_word' id='word_1_19' title='bbox 1410 246 1498 274; x_wconf 89' lang='lat' dir='ltr'><strong>sexies</strong></span> <span class='ocrx_word' id='word_1_20' title='bbox 1522 246 1668 275; x_wconf 64' lang='lat' dir='ltr'><strong>millrsimo</strong></span> <span class='ocrx_word' id='word_1_21' title='bbox 1686 253 1714 276; x_wconf 78' lang='lat' dir='ltr'><strong>et</strong></span> 
     </span>
    </p>
   </div>
   <div class='ocr_carea' id='block_1_6' title="bbox 94 280 877 321">
    <p class='ocr_par' dir='ltr' id='par_1_6' title="bbox 94 280 877 321">
     <span class='ocr_line' id='line_1_6' title="bbox 94 280 877 321; baseline 0.008 -16"><span class='ocrx_word' id='word_1_22' title='bbox 94 280 123 306; x_wconf 82' lang='grc' dir='ltr'><strong>τὸ</strong></span> <span class='ocrx_word' id='word_1_23' title='bbox 147 280 325 315; x_wconf 82' lang='grc' dir='ltr'>προκείμενον</span> <span class='ocrx_word' id='word_1_24' title='bbox 350 280 426 313; x_wconf 79' lang='grc' dir='ltr'>ἔτος,</span> <span class='ocrx_word' id='word_1_25' title='bbox 444 282 523 313; x_wconf 75' lang='grc' dir='ltr'>ἐπεὶ,</span> <span class='ocrx_word' id='word_1_26' title='bbox 555 283 802 320; x_wconf 75' lang='grc' dir='ltr'><strong>συμπληρουμένης</strong></span> <span class='ocrx_word' id='word_1_27' title='bbox 829 287 877 321; x_wconf 79' lang='grc' dir='ltr'><strong>τῆς</strong></span> 
     </span>
    </p>
   </div>
   <div class='ocr_carea' id='block_1_7' title="bbox 95 325 875 364">
    <p class='ocr_par' dir='ltr' id='par_1_7' title="bbox 95 325 875 364">
     <span class='ocr_line' id='line_1_7' title="bbox 95 325 875 364; baseline 0.009 -13"><span class='ocrx_word' id='word_1_28' title='bbox 95 325 279 361; x_wconf 77' lang='grc' dir='ltr'><strong>παρελθούσης</strong></span> <span class='ocrx_word' id='word_1_29' title='bbox 289 326 552 363; x_wconf 74' lang='grc' dir='ltr'>ἑκατονταετηρίδος,</span> <span class='ocrx_word' id='word_1_30' title='bbox 566 330 648 364; x_wconf 76' lang='grc' dir='ltr'>ἡγουν</span> <span class='ocrx_word' id='word_1_31' title='bbox 661 330 707 356; x_wconf 77' lang='grc' dir='ltr'><strong>τοῦ</strong></span> <span class='ocrx_word' id='word_1_32' title='bbox 717 334 774 363; x_wconf 75' lang='grc' dir='ltr'><strong>,ςω’</strong></span> <span class='ocrx_word' id='word_1_33' title='bbox 789 331 875 363; x_wconf 78' lang='grc' dir='ltr'>ἔτους,</span> 
     </span>
    </p>
   </div>
   <div class='ocr_carea' id='block_1_8' title="bbox 95 369 877 412">
    <p class='ocr_par' dir='ltr' id='par_1_8' title="bbox 95 369 877 412">
     <span class='ocr_line' id='line_1_8' title="bbox 95 369 877 412; baseline 0.008 -15"><span class='ocrx_word' id='word_1_34' title='bbox 95 372 130 398; x_wconf 80' lang='grc' dir='ltr'><strong>κδ’</strong></span> <span class='ocrx_word' id='word_1_35' title='bbox 142 369 175 406; x_wconf 88' lang='grc' dir='ltr'><strong>ἦν</strong></span> <span class='ocrx_word' id='word_1_36' title='bbox 192 372 205 397; x_wconf 83' lang='grc' dir='ltr'><em>ὸ</em></span> <span class='ocrx_word' id='word_1_37' title='bbox 221 371 268 397; x_wconf 73' lang='grc' dir='ltr'>τοῦ</span> <span class='ocrx_word' id='word_1_38' title='bbox 284 372 359 406; x_wconf 82' lang='grc' dir='ltr'>ἡλίου</span> <span class='ocrx_word' id='word_1_39' title='bbox 380 371 489 404; x_wconf 74' lang='grc' dir='ltr'>κύκλος,</span> <span class='ocrx_word' id='word_1_40' title='bbox 507 374 591 401; x_wconf 75' lang='grc' dir='ltr'>ταῦτα</span> <span class='ocrx_word' id='word_1_41' title='bbox 610 376 648 402; x_wconf 88' lang='grc' dir='ltr'>κδ’</span> <span class='ocrx_word' id='word_1_42' title='bbox 669 376 823 412; x_wconf 72' lang='grc' dir='ltr'><strong>κρατοῦμεν</strong></span> <span class='ocrx_word' id='word_1_43' title='bbox 840 377 877 409; x_wconf 79' lang='grc' dir='ltr'><strong>ὡς</strong></span> 
     </span>
    </p>
   </div>
   <div class='ocr_carea' id='block_1_9' title="bbox 95 417 878 458">
    <p class='ocr_par' dir='ltr' id='par_1_9' title="bbox 95 417 878 458">
     <span class='ocr_line' id='line_1_9' title="bbox 95 417 878 458; baseline 0.008 -15"><span class='ocrx_word' id='word_1_44' title='bbox 95 417 215 452; x_wconf 77' lang='grc' dir='ltr'><strong>θεμέλιον</strong></span> <span class='ocrx_word' id='word_1_45' title='bbox 233 418 298 453; x_wconf 84' lang='grc' dir='ltr'>παρ’</span> <span class='ocrx_word' id='word_1_46' title='bbox 314 419 379 454; x_wconf 83' lang='grc' dir='ltr'>ὅλην</span> <span class='ocrx_word' id='word_1_47' title='bbox 411 419 460 454; x_wconf 79' lang='grc' dir='ltr'><strong>τὴν</strong></span> <span class='ocrx_word' id='word_1_48' title='bbox 484 420 662 457; x_wconf 78' lang='grc' dir='ltr'><strong>ἐνισταμένην</strong></span> <span class='ocrx_word' id='word_1_49' title='bbox 685 423 878 458; x_wconf 76' lang='grc' dir='ltr'>ἑκατονταετη-</span> 
     </span>
    </p>
   </div>
   <div class='ocr_carea' id='block_1_10' title="bbox 95 464 877 503">
    <p class='ocr_par' dir='ltr' id='par_1_10' title="bbox 95 464 877 503">
     <span class='ocr_line' id='line_1_10' title="bbox 95 464 877 503; baseline 0.008 -14"><span class='ocrx_word' id='word_1_50' title='bbox 95 464 167 499; x_wconf 66' lang='grc' dir='ltr'>ρίδαθ</span> <span class='ocrx_word' id='word_1_51' title='bbox 182 465 228 490; x_wconf 74' lang='grc' dir='ltr'>καὶ</span> <span class='ocrx_word' id='word_1_52' title='bbox 244 464 349 496; x_wconf 81' lang='grc' dir='ltr'><strong>τούτοις</strong></span> <span class='ocrx_word' id='word_1_53' title='bbox 362 465 552 500; x_wconf 79' lang='grc' dir='ltr'><strong>προστιθέντες</strong></span> <span class='ocrx_word' id='word_1_54' title='bbox 565 467 598 493; x_wconf 75' lang='grc' dir='ltr'>τὰ</span> <span class='ocrx_word' id='word_1_55' title='bbox 613 468 693 503; x_wconf 79' lang='grc' dir='ltr'>μέχρι</span> <span class='ocrx_word' id='word_1_56' title='bbox 711 468 756 494; x_wconf 75' lang='grc' dir='ltr'><strong>τοῦ</strong></span> <span class='ocrx_word' id='word_1_57' title='bbox 768 468 816 495; x_wconf 81' lang='grc' dir='ltr'><strong>νῦν</strong></span> <span class='ocrx_word' id='word_1_58' title='bbox 831 470 877 495; x_wconf 78' lang='grc' dir='ltr'><strong>καὶ</strong></span> 
     </span>
    </p>
   </div>
   <div class='ocr_carea' id='block_1_11' title="bbox 93 509 877 550">
    <p class='ocr_par' dir='ltr' id='par_1_11' title="bbox 93 509 877 550">
     <span class='ocr_line' id='line_1_11' title="bbox 93 509 877 550; baseline 0.009 -15"><span class='ocrx_word' id='word_1_59' title='bbox 93 509 172 536; x_wconf 81' lang='grc' dir='ltr'>αὑτοῦ</span> <span class='ocrx_word' id='word_1_60' title='bbox 187 509 232 546; x_wconf 78' lang='grc' dir='ltr'>ἐτη</span> <span class='ocrx_word' id='word_1_61' title='bbox 251 513 307 543; x_wconf 84' lang='grc' dir='ltr'>πα¹,</span> <span class='ocrx_word' id='word_1_62' title='bbox 321 510 356 537; x_wconf 78' lang='grc' dir='ltr'>τὰ</span> <span class='ocrx_word' id='word_1_63' title='bbox 371 511 504 546; x_wconf 80' lang='grc' dir='ltr'>γενόμενα</span> <span class='ocrx_word' id='word_1_64' title='bbox 525 516 562 548; x_wconf 71' lang='lat' dir='ltr'><strong>pa’</strong></span> <span class='ocrx_word' id='word_1_65' title='bbox 578 515 724 549; x_wconf 79' lang='grc' dir='ltr'>μερίςομεν</span> <span class='ocrx_word' id='word_1_66' title='bbox 743 515 817 550; x_wconf 75' lang='grc' dir='ltr'>παρὰ</span> <span class='ocrx_word' id='word_1_67' title='bbox 833 516 877 542; x_wconf 79' lang='grc' dir='ltr'><strong>τὸν</strong></span> 
     </span>
    </p>
   </div>
   <div class='ocr_carea' id='block_1_12' title="bbox 92 556 876 596">
    <p class='ocr_par' dir='ltr' id='par_1_12' title="bbox 92 556 876 596">
     <span class='ocr_line' id='line_1_12' title="bbox 92 556 876 596; baseline 0.009 -15"><span class='ocrx_word' id='word_1_68' title='bbox 92 559 145 592; x_wconf 78' lang='grc' dir='ltr'><strong>κη’,</strong></span> <span class='ocrx_word' id='word_1_69' title='bbox 160 556 207 582; x_wconf 79' lang='grc' dir='ltr'>καὶ</span> <span class='ocrx_word' id='word_1_70' title='bbox 223 556 256 582; x_wconf 80' lang='grc' dir='ltr'>τὰ</span> <span class='ocrx_word' id='word_1_71' title='bbox 269 557 488 592; x_wconf 73' lang='grc' dir='ltr'>καταλειπόμενα</span> <span class='ocrx_word' id='word_1_72' title='bbox 505 559 552 585; x_wconf 78' lang='grc' dir='ltr'>καὶ</span> <span class='ocrx_word' id='word_1_73' title='bbox 566 559 636 586; x_wconf 77' lang='grc' dir='ltr'>οὕτω</span> <span class='ocrx_word' id='word_1_74' title='bbox 651 561 695 587; x_wconf 83' lang='grc' dir='ltr'><strong>κα’</strong></span> <span class='ocrx_word' id='word_1_75' title='bbox 708 563 796 596; x_wconf 74' lang='grc' dir='ltr'>φαμὲν</span> <span class='ocrx_word' id='word_1_76' title='bbox 808 559 876 588; x_wconf 81' lang='grc' dir='ltr'>εἶναι</span> 
     </span>
    </p>
   </div>
   <div class='ocr_carea' id='block_1_13' title="bbox 92 602 410 638">
    <p class='ocr_par' dir='ltr' id='par_1_13' title="bbox 92 602 410 638">
     <span class='ocr_line' id='line_1_13' title="bbox 92 602 410 638; baseline 0.006 -10"><span class='ocrx_word' id='word_1_77' title='bbox 92 602 134 628; x_wconf 63' lang='grc' dir='ltr'><strong>τον</strong></span> <span class='ocrx_word' id='word_1_78' title='bbox 147 602 247 628; x_wconf 79' lang='grc' dir='ltr'>κύκλον</span> <span class='ocrx_word' id='word_1_79' title='bbox 262 602 308 629; x_wconf 79' lang='grc' dir='ltr'><strong>τοῦ</strong></span> <span class='ocrx_word' id='word_1_80' title='bbox 324 603 410 638; x_wconf 89' lang='grc' dir='ltr'>ἡλίου.</span> 
     </span>
    </p>
   </div>
   <div class='ocr_carea' id='block_1_14' title="bbox 127 649 877 689">
    <p class='ocr_par' dir='ltr' id='par_1_14' title="bbox 127 649 877 689">
     <span class='ocr_line' id='line_1_14' title="bbox 127 649 877 689; baseline 0.009 -16"><span class='ocrx_word' id='word_1_81' title='bbox 127 649 244 682; x_wconf 77' lang='grc' dir='ltr'>Εὗλογον</span> <span class='ocrx_word' id='word_1_82' title='bbox 263 649 285 675; x_wconf 84' lang='grc' dir='ltr'><strong>δ’</strong></span> <span class='ocrx_word' id='word_1_83' title='bbox 311 649 344 676; x_wconf 82' lang='grc' dir='ltr'>ἂν</span> <span class='ocrx_word' id='word_1_84' title='bbox 371 650 414 685; x_wconf 77' lang='grc' dir='ltr'><strong>εἴη</strong></span> <span class='ocrx_word' id='word_1_85' title='bbox 429 650 477 677; x_wconf 73' lang='grc' dir='ltr'><strong>καὶ</strong></span> <span class='ocrx_word' id='word_1_86' title='bbox 503 651 552 686; x_wconf 81' lang='grc' dir='ltr'>τὴν</span> <span class='ocrx_word' id='word_1_87' title='bbox 574 652 619 678; x_wconf 78' lang='grc' dir='ltr'>ἐπὶ</span> <span class='ocrx_word' id='word_1_88' title='bbox 641 654 697 684; x_wconf 79' lang='grc' dir='ltr'>τοῖς</span> <span class='ocrx_word' id='word_1_89' title='bbox 723 654 877 689; x_wconf 76' lang='grc' dir='ltr'>εἰρημένοις</span> 
     </span>
    </p>
   </div>
   <div class='ocr_carea' id='block_1_15' title="bbox 91 693 876 732">
    <p class='ocr_par' dir='ltr' id='par_1_15' title="bbox 91 693 876 732">
     <span class='ocr_line' id='line_1_15' title="bbox 91 693 876 732; baseline 0.009 -14"><span class='ocrx_word' id='word_1_90' title='bbox 91 693 299 728; x_wconf 71' lang='grc' dir='ltr'>ἀνακύπτουσαν</span> <span class='ocrx_word' id='word_1_91' title='bbox 315 694 494 730; x_wconf 75' lang='grc' dir='ltr'>προθεμένοις</span> <span class='ocrx_word' id='word_1_92' title='bbox 516 696 633 732; x_wconf 79' lang='grc' dir='ltr'>ἀπορίαν</span> <span class='ocrx_word' id='word_1_93' title='bbox 653 698 777 724; x_wconf 76' lang='grc' dir='ltr'><strong>ἐνταυθοῖ</strong></span> <span class='ocrx_word' id='word_1_94' title='bbox 799 698 876 725; x_wconf 78' lang='grc' dir='ltr'>λῦσαι</span> 
     </span>
    </p>
   </div>
   <div class='ocr_carea' id='block_1_16' title="bbox 93 740 877 778">
    <p class='ocr_par' dir='ltr' id='par_1_16' title="bbox 93 740 877 778">
     <span class='ocr_line' id='line_1_16' title="bbox 93 740 877 778; baseline 0.004 -12"><span class='ocrx_word' id='word_1_95' title='bbox 93 741 160 767; x_wconf 70' lang='grc' dir='ltr'>κατὰ</span> <span class='ocrx_word' id='word_1_96' title='bbox 176 740 206 766; x_wconf 76' lang='grc' dir='ltr'>τὸ</span> <span class='ocrx_word' id='word_1_97' title='bbox 230 741 380 777; x_wconf 80' lang='grc' dir='ltr'><strong>ἐγχωροῦν.</strong></span> <span class='ocrx_word' id='word_1_98' title='bbox 395 744 470 769; x_wconf 75' lang='grc' dir='ltr'>Ἔστι</span> <span class='ocrx_word' id='word_1_99' title='bbox 487 742 514 768; x_wconf 80' lang='grc' dir='ltr'><strong>δὲ</strong></span> <span class='ocrx_word' id='word_1_100' title='bbox 531 743 610 778; x_wconf 73' lang='grc' dir='ltr'>αὕτη,</span> <span class='ocrx_word' id='word_1_101' title='bbox 629 743 665 770; x_wconf 82' lang='grc' dir='ltr'><strong>Τὸ</strong></span> <span class='ocrx_word' id='word_1_102' title='bbox 691 743 798 778; x_wconf 82' lang='grc' dir='ltr'>πρῶτον</span> <span class='ocrx_word' id='word_1_103' title='bbox 819 743 877 776; x_wconf 76' lang='grc' dir='ltr'>ἔτος</span> 
     </span>
    </p>
   </div>
   <div class='ocr_carea' id='block_1_17' title="bbox 92 785 876 823">
    <p class='ocr_par' dir='ltr' id='par_1_17' title="bbox 92 785 876 823">
     <span class='ocr_line' id='line_1_17' title="bbox 92 785 876 823; baseline 0.004 -12"><span class='ocrx_word' id='word_1_104' title='bbox 92 786 143 811; x_wconf 82' lang='grc' dir='ltr'>τῶν</span> <span class='ocrx_word' id='word_1_105' title='bbox 161 785 283 821; x_wconf 78' lang='grc' dir='ltr'>ἡλιακῶν</span> <span class='ocrx_word' id='word_1_106' title='bbox 299 786 407 813; x_wconf 82' lang='grc' dir='ltr'>κύκλων</span> <span class='ocrx_word' id='word_1_107' title='bbox 430 787 484 813; x_wconf 79' lang='grc' dir='ltr'>ἀπὸ</span> <span class='ocrx_word' id='word_1_108' title='bbox 498 788 603 822; x_wconf 67' lang='grc' dir='ltr'>ἡμέρας</span> <span class='ocrx_word' id='word_1_109' title='bbox 619 787 740 823; x_wconf 78' lang='grc' dir='ltr'><strong>πρώτης,</strong></span> <span class='ocrx_word' id='word_1_110' title='bbox 755 789 876 815; x_wconf 72' lang='grc' dir='ltr'><strong>τουτέστι</strong></span> 
     </span>
    </p>
   </div>
   <div class='ocr_carea' id='block_1_18' title="bbox 91 832 877 869">
    <p class='ocr_par' dir='ltr' id='par_1_18' title="bbox 91 832 877 869">
     <span class='ocr_line' id='line_1_18' title="bbox 91 832 877 869; baseline 0.004 -12"><span class='ocrx_word' id='word_1_111' title='bbox 91 832 244 867; x_wconf 69' lang='grc' dir='ltr'><strong>Ὶίυριακῆς,</strong></span> <span class='ocrx_word' id='word_1_112' title='bbox 261 832 366 867; x_wconf 67' lang='grc' dir='ltr'>ἔφαμεν</span> <span class='ocrx_word' id='word_1_113' title='bbox 377 833 527 868; x_wconf 77' lang='grc' dir='ltr'>ἄρχεσθαι,</span> <span class='ocrx_word' id='word_1_114' title='bbox 545 833 615 860; x_wconf 77' lang='grc' dir='ltr'>καθὰ</span> <span class='ocrx_word' id='word_1_115' title='bbox 631 833 662 869; x_wconf 81' lang='grc' dir='ltr'><strong>δὴ</strong></span> <span class='ocrx_word' id='word_1_116' title='bbox 690 834 735 860; x_wconf 75' lang='grc' dir='ltr'>καὶ</span> <span class='ocrx_word' id='word_1_117' title='bbox 750 834 803 860; x_wconf 86' lang='grc' dir='ltr'>ἀπὸ</span> <span class='ocrx_word' id='word_1_118' title='bbox 827 835 877 869; x_wconf 81' lang='grc' dir='ltr'><strong>τῆς</strong></span> 
     </span>
    </p>
   </div>
   <div class='ocr_carea' id='block_1_19' title="bbox 93 878 877 916">
    <p class='ocr_par' dir='ltr' id='par_1_19' title="bbox 93 878 877 916">
     <span class='ocr_line' id='line_1_19' title="bbox 93 878 877 916; baseline 0.005 -13"><span class='ocrx_word' id='word_1_119' title='bbox 93 878 284 913; x_wconf 73' lang='grc' dir='ltr'>χοσμογενείας</span> <span class='ocrx_word' id='word_1_120' title='bbox 311 878 428 913; x_wconf 70' lang='grc' dir='ltr'>πρῶτον.</span> <span class='ocrx_word' id='word_1_121' title='bbox 451 879 530 905; x_wconf 80' lang='grc' dir='ltr'>Ἀλλὰ</span> <span class='ocrx_word' id='word_1_122' title='bbox 551 879 614 910; x_wconf 76' lang='grc' dir='ltr'><strong>νῦν,</strong></span> <span class='ocrx_word' id='word_1_123' title='bbox 630 880 711 915; x_wconf 80' lang='grc' dir='ltr'>ἡνίκα</span> <span class='ocrx_word' id='word_1_124' title='bbox 734 881 747 906; x_wconf 88' lang='grc' dir='ltr'>ὁ</span> <span class='ocrx_word' id='word_1_125' title='bbox 770 881 877 916; x_wconf 82' lang='grc' dir='ltr'>πρῶτος</span> 
     </span>
    </p>
   </div>
   <div class='ocr_carea' id='block_1_20' title="bbox 929 287 1715 324">
    <p class='ocr_par' dir='ltr' id='par_1_20' title="bbox 929 287 1715 324">
     <span class='ocr_line' id='line_1_20' title="bbox 929 287 1715 324; baseline 0.01 -11"><span class='ocrx_word' id='word_1_126' title='bbox 929 287 1167 322; x_wconf 76' lang='lat' dir='ltr'><strong>octingentesinw,</strong></span> <span class='ocrx_word' id='word_1_127' title='bbox 1187 290 1280 324; x_wconf 85' lang='lat' dir='ltr'><strong>cyelus</strong></span> <span class='ocrx_word' id='word_1_128' title='bbox 1298 295 1356 317; x_wconf 83' lang='lat' dir='ltr'><strong>erat</strong></span> <span class='ocrx_word' id='word_1_129' title='bbox 1372 291 1439 318; x_wconf 89' lang='lat' dir='ltr'><strong>solis</strong></span> <span class='ocrx_word' id='word_1_130' title='bbox 1462 300 1535 324; x_wconf 74' lang='lat' dir='ltr'><strong>xxw.</strong></span> <span class='ocrx_word' id='word_1_131' title='bbox 1562 293 1635 320; x_wconf 91' lang='lat' dir='ltr'><strong>hunc</strong></span> <span class='ocrx_word' id='word_1_132' title='bbox 1661 302 1715 321; x_wconf 83' lang='lat' dir='ltr'><strong>nu-</strong></span> 
     </span>
    </p>
   </div>
   <div class='ocr_carea' id='block_1_21' title="bbox 929 333 1716 371">
    <p class='ocr_par' dir='ltr' id='par_1_21' title="bbox 929 333 1716 371">
     <span class='ocr_line' id='line_1_21' title="bbox 929 333 1716 371; baseline 0.013 -14"><span class='ocrx_word' id='word_1_133' title='bbox 929 339 1045 364; x_wconf 84' lang='lat' dir='ltr'><strong>merum,</strong></span> <span class='ocrx_word' id='word_1_134' title='bbox 1067 333 1141 360; x_wconf 79' lang='lat' dir='ltr'><strong>velut</strong></span> <span class='ocrx_word' id='word_1_135' title='bbox 1166 334 1296 366; x_wconf 85' lang='lat' dir='ltr'><strong>radicem,</strong></span> <span class='ocrx_word' id='word_1_136' title='bbox 1321 339 1379 362; x_wconf 91' lang='lat' dir='ltr'><strong>toto</strong></span> <span class='ocrx_word' id='word_1_137' title='bbox 1400 342 1532 371; x_wconf 83' lang='lat' dir='ltr'><strong>sequente</strong></span> <span class='ocrx_word' id='word_1_138' title='bbox 1554 341 1716 367; x_wconf 73' lang='lat' dir='ltr'><strong>centenario</strong></span> 
     </span>
    </p>
   </div>
   <div class='ocr_carea' id='block_1_22' title="bbox 927 377 1715 421">
    <p class='ocr_par' dir='ltr' id='par_1_22' title="bbox 927 377 1715 421">
     <span class='ocr_line' id='line_1_22' title="bbox 927 377 1715 421; baseline 0.013 -18"><span class='ocrx_word' id='word_1_139' title='bbox 927 377 1087 410; x_wconf 86' lang='lat' dir='ltr'><strong>retinemus,</strong></span> <span class='ocrx_word' id='word_1_140' title='bbox 1106 379 1138 406; x_wconf 81' lang='lat' dir='ltr'><strong>ad</strong></span> <span class='ocrx_word' id='word_1_141' title='bbox 1155 387 1235 414; x_wconf 82' lang='lat' dir='ltr'><strong>quem</strong></span> <span class='ocrx_word' id='word_1_142' title='bbox 1252 380 1378 409; x_wconf 89' lang='lat' dir='ltr'><strong>residuos</strong></span> <span class='ocrx_word' id='word_1_143' title='bbox 1399 383 1431 409; x_wconf 82' lang='lat' dir='ltr'><strong>ad</strong></span> <span class='ocrx_word' id='word_1_144' title='bbox 1455 383 1527 410; x_wconf 86' lang='lat' dir='ltr'><strong>hunc</strong></span> <span class='ocrx_word' id='word_1_145' title='bbox 1540 392 1626 412; x_wconf 84' lang='lat' dir='ltr'><strong>annos</strong></span> <span class='ocrx_word' id='word_1_146' title='bbox 1648 387 1715 421; x_wconf 86' lang='lat' dir='ltr'><strong>adji-</strong></span> 
     </span>
    </p>
   </div>
   <div class='ocr_carea' id='block_1_23' title="bbox 928 423 1717 467">
    <p class='ocr_par' dir='ltr' id='par_1_23' title="bbox 928 423 1717 467">
     <span class='ocr_line' id='line_1_23' title="bbox 928 423 1717 467; baseline 0.016 -19"><span class='ocrx_word' id='word_1_147' title='bbox 928 423 1031 450; x_wconf 86' lang='lat' dir='ltr'><strong>cicntes</strong></span> <span class='ocrx_word' id='word_1_148' title='bbox 1051 424 1095 456; x_wconf 81' lang='lat'><strong>8|,</strong></span> <span class='ocrx_word' id='word_1_149' title='bbox 1121 432 1254 452; x_wconf 85' lang='lat' dir='ltr'><strong>summam</strong></span> <span class='ocrx_word' id='word_1_150' title='bbox 1277 426 1340 454; x_wconf 88' lang='lat' dir='ltr'><strong>inde</strong></span> <span class='ocrx_word' id='word_1_151' title='bbox 1362 427 1513 456; x_wconf 81' lang='lat' dir='ltr'><strong>confectam</strong></span> <span class='ocrx_word' id='word_1_152' title='bbox 1536 431 1587 458; x_wconf 85' lang='grc'>105</span> <span class='ocrx_word' id='word_1_153' title='bbox 1611 440 1659 467; x_wconf 89' lang='lat' dir='ltr'><strong>per</strong></span> <span class='ocrx_word' id='word_1_154' title='bbox 1679 434 1717 461; x_wconf 68' lang='lat'><strong>28</strong></span> 
     </span>
    </p>
   </div>
   <div class='ocr_carea' id='block_1_24' title="bbox 928 468 1715 514">
    <p class='ocr_par' dir='ltr' id='par_1_24' title="bbox 928 468 1715 514">
     <span class='ocr_line' id='line_1_24' title="bbox 928 468 1715 514; baseline 0.015 -20"><span class='ocrx_word' id='word_1_155' title='bbox 928 468 1086 501; x_wconf 76' lang='lat' dir='ltr'><strong>dividimus,</strong></span> <span class='ocrx_word' id='word_1_156' title='bbox 1104 471 1176 505; x_wconf 86' lang='lat' dir='ltr'><strong>quod</strong></span> <span class='ocrx_word' id='word_1_157' title='bbox 1192 471 1326 507; x_wconf 83' lang='lat' dir='ltr'><strong>reliquum</strong></span> <span class='ocrx_word' id='word_1_158' title='bbox 1348 478 1401 504; x_wconf 86' lang='lat' dir='ltr'><strong>est.</strong></span> <span class='ocrx_word' id='word_1_159' title='bbox 1425 482 1522 511; x_wconf 84' lang='lat' dir='ltr'><strong>nempe</strong></span> <span class='ocrx_word' id='word_1_160' title='bbox 1541 476 1587 509; x_wconf 74' lang='lat' dir='ltr'><strong>2i,</strong></span> <span class='ocrx_word' id='word_1_161' title='bbox 1606 479 1715 514; x_wconf 79' lang='lat' dir='ltr'><strong>cyclum</strong></span> 
     </span>
    </p>
   </div>
   <div class='ocr_carea' id='block_1_25' title="bbox 929 513 1211 544">
    <p class='ocr_par' dir='ltr' id='par_1_25' title="bbox 929 513 1211 544">
     <span class='ocr_line' id='line_1_25' title="bbox 929 513 1211 544; baseline 0.014 -4"><span class='ocrx_word' id='word_1_162' title='bbox 929 513 996 541; x_wconf 84' lang='lat' dir='ltr'><strong>solis</strong></span> <span class='ocrx_word' id='word_1_163' title='bbox 1010 522 1070 542; x_wconf 87' lang='lat' dir='ltr'><strong>esse</strong></span> <span class='ocrx_word' id='word_1_164' title='bbox 1084 515 1211 544; x_wconf 84' lang='lat' dir='ltr'><strong>dicimus.</strong></span> 
     </span>
    </p>
   </div>
   <div class='ocr_carea' id='block_1_26' title="bbox 964 644 1712 688">
    <p class='ocr_par' dir='ltr' id='par_1_26' title="bbox 964 644 1712 688">
     <span class='ocr_line' id='line_1_26' title="bbox 964 644 1712 688; baseline 0.013 -16"><span class='ocrx_word' id='word_1_165' title='bbox 964 644 1015 673; x_wconf 88' lang='lat' dir='ltr'><strong>Sed</strong></span> <span class='ocrx_word' id='word_1_166' title='bbox 1039 654 1093 674; x_wconf 92' lang='lat' dir='ltr'><strong>non</strong></span> <span class='ocrx_word' id='word_1_167' title='bbox 1120 648 1168 675; x_wconf 90' lang='lat' dir='ltr'><strong>abs</strong></span> <span class='ocrx_word' id='word_1_168' title='bbox 1194 655 1223 675; x_wconf 89' lang='lat' dir='ltr'><strong>re</strong></span> <span class='ocrx_word' id='word_1_169' title='bbox 1250 648 1330 676; x_wconf 79' lang='lat' dir='ltr'><strong>fuerit</strong></span> <span class='ocrx_word' id='word_1_170' title='bbox 1354 651 1531 685; x_wconf 76' lang='lat' dir='ltr'><strong>quzcstionem</strong></span> <span class='ocrx_word' id='word_1_171' title='bbox 1556 654 1712 688; x_wconf 77' lang='lat' dir='ltr'><strong>quamdam,</strong></span> 
     </span>
    </p>
   </div>
   <div class='ocr_carea' id='block_1_27' title="bbox 927 691 1712 732">
    <p class='ocr_par' dir='ltr' id='par_1_27' title="bbox 927 691 1712 732">
     <span class='ocr_line' id='line_1_27' title="bbox 927 691 1712 732; baseline 0.015 -16"><span class='ocrx_word' id='word_1_172' title='bbox 927 697 986 724; x_wconf 66' lang='lat' dir='ltr'><strong>qua:</strong></span> <span class='ocrx_word' id='word_1_173' title='bbox 1001 691 1078 718; x_wconf 82' lang='lat' dir='ltr'><strong>exiis</strong></span> <span class='ocrx_word' id='word_1_174' title='bbox 1089 699 1150 726; x_wconf 67' lang='lat' dir='ltr'><strong>quae</strong></span> <span class='ocrx_word' id='word_1_175' title='bbox 1159 693 1228 720; x_wconf 75' lang='lat' dir='ltr'><strong>dicta</strong></span> <span class='ocrx_word' id='word_1_176' title='bbox 1241 698 1304 721; x_wconf 92' lang='lat' dir='ltr'><strong>sunt</strong></span> <span class='ocrx_word' id='word_1_177' title='bbox 1314 696 1410 726; x_wconf 87' lang='lat' dir='ltr'><strong>oritur,</strong></span> <span class='ocrx_word' id='word_1_178' title='bbox 1425 696 1478 728; x_wconf 89' lang='lat' dir='ltr'><strong>hic,</strong></span> <span class='ocrx_word' id='word_1_179' title='bbox 1491 699 1580 732; x_wconf 85' lang='lat' dir='ltr'><strong>quoad</strong></span> <span class='ocrx_word' id='word_1_180' title='bbox 1594 699 1620 726; x_wconf 93' lang='lat' dir='ltr'><strong>in</strong></span> <span class='ocrx_word' id='word_1_181' title='bbox 1632 701 1712 728; x_wconf 80' lang='lat' dir='ltr'><strong>nubis</strong></span> 
     </span>
    </p>
   </div>
   <div class='ocr_carea' id='block_1_28' title="bbox 928 735 1712 776">
    <p class='ocr_par' dir='ltr' id='par_1_28' title="bbox 928 735 1712 776">
     <span class='ocr_line' id='line_1_28' title="bbox 928 735 1712 776; baseline 0.014 -14"><span class='ocrx_word' id='word_1_182' title='bbox 928 735 1010 763; x_wconf 90' lang='lat' dir='ltr'><strong>situm</strong></span> <span class='ocrx_word' id='word_1_183' title='bbox 1024 741 1076 769; x_wconf 87' lang='lat' dir='ltr'><strong>est,</strong></span> <span class='ocrx_word' id='word_1_184' title='bbox 1090 737 1250 766; x_wconf 81' lang='lat' dir='ltr'><strong>dissolvere.</strong></span> <span class='ocrx_word' id='word_1_185' title='bbox 1264 739 1310 767; x_wconf 87' lang='lat' dir='ltr'><strong>Est</strong></span> <span class='ocrx_word' id='word_1_186' title='bbox 1328 745 1417 768; x_wconf 80' lang='lat' dir='ltr'><strong>autem</strong></span> <span class='ocrx_word' id='word_1_187' title='bbox 1435 743 1580 776; x_wconf 76' lang='lat' dir='ltr'><strong>ejusmodi.</strong></span> <span class='ocrx_word' id='word_1_188' title='bbox 1591 744 1712 774; x_wconf 79' lang='lat' dir='ltr'><strong>Primum</strong></span> 
     </span>
    </p>
   </div>
   <div class='ocr_carea' id='block_1_29' title="bbox 928 784 1714 823">
    <p class='ocr_par' dir='ltr' id='par_1_29' title="bbox 928 784 1714 823">
     <span class='ocr_line' id='line_1_29' title="bbox 928 784 1714 823; baseline 0.015 -15"><span class='ocrx_word' id='word_1_189' title='bbox 928 789 1028 808; x_wconf 87' lang='lat' dir='ltr'><strong>annum</strong></span> <span class='ocrx_word' id='word_1_190' title='bbox 1055 784 1193 819; x_wconf 82' lang='lat' dir='ltr'><strong>cyclorum</strong></span> <span class='ocrx_word' id='word_1_191' title='bbox 1224 786 1354 813; x_wconf 87' lang='lat' dir='ltr'><strong>solarium</strong></span> <span class='ocrx_word' id='word_1_192' title='bbox 1381 795 1395 814; x_wconf 88' lang='lat' dir='ltr'><strong>a</strong></span> <span class='ocrx_word' id='word_1_193' title='bbox 1422 789 1510 823; x_wconf 86' lang='lat' dir='ltr'><strong>prima</strong></span> <span class='ocrx_word' id='word_1_194' title='bbox 1544 790 1622 823; x_wconf 82' lang='lat' dir='ltr'><strong>feria,</strong></span> <span class='ocrx_word' id='word_1_195' title='bbox 1655 793 1714 820; x_wconf 84' lang='lat' dir='ltr'><strong>sive</strong></span> 
     </span>
    </p>
   </div>
   <div class='ocr_carea' id='block_1_30' title="bbox 928 826 1712 865">
    <p class='ocr_par' dir='ltr' id='par_1_30' title="bbox 928 826 1712 865">
     <span class='ocr_line' id='line_1_30' title="bbox 928 826 1712 865; baseline 0.015 -12"><span class='ocrx_word' id='word_1_196' title='bbox 928 826 1080 861; x_wconf 82' lang='lat' dir='ltr'><strong>Dominica,</strong></span> <span class='ocrx_word' id='word_1_197' title='bbox 1095 830 1218 857; x_wconf 88' lang='lat' dir='ltr'><strong>inchoari</strong></span> <span class='ocrx_word' id='word_1_198' title='bbox 1231 830 1360 864; x_wconf 83' lang='lat' dir='ltr'><strong>diximus,</strong></span> <span class='ocrx_word' id='word_1_199' title='bbox 1378 833 1441 860; x_wconf 91' lang='lat' dir='ltr'><strong>item</strong></span> <span class='ocrx_word' id='word_1_200' title='bbox 1463 839 1491 861; x_wconf 87' lang='lat' dir='ltr'><strong>ut</strong></span> <span class='ocrx_word' id='word_1_201' title='bbox 1511 843 1599 864; x_wconf 80' lang='lat' dir='ltr'><strong>almus</strong></span> <span class='ocrx_word' id='word_1_202' title='bbox 1616 839 1712 865; x_wconf 92' lang='lat' dir='ltr'><strong>mundi</strong></span> 
     </span>
    </p>
   </div>
   <div class='ocr_carea' id='block_1_31' title="bbox 927 874 1713 917">
    <p class='ocr_par' dir='ltr' id='par_1_31' title="bbox 927 874 1713 917">
     <span class='ocr_line' id='line_1_31' title="bbox 927 874 1713 917; baseline 0.013 -17"><span class='ocrx_word' id='word_1_203' title='bbox 927 874 1032 908; x_wconf 86' lang='lat' dir='ltr'><strong>primus</strong></span> <span class='ocrx_word' id='word_1_204' title='bbox 1055 875 1173 903; x_wconf 91' lang='lat' dir='ltr'><strong>indidem</strong></span> <span class='ocrx_word' id='word_1_205' title='bbox 1204 878 1331 912; x_wconf 65' lang='lat' dir='ltr'><strong>occaepit.</strong></span> <span class='ocrx_word' id='word_1_206' title='bbox 1365 879 1449 914; x_wconf 83' lang='lat' dir='ltr'><strong>Atqui</strong></span> <span class='ocrx_word' id='word_1_207' title='bbox 1478 880 1570 913; x_wconf 82' lang='lat' dir='ltr'><strong>hodie,</strong></span> <span class='ocrx_word' id='word_1_208' title='bbox 1603 883 1713 917; x_wconf 85' lang='lat' dir='ltr'><strong>quoties</strong></span> 
     </span>
    </p>
   </div>
   <div class='ocr_carea' id='block_1_32' title="bbox 91 919 884 961">
    <p class='ocr_par' dir='ltr' id='par_1_32' title="bbox 91 923 876 961">
     <span class='ocr_line' id='line_1_32' title="bbox 91 923 876 961; baseline 0.005 -12"><span class='ocrx_word' id='word_1_209' title='bbox 91 923 202 959; x_wconf 76' lang='grc' dir='ltr'>ἡλιακὺς</span> <span class='ocrx_word' id='word_1_210' title='bbox 224 925 303 959; x_wconf 80' lang='grc' dir='ltr'>ἐνστῇ</span> <span class='ocrx_word' id='word_1_211' title='bbox 323 923 432 956; x_wconf 80' lang='grc' dir='ltr'>κύκλος,</span> <span class='ocrx_word' id='word_1_212' title='bbox 460 925 513 951; x_wconf 82' lang='grc' dir='ltr'>ἀπὸ</span> <span class='ocrx_word' id='word_1_213' title='bbox 530 925 635 961; x_wconf 83' lang='grc' dir='ltr'>ἡμέρας</span> <span class='ocrx_word' id='word_1_214' title='bbox 689 926 812 961; x_wconf 82' lang='grc' dir='ltr'>ἄρχεται,</span> <span class='ocrx_word' id='word_1_215' title='bbox 830 927 876 953; x_wconf 77' lang='grc' dir='ltr'><strong>καὶ</strong></span> 
     </span>
    </p>
   </div>
   <div class='ocr_carea' id='block_1_33' title="bbox 928 919 1712 961">
    <p class='ocr_par' dir='ltr' id='par_1_33' title="bbox 928 919 1712 961">
     <span class='ocr_line' id='line_1_33' title="bbox 928 919 1712 961; baseline 0.015 -17"><span class='ocrx_word' id='word_1_216' title='bbox 928 919 1032 954; x_wconf 90' lang='lat' dir='ltr'><strong>primus</strong></span> <span class='ocrx_word' id='word_1_217' title='bbox 1053 920 1104 946; x_wconf 86' lang='lat' dir='ltr'><strong>init</strong></span> <span class='ocrx_word' id='word_1_218' title='bbox 1126 921 1192 949; x_wconf 89' lang='lat' dir='ltr'><strong>solis</strong></span> <span class='ocrx_word' id='word_1_219' title='bbox 1213 922 1344 956; x_wconf 86' lang='lat' dir='ltr'><strong>circulus,</strong></span> <span class='ocrx_word' id='word_1_220' title='bbox 1373 924 1452 959; x_wconf 80' lang='lat'><strong>196</strong></span> <span class='ocrx_word' id='word_1_221' title='bbox 1472 926 1567 961; x_wconf 83' lang='lat' dir='ltr'><strong>incipit</strong></span> <span class='ocrx_word' id='word_1_222' title='bbox 1583 928 1650 955; x_wconf 85' lang='lat' dir='ltr'><strong>feria</strong></span> <span class='ocrx_word' id='word_1_223' title='bbox 1668 937 1712 956; x_wconf 89' lang='lat' dir='ltr'><strong>se-</strong></span> 
     </span>
    </p>
   </div>
   <div class='ocr_carea' id='block_1_34' title="bbox 90 970 876 1008">
    <p class='ocr_par' dir='ltr' id='par_1_34' title="bbox 90 970 876 1008">
     <span class='ocr_line' id='line_1_34' title="bbox 90 970 876 1008; baseline 0.005 -12"><span class='ocrx_word' id='word_1_224' title='bbox 90 971 119 996; x_wconf 75' lang='grc' dir='ltr'>οὺ</span> <span class='ocrx_word' id='word_1_225' title='bbox 135 970 258 1005; x_wconf 79' lang='grc' dir='ltr'><strong>πρώτης.</strong></span> <span class='ocrx_word' id='word_1_226' title='bbox 282 971 336 997; x_wconf 74' lang='grc' dir='ltr'>Καὶ</span> <span class='ocrx_word' id='word_1_227' title='bbox 356 971 382 997; x_wconf 86' lang='grc' dir='ltr'><strong>τί</strong></span> <span class='ocrx_word' id='word_1_228' title='bbox 396 971 429 997; x_wconf 85' lang='grc' dir='ltr'>ἂν</span> <span class='ocrx_word' id='word_1_229' title='bbox 451 971 493 1006; x_wconf 72' lang='grc' dir='ltr'>εἴη</span> <span class='ocrx_word' id='word_1_230' title='bbox 516 971 546 997; x_wconf 75' lang='grc' dir='ltr'>τὸ</span> <span class='ocrx_word' id='word_1_231' title='bbox 567 971 652 998; x_wconf 71' lang='grc' dir='ltr'>αἴτιον</span> <span class='ocrx_word' id='word_1_232' title='bbox 675 972 725 1007; x_wconf 78' lang='grc' dir='ltr'>τῆς</span> <span class='ocrx_word' id='word_1_233' title='bbox 741 973 810 1000; x_wconf 74' lang='grc' dir='ltr'>κατὰ</span> <span class='ocrx_word' id='word_1_234' title='bbox 828 973 876 1008; x_wconf 82' lang='grc' dir='ltr'><strong>τὴν</strong></span> 
     </span>
    </p>
   </div>
   <div class='ocr_carea' id='block_1_35' title="bbox 93 1014 874 1054">
    <p class='ocr_par' dir='ltr' id='par_1_35' title="bbox 93 1014 874 1054">
     <span class='ocr_line' id='line_1_35' title="bbox 93 1014 874 1054; baseline 0.006 -14"><span class='ocrx_word' id='word_1_235' title='bbox 93 1014 203 1049; x_wconf 80' lang='grc' dir='ltr'>πρώτην</span> <span class='ocrx_word' id='word_1_236' title='bbox 226 1015 332 1050; x_wconf 79' lang='grc' dir='ltr'>ἡμέραν</span> <span class='ocrx_word' id='word_1_237' title='bbox 346 1015 449 1051; x_wconf 80' lang='grc' dir='ltr'>ταύτην</span> <span class='ocrx_word' id='word_1_238' title='bbox 470 1016 619 1052; x_wconf 72' lang='grc' dir='ltr'><strong>διαφορᾶςς</strong></span> <span class='ocrx_word' id='word_1_239' title='bbox 641 1017 696 1043; x_wconf 78' lang='grc' dir='ltr'>Καὶ</span> <span class='ocrx_word' id='word_1_240' title='bbox 710 1017 779 1053; x_wconf 76' lang='grc' dir='ltr'>αὕτη</span> <span class='ocrx_word' id='word_1_241' title='bbox 799 1018 874 1054; x_wconf 77' lang='grc' dir='ltr'><strong>μὲνὴ</strong></span> 
     </span>
    </p>
   </div>
   <div class='ocr_carea' id='block_1_36' title="bbox 91 1060 765 1097">
    <p class='ocr_par' dir='ltr' id='par_1_36' title="bbox 91 1060 765 1097">
     <span class='ocr_line' id='line_1_36' title="bbox 91 1060 765 1097; baseline 0.004 -11"><span class='ocrx_word' id='word_1_242' title='bbox 91 1061 207 1087; x_wconf 68' lang='grc' dir='ltr'>ἀπορία·</span> <span class='ocrx_word' id='word_1_243' title='bbox 225 1060 316 1096; x_wconf 82' lang='grc' dir='ltr'>λυθείη</span> <span class='ocrx_word' id='word_1_244' title='bbox 331 1061 353 1087; x_wconf 82' lang='grc' dir='ltr'><strong>δ’</strong></span> <span class='ocrx_word' id='word_1_245' title='bbox 371 1061 403 1088; x_wconf 79' lang='grc' dir='ltr'>ἂν</span> <span class='ocrx_word' id='word_1_246' title='bbox 413 1061 500 1093; x_wconf 77' lang='grc' dir='ltr'>οὕτως</span> <span class='ocrx_word' id='word_1_247' title='bbox 514 1062 583 1088; x_wconf 73' lang='grc' dir='ltr'>κατὰ</span> <span class='ocrx_word' id='word_1_248' title='bbox 595 1062 626 1088; x_wconf 79' lang='grc' dir='ltr'>τὸ</span> <span class='ocrx_word' id='word_1_249' title='bbox 644 1062 765 1097; x_wconf 80' lang='grc' dir='ltr'><strong>εὔλογον.</strong></span> 
     </span>
    </p>
   </div>
   <div class='ocr_carea' id='block_1_37' title="bbox 123 1105 875 1144">
    <p class='ocr_par' dir='ltr' id='par_1_37' title="bbox 123 1105 875 1144">
     <span class='ocr_line' id='line_1_37' title="bbox 123 1105 875 1144; baseline 0.005 -13"><span class='ocrx_word' id='word_1_250' title='bbox 123 1105 180 1140; x_wconf 83' lang='grc' dir='ltr'><strong>Τῆς</strong></span> <span class='ocrx_word' id='word_1_251' title='bbox 198 1105 300 1140; x_wconf 82' lang='grc' dir='ltr'>κυρίως</span> <span class='ocrx_word' id='word_1_252' title='bbox 325 1105 412 1141; x_wconf 78' lang='grc' dir='ltr'><strong>ἀρχῆς</strong></span> <span class='ocrx_word' id='word_1_253' title='bbox 439 1106 486 1131; x_wconf 74' lang='grc' dir='ltr'>τοῦ</span> <span class='ocrx_word' id='word_1_254' title='bbox 498 1106 584 1138; x_wconf 68' lang='grc' dir='ltr'>ἔτους,</span> <span class='ocrx_word' id='word_1_255' title='bbox 606 1107 667 1141; x_wconf 75' lang='grc' dir='ltr'>ἣτις</span> <span class='ocrx_word' id='word_1_256' title='bbox 692 1108 750 1133; x_wconf 73' lang='grc' dir='ltr'>ἐστὶ</span> <span class='ocrx_word' id='word_1_257' title='bbox 768 1107 828 1134; x_wconf 81' lang='grc' dir='ltr'>καθ’</span> <span class='ocrx_word' id='word_1_258' title='bbox 842 1109 875 1144; x_wconf 89' lang='grc' dir='ltr'><strong>ἣν</strong></span> 
     </span>
    </p>
   </div>
   <div class='ocr_carea' id='block_1_38' title="bbox 89 1151 875 1188">
    <p class='ocr_par' dir='ltr' id='par_1_38' title="bbox 89 1151 875 1188">
     <span class='ocr_line' id='line_1_38' title="bbox 89 1151 875 1188; baseline 0.004 -11"><span class='ocrx_word' id='word_1_259' title='bbox 89 1152 196 1187; x_wconf 80' lang='grc' dir='ltr'>ἡμέραν</span> <span class='ocrx_word' id='word_1_260' title='bbox 215 1153 228 1178; x_wconf 80' lang='grc' dir='ltr'>ὁ</span> <span class='ocrx_word' id='word_1_261' title='bbox 258 1151 420 1187; x_wconf 70' lang='grc' dir='ltr'>δημιουργὸς</span> <span class='ocrx_word' id='word_1_262' title='bbox 442 1152 496 1178; x_wconf 86' lang='grc' dir='ltr'><strong>τῶν</strong></span> <span class='ocrx_word' id='word_1_263' title='bbox 518 1152 585 1179; x_wconf 79' lang='grc' dir='ltr'>ὅλων</span> <span class='ocrx_word' id='word_1_264' title='bbox 609 1152 676 1184; x_wconf 76' lang='grc' dir='ltr'>Θεὸς</span> <span class='ocrx_word' id='word_1_265' title='bbox 697 1154 747 1188; x_wconf 79' lang='grc' dir='ltr'><strong>τῆς</strong></span> <span class='ocrx_word' id='word_1_266' title='bbox 773 1154 875 1181; x_wconf 81' lang='grc' dir='ltr'>τούτων</span> 
     </span>
    </p>
   </div>
   <div class='ocr_carea' id='block_1_39' title="bbox 88 1196 875 1233">
    <p class='ocr_par' dir='ltr' id='par_1_39' title="bbox 88 1196 875 1233">
     <span class='ocr_line' id='line_1_39' title="bbox 88 1196 875 1233; baseline 0.001 -10"><span class='ocrx_word' id='word_1_267' title='bbox 88 1197 221 1231; x_wconf 78' lang='grc' dir='ltr'>γενέσεως</span> <span class='ocrx_word' id='word_1_268' title='bbox 233 1196 343 1233; x_wconf 72' lang='grc' dir='ltr'><strong>ἤρξατο,</strong></span> <span class='ocrx_word' id='word_1_269' title='bbox 357 1197 542 1232; x_wconf 82' lang='grc' dir='ltr'>ἀγνοουμένης</span> <span class='ocrx_word' id='word_1_270' title='bbox 554 1198 582 1224; x_wconf 80' lang='grc' dir='ltr'><strong>ἐν</strong></span> <span class='ocrx_word' id='word_1_271' title='bbox 598 1197 661 1233; x_wconf 78' lang='grc' dir='ltr'>ποίᾳ</span> <span class='ocrx_word' id='word_1_272' title='bbox 675 1198 729 1224; x_wconf 83' lang='grc' dir='ltr'>τῶν</span> <span class='ocrx_word' id='word_1_273' title='bbox 741 1197 785 1224; x_wconf 76' lang='grc' dir='ltr'>τοῦ</span> <span class='ocrx_word' id='word_1_274' title='bbox 799 1198 875 1230; x_wconf 75' lang='grc' dir='ltr'>ἔτους</span> 
     </span>
    </p>
   </div>
   <div class='ocr_carea' id='block_1_40' title="bbox 89 1242 874 1280">
    <p class='ocr_par' dir='ltr' id='par_1_40' title="bbox 89 1242 874 1280">
     <span class='ocr_line' id='line_1_40' title="bbox 89 1242 874 1280; baseline 0.003 -11"><span class='ocrx_word' id='word_1_275' title='bbox 89 1243 162 1270; x_wconf 71' lang='grc' dir='ltr'>ἐστὶν</span> <span class='ocrx_word' id='word_1_276' title='bbox 181 1242 300 1278; x_wconf 80' lang='grc' dir='ltr'><strong>ἡμερῶν,</strong></span> <span class='ocrx_word' id='word_1_277' title='bbox 315 1242 401 1269; x_wconf 80' lang='grc' dir='ltr'>ἄλλων</span> <span class='ocrx_word' id='word_1_278' title='bbox 416 1243 499 1274; x_wconf 84' lang='grc' dir='ltr'>ἄλλας</span> <span class='ocrx_word' id='word_1_279' title='bbox 514 1243 600 1278; x_wconf 79' lang='grc' dir='ltr'>ἀρχὰς</span> <span class='ocrx_word' id='word_1_280' title='bbox 611 1244 813 1280; x_wconf 73' lang='grc' dir='ltr'><strong>ὑποτιθεμένων</strong></span> <span class='ocrx_word' id='word_1_281' title='bbox 828 1245 874 1271; x_wconf 82' lang='grc' dir='ltr'>τοῦ</span> 
     </span>
    </p>
   </div>
   <div class='ocr_carea' id='block_1_41' title="bbox 87 1289 874 1326">
    <p class='ocr_par' dir='ltr' id='par_1_41' title="bbox 87 1289 874 1326">
     <span class='ocr_line' id='line_1_41' title="bbox 87 1289 874 1326; baseline 0.003 -11"><span class='ocrx_word' id='word_1_282' title='bbox 87 1289 178 1321; x_wconf 77' lang='grc' dir='ltr'>ἔτους·</span> <span class='ocrx_word' id='word_1_283' title='bbox 203 1289 312 1324; x_wconf 79' lang='grc' dir='ltr'>ἐπειδὴ,</span> <span class='ocrx_word' id='word_1_284' title='bbox 328 1290 391 1316; x_wconf 80' lang='grc' dir='ltr'>ὅταν</span> <span class='ocrx_word' id='word_1_285' title='bbox 419 1290 515 1324; x_wconf 72' lang='grc' dir='ltr'>ἐπιστῇ</span> <span class='ocrx_word' id='word_1_286' title='bbox 542 1290 556 1315; x_wconf 86' lang='grc' dir='ltr'><strong>ό</strong></span> <span class='ocrx_word' id='word_1_287' title='bbox 572 1290 636 1324; x_wconf 85' lang='grc' dir='ltr'>παρ’</span> <span class='ocrx_word' id='word_1_288' title='bbox 659 1291 724 1324; x_wconf 84' lang='grc' dir='ltr'>ἡμῖν</span> <span class='ocrx_word' id='word_1_289' title='bbox 750 1290 874 1326; x_wconf 72' lang='grc' dir='ltr'>Σεπτεμ-</span> 
     </span>
    </p>
   </div>
   <div class='ocr_carea' id='block_1_42' title="bbox 88 1334 875 1371">
    <p class='ocr_par' dir='ltr' id='par_1_42' title="bbox 88 1334 875 1371">
     <span class='ocr_line' id='line_1_42' title="bbox 88 1334 875 1371; baseline 0.003 -11"><span class='ocrx_word' id='word_1_290' title='bbox 88 1335 175 1370; x_wconf 82' lang='grc' dir='ltr'>ϐριος,</span> <span class='ocrx_word' id='word_1_291' title='bbox 190 1335 219 1361; x_wconf 81' lang='grc' dir='ltr'><strong>ὃν</strong></span> <span class='ocrx_word' id='word_1_292' title='bbox 235 1335 320 1371; x_wconf 79' lang='grc' dir='ltr'>ἀρχὴν</span> <span class='ocrx_word' id='word_1_293' title='bbox 340 1334 489 1370; x_wconf 79' lang='grc' dir='ltr'>ποιούμεθα</span> <span class='ocrx_word' id='word_1_294' title='bbox 508 1334 555 1361; x_wconf 80' lang='grc' dir='ltr'><strong>τοῦ</strong></span> <span class='ocrx_word' id='word_1_295' title='bbox 570 1334 656 1366; x_wconf 77' lang='grc' dir='ltr'><strong>ἔτους,</strong></span> <span class='ocrx_word' id='word_1_296' title='bbox 675 1334 697 1367; x_wconf 80' lang='grc' dir='ltr'><strong>ζ’</strong></span> <span class='ocrx_word' id='word_1_297' title='bbox 720 1335 793 1362; x_wconf 63' lang='grc' dir='ltr'>ἐστὶν</span> <span class='ocrx_word' id='word_1_298' title='bbox 809 1336 875 1371; x_wconf 81' lang='grc' dir='ltr'><strong>ἡμέ-</strong></span> 
     </span>
    </p>
   </div>
   <div class='ocr_carea' id='block_1_43' title="bbox 89 1381 874 1418">
    <p class='ocr_par' dir='ltr' id='par_1_43' title="bbox 89 1381 874 1418">
     <span class='ocr_line' id='line_1_43' title="bbox 89 1381 874 1418; baseline 0.001 -10"><span class='ocrx_word' id='word_1_299' title='bbox 89 1391 135 1417; x_wconf 80' lang='grc' dir='ltr'><strong>ρα·</strong></span> <span class='ocrx_word' id='word_1_300' title='bbox 157 1383 222 1408; x_wconf 78' lang='grc' dir='ltr'>ὃταν</span> <span class='ocrx_word' id='word_1_301' title='bbox 246 1382 273 1408; x_wconf 80' lang='grc' dir='ltr'><strong>δὲ</strong></span> <span class='ocrx_word' id='word_1_302' title='bbox 296 1382 310 1408; x_wconf 85' lang='grc' dir='ltr'>ὁ</span> <span class='ocrx_word' id='word_1_303' title='bbox 339 1381 520 1418; x_wconf 77' lang='grc' dir='ltr'><strong>Ὀκτώϐριος,</strong></span> <span class='ocrx_word' id='word_1_304' title='bbox 542 1381 580 1416; x_wconf 85' lang='grc' dir='ltr'><strong>β’·</strong></span> <span class='ocrx_word' id='word_1_305' title='bbox 597 1382 763 1417; x_wconf 70' lang='grc' dir='ltr'>οἰκειοτέραν</span> <span class='ocrx_word' id='word_1_306' title='bbox 788 1382 874 1418; x_wconf 85' lang='grc' dir='ltr'><strong>ἀρχὴν</strong></span> 
     </span>
    </p>
   </div>
   <div class='ocr_carea' id='block_1_44' title="bbox 89 1427 873 1464">
    <p class='ocr_par' dir='ltr' id='par_1_44' title="bbox 89 1427 873 1464">
     <span class='ocr_line' id='line_1_44' title="bbox 89 1427 873 1464; baseline 0.001 -10"><span class='ocrx_word' id='word_1_307' title='bbox 89 1428 239 1464; x_wconf 75' lang='grc' dir='ltr'>ποιούμεθα</span> <span class='ocrx_word' id='word_1_308' title='bbox 252 1428 307 1454; x_wconf 82' lang='grc' dir='ltr'>τῶν</span> <span class='ocrx_word' id='word_1_309' title='bbox 325 1427 446 1463; x_wconf 83' lang='grc' dir='ltr'>ἡλιακῶν</span> <span class='ocrx_word' id='word_1_310' title='bbox 461 1428 568 1454; x_wconf 87' lang='grc' dir='ltr'>κύκλων</span> <span class='ocrx_word' id='word_1_311' title='bbox 582 1428 631 1463; x_wconf 89' lang='grc' dir='ltr'>τὴν</span> <span class='ocrx_word' id='word_1_312' title='bbox 644 1428 690 1454; x_wconf 83' lang='grc' dir='ltr'>τοῦ</span> <span class='ocrx_word' id='word_1_313' title='bbox 711 1429 873 1464; x_wconf 85' lang='grc' dir='ltr'>Ὀκτωϐρίου</span> 
     </span>
    </p>
   </div>
   <div class='ocr_carea' id='block_1_45' title="bbox 86 1473 874 1511">
    <p class='ocr_par' dir='ltr' id='par_1_45' title="bbox 86 1473 874 1511">
     <span class='ocr_line' id='line_1_45' title="bbox 86 1473 874 1511; baseline 0.003 -12"><span class='ocrx_word' id='word_1_314' title='bbox 86 1475 186 1511; x_wconf 74' lang='grc' dir='ltr'><strong>ἀρχὴν,</strong></span> <span class='ocrx_word' id='word_1_315' title='bbox 200 1474 216 1509; x_wconf 86' lang='grc' dir='ltr'><strong>ἦ</strong></span> <span class='ocrx_word' id='word_1_316' title='bbox 230 1474 279 1509; x_wconf 85' lang='grc' dir='ltr'><strong>τὴν</strong></span> <span class='ocrx_word' id='word_1_317' title='bbox 294 1473 340 1500; x_wconf 77' lang='grc' dir='ltr'><strong>τοῦ</strong></span> <span class='ocrx_word' id='word_1_318' title='bbox 358 1473 554 1510; x_wconf 80' lang='grc' dir='ltr'>Σεπτεμϐρίου.</span> <span class='ocrx_word' id='word_1_319' title='bbox 570 1473 655 1500; x_wconf 80' lang='grc' dir='ltr'>Τοῦτο</span> <span class='ocrx_word' id='word_1_320' title='bbox 667 1474 696 1500; x_wconf 79' lang='grc' dir='ltr'>δὲ</span> <span class='ocrx_word' id='word_1_321' title='bbox 710 1474 874 1511; x_wconf 79' lang='grc' dir='ltr'>σαφέστερον</span> 
     </span>
    </p>
   </div>
   <div class='ocr_carea' id='block_1_46' title="bbox 87 1519 874 1556">
    <p class='ocr_par' dir='ltr' id='par_1_46' title="bbox 87 1519 874 1556">
     <span class='ocr_line' id='line_1_46' title="bbox 87 1519 874 1556; baseline 0.003 -10"><span class='ocrx_word' id='word_1_322' title='bbox 87 1522 238 1556; x_wconf 79' lang='grc' dir='ltr'>ποιήσομεν</span> <span class='ocrx_word' id='word_1_323' title='bbox 251 1521 302 1547; x_wconf 78' lang='grc' dir='ltr'>κάν</span> <span class='ocrx_word' id='word_1_324' title='bbox 325 1521 357 1556; x_wconf 83' lang='grc' dir='ltr'>τῇ</span> <span class='ocrx_word' id='word_1_325' title='bbox 375 1519 479 1556; x_wconf 84' lang='grc' dir='ltr'>μεθόδῳ</span> <span class='ocrx_word' id='word_1_326' title='bbox 503 1519 550 1546; x_wconf 79' lang='grc' dir='ltr'>τοῦ</span> <span class='ocrx_word' id='word_1_327' title='bbox 565 1521 793 1556; x_wconf 76' lang='grc' dir='ltr'>ἡμεροευρεσίου’</span> <span class='ocrx_word' id='word_1_328' title='bbox 813 1521 874 1556; x_wconf 78' lang='grc' dir='ltr'><strong>ἥτις</strong></span> 
     </span>
    </p>
   </div>
   <div class='ocr_carea' id='block_1_47' title="bbox 87 1566 322 1602">
    <p class='ocr_par' dir='ltr' id='par_1_47' title="bbox 87 1566 322 1602">
     <span class='ocr_line' id='line_1_47' title="bbox 87 1566 322 1602; baseline 0 -10"><span class='ocrx_word' id='word_1_329' title='bbox 87 1567 132 1593; x_wconf 79' lang='grc' dir='ltr'>καὶ</span> <span class='ocrx_word' id='word_1_330' title='bbox 150 1567 208 1602; x_wconf 74' lang='grc' dir='ltr'>ἔχει</span> <span class='ocrx_word' id='word_1_331' title='bbox 225 1566 322 1598; x_wconf 70' lang='grc' dir='ltr'>οὕτως.</span> 
     </span>
    </p>
   </div>
   <div class='ocr_carea' id='block_1_48' title="bbox 256 1623 708 1657">
    <p class='ocr_par' dir='ltr' id='par_1_48' title="bbox 256 1623 708 1657">
     <span class='ocr_line' id='line_1_48' title="bbox 256 1623 708 1657; baseline 0 -7"><span class='ocrx_word' id='word_1_332' title='bbox 256 1623 387 1656; x_wconf 83' lang='grc' dir='ltr'><strong>Μέθοδος</strong></span> <span class='ocrx_word' id='word_1_333' title='bbox 401 1623 454 1650; x_wconf 81' lang='grc' dir='ltr'><strong>τοῦ</strong></span> <span class='ocrx_word' id='word_1_334' title='bbox 465 1623 708 1657; x_wconf 74' lang='grc' dir='ltr'>ἠμεροευρεσίου.</span> 
     </span>
    </p>
   </div>
   <div class='ocr_carea' id='block_1_49' title="bbox 120 1669 874 1705">
    <p class='ocr_par' dir='ltr' id='par_1_49' title="bbox 120 1669 874 1705">
     <span class='ocr_line' id='line_1_49' title="bbox 120 1669 874 1705; baseline 0 -9"><span class='ocrx_word' id='word_1_335' title='bbox 120 1672 158 1697; x_wconf 90' lang='grc' dir='ltr'><strong>Δ¹.</strong></span> <span class='ocrx_word' id='word_1_336' title='bbox 179 1670 263 1696; x_wconf 83' lang='grc' dir='ltr'>Ὅταν</span> <span class='ocrx_word' id='word_1_337' title='bbox 280 1669 358 1704; x_wconf 82' lang='grc' dir='ltr'>τήνδε</span> <span class='ocrx_word' id='word_1_338' title='bbox 374 1669 434 1695; x_wconf 83' lang='grc' dir='ltr'>τινὰ</span> <span class='ocrx_word' id='word_1_339' title='bbox 447 1669 492 1696; x_wconf 83' lang='grc' dir='ltr'>τοῦ</span> <span class='ocrx_word' id='word_1_340' title='bbox 516 1670 690 1705; x_wconf 84' lang='grc' dir='ltr'>ἐνισταμένου</span> <span class='ocrx_word' id='word_1_341' title='bbox 710 1670 793 1705; x_wconf 67' lang='grc' dir='ltr'>μηνὸς</span> <span class='ocrx_word' id='word_1_342' title='bbox 806 1670 874 1705; x_wconf 79' lang='grc' dir='ltr'><strong>ἡμέ-</strong></span> 
     </span>
    </p>
   </div>
   <div class='ocr_carea' id='block_1_50' title="bbox 88 1715 875 1750">
    <p class='ocr_par' dir='ltr' id='par_1_50' title="bbox 88 1715 875 1750">
     <span class='ocr_line' id='line_1_50' title="bbox 88 1715 875 1750; baseline 0.003 -10"><span class='ocrx_word' id='word_1_343' title='bbox 88 1724 135 1750; x_wconf 81' lang='grc' dir='ltr'><strong>ραν</strong></span> <span class='ocrx_word' id='word_1_344' title='bbox 152 1715 279 1750; x_wconf 78' lang='grc' dir='ltr'>ζητῶμεν</span> <span class='ocrx_word' id='word_1_345' title='bbox 295 1715 394 1750; x_wconf 81' lang='grc' dir='ltr'>εὑρεῖν,</span> <span class='ocrx_word' id='word_1_346' title='bbox 407 1715 435 1740; x_wconf 85' lang='grc' dir='ltr'>ὲν</span> <span class='ocrx_word' id='word_1_347' title='bbox 450 1715 502 1740; x_wconf 90' lang='grc' dir='ltr'>τίνι</span> <span class='ocrx_word' id='word_1_348' title='bbox 519 1715 572 1740; x_wconf 84' lang='grc' dir='ltr'>τῶν</span> <span class='ocrx_word' id='word_1_349' title='bbox 584 1715 634 1750; x_wconf 82' lang='grc' dir='ltr'><strong>τῆς</strong></span> <span class='ocrx_word' id='word_1_350' title='bbox 650 1715 793 1750; x_wconf 79' lang='grc' dir='ltr'>ἑϐδομάδος</span> <span class='ocrx_word' id='word_1_351' title='bbox 807 1717 875 1750; x_wconf 80' lang='grc' dir='ltr'>ἡμε-</span> 
     </span>
    </p>
   </div>
   <div class='ocr_carea' id='block_1_51' title="bbox 86 1760 874 1798">
    <p class='ocr_par' dir='ltr' id='par_1_51' title="bbox 86 1760 874 1798">
     <span class='ocr_line' id='line_1_51' title="bbox 86 1760 874 1798; baseline 0.003 -12"><span class='ocrx_word' id='word_1_352' title='bbox 86 1762 140 1795; x_wconf 79' lang='grc' dir='ltr'><strong>ρῶν</strong></span> <span class='ocrx_word' id='word_1_353' title='bbox 162 1760 315 1796; x_wconf 83' lang='grc' dir='ltr'>συμϐαίνει,</span> <span class='ocrx_word' id='word_1_354' title='bbox 333 1760 507 1796; x_wconf 82' lang='grc' dir='ltr'>λαμϐάνομεν</span> <span class='ocrx_word' id='word_1_355' title='bbox 535 1761 580 1787; x_wconf 88' lang='grc' dir='ltr'><strong>τὸν</strong></span> <span class='ocrx_word' id='word_1_356' title='bbox 600 1761 716 1796; x_wconf 71' lang='grc' dir='ltr'>ἀριθμὸν</span> <span class='ocrx_word' id='word_1_357' title='bbox 735 1761 788 1787; x_wconf 83' lang='grc' dir='ltr'><strong>τῶν</strong></span> <span class='ocrx_word' id='word_1_358' title='bbox 804 1770 874 1798; x_wconf 80' lang='grc' dir='ltr'>παρ-</span> 
     </span>
    </p>
   </div>
   <div class='ocr_carea' id='block_1_52' title="bbox 85 1806 871 1841">
    <p class='ocr_par' dir='ltr' id='par_1_52' title="bbox 85 1806 871 1841">
     <span class='ocr_line' id='line_1_52' title="bbox 85 1806 871 1841; baseline -0.001 -8"><span class='ocrx_word' id='word_1_359' title='bbox 85 1807 220 1833; x_wconf 78' lang='grc' dir='ltr'>ελθόντων</span> <span class='ocrx_word' id='word_1_360' title='bbox 240 1806 346 1833; x_wconf 84' lang='grc' dir='ltr'>κύκλων</span> <span class='ocrx_word' id='word_1_361' title='bbox 372 1806 418 1832; x_wconf 80' lang='grc' dir='ltr'>τοῦ</span> <span class='ocrx_word' id='word_1_362' title='bbox 435 1806 521 1840; x_wconf 80' lang='grc' dir='ltr'>ἡλίου,</span> <span class='ocrx_word' id='word_1_363' title='bbox 545 1806 613 1841; x_wconf 74' lang='grc' dir='ltr'>πλὴν</span> <span class='ocrx_word' id='word_1_364' title='bbox 636 1806 682 1832; x_wconf 81' lang='grc' dir='ltr'><strong>τοῦ</strong></span> <span class='ocrx_word' id='word_1_365' title='bbox 710 1807 871 1838; x_wconf 79' lang='grc' dir='ltr'>ἐνεστῶτος·</span> 
     </span>
    </p>
   </div>
   <div class='ocr_carea' id='block_1_53' title="bbox 84 1851 872 1886">
    <p class='ocr_par' dir='ltr' id='par_1_53' title="bbox 84 1851 872 1886">
     <span class='ocr_line' id='line_1_53' title="bbox 84 1851 872 1886; baseline 0 -8"><span class='ocrx_word' id='word_1_366' title='bbox 84 1853 132 1879; x_wconf 69' lang='grc' dir='ltr'>καὶ</span> <span class='ocrx_word' id='word_1_367' title='bbox 147 1851 237 1886; x_wconf 78' lang='grc' dir='ltr'>τούτῳ</span> <span class='ocrx_word' id='word_1_368' title='bbox 260 1851 440 1886; x_wconf 81' lang='grc' dir='ltr'>προστίθεμεν</span> <span class='ocrx_word' id='word_1_369' title='bbox 462 1851 510 1883; x_wconf 83' lang='grc' dir='ltr'><strong>τάς</strong></span> <span class='ocrx_word' id='word_1_370' title='bbox 527 1859 555 1877; x_wconf 84' lang='grc' dir='ltr'><strong>τε</strong></span> <span class='ocrx_word' id='word_1_371' title='bbox 579 1851 632 1877; x_wconf 81' lang='grc' dir='ltr'>ἀπὸ</span> <span class='ocrx_word' id='word_1_372' title='bbox 654 1851 704 1886; x_wconf 83' lang='grc' dir='ltr'><strong>τῆς</strong></span> <span class='ocrx_word' id='word_1_373' title='bbox 720 1852 805 1886; x_wconf 78' lang='grc' dir='ltr'><strong>ἀρχῆς</strong></span> <span class='ocrx_word' id='word_1_374' title='bbox 825 1851 872 1878; x_wconf 74' lang='grc' dir='ltr'><strong>τοῦ</strong></span> 
     </span>
    </p>
   </div>
   <div class='ocr_carea' id='block_1_54' title="bbox 86 1896 872 1934">
    <p class='ocr_par' dir='ltr' id='par_1_54' title="bbox 86 1896 872 1934">
     <span class='ocr_line' id='line_1_54' title="bbox 86 1896 872 1934; baseline -0.003 -10"><span class='ocrx_word' id='word_1_375' title='bbox 86 1899 174 1934; x_wconf 81' lang='grc' dir='ltr'>μηνὸς</span> <span class='ocrx_word' id='word_1_376' title='bbox 191 1897 294 1924; x_wconf 76' lang='grc' dir='ltr'>ἐκείνου</span> <span class='ocrx_word' id='word_1_377' title='bbox 318 1897 424 1933; x_wconf 74' lang='grc' dir='ltr'>ἡμέρας</span> <span class='ocrx_word' id='word_1_378' title='bbox 441 1897 503 1932; x_wconf 78' lang='grc' dir='ltr'><strong>ἄχρι</strong></span> <span class='ocrx_word' id='word_1_379' title='bbox 522 1897 569 1923; x_wconf 71' lang='grc' dir='ltr'><strong>καὶ</strong></span> <span class='ocrx_word' id='word_1_380' title='bbox 590 1897 676 1931; x_wconf 75' lang='grc' dir='ltr'>αὐτῆς</span> <span class='ocrx_word' id='word_1_381' title='bbox 700 1897 750 1932; x_wconf 76' lang='grc' dir='ltr'><strong>τῆς</strong></span> <span class='ocrx_word' id='word_1_382' title='bbox 775 1896 872 1933; x_wconf 80' lang='grc' dir='ltr'>ζητου-</span> 
     </span>
    </p>
   </div>
   <div class='ocr_carea' id='block_1_55' title="bbox 85 1940 872 1978">
    <p class='ocr_par' dir='ltr' id='par_1_55' title="bbox 85 1940 872 1978">
     <span class='ocr_line' id='line_1_55' title="bbox 85 1940 872 1978; baseline -0.004 -9"><span class='ocrx_word' id='word_1_383' title='bbox 85 1943 185 1978; x_wconf 77' lang='grc' dir='ltr'>μένης,</span> <span class='ocrx_word' id='word_1_384' title='bbox 201 1942 239 1968; x_wconf 75' lang='grc' dir='ltr'>ἔτι</span> <span class='ocrx_word' id='word_1_385' title='bbox 261 1950 290 1968; x_wconf 83' lang='grc' dir='ltr'><strong>τε</strong></span> <span class='ocrx_word' id='word_1_386' title='bbox 314 1942 363 1977; x_wconf 82' lang='grc' dir='ltr'><strong>τὴν</strong></span> <span class='ocrx_word' id='word_1_387' title='bbox 380 1942 502 1976; x_wconf 82' lang='grc' dir='ltr'>ὲπακτὴν</span> <span class='ocrx_word' id='word_1_388' title='bbox 527 1941 573 1967; x_wconf 80' lang='grc' dir='ltr'>τοῦ</span> <span class='ocrx_word' id='word_1_389' title='bbox 592 1941 673 1967; x_wconf 79' lang='grc' dir='ltr'>αὑτοῦ</span> <span class='ocrx_word' id='word_1_390' title='bbox 696 1940 789 1975; x_wconf 75' lang='grc' dir='ltr'>μηνὸς,</span> <span class='ocrx_word' id='word_1_391' title='bbox 812 1941 872 1975; x_wconf 79' lang='grc' dir='ltr'>ἥτις</span> 
     </span>
    </p>
   </div>
   <div class='ocr_carea' id='block_1_56' title="bbox 83 1985 873 2022">
    <p class='ocr_par' dir='ltr' id='par_1_56' title="bbox 83 1985 873 2022">
     <span class='ocr_line' id='line_1_56' title="bbox 83 1985 873 2022; baseline 0.006 -9"><span class='ocrx_word' id='word_1_392' title='bbox 83 1987 160 2014; x_wconf 76' lang='grc' dir='ltr'>ἐστὶν</span> <span class='ocrx_word' id='word_1_393' title='bbox 186 1987 349 2022; x_wconf 81' lang='grc' dir='ltr'>Ὀκτωϐρίου</span> <span class='ocrx_word' id='word_1_394' title='bbox 371 1987 419 2021; x_wconf 82' lang='grc' dir='ltr'>μὲν</span> <span class='ocrx_word' id='word_1_395' title='bbox 438 1986 528 2022; x_wconf 81' lang='grc' dir='ltr'>ἡμέρα</span> <span class='ocrx_word' id='word_1_396' title='bbox 546 1985 580 2012; x_wconf 85' lang='grc' dir='ltr'>α’.</span> <span class='ocrx_word' id='word_1_397' title='bbox 604 1985 668 2011; x_wconf 77' lang='grc' dir='ltr'><strong>Ἀπὸ</strong></span> <span class='ocrx_word' id='word_1_398' title='bbox 684 1985 738 2020; x_wconf 78' lang='grc' dir='ltr'>γὰρ</span> <span class='ocrx_word' id='word_1_399' title='bbox 752 1986 801 2020; x_wconf 81' lang='grc' dir='ltr'><strong>τῆς</strong></span> <span class='ocrx_word' id='word_1_400' title='bbox 824 1994 873 2012; x_wconf 87' lang='grc' dir='ltr'><strong>κυ-</strong></span> 
     </span>
    </p>
   </div>
   <div class='ocr_carea' id='block_1_57' title="bbox 83 2031 872 2068">
    <p class='ocr_par' dir='ltr' id='par_1_57' title="bbox 83 2031 872 2068">
     <span class='ocr_line' id='line_1_57' title="bbox 83 2031 872 2068; baseline -0.005 -8"><span class='ocrx_word' id='word_1_401' title='bbox 83 2034 149 2068; x_wconf 84' lang='grc' dir='ltr'>ρίως</span> <span class='ocrx_word' id='word_1_402' title='bbox 168 2033 254 2068; x_wconf 81' lang='grc' dir='ltr'><strong>ἀρχῆς</strong></span> <span class='ocrx_word' id='word_1_403' title='bbox 268 2032 315 2059; x_wconf 75' lang='grc' dir='ltr'>τοῦ</span> <span class='ocrx_word' id='word_1_404' title='bbox 337 2032 422 2064; x_wconf 77' lang='grc' dir='ltr'><strong>ἔτους,</strong></span> <span class='ocrx_word' id='word_1_405' title='bbox 443 2032 503 2066; x_wconf 77' lang='grc' dir='ltr'>ἥτις</span> <span class='ocrx_word' id='word_1_406' title='bbox 521 2032 594 2058; x_wconf 74' lang='grc' dir='ltr'>ἐστὶν</span> <span class='ocrx_word' id='word_1_407' title='bbox 608 2031 699 2066; x_wconf 81' lang='grc' dir='ltr'>ἡμέρα</span> <span class='ocrx_word' id='word_1_408' title='bbox 716 2033 751 2062; x_wconf 83' lang='grc' dir='ltr'><strong>α’,</strong></span> <span class='ocrx_word' id='word_1_409' title='bbox 767 2031 784 2065; x_wconf 81' lang='grc' dir='ltr'>ἢ</span> <span class='ocrx_word' id='word_1_410' title='bbox 803 2031 872 2057; x_wconf 80' lang='grc' dir='ltr'>κατὰ</span> 
     </span>
    </p>
   </div>
   <div class='ocr_carea' id='block_1_58' title="bbox 82 2076 870 2114">
    <p class='ocr_par' dir='ltr' id='par_1_58' title="bbox 82 2076 870 2114">
     <span class='ocr_line' id='line_1_58' title="bbox 82 2076 870 2114; baseline -0.001 -10"><span class='ocrx_word' id='word_1_411' title='bbox 82 2079 131 2114; x_wconf 83' lang='grc' dir='ltr'>τὴν</span> <span class='ocrx_word' id='word_1_412' title='bbox 149 2083 174 2106; x_wconf 81' lang='grc' dir='ltr'>α’</span> <span class='ocrx_word' id='word_1_413' title='bbox 195 2079 243 2114; x_wconf 83' lang='grc' dir='ltr'><strong>μὲν</strong></span> <span class='ocrx_word' id='word_1_414' title='bbox 258 2079 305 2105; x_wconf 77' lang='grc' dir='ltr'>τοῦ</span> <span class='ocrx_word' id='word_1_415' title='bbox 333 2078 511 2113; x_wconf 81' lang='grc' dir='ltr'><strong>Ὀκτωϐρίου,</strong></span> <span class='ocrx_word' id='word_1_416' title='bbox 534 2078 563 2104; x_wconf 79' lang='grc' dir='ltr'><strong>ὲν</strong></span> <span class='ocrx_word' id='word_1_417' title='bbox 579 2077 672 2113; x_wconf 76' lang='grc' dir='ltr'>ἡμέρᾳ</span> <span class='ocrx_word' id='word_1_418' title='bbox 692 2076 712 2110; x_wconf 83' lang='grc' dir='ltr'><strong>β’</strong></span> <span class='ocrx_word' id='word_1_419' title='bbox 730 2077 870 2112; x_wconf 80' lang='grc' dir='ltr'>γινομένη,</span> 
     </span>
    </p>
   </div>
   <div class='ocr_carea' id='block_1_59' title="bbox 84 2119 518 2161">
    <p class='ocr_par' dir='ltr' id='par_1_59' title="bbox 84 2119 518 2161">
     <span class='ocr_line' id='line_1_59' title="bbox 84 2119 518 2161; baseline -0.005 -9"><span class='ocrx_word' id='word_1_420' title='bbox 84 2126 150 2160; x_wconf 81' lang='grc' dir='ltr'>μιᾶς</span> <span class='ocrx_word' id='word_1_421' title='bbox 163 2119 269 2161; x_wconf 72' lang='grc' dir='ltr'>ἡμέρας</span> <span class='ocrx_word' id='word_1_422' title='bbox 280 2126 351 2151; x_wconf 83' lang='grc' dir='ltr'>ποιεῖ</span> <span class='ocrx_word' id='word_1_423' title='bbox 364 2123 518 2160; x_wconf 79' lang='grc' dir='ltr'>μετάθεσιν.</span> 
     </span>
    </p>
   </div>
   <div class='ocr_carea' id='block_1_60' title="bbox 300 2179 590 2207">
    <p class='ocr_par' dir='ltr' id='par_1_60' title="bbox 300 2179 590 2207">
     <span class='ocr_line' id='line_1_60' title="bbox 300 2179 590 2207; baseline -0.003 -1"><span class='ocrx_word' id='word_1_424' title='bbox 300 2180 414 2207; x_wconf 82' lang='grc' dir='ltr'>Ὀκτώϐ.</span> <span class='ocrx_word' id='word_1_425' title='bbox 505 2179 543 2206; x_wconf 84' lang='grc' dir='ltr'><strong>λα’</strong></span> <span class='ocrx_word' id='word_1_426' title='bbox 565 2184 590 2205; x_wconf 91' lang='grc' dir='ltr'>α’</span> 
     </span>
    </p>
   </div>
   <div class='ocr_carea' id='block_1_61' title="bbox 295 2214 589 2250">
    <p class='ocr_par' dir='ltr' id='par_1_61' title="bbox 295 2214 589 2250">
     <span class='ocr_line' id='line_1_61' title="bbox 295 2214 589 2250; baseline -0.007 -8"><span class='ocrx_word' id='word_1_427' title='bbox 295 2215 446 2250; x_wconf 81' lang='grc' dir='ltr'>Νοὲμϐριος</span> <span class='ocrx_word' id='word_1_428' title='bbox 523 2214 545 2241; x_wconf 84' lang='grc' dir='ltr'>λ’</span> <span class='ocrx_word' id='word_1_429' title='bbox 568 2214 589 2240; x_wconf 90' lang='grc' dir='ltr'><strong>δ’</strong></span> 
     </span>
    </p>
   </div>
   <div class='ocr_carea' id='block_1_62' title="bbox 294 2250 589 2284">
    <p class='ocr_par' dir='ltr' id='par_1_62' title="bbox 294 2250 589 2284">
     <span class='ocr_line' id='line_1_62' title="bbox 294 2250 589 2284; baseline 0 -8"><span class='ocrx_word' id='word_1_430' title='bbox 294 2250 411 2284; x_wconf 79' lang='grc' dir='ltr'>Δεκέμϐ.</span> <span class='ocrx_word' id='word_1_431' title='bbox 507 2250 545 2276; x_wconf 79' lang='grc' dir='ltr'><strong>λα’</strong></span> <span class='ocrx_word' id='word_1_432' title='bbox 563 2253 589 2282; x_wconf 88' lang='grc' dir='ltr'><strong>ς’</strong></span> 
     </span>
    </p>
   </div>
   <div class='ocr_carea' id='block_1_63' title="bbox 301 2284 588 2320">
    <p class='ocr_par' dir='ltr' id='par_1_63' title="bbox 301 2284 588 2320">
     <span class='ocr_line' id='line_1_63' title="bbox 301 2284 588 2320; baseline -0.003 -8"><span class='ocrx_word' id='word_1_433' title='bbox 301 2285 430 2320; x_wconf 85' lang='grc' dir='ltr'><strong>Ἰανουάρ.</strong></span> <span class='ocrx_word' id='word_1_434' title='bbox 505 2285 546 2311; x_wconf 81' lang='grc' dir='ltr'><strong>λα’</strong></span> <span class='ocrx_word' id='word_1_435' title='bbox 566 2284 588 2319; x_wconf 90' lang='grc' dir='ltr'><strong>β’</strong></span> 
     </span>
    </p>
   </div>
   <div class='ocr_carea' id='block_1_64' title="bbox 298 2321 590 2356">
    <p class='ocr_par' dir='ltr' id='par_1_64' title="bbox 298 2321 590 2356">
     <span class='ocr_line' id='line_1_64' title="bbox 298 2321 590 2356; baseline -0.003 -10"><span class='ocrx_word' id='word_1_436' title='bbox 298 2321 448 2356; x_wconf 78' lang='grc' dir='ltr'>Φεϐρουάρ.</span> <span class='ocrx_word' id='word_1_437' title='bbox 503 2323 546 2356; x_wconf 77' lang='grc' dir='ltr'><strong>κη’</strong></span> <span class='ocrx_word' id='word_1_438' title='bbox 570 2323 590 2345; x_wconf 87' lang='grc' dir='ltr'>ε’</span> 
     </span>
    </p>
   </div>
   <div class='ocr_carea' id='block_1_65' title="bbox 297 2355 591 2391">
    <p class='ocr_par' dir='ltr' id='par_1_65' title="bbox 297 2355 591 2391">
     <span class='ocr_line' id='line_1_65' title="bbox 297 2355 591 2391; baseline -0.003 -9"><span class='ocrx_word' id='word_1_439' title='bbox 297 2355 428 2391; x_wconf 72' lang='grc' dir='ltr'><strong>Μάρτιοςζ</strong></span> <span class='ocrx_word' id='word_1_440' title='bbox 507 2355 547 2391; x_wconf 75' lang='grc' dir='ltr'><strong>λα’</strong></span> <span class='ocrx_word' id='word_1_441' title='bbox 571 2358 591 2381; x_wconf 85' lang='grc' dir='ltr'>ε’</span> 
     </span>
    </p>
   </div>
   <div class='ocr_carea' id='block_1_66' title="bbox 304 2390 590 2426">
    <p class='ocr_par' dir='ltr' id='par_1_66' title="bbox 304 2390 590 2426">
     <span class='ocr_line' id='line_1_66' title="bbox 304 2390 590 2426; baseline -0.003 -9"><span class='ocrx_word' id='word_1_442' title='bbox 304 2390 439 2426; x_wconf 77' lang='grc' dir='ltr'>Ἀπρίλιος</span> <span class='ocrx_word' id='word_1_443' title='bbox 509 2425 512 2426; x_wconf 20' lang='grc' dir='ltr'><em>ν</em></span> <span class='ocrx_word' id='word_1_444' title='bbox 526 2390 547 2416; x_wconf 93' lang='grc' dir='ltr'>λ’</span> <span class='ocrx_word' id='word_1_445' title='bbox 567 2393 590 2416; x_wconf 84' lang='grc' dir='ltr'>α’</span> 
     </span>
    </p>
   </div>
   <div class='ocr_carea' id='block_1_67' title="bbox 296 2425 590 2458">
    <p class='ocr_par' dir='ltr' id='par_1_67' title="bbox 296 2425 590 2458">
     <span class='ocr_line' id='line_1_67' title="bbox 296 2425 590 2458; baseline -0.007 -5"><span class='ocrx_word' id='word_1_446' title='bbox 296 2425 384 2457; x_wconf 77' lang='grc' dir='ltr'><strong>Μάϊος</strong></span> <span class='ocrx_word' id='word_1_447' title='bbox 507 2425 546 2451; x_wconf 75' lang='grc' dir='ltr'><strong>λα’</strong></span> <span class='ocrx_word' id='word_1_448' title='bbox 566 2429 590 2458; x_wconf 87' lang='grc' dir='ltr'><strong>γ’</strong></span> 
     </span>
    </p>
   </div>
   <div class='ocr_carea' id='block_1_68' title="bbox 301 2460 589 2493">
    <p class='ocr_par' dir='ltr' id='par_1_68' title="bbox 301 2460 589 2493">
     <span class='ocr_line' id='line_1_68' title="bbox 301 2460 589 2493; baseline 0.003 -6"><span class='ocrx_word' id='word_1_449' title='bbox 301 2462 409 2493; x_wconf 80' lang='grc' dir='ltr'><strong>Ἰούνιος</strong></span> <span class='ocrx_word' id='word_1_450' title='bbox 523 2460 546 2486; x_wconf 84' lang='grc' dir='ltr'>λ’</span> <span class='ocrx_word' id='word_1_451' title='bbox 562 2463 589 2492; x_wconf 73' lang='grc' dir='ltr'><strong>ς’</strong></span> 
     </span>
    </p>
   </div>
   <div class='ocr_carea' id='block_1_69' title="bbox 301 2495 589 2527">
    <p class='ocr_par' dir='ltr' id='par_1_69' title="bbox 301 2495 589 2527">
     <span class='ocr_line' id='line_1_69' title="bbox 301 2495 589 2527; baseline -0.01 -4"><span class='ocrx_word' id='word_1_452' title='bbox 301 2497 408 2527; x_wconf 81' lang='grc' dir='ltr'><strong>Ἰούλιος</strong></span> <span class='ocrx_word' id='word_1_453' title='bbox 505 2495 545 2521; x_wconf 71' lang='grc' dir='ltr'><strong>λα’</strong></span> <span class='ocrx_word' id='word_1_454' title='bbox 564 2498 589 2521; x_wconf 84' lang='grc' dir='ltr'>α’</span> 
     </span>
    </p>
   </div>
   <div class='ocr_carea' id='block_1_70' title="bbox 295 2530 588 2565">
    <p class='ocr_par' dir='ltr' id='par_1_70' title="bbox 295 2530 588 2565">
     <span class='ocr_line' id='line_1_70' title="bbox 295 2530 588 2565; baseline -0.007 -7"><span class='ocrx_word' id='word_1_455' title='bbox 295 2531 447 2565; x_wconf 81' lang='grc' dir='ltr'><strong>Λῦγουστος</strong></span> <span class='ocrx_word' id='word_1_456' title='bbox 504 2531 543 2556; x_wconf 73' lang='grc' dir='ltr'><strong>λα’</strong></span> <span class='ocrx_word' id='word_1_457' title='bbox 567 2530 588 2556; x_wconf 88' lang='grc' dir='ltr'><strong>δ’</strong></span> 
     </span>
    </p>
   </div>
   <div class='ocr_carea' id='block_1_71' title="bbox 295 2565 588 2601">
    <p class='ocr_par' dir='ltr' id='par_1_71' title="bbox 295 2565 588 2601">
     <span class='ocr_line' id='line_1_71' title="bbox 295 2565 588 2601; baseline -0.003 -9"><span class='ocrx_word' id='word_1_458' title='bbox 295 2566 430 2601; x_wconf 77' lang='grc' dir='ltr'>Σεπτέμϐ.</span> <span class='ocrx_word' id='word_1_459' title='bbox 525 2565 546 2591; x_wconf 85' lang='grc' dir='ltr'>λ’</span> <span class='ocrx_word' id='word_1_460' title='bbox 566 2565 588 2596; x_wconf 74' lang='grc' dir='ltr'><strong>ξ’</strong></span> 
     </span>
    </p>
   </div>
   <div class='ocr_carea' id='block_1_72' title="bbox 115 2621 869 2658">
    <p class='ocr_par' dir='ltr' id='par_1_72' title="bbox 115 2621 869 2658">
     <span class='ocr_line' id='line_1_72' title="bbox 115 2621 869 2658; baseline -0.005 -7"><span class='ocrx_word' id='word_1_461' title='bbox 115 2626 175 2652; x_wconf 75' lang='grc' dir='ltr'>Καὶ</span> <span class='ocrx_word' id='word_1_462' title='bbox 193 2625 264 2651; x_wconf 77' lang='grc' dir='ltr'>τοῦτ’</span> <span class='ocrx_word' id='word_1_463' title='bbox 276 2624 348 2650; x_wconf 76' lang='grc' dir='ltr'>ἐστὶν</span> <span class='ocrx_word' id='word_1_464' title='bbox 361 2624 428 2658; x_wconf 78' lang='grc' dir='ltr'>ὅπερ</span> <span class='ocrx_word' id='word_1_465' title='bbox 442 2622 488 2649; x_wconf 75' lang='grc' dir='ltr'><strong>καὶ</strong></span> <span class='ocrx_word' id='word_1_466' title='bbox 503 2623 631 2657; x_wconf 81' lang='grc' dir='ltr'><strong>ἀνωτέρω</strong></span> <span class='ocrx_word' id='word_1_467' title='bbox 641 2622 783 2656; x_wconf 75' lang='grc' dir='ltr'>ἐλέγομεν,</span> <span class='ocrx_word' id='word_1_468' title='bbox 794 2621 869 2648; x_wconf 84' lang='grc' dir='ltr'>λύον-</span> 
     </span>
    </p>
   </div>
   <div class='ocr_carea' id='block_1_73' title="bbox 74 2666 869 2705">
    <p class='ocr_par' dir='ltr' id='par_1_73' title="bbox 74 2666 869 2705">
     <span class='ocr_line' id='line_1_73' title="bbox 74 2666 869 2705; baseline -0.008 -8"><span class='ocrx_word' id='word_1_469' title='bbox 74 2680 124 2703; x_wconf 78' lang='grc' dir='ltr'>τες</span> <span class='ocrx_word' id='word_1_470' title='bbox 139 2670 190 2705; x_wconf 77' lang='grc' dir='ltr'>τὴν</span> <span class='ocrx_word' id='word_1_471' title='bbox 205 2668 421 2704; x_wconf 78' lang='grc' dir='ltr'>ἀναφαινομένην</span> <span class='ocrx_word' id='word_1_472' title='bbox 444 2667 571 2703; x_wconf 81' lang='grc' dir='ltr'><strong>ἀπορίαν.</strong></span> <span class='ocrx_word' id='word_1_473' title='bbox 588 2667 643 2693; x_wconf 77' lang='grc' dir='ltr'><strong>Καὶ</strong></span> <span class='ocrx_word' id='word_1_474' title='bbox 661 2666 761 2701; x_wconf 73' lang='grc' dir='ltr'>ἑφεξῆς</span> <span class='ocrx_word' id='word_1_475' title='bbox 781 2667 869 2701; x_wconf 84' lang='grc' dir='ltr'>Νοεμ-</span> 
     </span>
    </p>
   </div>
   <div class='ocr_carea' id='block_1_74' title="bbox 76 2711 868 2753">
    <p class='ocr_par' dir='ltr' id='par_1_74' title="bbox 76 2711 868 2753">
     <span class='ocr_line' id='line_1_74' title="bbox 76 2711 868 2753; baseline -0.008 -10"><span class='ocrx_word' id='word_1_476' title='bbox 76 2717 160 2753; x_wconf 71' lang='grc' dir='ltr'>ϐρίου</span> <span class='ocrx_word' id='word_1_477' title='bbox 175 2716 277 2751; x_wconf 76' lang='grc' dir='ltr'>ἡμέραι</span> <span class='ocrx_word' id='word_1_478' title='bbox 298 2715 328 2741; x_wconf 85' lang='grc' dir='ltr'><strong>δ’.</strong></span> <span class='ocrx_word' id='word_1_479' title='bbox 352 2713 475 2745; x_wconf 78' lang='grc' dir='ltr'>Ὄτι,λα’</span> <span class='ocrx_word' id='word_1_480' title='bbox 498 2713 603 2748; x_wconf 84' lang='grc' dir='ltr'>ἡμέρας</span> <span class='ocrx_word' id='word_1_481' title='bbox 626 2711 674 2738; x_wconf 76' lang='grc' dir='ltr'><strong>τοῦ</strong></span> <span class='ocrx_word' id='word_1_482' title='bbox 701 2711 868 2747; x_wconf 85' lang='grc' dir='ltr'>Ὀκτωϐρίου</span> 
     </span>
    </p>
   </div>
   <div class='ocr_carea' id='block_1_75' title="bbox 74 2757 869 2798">
    <p class='ocr_par' dir='ltr' id='par_1_75' title="bbox 74 2757 869 2798">
     <span class='ocr_line' id='line_1_75' title="bbox 74 2757 869 2798; baseline -0.008 -9"><span class='ocrx_word' id='word_1_483' title='bbox 74 2763 199 2798; x_wconf 72' lang='grc' dir='ltr'>ἔχοντες,</span> <span class='ocrx_word' id='word_1_484' title='bbox 215 2762 314 2797; x_wconf 84' lang='grc' dir='ltr'>ἡμέραι</span> <span class='ocrx_word' id='word_1_485' title='bbox 332 2764 356 2794; x_wconf 80' lang='grc' dir='ltr'><strong>γ’</strong></span> <span class='ocrx_word' id='word_1_486' title='bbox 377 2759 445 2795; x_wconf 85' lang='grc' dir='ltr'>μετὰ</span> <span class='ocrx_word' id='word_1_487' title='bbox 462 2759 513 2790; x_wconf 80' lang='grc' dir='ltr'><strong>τὰς</strong></span> <span class='ocrx_word' id='word_1_488' title='bbox 530 2759 551 2785; x_wconf 88' lang='grc' dir='ltr'><strong>δ’</strong></span> <span class='ocrx_word' id='word_1_489' title='bbox 567 2757 773 2794; x_wconf 85' lang='grc' dir='ltr'>περιττεύουσιν</span> <span class='ocrx_word' id='word_1_490' title='bbox 794 2758 869 2784; x_wconf 80' lang='grc' dir='ltr'><strong>ἑϐδο-</strong></span> 
     </span>
    </p>
   </div>
   <div class='ocr_carea' id='block_1_76' title="bbox 76 2803 867 2843">
    <p class='ocr_par' dir='ltr' id='par_1_76' title="bbox 76 2803 867 2843">
     <span class='ocr_line' id='line_1_76' title="bbox 76 2803 867 2843; baseline -0.009 -8"><span class='ocrx_word' id='word_1_491' title='bbox 76 2808 186 2843; x_wconf 79' lang='grc' dir='ltr'>μάδας·</span> <span class='ocrx_word' id='word_1_492' title='bbox 206 2805 284 2833; x_wconf 69' lang='grc' dir='ltr'>αὗται</span> <span class='ocrx_word' id='word_1_493' title='bbox 297 2806 324 2833; x_wconf 76' lang='grc' dir='ltr'><strong>δὲ</strong></span> <span class='ocrx_word' id='word_1_494' title='bbox 343 2806 410 2841; x_wconf 85' lang='grc' dir='ltr'>μετὰ</span> <span class='ocrx_word' id='word_1_495' title='bbox 430 2805 476 2831; x_wconf 76' lang='grc' dir='ltr'>καὶ</span> <span class='ocrx_word' id='word_1_496' title='bbox 495 2805 544 2839; x_wconf 84' lang='grc' dir='ltr'><strong>τῆς</strong></span> <span class='ocrx_word' id='word_1_497' title='bbox 561 2804 616 2840; x_wconf 81' lang='grc' dir='ltr'><strong>πρὸ</strong></span> <span class='ocrx_word' id='word_1_498' title='bbox 629 2803 676 2830; x_wconf 80' lang='grc' dir='ltr'>τοῦ</span> <span class='ocrx_word' id='word_1_499' title='bbox 702 2803 867 2838; x_wconf 86' lang='grc' dir='ltr'>Ὀκτωϐρίου</span> 
     </span>
    </p>
   </div>
   <div class='ocr_carea' id='block_1_77' title="bbox 76 2849 868 2889">
    <p class='ocr_par' dir='ltr' id='par_1_77' title="bbox 76 2849 868 2889">
     <span class='ocr_line' id='line_1_77' title="bbox 76 2849 868 2889; baseline -0.008 -8"><span class='ocrx_word' id='word_1_500' title='bbox 76 2856 146 2889; x_wconf 84' lang='grc' dir='ltr'>μιᾶς</span> <span class='ocrx_word' id='word_1_501' title='bbox 165 2854 185 2879; x_wconf 81' lang='grc' dir='ltr'><strong>δ’</strong></span> <span class='ocrx_word' id='word_1_502' title='bbox 206 2853 320 2880; x_wconf 74' lang='grc' dir='ltr'>ποιοῦσι.</span> <span class='ocrx_word' id='word_1_503' title='bbox 341 2851 508 2887; x_wconf 85' lang='grc' dir='ltr'>Δεκεμϐρίου</span> <span class='ocrx_word' id='word_1_504' title='bbox 525 2851 553 2878; x_wconf 80' lang='grc' dir='ltr'><strong>δὲ</strong></span> <span class='ocrx_word' id='word_1_505' title='bbox 570 2854 614 2883; x_wconf 85' lang='grc' dir='ltr'><strong>ς’·</strong></span> <span class='ocrx_word' id='word_1_506' title='bbox 633 2851 674 2877; x_wconf 76' lang='grc' dir='ltr'>ὅτι</span> <span class='ocrx_word' id='word_1_507' title='bbox 700 2850 768 2885; x_wconf 80' lang='grc' dir='ltr'>μετὰ</span> <span class='ocrx_word' id='word_1_508' title='bbox 784 2849 833 2880; x_wconf 71' lang='grc' dir='ltr'>τὰς</span> <span class='ocrx_word' id='word_1_509' title='bbox 847 2849 868 2875; x_wconf 86' lang='grc' dir='ltr'><strong>δ’</strong></span> 
     </span>
    </p>
   </div>
   <div class='ocr_carea' id='block_1_78' title="bbox 74 2895 868 2933">
    <p class='ocr_par' dir='ltr' id='par_1_78' title="bbox 74 2895 868 2933">
     <span class='ocr_line' id='line_1_78' title="bbox 74 2895 868 2933; baseline -0.008 -6"><span class='ocrx_word' id='word_1_510' title='bbox 74 2899 232 2932; x_wconf 43' lang='lat' dir='ltr'><strong>saansaan;</strong></span> <span class='ocrx_word' id='word_1_511' title='bbox 246 2900 259 2925; x_wconf 79' lang='grc' dir='ltr'><strong>ὁ</strong></span> <span class='ocrx_word' id='word_1_512' title='bbox 279 2898 427 2933; x_wconf 75' lang='grc' dir='ltr'>Νοέμϐριος</span> <span class='ocrx_word' id='word_1_513' title='bbox 446 2897 467 2932; x_wconf 83' lang='grc' dir='ltr'><strong>β’</strong></span> <span class='ocrx_word' id='word_1_514' title='bbox 490 2897 597 2932; x_wconf 75' lang='grc' dir='ltr'>ἡμέρας</span> <span class='ocrx_word' id='word_1_515' title='bbox 618 2896 673 2932; x_wconf 73' lang='grc' dir='ltr'>ἔχει</span> <span class='ocrx_word' id='word_1_516' title='bbox 695 2895 868 2932; x_wconf 77' lang='grc' dir='ltr'>περιττευού-</span> 
     </span>
    </p>
   </div>
   <div class='ocr_carea' id='block_1_79' title="bbox 927 964 1712 1005">
    <p class='ocr_par' dir='ltr' id='par_1_79' title="bbox 927 964 1712 1005">
     <span class='ocr_line' id='line_1_79' title="bbox 927 964 1712 1005; baseline 0.013 -15"><span class='ocrx_word' id='word_1_517' title='bbox 927 964 1027 996; x_wconf 83' lang='lat' dir='ltr'><strong>cunda,</strong></span> <span class='ocrx_word' id='word_1_518' title='bbox 1049 973 1103 992; x_wconf 89' lang='lat' dir='ltr'><strong>non</strong></span> <span class='ocrx_word' id='word_1_519' title='bbox 1129 966 1228 1000; x_wconf 87' lang='lat' dir='ltr'><strong>prima.</strong></span> <span class='ocrx_word' id='word_1_520' title='bbox 1257 966 1399 995; x_wconf 82' lang='lat' dir='ltr'><strong>Undenam</strong></span> <span class='ocrx_word' id='word_1_521' title='bbox 1420 977 1484 1004; x_wconf 80' lang='lat' dir='ltr'><strong>ergo</strong></span> <span class='ocrx_word' id='word_1_522' title='bbox 1522 972 1615 1005; x_wconf 57' lang='lat' dir='ltr'><strong>primae</strong></span> <span class='ocrx_word' id='word_1_523' title='bbox 1638 973 1712 1000; x_wconf 91' lang='lat' dir='ltr'><strong>illius</strong></span> 
     </span>
    </p>
   </div>
   <div class='ocr_carea' id='block_1_80' title="bbox 926 1010 1711 1046">
    <p class='ocr_par' dir='ltr' id='par_1_80' title="bbox 926 1010 1711 1046">
     <span class='ocr_line' id='line_1_80' title="bbox 926 1010 1711 1046; baseline 0.013 -10"><span class='ocrx_word' id='word_1_524' title='bbox 926 1010 980 1038; x_wconf 91' lang='lat' dir='ltr'><strong>diei</strong></span> <span class='ocrx_word' id='word_1_525' title='bbox 1005 1010 1154 1039; x_wconf 84' lang='lat' dir='ltr'><strong>discrimen</strong></span> <span class='ocrx_word' id='word_1_526' title='bbox 1187 1013 1309 1040; x_wconf 69' lang='lat' dir='ltr'><strong>accidit?</strong></span> <span class='ocrx_word' id='word_1_527' title='bbox 1337 1014 1384 1041; x_wconf 87' lang='lat' dir='ltr'><strong>Est</strong></span> <span class='ocrx_word' id='word_1_528' title='bbox 1402 1015 1459 1042; x_wconf 75' lang='lat' dir='ltr'><strong>haec</strong></span> <span class='ocrx_word' id='word_1_529' title='bbox 1485 1016 1542 1044; x_wconf 76' lang='lat' dir='ltr'><strong>fere</strong></span> <span class='ocrx_word' id='word_1_530' title='bbox 1568 1017 1711 1046; x_wconf 79' lang='lat' dir='ltr'><strong>dubitandi</strong></span> 
     </span>
    </p>
   </div>
   <div class='ocr_carea' id='block_1_81' title="bbox 926 1055 1603 1089">
    <p class='ocr_par' dir='ltr' id='par_1_81' title="bbox 926 1055 1603 1089">
     <span class='ocr_line' id='line_1_81' title="bbox 926 1055 1603 1089; baseline 0.013 -9"><span class='ocrx_word' id='word_1_531' title='bbox 926 1055 996 1081; x_wconf 82' lang='lat' dir='ltr'><strong>ratio</strong></span> <span class='ocrx_word' id='word_1_532' title='bbox 1011 1064 1017 1082; x_wconf 89' lang='lat'>:</span> <span class='ocrx_word' id='word_1_533' title='bbox 1037 1055 1080 1082; x_wconf 90' lang='lat' dir='ltr'><strong>cui</strong></span> <span class='ocrx_word' id='word_1_534' title='bbox 1101 1063 1151 1083; x_wconf 90' lang='lat' dir='ltr'><strong>nos</strong></span> <span class='ocrx_word' id='word_1_535' title='bbox 1169 1062 1353 1086; x_wconf 88' lang='lat' dir='ltr'><strong>consentanee</strong></span> <span class='ocrx_word' id='word_1_536' title='bbox 1363 1060 1404 1086; x_wconf 87' lang='lat' dir='ltr'><strong>sic</strong></span> <span class='ocrx_word' id='word_1_537' title='bbox 1419 1063 1603 1089; x_wconf 87' lang='lat' dir='ltr'><strong>occurrimus.</strong></span> 
     </span>
    </p>
   </div>
   <div class='ocr_carea' id='block_1_82' title="bbox 963 1099 1711 1143">
    <p class='ocr_par' dir='ltr' id='par_1_82' title="bbox 963 1099 1711 1143">
     <span class='ocr_line' id='line_1_82' title="bbox 963 1099 1711 1143; baseline 0.013 -18"><span class='ocrx_word' id='word_1_538' title='bbox 963 1099 1061 1127; x_wconf 82' lang='lat' dir='ltr'><strong>Verum</strong></span> <span class='ocrx_word' id='word_1_539' title='bbox 1076 1102 1140 1128; x_wconf 82' lang='lat' dir='ltr'><strong>anni</strong></span> <span class='ocrx_word' id='word_1_540' title='bbox 1155 1102 1346 1136; x_wconf 88' lang='lat' dir='ltr'><strong>primordium,</strong></span> <span class='ocrx_word' id='word_1_541' title='bbox 1364 1103 1415 1132; x_wconf 88' lang='lat' dir='ltr'><strong>hoc</strong></span> <span class='ocrx_word' id='word_1_542' title='bbox 1439 1110 1480 1132; x_wconf 81' lang='lat' dir='ltr'><strong>est</strong></span> <span class='ocrx_word' id='word_1_543' title='bbox 1495 1105 1554 1134; x_wconf 88' lang='lat' dir='ltr'><strong>dies</strong></span> <span class='ocrx_word' id='word_1_544' title='bbox 1572 1107 1627 1139; x_wconf 86' lang='lat' dir='ltr'><strong>illa,</strong></span> <span class='ocrx_word' id='word_1_545' title='bbox 1656 1115 1711 1143; x_wconf 86' lang='lat' dir='ltr'><strong>qua</strong></span> 
     </span>
    </p>
   </div>
   <div class='ocr_carea' id='block_1_83' title="bbox 925 1147 1711 1181">
    <p class='ocr_par' dir='ltr' id='par_1_83' title="bbox 925 1147 1711 1181">
     <span class='ocr_line' id='line_1_83' title="bbox 925 1147 1711 1181; baseline 0.01 -8"><span class='ocrx_word' id='word_1_546' title='bbox 925 1154 1016 1174; x_wconf 91' lang='lat' dir='ltr'><strong>rerum</strong></span> <span class='ocrx_word' id='word_1_547' title='bbox 1044 1147 1165 1174; x_wconf 94' lang='lat' dir='ltr'><strong>omnium</strong></span> <span class='ocrx_word' id='word_1_548' title='bbox 1198 1149 1365 1176; x_wconf 89' lang='lat' dir='ltr'><strong>molitionem</strong></span> <span class='ocrx_word' id='word_1_549' title='bbox 1392 1157 1485 1178; x_wconf 89' lang='lat' dir='ltr'><strong>earum</strong></span> <span class='ocrx_word' id='word_1_550' title='bbox 1512 1152 1610 1179; x_wconf 83' lang='lat' dir='ltr'><strong>artifex</strong></span> <span class='ocrx_word' id='word_1_551' title='bbox 1640 1153 1711 1181; x_wconf 85' lang='lat' dir='ltr'><strong>Deus</strong></span> 
     </span>
    </p>
   </div>
   <div class='ocr_carea' id='block_1_84' title="bbox 926 1191 1710 1231">
    <p class='ocr_par' dir='ltr' id='par_1_84' title="bbox 926 1191 1710 1231">
     <span class='ocr_line' id='line_1_84' title="bbox 926 1191 1710 1231; baseline 0.01 -13"><span class='ocrx_word' id='word_1_552' title='bbox 926 1191 1055 1224; x_wconf 86' lang='lat' dir='ltr'><strong>instituit,</strong></span> <span class='ocrx_word' id='word_1_553' title='bbox 1068 1193 1202 1220; x_wconf 88' lang='lat' dir='ltr'><strong>incertum</strong></span> <span class='ocrx_word' id='word_1_554' title='bbox 1214 1197 1256 1221; x_wconf 90' lang='lat' dir='ltr'><strong>est</strong></span> <span class='ocrx_word' id='word_1_555' title='bbox 1270 1202 1350 1229; x_wconf 88' lang='lat' dir='ltr'><strong>quam</strong></span> <span class='ocrx_word' id='word_1_556' title='bbox 1366 1195 1393 1222; x_wconf 96' lang='lat' dir='ltr'><strong>in</strong></span> <span class='ocrx_word' id='word_1_557' title='bbox 1408 1197 1471 1222; x_wconf 90' lang='lat' dir='ltr'><strong>anni</strong></span> <span class='ocrx_word' id='word_1_558' title='bbox 1486 1196 1557 1224; x_wconf 90' lang='lat' dir='ltr'><strong>diem</strong></span> <span class='ocrx_word' id='word_1_559' title='bbox 1573 1198 1710 1231; x_wconf 86' lang='lat' dir='ltr'><strong>inciderit,</strong></span> 
     </span>
    </p>
   </div>
   <div class='ocr_carea' id='block_1_85' title="bbox 925 1238 1711 1279">
    <p class='ocr_par' dir='ltr' id='par_1_85' title="bbox 925 1238 1711 1279">
     <span class='ocr_line' id='line_1_85' title="bbox 925 1238 1711 1279; baseline 0.01 -15"><span class='ocrx_word' id='word_1_560' title='bbox 925 1245 987 1265; x_wconf 93' lang='lat' dir='ltr'><strong>cum</strong></span> <span class='ocrx_word' id='word_1_561' title='bbox 1012 1238 1057 1265; x_wconf 86' lang='lat' dir='ltr'><strong>alii</strong></span> <span class='ocrx_word' id='word_1_562' title='bbox 1087 1239 1139 1265; x_wconf 83' lang='lat' dir='ltr'><strong>alia</strong></span> <span class='ocrx_word' id='word_1_563' title='bbox 1165 1244 1276 1266; x_wconf 86' lang='lat' dir='ltr'><strong>sumant</strong></span> <span class='ocrx_word' id='word_1_564' title='bbox 1303 1248 1436 1268; x_wconf 86' lang='lat' dir='ltr'><strong>annorum</strong></span> <span class='ocrx_word' id='word_1_565' title='bbox 1457 1242 1578 1270; x_wconf 82' lang='lat' dir='ltr'><strong>exordia.</strong></span> <span class='ocrx_word' id='word_1_566' title='bbox 1606 1244 1711 1279; x_wconf 85' lang='lat' dir='ltr'><strong>Quippe</strong></span> 
     </span>
    </p>
   </div>
   <div class='ocr_carea' id='block_1_86' title="bbox 925 1284 1710 1324">
    <p class='ocr_par' dir='ltr' id='par_1_86' title="bbox 925 1284 1710 1324">
     <span class='ocr_line' id='line_1_86' title="bbox 925 1284 1710 1324; baseline 0.01 -14"><span class='ocrx_word' id='word_1_567' title='bbox 925 1284 1035 1312; x_wconf 78' lang='lat' dir='ltr'><strong>ineunte</strong></span> <span class='ocrx_word' id='word_1_568' title='bbox 1061 1284 1214 1320; x_wconf 82' lang='lat' dir='ltr'><strong>Septembri</strong></span> <span class='ocrx_word' id='word_1_569' title='bbox 1241 1291 1344 1320; x_wconf 66' lang='lat' dir='ltr'><strong>nestro,</strong></span> <span class='ocrx_word' id='word_1_570' title='bbox 1369 1289 1415 1323; x_wconf 91' lang='lat' dir='ltr'><strong>qui</strong></span> <span class='ocrx_word' id='word_1_571' title='bbox 1439 1296 1540 1316; x_wconf 86' lang='lat' dir='ltr'><strong>annum</strong></span> <span class='ocrx_word' id='word_1_572' title='bbox 1565 1290 1635 1324; x_wconf 90' lang='lat' dir='ltr'><strong>apud</strong></span> <span class='ocrx_word' id='word_1_573' title='bbox 1659 1299 1710 1319; x_wconf 90' lang='lat' dir='ltr'><strong>nos</strong></span> 
     </span>
    </p>
   </div>
   <div class='ocr_carea' id='block_1_87' title="bbox 925 1330 1712 1366">
    <p class='ocr_par' dir='ltr' id='par_1_87' title="bbox 925 1330 1712 1366">
     <span class='ocr_line' id='line_1_87' title="bbox 925 1330 1712 1366; baseline 0.009 -8"><span class='ocrx_word' id='word_1_574' title='bbox 925 1330 1041 1362; x_wconf 86' lang='lat' dir='ltr'><strong>orditur,</strong></span> <span class='ocrx_word' id='word_1_575' title='bbox 1069 1331 1184 1365; x_wconf 86' lang='lat' dir='ltr'><strong>septima</strong></span> <span class='ocrx_word' id='word_1_576' title='bbox 1215 1337 1257 1359; x_wconf 85' lang='lat' dir='ltr'><strong>est</strong></span> <span class='ocrx_word' id='word_1_577' title='bbox 1284 1332 1371 1366; x_wconf 82' lang='lat' dir='ltr'><strong>feria;</strong></span> <span class='ocrx_word' id='word_1_578' title='bbox 1388 1342 1451 1362; x_wconf 90' lang='lat' dir='ltr'><strong>cum</strong></span> <span class='ocrx_word' id='word_1_579' title='bbox 1481 1340 1570 1363; x_wconf 87' lang='lat' dir='ltr'><strong>autem</strong></span> <span class='ocrx_word' id='word_1_580' title='bbox 1592 1336 1712 1365; x_wconf 84' lang='lat' dir='ltr'><strong>October</strong></span> 
     </span>
    </p>
   </div>
   <div class='ocr_carea' id='block_1_88' title="bbox 925 1375 1708 1416">
    <p class='ocr_par' dir='ltr' id='par_1_88' title="bbox 925 1375 1708 1416">
     <span class='ocr_line' id='line_1_88' title="bbox 925 1375 1708 1416; baseline 0.01 -14"><span class='ocrx_word' id='word_1_581' title='bbox 925 1375 1032 1410; x_wconf 88' lang='lat' dir='ltr'><strong>incipit,</strong></span> <span class='ocrx_word' id='word_1_582' title='bbox 1048 1377 1177 1403; x_wconf 84' lang='lat' dir='ltr'><strong>secunda.</strong></span> <span class='ocrx_word' id='word_1_583' title='bbox 1195 1376 1258 1404; x_wconf 86' lang='lat' dir='ltr'><strong>Ideo</strong></span> <span class='ocrx_word' id='word_1_584' title='bbox 1268 1378 1302 1405; x_wconf 86' lang='lat' dir='ltr'><strong>ad</strong></span> <span class='ocrx_word' id='word_1_585' title='bbox 1317 1380 1381 1406; x_wconf 82' lang='lat' dir='ltr'><strong>anni</strong></span> <span class='ocrx_word' id='word_1_586' title='bbox 1395 1380 1561 1415; x_wconf 85' lang='lat' dir='ltr'><strong>principium</strong></span> <span class='ocrx_word' id='word_1_587' title='bbox 1576 1383 1708 1416; x_wconf 81' lang='lat' dir='ltr'><strong>aptiorem</strong></span> 
     </span>
    </p>
   </div>
   <div class='ocr_carea' id='block_1_89' title="bbox 924 1421 1709 1461">
    <p class='ocr_par' dir='ltr' id='par_1_89' title="bbox 924 1421 1709 1461">
     <span class='ocr_line' id='line_1_89' title="bbox 924 1421 1709 1461; baseline 0.011 -14"><span class='ocrx_word' id='word_1_588' title='bbox 924 1421 1052 1450; x_wconf 68' lang='lat' dir='ltr'><strong>duximus</strong></span> <span class='ocrx_word' id='word_1_589' title='bbox 1073 1422 1228 1457; x_wconf 77' lang='lat' dir='ltr'><strong>Septembri</strong></span> <span class='ocrx_word' id='word_1_590' title='bbox 1244 1424 1382 1452; x_wconf 86' lang='lat' dir='ltr'><strong>ineuntem</strong></span> <span class='ocrx_word' id='word_1_591' title='bbox 1400 1425 1557 1454; x_wconf 89' lang='lat' dir='ltr'><strong>Octobrem.</strong></span> <span class='ocrx_word' id='word_1_592' title='bbox 1583 1428 1660 1461; x_wconf 77' lang='lat' dir='ltr'><strong>Quod</strong></span> <span class='ocrx_word' id='word_1_593' title='bbox 1681 1430 1709 1457; x_wconf 87' lang='lat' dir='ltr'><strong>in</strong></span> 
     </span>
    </p>
   </div>
   <div class='ocr_carea' id='block_1_90' title="bbox 925 1465 1710 1504">
    <p class='ocr_par' dir='ltr' id='par_1_90' title="bbox 925 1465 1710 1504">
     <span class='ocr_line' id='line_1_90' title="bbox 925 1465 1710 1504; baseline 0.013 -12"><span class='ocrx_word' id='word_1_594' title='bbox 925 1465 1048 1500; x_wconf 85' lang='lat' dir='ltr'><strong>subjecta</strong></span> <span class='ocrx_word' id='word_1_595' title='bbox 1078 1467 1207 1494; x_wconf 87' lang='lat' dir='ltr'><strong>methodo</strong></span> <span class='ocrx_word' id='word_1_596' title='bbox 1228 1469 1424 1504; x_wconf 76' lang='lat' dir='ltr'><strong>investigandae</strong></span> <span class='ocrx_word' id='word_1_597' title='bbox 1450 1471 1524 1499; x_wconf 67' lang='lat' dir='ltr'><strong>terim</strong></span> <span class='ocrx_word' id='word_1_598' title='bbox 1556 1474 1710 1502; x_wconf 80' lang='lat' dir='ltr'><strong>evidentius</strong></span> 
     </span>
    </p>
   </div>
   <div class='ocr_carea' id='block_1_91' title="bbox 925 1512 1566 1547">
    <p class='ocr_par' dir='ltr' id='par_1_91' title="bbox 925 1512 1566 1547">
     <span class='ocr_line' id='line_1_91' title="bbox 925 1512 1566 1547; baseline 0.012 -10"><span class='ocrx_word' id='word_1_599' title='bbox 925 1512 1075 1546; x_wconf 79' lang='lat' dir='ltr'><strong>apparebit,</strong></span> <span class='ocrx_word' id='word_1_600' title='bbox 1088 1520 1149 1547; x_wconf 56' lang='lat' dir='ltr'><strong>quae</strong></span> <span class='ocrx_word' id='word_1_601' title='bbox 1163 1513 1197 1540; x_wconf 86' lang='lat' dir='ltr'><strong>ad</strong></span> <span class='ocrx_word' id='word_1_602' title='bbox 1214 1513 1286 1541; x_wconf 89' lang='lat' dir='ltr'><strong>hunc</strong></span> <span class='ocrx_word' id='word_1_603' title='bbox 1302 1516 1411 1542; x_wconf 91' lang='lat' dir='ltr'><strong>modum</strong></span> <span class='ocrx_word' id='word_1_604' title='bbox 1430 1524 1459 1544; x_wconf 85' lang='lat' dir='ltr'><strong>se</strong></span> <span class='ocrx_word' id='word_1_605' title='bbox 1476 1517 1566 1545; x_wconf 82' lang='lat' dir='ltr'><strong>habet.</strong></span> 
     </span>
    </p>
   </div>
   <div class='ocr_carea' id='block_1_92' title="bbox 1099 1614 1536 1652">
    <p class='ocr_par' dir='ltr' id='par_1_92' title="bbox 1099 1614 1536 1652">
     <span class='ocr_line' id='line_1_92' title="bbox 1099 1614 1536 1652; baseline 0.011 -12"><span class='ocrx_word' id='word_1_606' title='bbox 1099 1614 1239 1642; x_wconf 71' lang='lat' dir='ltr'><strong>Met/rodas</strong></span> <span class='ocrx_word' id='word_1_607' title='bbox 1257 1616 1443 1651; x_wconf 65' lang='lat' dir='ltr'><strong>investiganda’</strong></span> <span class='ocrx_word' id='word_1_608' title='bbox 1454 1618 1536 1652; x_wconf 70' lang='lat' dir='ltr'><strong>ferire.</strong></span> 
     </span>
    </p>
   </div>
   <div class='ocr_carea' id='block_1_93' title="bbox 960 1658 1709 1700">
    <p class='ocr_par' dir='ltr' id='par_1_93' title="bbox 960 1658 1709 1700">
     <span class='ocr_line' id='line_1_93' title="bbox 960 1658 1709 1700; baseline 0.012 -15"><span class='ocrx_word' id='word_1_609' title='bbox 960 1658 1005 1687; x_wconf 85' lang='lat' dir='ltr'><strong>1V.</strong></span> <span class='ocrx_word' id='word_1_610' title='bbox 1027 1659 1128 1688; x_wconf 84' lang='lat' dir='ltr'><strong>Mensis</strong></span> <span class='ocrx_word' id='word_1_611' title='bbox 1154 1661 1299 1695; x_wconf 86' lang='lat' dir='ltr'><strong>cujuslibet</strong></span> <span class='ocrx_word' id='word_1_612' title='bbox 1316 1662 1431 1690; x_wconf 85' lang='lat' dir='ltr'><strong>labentis</strong></span> <span class='ocrx_word' id='word_1_613' title='bbox 1443 1664 1514 1691; x_wconf 88' lang='lat' dir='ltr'><strong>diem</strong></span> <span class='ocrx_word' id='word_1_614' title='bbox 1538 1665 1709 1700; x_wconf 84' lang='lat' dir='ltr'><strong>inquirentes</strong></span> 
     </span>
    </p>
   </div>
   <div class='ocr_carea' id='block_1_94' title="bbox 925 1706 1708 1741">
    <p class='ocr_par' dir='ltr' id='par_1_94' title="bbox 925 1706 1708 1741">
     <span class='ocr_line' id='line_1_94' title="bbox 925 1706 1708 1741; baseline 0.011 -10"><span class='ocrx_word' id='word_1_615' title='bbox 925 1712 1006 1739; x_wconf 85' lang='lat' dir='ltr'><strong>quam</strong></span> <span class='ocrx_word' id='word_1_616' title='bbox 1029 1706 1055 1732; x_wconf 92' lang='lat' dir='ltr'><strong>in</strong></span> <span class='ocrx_word' id='word_1_617' title='bbox 1085 1706 1264 1733; x_wconf 85' lang='lat' dir='ltr'><strong>hebdomadis</strong></span> <span class='ocrx_word' id='word_1_618' title='bbox 1297 1707 1390 1734; x_wconf 79' lang='lat' dir='ltr'><strong>teriam</strong></span> <span class='ocrx_word' id='word_1_619' title='bbox 1419 1709 1534 1741; x_wconf 75' lang='lat' dir='ltr'><strong>incidat,</strong></span> <span class='ocrx_word' id='word_1_620' title='bbox 1564 1719 1708 1740; x_wconf 85' lang='lat' dir='ltr'><strong>numerum</strong></span> 
     </span>
    </p>
   </div>
   <div class='ocr_carea' id='block_1_95' title="bbox 926 1751 1707 1792">
    <p class='ocr_par' dir='ltr' id='par_1_95' title="bbox 926 1751 1707 1792">
     <span class='ocr_line' id='line_1_95' title="bbox 926 1751 1707 1792; baseline 0.012 -15"><span class='ocrx_word' id='word_1_621' title='bbox 926 1751 1060 1786; x_wconf 87' lang='lat' dir='ltr'><strong>imprimis</strong></span> <span class='ocrx_word' id='word_1_622' title='bbox 1085 1756 1284 1780; x_wconf 86' lang='lat' dir='ltr'><strong>transactorum</strong></span> <span class='ocrx_word' id='word_1_623' title='bbox 1302 1754 1368 1782; x_wconf 88' lang='lat' dir='ltr'><strong>solis</strong></span> <span class='ocrx_word' id='word_1_624' title='bbox 1391 1757 1530 1790; x_wconf 89' lang='lat' dir='ltr'><strong>cyclorum</strong></span> <span class='ocrx_word' id='word_1_625' title='bbox 1546 1758 1707 1792; x_wconf 84' lang='lat' dir='ltr'><strong>accipimus,</strong></span> 
     </span>
    </p>
   </div>
   <div class='ocr_carea' id='block_1_96' title="bbox 924 1799 1708 1834">
    <p class='ocr_par' dir='ltr' id='par_1_96' title="bbox 924 1799 1708 1834">
     <span class='ocr_line' id='line_1_96' title="bbox 924 1799 1708 1834; baseline 0.008 -9"><span class='ocrx_word' id='word_1_626' title='bbox 924 1806 956 1825; x_wconf 78' lang='lat' dir='ltr'><strong>eo</strong></span> <span class='ocrx_word' id='word_1_627' title='bbox 974 1803 1097 1833; x_wconf 81' lang='lat' dir='ltr'><strong>excepto,</strong></span> <span class='ocrx_word' id='word_1_628' title='bbox 1114 1799 1161 1834; x_wconf 87' lang='lat' dir='ltr'><strong>qui</strong></span> <span class='ocrx_word' id='word_1_629' title='bbox 1180 1800 1325 1827; x_wconf 85' lang='lat' dir='ltr'><strong>inchoatus</strong></span> <span class='ocrx_word' id='word_1_630' title='bbox 1341 1804 1399 1833; x_wconf 86' lang='lat' dir='ltr'><strong>est;</strong></span> <span class='ocrx_word' id='word_1_631' title='bbox 1423 1805 1479 1827; x_wconf 93' lang='lat' dir='ltr'><strong>tum</strong></span> <span class='ocrx_word' id='word_1_632' title='bbox 1504 1801 1538 1828; x_wconf 84' lang='lat' dir='ltr'><strong>ad</strong></span> <span class='ocrx_word' id='word_1_633' title='bbox 1559 1802 1632 1830; x_wconf 90' lang='lat' dir='ltr'><strong>hunc</strong></span> <span class='ocrx_word' id='word_1_634' title='bbox 1656 1813 1708 1831; x_wconf 81' lang='lat' dir='ltr'><strong>nu—</strong></span> 
     </span>
    </p>
   </div>
   <div class='ocr_carea' id='block_1_97' title="bbox 925 1845 1706 1883">
    <p class='ocr_par' dir='ltr' id='par_1_97' title="bbox 925 1845 1706 1883">
     <span class='ocr_line' id='line_1_97' title="bbox 925 1845 1706 1883; baseline 0.006 -12"><span class='ocrx_word' id='word_1_635' title='bbox 925 1852 1029 1871; x_wconf 89' lang='lat' dir='ltr'><strong>merum</strong></span> <span class='ocrx_word' id='word_1_636' title='bbox 1045 1845 1103 1872; x_wconf 90' lang='lat' dir='ltr'><strong>dies</strong></span> <span class='ocrx_word' id='word_1_637' title='bbox 1121 1846 1224 1873; x_wconf 84' lang='lat' dir='ltr'><strong>mensis</strong></span> <span class='ocrx_word' id='word_1_638' title='bbox 1244 1846 1278 1872; x_wconf 88' lang='lat' dir='ltr'><strong>ad</strong></span> <span class='ocrx_word' id='word_1_639' title='bbox 1299 1854 1362 1873; x_wconf 86' lang='lat' dir='ltr'><strong>eum</strong></span> <span class='ocrx_word' id='word_1_640' title='bbox 1385 1854 1472 1881; x_wconf 82' lang='lat' dir='ltr'><strong>usque</strong></span> <span class='ocrx_word' id='word_1_641' title='bbox 1493 1847 1539 1881; x_wconf 91' lang='lat' dir='ltr'><strong>qui</strong></span> <span class='ocrx_word' id='word_1_642' title='bbox 1565 1850 1706 1883; x_wconf 77' lang='lat' dir='ltr'><strong>qmcritur,</strong></span> 
     </span>
    </p>
   </div>
   <div class='ocr_carea' id='block_1_98' title="bbox 923 1892 1709 1926">
    <p class='ocr_par' dir='ltr' id='par_1_98' title="bbox 923 1892 1709 1926">
     <span class='ocr_line' id='line_1_98' title="bbox 923 1892 1709 1926; baseline 0.009 -10"><span class='ocrx_word' id='word_1_643' title='bbox 923 1897 985 1916; x_wconf 92' lang='lat' dir='ltr'><strong>cum</strong></span> <span class='ocrx_word' id='word_1_644' title='bbox 1001 1894 1105 1925; x_wconf 82' lang='lat' dir='ltr'><strong>epactis</strong></span> <span class='ocrx_word' id='word_1_645' title='bbox 1120 1892 1241 1926; x_wconf 84' lang='lat' dir='ltr'><strong>ejusdem</strong></span> <span class='ocrx_word' id='word_1_646' title='bbox 1265 1893 1367 1919; x_wconf 84' lang='lat' dir='ltr'><strong>mensis</strong></span> <span class='ocrx_word' id='word_1_647' title='bbox 1382 1892 1544 1926; x_wconf 86' lang='lat' dir='ltr'><strong>adjieimus;</strong></span> <span class='ocrx_word' id='word_1_648' title='bbox 1562 1901 1593 1921; x_wconf 91' lang='lat' dir='ltr'><strong>ea</strong></span> <span class='ocrx_word' id='word_1_649' title='bbox 1608 1897 1636 1922; x_wconf 94' lang='lat' dir='ltr'><strong>in</strong></span> <span class='ocrx_word' id='word_1_650' title='bbox 1659 1895 1709 1923; x_wconf 90' lang='lat' dir='ltr'><strong>Oc-</strong></span> 
     </span>
    </p>
   </div>
   <div class='ocr_carea' id='block_1_99' title="bbox 924 1936 1707 1974">
    <p class='ocr_par' dir='ltr' id='par_1_99' title="bbox 924 1936 1707 1974">
     <span class='ocr_line' id='line_1_99' title="bbox 924 1936 1707 1974; baseline 0.009 -12"><span class='ocrx_word' id='word_1_651' title='bbox 924 1936 1047 1963; x_wconf 86' lang='lat' dir='ltr'><strong>tobricst</strong></span> <span class='ocrx_word' id='word_1_652' title='bbox 1065 1937 1090 1963; x_wconf 88' lang='grc'>1.</span> <span class='ocrx_word' id='word_1_653' title='bbox 1117 1937 1183 1964; x_wconf 85' lang='lat' dir='ltr'><strong>Nam</strong></span> <span class='ocrx_word' id='word_1_654' title='bbox 1197 1946 1212 1964; x_wconf 88' lang='lat' dir='ltr'><strong>a</strong></span> <span class='ocrx_word' id='word_1_655' title='bbox 1236 1945 1300 1965; x_wconf 87' lang='lat' dir='ltr'><strong>vero</strong></span> <span class='ocrx_word' id='word_1_656' title='bbox 1319 1938 1383 1964; x_wconf 88' lang='lat' dir='ltr'><strong>anni</strong></span> <span class='ocrx_word' id='word_1_657' title='bbox 1400 1938 1559 1972; x_wconf 85' lang='lat' dir='ltr'><strong>primordio,</strong></span> <span class='ocrx_word' id='word_1_658' title='bbox 1583 1941 1654 1974; x_wconf 88' lang='lat' dir='ltr'><strong>quod</strong></span> <span class='ocrx_word' id='word_1_659' title='bbox 1679 1941 1707 1969; x_wconf 91' lang='lat' dir='ltr'><strong>in</strong></span> 
     </span>
    </p>
   </div>
   <div class='ocr_carea' id='block_1_100' title="bbox 924 1982 1706 2019">
    <p class='ocr_par' dir='ltr' id='par_1_100' title="bbox 924 1982 1706 2019">
     <span class='ocr_line' id='line_1_100' title="bbox 924 1982 1706 2019; baseline 0.008 -10"><span class='ocrx_word' id='word_1_660' title='bbox 924 1982 1018 2010; x_wconf 84' lang='lat' dir='ltr'><strong>feriam</strong></span> <span class='ocrx_word' id='word_1_661' title='bbox 1045 1983 1160 2016; x_wconf 85' lang='lat' dir='ltr'><strong>primam</strong></span> <span class='ocrx_word' id='word_1_662' title='bbox 1185 1987 1340 2018; x_wconf 86' lang='lat' dir='ltr'><strong>competere</strong></span> <span class='ocrx_word' id='word_1_663' title='bbox 1365 1983 1455 2013; x_wconf 83' lang='lat' dir='ltr'><strong>debet.</strong></span> <span class='ocrx_word' id='word_1_664' title='bbox 1488 1984 1649 2019; x_wconf 85' lang='lat' dir='ltr'><strong>trajectione</strong></span> <span class='ocrx_word' id='word_1_665' title='bbox 1677 1987 1706 2014; x_wconf 93' lang='lat' dir='ltr'><strong>in</strong></span> 
     </span>
    </p>
   </div>
   <div class='ocr_carea' id='block_1_101' title="bbox 923 2029 1705 2064">
    <p class='ocr_par' dir='ltr' id='par_1_101' title="bbox 923 2029 1705 2064">
     <span class='ocr_line' id='line_1_101' title="bbox 923 2029 1705 2064; baseline 0.006 -9"><span class='ocrx_word' id='word_1_666' title='bbox 923 2029 1036 2056; x_wconf 86' lang='lat' dir='ltr'><strong>Kalend.</strong></span> <span class='ocrx_word' id='word_1_667' title='bbox 1055 2029 1186 2056; x_wconf 84' lang='lat' dir='ltr'><strong>Octobres</strong></span> <span class='ocrx_word' id='word_1_668' title='bbox 1214 2030 1284 2056; x_wconf 81' lang='lat' dir='ltr'><strong>facta</strong></span> <span class='ocrx_word' id='word_1_669' title='bbox 1295 2050 1302 2061; x_wconf 85' lang='grc'><em>,</em></span> <span class='ocrx_word' id='word_1_670' title='bbox 1326 2037 1385 2064; x_wconf 59' lang='lat' dir='ltr'><strong>qum</strong></span> <span class='ocrx_word' id='word_1_671' title='bbox 1402 2030 1504 2056; x_wconf 86' lang='lat' dir='ltr'><strong>cadunt</strong></span> <span class='ocrx_word' id='word_1_672' title='bbox 1518 2031 1545 2058; x_wconf 91' lang='lat' dir='ltr'><strong>in</strong></span> <span class='ocrx_word' id='word_1_673' title='bbox 1558 2033 1705 2060; x_wconf 86' lang='lat' dir='ltr'><strong>secundam</strong></span> 
     </span>
    </p>
   </div>
   <div class='ocr_carea' id='block_1_102' title="bbox 923 2075 1705 2111">
    <p class='ocr_par' dir='ltr' id='par_1_102' title="bbox 923 2075 1705 2111">
     <span class='ocr_line' id='line_1_102' title="bbox 923 2075 1705 2111; baseline 0.005 -9"><span class='ocrx_word' id='word_1_674' title='bbox 923 2075 1028 2108; x_wconf 75' lang='lat' dir='ltr'><strong>feriam,</strong></span> <span class='ocrx_word' id='word_1_675' title='bbox 1040 2080 1067 2102; x_wconf 85' lang='lat' dir='ltr'><strong>et</strong></span> <span class='ocrx_word' id='word_1_676' title='bbox 1083 2076 1145 2102; x_wconf 83' lang='lat' dir='ltr'><strong>anni</strong></span> <span class='ocrx_word' id='word_1_677' title='bbox 1161 2076 1321 2111; x_wconf 88' lang='lat' dir='ltr'><strong>principium</strong></span> <span class='ocrx_word' id='word_1_678' title='bbox 1335 2084 1351 2103; x_wconf 81' lang='lat' dir='ltr'><strong>a</strong></span> <span class='ocrx_word' id='word_1_679' title='bbox 1369 2075 1449 2103; x_wconf 84' lang='lat' dir='ltr'><strong>nobis</strong></span> <span class='ocrx_word' id='word_1_680' title='bbox 1464 2076 1658 2110; x_wconf 82' lang='lat' dir='ltr'><strong>instituuntur,</strong></span> <span class='ocrx_word' id='word_1_681' title='bbox 1677 2078 1705 2106; x_wconf 84' lang='lat' dir='ltr'><strong>tit</strong></span> 
     </span>
    </p>
   </div>
   <div class='ocr_carea' id='block_1_103' title="bbox 923 2120 1211 2148">
    <p class='ocr_par' dir='ltr' id='par_1_103' title="bbox 923 2120 1211 2148">
     <span class='ocr_line' id='line_1_103' title="bbox 923 2120 1211 2148; baseline 0 -1"><span class='ocrx_word' id='word_1_682' title='bbox 923 2120 1004 2147; x_wconf 88' lang='lat' dir='ltr'><strong>unius</strong></span> <span class='ocrx_word' id='word_1_683' title='bbox 1018 2121 1070 2148; x_wconf 92' lang='lat' dir='ltr'><strong>diei</strong></span> <span class='ocrx_word' id='word_1_684' title='bbox 1087 2121 1211 2148; x_wconf 87' lang='lat' dir='ltr'><strong>mutatio.</strong></span> 
     </span>
    </p>
   </div>
   <div class='ocr_carea' id='block_1_104' title="bbox 1061 2176 1435 2206">
    <p class='ocr_par' dir='ltr' id='par_1_104' title="bbox 1061 2176 1435 2206">
     <span class='ocr_line' id='line_1_104' title="bbox 1061 2176 1435 2206; baseline 0.008 -3"><span class='ocrx_word' id='word_1_685' title='bbox 1061 2176 1178 2204; x_wconf 88' lang='lat' dir='ltr'><strong>October</strong></span> <span class='ocrx_word' id='word_1_686' title='bbox 1287 2186 1349 2204; x_wconf 81' lang='lat' dir='ltr'><strong>xxxi</strong></span> <span class='ocrx_word' id='word_1_687' title='bbox 1425 2180 1435 2206; x_wconf 91' lang='grc'><strong>1</strong></span> 
     </span>
    </p>
   </div>
   <div class='ocr_carea' id='block_1_105' title="bbox 1061 2212 1435 2241">
    <p class='ocr_par' dir='ltr' id='par_1_105' title="bbox 1061 2212 1435 2241">
     <span class='ocr_line' id='line_1_105' title="bbox 1061 2212 1435 2241; baseline 0.008 -3"><span class='ocrx_word' id='word_1_688' title='bbox 1061 2212 1213 2239; x_wconf 78' lang='lat' dir='ltr'><strong>November</strong></span> <span class='ocrx_word' id='word_1_689' title='bbox 1286 2221 1338 2240; x_wconf 81' lang='lat' dir='ltr'><strong>xxx</strong></span> <span class='ocrx_word' id='word_1_690' title='bbox 1420 2215 1435 2241; x_wconf 70' lang='grc'><em>4</em></span> 
     </span>
    </p>
   </div>
   <div class='ocr_carea' id='block_1_106' title="bbox 1062 2246 1437 2275">
    <p class='ocr_par' dir='ltr' id='par_1_106' title="bbox 1062 2246 1437 2275">
     <span class='ocr_line' id='line_1_106' title="bbox 1062 2246 1437 2275; baseline 0.005 -2"><span class='ocrx_word' id='word_1_691' title='bbox 1062 2246 1211 2274; x_wconf 85' lang='lat' dir='ltr'><strong>December</strong></span> <span class='ocrx_word' id='word_1_692' title='bbox 1284 2255 1347 2274; x_wconf 79' lang='lat' dir='ltr'><strong>xxxi</strong></span> <span class='ocrx_word' id='word_1_693' title='bbox 1422 2251 1437 2275; x_wconf 80' lang='lat' dir='ltr'><strong>li</strong></span> 
     </span>
    </p>
   </div>
   <div class='ocr_carea' id='block_1_107' title="bbox 1059 2282 1438 2310">
    <p class='ocr_par' dir='ltr' id='par_1_107' title="bbox 1059 2282 1438 2310">
     <span class='ocr_line' id='line_1_107' title="bbox 1059 2282 1438 2310; baseline 0.005 -2"><span class='ocrx_word' id='word_1_694' title='bbox 1059 2282 1206 2309; x_wconf 77' lang='lat' dir='ltr'><strong>Januarius</strong></span> <span class='ocrx_word' id='word_1_695' title='bbox 1285 2291 1348 2309; x_wconf 81' lang='lat' dir='ltr'><strong>xxxi</strong></span> <span class='ocrx_word' id='word_1_696' title='bbox 1421 2285 1438 2310; x_wconf 75' lang='lat'><strong>‘2.</strong></span> 
     </span>
    </p>
   </div>
   <div class='ocr_carea' id='block_1_108' title="bbox 1060 2317 1435 2345">
    <p class='ocr_par' dir='ltr' id='par_1_108' title="bbox 1060 2317 1435 2345">
     <span class='ocr_line' id='line_1_108' title="bbox 1060 2317 1435 2345; baseline 0.003 -1"><span class='ocrx_word' id='word_1_697' title='bbox 1060 2317 1225 2345; x_wconf 85' lang='lat' dir='ltr'><strong>Februarius</strong></span> <span class='ocrx_word' id='word_1_698' title='bbox 1283 2326 1367 2344; x_wconf 74' lang='lat' dir='ltr'><strong>xxviii</strong></span> <span class='ocrx_word' id='word_1_699' title='bbox 1418 2319 1435 2345; x_wconf 83' lang='lat'><strong>5</strong></span> 
     </span>
    </p>
   </div>
   <div class='ocr_carea' id='block_1_109' title="bbox 1058 2352 1434 2379">
    <p class='ocr_par' dir='ltr' id='par_1_109' title="bbox 1058 2352 1434 2379">
     <span class='ocr_line' id='line_1_109' title="bbox 1058 2352 1434 2379; baseline 0.003 -1"><span class='ocrx_word' id='word_1_700' title='bbox 1058 2352 1172 2379; x_wconf 82' lang='lat' dir='ltr'><strong>Martius</strong></span> <span class='ocrx_word' id='word_1_701' title='bbox 1280 2361 1342 2379; x_wconf 78' lang='lat' dir='ltr'><strong>xxxi</strong></span> <span class='ocrx_word' id='word_1_702' title='bbox 1417 2354 1434 2379; x_wconf 75' lang='grc'><strong>5</strong></span> 
     </span>
    </p>
   </div>
   <div class='ocr_carea' id='block_1_110' title="bbox 1060 2388 1434 2421">
    <p class='ocr_par' dir='ltr' id='par_1_110' title="bbox 1060 2388 1434 2421">
     <span class='ocr_line' id='line_1_110' title="bbox 1060 2388 1434 2421; baseline 0.003 -7"><span class='ocrx_word' id='word_1_703' title='bbox 1060 2388 1161 2421; x_wconf 83' lang='lat' dir='ltr'><strong>Aprilis</strong></span> <span class='ocrx_word' id='word_1_704' title='bbox 1285 2396 1338 2414; x_wconf 79' lang='lat' dir='ltr'><strong>xxx</strong></span> <span class='ocrx_word' id='word_1_705' title='bbox 1424 2390 1434 2415; x_wconf 88' lang='grc'><strong>1</strong></span> 
     </span>
    </p>
   </div>
   <div class='ocr_carea' id='block_1_111' title="bbox 1061 2422 1436 2450">
    <p class='ocr_par' dir='ltr' id='par_1_111' title="bbox 1061 2422 1436 2450">
     <span class='ocr_line' id='line_1_111' title="bbox 1061 2422 1436 2450; baseline 0 -1"><span class='ocrx_word' id='word_1_706' title='bbox 1061 2422 1148 2450; x_wconf 82' lang='lat' dir='ltr'><strong>Maius</strong></span> <span class='ocrx_word' id='word_1_707' title='bbox 1284 2431 1347 2450; x_wconf 78' lang='lat' dir='ltr'><strong>xxxi</strong></span> <span class='ocrx_word' id='word_1_708' title='bbox 1419 2424 1436 2449; x_wconf 76' lang='lat'><strong>5</strong></span> 
     </span>
    </p>
   </div>
   <div class='ocr_carea' id='block_1_112' title="bbox 1059 2457 1434 2485">
    <p class='ocr_par' dir='ltr' id='par_1_112' title="bbox 1059 2457 1434 2485">
     <span class='ocr_line' id='line_1_112' title="bbox 1059 2457 1434 2485; baseline 0.003 -1"><span class='ocrx_word' id='word_1_709' title='bbox 1059 2457 1156 2484; x_wconf 84' lang='lat' dir='ltr'><strong>Junius</strong></span> <span class='ocrx_word' id='word_1_710' title='bbox 1285 2466 1338 2484; x_wconf 76' lang='lat' dir='ltr'><strong>xxx</strong></span> <span class='ocrx_word' id='word_1_711' title='bbox 1419 2460 1434 2485; x_wconf 82' lang='lat' dir='ltr'><strong>b&#39;</strong></span> 
     </span>
    </p>
   </div>
   <div class='ocr_carea' id='block_1_113' title="bbox 1059 2492 1430 2520">
    <p class='ocr_par' dir='ltr' id='par_1_113' title="bbox 1059 2492 1430 2520">
     <span class='ocr_line' id='line_1_113' title="bbox 1059 2492 1430 2520; baseline -0.003 0"><span class='ocrx_word' id='word_1_712' title='bbox 1059 2492 1150 2520; x_wconf 76' lang='lat' dir='ltr'><strong>Julius</strong></span> <span class='ocrx_word' id='word_1_713' title='bbox 1283 2501 1346 2520; x_wconf 66' lang='lat' dir='ltr'><strong>xxx:</strong></span> <span class='ocrx_word' id='word_1_714' title='bbox 1420 2495 1430 2519; x_wconf 87' lang='grc'><strong>1</strong></span> 
     </span>
    </p>
   </div>
   <div class='ocr_carea' id='block_1_114' title="bbox 1061 2528 1433 2562">
    <p class='ocr_par' dir='ltr' id='par_1_114' title="bbox 1061 2528 1433 2562">
     <span class='ocr_line' id='line_1_114' title="bbox 1061 2528 1433 2562; baseline 0.003 -8"><span class='ocrx_word' id='word_1_715' title='bbox 1061 2530 1199 2562; x_wconf 76' lang='lat' dir='ltr'><strong>Augustus</strong></span> <span class='ocrx_word' id='word_1_716' title='bbox 1283 2536 1344 2556; x_wconf 81' lang='lat' dir='ltr'><strong>xxxi</strong></span> <span class='ocrx_word' id='word_1_717' title='bbox 1419 2528 1433 2555; x_wconf 71' lang='grc' dir='ltr'>ι1</span> 
     </span>
    </p>
   </div>
   <div class='ocr_carea' id='block_1_115' title="bbox 1062 2563 1435 2598">
    <p class='ocr_par' dir='ltr' id='par_1_115' title="bbox 1062 2563 1435 2598">
     <span class='ocr_line' id='line_1_115' title="bbox 1062 2563 1435 2598; baseline -0.003 -8"><span class='ocrx_word' id='word_1_718' title='bbox 1062 2563 1221 2598; x_wconf 79' lang='lat' dir='ltr'><strong>September</strong></span> <span class='ocrx_word' id='word_1_719' title='bbox 1282 2571 1335 2590; x_wconf 77' lang='lat' dir='ltr'><strong>xxx</strong></span> <span class='ocrx_word' id='word_1_720' title='bbox 1420 2564 1435 2589; x_wconf 91' lang='lat'><strong>7</strong></span> 
     </span>
    </p>
   </div>
   <div class='ocr_carea' id='block_1_116' title="bbox 955 2618 1701 2655">
    <p class='ocr_par' dir='ltr' id='par_1_116' title="bbox 955 2618 1701 2655">
     <span class='ocr_line' id='line_1_116' title="bbox 955 2618 1701 2655; baseline 0.004 -10"><span class='ocrx_word' id='word_1_721' title='bbox 955 2618 1043 2654; x_wconf 82' lang='lat' dir='ltr'><strong>Atque</strong></span> <span class='ocrx_word' id='word_1_722' title='bbox 1058 2618 1110 2646; x_wconf 89' lang='lat' dir='ltr'><strong>hoc</strong></span> <span class='ocrx_word' id='word_1_723' title='bbox 1124 2619 1214 2653; x_wconf 88' lang='lat' dir='ltr'><strong>ipsum</strong></span> <span class='ocrx_word' id='word_1_724' title='bbox 1230 2623 1282 2651; x_wconf 90' lang='lat' dir='ltr'><strong>est,</strong></span> <span class='ocrx_word' id='word_1_725' title='bbox 1298 2619 1371 2654; x_wconf 89' lang='lat' dir='ltr'><strong>quod</strong></span> <span class='ocrx_word' id='word_1_726' title='bbox 1387 2619 1514 2655; x_wconf 87' lang='lat' dir='ltr'><strong>superius</strong></span> <span class='ocrx_word' id='word_1_727' title='bbox 1530 2620 1701 2653; x_wconf 84' lang='lat' dir='ltr'><strong>dicebamus,</strong></span> 
     </span>
    </p>
   </div>
   <div class='ocr_carea' id='block_1_117' title="bbox 921 2666 1703 2702">
    <p class='ocr_par' dir='ltr' id='par_1_117' title="bbox 921 2666 1703 2702">
     <span class='ocr_line' id='line_1_117' title="bbox 921 2666 1703 2702; baseline 0.005 -11"><span class='ocrx_word' id='word_1_728' title='bbox 921 2673 982 2692; x_wconf 86' lang='lat' dir='ltr'><strong>cum</strong></span> <span class='ocrx_word' id='word_1_729' title='bbox 1009 2666 1156 2701; x_wconf 77' lang='lat' dir='ltr'><strong>emergenti</strong></span> <span class='ocrx_word' id='word_1_730' title='bbox 1172 2666 1325 2701; x_wconf 49' lang='lat' dir='ltr'><strong>.quazstioni</strong></span> <span class='ocrx_word' id='word_1_731' title='bbox 1351 2667 1550 2701; x_wconf 85' lang='lat' dir='ltr'><strong>respondimus.</strong></span> <span class='ocrx_word' id='word_1_732' title='bbox 1570 2666 1703 2702; x_wconf 86' lang='lat' dir='ltr'><strong>Deinceps</strong></span> 
     </span>
    </p>
   </div>
   <div class='ocr_carea' id='block_1_118' title="bbox 920 2710 1702 2747">
    <p class='ocr_par' dir='ltr' id='par_1_118' title="bbox 920 2710 1702 2747">
     <span class='ocr_line' id='line_1_118' title="bbox 920 2710 1702 2747; baseline 0.001 -9"><span class='ocrx_word' id='word_1_733' title='bbox 920 2710 1066 2739; x_wconf 83' lang='lat' dir='ltr'><strong>Novembri</strong></span> <span class='ocrx_word' id='word_1_734' title='bbox 1094 2711 1152 2739; x_wconf 88' lang='lat' dir='ltr'><strong>dies</strong></span> <span class='ocrx_word' id='word_1_735' title='bbox 1182 2720 1208 2738; x_wconf 80' lang='lat' dir='ltr'><strong>iv</strong></span> <span class='ocrx_word' id='word_1_736' title='bbox 1231 2714 1396 2747; x_wconf 82' lang='lat' dir='ltr'><strong>congruunt.</strong></span> <span class='ocrx_word' id='word_1_737' title='bbox 1429 2712 1535 2747; x_wconf 87' lang='lat' dir='ltr'><strong>Quippe</strong></span> <span class='ocrx_word' id='word_1_738' title='bbox 1557 2719 1622 2739; x_wconf 76' lang='lat' dir='ltr'><strong>xxxi</strong></span> <span class='ocrx_word' id='word_1_739' title='bbox 1644 2713 1702 2740; x_wconf 87' lang='lat' dir='ltr'><strong>dies</strong></span> 
     </span>
    </p>
   </div>
   <div class='ocr_carea' id='block_1_119' title="bbox 921 2757 1702 2793">
    <p class='ocr_par' dir='ltr' id='par_1_119' title="bbox 921 2757 1702 2793">
     <span class='ocr_line' id='line_1_119' title="bbox 921 2757 1702 2793; baseline 0.003 -10"><span class='ocrx_word' id='word_1_740' title='bbox 921 2757 1002 2784; x_wconf 87' lang='lat' dir='ltr'><strong>habet</strong></span> <span class='ocrx_word' id='word_1_741' title='bbox 1020 2757 1139 2785; x_wconf 90' lang='lat' dir='ltr'><strong>October</strong></span> <span class='ocrx_word' id='word_1_742' title='bbox 1166 2767 1173 2785; x_wconf 90' lang='lat'><strong>:</strong></span> <span class='ocrx_word' id='word_1_743' title='bbox 1192 2757 1264 2785; x_wconf 89' lang='lat' dir='ltr'><strong>unde</strong></span> <span class='ocrx_word' id='word_1_744' title='bbox 1285 2766 1366 2793; x_wconf 88' lang='lat' dir='ltr'><strong>supra</strong></span> <span class='ocrx_word' id='word_1_745' title='bbox 1383 2758 1568 2786; x_wconf 82' lang='lat' dir='ltr'><strong>hebdomadas</strong></span> <span class='ocrx_word' id='word_1_746' title='bbox 1590 2766 1617 2785; x_wconf 81' lang='grc' dir='ltr'>ιν</span> <span class='ocrx_word' id='word_1_747' title='bbox 1638 2759 1702 2785; x_wconf 89' lang='lat' dir='ltr'><strong>reli-</strong></span> 
     </span>
    </p>
   </div>
   <div class='ocr_carea' id='block_1_120' title="bbox 920 2798 1701 2839">
    <p class='ocr_par' dir='ltr' id='par_1_120' title="bbox 920 2798 1701 2839">
     <span class='ocr_line' id='line_1_120' title="bbox 920 2798 1701 2839; baseline 0.001 -10"><span class='ocrx_word' id='word_1_748' title='bbox 920 2803 966 2837; x_wconf 87' lang='lat' dir='ltr'><strong>qui</strong></span> <span class='ocrx_word' id='word_1_749' title='bbox 981 2807 1045 2830; x_wconf 93' lang='lat' dir='ltr'><strong>sunt</strong></span> <span class='ocrx_word' id='word_1_750' title='bbox 1055 2803 1113 2830; x_wconf 88' lang='lat' dir='ltr'><strong>dies</strong></span> <span class='ocrx_word' id='word_1_751' title='bbox 1128 2808 1184 2832; x_wconf 75' lang='lat' dir='ltr'><strong>tres</strong></span> <span class='ocrx_word' id='word_1_752' title='bbox 1199 2813 1205 2831; x_wconf 78' lang='grc' dir='ltr'><strong>ι</strong></span> <span class='ocrx_word' id='word_1_753' title='bbox 1228 2804 1327 2839; x_wconf 82' lang='lat' dir='ltr'><strong>quibus</strong></span> <span class='ocrx_word' id='word_1_754' title='bbox 1348 2804 1441 2831; x_wconf 78' lang='lat' dir='ltr'><strong>addito</strong></span> <span class='ocrx_word' id='word_1_755' title='bbox 1456 2798 1473 2831; x_wconf 82' lang='grc' dir='ltr'>ἰ</span> <span class='ocrx_word' id='word_1_756' title='bbox 1497 2804 1542 2839; x_wconf 90' lang='lat' dir='ltr'><strong>qui</strong></span> <span class='ocrx_word' id='word_1_757' title='bbox 1556 2803 1701 2831; x_wconf 86' lang='lat' dir='ltr'><strong>Octobrem</strong></span> 
     </span>
    </p>
   </div>
   <div class='ocr_carea' id='block_1_121' title="bbox 921 2847 1700 2884">
    <p class='ocr_par' dir='ltr' id='par_1_121' title="bbox 921 2847 1700 2884">
     <span class='ocr_line' id='line_1_121' title="bbox 921 2847 1700 2884; baseline -0.001 -9"><span class='ocrx_word' id='word_1_758' title='bbox 921 2849 1076 2880; x_wconf 86' lang='lat' dir='ltr'><strong>antecessit,</strong></span> <span class='ocrx_word' id='word_1_759' title='bbox 1095 2849 1162 2875; x_wconf 85' lang='lat' dir='ltr'><strong>ﬁunt</strong></span> <span class='ocrx_word' id='word_1_760' title='bbox 1178 2857 1213 2876; x_wconf 85' lang='grc' dir='ltr'><strong>ιν.</strong></span> <span class='ocrx_word' id='word_1_761' title='bbox 1227 2848 1373 2877; x_wconf 88' lang='lat' dir='ltr'><strong>December</strong></span> <span class='ocrx_word' id='word_1_762' title='bbox 1393 2857 1418 2876; x_wconf 84' lang='lat' dir='ltr'><strong>vt</strong></span> <span class='ocrx_word' id='word_1_763' title='bbox 1439 2849 1550 2884; x_wconf 75' lang='lat' dir='ltr'><strong>praebet,</strong></span> <span class='ocrx_word' id='word_1_764' title='bbox 1572 2847 1700 2882; x_wconf 85' lang='lat' dir='ltr'><strong>quoniam</strong></span> 
     </span>
    </p>
   </div>
   <div class='ocr_carea' id='block_1_122' title="bbox 921 2893 1700 2932">
    <p class='ocr_par' dir='ltr' id='par_1_122' title="bbox 921 2893 1700 2932">
     <span class='ocr_line' id='line_1_122' title="bbox 921 2893 1700 2932; baseline 0.001 -11"><span class='ocrx_word' id='word_1_765' title='bbox 921 2899 1017 2929; x_wconf 57' lang='lat' dir='ltr'><strong>prmter</strong></span> <span class='ocrx_word' id='word_1_766' title='bbox 1031 2894 1224 2932; x_wconf 21' lang='lat' dir='ltr'><strong>“hebdomadas</strong></span> <span class='ocrx_word' id='word_1_767' title='bbox 1251 2903 1286 2923; x_wconf 85' lang='lat' dir='ltr'><strong>tv.</strong></span> <span class='ocrx_word' id='word_1_768' title='bbox 1310 2895 1461 2923; x_wconf 72' lang='lat' dir='ltr'><strong>November</strong></span> <span class='ocrx_word' id='word_1_769' title='bbox 1484 2895 1596 2923; x_wconf 85' lang='lat' dir='ltr'><strong>biduum</strong></span> <span class='ocrx_word' id='word_1_770' title='bbox 1618 2893 1700 2922; x_wconf 82' lang='lat' dir='ltr'><strong>relin-</strong></span> 
     </span>
    </p>
   </div>
  </div>
