1907 3144
109 168 120 186 τ
125 158 176 186 289

191 215 261 250 Περὶ
275 215 326 242 τοῦ
341 214 483 242 κανονίου
498 215 552 242 τοῦ
567 215 807 249 ἡμεροευρεσίου.

142 261 152 275 ¹
169 260 202 286 Δί
218 260 266 295 μὲν
281 257 328 286 οὖν
342 259 487 294 νουμηνίαι
509 259 621 286 αὐτόθεν
644 260 676 286 ὲκ
698 259 746 286 τοῦ
767 260 890 287 χανονίου

107 304 297 339 λαμϐάνονται.
320 304 371 330 Τδν
388 304 441 340 γὰρ
455 304 627 340 ἐνιστάμενον
643 304 742 331 κύκλον
753 304 800 331 τοῦ
816 305 891 340 ἡλίου

106 350 288 385 λαμϐάνοντες
307 351 339 376 ὲκ
359 350 406 376 τοῦ
423 349 532 385 πρώτου
549 350 660 376 σελιδίου
671 369 679 382 ,
696 350 710 376 ὃ
727 350 797 377 κατὰ
812 350 892 385 βάθος

106 396 208 427 πάντας
233 396 296 427 τοὺς
319 395 434 427 κύκλους
455 395 536 422 αὑτοῦ
561 396 700 432 περιέχει,
720 397 767 422 καὶ
790 397 821 422 ὲκ
843 396 890 422 τοῦ

105 441 243 472 ἀνωτάτω,
260 440 307 466 καὶ
320 441 471 476 πρωτίστου
484 440 574 476 στίχου
587 441 633 467 τοῦ
646 441 818 476 περιέχοντος
828 441 891 472 τοὺς

106 487 194 522 μῆνας
203 508 211 520 ,
225 486 270 513 τὸν
284 487 460 522 ἐνιστάμενον
478 487 565 522 μῆνα,
580 484 610 514 οὗ
625 486 673 522 τὴν
685 487 831 522 νουμηνίαν
844 486 890 522 ζη-

103 527 213 568 τοῦμεν,
228 533 277 568 τὴν
289 533 317 558 ὲν
331 532 370 567 τῷ
388 533 461 568 μέσῳ
477 532 524 559 τοῦ
543 533 666 559 κανονίου
682 533 889 568 παρακειμένην

103 578 142 614 τῷ
155 578 282 604 ἐνεστῶτι
301 578 406 614 ήλιακῷ
428 578 534 614 κύκλῳ,
557 579 603 605 καὶ
620 579 672 605 ὑπὸ
686 579 731 605 τὸν
752 579 888 614 ληφθέντα

105 623 177 658 μῆνα
192 622 263 649 κατὰ
279 622 358 657 βάθος
368 644 375 655 ,
387 621 488 658 ταύτην
508 623 628 658 φήσομεν
647 620 716 648 εἶναι
739 622 887 657 νουμηνίαν

102 668 150 695 τοῦ
165 668 248 704 μηνὸς
262 664 292 694 οὗ
306 667 450 703 ζητοῦμεν.
464 667 571 703 Ταύτην
586 667 614 694 δὲ
630 667 822 702 λαμϐάνοντες,
840 667 887 694 καὶ

101 714 135 750 ἠν
158 714 191 741 ἂν
211 714 372 749 βουλοίμεθα
388 714 441 740 τῶν
461 713 559 748 ἑφεξῆς
579 713 689 748 ἡμερῶν
704 712 786 739 αὑτοῦ
802 712 885 748 ληψό-

104 759 184 795 μεθα.
198 759 252 791 Τὰς
268 759 322 794 γὰρ
338 758 390 785 ἀπὸ
406 762 430 784 α’
442 758 505 793 ἄχρι
520 757 566 784 τοῦ
587 758 656 784 κατὰ
670 757 718 792 τήν
739 757 885 792 νουμηνίαν

102 805 219 841 ἀριθμοῦ
230 806 278 840 τῆς
289 805 394 841 ἡμέρας
410 804 496 840 παρὲξ
507 804 591 839 αὐτῆς
604 803 739 835 λαϐόντες,
757 804 804 830 καὶ
818 803 884 830 ταύο

101 859 163 882 ταις
175 850 336 886 προσθέντες
352 850 401 882 τὰς
411 850 464 876 ἀπὸ
477 851 527 885 τῆς
543 849 689 884 νουμηνίας
702 849 766 884 ἄχρι
780 849 826 876 καὶ
837 849 885 875 αὐ-

101 897 152 932 τῆς
169 894 202 931 ἧς
223 895 356 931 ζητοῦμεν
369 895 490 931 ἡμέρας,
505 895 551 921 καὶ
566 894 615 926 τὰς
630 894 805 929 συναχθείσας
818 895 884 929 ὁμοῦ
901 891 922 918 Β

101 943 192 974 πάσας
205 942 364 978 μερίσαντες
376 941 450 977 παρὰ
462 941 507 967 τὸν
520 939 552 973 ζ’,
561 940 657 976 ἕξομεν
666 941 696 967 τὸ
711 939 873 976 ζητούμενον

405 986 583 1021 ’Υπόδειγμα.

135 1033 196 1060 Καὶ
211 1032 280 1060 ἔστω
302 1033 335 1059 δι’
354 1032 552 1068 ὑποδείγματος
575 1031 666 1067 ζητεῖν
691 1033 764 1068 ἡμᾶς
785 1032 835 1068 τήν
854 1041 884 1059 τε

100 1078 883 1114 νουμηνίαν.............

135 1171 179 1197 Τὰ
196 1171 244 1206 μὲν
255 1170 287 1206 δὴ
306 1171 370 1205 περὶ
389 1169 443 1196 τῶν
456 1169 576 1204 ἡλιακῶν
589 1169 705 1200 κύκλων,
718 1169 764 1195 καὶ
781 1168 884 1200 τούτοις

100 1216 241 1252 ἑπομένων
261 1216 415 1250 ἀναγκαίως
431 1214 595 1250 ὀφειλόμενα
612 1214 792 1251 θεωρηθῆναι,
807 1214 883 1241 ταῦτ’

99 1262 131 1289 ἃν
157 1262 209 1297 εἴη,
230 1261 343 1289 καθόσον
367 1260 514 1297 ἐνεχώρει,
529 1261 574 1287 τον
598 1261 662 1296 περ)⁸
684 1261 787 1288 τούτων
806 1259 884 1295 λόγον

99 1308 310 1336 ἀποδεδωκότων
325 1306 463 1342 ἀνελλιπῆ.
484 1306 613 1333 Μετιτέον
628 1307 656 1333 δὲ
669 1306 760 1333 λοιπὸν
777 1307 823 1333 ἐπὶ
838 1306 883 1333 τὸν

99 1355 166 1391 περὶ
182 1355 308 1389 σελήνης,
321 1353 390 1380 κατὰ
407 1353 451 1379 τὸν
470 1352 562 1387 ὅμοιον
582 1354 637 1384 τοῖς
661 1352 725 1387 περὶ
746 1351 794 1378 τοῦ
809 1352 882 1388 ἡλίου

98 1399 180 1433 λόγον
193 1398 330 1425 κάνταῦθα
344 1398 392 1432 τῆς
403 1396 524 1430 σκέψεως
540 1397 681 1432 ἐσομένης.

98 1453 171 1488 Περὶ
183 1453 327 1488 εὑρέσεως
340 1451 669 1488 σεληνιακῶτρ-κύκλων,
685 1451 734 1478 καὶ
749 1451 807 1478 τῶν
818 1453 884 1479 τού-

373 1496 436 1519 τοις
449 1486 612 1520 ἑπομένων.

132 1533 174 1560 Ε’.
195 1533 250 1568 Τῆς
267 1532 379 1567 σελήνης
396 1533 466 1558 κατὰ
488 1533 538 1568 τὴν
556 1532 688 1568 τετάρτην
710 1533 814 1569 ἡμέραν
834 1535 883 1570 τῆς

98 1578 293 1613 κοσμογενείας
313 1577 387 1613 παρὰ
406 1577 452 1603 τοῦ
473 1578 637 1614 δημιουργοῦ
658 1579 712 1606 τῶν
731 1579 798 1606 ὅλων
812 1579 879 1606 Θεοῦ

97 1627 138 1658 εἰς
156 1625 260 1659 γένεσιν
283 1625 469 1660 παραχθείσης
488 1626 516 1651 ὲν
539 1625 698 1661 πανσελήνῳ
718 1626 765 1652 καὶ
787 1626 881 1662 τελείῳ

96 1670 136 1705 τῷ
163 1671 280 1705 σχήματι
300 1668 389 1704 (τοῦτο
405 1669 458 1706 γὰρ
481 1670 496 1704 ἡ
517 1669 565 1704 τῆς
581 1670 715 1702 Γενέσεως
734 1670 822 1706 βίϐλος
838 1671 881 1697 al-

96 1717 218 1744 νίττεται
229 1737 236 1748 ,
248 1716 379 1750 λέγουσαο
399 1725 408 1741 ι
424 1716 477 1742 Καὶ
491 1715 617 1751 ἐποίησεν
634 1717 648 1743 ὁ
666 1717 731 1748 Θεὸς
751 1717 813 1748 τοὺς
835 1716 881 1743 δύο

96 1760 245 1795 φωστῆρας
259 1761 322 1792 τοὺς
339 1760 473 1795 μεγάλους
485 1780 492 1792 ,
512 1761 558 1787 τὸν
580 1762 710 1796 φωστῆρα
728 1761 773 1788 τὸν
794 1761 880 1796 μέγαν

96 1808 137 1838 εἰς
153 1806 239 1842 ἀρχὴν
254 1806 303 1840 τῆς
317 1806 434 1842 ἡμέρας,
448 1806 495 1833 καὶ
510 1806 556 1833 τὸν
571 1806 701 1842 φωστῆρα
717 1807 761 1833 τὸν
779 1806 879 1833 ἐλάττω

96 1853 137 1884 εἰς
161 1852 247 1887 ἀρχὰς
271 1851 321 1886 τῆς
345 1852 440 1884 νυκτός
461 1852 496 1887 ))·
515 1851 640 1878 οὐδέποτε
663 1852 717 1888 γὰρ
739 1852 785 1878 τοῦ
805 1852 878 1887 ἡλίου

96 1895 415 1930 ἀνατέλλοντος,’δύναιτ’
440 1898 472 1925 ἂν
495 1898 540 1924 καὶ
561 1899 577 1933 ἡ
599 1898 695 1934 σελήνη
720 1898 778 1925 κατ’
796 1898 880 1934 αὐτὴν

95 1944 147 1979 τὴν
164 1944 270 1979 ἡμέραν
284 1944 323 1975 εἰς
339 1944 424 1978 ἀρχὰς
442 1944 490 1979 τῆς
503 1943 616 1975 νυκτὸς.
633 1943 649 1978 ἢ
665 1943 702 1975 ὡς
715 1943 880 1979 ἀκρόνυκτος

95 1989 264 2020 ἀνατέλλειν,
281 1989 318 2025 μὴ
332 1989 514 2025 διαμετροῦσα
525 1989 571 2016 τὸν
585 1989 668 2025 ἥλιον,
684 1990 731 2016 καὶ
743 1990 878 2026 πανσέλη-

95 2045 143 2068 νος
160 2036 284 2062 ὲντεῦθεν
297 2035 436 2071 γινομένη,
448 2035 527 2071 εἴπερ
540 2035 703 2072 ύποθείημεν
716 2036 769 2063 ἀπὸ
785 2044 879 2070 προγε-

95 2082 207 2116 γονυίας
222 2081 330 2108 συνόδου
344 2081 444 2116 ταύτην
456 2082 641 2117 γεγενημένην
653 2090 660 2097 ’
670 2081 732 2108 ἐπεὶ
747 2081 816 2108 κατὰ
831 2081 878 2116 τὴν

95 2128 115 2154 δ
133 2127 238 2163 ἡμέραν
251 2127 300 2162 τῆς
312 2127 505 2162 κοσμογενείας
518 2127 774 2154 πεντεκαιδεκαταία
787 2124 820 2162 ἦν
835 2127 876 2153 ἄν·

95 2174 212 2209 φανερὸν
231 2173 295 2208 μὲν,
311 2173 348 2205 ὡς
360 2173 430 2200 κατὰ
447 2173 495 2208 τὴν
515 2173 602 2208 ἀρχὴν
621 2173 670 2208 τῆς
686 2173 878 2208 κοσμογενείας

548 156 659 184 lSAACI
680 155 832 184 MONACHI
851 155 1038 184 COMPUTUS
1062 155 1285 184 ECCLESIAST.

1654 158 1723 188 {290

1090 213 1127 240 De
1143 213 1269 240 [uxrcula
1285 213 1358 248 ferite
1370 213 1571 249 investiganda.

977 259 1104 286 Kalendae
1127 259 1263 286 mensium
1286 267 1318 287 ex
1345 259 1444 287 tabella
1471 263 1628 288 sumuntur.
1653 259 1721 287 Nam

941 305 1048 340 cyclum
1077 304 1144 332 solis
1165 304 1304 332 ineuntem
1331 313 1364 332 ex
1385 305 1476 340 priore
1499 304 1624 333 laterculi
1646 309 1723 340 parte

940 351 1095 386 capientes,
1113 358 1172 385 qua:
1187 351 1280 386 cyclos
1294 358 1389 379 omnes
1404 351 1477 379 illius
1500 351 1639 383 continet,
1663 355 1720 378 tum

940 396 969 423 in
984 403 1092 423 summo
1115 396 1258 431 primoque
1279 403 1379 428 versu,
1399 396 1447 432 qui
1470 403 1578 424 menses
1594 395 1721 429 exhibet,

940 449 1060 469 mensem
1083 442 1162 476 cujus
1191 441 1318 469 Kalendae
1334 442 1506 477 postulantur
1533 442 1719 476 inquirentes.

940 495 1112 522 quaecunque
1131 487 1197 514 feria
1214 488 1304 515 medio
1324 487 1351 515 in
1375 488 1508 515 laterculo
1525 487 1558 514 ad
1582 487 1720 515 ineuntem

940 533 1048 568 cyclum
1070 533 1158 567 posita
1175 536 1235 565 est,
1252 537 1279 560 et
1297 533 1383 561 mensi
1400 533 1456 568 jam
1475 537 1582 568 reperto
1601 533 1628 559 in
1648 533 1720 560 dire-

938 584 1012 607 ctum
1033 579 1164 613 subiacet,
1181 580 1229 607 has
1245 579 1379 607 Kalendas
1394 587 1455 607 esse
1472 579 1574 606 mensis
1588 578 1662 606 illius
1678 578 1720 605 dio

939 634 1048 658 ccmus,
1069 627 1102 654 dc
1117 634 1171 662 quo
1190 627 1329 661 quaeritur.
1352 626 1407 653 llac
1425 627 1551 658 inventa,
1571 625 1720 661 quamlibet

940 673 1114 708 sequentium
1132 673 1255 708 ejusdem
1273 673 1374 701 mensis
1395 672 1588 700 oblinebimus.
1614 671 1720 706 Quippe

938 717 1021 746 ferias
1035 726 1129 746 omnes
1147 727 1161 745 a
1179 726 1185 745 l
1203 719 1237 746 ad
1261 726 1321 746 eam
1345 726 1405 753 quae
1419 717 1548 746 Kalendis
1573 717 1717 748 convenit,

938 768 1036 798 prater
1060 763 1130 791 hanc
1151 764 1238 799 ipsam
1249 783 1256 796 ,
1273 768 1415 799 putantes,
1434 763 1535 790 additis
1548 762 1644 790 diebus
1659 769 1719 788 om-

936 809 1018 837 nibus
1043 817 1058 836 a
1075 809 1203 837 Kalendis
1225 809 1257 836 ad
1282 809 1449 845 propositam
1470 809 1558 840 diem,
1583 814 1717 836 summam

936 863 984 891 per
998 863 1036 882 vn
1050 856 1204 891 partimur:
1220 859 1301 884 atque
1316 856 1354 882 ita
1371 855 1465 883 feriam
1481 854 1653 882 habebimus.

971 1040 1135 1076 Exemplum.
1189 1037 1486 1073 QuaaranturKalendac

970 1177 1033 1205 Haec
1050 1181 1130 1207 sunt,
1146 1183 1208 1211 quae
1224 1183 1257 1203 ae
1270 1175 1354 1210 cyclis
1375 1175 1527 1205 solaribus.
1544 1178 1572 1202 et
1591 1173 1640 1205 iis.
1657 1180 1717 1208 qua

933 1224 998 1252 inde
1014 1222 1212 1257 consequentia
1231 1224 1312 1253 sunt,
1330 1221 1513 1248 necessariam
1532 1221 1632 1248 habere
1648 1227 1716 1247 con-

933 1267 1125 1298 siderationem
1140 1265 1231 1302 putari
1244 1275 1251 1293 :
1265 1273 1379 1301 quorum
1392 1265 1515 1293 absoluta
1529 1284 1536 1297 ,
1552 1264 1641 1299 quoad
1657 1264 1716 1292 ﬁeri

933 1315 1038 1350 potuit,
1057 1317 1099 1341 est
1116 1320 1131 1339 a
1147 1312 1226 1339 nobis
1244 1312 1326 1338 allata
1345 1312 1425 1338 ratio.
1440 1311 1519 1338 Nunc
1535 1311 1569 1338 ad
1590 1310 1714 1339 lunarem

933 1360 1080 1388 transitum
1105 1358 1255 1388 faciemus.
1282 1365 1362 1392 quem
1380 1357 1492 1388 eadem.
1517 1364 1550 1384 ac
1578 1356 1714 1390 solarem,

933 1404 978 1431 ria
995 1407 1022 1430 et
1043 1401 1170 1430 methodo
1189 1401 1380 1428 tractabimus.

987 1460 1025 1487 De
1039 1458 1224 1494 investigandi;
1244 1458 1323 1493 cyclis
1343 1458 1497 1490 lunaribus,
1512 1462 1536 1485 et
1554 1466 1612 1494 qua:
1629 1458 1663 1485 εει

1196 1498 1369 1520 consentanea
1385 1497 1455 1520 sunt.

971 1539 1001 1566 V.
1023 1539 1090 1566 Cum
1105 1538 1139 1565 ab
1153 1537 1227 1565 orbis
1242 1536 1352 1564 conditu
1367 1541 1464 1571 quarto
1480 1535 1523 1563 die
1537 1535 1601 1562 luna
1616 1535 1695 1570 plena
1705 1554 1713 1566 .

933 1590 960 1613 et
977 1585 1102 1612 absoluto
1116 1583 1182 1610 orbe
1200 1585 1329 1609 constans
1346 1581 1380 1608 ab
1393 1580 1515 1608 omnium
1536 1587 1626 1607 rerum
1645 1580 1712 1606 arti-

930 1632 980 1659 ﬁce
991 1630 1045 1658 Deo
1057 1632 1198 1665 procreata
1223 1628 1259 1655 sit
1276 1627 1338 1662 (hoc
1349 1627 1420 1654 enim
1434 1627 1502 1654 liber
1513 1625 1625 1653 Genesis
1638 1633 1656 1659 ι,
1670 1625 1715 1659 16,

931 1677 1032 1704 indicat
1045 1676 1088 1703 his
1099 1675 1205 1702 verbis:
1221 1673 1268 1700 «Et
1280 1673 1341 1700 fecit
1354 1672 1424 1700 Deus
1435 1672 1580 1699 luminaria
1592 1672 1646 1699 duo
1656 1679 1715 1699 ma—

929 1729 982 1757 gna
999 1731 1006 1748 :
1025 1720 1156 1747 luminare
1172 1719 1259 1752 majus
1276 1717 1309 1745 ad
1332 1717 1438 1744 initium
1454 1717 1465 1732 ³
1485 1716 1557 1749 diei,
1584 1721 1610 1743 et
1634 1716 1716 1742 lumi-

929 1774 996 1793 nare
1009 1766 1099 1792 minus
1114 1765 1146 1792 ad
1162 1764 1266 1792 initium
1291 1763 1380 1790 noctis
1395 1762 1438 1796 i);
1457 1762 1555 1796 quippc
1575 1768 1714 1796 nunquam

930 1813 1035 1840 oriente
1051 1812 1108 1839 sole
1125 1810 1218 1838 eadem
1235 1810 1278 1838 die
1295 1809 1359 1836 luna
1378 1813 1467 1844 posset
1487 1807 1519 1835 ad
1537 1807 1644 1834 initium
1662 1814 1715 1833 no-

930 1858 1002 1889 ctis,
1021 1857 1078 1884 sive
1103 1856 1155 1884 sub
1180 1859 1287 1883 noctem
1314 1855 1429 1890 primam
1453 1853 1574 1884 exoriri,
1600 1851 1655 1880 nisi
1680 1860 1713 1880 ex

930 1902 1064 1929 diametro
1079 1901 1104 1928 ei
1121 1904 1194 1928 esset
1212 1899 1335 1935 opposita
1350 1919 1358 1931 ,
1378 1898 1493 1932 ideoque
1511 1897 1591 1933 plena
1611 1896 1686 1924 ﬁeret
1703 1904 1712 1926 :

931 1947 953 1974 si
971 1946 1005 1973 ab
1020 1945 1197 1973 antecedente
1214 1945 1280 1980 jngo
1300 1944 1333 1971 ad
1353 1943 1532 1979 plenilunium
1553 1941 1714 1976 pervenisse

929 1992 1087 2027 ﬁngamus;
1119 1991 1246 2026 quoniam
1278 1995 1376 2026 quarto
1408 1988 1502 2016 mundi
1533 1987 1635 2015 conditi
1668 1987 1712 2014 die

929 2038 1024 2073 quinta
1054 2036 1159 2063 decima
1193 2035 1262 2068 fuit;
1294 2035 1469 2063 manifestum
1501 2039 1563 2065 est.
1595 2033 1623 2060 in
1653 2034 1713 2068 ipso

928 2083 1022 2110 mundi
1051 2081 1201 2117 primordio
1232 2081 1419 2108 duodecimam
1450 2079 1546 2107 fulsse.
1577 2078 1709 2106 Undecim

928 2136 994 2164 ergo
1014 2131 1091 2155 erant
1113 2127 1173 2160 ejus
1194 2131 1305 2162 epactaz.
1332 2127 1397 2159 Quae
1419 2125 1530 2160 quidem
1550 2133 1578 2152 ιι
1601 2124 1712 2152 circiter

929 2174 987 2202 dies
1013 2172 1166 2200 admirabili
1194 2171 1274 2206 198
1293 2175 1318 2198 et
1337 2171 1471 2199 immensa
1488 2177 1602 2206 prorsus
1618 2170 1712 2205 provi-

94 2219 262 2246 δωδεκαταία
280 2216 329 2254 ἦν·
347 2222 380 2244 ια’
391 2218 419 2244 δὲ
434 2219 460 2245 αἱ
471 2218 572 2254 ταύτης
586 2218 718 2245 ἐπακταί’
737 2219 784 2245 καὶ
800 2215 878 2246 αὗται

935 2220 1026 2247 lentia:
1040 2219 1137 2246 divina:
1152 2218 1261 2245 solertia
1271 2238 1279 2250 ,
1293 2218 1408 2252 singulis
1422 2217 1502 2244 annis
1512 2237 1519 2247 ,
1537 2220 1599 2252 post
1615 2224 1653 2243 xu
1669 2215 1712 2242 lu-

94 2267 124 2293 αἱ
149 2269 184 2293 ια’
198 2266 311 2300 ἔγγιστα
331 2266 432 2302 ἡμέραι
453 2265 594 2301 θαυμαστῇ
614 2265 661 2292 καὶ
683 2265 877 2301 ἀνυπερϐλήτῳ

94 2312 146 2346 τῆς
162 2312 288 2347 προνοίας
305 2311 384 2346 σοφίᾳ
400 2311 459 2337 καθ’
475 2311 588 2337 ἕκαστον
602 2310 660 2342 ἔτος
675 2311 743 2346 μετὰ
762 2311 810 2346 τὴν
823 2311 876 2337 τῶν

92 2358 197 2384 δώδεκα
220 2356 384 2392 σεληνιακῶν
408 2355 500 2391 μηνῶν
525 2355 738 2391 συμπλήρωσιν,
761 2356 812 2382 τνδ¹
830 2357 877 2382 καὶ

94 2401 187 2437 μεῖζον
203 2402 221 2438 ἡ
242 2405 266 2436 γ’
288 2401 368 2437 μέρος
384 2400 489 2437 ἡμέρας
505 2401 718 2438 ἀπαρτιζόντων,
740 2401 876 2428 λείπονται

93 2449 134 2479 εἰς
151 2447 199 2483 τὴν
221 2447 268 2474 τοῦ
288 2446 452 2474 ἐνιαυσιαίου
477 2446 571 2482 χρόνου
596 2446 808 2482 συμπλήρωσιν,
824 2447 877 2480 τξε’

91 2493 206 2529 ἡμερῶν
225 2493 301 2525 ὖντος
325 2493 370 2519 καὶ
393 2493 413 2519 δ’
433 2492 555 2527 ἔγγιστα.
576 2493 657 2518 Ὥστε
681 2493 709 2519 ὲν
726 2493 782 2524 τοῖς
801 2493 876 2520 δυσὶν

91 2538 166 2564 ἔτεσι
187 2537 425 2572 διπλασιαζόμεναι
449 2533 529 2563 αὗται
545 2536 574 2562 αἱ
597 2539 630 2562 ια’
647 2536 747 2572 ἡμέραι
770 2537 875 2564 πειοΰσι

91 2583 143 2614 τὰς
158 2582 278 2614 teme;
290 2582 331 2617 κβ⁹
343 2591 350 2598 ’
365 2584 393 2609 ὲν
407 2582 436 2608 δὲ
453 2582 509 2613 τοῖς
523 2581 596 2617 τρισὶ
609 2581 659 2615 λγ¹.
675 2578 724 2608 Ὦν
740 2583 877 2617 συναχθει-

92 2627 161 2660 σῶν,
176 2627 382 2664 ἀφαιρουμένων
395 2627 449 2654 τῶν
460 2628 492 2659 λ’,
508 2627 568 2654 ἐπεὶ
586 2627 658 2662 μῆνα
672 2626 783 2660 ἔγγιστα
797 2627 875 2663 σελη-

91 2673 187 2701 νιακὸν
201 2673 389 2710 άπαρτίζουσι,
402 2673 618 2700 καταλείπονται.
625 2675 656 2706 γ’.
671 2672 725 2698 Καί
743 2673 810 2699 εἰσιν
829 2673 874 2699 ὲν-

91 2718 188 2745 τεῦθεν
201 2718 247 2745 τοῦ
265 2719 355 2754 τρίτου
368 2718 444 2750 ἔτους
455 2718 573 2744 ἐπακταὶ
585 2720 609 2751 γ’
620 2725 627 2731 ·
643 2716 689 2743 καὶ
698 2716 796 2752 ἐφεξῆς
811 2717 874 2744 ἀκο-

929 2273 1010 2293 nares
1026 2272 1134 2291 menses
1148 2263 1286 2290 absolutos
1297 2282 1304 2292 .
1319 2263 1365 2297 qui
1381 2263 1440 2290 dies
1455 2262 1587 2297 colligunt
1601 2268 1711 2296 cccuv;

929 2316 956 2338 et
981 2311 1062 2346 paulo
1088 2310 1148 2345 plus
1174 2309 1254 2336 tertia
1276 2308 1329 2336 dici
1352 2313 1443 2343 parte,
1467 2308 1566 2336 desunt
1586 2308 1618 2335 ad
1638 2315 1710 2335 cxte—

929 2356 1066 2392 quandum
1084 2355 1150 2382 solis
1163 2362 1264 2380 annum
1278 2363 1284 2381 ε
1302 2353 1348 2388 qui
1365 2354 1460 2382 diebus
1476 2357 1584 2381 constat
1597 2360 1708 2384 cccuv.

929 2405 957 2429 et
972 2400 1124 2436 quadrante
1140 2399 1205 2427 fere.
1222 2399 1291 2426 Hinc
1306 2399 1333 2426 in
1348 2399 1428 2426 annis
1443 2399 1550 2427 duobus
1566 2398 1710 2434 duplicatae

930 2447 988 2474 dies
1002 2446 1102 2473 eaedem
1116 2451 1225 2480 epactas
1240 2445 1344 2472 faciunt
1359 2452 1412 2471 xxn
1427 2453 1434 2476 ;
1453 2445 1480 2472 in
1502 2445 1580 2472 annis
1600 2444 1688 2472 tribus
1701 2463 1709 2475 .

929 2500 1026 2520 antu.
1041 2491 1078 2518 De
1091 2499 1145 2526 qua
1162 2499 1268 2518 summa
1283 2491 1408 2518 deductis
1422 2499 1475 2518 xxx
1486 2510 1494 2522 ,
1511 2499 1572 2526 qua:
1588 2497 1709 2518 mensem

929 2537 1051 2564 lunarem
1071 2537 1180 2564 circiter
1199 2536 1334 2568 cilicium,
1354 2536 1465 2571 reliqua:
1484 2541 1550 2564 sunt
1569 2544 1611 2564 nt.
1632 2535 1710 2564 Unde

928 2583 1024 2609 tertius
1036 2589 1125 2609 annus
1139 2585 1249 2616 epactas
1263 2581 1344 2610 habet
1354 2589 1402 2614 Ill;
1417 2588 1449 2608 ac
1464 2582 1503 2608 sic
1518 2581 1646 2615 deinceps
1661 2588 1709 2607 us-

927 2636 980 2663 que
999 2628 1032 2655 ad
1052 2635 1118 2655 xtx:
1137 2628 1237 2655 etenim
1257 2635 1329 2654 anno
1348 2635 1392 2655 xIx
1411 2627 1545 2654 mensium
1570 2626 1641 2652 lunae
1666 2633 1710 2652 re-

926 2673 1029 2700 volutio
1046 2673 1074 2700 ﬁt
1089 2682 1096 2700 :
1115 2672 1183 2700 adeo
1199 2677 1229 2699 ut
1246 2679 1318 2700 anno
1335 2672 1466 2700 vicesimo
1483 2676 1593 2706 epactas
1612 2670 1710 2697 habeat

925 2719 989 2746 luna
1007 2727 1103 2746 rursus
1120 2727 1158 2746 ιι.

91 2763 195 2795 λούθως
223 2763 301 2799 ἄχρις
318 2763 384 2790 ἐτῶν
399 2763 441 2789 ιϐ’.
462 2762 540 2790 Κατὰ
561 2762 614 2798 γὰρ
635 2763 666 2789 ιθ¹
690 2761 749 2794 ἔτος
772 2763 992 2796 ἀποκατάστασις
1009 2765 1113 2798 γίνεται
1135 2764 1190 2791 τῶν
1220 2763 1386 2802 σεληνιακῶν
1411 2764 1519 2800 μηνῶν·
1544 2763 1615 2790 ὥστε
1637 2769 1709 2789 κατα

89 2810 124 2836 τὸ
140 2812 163 2836 κ’
175 2808 232 2840 ἔτος
246 2808 325 2835 πάλιν
342 2812 374 2835 ια’
391 2807 458 2836 εἷναι
471 2810 519 2841 τὰς
533 2810 582 2845 τῆς
595 2809 709 2844 σελήνης
723 2809 851 2840 ὲπακτάς.

130 2869 142 2884 ’
155 2867 217 2896 Haec
233 2868 261 2894 in
275 2872 356 2895 vetere
371 2868 453 2895 altera
465 2868 570 2896 desunt.
607 2868 618 2884 ³
635 2867 678 2896 Sic
692 2875 778 2896 vocem
788 2868 874 2904 ἀρχὴν
888 2868 997 2902 accepit,
1015 2873 1043 2895 ut
1056 2867 1162 2903 quidam
1183 2874 1288 2897 veteres.

230 2913 356 2944 Parnm.
383 2914 441 2944 Gn.
464 2914 552 2945 XIX.

1530 2914 1564 2944 Ιι1
