1931 3135
206 149 270 178 1291

694 147 739 175 AD
759 146 893 175 EUSEBII
912 145 1109 175 CHRONICON
1127 145 1312 173 APPENDIX.

1757 147 1816 175 129⁸1

241 207 347 235 Accidit
363 210 452 234 autem
470 205 522 233 ista
541 204 674 233 revolutio
690 205 780 233 ductis
799 206 827 233 in
845 213 874 234 se
891 209 981 233 mutuo

1070 205 1176 232 Γίνεται
1190 205 1219 231 δὲ
1233 206 1249 241 ἡ
1262 204 1372 241 τοιαύτη
1385 205 1609 238 ἀποκατάστασις
1622 206 1816 234 πολλαπλασια-

204 260 251 280 xix
265 252 345 279 annis
363 255 443 286 atque
455 259 494 278 XI.
509 250 572 277 Hac
588 250 660 277 enim
675 250 853 285 multiplicata
869 250 985 278 invicem

204 299 263 326 dies
282 297 429 325 conﬁciunt
443 303 518 329 ccrx,
537 296 584 331 qui
601 299 664 324 sunt
681 296 791 324 lunares
806 303 913 324 menses
932 296 972 323 cir

204 345 272 371 citer
296 347 408 378 septem.
434 341 497 369 Haec
517 346 559 369 est
572 349 655 369 causa
666 361 673 374 ,
688 349 738 369 cur
752 342 841 378 cyclos
858 342 928 369 luna:
945 342 972 369 di

204 396 299 416 camus
325 395 385 415 esse
412 394 499 421 neque
527 386 634 421 plures,
662 393 749 421 neque
765 386 909 421 pauciores
925 393 982 412 χιι.

204 434 283 467 Quod
300 437 390 460 tamen
409 432 551 460 sciendum
571 437 612 460 est
629 432 769 460 facilitatis
786 436 814 459 et
832 431 985 466 compendii

204 480 291 516 gratia
305 480 342 506 ita
359 479 414 506 dici
431 480 540 513 solere;
556 483 586 506 ut
599 482 625 506 et
640 483 753 511 uetera,
774 487 834 514 quae
861 479 895 506 de
919 479 984 506 luna

200 526 329 561 deinceps
342 525 549 559 explicabimus.
567 524 634 552 Nam
648 525 672 552 si
689 529 816 552 accurate
832 525 906 560 loqui
919 524 986 552 veli-

201 580 279 604 mus.
298 572 376 599 aliter
392 579 436 599 res
455 572 553 604 habet,
579 575 609 598 ut
629 575 724 607 postea
740 571 985 603 demonstrabitur,

204 626 264 646 cum
280 619 313 646 de
326 618 458 647 Pascbate
473 617 595 645 dicemus

1039 251 1160 286 ζομένων
1178 253 1219 278 ἐπ’
1236 251 1346 287 ἄλληλα,
1359 252 1480 278 τουτέστι
1496 252 1528 278 t0'
1541 251 1610 278 ὲτῶν
1624 252 1673 278 επὶ
1688 252 1737 283 τὰς
1749 253 1816 288 εἰρη-

1040 297 1123 333 μένας
1136 301 1179 324 ια’.
1194 297 1285 324 Ταῦτα
1297 297 1351 333 γὰρ
1363 297 1407 323 ἐπ’
1420 297 1521 333 ἄλληλα
1536 296 1816 332 πολλαπλασιαζόμενα

1039 343 1160 371 ποιοῦσιν
1179 345 1284 379 ἡμέρας
1298 344 1352 370 σθ’·
1370 340 1450 370 αὗται
1466 344 1488 369 δ’
1506 343 1690 379 ἀπαρτίζουσι
1709 343 1816 377 σεληνια-

1038 391 1102 422 κοὺς
1119 390 1233 425 ἔγγιστα
1256 389 1344 424 μῆνας
1361 389 1393 421 ζ’.
1409 389 1464 416 Καὶ
1485 388 1553 425 αὕτη
1572 389 1647 415 ἐστὶν
1661 389 1678 423 ἡ
1694 388 1774 421 σιτία,
1788 389 1814 415 δι’

1037 435 1070 471 ἢν
1088 435 1155 462 κὰπ).
1169 435 1218 470 τῆς
1230 435 1344 470 σελήνης
1358 434 1389 460 ιθ¹
1404 434 1519 467 κύκλους
1531 435 1633 470 ταύτης
1645 433 1716 461 εἶναί
1726 443 1814 470 φαμεν,

1037 480 1084 507 καὶ
1099 479 1159 507 οὕτε
1177 480 1286 511 πλείους
1300 479 1362 506 οὔτε
1377 479 1514 511 ἐλάττους.
1538 480 1635 506 Ἰστέον
1652 480 1746 515 μέντοι
1755 481 1815 507 κατὰ

1037 525 1067 551 τὺ
1085 525 1228 561 πρόχειρον
1245 523 1317 550 οὕτω
1335 524 1460 558 λέγεσθαι
1480 524 1576 556 ταῦτα,
1587 525 1636 551 καὶ
1653 513 1691 551 τὰ
1706 513 1766 560 ἑξῆς
1776 526 1816 560 ρη-

1038 569 1178 605 Θησόμενα
1203 570 1267 605 περὶ
1284 570 1334 605 τῆς
1358 570 1488 606 σελήνης·
1507 570 1570 596 ἐπεὶ
1592 569 1666 596 κατὰ
1686 570 1717 596 τὸ
1739 571 1813 605 πάντη

1039 616 1152 652 ἀκριὸὲς
1177 616 1225 650 οὐχ
1251 614 1337 647 οὕτως
1357 615 1424 650 ἔχει,
1442 616 1479 647 ὡς
1500 615 1642 652 προϊοῦσιν
1664 615 1731 651 ἡμὶν
1747 615 1814 650 δῆλον

1039 661 1125 693 ἔσται,
1145 661 1226 697 ἡνίκα
1239 661 1284 688 τὸν
1302 662 1365 697 περὶ
1378 661 1424 688 τοῦ
1444 661 1540 697 Πάσχα
1553 661 1708 697 ποιούμεθα
1720 661 1813 698 λόγονη
1836 664 1838 666 ’

692 718 795 744 Tabula
810 718 1007 753 propagationis
1019 723 1174 751 epactarum
1190 718 1335 745 lunarium.

769 775 877 810 Epactze
976 775 1047 803 Anni
1152 775 1260 811 Epacta:

756 818 888 837 annorum
978 811 1047 846 cycli
1144 812 1267 838 collectas

808 894 836 912 xi
1007 893 1016 912 ι
1196 885 1228 911 11

794 929 851 947 xxu
1002 928 1023 948 ll
1196 920 1232 947 22

809 964 838 982 ιιι
996 963 1027 982 ιιι
1196 955 1231 982 53

799 999 843 1017 xlv
1001 998 1028 1017 lv
1195 990 1230 1016 44

793 1034 845 1052 xxv
999 1033 1015 1052 v
1195 1025 1229 1052 55

807 1069 831 1087 vr
999 1068 1024 1087 vl
1194 1060 1229 1087 66

794 1104 847 1122 xvn
993 1102 1030 1121 vn
1196 1094 1228 1121 7'7

780 1139 865 1157 xxvm
988 1137 1036 1156 vm
1111 1129 1115 1132 ⁷
1195 1129 1230 1156 88

804 1174 829 1192 ix
997 1173 1023 1191 Ix
1195 1165 1230 1192 99

798 1207 834 1227 xx
1004 1208 1022 1226 χ
1179 1199 1230 1227 MO

819 1243 826 1261 ι
999 1243 1026 1261 x1
1180 1234 1228 1262 121

795 1279 832 1297 xu
989 1278 1027 1297 xu
1179 1270 1231 1297 152

785 1313 854 1332 xxm
982 1313 1032 1332 xm
1179 1305 1230 1332 145

806 1348 834 1368 ιν
985 1348 1030 1368 xw
1178 1340 1230 1367 154

801 1383 836 1403 xv
989 1383 1023 1402 xv
1180 1375 1230 1403 165

786 1418 849 1437 xxvi
985 1418 1030 1436 ενι
1178 1411 1229 1437 I76

801 1454 839 1473 vu
973 1453 1028 1472 xvu
1177 1445 1230 1472 187

790 1489 855 1508 va
971 1488 1037 1507 xvm
1177 1480 1229 1507 198

785 1523 850 1543 xxix
981 1524 1028 1543 xu
1176 1515 1229 1543 209

341 1596 479 1625 Methodus
492 1594 638 1624 inveniendi
651 1595 718 1630 cycli
730 1595 844 1622 lunaris.

237 1679 281 1706 Vl.
301 1677 442 1706 Methodus
467 1675 622 1704 inveniendi
645 1674 779 1702 currentis
799 1673 870 1701 lunae
889 1674 958 1709 cycri
971 1693 979 1706 ,

202 1733 264 1753 cum
276 1725 334 1759 ejus
348 1723 452 1759 epaclis
465 1726 507 1750 est
520 1721 653 1756 ejusmodi
668 1731 674 1748 :
691 1720 784 1748 Annos
797 1720 831 1747 ab
845 1720 910 1748 orbe
922 1727 985 1747 con-

201 1771 259 1798 dito
279 1769 313 1797 ad
338 1768 509 1805 propositum
529 1774 631 1801 usque,
651 1773 700 1802 per
719 1773 764 1792 ιιι
784 1765 937 1800 partimur;
957 1769 984 1793 et

201 1817 355 1849 residuum,
374 1815 447 1850 quod
461 1815 552 1842 minus
568 1817 609 1841 est
625 1821 670 1840 xix
681 1832 688 1844 .
706 1812 822 1839 dicimus
836 1819 898 1839 esse
912 1811 982 1839 luna:

200 1863 318 1899 cyclum.
339 1862 424 1897 Cujus
450 1860 556 1887 initium
578 1867 633 1886 non
659 1866 674 1885 a
702 1857 874 1893 Septembri,
893 1864 982 1893 neque

200 1910 235 1938 :Lb
250 1908 380 1940 Octobri,
395 1911 425 1934 ut
442 1906 469 1933 in
488 1906 591 1938 solari,
612 1904 660 1932 sed
679 1904 712 1931 ab
728 1903 837 1931 ineunte
851 1902 981 1931 Januario

201 1955 317 1983 sumitur
333 1953 368 1981 ob
383 1960 442 1981 eam
460 1959 541 1987 quam
558 1951 679 1978 dicemus
695 1949 839 1976 rationem.

200 2001 350 2037 πτεμὸρίου
366 1999 520 2034 ποιούμενοι
533 2018 540 2030 ,
556 1997 610 2024 οὐδ’
621 1997 674 2023 ἀπὸ
691 1996 737 2022 τοῦ
759 1995 931 2030 Ὀκτωθριου,
950 1995 988 2027 ὡς

199 2049 232 2076 δι’
250 2049 284 2084 ἢν
305 2048 421 2085 ἐροῦμεν
441 2047 540 2073 αἰτίαν.

236 2096 278 2123 Sit
305 2101 395 2123 autem
420 2093 538 2128 exempli
564 2093 625 2119 loco
646 2090 803 2126 propositus
825 2098 922 2118 annus.
940 2089 981 2117 Ab

199 2143 266 2170 orbe
278 2141 388 2169 condito
402 2141 435 2167 ad
452 2141 588 2167 ineuntem
602 2137 761 2164 Ianuarium
773 2156 781 2168 ,
796 2136 842 2171 qui
859 2135 981 2171 proxime

200 2186 336 2222 sequitur,
356 2185 420 2212 anni
439 2189 503 2212 sunt
522 2184 601 2211 6880.
625 2182 658 2210 Hi
673 2190 721 2218 per
738 2189 785 2208 xix
799 2181 881 2208 divisi
897 2179 980 2208 relin-

200 2237 288 2268 quunt
303 2240 342 2259 ιιι
358 2231 481 2266 proinde
505 2230 612 2258 cvclum
639 2229 710 2256 lunae
734 2235 754 2254 ιι
779 2234 839 2255 esse
860 2234 982 2262 pronun-

200 2279 300 2306 tiamus

391 2334 481 2360 Altera
496 2333 630 2360 methodua
641 2331 798 2366 expeditior.

237 2391 313 2419 Hanc
329 2398 412 2426 porro
426 2390 583 2418 methodum
601 2389 684 2425 paulo
701 2388 850 2416 faciliorem
867 2387 904 2415 ita
921 2387 982 2415 red—

200 2439 313 2470 demus;
334 2444 395 2464 cum
416 2435 489 2462 enim
514 2443 585 2462 anno
609 2435 770 2462 adveniente
781 2433 869 2466 6800,
886 2434 982 2469 cyclus

200 2487 274 2511 esset
293 2482 364 2509 luna:
383 2488 458 2512 xvn.
477 2480 549 2507 hunc
565 2480 654 2514 ipsum
671 2487 816 2507 numerum
833 2478 982 2506 centenarii

201 2527 339 2564 sequentis
357 2526 437 2553 annis
454 2525 601 2556 addentes.
619 2524 659 2551 uti
676 2532 749 2551 nunc
764 2524 814 2557 80,
830 2523 982 2551 confectam

199 2581 334 2602 summam
350 2572 385 2600 97
401 2579 449 2607 per
464 2572 498 2598 i9
514 2571 661 2606 partientes
673 2590 679 2601 ,
696 2570 799 2604 reliqua
815 2577 835 2597 ιι
850 2570 920 2597 lunae
935 2576 983 2604 cy-

194 2621 273 2648 ~clum
289 2627 350 2647 esse
367 2618 500 2646 dicemus.
519 2616 590 2644 ldcm
608 2619 634 2643 et
651 2616 747 2650 quovis
763 2616 869 2651 expleto
885 2618 980 2642 cente-

199 2667 277 2694 nario
299 2665 446 2697 facientes,
469 2663 574 2699 cyclum
591 2662 677 2697 ipsius
695 2662 798 2696 majore
821 2661 981 2696 compendio

199 2712 376 2748 reperiemus.

252 2811 389 2842 Quomoao
400 2809 514 2837 "lunares
532 2812 630 2844 epacta:
645 2807 850 2842 pervestiganda:
865 2807 926 2834 sint.

235 2865 291 2894 ιλιι.
310 2866 427 2902 Epactas
444 2867 562 2894 ineuntis
577 2866 648 2894 lunm
663 2865 733 2900 cycli
749 2865 801 2892 hoc
817 2863 897 2892 modo
914 2872 980 2891 con-

999 1599 1022 1627 B
1079 1595 1212 1629 Μέθοδος
1226 1594 1306 1629 ὅπως
1320 1596 1488 1659 semicaper
1505 1596 1559 1624 τὸν
1580 1596 1636 1632 τῆς
1653 1596 1787 1631 σελήνης

1366 1641 1422 1659 κυκ
1446 1641 1492 1659 ον.

1366 1641 1492 1659 nmmos“.

1072 1676 1116 1710 ς’.
1138 1676 1256 1709 Μέθοδος
1274 1677 1302 1703 δὲ
1319 1676 1365 1703 τοῦ
1383 1677 1429 1705 τὸν
1448 1677 1585 1705 ἐνεστῶτα
1603 1677 1707 1705 κύκλον
1729 1677 1813 1704 εἰδέναι

1033 1722 1083 1757 τῆς
1103 1723 1234 1758 σελήνης,
1256 1723 1303 1750 καὶ
1322 1723 1372 1755 τὰς
1392 1724 1451 1750 κατ’
1470 1723 1554 1760 αὐτὴν
1570 1723 1697 1755 ὲττακτὰς
1709 1743 1717 1755 ,
1730 1723 1770 1758 εἴη
1787 1723 1814 1749 ἂν

1033 1768 1103 1805 αὕτη
1117 1777 1123 1783 ·
1142 1769 1332 1804 Λαμϐάνοντες
1354 1769 1389 1796 τὰ
1412 1769 1466 1796 ἀπὸ
1483 1770 1533 1806 τῆς
1558 1769 1754 1805 κοσμογενεεας
1774 1768 1813 1803 ἔτη

1036 1815 1116 1851 μέχρι
1129 1816 1177 1842 καὶ
1197 1814 1279 1841 αὐτοῦ
1290 1815 1337 1841 τοῦ
1355 1815 1511 1847 ἐνεστῶτος,
1529 1816 1576 1842 καὶ
1591 1815 1682 1842 ταῦτα
1694 1814 1766 1850 παρὰ
1774 1814 1813 1840 τὸν

1036 1860 1068 1886 t0’
1078 1859 1246 1896 μερίζοντες,
1254 1860 1288 1887 τὰ
1298 1860 1517 1896 καταλειπόμενα
1533 1860 1658 1888 κάτωθεν
1669 1861 1723 1888 τῶν
1736 1860 1766 1886 ιϐ’
1775 1859 1814 1885 τὸν

1035 1905 1168 1932 ινεστῶτα
1188 1905 1302 1941 λέγομεν
1323 1904 1392 1932 εἶναι
1412 1905 1510 1933 κύκλον
1540 1906 1589 1941 τῆς
1614 1905 1752 1941 σελήνης·
1771 1902 1813 1939 τὴν

1034 1951 1120 1987 ἀρχὴν
1135 1951 1185 1986 τῆς
1203 1951 1415 1987 ὰπαριθμήσεως
1425 1951 1480 1978 τῶν
1492 1951 1560 1978 ὲτῶν
1577 1951 1627 1978 οὑκ
1643 1951 1702 1978 ἀπὺ
1720 1949 1764 1976 τοῦ
1776 1949 1813 1975 Σε-

1004 1997 1050 2024 ἐπὶ
1061 1997 1106 2025 τοῦ
1126 1997 1210 2033 ἡλίου,
1232 1997 1288 2025 ἀλλ’
1311 1997 1366 2024 ἀπὸ
1386 1997 1436 2032 τῆς
1455 1997 1542 2032 ἀρχῆς
1565 1996 1611 2023 τοῦ
1646 1995 1811 2030 Ἰανουαρίου,

1073 2088 1161 2114 Ἔστω
1180 2087 1208 2114 δὲ
1232 2087 1300 2114 κάπὶ
1320 2087 1518 2122 ὐποδείγματος
1530 2086 1560 2113 τὺ
1575 2086 1732 2122 λεγόμενον
1755 2087 1812 2113 ’Δπο

1034 2134 1084 2169 τῆς
1094 2133 1181 2168 ἀρχῆς
1196 2133 1247 2168 τῆς
1257 2133 1304 2159 τοῦ
1317 2132 1420 2169 κόσμου
1434 2132 1567 2167 γενέσεως
1579 2133 1664 2168 μέχρι
1674 2133 1723 2169 τῆς
1734 2133 1811 2169 ἀρχῆς

1034 2180 1081 2207 τοῦ
1103 2179 1250 2216 ἐρχομένου
1268 2179 1430 2215 Ἰανουαρίου
1454 2179 1501 2215 ἔτη
1526 2179 1594 2205 εἰσὶν
1613 2183 1712 2214 gum“
1734 2178 1810 2206 ταῦτα

1036 2226 1201 2262 μερίζομενα
1212 2225 1289 2261 παρὰ
1304 2225 1350 2252 τὸν
1368 2225 1400 2251 ιθ¹
1419 2225 1542 2251 λείπουσι
1559 2224 1592 2259 β’,
1611 2225 1660 2251 καὶ
1674 2224 1810 2260 λέγομενβ¹

996 2251 1017 2280 C
1033 2251 1218 2298 εἶναιῖκύκλον
1233 2251 1283 2306 τὴς
1304 2270 1428 2306 σελήνης.

1193 2326 1326 2360 Μέθοᾶος
1338 2326 1423 2360 ἑτέρα
1435 2326 1656 2361 προχειροτέρα.

1066 2385 1122 2410 Καὶ
1133 2383 1233 2419 ταύτην
1248 2383 1276 2410 δὲ
1294 2383 1343 2418 τὴν
1358 2382 1468 2418 μέθοδον
1488 2383 1556 2419 πρὸς
1569 2383 1600 2410 τὺ
1610 2383 1807 2419 προχειρότερον

1034 2429 1298 2464 μεταχειριζόμενοι,
1315 2429 1376 2455 ἐπεὶ
1396 2428 1467 2455 κατὰ
1487 2429 1684 2464 συμπλήρωσιν
1697 2428 1741 2455 τοῦ
1756 2429 1806 2460 ,ςω’

1034 2473 1110 2505 ἔτους
1122 2473 1153 2505 ιζ’
1164 2471 1199 2509 ἦν
1209 2474 1223 2500 ὁ
1234 2473 1332 2505 κύκλος
1345 2473 1396 2508 τῆς
1407 2473 1530 2509 σελήνης,
1544 2474 1629 2501 ταῦτα
1643 2473 1676 2501 τὰ
1687 2473 1719 2506 ιζ’
1733 2481 1806 2509 προσ-

1033 2520 1153 2551 τιθέντες
1172 2521 1228 2551 τοῖς
1254 2521 1303 2551 τῆς
1323 2519 1422 2554 ἐφεξῆς
1446 2519 1700 2556 ἐκατονταετηρίδος
1718 2519 1804 2548 ἔτεσιν,

1033 2566 1071 2597 ὡς
1082 2565 1128 2592 νῦν
1139 2566 1195 2596 τοῖς
1210 2568 1248 2598 π’,
1260 2565 1295 2592 τὰ
1315 2564 1448 2600 γενόμενα
1466 2565 1507 2598 HC
1519 2566 1680 2601 μερίσαντες
1699 2564 1768 2600 παρὰ
1780 2562 1804 2589 τὸ

1036 2611 1077 2644 ιϐ’,
1088 2611 1123 2637 τὰ
1140 2610 1357 2646 καταλειπόμενα
1377 2610 1399 2645 β’
1407 2610 1535 2646 δεύτερον
1546 2610 1642 2646 ἕξομεν
1658 2610 1753 2636 κύκλον
1769 2616 1804 2634 σε-

1034 2657 1126 2693 λήνης.
1143 2656 1179 2683 Τὸ
1199 2657 1263 2684 αὐτὸ
1283 2657 1311 2683 δὲ
1332 2657 1379 2683 καὶ
1399 2655 1459 2683 καθ’
1485 2656 1603 2692 ἑκάστην
1623 2655 1804 2691 συμπλήρωσιν

1034 2702 1288 2737 ἑκατονταετηρίδος
1318 2701 1472 2734 ποιοῦντες,
1494 2702 1708 2737 προχειροτέρως
1733 2698 1802 2733 ληψίὲ

1035 2748 1104 2783 μεθα
1119 2748 1163 2774 τὸν
1181 2747 1345 2783 ζητούμενον
1359 2747 1457 2774 κύκλον
1475 2747 1569 2781 αὐτῆς.

1080 2805 1146 2838 Πῶς
1157 2805 1326 2839 εὑρήσομεν
1341 2804 1395 2837 τὰς
1411 2803 1466 2838 τῆς
1478 2804 1613 2837 σελήνης
1628 2800 1763 2831 ἐπακτάς.

1068 2862 1104 2889 Z’.
1130 2862 1184 2894 Τὰς
1195 2862 1217 2889 δ’
1231 2861 1352 2894 ἐπακτὰς
1369 2861 1415 2888 τοῦ
1431 2860 1578 2892 ἐνεστῶτος
1593 2856 1746 2894 σεληνιακοῦ
1761 2854 1799 2882 κύ-
