1907 3144
109 172 122 198 1
127 172 180 200 ξοδ

580 172 689 202 ISAACI
705 173 858 204 MONACHI
876 174 1066 203 COMPUTUS
1079 153 1304 203 IECCLESIAST.

1660 176 1727 205 129%

108 229 173 257 κλου
184 229 258 255 τόνδε
278 229 324 256 τὸν
341 230 441 266 τρόπον
463 230 614 266 ληψόμεθα.
630 233 757 268 Ἔχοντες
773 234 827 269 γὰρ
847 234 892 260 τὸν

948 234 1074 261 liciemus.
1089 233 1200 269 Cyclum
1216 234 1287 261 luna:
1299 233 1356 268 jam
1373 235 1508 267 repertum
1525 239 1573 266 per
1589 240 1617 260 ιιι
1635 235 1727 260 multi-

108 274 208 301 κύκλον
225 275 274 310 τῆς
292 275 422 310 σελήνης,
443 276 725 313 ὲνδεκαπλασιάσομεν
740 279 830 311 αὑτὸν,
847 279 894 306 καὶ

108 320 300 356 προσθήσομεν
317 321 391 356 αὐτῷ
411 321 457 347 καὶ
479 322 583 358 ἡμέρας
604 325 678 358 τρεῖς
697 324 762 359 περὶ
784 322 821 351 ὧν
835 325 894 360 μετ’

106 366 198 400 ὀλίγον
223 366 356 401 ἐροῦμεν·
382 368 429 394 καὶ
449 367 496 394 τοῦ
517 369 662 403 γενομένου
682 369 732 401 τὰς
753 379 893 405 παρεμπι-

107 412 229 443 πτούσας
255 412 451 448 τριακοντάδας
473 413 563 445 πάσας
587 414 749 450 ἀφελοῦμεν,
771 415 809 447 ὡς
829 417 894 443 ἑκά-

109 465 176 493 στην
195 459 268 493 μῆνα
283 458 440 494 σεληνιακὸν
458 460 659 495 ἀπαρτίζουσαν
671 468 678 476 ⁸
700 462 747 488 καὶ
760 461 794 487 τὰ
804 462 893 488 κάτω-

108 502 156 529 θεν
169 503 224 530 τῶν
241 504 262 530 λ’
278 504 399 536 ὲπακτὰς
421 504 524 532 ἐκείνου
543 505 590 532 τοῦ
611 506 770 542 σεληνιακοῦ
794 506 893 534 κύκλου

106 547 179 576 εἶναι
190 550 312 585 φήσομεν
318 570 324 576 .

149 594 332 630 Ύπόδειγμαι
349 593 403 621 οἷον
420 595 458 626 ὡς
475 595 504 621 ὲν
521 595 715 631 ὑποδείγματι·
733 597 795 623 ἐπεὶ
817 599 831 624 ὁ
853 598 894 624 ὲν-

110 639 198 671 εστὼς
212 641 260 675 τῆς
277 640 389 675 σελήνης
406 641 503 672 κύκλος
523 641 544 676 β’
561 640 630 669 εἶναι
643 643 787 676 δέδεικται,
801 644 894 671 τοῦτον

107 685 413 717 ἑνδεκαπλασιάσαντες,
427 687 474 713 καὶ
487 688 542 718 τοῖς
553 688 708 723 γενομένοις
721 688 762 723 κβ¹
776 692 799 723 γ’
815 698 894 725 προσ-

58 766 64 772 .
107 732 212 764 θέντες,
228 732 263 758 τὰ
278 732 411 767 γενόμενα
425 736 464 759 κε’
479 733 528 765 τὰς
542 734 588 760 τοῦ
608 734 754 767 ἐνεστῶτος
769 736 893 771 σεληνια-

107 778 159 804 κοῦ
177 778 275 806 κύκλου
288 778 383 814 ἔχομεν
399 779 520 811 ὲπακτὰς
536 783 584 806 κε’.

151 824 183 850 Ἦ
199 824 228 850 δὲ
242 824 298 850 τῶν
315 827 338 858 γ’
355 824 464 859 ἡμερῶν
477 824 617 860 προσθήκη
635 825 668 851 δι’
688 826 777 853 αἰτίαν
790 827 893 860 γίνεται

107 869 220 903 ταύτην.
249 869 328 895 Δοκεῖ
358 869 411 905 γὰρ
441 869 556 905 ἀπορίαν
586 870 708 904 ἐμποιεῖν
737 872 754 906 ἡ
783 872 892 908 τοιαύτη

108 915 263 950 προσθήκη.
278 915 355 941 Ἐστι
374 915 395 941 δ’
413 915 497 942 αἴτιον
520 915 659 942 κάνταῦθα
680 917 696 951 ἡ
719 918 767 952 τῆς
792 918 893 953 κυρίως

107 961 198 996 ἀρχῆς
216 961 262 987 τοῦ
283 960 359 993 ἔτους
381 961 485 995 ἄγνοια.
504 960 611 996 Ταύτην
629 961 683 996 γὰρ
706 962 827 997 ἀκριϐῶς
846 963 895 989 οὐκ

107 1006 221 1038 εἰδότες,
242 1006 304 1033 ἐπεὶ
323 1003 401 1041 εὗρον
422 1009 446 1034 οἱ
467 1008 526 1034 κατ’
539 1007 625 1043 ἀρχὰς
643 1008 677 1034 τὰ
698 1009 811 1035 τοιαῦτα
832 1009 895 1044 μεθ-

108 1051 279 1083 οδεύσαντες,
301 1052 350 1087 τὴν
369 1052 481 1088 σελήνην
503 1053 531 1079 ὲν
547 1056 570 1078 α’
586 1053 597 1068 ⁸
615 1053 706 1089 κύκλῳ
722 1054 807 1089 αὐτῆς
826 1055 895 1082 κατὰ

107 1097 159 1132 τὴν
173 1100 195 1123 α’
212 1097 258 1123 τοῦ
281 1097 443 1134 Ίανουαρίου
459 1098 626 1135 πανσέληνον
643 1099 797 1136 γινομένην,
818 1109 896 1127 τουτ-

108 1143 169 1170 έστι
189 1143 462 1170 πεντεκαιδεκαταίαν
480 1141 561 1170 οὖσαν
572 1152 578 1159 ·
597 1142 631 1179 ἦν
646 1145 673 1171 δὲ
687 1145 734 1171 καὶ
758 1146 802 1172 ὅτε
819 1146 896 1181 δεδη-

108 1189 274 1224 μιούργηται
285 1189 552 1216 πεντεκαιδεκαταία·
564 1189 610 1215 καὶ
621 1189 664 1216 διὰ
675 1190 752 1217 τοῦτο
762 1192 835 1226 τρεῖς
847 1192 896 1226 μὲν

106 1233 180 1270 ἦσαν
195 1236 221 1260 αἱ
237 1235 290 1270 πρὸ
303 1234 352 1269 τῆς
364 1235 541 1270 δημιουργίας
554 1235 639 1270 αύτής
651 1236 763 1271 ἡμέραι,
778 1240 810 1262 ια’
824 1237 852 1263 δὲ
867 1238 896 1264 αἱ

108 1280 166 1306 ἀπὸ
179 1280 229 1315 τῆς
249 1280 477 1315 προῦποτεθείσης
492 1280 612 1312 συνόδου,
634 1281 763 1308 ὑπέθεντο
784 1283 832 1317 μὲν
847 1283 896 1318 τὴν

105 1326 196 1362 ἀρχὴν
210 1326 257 1352 τοῦ
279 1327 450 1362 ’ίανουαρίου,
467 1327 514 1354 καὶ
537 1327 592 1354 τῶν
609 1328 775 1364 σεληνιακῶν
790 1330 896 1357 κύκλων

106 1372 208 1408 ἀρχὴν,
224 1372 396 1408 προσέθηκαν
417 1372 445 1398 δὲ
466 1372 513 1398 καὶ
528 1372 578 1404 τὰς
596 1377 620 1407 γ’
635 1374 751 1410 ἡμέρας,
766 1375 809 1401 ἴνα
826 1376 896 1403 κατὰ

107 1417 199 1444 πάντα
225 1417 351 1453 ὁμοιότης
401 1417 468 1453 πρὸς
496 1418 602 1453 ἐκείνην
624 1419 672 1454 τὴν
697 1419 814 1456 ἡμέραν,
833 1422 895 1448 καθ’

106 1463 143 1499 ἢν
164 1463 401 1498 δεδημιούργηται.

106 1519 227 1556 Πῶς-ἅν
239 1528 283 1552 τις
302 1520 350 1546 καὶ
373 1520 431 1556 diro
453 1519 507 1553 τῆς
531 1521 626 1554 ὄψεως
648 1521 820 1556 κατανοήσῃ
839 1522 895 1555 τὴν

144 1554 281 1588 σελήνην
293 1555 352 1582 εἴτε
368 1554 427 1582 ἀπὸ
445 1555 586 1588 συνόδου,
602 1556 660 1583 εἴτε
675 1555 733 1583 ἀπὸ
747 1554 894 1584 unfeeli-

142 1598 200 1617 νου
211 1590 307 1616 ἐστίν.

144 1644 187 1668 Η¹.
212 1642 318 1678 Ἐπειδὴ
329 1643 361 1670 ἐκ
374 1643 420 1670 τοῦ
431 1643 505 1679 ἡλίου
521 1644 626 1680 δέχεται
643 1645 674 1672 τὸ
684 1645 740 1680 φῶς
754 1647 770 1682 ἡ
785 1646 892 1683 σελήνη,

106 1687 154 1714 ἀεὶ
173 1688 204 1714 τὸ
224 1688 428 1723 πεφωτισμένον
449 1689 534 1724 αὐτῆς
560 1691 641 1725 μέρος
662 1691 730 1726 πρὸς
751 1691 795 1718 τὸν
818 1692 893 1726 ἥλιον

107 1733 192 1761 νεύει.
208 1734 287 1761 Ὅθεν
305 1733 439 1770 αὐξομένη
456 1735 504 1770 μὲν
520 1737 552 1770 τῇ
573 1737 722 1764 ἀποστάσει
740 1737 787 1764 τοῦ
807 1738 892 1774 ἡλίου,

105 1780 232 1806 τουτέστι
254 1780 429 1808 συνοδεύουσα
446 1781 485 1816 τῷ
505 1782 582 1817 ἡλίῳ,
602 1783 650 1810 καὶ
668 1783 714 1810 ἐπὶ
730 1784 894 1820 πανσέληνον

107 1825 254 1861 ἐρχομένη,
275 1825 305 1852 τὺ
332 1826 380 1860 μὲν
397 1827 600 1862 πεφωτισμένον
624 1828 710 1863 αὐτῆς
727 1829 807 1865 μέρος
823 1831 894 1857 νεύει

107 1871 180 1906 πρὸς
208 1871 328 1907 δυσμὰς,
357 1872 535 1908 δυτικωτέρου
561 1873 637 1906 ὄντος
668 1875 817 1910 τηνικαῦτα
846 1877 893 1904 τοῦ

107 1917 196 1953 ἡλίου,
208 1918 237 1944 τὺ
251 1918 279 1944 δὲ
293 1919 461 1953 κερατοειδὲς
484 1919 568 1954 αὐτῆς
591 1919 638 1946 καὶ
658 1920 808 1954 ἀφώτιστον
822 1921 893 1949 νεύει

106 1964 179 2000 πρὸς
197 1964 342 1996 ἀνατολάς·
361 1965 429 1991 ἐπὰν
450 1965 479 1991 δὲ
496 1965 607 2001 γένηται
625 1966 829 2002 ἀντιπρόσωπος
845 1967 893 2003 ὃλη

105 2008 148 2043 τῷ
162 2007 237 2043 ἡλίῳ,
255 2008 302 2035 καὶ
325 2009 396 2035 κατὰ
415 2009 559 2045 διάμετρον
585 2010 667 2037 αὑτοῦ
691 2011 807 2047 ἀποστῇ,
832 2012 893 2039 τότε

107 2055 186 2081 πᾶσα
211 2054 372 2088 φωτίζεται,
398 2054 444 2090 ὅλη
465 2055 518 2091 ὅλῳ
542 2055 581 2091 τῷ
606 2056 674 2092 ἡλίῳ
694 2057 891 2092 προσϐαλοῦσα.

111 2100 182 2136 Ὀλη
195 2101 222 2127 δὲ
238 2101 308 2135 λέγω
333 2101 403 2128 κατὰ
427 2102 458 2127 τὸ
481 2102 548 2136 πρὸς
573 2103 646 2138 ἡμᾶς
668 2104 752 2139 αὐτῆς
771 2105 893 2136 νενευκὸς

108 2147 203 2182 μέρος.
225 2147 319 2174 Ἠνίκα
335 2148 363 2174 δὲ
380 2147 448 2182 μετὰ
474 2149 649 2184 πανσέληνον
664 2149 779 2185 ἄρξηται
802 2151 892 2185 μειοῦ-

107 2193 182 2223 σοαι,
205 2194 252 2220 καὶ
273 2194 341 2229 πρὸς
365 2194 472 2220 σύνοδον
497 2194 623 2229 ἔρχεσθαι
649 2195 696 2222 τοῦ
721 2196 805 2232 ἡλίου,
831 2198 892 2224 τότε

105 2239 190 2266 πάλιν
203 2240 233 2266 τὸ
251 2240 300 2275 μὲν
315 2239 518 2275 πεφωτισμένον
536 2240 621 2276 αὐτῆς
635 2241 717 2276 μέρος
735 2241 807 2268 νεύει
825 2243 892 2278 πρὸς

105 2285 240 2320 ἀνατολὴν
255 2285 302 2312 τοῦ
327 2285 401 2320 ἡλὶω
425 2286 653 2321 ὰνατολικωτέρου
675 2287 734 2313 τότε
757 2287 842 2320 ὄντος,
862 2289 893 2315 τὸ

105 2333 135 2360 δὲ
155 2331 304 2366 ἀφώτιστον
327 2331 373 2358 καὶ
394 2331 562 2367 κερατοειδὲς
588 2332 655 2368 πρὸς
678 2332 792 2368 δυσμάς.
811 2335 893 2361 Ὅταν

105 2379 164 2414 ἄρα
176 2378 207 2404 τὸ
223 2378 428 2412 πεφωτισμένον
443 2378 492 2413 τῆς
512 2378 625 2413 σελήνης
645 2378 728 2414 μέρος
746 2379 810 2415 νεύῃ
826 2381 893 2416 πρὸς

105 2424 224 2459 δυσμὰς,
240 2424 294 2451 ἀπὸ
306 2424 412 2451 συνόδου
426 2424 498 2450 ἐστὶν
510 2425 527 2459 ἡ
541 2424 650 2460 σελήνη,
665 2425 713 2452 καὶ
729 2426 775 2452 ἐπὶ
793 2427 893 2453 πανσέα

105 2471 188 2505 ληνον
206 2469 329 2506 ἔρχεται’
345 2470 408 2496 ὅταν
427 2469 456 2496 δὲ
473 2469 554 2496 πάλιν
571 2471 602 2497 τὸ
621 2471 826 2506 πεφωτισμένον
844 2472 892 2498 αύ-

104 2517 159 2551 τῆς
183 2515 263 2551 μέρος
293 2515 357 2551 νεύῃ
382 2515 450 2551 πρὸς
475 2515 616 2548 ἀνατολὰς,
645 2516 700 2543 ἀπὸ
725 2517 890 2553 πανσελήνου

105 2562 182 2589 ἐστὶν
198 2562 215 2596 ἡ
230 2561 338 2597 σελήνη,
354 2561 401 2587 καὶ
420 2560 466 2588 ἐπὶ
479 2560 585 2588 σύνοδον
601 2561 720 2596 ἔρχεται.

107 2617 175 2650 Πῶς
191 2617 229 2644 ἂν
243 2617 379 2650 εὕροιμεν
393 2618 496 2652 πόσων·
508 2616 593 2643 ἐστὶν
602 2616 725 2652 ἡμερῶν
736 2618 756 2651 ἡ
773 2617 890 2652 σελήνη

143 2653 202 2679 ἀπὸ
227 2652 369 2683 συνόδου,
386 2652 450 2679 κιθν
476 2650 516 2684 ἣν
537 2652 575 2678 ἂν
592 2651 705 2686 ἡμέραν
724 2653 778 2679 τοῦ
796 2650 892 2687 μηνὸς

142 2688 231 2714 τοῦτο
246 2687 409 2721 ζητοίημεν.

142 2743 181 2769 ϐ’.
190 2742 290 2769 Ἔπεὶδ⁴
302 2742 399 2778 ἔχομεν
407 2743 454 2769 καὶ
461 2742 506 2769 τὸν
517 2742 580 2778 περὶ
588 2742 682 2769 τούτου
697 2742 786 2776 λόγον,
796 2743 892 2778 ἑπόμε-

105 2798 150 2817 νον
163 2788 196 2816 ἂν
211 2788 252 2824 εἴη
272 2788 428 2824 προσθεῖναι
453 2788 499 2815 καὶ
525 2788 597 2820 ὅπως
615 2788 655 2814 δεῖ
678 2787 826 2823 λαμϐάνειν
842 2788 891 2824 τὴν

143 2866 153 2881 ⁸
172 2875 216 2900 π).
235 2865 332 2900 ἐνάτῳ,
351 2870 375 2893 et
390 2873 451 2892 mox
465 2864 535 2892 κατὰ
550 2864 598 2900 τὴν
617 2867 660 2892 ια’.

946 280 1118 315 plicabimus,
1137 279 1217 314 199
1230 279 1263 306 ad
1279 286 1395 314 eumque
1409 282 1464 305 tres
1479 277 1537 305 dies
1553 277 1725 313 adjiciemus,

945 325 978 353 de
994 326 1092 360 quibus
1110 325 1191 360 paulo
1206 329 1268 359 post
1284 328 1389 359 agetur.
1416 323 1453 350 Ex
1470 323 1521 351 hac
1544 331 1650 351 summa
1676 324 1724 350 tri-

945 372 1070 399 cenarios
1094 378 1206 404 omnes,
1225 370 1315 406 quoad
1338 370 1395 398 ﬁeri
1418 373 1522 404 potest,
1545 369 1725 402 auferemus;

945 417 991 452 qui
1019 417 1141 452 singulos
1165 417 1237 444 luna:
1262 422 1371 445 menses
1398 415 1528 443 efﬁciunt.
1555 414 1702 443 Residuum
1717 435 1725 446 .

944 462 1016 498 quod
1032 463 1123 490 minus
1139 467 1181 490 est
1195 470 1247 489 xu
1258 482 1265 493 .
1284 469 1333 497 pro
1347 461 1419 489 lunae
1433 460 1536 497 epactis
1552 460 1723 489 habebimus.

979 593 1100 629 Exempli
1119 601 1218 621 causa:
1236 593 1366 628 quoniam
1383 591 1524 629 praesentis
1541 591 1604 619 anni
1618 591 1722 620 lunaris

944 640 1038 675 cyclus
1055 644 1097 667 est
1113 648 1150 672 ιι,
1169 644 1200 667 ut
1217 639 1407 669 ostendimus:
1424 639 1497 666 hunc
1520 646 1569 673 per
1583 646 1610 665 ιι
1628 638 1722 666 multi-

943 686 1094 721 plicantes.
1108 691 1135 712 et
1150 686 1182 712 ad
1201 694 1271 718 un,
1288 685 1335 720 qui
1353 684 1415 712 inde
1440 684 1525 715 ﬁunt.
1552 684 1650 711 additis
1675 690 1721 716 ιιι,

943 731 988 766 qui
1007 732 1068 758 inde
1083 731 1225 767 consurgit
1239 738 1369 758 numerus
1385 739 1448 764 xu,
1463 729 1545 765 hujus
1560 729 1630 765 cyeli
1646 730 1724 757 luna-

943 778 983 805 ris
997 770 1108 813 epactas
1125 778 1200 805 illum
1214 785 1274 805 esse
1288 777 1414 804 dicimus.

977 823 1111 851 Cirterum
1133 824 1253 851 triduum
1276 823 1348 850 istud
1370 823 1405 850 ob
1429 829 1499 849 aanc
1518 828 1628 850 causam
1653 822 1722 857 adji-

944 870 1024 897 citur.
1044 869 1106 896 Haec
1123 870 1195 896 enim
1211 869 1332 896 accessio
1347 867 1524 896 dubitationis
1539 867 1662 895 nonnihil
1679 868 1723 894 af-

909 907 930 934 Β
945 915 1015 943 ferre
1029 916 1144 943 videtur.
1161 914 1213 942 Sed
1229 915 1288 949 ejus
1302 921 1409 950 quoque
1422 913 1493 941 ratio
1513 921 1546 941 ex
1566 914 1623 941 veri
1646 913 1722 948 prin-

945 960 1025 995 cipii,
1050 967 1066 987 a
1091 968 1145 995 quo
1171 967 1259 987 annus
1283 958 1392 994 incipit,
1418 958 1588 993 ignoratione
1608 959 1721 993 petitur.

945 1006 1022 1039 Quod
1037 1013 1098 1033 cum
1115 1009 1240 1033 accurate
1255 1013 1310 1032 non
1325 1008 1448 1031 tenerent
1469 1004 1549 1039 primi
1570 1004 1644 1031 illius
1665 1011 1723 1031 mc-

945 1052 1021 1079 tliodi
1035 1051 1191 1078 conditores
1201 1070 1208 1082 ,
1223 1058 1256 1078 ac
1270 1052 1357 1085 primo
1371 1050 1442 1077 inme
1457 1049 1533 1084 cyclo
1552 1049 1723 1076 animadver-

946 1103 1032 1125 terent
1051 1097 1180 1125 Kalendis
1193 1096 1313 1124 Januarii
1338 1097 1443 1132 plenam
1463 1103 1524 1123 esse
1544 1096 1654 1129 lunam,
1671 1095 1723 1123 hoc

945 1148 987 1172 est
1003 1143 1125 1178 quintam
1139 1143 1291 1176 decimam;
1307 1150 1339 1169 ac
1354 1146 1457 1169 tantam
1473 1142 1574 1174 fuisse,
1591 1149 1652 1169 cum
1667 1141 1723 1177 pri-

945 1198 1019 1217 mum
1040 1193 1082 1218 est
1107 1193 1265 1224 procreata,
1291 1193 1448 1218 constaret.
1470 1191 1500 1214 ut
1528 1191 1584 1215 tres
1611 1188 1723 1215 omnino

945 1235 1004 1263 dies
1022 1235 1161 1262 conditum
1184 1235 1257 1262 illius
1279 1233 1490 1264 antecesrerinl,
1512 1233 1637 1260 undecim
1658 1239 1722 1260 vero

946 1289 961 1309 a
978 1281 1065 1317 primo
1079 1281 1152 1308 coitu
1163 1300 1170 1311 .
1185 1287 1264 1315 quem
1287 1280 1430 1315 ﬁngimus,
1445 1277 1597 1306 cilluxerint
1612 1288 1618 1306 :
1642 1278 1677 1305 ob
1695 1278 1722 1306 id

945 1328 1074 1356 Kalendis
1087 1326 1223 1354 Ianuariis
1245 1327 1382 1361 cyclorum
1406 1325 1477 1352 lunae
1498 1324 1662 1360 principium
1677 1329 1721 1351 οι-

946 1373 1120 1406 tribuerunt;
1137 1380 1169 1399 ac
1184 1376 1239 1399 tres
1260 1372 1322 1398 illos
1337 1371 1495 1406 adjecerunt
1509 1369 1566 1397 dies
1576 1389 1583 1401 .
1608 1373 1638 1396 ut
1658 1376 1722 1396 cum

945 1428 989 1452 ea,
1004 1427 1057 1455 qua
1069 1419 1185 1454 primum
1213 1418 1321 1446 condita
1338 1421 1389 1450 est,
1407 1417 1450 1444 die
1472 1424 1519 1451 per
1541 1415 1630 1443 omnia
1657 1415 1723 1443 cori-

946 1469 1064 1501 grueret.

975 1523 1034 1556 Qua
1048 1522 1149 1548 ratione
1163 1519 1291 1555 quispiam
1305 1519 1361 1556 pisu
1376 1519 1432 1554 ipsa
1446 1519 1577 1556 discernet
1587 1522 1698 1556 ,μινυν-

1051 1558 1113 1584 luna
1130 1553 1246 1591 proxime
1260 1556 1287 1582 in
1297 1554 1361 1590 jugo
1371 1553 1431 1588 ,m.
1445 1554 1521 1588 plena
1537 1553 1626 1588 fuerit.

982 1646 1049 1674 Vlll.
1069 1646 1137 1673 Cum
1154 1645 1188 1672 ab
1211 1644 1269 1672 sole
1291 1643 1380 1671 lucem
1397 1643 1462 1670 luna
1485 1642 1642 1676 falleretur,
1659 1649 1723 1677 pars

933 1683 934 1686 ¹
946 1692 1006 1727 ejus
1018 1691 1168 1719 illuminata
1181 1691 1264 1718 solem
1277 1693 1407 1724 perpetuo
1416 1689 1536 1723 respicit.
1547 1687 1609 1716 Ideo
1617 1695 1678 1716 cum
1690 1687 1724 1714 ab

947 1739 1003 1766 sole
1019 1738 1150 1773 paulatim
1172 1740 1276 1764 remota
1293 1736 1410 1769 crescit,
1427 1735 1479 1763 hoc
1493 1738 1535 1762 est
1555 1738 1617 1770 post
1638 1734 1724 1769 ipsius

947 1791 1008 1811 eum
1024 1783 1082 1810 sole
1096 1789 1288 1817 congressum,
1305 1788 1337 1808 ac
1363 1780 1450 1808 tendit
1470 1780 1504 1807 ad
1527 1779 1722 1815 plenilunium.

946 1836 1000 1864 qua
1019 1832 1096 1863 parte
1117 1828 1204 1855 lucem
1228 1827 1343 1862 accipit.
1358 1826 1445 1861 vergit
1468 1826 1495 1853 in
1508 1833 1654 1858 occasum,
1680 1833 1725 1853 so-

947 1875 1000 1902 lem
1026 1879 1091 1902 tune
1116 1874 1218 1901 habens
1235 1874 1269 1900 ab
1285 1872 1442 1904 occidente;
1460 1879 1514 1907 qua
1529 1879 1594 1899 vero
1609 1875 1725 1899 cornuta

946 1925 1004 1951 est.
1021 1924 1048 1948 et
1061 1928 1158 1954 expers
1174 1919 1300 1950 luminis.
1316 1918 1344 1945 in
1356 1918 1497 1946 orientem.
1512 1916 1598 1945 Porro
1614 1925 1675 1944 cum
1690 1924 1724 1945 ex

946 1967 1060 1994 adverso
1076 1967 1126 1994 soli
1153 1966 1260 2001 penitus
1284 1965 1405 2000 objacet.
1431 1963 1574 1992 intervallo
1599 1963 1725 1991 diametri

946 2014 980 2041 ab
995 2013 1089 2041 eodem
1105 2013 1231 2046 distans;
1255 2016 1321 2039 tunc
1344 2011 1469 2038 videlicet
1491 2010 1572 2046 pleno
1594 2010 1660 2037 orbe
1681 2017 1725 2037 re-

946 2058 1069 2094 splendet
1080 2077 1087 2090 ,
1103 2062 1190 2085 tmum
1202 2061 1258 2085 tota
1271 2057 1356 2085 solem
1369 2057 1529 2091 respiciens.
1547 2053 1644 2083 Totam
1661 2062 1725 2082 cum

945 2106 1017 2138 dico.
1032 2110 1134 2141 partem
1148 2104 1208 2139 ejus
1223 2103 1343 2139 intelligo
1353 2124 1361 2137 ,
1377 2111 1437 2139 qua:
1451 2103 1529 2131 nobis
1542 2103 1656 2130 obversa
1671 2105 1723 2130 est.

945 2153 980 2179 At
997 2159 1059 2180 cum
1075 2156 1136 2185 post
1152 2151 1351 2185 oppositionem
1377 2150 1536 2177 decrescere
1559 2149 1672 2184 incipit,
1696 2151 1726 2176 et

945 2199 978 2226 ad
994 2198 1060 2226 solis
1075 2204 1221 2232 properare
1234 2203 1410 2230 congressum
1425 2204 1432 2228 ;
1455 2199 1520 2223 tunc
1542 2195 1639 2222 iterum
1660 2201 1726 2229 pars

908 2255 929 2282 υ
944 2245 1017 2272 illius
1032 2244 1122 2271 lucida
1137 2247 1242 2278 spectat
1258 2243 1401 2270 orientem.
1420 2242 1509 2278 (Tum
1529 2242 1601 2269 enim
1625 2241 1667 2269 sol
1689 2240 1726 2269 ad

944 2291 1075 2318 orientem
1091 2289 1178 2325 magis
1193 2288 1306 2316 accedit.
1321 2288 1330 2322 )
1347 2286 1414 2315 Pars
1431 2290 1522 2314 autem
1541 2294 1602 2322 qua
1622 2287 1725 2314 lumine

943 2343 1041 2363 carens
1064 2340 1121 2369 est,
1146 2338 1172 2362 et
1200 2337 1332 2366 comuta,
1357 2333 1525 2360 occidentem
1549 2333 1655 2368 aspicit.
1684 2331 1723 2359 Ad

944 2388 1094 2413 summam,
1110 2380 1220 2416 quando
1235 2387 1299 2414 pars
1313 2379 1384 2405 luna:
1398 2378 1538 2413 splendida
1555 2377 1583 2406 in
1597 2377 1725 2405 occiden-

943 2432 997 2455 tem
1010 2427 1113 2462 vergit,
1130 2433 1145 2453 ιι
1159 2433 1308 2460 congressu
1325 2424 1455 2452 recedens
1478 2422 1564 2451 tendit
1587 2423 1620 2449 ad
1640 2429 1725 2457 oppo-

945 2472 1070 2500 sitionem
1086 2480 1095 2504 ;
1111 2478 1173 2498 cum
1188 2473 1278 2497 autem
1302 2468 1392 2496 denuo
1419 2475 1482 2503 pars
1507 2467 1595 2494 lucida
1620 2469 1725 2502 spectat

945 2518 1076 2545 orientem
1087 2537 1094 2550 .
1111 2516 1144 2544 ab
1158 2515 1327 2550 oppositione
1340 2513 1411 2542 redit
1425 2513 1457 2540 ad
1475 2512 1618 2548 synodum.

947 2618 1084 2653 Quomodo
1103 2611 1335 2653 investigandas“
1354 2618 1418 2641 aetas
1439 2613 1523 2643 quat.
1543 2612 1590 2651 hoc
1608 2616 1647 2653 est
1666 2610 1723 2645 ejus
1768 2612 1773 2618 '

997 2653 1164 2681 intervallum
1181 2646 1310 2686 a'synodo
1320 2671 1327 2682 ,
1342 2655 1494 2684 quacunque
1508 2646 1604 2673 mensis
1618 2646 1670 2672 die.

979 2742 1024 2770 1X.
1045 2741 1093 2770 His
1107 2742 1144 2770 ita
1154 2739 1322 2771 constitutis.
1334 2740 1503 2772 Consequens
1515 2738 1574 2767 est,
1587 2738 1616 2761 ut
1628 2741 1724 2768 quem-

945 2788 1089 2816 admodum
1111 2792 1176 2815 zetas
1200 2787 1270 2814 luna:
1292 2791 1453 2821 quacunque
1475 2780 1608 2817 propositi
1622 2779 1725 2807 mensis
