1931 3135
199 179 276 206 ’1295

720 175 764 202 AD
783 174 918 203 susse“
936 165 1134 202 cunomc’ou
1159 174 1342 202 APPENDIX.

1770 178 1844 208 1296

205 239 250 265 die
264 237 414 273 colligenda
432 237 484 267 sit,
499 235 675 271 explicemus.
691 234 773 270 Igitur
787 235 906 262 ineuntis
920 236 972 270 cyc‘

1042 234 1156 269 σελήνην
1185 235 1274 261 πόσων
1300 234 1410 270 ἡμερῶν
1437 235 1509 261 ἐστιν
1536 235 1591 262 ἀπὸ
1614 235 1746 268 συνόδου,
1775 237 1842 263 καθ’

207 284 312 311 lunaris
328 283 431 318 epactis
448 281 482 308 ad
496 281 566 308 diem
582 281 702 313 mensis,
720 281 748 308 in
765 289 819 316 quo
836 284 901 308 aetas
918 281 989 307 lunae

205 330 345 365 quaeritur,
375 328 527 363 adjunctis,
558 335 574 354 a
600 327 696 354 Martio
726 327 886 361 exterisque
913 326 990 354 dein-

204 383 269 410 ceps
291 373 448 407 mensibus,
470 376 583 408 excepto
610 373 675 406 illo,
697 372 744 407 qui
770 372 943 407 proponitur,
966 371 990 399 si

204 420 312 456 quidem
337 419 433 447 diebus
458 422 584 446 constent
608 426 696 450 xm,
724 418 890 453 sesquidiem
915 417 990 452 capi-

203 474 285 494 mus:
315 464 355 493 sin
378 465 436 492 dies
457 464 575 491 habeant
603 471 675 496 xxx,
703 463 876 491 dimidiatum
902 463 984 490 diem.

201 510 263 537 Mox
280 509 314 537 de
334 517 458 540 summa,
486 509 509 536 si
535 509 621 543 major
645 509 682 536 sit
711 509 844 544 triginta,
871 509 985 537 totidem

201 553 372 586 auferimus;
398 553 539 581 residuum
562 554 622 588 plus
647 554 738 581 minus
761 558 868 582 aetatem
893 553 983 586 lunae,

199 607 281 635 quam
298 599 462 634 inquirimus
473 618 480 631 ,
496 599 633 627 ostendet.

199 646 245 673 καὶ
269 646 322 672 τῶν
347 645 529 680 συναχθεισῶν
558 645 739 681 τριακοντάδα
767 645 931 679 ἀφελόντες,

1043 280 1138 306 ὁποίαν
1148 279 1181 306 ἂν
1196 280 1303 316 ἡμέραν
1316 280 1392 307 τοῦδέ
1404 288 1476 312 τινος
1493 281 1576 316 μηνὸς
1591 281 1742 317 ζητοίημεν
1757 282 1842 310 τοῦτο

1042 325 1144 352 λαϐεῖν.
1159 325 1287 360 Ἔχοντες
1303 325 1356 362 γὰρ
1374 325 1422 352 τοῦ
1444 326 1590 358 ἐνεστῶτος
1605 327 1769 362 σεληνιακοῦ
1787 328 1840 354 κὺ-

1044 371 1109 398 κλου
1134 370 1184 403 τὰς
1215 371 1346 403 ὲπακτὰς,
1375 371 1422 399 καὶ
1453 372 1642 409 προστιθέντες
1667 373 1772 405 ταύτας
1804 375 1840 409 τῇ

1043 417 1134 453 ἡμέρᾳ
1146 417 1192 444 τοῦ
1210 417 1302 453 μηνὸς,
1319 417 1379 445 καθ’
1391 419 1424 454 ἣν
1438 418 1571 454 ζητοῦμεν
1588 418 1679 445 λαϐεῖν
1692 419 1743 454 τὴν
1758 419 1842 454 σελή-

1042 471 1091 498 νην
1106 464 1197 491 πόσων
1214 464 1288 490 ἐστὶν
1304 464 1415 500 ἡμερῶν
1425 473 1431 480 ·
1450 465 1497 491 καὶ
1513 464 1566 491 ἀπὸ
1585 465 1632 492 τοῦ
1647 465 1772 501 Μαρτίου
1790 467 1841 492 καὶ

1038 507 1091 534 τῶν
1104 507 1168 543 ἑξῆς
1186 508 1288 544 μηνῶν,
1305 508 1374 545 πλὴν
1394 509 1476 536 αὑτοῦ
1498 509 1544 536 τοῦ
1567 510 1613 544 ἀφ’
1629 507 1659 536 οὗ
1679 510 1696 544 ἠ
1717 510 1839 546 ζήτησις

1037 554 1150 588 γίνεται,
1174 553 1357 589 λαμϐάνοντες
1381 554 1428 581 τοῦ
1447 555 1495 589 μὲν
1520 555 1627 590 ἔχοντος
1654 555 1765 591 ἡμέρας
1781 556 1839 587 λα’,

1036 599 1141 635 ἡμέραν
1158 598 1180 626 α’
1196 599 1239 632 S”,
1255 600 1300 627 τοῦ
1313 601 1334 627 δ’
1352 600 1458 636 ἔχοντος
1479 601 1586 636 ἡμέρας
1606 601 1638 633 λ’⁷
1657 601 1690 628 S"
1713 602 1837 638 ἡμέρας,

960 645 984 672 εἱ
1015 645 1209 680 ὑπερϐαίνουσι
1233 645 1371 681 δηλονότι,
1395 646 1445 678 τὰς
1469 646 1566 678 λοιπὰς
1594 645 1692 682 ἕξομεν
1723 646 1839 682 ὁλοσχε-

201 694 254 730 ρῶς
276 694 345 721 ὅσων
367 693 475 729 ἡμερῶν
499 694 572 720 ἐστιν
595 695 612 729 ἡ
636 695 745 730 σελήνη,
768 694 828 721 καθ’
850 695 883 730 ἠν
904 693 983 720 τοῦτο
1001 693 1146 730 ζητοῦμεν.

234 739 356 774 Exempli
373 739 459 774 gratia
474 749 479 766 :
496 740 637 774 proposita
651 740 688 767 sit
703 748 766 767 nvi
782 740 841 768 dies
857 740 985 767 Octobris

199 786 227 813 in
242 792 296 820 quo
309 793 460 812 versamur.
475 783 515 812 Ad
532 785 602 812 hanc
616 789 725 821 epactas
739 786 881 821 praesentis
895 786 964 822 cycli
977 805 985 818 ,

199 839 270 868 quas
289 840 342 860 xxv
357 831 413 867 jam
440 833 610 866 reperimus,
637 832 766 859 addentes
798 836 904 858 neCnon
927 831 985 859 dies

199 885 311 909 omnes,
329 877 376 912 qui
393 884 408 904 a
425 875 522 903 Martio
539 876 573 903 ad
594 876 674 903 tinem
692 876 860 912 Septembris
875 875 984 904 collecti

198 927 280 956 sunt,
299 930 412 950 numero
430 926 532 957 septem
549 931 557 954 ζ
573 921 606 949 de
621 929 728 949 summa
740 942 747 954 ,
765 929 825 957 ί]υὲ
841 925 884 949 est
899 929 982 954 LVIII,

199 969 314 997 sublatis
329 976 381 996 xxx
391 988 398 1001 ,
409 972 515 995 aetatem
531 968 602 994 lunae
616 967 745 995 habemus
760 967 786 994 in
801 967 927 996 Octobris
940 967 984 995 die

197 1023 278 1047 τινι,
292 1022 352 1050 quae
368 1018 412 1042 est
427 1021 513 1041 xxvm
531 1013 652 1041 dierum.

232 1148 325 1185 Neque
341 1156 405 1177 vero
420 1149 499 1176 facile
512 1147 766 1183 prmtermittendum
779 1147 850 1175 istud
861 1152 913 1180 est,
927 1155 980 1183 qua

196 1193 317 1221 decausa
335 1192 484 1227 sesquidies
500 1192 616 1225 illos,vel
634 1191 789 1220 dimidiatos
797 1191 854 1219 dies
873 1192 980 1220 auferre

195 1238 230 1266 de
244 1238 383 1266 mensibus
399 1237 562 1272 incipiamus
577 1245 591 1264 a
607 1237 713 1269 Martio,
729 1245 783 1265 non
799 1245 813 1264 a
830 1236 978 1270 Januario;

195 1291 258 1311 cum
276 1283 310 1310 ab
327 1283 378 1309 hoc
395 1282 531 1309 lunarium
548 1282 704 1318 cyclorum,
725 1286 752 1310 et
771 1283 978 1317 congruentium

194 1328 228 1356 iis
243 1331 399 1363 epactarum
424 1327 499 1354 initia
522 1326 668 1354 ducantur.
694 1325 772 1362 (Hoc
788 1327 860 1353 enim
882 1331 977 1354 contra

194 1373 241 1400 illa
259 1381 319 1408 qua:
335 1373 408 1400 dicta
425 1376 490 1400 sunt
506 1372 703 1399 dubitationem
722 1379 819 1406 parere
836 1372 952 1399 videtur.
966 1370 976 1406 )

193 1417 262 1446 Tum
278 1417 344 1445 illud
360 1417 445 1452 quaeri
462 1420 568 1453 potest,
581 1425 630 1444 cur
645 1417 703 1444 dies
719 1417 780 1445 illos
794 1424 975 1444 assumamus.

228 1507 400 1535 Manifestum
420 1511 462 1534 est
478 1506 569 1542 itaque
581 1526 588 1538 ,
605 1506 733 1541 quoniam
750 1506 854 1533 lunaris
871 1505 974 1532 mensis

1074 738 1145 773 υἷον,
1163 741 1202 772 ὡς
1215 741 1244 767 ὲν
1263 740 1453 776 ὑποδείγματι,
1474 740 1544 766 εστω
1564 743 1610 772 κς¹
1628 739 1676 767 τοῦ
1697 740 1838 775 παρόντος

1045 785 1209 822 Ὀκτωϐρίου
1231 786 1322 821 μηνός.
1347 786 1438 822 Ταύτῃ
1462 785 1625 821 προσθέντες
1647 786 1697 817 τὰς
1723 786 1836 812 ἀποδει-

1038 831 1148 866 χθείσας
1167 831 1214 858 τοῦ
1236 831 1381 863 ἐνεστῶτος
1405 831 1562 867 σεληνιακοῦ
1585 831 1686 858 κύκλου
1705 831 1833 864 ὲπακτὰς

1038 880 1088 909 κε’,
1111 877 1157 904 καὶ
1175 877 1226 910 τὰς
1249 877 1303 904 ἀπὸ
1325 877 1372 904 τοῦ
1395 877 1516 912 Μαρτίου
1540 877 1622 913 μέχρι
1637 877 1684 904 καὶ
1703 877 1768 904 ὅλου
1783 877 1833 904 τοῦ

1002 903 1023 931 Β
1038 903 1225 958 Σεὲετέμεριοᾷ
1243 903 1428 957 aeteae;
1445 903 1553 958 sapa;
1567 903 1600 954 ἐξ
1616 903 1663 949 καί

1034 967 1121 1002 μένων
1137 967 1205 1002 ὁμοῦ
1223 970 1263 1003 νη¹
1283 967 1463 1003 τριακοντάδα
1483 967 1637 1001 ἀφελόντες,
1659 967 1761 1003 ἔχομεν
1777 969 1833 1004 τὴν

1033 1010 1147 1047 σελήνην
1175 1011 1245 1038 κατὰ
1268 1012 1318 1047 τὴν
1351 1011 1586 1047 προχειρισθείσαν
1612 1013 1680 1048 ἡμῖν
1706 1013 1829 1048 ἡμέραν,

1031 1056 1153 1083 τουτέστι
1169 1056 1217 1092 τὴν
1239 1060 1285 1089 κς-’
1311 1056 1358 1084 τοῦ
1390 1057 1522 1093 παρόντος
1548 1057 1734 1093 Ὀκτωϐρίου,
1759 1059 1831 1094 ἡμεο

1032 1101 1086 1137 ρῶν
1102 1100 1185 1129 οὖσαν
1201 1105 1256 1137 κη’.

1065 1148 1119 1175 Καὶ
1137 1147 1216 1175 τοῦτο
1235 1147 1257 1174 δ’
1269 1147 1320 1174 οὐκ
1334 1147 1444 1175 εὔκολον
1461 1148 1661 1184 παραδραμεῖν,
1681 1149 1757 1181 τίνος
1771 1149 1827 1184 χά-

1032 1201 1073 1229 ριν
1088 1194 1137 1230 τὴν
1151 1193 1205 1220 τῶν
1219 1193 1329 1230 ἡμερῶν
1349 1194 1429 1230 λῆψιν
1444 1193 1495 1229 τῆς
1511 1202 1540 1221 τε
1561 1198 1585 1221 α’
1605 1194 1638 1221 S"
1653 1196 1700 1221 καὶ
1723 1195 1774 1228 τῆς
1792 1195 1826 1222 S”

1033 1239 1087 1267 ἀπὸ
1100 1240 1147 1266 τοῦ
1162 1239 1284 1276 Μαρτίου
1298 1240 1438 1276 ἀρχόμεθα
1458 1240 1615 1276 λαμσάνειν,
1635 1242 1684 1268 καὶ
1701 1241 1754 1267 οὐκ
1768 1241 1826 1268 ἀπὸ

1027 1286 1075 1313 τοῦ
1092 1286 1264 1322 Ίανουαρίου,
1285 1286 1345 1313 καθ’
1360 1286 1389 1313 ὃν
1407 1287 1455 1322 τήν
1470 1295 1499 1312 τε
1523 1286 1609 1322 ἀρχὴν
1623 1286 1678 1313 τῶν
1696 1287 1824 1322 σεληνια-

1028 1331 1083 1359 κῶν
1112 1331 1263 1367 ποιούμεθα
1284 1332 1401 1365 κύκλων,
1427 1333 1474 1359 καὶ
1498 1332 1612 1368 τὴντῶν
1637 1333 1700 1360 κατ’
1719 1333 1822 1365 αὐτοὺς

1027 1375 1153 1403 ὲπακτῶν
1179 1377 1259 1412 λῆψιν
1285 1376 1369 1412 (δοκεῖ
1398 1377 1452 1413 γὰρ
1481 1377 1597 1412 ἀπορίαν
1621 1378 1749 1412 ἐμποιεῖν
1771 1378 1823 1404 καὶ

1025 1423 1104 1450 τοῦτο
1119 1424 1176 1455 τοῖς
1189 1423 1372 1459 είρημένοις),
1386 1423 1426 1450 ἔτι
1446 1431 1476 1450 τε
1498 1424 1545 1450 καὶ
1567 1423 1601 1450 δι’
1615 1424 1650 1459 ῆν
1665 1424 1757 1450 αίτίαν
1769 1424 1823 1459 τὴν

1025 1468 1078 1494 τῶν
1093 1468 1207 1503 ἡμερῶν
1223 1468 1325 1495 τούτων
1340 1468 1492 1504 ποιούμεθα
1508 1468 1598 1504 λῆψιν.

1061 1515 1137 1541 Ἔστι
1159 1515 1208 1551 μὲν
1231 1513 1277 1542 οὖν
1295 1515 1385 1550 δῆλον,
1399 1516 1447 1549 ὡς,
1469 1517 1530 1542 ἐπεὶ
1549 1517 1563 1542 ὁ
1585 1516 1744 1552 σεληνιακδς
1766 1517 1821 1552 μὴν

191 1554 289 1582 diebus
303 1554 412 1580 circiter
426 1556 532 1581 constat
542 1559 606 1579 xxix
616 1550 677 1587 I/i,
690 1551 827 1586 sesquidie
841 1551 972 1578 minorem

1029 1561 1132 1597 ἡμέραν
1154 1561 1195 1588 κθ¹
1212 1561 1244 1588 S"
1255 1562 1368 1596 ἔγγιστα
1392 1562 1523 1600 περιέχει,
1547 1562 1600 1589 τῶν
1624 1550 1675 1598 μεν
1699 1550 1820 1598 ἐχόντων

191 1600 226 1628 iis
241 1607 316 1632 esse,
333 1599 432 1634 quibus
455 1599 513 1626 dies
539 1605 602 1625 xxxi
627 1601 804 1632 competunt;
831 1596 974 1624 dimidiato

189 1653 256 1674 vero
271 1645 361 1673 minus
376 1645 430 1672 illis
452 1644 570 1677 habere,
595 1644 642 1679 qui
669 1643 808 1670 tricenarii
835 1646 918 1674 sunt;
942 1649 975 1670 ac

190 1695 333 1727 propterea
349 1690 421 1718 diem
438 1690 513 1717 illum
529 1697 591 1716 cum
609 1689 722 1716 dimidio
733 1708 740 1722 ,
766 1689 809 1716 vel
831 1688 973 1716 dimidium

189 1737 293 1768 solum.
318 1735 487 1771 insequentis
508 1735 609 1762 mensis
626 1734 722 1762 diebus
733 1754 740 1766 .
760 1741 845 1768 usque
861 1733 894 1760 ad
911 1741 974 1768 pro-

189 1783 326 1818 positum,
351 1781 538 1816 adjungimus.
569 1779 647 1813 Quod
673 1780 743 1807 idem
770 1779 799 1806 in
825 1778 973 1808 Februario

188 1835 296 1864 quoque
310 1828 339 1854 lit
356 1836 363 1860 ;
381 1827 460 1861 cujus
474 1826 570 1853 diebus
588 1825 751 1860 sesquidiem
768 1825 894 1853 addimus
910 1833 972 1852 eum

188 1873 234 1908 qui
252 1873 285 1900 de
302 1871 434 1900 Ianuario
456 1871 631 1907 relinquitur.
652 1870 751 1899 Verum
769 1871 833 1906 quia
849 1870 972 1898 Februa-

187 1919 247 1946 rius
264 1919 345 1954 200
361 1922 424 1945 oeto
440 1921 467 1945 et
482 1917 576 1952 viginti
593 1917 653 1945 dies
670 1917 789 1950 habens,
806 1916 972 1952 sesquidiem

186 1965 277 1999 potius
305 1965 338 1992 ab
365 1964 453 1991 lunari
474 1971 568 1992 mense
584 1963 695 1996 delicit;
713 1963 774 1991 ideo
800 1970 861 1990 cum
877 1970 972 1998 super-

185 2011 257 2038 ﬂuus
272 2012 305 2038 de
319 2009 449 2037 Januario
464 2009 522 2037 dies
539 2017 600 2036 cum
618 2009 730 2036 dimidio
743 2008 816 2044 quod
831 2009 907 2036 deest
918 2007 971 2036 Fe-

185 2055 296 2083 bruario
311 2058 485 2090 compcnset,
500 2055 566 2082 nihil
581 2054 614 2082 ad
629 2054 717 2081 Martii
734 2054 792 2082 dies
805 2053 909 2081 accedit
922 2063 928 2081 :
944 2057 971 2082 et

185 2102 220 2129 iis
235 2102 354 2130 eonlenti
366 2106 476 2137 epaetas
493 2101 568 2129 solas
583 2101 617 2128 ad
632 2101 659 2128 id
673 2101 881 2134 inveniendum,
897 2101 969 2137 quod

185 2147 325 2181 quaeritur.
336 2147 572 2174 accommodamus
582 2155 589 2180 ε
599 2151 659 2182 post
668 2147 792 2174 Martium
800 2154 832 2174 ac
841 2147 970 2182 deinceps

185 2191 215 2218 tit
243 2191 327 2222 illud,
353 2191 425 2226 quod
453 2196 534 2219 antea
562 2191 791 2227 praascripsimus.
819 2191 875 2219 Hoc
903 2200 968 2228 ergo

1026 1607 1067 1634 λα’
1080 1607 1186 1643 ἡμέρας
1202 1608 1304 1644 μηνῶν,
1323 1609 1372 1644 μιᾷ
1384 1609 1431 1636 καὶ
1454 1609 1485 1636 S"
1501 1608 1593 1645 ἡμέρᾳ
1612 1609 1746 1641 λείπεται,
1762 1610 1818 1636 τῶν

1024 1653 1053 1679 δὲ
1075 1653 1108 1684 λ’,
1125 1653 1174 1680 S”'
1195 1653 1242 1681 καὶ
1260 1653 1305 1681 διὰ
1327 1654 1405 1681 τοῦτο
1424 1654 1473 1690 τὴν
1495 1654 1692 1690 λοιπαζομένην
1711 1654 1817 1690 ταύτην

1025 1702 1048 1724 αι
1067 1698 1110 1731 δι’,
1122 1699 1139 1734 ἦ
1155 1698 1187 1726 δι’
1201 1699 1308 1735 ἡμέραν
1325 1701 1385 1732 ταῖς
1407 1700 1453 1726 τοῦ
1475 1699 1573 1735 ἐφεξῆς
1591 1700 1675 1735 μηνὸς
1695 1700 1818 1736 ἡμέραις

1024 1744 1087 1780 ᾶχρι
1116 1745 1162 1771 καὶ
1183 1745 1234 1780 τῆς
1255 1745 1425 1780 ζητουμένης
1451 1745 1619 1781 συντίθεμεν.
1651 1745 1707 1772 Καὶ
1734 1745 1816 1773 τοῦτο

1023 1790 1046 1816 δ’
1058 1790 1157 1825 ὁμοίως
1168 1791 1219 1817 κάν
1237 1790 1275 1825 τῷ
1286 1791 1458 1826 Φεϐρουαρίῳ
1471 1791 1609 1827 ποιοῦμεν,
1625 1791 1674 1826 τὴν
1688 1791 1815 1824 λοιπαζο-

1025 1835 1108 1871 μένην
1123 1837 1152 1862 ἐν
1165 1836 1203 1871 τῷ
1221 1837 1377 1872 Ἰανουαρίῳ
1393 1840 1417 1863 α’
1433 1836 1465 1864 S”
1485 1837 1590 1873 ἡμέραν
1611 1839 1672 1869 ταῖς
1695 1837 1742 1864 τοῦ
1761 1838 1814 1864 Φε-

1024 1881 1167 1917 ϐρουαρίου
1185 1882 1383 1918 προστιθέντες.
1403 1882 1471 1908 Ἀλλ’
1485 1883 1577 1918 ἐπειδὴ
1591 1883 1605 1908 ὁ
1618 1882 1810 1918 Φεὸρουάριος,

1024 1931 1067 1962 κη’
1095 1927 1205 1963 ἡμερῶν
1229 1928 1375 1964 ὑπάρχων,
1394 1928 1517 1955 λείπεται
1549 1928 1647 1964 μᾶλλον
1668 1925 1746 1962 οὗτος
1763 1930 1810 1957 τοῦ

1024 1973 1182 2007 σεληνιακοῦ
1195 1973 1279 2009 μηνὸς
1292 1974 1384 2009 ἡμέρᾳ
1396 1977 1420 2000 α’
1434 1973 1476 2007 S",
1493 1973 1537 2000 διὰ
1547 1973 1624 2000 τοῦτο
1633 1974 1682 2009 τῆς
1691 1974 1739 2001 τοῦ
1757 1976 1809 2002 ἰα-

1022 2018 1146 2054 νουαρίου
1163 2019 1373 2055 περιττευοὺσης
1395 2022 1419 2046 α’
1439 2020 1484 2046 καὶ
1503 2019 1535 2046 S"
1550 2019 1809 2056 ἁνταναπληρούσης

1021 2063 1069 2099 τὴν
1086 2063 1133 2090 τοῦ
1146 2063 1327 2099 Φεϐρουαρίου
1342 2063 1522 2095 λοιπάζουσαν
1531 2072 1537 2078 ·
1551 2064 1611 2095 ταῖς
1623 2063 1671 2090 τοῦ
1685 2064 1807 2099 Μαρτίου

1021 2107 1138 2143 ἡμέραις
1154 2107 1230 2134 οὐδέν
1249 2116 1274 2134 τι
1295 2108 1492 2144 προστίθεμεν,
1510 2107 1673 2143 ἀρκούμενοι
1695 2108 1807 2140 ταύταις

1022 2152 1070 2178 σὺν
1083 2153 1115 2187 τῇ
1130 2151 1272 2188 προσθήκῃ
1284 2151 1338 2179 τῶν
1352 2151 1490 2184 ὲπακτῶν,
1511 2152 1552 2183 είς
1572 2151 1680 2187 εὕρεσιν
1695 2152 1742 2178 τοῦ
1756 2152 1805 2188 ζηι

1019 2197 1159 2232 τουμένου.
1175 2198 1252 2224 Μετὰ
1263 2198 1292 2224 δὲ
1303 2198 1348 2225 τὸν
1358 2198 1479 2234 Μάρτιον
1494 2197 1540 2224 καὶ
1552 2197 1650 2232 ἐφεξῆς
1663 2198 1804 2233 ποιοῦμεν,

183 2235 472 2268 οοηεζάει-ενὶτᾱεὺθι,
497 2236 649 2272 superﬂuos
675 2237 742 2264 istos
767 2243 782 2264 a
805 2235 902 2264 Martio
930 2237 964 2265 ad

1029 2244 1054 2274 ‘3;
1068 2242 1196 2278 ἀνωτέρω
1207 2243 1374 2280 εἰρήκειμεν.
1390 2243 1524 2270 Σκεπέον
1539 2241 1596 2275 οὖν,
1610 2243 1651 2270 ὅτι
1667 2243 1715 2270 καὶ
1726 2241 1804 2271 αὗται

184 2280 265 2307 ﬁnem
292 2280 447 2309 Decembris
461 2289 495 2309 ex
511 2290 673 2318 unoquoque
694 2290 788 2310 mense
807 2289 965 2319 corrogatos

183 2325 241 2353 dies
257 2333 305 2361 per
320 2334 348 2353 ιι
366 2327 494 2355 collectos
517 2332 628 2363 epactas
652 2328 760 2356 easdem
787 2327 878 2357 facere
901 2337 964 2357 cum

183 2370 217 2398 iis
238 2378 297 2405 qua:
317 2371 455 2398 ducuntur
476 2380 490 2399 a
513 2372 652 2401 Januario.
676 2374 742 2407 Quae
763 2381 826 2402 cum
852 2378 959 2403 antece-

182 2416 271 2444 dentis
285 2417 354 2452 cycli
370 2417 474 2445 lunaris
488 2419 590 2452 epactis
606 2419 705 2447 additae
719 2420 838 2448 ineuntis
852 2424 964 2455 epactas

181 2463 244 2489 anni
263 2462 421 2490 coniiciunt.

478 2508 513 2536 De
531 2509 669 2537 Pan/late.

135 2590 140 2594 Ι
217 2552 250 2579 x.
270 2553 319 2581 His
335 2554 547 2586 animadversis,
564 2563 625 2590 quae
640 2555 674 2582 ad
690 2556 756 2583 solis
780 2558 904 2592 lunaeque
918 2564 963 2584 ra-

180 2600 293 2627 tiocinia
318 2601 470 2635 pertinent,
499 2604 526 2628 et
549 2601 685 2636 quomodo
711 2602 848 2637 potuimus
875 2603 963 2638 expli-

181 2646 249 2673 catis
258 2667 265 2678 ,
280 2646 313 2674 de
325 2646 457 2675 Paschate
469 2648 596 2683 deinceps
609 2655 761 2675 sermonem
776 2649 961 2677 instituemus.

182 2691 267 2726 ilujus
283 2693 353 2719 enim
368 2694 499 2721 elementa
523 2695 575 2721 ista
600 2698 682 2724 sunt.
709 2695 838 2728 quoniam
863 2702 962 2730 propo-

179 2737 261 2764 situm
284 2738 459 2771 latereulum,
485 2739 564 2773 cujus
588 2746 639 2774 ope
663 2739 767 2766 Pascha
788 2739 815 2766 in
835 2744 961 2774 promptu

180 2782 304 2815 habetur,
318 2791 350 2810 ex
366 2785 431 2812 solis
455 2789 482 2812 et
502 2785 572 2812 lunae
596 2785 680 2820 cyclis
697 2784 848 2812 conficitur.
864 2785 960 2813 Iisdem

181 2835 288 2862 quoque
301 2829 444 2858 methodus
471 2836 584 2866 utraque
610 2831 713 2862 nititur,
740 2835 794 2858 tam
819 2839 878 2865 qum
899 2835 961 2859 ante

180 2881 230 2900 nos
245 2875 364 2908 exstitit,
379 2884 459 2911 quam
475 2885 535 2912 quae
550 2885 565 2904 a
583 2877 662 2905 nobis
676 2878 829 2914 excogitata
846 2877 906 2905 fuit.

1016 2288 1044 2314 αί
1058 2287 1264 2324 περιττεύουσαι
1282 2289 1342 2315 καθ’
1357 2289 1471 2315 ἕκαστον
1488 2289 1559 2324 μῆνα
1580 2288 1635 2315 ἀπὸ
1657 2289 1706 2315 τοῦ
1730 2290 1804 2326 Μαρ-

1014 2333 1072 2360 τίου
1089 2333 1169 2369 μέχρι
1182 2333 1229 2360 καὶ
1243 2333 1303 2360 ὅλου
1317 2333 1364 2360 τοῦ
1379 2333 1558 2369 Δεκεμὸρίου,
1571 2334 1610 2365 εἰς
1623 2333 1672 2365 τὰς
1688 2337 1722 2360 ια’
1737 2343 1802 2369 συμρ

1016 2377 1192 2413 ποσούμεναι,
1215 2378 1264 2410 τὰς
1277 2379 1332 2405 ἀπὸ
1355 2378 1403 2405 τοῦ
1425 2379 1588 2414 Ἰανουαρίου
1611 2378 1736 2406 ποιοῦσιν
1756 2381 1801 2406 ἑπ-

1015 2423 1114 2455 ακτάς·
1129 2424 1241 2456 αἵτινες,
1254 2425 1314 2456 ταῖς
1326 2424 1372 2451 τοῦ
1387 2424 1565 2460 παρελθόντος
1579 2425 1741 2459 σεληνιακοῦ
1756 2426 1801 2452 κύ-

1015 2469 1079 2497 κλου
1096 2470 1317 2506 προστιθέμεναι,
1334 2470 1383 2502 τὰς
1397 2471 1444 2497 τοῦ
1456 2470 1602 2503 ἐνεστῶτος
1615 2471 1733 2498 ποιοῦσι.

1267 2514 1338 2548 Περὶ
1355 2515 1408 2542 τοῦ
1425 2515 1542 2550 Πάσχα.

1049 2560 1075 2586 I’.
1094 2559 1200 2587 Τούτων
1211 2560 1243 2596 δὴ
1255 2558 1312 2593 οὖν,
1325 2560 1379 2587 τῶν
1396 2561 1466 2588 κατὰ
1485 2561 1530 2588 τὸν
1549 2560 1624 2594 ἤλυον
1641 2561 1743 2597 δηλαδὴ
1756 2561 1798 2589 καὶ

1013 2605 1061 2641 τὴν
1074 2606 1197 2641 σελήνην,
1215 2606 1252 2638 ὡς
1265 2607 1338 2642 ἐνῆν,
1359 2606 1421 2641 ἐμοὶ
1444 2606 1723 2643 προτεθεωρημένων,
1740 2607 1798 2642 ἑξῆς

1013 2652 1077 2686 περὶ
1091 2651 1139 2678 τοῦ
1156 2652 1253 2687 Πάσχα
1270 2652 1317 2678 τὸν
1338 2651 1416 2686 λόγον
1437 2651 1616 2687 ποιησόμεθα.
1636 2653 1677 2679 Δι’
1691 2653 1796 2679 ἐκείνων

1012 2696 1066 2732 γὰρ
1086 2693 1163 2729 οὗτος
1186 2698 1355 2733 περαίνεται·
1371 2698 1401 2724 τό
1421 2706 1451 2724 τε
1469 2698 1523 2733 γὰρ
1544 2698 1706 2734 ἐκκείμενον
1726 2698 1796 2725 χανό-

1012 2750 1077 2774 νιον,
1089 2742 1122 2769 δι’
1133 2740 1163 2770 οὗ
1185 2743 1337 2779 προχείρως
1361 2743 1391 2770 τὸ
1415 2743 1532 2769 τοιοῦτον
1552 2743 1649 2778 Πάσχα
1664 2743 1794 2778 λαμϐάνο-

1014 2795 1072 2822 μεν,
1086 2787 1130 2814 διὰ
1143 2787 1197 2814 τῶν
1210 2788 1329 2824 ἡλιακῶν
1342 2788 1388 2815 καὶ
1401 2788 1565 2824 σεληνιακῶν
1577 2788 1686 2815 κύκλων
1700 2796 1794 2823 πεπριι

1011 2833 1162 2868 γμάτευται
1173 2842 1180 2848 ·
1193 2834 1262 2869 πρὸς
1277 2834 1306 2861 δὲ
1321 2835 1367 2861 καὶ
1379 2835 1406 2861 αί
1419 2835 1482 2870 περὶ
1494 2834 1588 2861 τούτου
1606 2834 1727 2869 μέθοδοι,
1739 2835 1755 2869 ἠ
1768 2842 1793 2860 τε

1011 2878 1065 2914 πρὸ
1084 2879 1161 2914 ἡμῶν
1172 2879 1321 2916 εὑρημένη,
1339 2880 1386 2907 καὶ
1399 2881 1416 2916 ἡ
1430 2880 1476 2906 νῦν
1487 2880 1533 2914 ὑφ’
1548 2879 1640 2916 ἡμῶν.
