1931 3135
206 200 275 230 1299

723 204 768 231 ΑΙ)
788 203 920 232 EUSEBII
939 205 1135 234 CHRONICON
1154 204 1333 232 APPENDIX.

1755 209 1824 236 1500

239 259 316 293 Quod
327 260 351 288 si
367 259 428 295 quis
447 260 562 289 fortasse
576 266 690 304 quaerat,
709 270 758 291 cur
777 271 831 292 non
842 265 980 300 cyclorum

1069 267 1124 294 Kal
1137 266 1201 302 περὶ
1219 266 1320 293 τούτων
1328 266 1357 293 δὲ
1364 266 1391 293 εί
1399 275 1441 298 τις
1457 267 1584 303 ἀποροίη,
1595 267 1639 294 διὰ
1651 266 1684 294 τὸ
1697 267 1737 304 μὴ
1752 269 1825 296 κατὰ

205 312 334 333 numeros
346 306 440 333 ordine
451 301 689 342 descripsei-imus,
706 308 769 337 huic
785 318 835 337 nos
853 311 890 338 ita
909 318 984 345 quee-

207 351 289 379 stioni
309 352 543 387 respondebimus.
557 358 587 381 ut
612 355 751 390 proposita
770 357 838 384 recti
856 365 984 384 numero-

206 404 266 424 rum
285 397 390 425 ordinis
407 397 504 425 tabella
525 403 643 432 constet,
660 400 726 427 nihil
754 401 824 428 hanc
848 403 883 429 ab
899 403 983 430 altera

204 442 323 474 dill'erre,
335 450 395 478 quae
412 444 587 478 perturbatos
603 445 713 473 eosdem
728 447 860 474 continet.
877 447 985 476 Descri-

204 488 302 515 buntur
316 488 388 515 enim
404 489 456 516 hoc
476 489 536 517 loco
554 490 656 525 duplici
676 491 704 518 in
733 492 840 524 tabella,
865 494 982 527 primum

203 531 308 565 ordine,
319 536 348 559 ut
359 533 385 560 in
397 533 537 568 superiore
554 535 694 569 laterculo,
710 537 843 571 confuso;
858 543 916 566 tum
939 547 982 567 re-

202 580 247 605 cto
260 587 268 605 :
281 585 312 606 ac
327 578 382 607 sint
392 579 535 614 ejusmodi.

1033 311 1109 343 τάξιν
1128 312 1235 339 κεῖσθαι
1247 312 1311 344 τοὺς
1324 313 1457 348 ἀριθμοὺς
1467 313 1521 339 τῶν
1532 313 1654 345 κύκλων,
1666 314 1759 349 ἡμεῖς,
1778 316 1825 342 καὶ

1034 357 1134 393 ταύτην
1147 358 1256 390 λύοντες
1267 358 1316 393 τὴν
1324 359 1448 394 ἀπορίαν,
1457 359 1579 395 δείξομεν
1589 360 1638 387 καὶ
1647 360 1682 386 δι’
1691 360 1825 393 ἐκθέσεως

1033 403 1108 436 τάξιν
1119 404 1233 440 ἐχούσης
1249 404 1332 440 μηδὲν
1346 405 1482 441 διαφέρειν
1498 406 1606 441 ἐκείνης
1625 406 1677 441 τῆς
1691 414 1824 441 συγκεχυ-

1037 449 1129 485 μένης.
1168 450 1318 477 Ἐκκείσθω
1343 451 1398 486 γὰρ
1420 451 1544 478 ἐνταυθοῖ
1576 452 1606 478 ὲν
1630 454 1825 487 καταγραφαῖς

1035 494 1141 530 πρῶτον
1157 495 1207 530 μὲν
1233 496 1250 531 ἡ
1265 496 1293 522 ἐν
1309 495 1348 531 τῷ
1361 496 1497 532 εἰρημένῳ
1516 496 1634 532 κανονίῳ
1649 498 1824 532 συγκεχυμέ-

1034 547 1087 571 νως
1105 540 1262 576 ὲκκειμένη,
1278 541 1372 569 ἔπειτα
1387 541 1415 568 δὲ
1429 543 1446 577 ἡ
1463 542 1617 574 εὐτάκτως·
1637 543 1690 569 καὶ
1706 542 1824 568 ἔστωσαν

1035 583 1113 613 αὗται
1123 594 1132 602 ο

895 660 924 687 Α¹
942 662 1122 697 Καταγραερή.

673 714 697 737 α’
783 712 806 747 β’

894 714 1025 747 τθι

1112 719 1127 741 ι’
1220 721 1241 742 ε’
1321 722 1347 742 r'

1220 721 1241 742 ε,

674 757 697 788 ξ’
771 761 804 792 ιγ’
875 763 913 785 κε’
991 762 1022 785 ιε’
1096 764 1138 787 κα¹
1206 761 1248 797 κβ¹
1320 765 1351 796 ιζ’

669 806 703 838 ιη’
774 804 807 830 ιθ¹
883 805 913 832 ιδ’
979 809 1024 838 κς¹
1101 806 1141 838 κζ’
1217 812 1251 835 ια’
1316 814 1359 845 κγ’

669 850 702 884 ιβ’
773 851 810 877 κδ’
888 855 912 887 η’
994 855 1019 879 κ’
1108 854 1129 880 δ’
1215 859 1250 887 ις’
1315 861 1357 893 κη’

895 907 923 934 Β¹
940 909 1120 946 Καταγραφή.

674 965 904 1000 way
1107 967 1358 1004 ea,»

677 1010 700 1043 ζ’
882 1014 906 1046 η’
989 1011 1010 1038 θ’
1107 1032 1116 1041 .
1215 1024 1247 1042 ια’

668 1056 701 1091 ιβ’
774 1060 806 1090 ιγ
875 1056 903 1085 ιδ’
976 1060 1006 1083 ιε’
1211 1065 1248 1094 ις
1320 1064 1351 1096 ιςν

664 1105 697 1137 ιη’
771 1101 803 1128 ιϐ’
984 1105 1007 1128 κ’
1086 1108 1128 1130 κα’
1204 1107 1245 1142 κβ¹
1315 1113 1356 1143 κγ’

769 1147 806 1173 κδ’
873 1150 910 1175 κε’
977 1151 1022 1180 κς¹
1085 1150 1125 1182 κζ’
1318 1159 1360 1191 κη’

233 1226 456 1254 Animadvertere
473 1226 556 1262 igitur
571 1228 690 1262 oportet,
706 1224 934 1260 quemadmodum
950 1224 978 1251 in

1064 1227 1201 1256 Σκεπτέον
1229 1231 1328 1264 τοίνυν,
1344 1233 1382 1265 ὡς
1399 1233 1428 1260 ὲν
1442 1236 1474 1270 τῇ
1504 1235 1620 1272 δευτέρᾳ
1642 1239 1823 1273 καταγραςξῇ,

198 1271 319 1299 secunda
334 1270 437 1304 tabula,
452 1278 512 1306 qua:
526 1270 666 1298 ordinatos
681 1269 760 1298 habet
779 1269 918 1305 cyclorum
929 1277 980 1296 nu-

198 1325 288 1346 meros
300 1336 308 1351 ,
333 1321 431 1353 quarta
453 1325 568 1353 quaeque
585 1317 675 1345 areola
694 1317 816 1344 numeris
831 1323 916 1343 vacua
938 1322 982 1342 re-

197 1364 261 1391 licta
275 1363 312 1392 sit
332 1371 339 1389 :
360 1371 420 1399 quae
436 1371 481 1391 res
498 1364 611 1396 indicat,
626 1366 689 1398 post
699 1369 786 1390 annos
802 1365 921 1398 quatuor
933 1369 982 1388 an—

197 1417 264 1437 num
280 1417 335 1436 uno
353 1409 396 1438 die
410 1409 529 1444 priorem
542 1409 666 1436 ordinem
682 1408 878 1436 transcendere
892 1417 898 1434 :
912 1407 981 1435 situs

198 1463 281 1491 porro
291 1462 466 1484 numerorum
484 1454 513 1482 in
530 1454 652 1489 quolibet
668 1462 750 1483 versu
764 1453 834 1481 idem
849 1458 890 1480 est
904 1457 981 1480 utro-

197 1501 290 1536 bique,
307 1508 339 1527 ac
358 1500 451 1527 videre
478 1500 542 1527 licet
559 1500 587 1527 in
609 1500 705 1535 primis
725 1499 851 1530 ,versibus
869 1499 981 1526 eosdem

197 1546 336 1580 cyclorum
357 1551 486 1572 numeros
506 1544 664 1572 collocatos.
683 1544 739 1572 Etsi
759 1545 833 1571 enim
848 1544 875 1571 in
889 1544 981 1579 priore

198 1591 298 1619 tabella
312 1599 379 1619 xvm
394 1598 475 1626 supra
493 1598 530 1618 xu
543 1590 649 1628 positus
672 1591 727 1622 sit;
744 1594 833 1617 tamen
850 1598 912 1618 cum
934 1597 981 1617 co-

197 1637 259 1664 dem
276 1641 390 1673 utcrque
400 1645 481 1665 versu
498 1637 683 1668 contineatur,
701 1637 806 1664 nullum
823 1645 854 1664 ex
872 1641 980 1672 pertur-

197 1682 261 1711 bata
277 1683 323 1709 illa
346 1682 525 1718 dispositione
538 1683 686 1711 discrimen
701 1683 800 1710 oritur.
816 1682 889 1710 idem
908 1687 935 1711 et
952 1684 980 1711 in

198 1725 312 1764 reliquis
324 1725 448 1753 versibus
457 1729 579 1760 apparet,
592 1729 623 1752 ut
636 1725 760 1760 quamvis
773 1725 979 1752 tumultuarium

197 1770 323 1798 videatur
340 1779 410 1802 esse,
427 1778 482 1798 non
499 1775 588 1798 tamen
613 1770 727 1797 excedat
744 1771 879 1798 ordinem.
896 1770 980 1798 Caete-

197 1824 258 1844 rum
275 1815 431 1844 istiusmodi
447 1816 587 1852 cyclorum
601 1817 736 1844 ordinatio
762 1817 796 1844 ab
808 1825 840 1845 eo
859 1817 904 1852 qui
925 1817 979 1852 pri-

196 1869 259 1890 mus
278 1861 441 1889 laterculum
465 1861 604 1894 condidit,
626 1862 652 1888 in
673 1870 734 1890 eum
758 1866 800 1890 est
825 1863 978 1897 excogitata

197 1907 290 1939 ﬁnem,
308 1911 380 1934 utea
395 1906 539 1934 intervalla
557 1907 723 1942 repleantur,
736 1916 797 1943 quae
815 1908 841 1935 in
858 1909 978 1936 secunda
991 1899 1012 1927 (ἶ

196 1951 381 1987 descriptione
399 1951 435 1979 ob
461 1959 521 1979 eam
548 1959 629 1987 quam
645 1952 765 1981 diximus
786 1961 896 1982 causam
914 1959 979 1982 sunt

197 1998 288 2025 inania
305 1999 411 2026 relicta.

230 2043 414 2077 Quamobrem
434 2048 463 2071 ut
489 2044 517 2071 in
545 2048 664 2079 quatuor
680 2046 805 2073 versibus
828 2046 979 2074 ordinatior

196 2089 243 2116 [lat
259 2097 274 2116 a
290 2090 369 2117 nobis
391 2090 549 2126 descriptio,
566 2089 593 2117 in
612 2091 701 2127 primo
729 2095 865 2126 ponantur
885 2091 941 2124 isti,
959 2100 976 2122 ι,

195 2143 245 2166 vn,
266 2143 317 2165 xu.
331 2143 417 2169 xvm;
435 2135 464 2164 in
485 2135 606 2163 secundo
624 2136 705 2163 iidem
725 2140 901 2170 remaneant;
923 2140 979 2164 ter-

197 2181 252 2208 tius
270 2181 339 2208 istos
353 2181 460 2214 habeat,
481 2189 523 2215 ιιι²
544 2189 603 2214 vm,
623 2189 679 2214 xlv,
698 2190 767 2215 xxv;
793 2186 918 2217 quartus,
940 2190 977 2214 ix,

198 2235 243 2259 xv,
264 2235 310 2259 xx,
325 2235 406 2259 xxvt;
420 2228 543 2262 quintus,
559 2236 596 2261 Iv,
615 2236 642 2260 x,
658 2236 714 2260 χχι,
731 2232 937 2261 xxvu;sextus,
950 2237 976 2260 ν,

196 2281 236 2306 ιι,
257 2281 396 2309 ινι,ικιι;
410 2274 438 2301 in
453 2276 566 2310 septimo
577 2275 645 2302 nihil
659 2279 789 2303 mutetur.

233 2317 262 2347 In
289 2328 396 2347 summo
423 2321 555 2348 laterculo
571 2322 639 2357 cycli
655 2322 733 2355 solis,
748 2327 778 2349 ut
801 2321 903 2349 dictum
926 2327 977 2354 est,

199 2365 258 2392 ideo
276 2369 426 2400 ponuntur.
443 2370 473 2393 ut
489 2367 660 2398 ostendatur,
679 2375 759 2407 quam
783 2367 811 2394 in
839 2367 911 2395 diem
932 2367 979 2394 he-

197 2411 344 2447 bdomadis
352 2411 494 2439 Judalcum
507 2412 611 2440 Pascha
620 2422 670 2441 suo
684 2414 810 2449 quodque
823 2413 893 2441 luna;
903 2414 979 2451 cyclo

197 2458 349 2493 contingat.
367 2456 425 2484 Non
449 2458 521 2486 enim
540 2458 758 2487 Christianorum
784 2459 889 2488 Pascha
910 2461 980 2488 dun-

199 2508 273 2530 taxat
289 2510 336 2539 per
350 2511 570 2538 unumquemque
587 2505 658 2532 luna:
678 2507 784 2540 cyclum
800 2510 902 2541 septem
919 2515 980 2534 ver-

198 2548 276 2575 sibus
290 2548 458 2583 descriptum
476 2552 535 2580 est;
555 2557 649 2576 verum
667 2558 721 2577 una
736 2558 798 2578 cum
814 2551 888 2578 illius
904 2559 980 2578 mcn-

198 2594 247 2626 sis,
270 2598 335 2628 puta
348 2594 449 2627 Martii,
467 2595 509 2622 vel
529 2594 631 2630 Aprilis
645 2604 769 2629 numero,
782 2598 829 2632 qui
844 2602 885 2625 est
900 2598 979 2626 index

197 2637 349 2671 l’aschatis,
365 2639 424 2667 dies
448 2641 530 2668 etiam
551 2641 730 2670 hebdomadis
753 2643 909 2677 ascribltur,
926 2651 981 2680 quo

197 2683 241 2711 die
253 2683 397 2712 Judaicum
417 2685 523 2716 Pascha
540 2686 705 2715 celebratur.

356 2751 496 2780 Met/udus
510 2753 657 2781 inveniendi
672 2753 823 2782 Paschatis.

233 2806 278 2833 XI.
294 2808 379 2842 igitur
388 2809 459 2838 scire
471 2818 532 2838 cum
546 2811 672 2839 volumus
683 2820 762 2847 quem
778 2812 805 2839 in
817 2821 936 2840 mensem
949 2814 982 2842 dc

198 2851 316 2892 duobus,
334 2853 431 2884 Martio
457 2861 485 2884 et
510 2857 609 2892 Aprili,
626 2857 848 2887 Christianorum
874 2859 981 2888 Pascha

200 2890 324 2927 salictum
345 2901 456 2937 incidat,
484 2910 647 2940 praesentem
673 2905 701 2935 in
726 2912 852 2943 promptu
873 2909 978 2944 cyclum

1032 1273 1092 1307 ἥτις
1109 1276 1156 1302 καὶ
1170 1277 1241 1303 κατὰ
1257 1278 1333 1312 τάξιν
1347 1279 1400 1315 ἕχει
1414 1282 1475 1313 τοὺς
1487 1282 1622 1318 ἀριθμοὺς
1642 1283 1699 1310 τῶν
1715 1285 1823 1311 κύκλων

1031 1320 1216 1357 ἐκκειμένους,
1242 1325 1311 1351 κατὰ
1335 1326 1356 1352 δ’
1381 1327 1430 1364 μὲν
1453 1327 1544 1365 χώρας
1569 1329 1775 1365 παραλείπεται
1798 1333 1822 1356 α’

1031 1366 1117 1403 χώρα,
1148 1369 1185 1405 μὴ
1206 1369 1337 1408 δεχομένη
1352 1372 1476 1408 ἀριθμὸν,
1499 1375 1538 1406 εἰς
1553 1375 1666 1408 ἔνδειξιν
1686 1376 1736 1403 τοῦ
1752 1376 1822 1403 κατὰ

1031 1412 1051 1439 δ’
1068 1413 1114 1449 ἔτη
1132 1415 1178 1441 τὸν
1194 1416 1315 1443 ἐνιαυτὸν
1337 1418 1429 1454 ἡμέρᾳ
1452 1420 1501 1455 μιᾷ
1516 1420 1565 1456 τὴν
1584 1421 1725 1457 προτέραν
1745 1422 1822 1455 τάξιν

1032 1460 1205 1496 ὑπερϐαίνειν
1218 1469 1224 1476 ·
1264 1462 1339 1496 θέσις
1354 1464 1382 1490 δὲ
1402 1465 1456 1492 τῶν
1472 1465 1597 1502 ἀριθμῶν
1607 1468 1637 1494 ὲν
1649 1468 1760 1503 ἑκάστῳ
1778 1477 1823 1495 σε-

1032 1505 1105 1541 λιδίῳ
1122 1507 1138 1542 ἡ
1151 1507 1218 1543 αὐτή
1233 1508 1289 1535 ἐστι
1307 1511 1353 1538 καὶ
1370 1511 1398 1538 ὲν
1421 1512 1589 1548 ἀμφοτέραις
1601 1515 1662 1545 ταῖς
1675 1523 1821 1550 καταγρα⁴

1032 1553 1106 1585 ῳαῖς.
1123 1553 1160 1585 ὡς
1179 1554 1251 1582 ἔστιν
1267 1556 1333 1592 δρᾷν
1353 1558 1381 1583 ὲν
1396 1560 1452 1590 τοῖς
1475 1558 1592 1595 πρώτοις
1620 1560 1748 1592 σελιδίοις
1757 1562 1821 1593 τοὺς

1031 1599 1129 1630 αὐτοὺς
1143 1599 1197 1626 τῶν
1211 1600 1318 1628 κύκλων
1341 1603 1516 1638 ἐκκειμένους
1528 1604 1670 1641 ἀριθμούς.
1694 1606 1756 1632 Κᾶν
1766 1607 1820 1642 γὰρ

1031 1645 1060 1670 ἐν
1073 1646 1105 1680 τῇ
1125 1645 1221 1683 πρώτῃ
1236 1650 1399 1684 καταγραφῇ
1416 1650 1431 1675 ὁ
1443 1653 1477 1684 ιη’
1491 1649 1592 1677 ἄνωθεν
1607 1650 1654 1677 τοῦ
1673 1651 1707 1686 ιβ’
1717 1653 1819 1682 κεῖται.

1030 1689 1085 1716 ἀλλ’
1103 1691 1150 1716 ἐπὶ
1179 1691 1226 1718 τοῦ
1239 1693 1321 1719 αὐτοῦ
1343 1693 1456 1720 σελιδίου
1479 1695 1526 1722 καὶ
1542 1695 1643 1730 ἀμφοῖν
1669 1696 1819 1731 κειμένων,

1029 1737 1059 1762 οὐ
1069 1736 1172 1770 γίνεταί
1201 1747 1242 1770 τις
1257 1739 1371 1774 διαφορὰ
1393 1740 1437 1767 διὰ
1449 1740 1498 1776 τὴν
1514 1741 1598 1776 αὐτὴν
1613 1742 1819 1778 ἐνηλλαγμένην

1030 1781 1114 1809 θέσιν.
1132 1782 1169 1809 Τὸ
1183 1783 1248 1810 αὐτὸ
1263 1784 1291 1810 δὲ
1311 1785 1358 1811 καὶ
1375 1785 1422 1812 ἐπὶ
1443 1786 1496 1812 τῶν
1514 1786 1615 1814 λοιπῶν
1630 1787 1754 1813 aeneam
1770 1790 1820 1823 ἑμ-

1029 1828 1163 1862 φαίνεται,
1189 1828 1319 1855 ἔκτακτον
1343 1830 1392 1865 μὲν
1419 1831 1524 1864 δοκοῦν,
1548 1831 1596 1868 τὴν
1619 1832 1696 1865 τάξιν
1712 1832 1743 1859 δὲ
1770 1834 1819 1868 οὐχ

1030 1874 1203 1909 ὑπερϐαῖνον.
1220 1874 1319 1909 Γέγονε
1333 1875 1361 1902 δὲ
1379 1877 1395 1911 ἡ
1418 1877 1528 1912 τοιαύτη
1546 1877 1619 1910 θέσις
1638 1879 1694 1905 τῶν
1710 1879 1818 1906 κύκλων

1030 1918 1070 1954 τῷ
1083 1921 1349 1956 κανονογραφήσαντι
1366 1922 1395 1954 ἐξ
1406 1922 1491 1958 ἀρχῆς
1501 1923 1721 1959 ἀναπληρώσεως
1738 1925 1818 1961 χάριν

1031 1965 1085 1991 τῶν
1099 1966 1217 2002 χωρίων,
1228 1966 1245 1993 ἃ
1253 1967 1319 1993 κενὰ
1326 1967 1507 2004 καταλείπειὴ
1523 1968 1637 2005 δευτέρα
1652 1970 1817 2006 καταγραφὴ

1030 2011 1075 2038 διὰ
1091 2011 1139 2047 τὴν
1156 2012 1303 2047 εἰρημένην
1319 2014 1417 2040 αἰτίαν.

1067 2057 1125 2084 Ἵνα
1149 2057 1180 2093 δὴ
1210 2055 1255 2088 οὖν
1277 2059 1326 2094 τὴν
1341 2060 1370 2086 ὲν
1392 2061 1446 2090 τοῖς
1468 2059 1490 2086 δ’
1512 2060 1614 2095 στίχοις
1637 2062 1817 2098 καταγραφὴν

1031 2103 1226 2140 εὑτακτοτέραν
1252 2105 1425 2140 ποιήσωμεν,
1447 2105 1478 2131 τὸ
1500 2105 1548 2141 μὲν
1577 2106 1685 2142 πρῶτον
1705 2107 1816 2134 σελίδιον

1032 2149 1116 2184 ἐχέτω
1128 2150 1260 2184 ἀριθμοὺς
1270 2150 1304 2182 α’,
1314 2150 1346 2184 ζ’,
1363 2150 1405 2185 ιβ’,
1425 2151 1459 2186 ιη’
1470 2159 1477 2167 ⁸
1495 2151 1525 2178 τὸ
1538 2151 1566 2178 δὲ
1582 2152 1707 2188 δεύτερον
1721 2154 1815 2188 ἐχέτω,

1032 2195 1069 2226 ὡς
1080 2195 1150 2230 ἔχει·
1168 2196 1198 2222 τὸ
1213 2196 1242 2222 δὲ
1258 2189 1347 2232 τρίτον
1361 2197 1397 2230 γ’,
1417 2197 1451 2232 η’,
1467 2197 1506 2229 ιδ’,
1525 2198 1562 2224 κε’
1573 2206 1580 2213 ”
1597 2198 1628 2224 τὸ
1641 2198 1669 2224 δὲ
1687 2199 1816 2234 τέταρτον

1032 2239 1065 2272 θ’,
1083 2240 1122 2272 te’,
1141 2240 1176 2273 κ’,
1189 2241 1250 2274 κς’·
1265 2242 1296 2268 τὸ
1313 2242 1342 2268 δὲ
1368 2242 1491 2277 πέμπτον
1505 2243 1537 2276 δ’,
1551 2243 1578 2275 ι’,
1589 2243 1643 2276 καί,
1659 2243 1701 2276 κζ’
1712 2253 1718 2259 -
1739 2244 1770 2270 το
1788 2243 1818 2269 δὲ

1033 2285 1111 2312 ἕκτον
1128 2286 1159 2319 ε’,
1174 2286 1219 2319 ια’,
1236 2287 1284 2319 ις’,
1300 2287 1342 2323 κβ¹
1352 2296 1358 2302 ·
1375 2288 1405 2314 τὸ
1418 2288 1445 2315 δὲ
1462 2288 1576 2324 ἕϐδομον
1591 2290 1672 2316 πάλιν
1687 2289 1733 2321 οὓς
1750 2290 1815 2325 ἔχει.

1068 2332 1193 2359 Τίθενται
1201 2333 1228 2359 δὲ
1237 2333 1339 2360 ἄνωθεν
1349 2333 1394 2360 τοῦ
1406 2335 1528 2361 κανονίου
1536 2335 1561 2360 οξ
1571 2334 1618 2361 τοῦ
1627 2335 1700 2370 ἡλίου
1713 2335 1817 2367 κύκλοι,

1031 2376 1069 2407 ὼς
1081 2377 1198 2413 εἴρηται,
1215 2378 1254 2409 εἰς
1267 2378 1382 2412 δήλωσιν
1394 2379 1441 2405 τοῦ
1455 2381 1484 2405 ἐν
1499 2380 1562 2416 ποίᾳ
1575 2380 1668 2416 ἡμέρᾳ
1680 2381 1730 2415 τῆς
1742 2381 1817 2407 ἑϐδο-

1035 2422 1116 2458 μάδος
1130 2423 1160 2449 τὸ
1181 2424 1323 2450 Ἰουδαϊκὸν
1342 2424 1436 2460 Πάσχα
1451 2425 1521 2452 κατὰ
1540 2426 1586 2452 τὸν
1601 2427 1701 2452 οἰκεῖον
1710 2426 1760 2461 τῆς
1777 2435 1818 2453 ,τε-

1032 2468 1116 2503 λήνης
1143 2469 1241 2496 κύκλον
1268 2470 1394 2501 τελεῖται.
1412 2470 1449 2496 Οὐ
1470 2471 1549 2506 μόνον
1565 2472 1619 2507 γὰρ
1637 2471 1669 2498 τὸ
1684 2472 1738 2498 τῶν
1754 2472 1819 2507 Χρι-

1034 2514 1147 2542 στιανῶν
1177 2515 1272 2550 Πάσχα
1299 2515 1359 2542 καθ’
1383 2515 1497 2542 ἕκαστον
1520 2516 1618 2543 κύκλον
1647 2517 1765 2552 σελήνης
1791 2517 1818 2542 ἐν

1034 2560 1157 2593 σελιδίοις
1181 2561 1332 2594 ἔκκειταιζ
1347 2570 1354 2577 ·
1384 2562 1453 2589 ἀλλὰ
1479 2563 1526 2588 σὺν
1549 2562 1588 2597 τῷ
1613 2562 1726 2598 ἀριθμῷ
1743 2563 1819 2590 τοῦδέ

1031 2616 1103 2639 τινος
1136 2608 1229 2643 μηνὸς,
1250 2608 1266 2643 ἢ
1291 2608 1337 2635 τοῦ
1353 2608 1486 2644 Μαρτίου,
1506 2609 1522 2643 ἢ
1539 2608 1586 2635 τοῦ
1608 2608 1760 2644 ’Λπριλίου,
1773 2608 1817 2634 τοῦ

1032 2652 1173 2684 δηλοῦντος
1197 2652 1227 2678 τὺ
1253 2652 1359 2689 Πάσχα,
1386 2654 1474 2680 κεῖται
1499 2653 1545 2679 καὶ
1565 2654 1582 2687 ἡ
1606 2653 1657 2687 τῆς
1674 2652 1818 2688 ἑϐδομάδος

1032 2696 1132 2732 ἡμέρα,
1150 2696 1209 2724 καθ’
1225 2697 1257 2732 ἣν
1270 2697 1330 2724 τότε
1346 2697 1377 2724 τὸ
1394 2697 1538 2726 Ἰουδαϊκὸν
1546 2697 1673 2723 τελεῖται.

1128 2761 1259 2795 Μέθοδος
1274 2762 1311 2788 δι’
1324 2760 1362 2797 ἧς
1378 2762 1545 2798 εὑρήσομεν
1559 2762 1592 2789 τὸ
1605 2762 1725 2797 Πάσχα.

1069 2819 1121 2846 ΙΛ’.
1138 2819 1221 2846 Ὅταν
1241 2819 1329 2846 τοίνυν
1350 2819 1544 2856 προαιρώμεθα
1562 2819 1707 2853 γινώσκειν
1726 2821 1758 2846 ἐν
1769 2819 1817 2846 τίνι

1033 2863 1087 2890 τῶν
1107 2864 1154 2891 δύο
1179 2865 1270 2901 μηνῶν
1289 2866 1441 2902 Μαρτίουῆ
1465 2866 1613 2901 Ἀπριλίου,
1635 2865 1682 2892 καὶ
1703 2866 1734 2892 ἐν
1757 2865 1818 2899 ποία

1033 2909 1124 2946 ἡμέρᾳ
1147 2911 1206 2942 ἑνὸς
1229 2911 1318 2939 αὐτῶν
1335 2911 1365 2938 τὸ
1381 2911 1434 2939 τῶν
1446 2911 1614 2940 Χοιστιανῶν
1630 2911 1707 2947 ἆγιον
1724 2911 1818 2947 Πάσχα
