1907 3144
143 199 209 227 1501

587 192 697 221 ιεΑΑοι
717 189 868 220 MONACHI
888 186 1075 217 COMPUTUS
1093 182 1311 214 ECCLESlAST.

1694 172 1764 202 1'50!

141 256 267 287 τελεῖται,
293 251 445 289 προχείρως
477 250 525 286 μὲν
538 250 712 286 λαμϐάνομεν
729 249 774 276 τὸν
796 248 931 276 ὶνεστῶτα

983 247 1050 274 solis
1066 245 1196 273 habemus
1214 243 1242 270 in
1257 247 1365 270 summo
1380 235 1512 265 laterculo
1527 243 1533 262 :
1549 233 1594 261 cui
1610 232 1761 267 subiectam

141 301 188 328 τοῦ
205 300 281 336 ἡλίου
295 298 403 330 κύκλον,
419 296 520 324 ἄνωθεν
531 296 656 331 κείμενον
666 295 714 322 τοῦ
730 294 864 327 κανονίου,
879 293 926 320 καὶ

141 344 330 382 κατερχόμεθα
343 345 374 371 τὸ
389 343 422 370 δι’
432 342 513 370 αὑτοῦ
525 341 646 373 σελίδιον,
663 341 715 373 ἓως
731 341 764 367 ἂν
780 340 926 375 φθάσωμεν

141 393 181 423 εἰς
195 391 241 417 τὸν
252 390 353 425 στίχον,
368 389 410 424 ἐφ’
420 385 450 414 οὗ
464 389 492 414 ὲν
508 388 578 423 ἀρχῇ
593 388 664 422 ὁτῆς
675 386 787 422 σελήνης
793 385 926 421 γράφεται

141 437 257 468 κύκλος’
272 437 319 463 καὶ
344 436 374 462 τὸ
389 435 460 462 οὕτω
478 435 601 469 κείμενον
623 433 735 468 ἀντικρὺ
759 432 830 458 κατά
847 431 927 466 βάθος

143 484 194 519 μὲν
207 482 254 510 τοῦ
271 481 415 513 ἐνεστῶτος
435 480 547 517 ἡλιακοῦ
568 480 678 512 κύκλου,
693 479 763 506 κατὰ
776 478 876 509 πλάτος
898 477 927 504 δὲ

141 528 190 556 τοῦ
211 527 382 564 σεληνιακοῦ,
404 527 525 561 φήσομεν
553 523 621 552 εἶναι
642 525 672 552 τὺ
688 525 742 552 τῶν
757 523 927 560 Χριστιανῶν

141 575 219 609 ἅγιον
231 574 342 609 Πάσχα”
360 573 407 608 τὴν
421 573 443 599 δ’
459 572 504 598 ὑπ’
521 572 586 598 αὐτὸ
606 571 712 607 ἡμέραν
726 570 774 606 τὴν
789 570 837 605 τῆς
853 569 928 595 ἑϐδο-

143 621 227 653 μάδος
255 620 373 656 ἡμέραν,
396 619 456 646 καθ’
479 618 512 653 ἦν
538 617 632 652 γέγονε
647 617 678 644 τὸ
695 617 755 643 τότε
775 615 925 643 Ἰουδαϊκόν.

177 664 250 699 οἷον,
266 666 303 698 ὡς
326 666 356 692 ὲν
381 664 570 699 ὑποδείγματι,
583 663 653 690 ἔστω
667 663 756 698 ζητεῖν
770 662 844 697 ἡμᾶς
857 660 927 687 κατὰ

140 713 174 740 τὺ
201 711 317 743 ἐνεστὼς
342 711 400 742 ἔτος
423 710 453 736 τὸ
474 709 528 736 ἀπὸ
547 709 596 744 τῆς
607 708 654 735 τοῦ
675 708 776 744 κόσμου
796 707 928 741 γενέσεως

140 757 243 791 ,ςωπα’
263 756 377 789 ἐτος,ὲν
407 755 471 791 ποίᾳ
501 754 593 790 ἡμέρᾳ
622 753 668 780 τοῦ
694 753 815 789 Μαρτίου
842 751 859 787 ἢ
880 751 927 778 τοῦ

148 803 288 839 Ἀπριλίου
303 803 334 829 τὸ
341 802 395 829 τῶν
406 800 574 837 Χριστιανῶν
589 799 665 826 ἔσται
684 799 788 835 Πάσχα.
805 799 860 826 Καὶ
867 798 928 825 ἐπεὶ

139 849 250 885 ἐδείχθη
264 849 324 875 κατ’
341 848 406 875 αὐτὸ
420 847 450 874 τὸ
466 847 535 879 ἔτος,
554 846 629 882 ἡλίου
647 847 695 882 μὲν
711 845 748 872 ῶν
763 845 860 877 κύκλος
873 845 926 876 κα’,

141 896 259 931 σελήνης
273 895 301 922 δὲ
310 894 411 930 τρίτος,
427 893 600 929 λαμϐάνομεν
613 893 709 923 αὐτοὺς
720 892 749 918 ὲν
759 891 797 926 τῷ
813 890 928 925 κανονίῳ

140 940 247 968 ἄνωθεν
269 941 318 976 μὲν
342 940 387 966 τὸν
415 939 460 966 τοῦ
484 939 570 974 ἡλίου,
585 939 617 965 ὲκ
631 937 746 971 πλαγίου
766 937 794 963 δὲ
816 936 862 963 τὸν
881 937 929 971 τῆς

141 987 278 1022 σελήνηςδ
306 986 422 1021 κάπειδὴ
449 985 652 1021 συνερχομένων
682 984 710 1010 ὲν
731 983 769 1018 τῷ
795 983 869 1018 μέσῳ
883 983 930 1010 τοῦ

140 1032 267 1060 κανονίου
281 1032 350 1059 κατὰ
361 1031 410 1066 τὴν
419 1031 572 1058 συνέλευσιν
584 1029 617 1062 ιζ’
635 1028 682 1056 τοῦ
698 1028 835 1064 ’Δπριλίου
853 1037 932 1055 κατα-

139 1079 289 1115 γράφεται,
313 1079 433 1113 φήσομεν
460 1076 621 1112 γενήσεσθαι
638 1076 669 1102 τὸ
685 1075 818 1111 ἡμέτερον
834 1074 928 1110 Πάσχα

139 1125 214 1152 κατὰ
235 1124 283 1160 τὴν
304 1123 350 1150 τοῦ
377 1123 513 1158 Ἀπριλίου
537 1121 590 1153 ιζ’·
619 1123 668 1157 τὴν
687 1121 715 1148 δὲ
735 1121 787 1148 ὑπὸ
804 1121 849 1148 τὸν
868 1121 929 1156 άρι-

139 1171 211 1206 θμὺν
232 1169 325 1197 τοῦτον
341 1170 365 1196 α’
389 1169 510 1204 ἡμέραν,
534 1168 615 1204 ἤγουν
643 1167 692 1203 τὴν
719 1167 844 1203 πρώτην,
875 1167 928 1203 φή-

141 1225 228 1252 σομεν
261 1214 329 1243 εἶναι
356 1215 463 1251 ἡμέραν
492 1214 542 1250 τῆς
573 1214 720 1249 ἑϐδομάδος
743 1213 766 1240 α’
799 1213 849 1248 τὴν
877 1213 930 1248 πρὸ

139 1262 190 1291 τοῦ
205 1261 393 1297 Χριστιανικοῦ
416 1261 509 1287 τούτου
531 1260 642 1296 Πάσχα,
662 1260 722 1287 καθ’
749 1260 782 1295 ἡν
800 1259 874 1286 ἔσται
899 1259 929 1286 τὺ

148 1307 304 1334 Ἰουδαϊκόν.
319 1307 403 1342 Δῆλον
426 1306 491 1342 γὰρ,
507 1306 555 1338 ὡς,
579 1306 640 1332 ἐπεὶ
654 1307 671 1342 ἡ
684 1306 871 1342 παρακειμένη
887 1306 926 1342 τῷ

139 1355 229 1390 τρίτῳ
257 1353 348 1389 κύκλῳ
362 1354 411 1388 τῆς
429 1353 543 1388 σελήνης
560 1352 576 1379 ι’
591 1351 638 1379 τοῦ
658 1352 795 1388 Ἀπριλίου
811 1352 842 1379 τὺ
864 1353 929 1379 Ἰου-

139 1400 235 1426 δαϊκὸν
259 1399 355 1434 Πάσχα
378 1398 462 1434 δηλοῖ,
477 1399 618 1434 γενήσεται
629 1398 658 1424 δὲ
674 1397 745 1424 κατὰ
758 1397 863 1433 ἡμέραν
880 1399 928 1433 τῆς

141 1445 289 1480 ἑϐδομάδος
312 1448 346 1477 α’,
369 1444 416 1471 ἐὰν
439 1446 472 1480 τῇ
502 1448 516 1471 ι’
547 1443 593 1471 τοῦ
617 1443 755 1479 ’Λπριλίου
784 1443 889 1478 ἡμέρας
907 1443 928 1476 ζ’

944 928 965 955 Β

979 291 1099 319 tabulam
1119 290 1211 316 tandiu
1223 285 1422 323 percurrimus,
1438 283 1502 310 dum
1521 280 1553 308 ad
1566 287 1628 307 eum
1653 284 1769 304 versum

979 336 1182 372 perveniamus,
1195 333 1274 368 cujus
1291 330 1369 358 initio
1381 330 1454 356 luna:
1465 326 1561 362 cyclus
1579 323 1724 352 ascribitur
1735 326 1763 348 et

981 383 1027 418 qui
1039 383 1066 408 in
1079 379 1216 416 proselide
1226 384 1358 405 numerus
1372 373 1496 402 occurrit
1510 371 1590 406 202
1609 369 1685 405 oyclo
1696 367 1775 396 solis.

980 417 1007 457 in
1024 428 1169 459 directura,
1184 426 1255 452 lunae
1272 424 1300 450 in
1319 426 1506 449 transversum
1521 417 1680 448 attributus,
1700 420 1762 442 eum

979 473 1200 502 Christianorum
1215 469 1337 497 indicare
1348 465 1453 493 Pascha
1470 463 1607 494 dicemus;
1622 460 1686 488 huic
1697 465 1762 486 vero

980 520 1130 555 subjectam
1143 518 1226 549 diem,
1242 516 1337 543 feriam
1352 520 1424 546 esse,
1439 518 1492 547 qua
1504 509 1646 537 Judaicum
1658 506 1761 534 Pascha

981 565 1136 602 contigerit.

1017 660 1140 695 Exempli
1157 665 1242 686 causa
1257 666 1264 684 :
1285 659 1422 691 quaeratur
1433 653 1485 680 hoc
1501 657 1582 683 anno,
1606 647 1652 684 qui
1666 650 1708 675 est
1728 646 1764 673 ab

980 708 1048 737 orbe
1065 693 1175 734 condito
1188 703 1269 735 6881,
1286 705 1369 737 quoto
1385 700 1428 727 die
1444 697 1543 729 Martii,
1554 697 1597 724 νεὶ
1606 694 1707 730 Aprilis
1721 693 1763 719 in-

981 753 1048 782 cidit
1072 751 1189 779 Pascha.
1207 748 1343 782 Quoniam
1368 742 1433 780 ergo
1459 750 1541 778 supra
1564 738 1763 769 demonstravi-

980 807 1053 831 mus,
1078 798 1185 834 cyclum
1218 803 1250 823 eo
1276 801 1348 821 anno
1369 792 1436 821 solis
1461 797 1522 818 esse
1545 795 1603 818 χχι,
1626 786 1697 813 luna:
1721 792 1762 814 ιιι,

981 830 1129 880 utrumque
1148 843 1176 870 in
1204 840 1336 868 laterculo
1353 837 1519 874 quaerimus.
1536 833 1602 862 solis
1622 833 1648 859 in
1674 830 1764 857 fronte

981 876 1180 922 tabulaa;lun:n
1204 889 1294 914 autem
1324 884 1356 911 ad
1378 884 1469 915 latus;
1485 885 1512 908 et
1539 879 1602 914 quia
1623 876 1710 904 media
1735 876 1763 902 in

982 943 1045 964 area
1061 933 1216 962 communis
1231 931 1346 967 angulus
1361 937 1416 957 xvn
1436 928 1506 955 diem
1525 925 1626 961 Aprilis
1641 923 1763 954 exhibet,

981 989 1014 1011 eo
1029 982 1072 1009 die
1086 979 1192 1008 Pascha
1200 981 1323 1005 nostrum
1337 975 1394 1003 fore
1404 973 1630 1010 pronuntiamus;
1644 976 1703 1004 quae
1714 975 1763 995 au-

981 1034 1036 1057 tem
1051 1035 1167 1056 numero
1181 1030 1223 1054 est
1239 1024 1327 1052 eidem
1343 1022 1466 1057 subjecta
1490 1019 1556 1047 feria
1571 1018 1670 1053 prima,
1689 1015 1762 1042 diem

981 1073 1160 1102 hebdomadis
1171 1078 1232 1099 esse
1242 1070 1375 1100 dicemus,
1391 1074 1451 1102 quae
1463 1065 1567 1093 Pascha
1576 1062 1763 1091 Christianum

981 1120 1134 1152 antecedit,
1161 1123 1188 1146 et
1215 1118 1244 1144 in
1266 1123 1347 1152 quam
1372 1113 1515 1142 Iudaicum
1540 1112 1670 1139 incurret.
1694 1108 1763 1135 Cum

981 1167 1053 1195 enim
1075 1165 1110 1193 ad
1136 1165 1247 1192 tertium
1275 1162 1381 1198 cyclum
1397 1159 1520 1195 appOsita
1543 1165 1560 1184 x
1583 1156 1642 1184 dies
1662 1153 1764 1189 Aprilis

980 1213 1086 1241 Pascha
1098 1211 1255 1239 Iudaeorum
1274 1208 1387 1239 indicet,
1402 1207 1484 1240 idque
1497 1204 1612 1240 primam
1628 1202 1656 1229 in
1668 1201 1763 1229 feriam

980 1258 1094 1289 incidat,
1109 1255 1283 1291 perspicuum
1298 1257 1350 1285 est,
1371 1252 1394 1280 si
1409 1251 1444 1278 ad
1456 1251 1527 1278 diem
1548 1247 1650 1283 Aprilis
1666 1254 1683 1272 χ
1700 1253 1763 1279 sep—

981 1308 1035 1332 tem
1058 1304 1116 1330 dies
1134 1302 1282 1333 accedant,
1309 1306 1369 1335 quae
1393 1297 1427 1325 ad
1456 1295 1580 1331 proxime
1605 1296 1763 1327 sequentem

979 1348 1177 1378 hebdomadam
1195 1346 1363 1382 pertingant,
1380 1351 1436 1371 xvn
1449 1341 1550 1377 Aprilis
1562 1339 1634 1367 diem
1652 1337 1763 1370 conﬁci,

981 1404 1036 1432 quo
1046 1395 1231 1423 Christianum
1247 1392 1352 1419 Pascha
1369 1393 1523 1426 peragetur.
1539 1387 1578 1414 lta
1587 1394 1619 1413 ex
1631 1383 1763 1411 laterculo

982 1429 1061 1469 facile
1069 1439 1140 1475 quod
1152 1439 1295 1474 quaesitum
1309 1441 1350 1464 est
1360 1435 1509 1463 extricatur
1526 1441 1532 1459 :
1545 1431 1616 1466 quod
1630 1429 1713 1458 etiam
1729 1436 1762 1455 ex

140 1491 307 1526 προσθῶμεν
331 1490 380 1522 τὰς
408 1491 472 1526 ἄχρι
481 1491 530 1526 τῆς
551 1490 700 1526 ἐρχομένης
711 1489 863 1525 Κυριακῆς,
880 1489 928 1520 τὰς

983 1487 1111 1516 methodo
1128 1489 1168 1513 sic
1188 1485 1313 1512 habetur.

143 1536 178 1569 ιζ’
196 1537 241 1564 τοῦ
256 1537 394 1573 Ἀπριλίου
408 1522 640 1572 πδιήσομενίκαθ
652 1522 685 1567 ἃς
711 1535 741 1562 τὸ
757 1522 851 1570 Πάσχα
882 1535 957 1562 ἔσται
979 1532 1180 1570 Χριστιανικόν.
1205 1531 1259 1557 Καὶ
1282 1528 1368 1560 οὕτως
1391 1527 1439 1563 μὲν
1453 1526 1485 1553 ὲκ
1498 1534 1544 1554 του
1559 1522 1681 1551 κανονίου
1696 1528 1764 1556 προ-

141 1582 244 1618 χείρως
265 1582 431 1618 λαμϐάνεται
454 1581 484 1608 τὸ
501 1580 663 1616 ζητούμενον
674 1588 680 1595 ·
701 1580 747 1606 καὶ
763 1580 807 1606 διὰ
819 1580 929 1615 μεθόδου
953 1580 981 1607 δὲ
994 1580 1042 1607 καὶ
1054 1578 1140 1608 οὕτως
1153 1585 1160 1592 ⁸

198 1639 297 1674 Ἑτέρα
313 1639 440 1674 μέθοδος
455 1638 510 1672 τῆς
523 1638 576 1665 τοῦ
600 1637 708 1671 Πάσχα
724 1637 879 1671 εὑρέσεως.

187 1698 263 1724 Ἐπεὶ
276 1697 373 1732 ἔχομεν
384 1695 443 1722 καθ’
456 1695 570 1722 ἕκαστον
581 1695 634 1721 τῶν
644 1693 808 1729 σεληνιακῶν
823 1692 929 1720 κύκλων

141 1744 195 1780 τὴν
212 1743 258 1770 ἐπὶ
272 1742 320 1769 τοῦ
338 1742 460 1777 Μαρτίου
482 1741 602 1777 άχρικαὶ
621 1741 669 1776 τῆς
684 1740 715 1772 ιζ’
726 1739 773 1766 τοῦ
793 1738 928 1774 ’Δπριλίου

142 1789 289 1824 γινομένην
311 1787 488 1823 πανσέληνον,
516 1787 578 1822 ἥτις
603 1786 633 1813 τὸ
668 1785 810 1812 Ἰουδαϊκὸν
834 1784 930 1819 Πάσχα

145 1835 261 1871 μηνύει·
288 1835 331 1862 διὰ
357 1834 403 1861 τοῦ
426 1831 648 1868 ἡμεροευρεσίσυ,
664 1831 701 1863 ὼς
716 1830 929 1866 προειλήφαμεν,

143 1882 310 1918 εὑρίσκομεν
337 1881 366 1908 ὲν
381 1880 446 1916 ποίᾳ
460 1880 550 1916 ἡμέρᾳ
562 1879 616 1905 τῶν
629 1878 678 1914 τῆς
693 1877 837 1913 ἑϐδομάδος
856 1877 932 1904 ἔσται

143 1928 176 1955 τὺ
189 1927 299 1963 νομικὸν
313 1926 408 1962 Πάσχα
428 1926 459 1952 τὸ
482 1925 683 1961 παρακείμενον
695 1923 733 1959 τῷ
745 1923 871 1950 ἐνεστῶτι
885 1931 931 1949 σε-

144 1972 267 2010 ληνιακῷ
281 1972 373 2007 κύκλῳ
383 1980 389 1987 ·
407 1968 429 2005 ᾧ
442 1970 630 2007 προστιθέντες
641 1970 689 2001 τὰς
707 1969 806 2004 ἐφεξῆς
827 1969 931 2004 ἡμέρας

143 2020 197 2054 τῆς
212 2018 356 2054 ἑϐδομάδος
368 2018 431 2053 άχρι
448 2018 494 2044 καὶ
507 2017 591 2053 αὐτῆς
605 2016 654 2051 τῆς
669 2014 820 2050 Κυριακῆς,
836 2014 932 2050 ἔχομεν

145 2063 234 2092 καὶτὸ
243 2062 304 2090 καθ’
319 2063 391 2098 ἡμᾶς
407 2062 484 2095 ἆγιον
500 2061 606 2097 Πάσχα,
621 2061 650 2087 ὲν
659 2060 713 2086 τίνι
727 2059 781 2086 τῶν
797 2058 842 2085 τοῦ
858 2058 934 2093 Μαρ-

144 2110 205 2136 τίου
218 2109 235 2144 ἢ
248 2108 294 2135 τοῦ
315 2107 452 2144 ’Δπριλίου
472 2106 584 2143 ἡμερῶν
598 2107 711 2141 γίνεται.
729 2105 785 2131 Καὶ
802 2104 872 2130 ἔστω
886 2103 932 2130 ἐπὶ

145 2154 344 2189 ὑποδείγματος
359 2153 405 2180 τοῦ
418 2152 627 2188 προειρημένου.
655 2151 730 2178 Ἐπεὶ
745 2150 784 2186 τῷ
805 2149 932 2176 ἐνεστῶτι

144 2200 207 2227 τότε
236 2199 328 2235 κύκλῳ
356 2199 405 2234 τῆς
432 2198 547 2234 σελήνης
578 2198 661 2234 τρίτῳ
680 2197 736 2223 δντι
758 2196 773 2222 ι’
794 2195 931 2230 Ἀπριλίου

145 2245 322 2280 παράκειται,
345 2243 461 2280 δηλοῦσα
480 2243 538 2270 κατ’
553 2243 637 2279 αὐτὴν
658 2240 726 2269 εἶναι
741 2242 771 2268 τδ
788 2240 932 2267 Ἰουδαϊκὸν

942 1629 964 1658 C

1086 1633 1225 1662 Methodus
1240 1633 1328 1661 altera.
1342 1630 1482 1658 Pass/tatis
1497 1627 1656 1656 inveniendi.

1015 1693 1083 1722 Cum
1102 1693 1130 1720 in
1144 1697 1308 1726 unoquoque
1322 1689 1399 1724 cyclo
1416 1686 1506 1714 lunari
1520 1684 1668 1720 plenilunia
1682 1682 1762 1710 nobis

980 1738 1071 1766 omnia
1085 1739 1221 1768 constent,
1241 1742 1302 1770 qua:
1325 1734 1354 1760 in
1370 1731 1476 1764 Martio,
1496 1734 1525 1757 et
1544 1729 1577 1757 ad
1594 1736 1650 1756 xvu
1661 1727 1763 1763 Aprilis

981 1792 1069 1819 usque
1092 1783 1279 1813 continentur,
1299 1783 1326 1807 et
1352 1777 1495 1806 Iudaicum
1520 1775 1627 1803 Pascha
1649 1774 1764 1801 demou-

981 1834 1079 1861 strant,
1100 1837 1148 1864 per
1158 1827 1320 1855 laterculum
1338 1823 1491 1860 Septizonii,
1511 1826 1540 1849 ut
1554 1826 1617 1849 ante
1632 1820 1761 1850 diximus,

980 1875 1134 1910 indaganda
1144 1878 1186 1902 est
1201 1873 1267 1900 feria
1280 1871 1374 1906 legalis
1385 1869 1538 1898 Paschatis.
1552 1866 1624 1902 quod
1645 1866 1678 1893 ad
1694 1873 1764 1901 prm-

981 1926 1085 1951 sentem
1101 1921 1172 1949 lunae
1186 1920 1291 1956 cyclum
1304 1916 1518 1950 adnotatur;cui
1534 1914 1654 1948 reliquas
1664 1913 1697 1939 ad
1711 1912 1762 1939 Do-

980 1968 1110 1996 minicam
1132 1965 1312 1994 hebdomadis
1339 1963 1420 1991 ferias
1451 1961 1599 1992 addentes,
1630 1959 1762 1985 habemus

982 2014 1083 2046 Martii,
1104 2013 1145 2040 vel
1160 2012 1262 2047 Aprilis
1275 2011 1358 2042 diem,
1378 2009 1405 2036 in
1422 2015 1502 2043 quem
1521 2010 1644 2034 nostrum
1656 2003 1762 2032 Pascha

983 2059 1175 2088 committitur.
1193 2057 1272 2084 Verbi
1294 2056 1381 2091 gratia
1395 2057 1534 2089 repetatur
1555 2051 1682 2086 superius
1696 2049 1762 2076 illud

983 2105 1146 2140 exemplum.
1173 2103 1306 2137 Quoniam
1333 2102 1406 2128 enirn
1433 2100 1467 2128 ad
1492 2100 1630 2127 ineuntem
1656 2096 1762 2132 cyclum

983 2152 1055 2178 lu’nae
1074 2150 1185 2177 tertium
1201 2157 1219 2176 ι
1232 2148 1291 2175 dies
1313 2147 1414 2181 Aprilis
1428 2145 1596 2180 adiungitur,
1614 2142 1764 2170 ostendens

982 2197 1012 2225 in
1033 2204 1095 2224 eum
1109 2196 1180 2223 diem
1204 2193 1302 2221 cadere
1324 2192 1428 2219 Pascha
1451 2188 1652 2222 Judaicum;si
1674 2187 1764 2215 eidem

983 2243 1085 2271 mensis
1100 2241 1175 2269 illius
1191 2240 1322 2267 addamus
1336 2242 1470 2273 epactam,
1493 2244 1553 2271 qua:
1567 2239 1608 2263 est
1621 2242 1644 2267 ι;
1656 2240 1763 2261 necnon

146 2290 260 2325 Πάσχαι
274 2289 436 2325 προσθέντες
447 2288 532 2324 ταύτῃ
547 2288 596 2324 τὴν
614 2287 661 2314 τοῦ
678 2286 759 2314 αὐτοῦ
780 2285 864 2321 μηνὸς
881 2286 931 2311 ὲπ-

984 2289 1138 2324 pmteritos
1156 2287 1222 2315 solis
1237 2294 1273 2313 xx
1288 2285 1380 2320 cyclos
1391 2304 1399 2317 ,
1417 2288 1444 2311 et
1464 2290 1559 2311 eorum
1584 2280 1763 2316 quadrantes,

145 2336 233 2371 ακτὴν
245 2335 270 2362 α’
293 2333 385 2367 οὖσαν,
397 2335 437 2361 ἔτι
447 2343 477 2361 τε
491 2334 553 2365 τοὺς
568 2333 749 2370 παρελθόντας
761 2332 785 2358 κ’
802 2332 930 2367 ἡλιακοὺς

145 2381 272 2413 κύκλους,
297 2381 344 2407 καὶ
357 2381 391 2407 τὰ
411 2380 512 2407 τούτων
523 2380 543 2406 δ’
559 2380 664 2415 ἡμέρας
679 2379 709 2405 ε’·
722 2378 770 2409 τὰς
784 2377 931 2413 γενομένας

145 2426 214 2462 ὁμοῦ
232 2427 336 2462 ἡμέρας
355 2426 398 2459 λς’
416 2426 575 2462 μερίσαντες
603 2422 681 2460 ποιριὲι¹
701 2425 746 2451 τὸν
758 2424 791 2457 ς’,
811 2424 861 2459 τὴν
888 2424 931 2450 ὲν-

146 2472 354 2507 απολειφθεῖσαν
362 2472 386 2499 α’
392 2473 512 2508 φήσομεν
523 2471 628 2507 ἡμέραν
636 2468 859 2506 εἱναιΚυριακὴν,
870 2469 930 2497 καθ’

146 2520 211 2555 ἡνὴ
233 2519 333 2554 δεκάτη
358 2519 403 2546 τοῦ
425 2518 563 2554 ’Λπριλίου
591 2516 751 2552 συμπίπτει.
773 2517 828 2543 Καὶ
844 2516 930 2552 ταύτῃ

147 2563 309 2599 προσθέντες
316 2563 364 2595 τὰς
371 2564 421 2599 τῆς
434 2563 532 2598 ἐφεξῆς
547 2562 690 2597 ἑϐδομάδος
706 2561 770 2597 ἄχρι
784 2562 830 2588 καὶ
846 2562 930 2596 αὐτῆς

146 2609 197 2644 τῆς
223 2609 371 2645 ἐρχομένης
397 2609 538 2644 Κυριακῆς
562 2608 669 2644 ἡμέρας
700 2607 733 2640 ζ’,
760 2607 856 2642 ἕξομεν
884 2608 930 2634 καὶ

146 2652 232 2684 οὕτως
243 2653 272 2679 τὺ
289 2653 349 2680 καθ’
367 2654 440 2688 ἡμᾶς
465 2653 540 2688 ἅγιον
556 2653 652 2688 Πάσχα
667 2654 700 2688 τῇ
721 2651 753 2684 ιζ’
770 2652 816 2678 τοῦ
836 2652 929 2679 Ἀποι-

146 2698 204 2724 λὶου
220 2698 357 2734 ἐσόμενον.

267 2757 338 2791 Περὶ
358 2756 413 2790 τῆς
437 2756 583 2791 εὑρέσεως
597 2756 651 2790 τῆς
666 2755 812 2790 ἀπόκρεω.

183 2813 233 2839 lB'.
242 2813 320 2840 Μετὰ
332 2813 360 2840 δὲ
371 2813 400 2840 τὸ
410 2814 501 2840 λαϐεῖν
513 2813 562 2850 τὴν
576 2813 624 2839 τοῦ
642 2813 724 2848 μηνὸς
740 2812 857 2848 ἡμέραν,
870 2812 898 2837 ἐν

147 2857 178 2885 τὸ
192 2859 267 2892 ἅγιον
282 2859 378 2894 Πάσχα
398 2860 557 2894 συμπίπτει,
575 2859 765 2895 προστιθέντες
784 2858 852 2892 αὐτῇ
865 2857 930 2892 ἠμέ-

150 2911 198 2941 ρας
214 2906 296 2941 τρεῖς,
322 2904 443 2940 βισέξτου
462 2905 489 2932 δὲ
507 2906 582 2937 liv-to;
596 2905 626 2937 δ’,
644 2905 806 2940 εὑρίσκομεν
820 2903 867 2931 καὶ
881 2903 929 2938 τὴν

981 2335 1041 2363 dies
1052 2343 1079 2367 ν,
1091 2341 1199 2362 summa
1214 2332 1329 2360 conﬂata
1344 2331 1449 2357 dierum
1458 2336 1550 2360 xxxvi,
1567 2327 1590 2355 si
1609 2334 1657 2361 per
1669 2333 1707 2352 vn
1721 2324 1763 2351 di-

981 2381 1100 2414 vidatur,
1115 2379 1251 2414 reliquam
1266 2377 1347 2404 faciet
1360 2375 1430 2402 diem
1440 2384 1458 2406 ι,
1468 2375 1520 2401 hoc
1531 2378 1572 2401 est
1583 2371 1762 2402 Dominicam,

982 2426 1009 2453 in
1022 2433 1103 2461 quam
1119 2423 1222 2459 Aprilis
1236 2431 1253 2449 x
1267 2421 1422 2449 conveniet.
1431 2419 1470 2446 Ad
1480 2419 1551 2445 hanc
1566 2424 1662 2445 rursus
1677 2418 1762 2442 totam

982 2471 1145 2499 addentibus
1176 2469 1366 2504 insequentem
1395 2465 1589 2492 hebdomadem
1615 2469 1702 2497 usque
1729 2460 1761 2487 ad

981 2517 1104 2552 proxime
1119 2519 1276 2549 sequentem
1293 2510 1474 2542 Dominicam,
1492 2516 1553 2544 qua:
1570 2512 1634 2536 sunt
1648 2507 1761 2537 diesvu,

981 2561 1168 2588 Christianum
1184 2558 1289 2586 Pascha
1307 2557 1385 2584 nobis
1407 2559 1545 2587 occurret,
1568 2554 1642 2589 quod
1660 2553 1762 2588 Aprilis

983 2616 1039 2635 xru
1055 2607 1205 2642 continget.

981 2753 1020 2780 De
1034 2752 1145 2779 introitu
1164 2751 1235 2778 sacri
1248 2749 1361 2785 jejunii,
1375 2751 1400 2775 ιι
1420 2746 1586 2774 abstinentia:
1597 2753 1614 2771 a
1626 2745 1760 2771 carnibus.

1018 2810 1075 2837 ΧΠ.
1096 2809 1209 2837 lnventa
1224 2808 1268 2835 die
1283 2806 1398 2838 mensis,
1424 2805 1451 2832 in
1468 2811 1548 2839 quam
1567 2801 1673 2829 Pascha
1699 2809 1763 2828 san-

982 2861 1055 2884 ctum
1070 2856 1182 2886 incidit,
1202 2859 1256 2882 tres
1273 2853 1306 2880 ad
1323 2853 1396 2879 illam
1416 2851 1474 2878 dies
1489 2849 1629 2881 addimus;
1644 2846 1762 2874 bisextili

982 2912 1045 2932 vero
1060 2911 1142 2932 anno,
1161 2911 1196 2929 l\'.
1208 2901 1257 2932 lta,
1276 2898 1398 2927 Januarii
1424 2898 1464 2926 vel
1481 2895 1622 2924 Februarii
1637 2893 1708 2921 diem
1721 2899 1764 2920 ro-
