1907 3144
96 191 173 221 1505

557 190 667 219 ISAACI
686 189 841 219 MONACHI
858 190 1043 218 COMPUTUS
1061 190 1278 219 ECCLESIAST.

1647 193 1716 221 1506

96 257 210 285 εχουσιν
232 249 337 285 ἡμέρας
359 248 396 284 ρδ¹
415 248 536 283 ἔγγιστα·
560 248 728 284 εὑρίσκονται
746 248 775 275 δὲ
796 250 824 275 ὲν
846 248 901 283 τῷ,

941 249 1067 276 laterculo
1083 249 1224 277 Paschalis
1238 249 1350 277 Judaica
1364 250 1506 278 Paschalia
1533 250 1615 278 biduo
1637 259 1717 278 exec-

97 295 218 330 κανονίῳ
240 295 287 321 τοῦ
311 295 405 330 Πάσχα
430 295 465 321 τὰ
489 294 724 330 διαλαμϐανόμενα
754 294 886 321 Ἰουδαῖκὰ

95 338 243 374 Πασχάλια
257 339 333 365 δυσὶν
353 339 469 375 ἡμέραις
493 339 672 371 πλεονάζοντα
690 339 737 374 τῆς
757 339 885 374 ἀκριὸοὖς

96 384 282 419 πανσελήνου,
303 384 340 416 ὡς
363 385 503 419 προϊόντες
525 385 558 411 δι’
576 384 736 417 ἀποδείξεως
755 385 800 411 τὸν
822 385 886 420 περὶ

94 428 196 455 τούτου
213 429 380 464 ποιησόμεθα
394 428 482 462 λόγον’
501 429 547 455 ἐὰν
562 428 611 460 τὰς
625 429 772 464 γενομένας
785 428 886 460 ταύτας

95 475 208 510 ἡμέρας
227 474 272 501 ἐπὶ
292 474 340 505 μὲν
356 474 410 500 τῶν
426 474 511 501 ἄλλων
527 475 576 509 τῆς
593 475 705 510 σελήνης
719 474 825 501 κύκλων
841 477 885 509 pg’

93 519 218 554 ἡμέρας.
233 519 248 554 ἢ
266 519 313 545 καὶ
329 518 378 554 ρξ’,
391 519 436 545 ἐπὶ
446 519 473 545 δὲ
487 519 532 545 τοῦ
546 519 587 551 ιζ’,
606 520 653 546 καὶ
670 520 713 555 ιη’,
729 520 775 546 καὶ
793 519 824 545 ιϐ’
839 519 887 546 κύ-

94 563 167 589 κλου
190 566 226 598 ps’
239 562 318 598 μόνον
332 563 435 598 ἡμέρας
450 564 678 599 προσεκϐάλωμεν
696 564 749 590 ἀπὸ
766 564 815 599 τῆς
833 563 886 599 πρὸ

93 607 149 634 τοῦ
172 608 334 643 Ὶανουαρίου
351 609 499 644 γενομένης
523 610 662 645 συνοδικῆς
688 609 825 643 συζυγίας,
846 609 885 636 δι-

93 653 191 684 δόντες
208 653 312 688 ὲκάστῳ
331 654 394 688 μηνὶ
410 654 459 685 τὰς
473 654 575 686 οἰκείας
593 655 708 690 ἡμέρας·
726 654 823 689 ἕξομεν
837 655 886 690 τὴν

92 697 259 725 τελευταίαν
275 699 380 734 ἡμέραν
395 699 598 734 καταλήγουσαν
611 701 651 732 εἰς
662 701 710 735 τὴν
721 700 885 735 πανσέληνον

95 744 232 778 συζυγίαν
249 744 295 770 τοῦ
317 744 457 771 Ἰουδαϊκοῦ
474 745 578 779 Πάσχα·
593 746 626 780 ἢν
641 746 687 771 καὶ
700 745 743 772 διὰ
758 745 803 772 τοῦ
819 746 887 781 ἡμε-

96 789 258 825 ροευρεσίου
278 790 402 825 εὑρόντες
413 790 492 816 ὁποία
507 790 548 821 τίς
567 791 624 817 ἐστι
639 790 692 817 τῶν
706 791 755 826 τῆς
769 791 884 827 ἑϐδομά-

93 836 146 867 δος
157 835 278 871 ἡμερῶν,
298 836 346 867 τὰς
362 836 456 866 λοιπὰς
473 836 635 871 προσθέντες
651 837 713 872 ἄχρι
727 837 776 871 τῆς
786 838 886 873 Κυρια-

93 882 164 917 κῆς,
185 881 279 917 ἕξομεν
296 883 342 908 καὶ
363 881 392 908 τὸ
411 882 542 917 ἡμέτερον
564 882 640 916 ἃγιον
660 882 755 917 Πάσχα
771 883 799 908 ὲν
821 884 885 918 ποία

93 926 178 953 ἔσται
187 926 241 952 τῶν
252 926 297 953 τοῦ
309 926 429 963 Μαρτίου
442 927 523 961 μηνὸς
532 927 548 962 ἢ
558 927 602 953 τοῦ
618 927 753 962 Ἀπριλίου
765 928 883 963 ἡμερῶν.
902 925 923 952 Β

138 973 198 1008 Χρὴ
211 973 300 1007 μέντοι
317 973 362 999 καὶ
374 973 452 999 τοῦτο
470 973 577 1004 εἰδέναι,
589 973 626 1004 ὼς
636 973 682 999 ἐπὶ
695 973 740 999 τοῦ
755 973 775 999 ε’
791 974 838 1000 καὶ
851 974 888 1006 ις’

95 1019 202 1046 κύκλου
208 1019 256 1054 τῆς
269 1019 381 1054 σελήνης
391 1019 439 1054 οὐχ
447 1020 461 1045 ὁ
473 1019 637 1055 προρρηθεὶς
646 1019 762 1054 ἀριθμὸς
774 1019 827 1046 τῶν
841 1023 887 1056 ρς’

95 1064 229 1100 ἡμερῶν,
247 1065 263 1099 ἢ
280 1064 326 1091 καὶ
343 1063 383 1100 ρξ’
398 1065 542 1098 συνάγεται
557 1064 600 1090 διὰ
619 1066 668 1099 τῆς
687 1064 740 1090 τῶν
761 1065 886 1092 ἐπακτῶν

96 1109 300 1140 ὲπισυνθέσεως
322 1109 389 1144 μετὰ
408 1109 461 1135 τῶν
482 1107 581 1134 λοιπῶν
596 1109 635 1139 εἰς
649 1108 682 1135 τὰ
698 1108 816 1143 ἑπόμενα
833 1118 887 1144 μη-

96 1155 164 1182 νῶν·
183 1155 240 1181 ἀλλ’
255 1155 300 1181 ἐπὶ
317 1154 365 1189 μὲν
378 1153 424 1180 τοῦ
442 1157 462 1180 ε’
477 1154 576 1180 κύκλου
592 1153 662 1189 ρλς¹,
678 1154 722 1179 ἐπὶ
741 1154 769 1180 δὲ
786 1154 832 1180 τοῦ
850 1150 888 1187 ις’

97 1201 158 1237 ρλζ¹
171 1201 215 1228 διὰ
227 1201 272 1228 τὸν
287 1200 406 1236 βίσεξτον
418 1200 532 1235 ἀριθμὸν
545 1200 698 1234 συνάγεται·
711 1196 749 1227 ὧν
758 1200 889 1235 ἀνθυφαι-

97 1247 235 1284 ρουμένου
257 1246 500 1283 τριακονθημέρου,
520 1248 534 1273 ὁ
549 1246 641 1277 λοιπὸς
655 1246 771 1281 ἀριθμὸς
785 1248 824 1278 εἰς
840 1246 888 1282 τὴν

96 1293 186 1328 αὐτὴν
203 1293 338 1327 ποσότητα
351 1293 407 1323 τοῖς
424 1293 451 1318 ὲν
467 1293 523 1323 τοῖς
539 1291 642 1322 λοιποῖς
655 1291 763 1323 κύκλοις
778 1291 828 1326 τῆς
843 1300 887 1319 σε-

95 1338 186 1374 λήνης
201 1338 367 1373 περαίνεται.

137 1383 197 1410 ’Ίνα
209 1384 235 1410 δὲ
252 1384 298 1410 καὶ
316 1384 362 1409 ἐπὶ
380 1383 577 1417 ὑποδείγματος
600 1382 704 1418 φανερὰ
724 1382 835 1418 γένηται
853 1383 888 1410 τὰ

96 1430 244 1466 εἰρημένα,
260 1429 319 1457 ἐπεὶ
340 1429 411 1456 κατὰ
429 1429 477 1464 τὴν
494 1429 579 1465 ἀρχὴν
599 1428 645 1455 τοῦ
664 1430 692 1455 ὲν
710 1429 748 1464 τῷ
761 1429 888 1457 ἐνεστῶτι

96 1477 190 1512 χρόνῳ
210 1475 383 1511 Ἰανουαρίου,
405 1475 497 1510 τρίτου
520 1474 618 1500 κύκλου
642 1474 755 1510 σελήνης
773 1475 890 1510 ἀρχομέ-

96 1530 159 1554 νου,
182 1520 297 1548 ὲπακταί
314 1522 381 1547 εἰσιν
398 1524 434 1553 ς’·
455 1519 581 1555 φανερὸν,
602 1519 640 1551 ὡς
658 1520 711 1555 πρὸ
731 1519 760 1552 ἒξ
780 1520 888 1555 ἡμερῶν

94 1566 149 1593 τοῦ
172 1566 333 1602 Ίανουαρίου
351 1566 461 1600 γέγονεν
476 1567 492 1601 ἡ
510 1566 625 1600 συζυγία
642 1565 775 1601 συνοδική”
795 1565 841 1600 ἀφ’
855 1563 889 1601 ἧς

94 1611 302 1646 ἀριθμήσαντες
315 1610 421 1646 ἡμέρας
437 1614 491 1645 ρς’,
506 1610 552 1637 καὶ
566 1609 811 1645 προσεκϐάλλοντες
824 1611 888 1637 ταύ-

94 1667 152 1691 τας
165 1659 218 1685 ἀπὸ
229 1659 278 1693 τῆς
289 1658 416 1694 τοιαύτης
428 1658 546 1690 συνόδου,
558 1659 657 1690 αἵτινες
670 1658 824 1693 περιέχουσι
839 1658 889 1691 τάς

95 1713 132 1731 τε
156 1703 208 1739 πρὸ
228 1703 274 1730 τοῦ
298 1703 461 1739 Ἰανουαρίου
478 1703 515 1735 ς’,
532 1703 580 1729 καὶ
598 1703 645 1734 τὶις
667 1702 748 1729 αὑτοῦ
765 1702 812 1729 τοῦ
836 1703 888 1729 Ἰα-

96 1750 228 1785 νουαρίου
247 1749 302 1781 λα’,
323 1749 362 1776 ἔτι
381 1758 410 1775 τε
430 1749 610 1784 Φεϐρουαρίου
631 1748 684 1784 κη’,
703 1748 749 1775 καὶ
767 1748 888 1784 Μαρτίου

96 1797 154 1828 λα’,
182 1795 229 1822 καί
259 1795 395 1830 Ἀπριλίου
420 1798 446 1826 ι’,
471 1794 632 1829 εὑρίσκομεν
657 1793 706 1828 τὴν
733 1793 888 1819 τελευταίαν

96 1843 209 1878 ἡμέραν
226 1842 265 1873 εἰς
278 1842 327 1877 τὴν
344 1844 358 1868 ι’
379 1840 425 1867 τοῦ
457 1840 593 1875 Ἀπριλίου
618 1839 816 1874 ἐμπίπτουσαν,
841 1839 888 1865 καὶ

97 1888 270 1923 πανσέληνον
286 1885 367 1914 οὖσαν
385 1886 492 1922 ἡμέραν
512 1884 656 1912 Ἰουδαῖκοῦ
674 1884 779 1919 Πάσχα·
797 1885 830 1919 ἢν
843 1884 889 1910 καὶ

97 1935 146 1962 διὰ
158 1935 204 1961 τοῦ
218 1932 427 1970 ἡμεροευρεσίου
442 1931 566 1968 εὑρόντες
581 1930 686 1966 ἡμέραν
701 1928 782 1956 οὖσαν
798 1939 889 1965 παρα-

937 294 1004 321 dunt
1026 299 1154 322 accurata
1180 296 1340 330 plcnilunia,
1376 297 1602 331 quemadmodum
1624 301 1717 332 postea

937 345 1012 366 certa
1039 341 1146 368 ratione
1172 341 1447 370 demonstrabimus:
1469 342 1491 369 si
1503 343 1631 370 collectos
1657 343 1717 369 illos

937 385 994 414 dies
1026 394 1139 414 numero
1152 394 1196 414 cvr
1220 387 1248 414 in
1275 388 1382 416 caeteris
1410 389 1550 416 lunaribus
1564 389 1658 424 cyclis,
1671 394 1718 417 aut

936 438 990 458 cvu
1019 438 1082 458 cum
1102 432 1237 459 bisextilis
1270 439 1358 460 annus
1388 433 1501 466 incidit;
1518 433 1544 460 in
1559 433 1642 468 cyclis
1655 442 1718 461 vero

937 484 1004 508 xvn,
1019 484 1084 504 xvut
1099 482 1126 504 et
1142 485 1199 509 xxx,
1217 479 1406 506 tantummodo
1422 486 1465 510 cv,
1479 487 1493 506 a
1505 479 1608 514 synodo
1629 480 1717 507 lunari

937 521 1097 548 Januariutn
1111 523 1286 550 antecedente
1301 524 1494 558 producamus,
1519 529 1546 551 et
1572 525 1719 559 unicuique

937 566 1024 593 mensi
1057 572 1240 602 competentes
1273 569 1453 597 attribuamus
1477 570 1550 602 dies,
1583 575 1718 604 postrema

938 612 1015 639 nobis
1035 613 1063 639 in
1086 613 1262 647 plenilunium
1276 615 1406 645 incurret,
1418 615 1490 650 quod
1504 620 1545 643 est
1553 614 1657 642 Pascha
1670 615 1719 642 Ju—

937 657 1062 690 daicum;
1077 665 1158 693 quatit
1176 659 1202 686 in
1220 659 1351 686 laterculo
1367 660 1595 695 feriaritnhquam
1612 661 1638 687 in
1653 661 1719 688 beb-

936 702 1060 730 domadis
1079 702 1158 729 cadat
1187 703 1275 736 diem,
1299 704 1513 739 investigantes,
1535 705 1647 739 reliquis
1683 704 1718 731 ad

938 748 1104 776 Dominicam
1132 757 1218 784 usque
1250 749 1360 782 additis,
1385 755 1588 777 sacrosanctum
1615 749 1717 777 Pascha

936 798 1070 826 nostrum,
1085 802 1139 829 quo
1155 794 1244 822 Martii
1256 795 1297 822 vel
1310 794 1408 829 Aprilis
1423 795 1465 822 die
1474 795 1622 830 contingat,
1634 795 1732 822 extrir

938 840 1074 867 cabimus.

975 979 1120 1008 Sciendqu
1133 985 1222 1009 tamen
1233 985 1275 1009 est
1289 981 1316 1009 in
1334 990 1349 1009 ν
1361 982 1401 1009 vel
1416 990 1460 1010 xvr
1473 982 1550 1017 cyclo
1570 983 1651 1014 lunae,
1666 989 1718 1008 rtu-

938 1033 1042 1052 merum
1057 1027 1132 1053 illum
1147 1033 1201 1059 CVI,
1218 1027 1274 1054 sive
1297 1034 1350 1054 cm
1369 1027 1475 1055 dierum
1494 1028 1605 1055 minime
1628 1028 1718 1062 colligi

937 1077 970 1097 ex
982 1074 1138 1105 epactarum
1154 1078 1185 1098 ac
1205 1072 1372 1106 reliquorum
1387 1072 1484 1099 ordine
1500 1072 1634 1099 mensium
1647 1071 1720 1098 addi-

938 1110 1010 1143 t'ionc
1027 1125 1033 1144 :
1047 1115 1095 1143 sed
1111 1117 1137 1143 in
1153 1125 1168 1144 v
1182 1117 1269 1152 cyclo,
1280 1124 1377 1144 cxxxvt
1387 1126 1395 1150 ;
1406 1117 1434 1143 in
1449 1117 1526 1152 cyclo
1538 1125 1594 1148 xvi,
1609 1121 1721 1152 propter

938 1161 1082 1193 bisextum,
1097 1168 1206 1188 cxxxvn
1217 1161 1276 1189 dies
1293 1161 1405 1189 conﬂari
1421 1171 1429 1189 :
1448 1162 1482 1189 de
1505 1162 1604 1197 quibus
1619 1161 1720 1190 subdu-

938 1207 992 1234 ctis
1007 1215 1071 1238 xxx,
1087 1208 1214 1235 residuus
1229 1215 1358 1235 numerus
1379 1208 1413 1234 ad
1431 1208 1564 1241 eamdem,
1584 1212 1665 1242 atque
1691 1208 1717 1234 in

938 1252 1043 1280 emeris
1054 1252 1124 1279 lunm
1137 1253 1234 1288 cyclis,
1253 1261 1386 1280 summam
1403 1253 1544 1288 redigitur.

974 1381 1038 1415 Quae
1058 1386 1088 1408 ut
1111 1382 1237 1416 exemplo
1266 1382 1380 1409 clariora
1412 1381 1487 1414 ﬁant,
1515 1381 1642 1417 quoniam
1668 1381 1720 1407 hoc

938 1435 1022 1459 anno,
1036 1428 1146 1455 ineunte
1157 1427 1288 1455 Januario
1303 1428 1406 1462 pariter
1421 1435 1453 1454 ac
1461 1427 1618 1463 cyclolunae
1629 1426 1718 1457 tertio,

938 1478 1040 1508 epacta:
1059 1478 1122 1500 sunt
1137 1481 1173 1507 vt,
1192 1474 1303 1500 evidens
1328 1479 1370 1500 est
1382 1473 1503 1500 lunarem
1519 1472 1650 1508 synodum
1665 1471 1719 1498 Ka-

939 1519 1034 1547 lendas
1048 1519 1193 1547 Januarias
1209 1527 1257 1547 sex
1271 1519 1368 1546 diebus
1398 1519 1590 1546 antecessisse.
1622 1517 1663 1544 Ab
1688 1525 1720 1544 ea

940 1565 1044 1600 synodo
1057 1565 1220 1600 computatis
1236 1564 1332 1591 diebus
1348 1571 1403 1596 CVI,
1422 1567 1448 1591 et
1465 1564 1583 1591 indidem
1600 1563 1720 1598 explica-

901 1607 921 1635 C
939 1610 983 1641 tis.
998 1618 1058 1645 quae
1087 1610 1197 1645 quidem
1225 1609 1376 1636 conﬂantur
1392 1617 1424 1636 ex
1453 1609 1549 1636 diebus
1563 1617 1589 1634 vr
1600 1612 1662 1635 ante
1672 1607 1719 1634 Ja-

937 1656 1076 1687 nuarium,
1105 1658 1131 1682 et
1162 1663 1224 1682 xxxt
1254 1654 1388 1687 Januarii,
1406 1662 1438 1680 at:
1464 1653 1606 1680 Februarii
1622 1661 1718 1685 xxvul,

938 1701 1026 1728 Martii
1051 1709 1124 1732 χχιιι,
1140 1700 1279 1736 etAprilis
1296 1709 1323 1733 x,
1343 1700 1466 1726 ultimam
1483 1700 1588 1727 dierum
1606 1699 1720 1726 istarum

938 1747 1035 1774 cadere
1051 1746 1284 1782 dept‘eltcudemus
1313 1745 1340 1772 in
1355 1754 1371 1772 ιι
1387 1745 1499 1780 Aprilis.
1517 1753 1577 1779 qua:
1591 1747 1618 1770 et
1634 1743 1720 1778 pleni-

938 1791 1041 1818 lunium
1060 1793 1121 1824 erit,
1140 1790 1323 1818 acJudaicum
1339 1790 1452 1818 Pascha.
1468 1790 1555 1825 Hujus
1579 1797 1612 1817 ex
1636 1790 1720 1816 later-

938 1836 1000 1863 culo
1017 1836 1125 1863 inveuta
1151 1837 1230 1869 feria,
1261 1844 1322 1871 qua:
1340 1840 1382 1864 est
1406 1836 1567 1867 Parasceve,
1589 1838 1720 1869 sequente

937 1881 1077 1909 Dominica
1093 1886 1301 1909 sacrosanctum
1315 1881 1421 1909 Pascha
1435 1886 1558 1909 nostrum
1582 1879 1719 1908 obtinebi-

937 1936 1008 1959 mus,
1027 1935 1124 1963 nempe
1137 1928 1239 1963 Aprilis
1252 1935 1301 1955 xu.

99 1979 220 2014 σκευὴν,
239 1976 335 2012 ἕξομεν
349 1976 395 2002 καὶ
418 1975 448 2002 τὺ
467 1975 527 2002 καθ’
541 1975 614 2011 ἡμᾶς
637 1974 713 2008 ἆγιον
733 1973 828 2009 Πάσχα
846 1975 879 2009 τῇ
899 1972 997 2008 ἐφεξῆς
1010 1973 1134 2008 Κυριακῇ
1150 1972 1318 2007 τελούμενον,
1336 1973 1419 2007 ἤγουν
1442 1973 1475 2008 τῇ
1493 1971 1525 2007 ιβ’
1548 1971 1596 1998 τοῦ
1625 1971 1719 2006 Ἀπρι-

99 2025 162 2052 λίου
179 2024 272 2060 μηνός.

150 2084 221 2118 Περὶ
236 2083 290 2117 τῆς
304 2083 446 2116 νηστείας
458 2081 518 2108 τῶν
532 2082 625 2116 ἁγίων·
636 2082 836 2110 ’Δποστόλωιπ

137 2139 190 2166 ιι).
209 2139 271 2165 Ἐπὶ
283 2137 386 2169 τούτοις
397 2137 517 2172 καὶπερὶ
528 2137 576 2172 τῆς
589 2137 641 2172 πρὸ
653 2137 702 2172 τῆς
716 2138 824 2172 μνήμης
834 2137 887 2163 τῶν

100 2186 190 2220 ἁγίων
209 2183 374 2210 Ἀποστόλων
382 2182 544 2217 τελουμένης
557 2182 681 2217 νηστείας
691 2182 799 2218 μέθοδον
810 2183 889 2218 ἐκθή-

1060 2077 1099 2104 Da
1107 2078 1209 2113 jejunio
1223 2083 1373 2105 sanctorum
1392 2078 1586 2111 Apostolorum.

976 2135 1033 2162 XV.
1046 2135 1109 2162 Post
1119 2135 1281 2169 haecjejunii
1295 2143 1413 2170 quoque,
1430 2135 1501 2170 quod
1519 2139 1581 2162 ante
1612 2139 1720 2162 saneto-

940 2189 999 2208 rum
1014 2182 1198 2216 apostolorum
1214 2181 1372 2208 memoriam
1389 2181 1487 2216 agitur.
1505 2181 1660 2208 methodutn
1674 2189 1721 2208 ex—

100 2238 187 2265 σομεν
203 2229 246 2255 διὰ
260 2228 441 2263 λογικωτέρας
463 2227 634 2259 ἀποδείξεως,
656 2227 769 2262 ἔχουσαν
791 2227 886 2260 οὕτως.

941 2235 1074 2262 ponemus
1102 2227 1200 2254 rationi
1226 2234 1257 2253 ac
1280 2226 1502 2254 demonstrationi
1526 2228 1627 2254 certius
1651 2227 1721 2254 iniii-

106 2275 187 2302 Ἐπεὶ
205 2274 251 2301 ἀπ’
265 2273 350 2309 αὐτῆς
374 2274 422 2308 τῆς
446 2273 525 2307 ἁγίας
546 2273 592 2299 καὶ
608 2273 735 2308 λαμπρᾶς
746 2273 888 2309 Κυριακῆς

98 2322 149 2348 τοῦ
168 2321 261 2356 Πάσχα
277 2320 356 2355 μέχρι
369 2320 414 2346 καὶ
426 2320 509 2354 αὐτῆς
522 2320 572 2354 τῆς
585 2319 638 2345 τῶν
657 2320 741 2353 ἁγίων
763 2320 890 2345 ’Λποστό-

98 2368 157 2393 λων
166 2367 316 2402 Κυριακῆς,
328 2366 360 2400 ἢν
369 2365 416 2391 καὶ
428 2364 555 2400 ἀπόκρεω
566 2364 640 2390 ποιοῦ
646 2372 694 2399 μεν
705 2364 748 2391 διὰ
759 2364 807 2400 τὴν
819 2365 890 2400 εἰρη-

101 2413 188 2449 μένην
200 2412 253 2438 τῶν
275 2411 358 2446 ἁγίων
377 2411 543 2438 Ἀποστόλων
562 2410 697 2446 νηστείαν,
714 2411 773 2437 ὅσαι
788 2411 888 2446 ἡμέραι

98 2459 172 2485 εἰσὶν
187 2458 250 2492 (εἰσὶ
266 2457 294 2483 δὲ
311 2457 375 2492 νζί),
393 2456 519 2483 τοσαῦταί
538 2457 589 2482 είσι
603 2457 649 2482 καὶ
663 2456 716 2482 ἀπὸ
729 2457 778 2492 τῆς
794 2457 888 2492 τρίτης

98 2504 149 2532 τοῦ
162 2504 251 2530 Μαΐου
266 2503 328 2538 ἄχρι
344 2503 392 2537 τῆς
411 2502 454 2538 κη’
474 2501 520 2528 τοῦ
542 2501 661 2533 Ἰουνίου,
677 2501 736 2527 καθ’
753 2502 786 2536 ἣν
802 2503 819 2536 ἡ
834 2511 889 2529 τοι·

99 2549 172 2584 αὐτη
189 2548 394 2584 συμπληροῦται
404 2547 522 2582 νηστεία·
536 2547 582 2573 ἐὰν
593 2547 677 2578 αὐτὰς
690 2547 737 2573 ἀπ’
746 2548 829 2582 αὐτῆς
839 2547 888 2582 τῆς

97 2594 196 2629 τρίτης
208 2593 254 2620 τοῦ
263 2593 350 2620 Μαΐου
362 2594 423 2629 ἄχρι
437 2593 487 2628 τῆς
497 2593 638 2628 Κυριακῆς
650 2592 703 2618 τῶν
711 2592 807 2626 ’Λγίων
822 2593 888 2619 πάν-

100 2649 157 2667 των
170 2640 260 2671 κοινὰς
270 2639 351 2670 οὔσας
362 2639 513 2674 ἀφέλωμεν,
529 2639 577 2670 τὰς
593 2638 826 2673 καταλειφθείσας,
837 2639 887 2671 τάς

99 2695 128 2713 τε
138 2685 257 2721 δηλονότι
265 2686 311 2712 ἀπ’
323 2685 405 2719 αὐτῆς
412 2685 462 2718 τῆς
468 2685 595 2720 λαμπρᾶς
602 2685 742 2720 Κυριακῆς
753 2684 832 2720 μέχρι
840 2685 886 2711 καὶ

99 2731 153 2765 τῆς
168 2731 261 2765 τρίτης
274 2730 321 2757 τοῦ
330 2732 426 2759 Μαΐου,
439 2731 541 2761 καὶτὰς
552 2730 599 2756 ἀπ’
608 2730 694 2765 ἀρχῆς
703 2729 752 2764 τῆς
762 2730 887 2766 τοιαύτης

101 2775 228 2811 νηστείας
240 2776 303 2812 ἄχρι
318 2776 366 2811 τῆς
380 2776 420 2802 κθ¹
431 2775 477 2802 τοῦ
499 2775 617 2808 Ἰουνίου,
635 2775 694 2806 ἴσας
707 2774 813 2810 ἕξομεν.

155 2845 195 2867 Ᾰιὸ
216 2848 298 2872 λαμπρᾶς
330 2845 369 2868 ixi
379 2851 410 2871 τῆς
421 2847 437 2874 γ’
451 2851 483 2868 τοῦ
494 2849 553 2868 Maio»
584 2845 623 2868 ιὶκὸ
667 2851 698 2872 τῆς
731 2851 822 2873 κωμικῆς

129 2880 145 2900 Α
155 2881 244 2902 Κυνικῆς
265 2879 296 2903 iw;
307 2881 318 2898 Π
326 2879 356 2902 ἶσος
389 2882 420 2902 τῆς
463 2881 550 2904 Κυνικῆς
564 2882 576 2899 Γ
586 2883 622 2899 τῶν
656 2875 712 2904 irim
753 2881 822 2898 πάντων
834 2882 846 2899 Δ

157 2910 217 2930 Ιιὲνι
231 2910 252 2934 ί’.
332 2914 366 2929 ιὶιν
388 2906 444 2936 lxi-rt
467 2912 546 2930 πάντων.
586 2911 617 2934 im;
628 2908 698 2934 hic-1'
710 2913 742 2930 n5
759 2905 835 2930 ῘςιννιιιυΔ

940 2281 1012 2301 xam.
1030 2274 1097 2301 Cum
1112 2274 1182 2300 enim
1202 2281 1216 2299 a
1230 2277 1323 2300 sancta
1338 2277 1364 2300 et
1385 2277 1498 2308 augusta
1508 2273 1646 2301 Pascliatis
1670 2273 1723 2300 Do-

940 2320 1050 2353 minica,
1066 2320 1098 2346 ad
1112 2325 1266 2347 sanctorum
1278 2319 1470 2353 Apostolorum
1498 2320 1676 2351 Dominicam.
1694 2320 1721 2347 in

940 2373 992 2400 qua
1018 2369 1129 2401 propter
1153 2365 1262 2392 illorum
1288 2365 1423 2399 jejunium
1453 2366 1534 2392 etiam
1557 2375 1571 2392 a
1592 2366 1721 2392 carnibus

939 2411 1120 2443 abstinemus,
1136 2416 1202 2446 quot
1217 2415 1281 2438 sunt
1302 2411 1360 2438 dies
1375 2411 1450 2446 (sunt
1474 2416 1563 2438 anteiit
1578 2413 1653 2446 Lvn),
1670 2416 1722 2438 tot-

938 2459 1010 2486 idem
1034 2467 1049 2485 a
1064 2467 1094 2486 tu
1116 2458 1177 2485 Maii
1199 2458 1233 2485 ad
1261 2466 1345 2485 xxvut
1361 2457 1434 2485 Junii
1453 2463 1592 2493 putantur.
1608 2467 1662 2494 quo
1677 2459 1721 2486 die

936 2506 1071 2541 jejuniqu
1089 2505 1163 2533 istud
1176 2505 1318 2533 terminari
1336 2505 1405 2532 solet
1422 2513 1428 2530 :
1447 2505 1469 2532 si
1489 2513 1657 2532 communem
1671 2513 1721 2532 nu-

939 2560 1040 2579 merum
1056 2553 1158 2579 dierum
1173 2559 1187 2577 ει
1207 2559 1236 2578 ιιι
1247 2550 1318 2582 Maii.
1331 2550 1364 2576 ad
1379 2550 1544 2577 Dominicam
1558 2550 1720 2578 Sanctorum

937 2597 1057 2624 omnium
1071 2597 1273 2628 abstulerimus,
1283 2601 1425 2631 utramque
1433 2596 1537 2623 dierum
1554 2596 1720 2630 reliquorum

937 2650 1082 2674 summam,
1109 2648 1165 2670 tam
1189 2643 1234 2678 qui
1258 2642 1291 2669 ab
1317 2647 1430 2676 augusta
1456 2642 1500 2668 illa
1521 2641 1661 2668 Dominica
1687 2642 1720 2669 ad

937 2695 967 2714 ιιι
984 2687 1044 2713 Maii
1058 2689 1202 2722 pertinent,
1233 2695 1313 2722 quam
1337 2686 1382 2721 qui
1400 2687 1433 2713 ab
1458 2686 1535 2714 initio
1555 2685 1720 2719 jejunioruui

937 2733 969 2760 ad
991 2741 1053 2760 xxlx
1075 2733 1261 2768 Junii,parem
1279 2738 1305 2761 et
1324 2733 1453 2768 mqualem
1471 2732 1639 2759 habebimus.

1006 2853 1019 2869 α
1032 2846 1156 2871 Dominica
1218 2854 1230 2871 ιι
1243 2847 1257 2870 3
1271 2847 1325 2872 Maii
1338 2847 1366 2872 ad
1380 2846 1428 2870 Do-
1493 2852 1505 2868 a
1519 2843 1645 2869 Dominica

966 2875 985 2901 Α
997 2876 1155 2903 PasuhaadS
1179 2877 1198 2902 Β
1221 2879 1333 2902 minicam
1367 2884 1418 2901 om-
1434 2876 1452 2901 C
1473 2875 1616 2900 S’anctoruln
1624 2872 1703 2897 om~D

997 2906 1052 2933 Maii
1212 2909 1279 2933 nium
1288 2909 1430 2934 Sanctorum
1470 2908 1537 2932 nium
1545 2906 1574 2931 ad
1583 2903 1678 2937 28_Jun.
