1907 3144
247 169 317 198 i507

248 280 304 299 Lvu
331 271 438 300 dierum
463 272 583 304 illorum,
609 280 655 308 qui
674 280 688 299 a
703 272 828 301 Paschali
843 273 983 301 Dominica
998 274 1032 301 ad

253 317 422 345 Dominicam
451 321 610 345 sanctorum
636 319 829 354 Apostolorum
855 323 883 347 et
910 321 1031 348 omnium

250 363 415 390 Sanctorum
444 363 579 398 interiecti
602 369 676 396 sunt,
706 373 755 400 pro
771 373 825 392 LVII
843 373 908 393 vero
927 366 999 398 aliis,
1016 373 1031 392 a

249 416 280 436 ιιι
290 407 351 435 Maii
367 408 400 435 ad
415 416 502 435 xxvui
515 407 600 440 Junii,
616 409 652 436 sit
664 414 740 436 recta
752 409 806 436 BD.
823 409 955 443 Quoniam
968 418 1032 445 ergo

249 462 311 489 qua:
322 453 466 481 intervallo
483 461 499 480 a
514 454 576 481 Maii
597 462 637 488 ιιι,
651 455 685 482 ad
693 455 862 482 Dominicam
875 460 1032 483 sanctorqu

248 500 371 528 omnium
389 500 546 534 respondet,
571 499 623 533 BC,
642 501 795 528 communis
810 504 852 528 est
869 508 875 526 :
893 502 916 528 si
932 501 966 528 ab
983 508 1032 528 ex-

248 545 343 573 tremis
356 545 506 577 auferatur,
526 553 697 580 consequens
719 550 761 573 est
780 551 882 573 rectam
907 546 962 579 AB,
979 547 1032 574 hoc

246 595 290 619 est
299 591 470 618 intervallum
483 598 496 617 a
507 590 646 618 Dominica
660 591 771 618 Pascha:
779 592 860 628 204
868 592 901 618 ad
915 600 946 619 ιιι
955 591 1029 625 Maii,

247 636 378 671 aqualem
389 643 450 665 esse
465 641 547 664 rectae
563 636 619 668 CD,
635 637 693 664 sive
708 637 851 664 intervallo
862 645 876 664 a
891 637 1032 665 Dominica

249 681 414 709 Sanctorum
425 682 547 708 omnium
563 682 597 709 ad
611 690 697 709 xxvni
710 681 808 715 Junii,.
820 683 847 710 in
866 691 920 718 qua
934 683 1031 718 jejunii

248 728 383 756 terminus
396 731 438 755 est
454 736 460 753 ε
477 727 587 755 inventa
602 727 646 755 die
659 729 772 760 mensis,
788 729 815 755 in
830 736 911 763 quam
928 730 1031 758 incidet

222 786 231 797 η
248 773 364 806 Pascha,
379 773 402 801 si
416 773 475 800 dies
488 777 677 808 computemus
690 774 724 801 ab
734 775 828 801 eadem
843 774 983 803 Dominica
997 776 1030 802 ad

250 826 279 845 ιιι
293 818 366 850 Maii,
383 818 497 846 totidem
523 818 684 847 habebimus
710 823 867 847 sanctorum
884 820 1030 856 Apostolo-

250 872 309 891 rum
321 864 427 899 jejunio
442 864 600 900 praeﬁnitas.

747 170 919 198 APPENDIX
936 170 982 197 AD
998 169 1130 198 EUSEBII
1147 168 1354 199 CHRONICON.

285 226 327 254 Sit
351 227 424 254 enim
449 227 476 254 in
501 226 552 254 hoc
572 226 767 262 diagrammate
783 232 857 256 recta
875 228 920 255 AB
947 229 1033 256 instar
1046 231 1069 258 Α

1782 170 1825 198 Ιῦίιϐ

1120 228 1209 255 Ἔστω
1223 228 1277 264 γὰρ
1292 229 1351 255 ἀντὶ
1369 227 1418 263 μὲν
1432 227 1485 253 τῶν
1499 225 1538 258 νζ*
1553 226 1666 262 ἡμερῶν
1677 226 1728 252 τῶν
1740 227 1783 253 ἀπὸ
1794 230 1825 263 τῆς

1081 274 1209 310 λαμπρᾶς
1219 274 1361 310 Κυριακῆς
1379 274 1443 309 ἄχρι
1463 264 1509 300 καὶ
1522 273 1575 301 τῶν
1591 274 1678 307 ἁγίων
1697 274 1824 301 Ἀποστῶων

1081 320 1128 346 καὶ
1147 321 1254 346 πάντων
1269 319 1411 354 Κυριακῆς
1424 321 1440 355 ἡ
1454 319 1504 345 AB'
1524 319 1625 346 εὐθεῖα”
1642 319 1699 346 ἀντὶ
1714 319 1739 346 δὲ
1752 320 1824 352 τῶνις

1080 365 1192 401 ἡμερῶν
1209 365 1338 397 ὡσαύτως
1352 365 1391 401 τῷ
1407 365 1461 392 ἀπὸ
1475 365 1524 399 τῆς
1534 366 1630 400 τρίτης
1642 365 1688 391 τοῦ
1701 366 1774 392 Μαΐου
1783 367 1823 402 ἄχρι

1081 410 1128 436 καὶ
1142 410 1191 445 τῆς
1207 409 1251 445 κη’
1267 409 1314 436 τοῦ
1336 409 1445 436 Ἰουνίου
1462 410 1478 445 ἡ
1491 409 1547 436 ΓΔ’,
1566 409 1623 435 Καὶ
1640 410 1700 436 ἐπεὶ
1713 411 1727 445 ἡ
1743 411 1785 436 ἀπὸ
1793 412 1823 445 τῆς

1081 455 1175 491 τρίτης
1191 455 1237 481 τοῦ
1250 455 1338 481 Μαΐου
1353 455 1415 490 ἄχρι
1431 455 1478 482 καὶ
1489 455 1538 491 τῆς
1551 456 1695 490 Κυριακῆς
1704 456 1823 490 τῶνἋγᾶιιν

1081 500 1189 526 πάντων
1200 501 1276 536 κοινὴ
1290 501 1373 527 ἐστιν’
1385 501 1578 536 ἀφαιρεθείσης
1588 501 1690 536 ταύτης
1698 502 1745 528 τῶν
1753 502 1822 537 ἄκρων,

1081 545 1203 573 λείπεται
1217 547 1233 581 ἡ
1245 546 1300 574 AI".
1313 546 1450 573 τουτέστιν
1467 547 1547 582 ἡὰπὸ
1560 547 1610 582 τῆς
1624 546 1745 582 λαμπρᾶς
1752 548 1823 583 Κυρια-

1081 591 1131 625 κῆς
1140 591 1202 626 ἄχρι
1215 591 1320 627 καὶτῆς
1329 591 1353 626 γ’
1366 592 1413 618 τοῦ
1420 592 1519 624 Μαΐου,
1533 592 1576 627 ἴση
1589 590 1660 618 εἶναι
1671 594 1702 627 τῇ
1713 593 1761 624 BA’,
1771 602 1822 619 τοπ-

1081 637 1138 664 έστι
1151 639 1185 673 τῇ
1198 637 1251 663 ἀπὸ
1264 637 1314 672 τῆς
1326 638 1467 673 Κυριακῆς
1479 637 1534 663 τῶν
1554 637 1653 671 ’Δγίων
1668 637 1768 669 πάντων,
1781 639 1821 673 ἄχρι

1081 681 1128 707 καὶ
1146 681 1195 716 τῆς
1209 681 1251 717 κη’
1265 681 1311 707 τοῦ
1334 681 1453 713 Ἰουνίου,
1474 681 1534 708 καθ’
1551 682 1585 716 ἦν
1604 682 1662 707 ἐστι
1679 682 1707 708 τὸ
1720 682 1779 713 τέλος
1789 683 1820 716 τῆς

1081 727 1219 762 νηστείας·
1232 726 1301 761 μετὰ
1314 725 1345 752 τὸ
1355 726 1446 761 εὑρεῖν
1457 726 1506 761 τὴν
1515 726 1623 761 ἡμέραν
1638 726 1683 752 τοῦ
1698 727 1768 762 μηνὸς
1781 728 1820 754 καθ’

1080 772 1114 808 ἣν
1128 772 1203 798 ἔσται
1218 771 1248 798 τὸ
1267 771 1373 806 Πάσχα,
1388 771 1592 807 ἀριθμήσαντες
1603 772 1664 798 ὅσαι
1679 773 1764 807 ἡμέραι
1776 774 1820 798 εἰςιν

1080 818 1127 845 ἀπ’
1139 818 1223 852 αὐτῆς
1236 817 1299 853 ἄχρι
1311 817 1358 843 καὶ
1369 817 1420 852 τῆς
1433 817 1479 843 τοῦ
1492 818 1581 843 Μαΐου
1596 818 1699 852 τρίτης,
1709 818 1751 850 τὰς
1758 819 1821 844 τοπά-

1080 872 1130 894 τας
1143 863 1239 898 ἕξομεν
1253 863 1300 889 τοῦ
1317 862 1435 898 πλήθους
1453 863 1508 890 τῶν
1525 864 1638 898 ἡμερῶν
1650 865 1697 900 τῆς
1710 864 1754 890 τῶν
1764 865 1819 898 ἁγίων

1045 900 1067 927 Β
1090 908 1256 935 ’Δποστὸλων
1271 909 1406 944 νηστείας.

250 962 288 990 De
299 963 458 990 correctione
474 963 625 998 Paschatis,
640 965 709 992 alias
737 965 770 993 de
783 966 907 994 laterculi
917 967 1029 1002 defectu.

284 1041 295 1056 '
304 1040 373 1068 XVI.
384 1041 417 1068 Et
429 1041 487 1069 haec
495 1042 603 1077 quidem
616 1044 692 1070 satis.
704 1044 745 1072 Ab
759 1045 801 1073 his
809 1050 898 1073 autem
910 1047 1031 1081 proxime

249 1088 435 1114 necessarium
451 1093 502 1120 εει,
518 1089 662 1116 ostendere
672 1097 795 1123 causam,
818 1099 868 1118 cur
883 1100 970 1119 canon
987 1093 1032 1121 ille

250 1132 393 1160 Paschalis
408 1141 463 1161 non
476 1138 535 1161 tuto
545 1134 635 1162 editus
648 1139 706 1163 est:
721 1139 748 1163 et
761 1140 852 1164 utrum
875 1138 911 1164 ila
927 1146 942 1164 a
957 1138 1032 1173 prin-

248 1179 322 1214 cipio
335 1179 424 1207 editus
437 1179 528 1213 fuerit,
548 1189 650 1215 necne;
673 1182 736 1210 item
747 1184 855 1211 cumita
867 1185 913 1216 sit,
922 1185 1031 1219 quando

249 1225 388 1260 contingat
398 1224 502 1253 Pascha
522 1233 537 1252 a
554 1227 632 1254 nobis
647 1227 699 1254 rite
719 1228 860 1261 celebrari,
880 1235 907 1256 et
922 1231 1031 1265 quando

249 1270 284 1297 ab
297 1274 391 1297 exacta
403 1270 494 1305 regula
510 1270 609 1298 deﬁcit.
619 1271 731 1305 Horum,
743 1281 803 1308 quae
813 1273 941 1306 diximus,
958 1277 1031 1303 nulla

249 1316 302 1343 alia
316 1324 397 1344 causa
415 1320 468 1350 est,
483 1321 582 1352 praeter
593 1325 673 1352 quam
688 1319 761 1354 quod
775 1320 845 1347 luna:
860 1321 893 1348 ad
905 1322 1030 1349 eumdem

249 1363 339 1390 locum
357 1370 405 1397 per
425 1363 519 1391 decem
535 1368 562 1391 et
580 1371 677 1391 novem
701 1373 787 1393 annos
798 1365 934 1394 Romanos
960 1368 1031 1395 redi-

250 1413 295 1436 tus
309 1417 364 1436 non
379 1413 474 1437 exacte
497 1417 512 1436 a
527 1409 606 1437 nobis
621 1414 777 1445 assumptus
790 1415 842 1445 est,
855 1412 1032 1447 quemadmo-

250 1455 317 1482 dum
333 1456 360 1483 in
372 1463 502 1490 processu
523 1464 571 1491 per
587 1456 667 1483 aliam
696 1461 846 1493 temporum
875 1460 1031 1487 conversio-

249 1508 312 1528 nem
329 1501 514 1534 ostendemus,
544 1509 605 1538 quae
625 1509 672 1536 per
698 1510 786 1530 annos
801 1504 1030 1540 vigintiquinque

249 1545 425 1580 [Egyptiacos
456 1546 495 1577 lit.
527 1551 554 1574 et
582 1555 634 1582 qua
655 1548 787 1576 mirabilis
811 1548 972 1578 Ptolemteus
1002 1550 1064 1597 inc

250 1599 332 1626 opere
347 1593 560 1620 constructionis
573 1601 640 1621 usus
655 1598 707 1627 est,
724 1594 795 1621 facta
809 1595 950 1630 utriusque
962 1604 1029 1624 con-

250 1639 385 1666 versionis
400 1639 470 1666 inter
484 1647 514 1667 se
537 1640 750 1675 comparatione.
772 1640 968 1675 Comparamus
982 1650 1030 1670 au-

251 1687 306 1711 tem
317 1687 366 1712 sic.
379 1683 654 1713 Decemnovennalem
668 1686 736 1712 lunae
749 1688 952 1715 conversionem
964 1696 1031 1723 qua-

251 1729 410 1764 druplamus
422 1729 505 1765 (quod
530 1737 578 1764 per
593 1730 801 1764 quadriennium
822 1738 909 1759 annus
929 1731 1029 1762 Roma-

251 1783 304 1803 nus
315 1783 348 1803 ex
357 1775 539 1810 quadrantum
554 1777 714 1804 diurnorum
731 1778 889 1805 accessione
902 1779 1031 1807 restitua-

249 1820 316 1855 tur).
336 1820 374 1847 lta
389 1820 455 1847 ﬁunt
466 1821 530 1847 anni
543 1820 658 1848 Romani
672 1829 763 1848 Lxxv1.
779 1822 933 1857 Triplamus
948 1824 1029 1851 etiam

250 1866 345 1894 eodem
365 1866 445 1893 modo
460 1866 556 1901 viginti
570 1866 689 1901 quinque
707 1874 839 1894 annorum
853 1867 1030 1904 Egyptiaco-

250 1919 312 1940 rum
331 1912 458 1946 lustrum,
474 1916 500 1938 et
517 1912 581 1939 facit
598 1919 685 1940 annos
698 1920 777 1941 Lxxv.
796 1912 849 1940 Hos
863 1921 932 1940 Lxxv
945 1914 1029 1950 Egy-

251 1957 356 1993 ptiacos
383 1966 470 1986 annos
496 1961 592 1985 exacta
623 1958 693 1985 luna:
723 1959 860 1986 restitutio
893 1961 1031 1988 antevonit

250 2003 386 2039 scrupulis
406 2004 511 2031 diurnis
543 2004 726 2039 sexagenariis
754 2005 788 2036 8',
805 2004 864 2032 21".
881 2005 949 2038 Quia
966 2014 1030 2034 vero

252 2057 333 2077 Lxxvt
349 2050 413 2077 anni
437 2049 552 2077 Romani
567 2058 637 2077 Lxxv
652 2058 738 2078 annos
761 2050 936 2086 Egyptiacos
950 2059 1030 2087 supe-

250 2100 313 2124 rant
331 2097 428 2125 diebus
444 2105 604 2130 cccuxxtv,
620 2098 674 2125 illis
689 2098 712 2125 si
727 2097 908 2132 adjecerimus
924 2099 1030 2133 portio-

249 2151 312 2171 nem
333 2143 457 2170 diurnam
476 2144 508 2170 de
521 2148 617 2171 exacta
645 2145 715 2171 lunae
740 2145 929 2177 conversione.
953 2154 1031 2173 scru-

250 2188 315 2223 pula
327 2188 361 2221 8’,
377 2187 436 2221 21",
457 2191 484 2215 et
509 2188 543 2215 dc
570 2188 695 2216 conﬂatis
717 2188 813 2216 diebus
842 2189 904 2222 584,
921 2190 954 2224 8’,
969 2190 1029 2224 2i",

250 2233 446 2261 deduxerimus
458 2235 591 2261 mensium
607 2234 737 2262 tredecim
752 2234 890 2262 lunarium
912 2235 970 2263 dies
986 2244 1031 2271 ap-

250 2280 380 2316 pendices
391 2280 453 2312 585,
467 2280 518 2312 55',
598 2291 604 2308 :
625 2281 786 2308 habebimus
813 2286 935 2309 exactam
961 2282 1032 2311 lunae

249 2325 460 2358 restitutionem,
477 2333 530 2360 qua
540 2326 801 2354 decemnoveunales
818 2331 936 2361 quatuor
950 2329 1032 2356 orbes

250 2372 390 2400 Romanos
405 2373 542 2400 antevenit
554 2373 690 2408 scrupulis
704 2373 809 2401 diurnis
826 2373 876 2406 Μ’,
895 2373 956 2406 29¹¹,
971 2382 1032 2410 qua:

248 2417 358 2454 quidem
373 2421 415 2445 est
426 2418 514 2453 portio
525 2417 577 2445 diei
591 2418 680 2444 minor
695 2417 857 2452 quadrante.
873 2417 926 2446 Sed
944 2417 1031 2445 inter-

251 2472 284 2493 ea
313 2468 372 2492 esto
388 2463 528 2500 quadrans
544 2463 611 2490 fere.
640 2462 669 2489 In
696 2469 814 2498 quatuor
846 2471 910 2498 ergo
938 2463 1033 2492 lustris

250 2510 421 2546 septuaginta
434 2517 481 2537 sex
494 2515 639 2538 annorum,
656 2508 707 2534 hoc
721 2511 764 2535 est
780 2507 807 2534 in
823 2509 953 2536 trecentis
965 2516 1032 2543 qua-

249 2563 310 2586 tuor
325 2557 402 2585 annis
416 2555 557 2586 Romanis,
571 2561 632 2588 quae
644 2561 691 2588 per
709 2552 794 2582 denos
810 2562 931 2582 novenos
945 2562 1032 2582 annos

248 2603 279 2632 ﬁt
295 2602 434 2631 restitutio
449 2608 503 2628 non
528 2604 634 2632 exacta,
649 2604 759 2634 superat
772 2600 974 2628 exactissimam
989 2600 1033 2627 die

249 2653 305 2672 uno
321 2645 438 2678 integro.
455 2643 543 2677 Atque
557 2641 660 2669 idcirco
676 2641 754 2669 facile
763 2641 928 2677 deprehendi
943 2646 1032 2677 potest

249 2698 384 2719 canonem
401 2689 574 2717 deiicientem
592 2688 673 2715 hodie
686 2688 792 2716 duabus
806 2688 903 2716 diebus
918 2695 933 2715 a
950 2688 1033 2722 pleni-

251 2738 327 2764 lunio
341 2736 447 2763 Pascha
458 2734 564 2763 Judaici
575 2739 638 2762 ante
647 2734 690 2762 bis
710 2737 847 2761 trecentos
858 2737 976 2768 quatuor
987 2741 1032 2760 an-

250 2791 301 2811 nos
314 2783 451 2810 ltomanos
470 2785 657 2810 constructum
686 2780 779 2808 fuisse.
794 2779 896 2812 Quodsi
912 2779 1030 2807 Pascha-

1081 965 1152 999 Περὶ
1176 963 1235 1000 τῆς
1251 964 1304 991 τοῦ
1317 963 1433 1000 indum
1454 965 1654 998 διορθώσεως,
1675 966 1759 999 ἄλλως
1776 968 1818 1000 περὶ

1204 998 1259 1032 τῆς
1277 999 1329 1025 τοῦ
1347 1000 1488 1026 κανονίου
1507 1002 1731 1035 σφαλερότητος.

1116 1044 1177 1078 lq’.
1200 1045 1256 1071 Καὶ
1277 1045 1363 1071 ταῦτα
1387 1046 1436 1080 μὲν
1461 1046 1570 1077 ἱκανῶςσ
1593 1047 1689 1081 ἐφεξῆς
1707 1048 1731 1074 δὲ
1748 1047 1818 1078 τούτοις

1081 1091 1227 1125 ἀναγκαῖον
1243 1091 1328 1124 δεῖξαι
1339 1091 1389 1126 τήν
1402 1099 1432 1117 τε
1445 1091 1534 1118 αἰτίαν
1550 1092 1598 1118 τοῦ
1618 1093 1745 1128 σφαλερῶς
1758 1095 1817 1119 ἐκκεῖ-

1083 1136 1143 1162 σθαι
1161 1136 1192 1162 τὸ
1212 1136 1354 1171 εἰρημένον
1378 1136 1430 1163 τῶν
1446 1137 1608 1171 Πασχαλίων
1629 1138 1746 1168 κανονιον,
1762 1138 1817 1164 nisi

1081 1181 1128 1208 ἀπ’
1145 1181 1231 1216 ἀρχῆς
1251 1181 1337 1212 οὕτως
1358 1181 1487 1214 ἔκκειται,
1507 1181 1563 1207 εἴτε
1587 1183 1633 1208 καὶ
1649 1182 1694 1217 μή·
1706 1182 1818 1213 suam

1080 1227 1166 1259 οὓτως
1183 1227 1303 1262 ἔχοντος,
1327 1227 1391 1253 πότε
1410 1227 1553 1262 συμϐαίνει
1574 1228 1661 1263 ὀρθῶς
1678 1227 1785 1254 τελεῖσθαι
1798 1230 1816 1252 τι

1080 1273 1176 1307 Πάσχα
1196 1273 1240 1306 ὑφ’
1262 1272 1350 1308 ἡμῶν·
1374 1272 1438 1298 πότε
1462 1273 1490 1298 δὲ
1505 1273 1555 1307 τῆς
1575 1272 1698 1308 ἀκριϐοῦς
1715 1272 1816 1298 ἐκπίπτειν

1080 1318 1234 1354 ὀρθότητος,
1255 1317 1287 1344 Ἡ
1308 1318 1356 1353 μὲν
1374 1316 1419 1344 οὖν
1433 1317 1507 1344 αἰτία
1521 1317 1576 1345 τῶν
1591 1318 1711 1345 τοιούτων
1724 1319 1763 1344 οὐκ
1774 1317 1816 1351 ἄλλη

1080 1364 1120 1395 τίς
1135 1365 1222 1397 ἐστιν,
1240 1365 1263 1390 εί
1285 1363 1322 1399 μὴ
1339 1363 1379 1390 ὅτι
1392 1365 1409 1399 ἡ
1425 1363 1470 1390 διὰ
1482 1363 1535 1390 τῶν
1554 1364 1588 1390 ιϐ’
1610 1364 1752 1399 Ῥωμαϊκῶν
1766 1364 1815 1392 ἐτῶν,

1080 1410 1126 1442 οὒς
1140 1410 1187 1436 καὶ
1201 1409 1374 1444 σεληνιακοὺς
1387 1410 1503 1441 κύκλους
1516 1410 1662 1446 καλοῦμεν,
1674 1410 1777 1445 γινομένη
1786 1409 1816 1442 τῆς

1081 1455 1196 1490 σελήνης
1220 1455 1454 1487 ἀποκατάστασις,
1480 1456 1529 1481 οὐκ
1551 1455 1609 1482 ἔστι
1633 1455 1697 1482 κατὰ
1715 1455 1740 1481 τὸ
1759 1454 1815 1486 πάντη

1080 1500 1192 1536 ἀκριϐὲς
1202 1501 1259 1536 είλη
1265 1500 1363 1536 μμένη·
1379 1501 1416 1532 ὡς
1430 1501 1571 1536 προϊόντες
1585 1501 1699 1536 δείξομεν
1713 1500 1740 1527 δι’
1753 1499 1815 1533 ἑτέρας

1080 1547 1208 1582 χρονικῆς
1221 1546 1467 1578 ἀποκαταστάσεως
1486 1547 1536 1582 τῆς
1559 1548 1604 1574 διὰ
1624 1552 1660 1574 κε’
1672 1545 1815 1580 Αἰγυπτιακῶν

1083 1593 1151 1619 ἐτῶν
1174 1592 1244 1619 κατά
1266 1592 1295 1618 τὸ
1317 1593 1510 1628 ἀκριϐέστερον
1532 1594 1682 1629 γινομένης,
1699 1591 1755 1630 ᾗτινι
1771 1591 1814 1617 xaio‘

1082 1639 1132 1666 θαυ
1138 1640 1234 1674 μάσιος
1245 1639 1380 1674 ἐχρήσατο
1387 1640 1551 1674 Πτολεμαῖος
1561 1641 1590 1667 ὲν
1598 1642 1629 1676 τῇ
1638 1640 1682 1675 τῆς
1688 1633 1814 1669 Συντάξετιῒ

1083 1685 1269 1721 πραγματείᾳ,
1288 1685 1481 1720 συγκρίναψτες
1496 1685 1599 1717 ταύτας
1615 1685 1737 1720 ἀλλήλαις.
1751 1681 1813 1708 [loni-

1084 1739 1132 1766 μεν
1146 1730 1174 1756 δὲ
1192 1730 1241 1766 τὴν
1258 1729 1400 1765 σύγκρισιν
1421 1730 1501 1756 οὕτω·
1521 1729 1770 1766 Τετραπλασιάζομεν
1784 1727 1813 1760 τὴν

1083 1776 1336 1812 ἐννεαδεκαετηρίδα
1347 1777 1396 1811 τῆς
1407 1776 1528 1812 σελήνης,
1539 1778 1588 1804 καὶ
1597 1777 1706 1811 γίνονται
1716 1772 1813 1809 Ῥωμαῐιὶ

1083 1821 1129 1857 ἔτη
1146 1821 1199 1853 ος¹·
1217 1821 1446 1857 τριπλασιάζομεν
1459 1822 1480 1848 δ’
1494 1823 1623 1854 ὡσαύτως
1639 1823 1680 1849 καὶ
1693 1822 1733 1856 τὴν
1748 1821 1813 1846 512m-

1083 1867 1277 1902 πενταετηρίδα
1290 1867 1344 1893 τῶν
1357 1868 1559 1901 Αἰγυπτιακῶν,
1574 1868 1620 1894 καὶ
1632 1869 1696 1894 ποιεῖ
1704 1866 1741 1893 οε’.
1753 1863 1813 1890 Ταῦτα

1082 1912 1110 1938 δὲ
1123 1912 1158 1939 τὰ
1169 1912 1204 1938 os’
1217 1912 1387 1946 Αἰγυπτιακά
1399 1912 1444 1948 ἐτη
1461 1913 1643 1948 προλαμϐάνει
1653 1914 1668 1948 ἡ
1678 1908 1812 1946 ἀκριὸεστάτη

1082 1957 1270 1993 τῆς·σελὴνης
1291 1958 1511 1990 ἀποκατάστασις
1534 1959 1683 1994 ἐξηκοστοῖς
1701 1956 1782 1992 ἡμέρας
1797 1952 1812 1987 ι’

1083 2003 1142 2030 καη.
1166 2003 1241 2029 Ἐπεὶ
1260 2003 1288 2029 δὲ
1305 2004 1352 2030 καὶ
1370 2003 1403 2029 τά
1424 2004 1466 2036 ος¹
1485 2004 1625 2039 Ῥωμαῖκά
1638 2004 1680 2038 ἔτη
1694 2002 1738 2028 τῶν
1749 1999 1812 2026 οενΔί·

1082 2047 1240 2080 γυπτιακῶν
1262 2047 1439 2083 ὑπερέχουσιν
1461 2048 1579 2084 ἡμέραις
1598 2049 1661 2081 τπδ’,
1682 2047 1771 2075 ταύταις
1783 2043 1812 2068 é‘rt

1083 2091 1245 2126 προσθῶμεν
1263 2092 1297 2118 τὰ
1317 2092 1370 2118 ἀπὸ
1388 2094 1437 2128 τῆς
1460 2093 1652 2128 ἀκριϐεστάτης
1670 2087 1811 2118 ἀποκαταστά-

1084 2144 1152 2168 σεως
1165 2136 1190 2172 η’
1206 2136 1266 2170 κα¹’,
1279 2137 1326 2163 καὶ
1341 2137 1394 2164 τῶν
1414 2139 1566 2173 γενομένων
1581 2138 1636 2164 τπδ’
1652 2136 1744 2173 ἡμερῶν
1754 2131 1811 2169 η’κεί

1084 2182 1226 2218 ἀφέλωμεν
1243 2182 1504 2218 τρισκαιδεκάμηνον
1518 2184 1642 2215 ὲπουσίας
1657 2181 1749 2218 ἡμερῶν
1758 2178 1811 2211 σελή-

1084 2237 1132 2264 νης
1144 2231 1215 2263 τπγ¹,
1228 2229 1279 2263 νγ¹,
1288 2229 1343 2264 νβ””
1359 2230 1454 2265 ἕξομεν
1468 2230 1516 2265 τὴν
1529 2230 1627 2266 ἀκριϐῆ
1642 2227 1812 2256 ἀποκατάστασιν

1082 2274 1132 2310 τῆς
1146 2274 1269 2310 σελήνης,
1288 2275 1529 2311 προλαμϐάνουσαν
1547 2276 1595 2312 τὴν
1612 2275 1651 2302 διὰ
1667 2275 1712 2301 τῶν
1724 2270 1810 2298 ἐννεαδε·

1083 2320 1249 2355 καετηρίδων
1264 2319 1416 2355 ἐξηκοστοῐς
1429 2321 1536 2356 ἡμέρας
1550 2320 1582 2352 o',
1597 2320 1635 2352 ιδ’,
1648 2318 1765 2351 κθ”,ἀπερ
1775 2313 1810 2340 Em

1085 2365 1167 2401 μέρος
1190 2366 1295 2400 ἡμέρας
1315 2365 1425 2392 ἔλασσον
1442 2366 1458 2401 ἢ
1477 2366 1498 2392 δ’
1501 2386 1507 2392 .
1526 2367 1599 2398 Τέως
1616 2366 1678 2392 ἔστω
1691 2364 1710 2391 δ’
1721 2363 1808 2396 ἔγγιστα·

1083 2411 1165 2438 Ὥστε
1179 2411 1208 2437 ὲν
1219 2411 1256 2437 ’ἴδ’
1279 2411 1441 2446 Ῥωμαϊκοῖς
1455 2412 1541 2438 ἔτεσιν
1552 2413 1568 2447 ἡ
1584 2412 1625 2438 διὰ
1634 2411 1682 2437 τῶν
1694 2407 1809 2435 ἐννεαδεκα·

1082 2457 1212 2492 ετηρίδων
1236 2457 1456 2488 ἀποκατάστασις
1485 2458 1522 2494 μὴ
1551 2456 1658 2493 ἀκριϐὴς
1677 2453 1762 2488 ὑστερεῖ
1776 2449 1808 2483 τῆς

1083 2502 1284 2538 ἀκριϐεστάτης
1297 2503 1387 2538 ἡμέρᾳ
1403 2503 1492 2538 τελείᾳ
1506 2503 1539 2530 α’.
1558 2503 1610 2530 Καὶ
1626 2502 1665 2529 διὰ
1681 2499 1744 2527 τοῦτο
1754 2497 1808 2523 εὐκα-

1083 2549 1213 2584 τανόητον
1226 2549 1312 2580 ἔσται.
1331 2549 1372 2576 ὅτι
1385 2549 1416 2575 τὸ
1429 2550 1550 2576 κανόνιον
1565 2549 1636 2576 δυσὶν
1648 2547 1744 2583 ἡμέραις
1755 2540 1806 2569 έκπί·

1084 2605 1150 2622 πτον
1161 2597 1211 2631 τῆς
1224 2595 1293 2622 κατά
1306 2594 1341 2622 τὰ
1357 2595 1487 2623 Ἰουδαῖκά
1498 2596 1632 2631 Πασχάλια
1642 2587 1805 2636 πανσελήνωκῇ

1083 2641 1189 2677 ἡμέρας
1200 2643 1228 2668 ὲν
1238 2643 1292 2673 τοῖς
1305 2642 1352 2669 νῦν
1365 2642 1482 2677 χρόνοις,
1496 2643 1546 2677 πρὸ
1556 2642 1591 2669 τδ¹
1599 2642 1609 2657 ⁶
1620 2636 1751 2674 Ῥωμαϊκῶν
1760 2635 1805 2682 Et!”

1088 2687 1211 2722 συνέστη.
1229 2687 1308 2714 Ἀλλά
1320 2688 1367 2714 καὶ
1377 2687 1455 2723 είπερ
1467 2689 1483 2723 ἡ
1498 2687 1550 2714 τῶν
1560 2685 1702 2721 Πασχαλίων
1711 2683 1803 2710 πανπλη-

1085 2732 1166 2768 νιακὴ
1188 2733 1277 2769 ἡμέρα
1301 2733 1348 2768 τὴν
1372 2733 1470 2769 ἀκριϐῆ
1495 2734 1584 2769 ἐδήλου
1608 2732 1656 2758 τῶν
1677 2725 1801 2769 πανσελῆνίδῗί

1083 2779 1167 2814 ὥραν,
1188 2780 1295 2814 εἴχομεν
1310 2779 1342 2805 ἂν
1359 2779 1469 2805 δυνατὸν
1484 2777 1673 2812 ἐπιλογίσασθαι
1683 2773 1719 2800 καὶ
1730 2771 1758 2797 ἔτι
1769 2765 1800 2800 πθ)

286 2859 296 2875 ¹
313 2858 396 2893 Hujus
410 2860 502 2895 capitis
520 2859 639 2887 Latinam
654 2859 794 2886 versionem
808 2856 967 2893 «Scaligero
983 2857 1079 2885 editam
1090 2858 1235 2893 posuimus.
1271 2857 1407 2893 “Scaliger
1423 2857 1461 2884 bis
1477 2857 1526 2885 504
1542 2856 1606 2892 legit.
