1907 3144
90 175 104 202 1
111 175 164 204 309

547 175 660 204 ISAACI
679 175 832 204 MONACHI
851 175 1040 204 COMPUTUS
1063 174 1281 203 ECCLESIAST.

1637 177 1709 205 1510

89 231 185 258 πόσων
207 231 275 257 ὲτῶν
291 231 321 257 τὸ
342 231 459 259 τοιοῦτον
480 240 601 259 κανονιον
624 233 748 267 συνέστη.
767 233 839 264 Τέως
853 233 874 259 δ’
890 257 894 264 ,

938 233 993 260 ium
1008 233 1219 268 pleniluniorum
1235 233 1294 260 dies
1319 232 1522 260 exactissimum
1554 233 1709 264 ostenderet

90 278 140 304 ἵνα
155 277 263 312 γνῶμεν
282 278 352 313 μετὰ
373 278 443 304 πόσα
460 278 506 314 ἐτη
525 278 572 305 τοῦ
590 279 722 314 παρόντος
735 279 836 305 τέλειαι
854 279 876 313 β’

90 323 197 359 ἡμέραι
211 323 458 360 άπαρτισθήσονται
475 326 502 351 αἱ
517 327 566 361 τῆς
576 326 718 361 ἀκριϐείας
731 326 877 352 ἐκπίπτου-

92 377 150 401 σαι,
164 370 328 405 ἐποιήσαμεν
338 370 508 406 ψηφοφορίαν
519 371 735 407 πανσεληνιακῆς
749 371 877 405 συζυγίας

98 415 246 442 Ἰουδαϊκοῦ
264 416 360 451 Πάσχα
377 417 580 453 παρακειμένου
594 417 633 452 τῷ
651 417 778 444 ἐνεστῶτι
794 418 878 453 τρίτῳ

91 460 188 494 κύκλῳ
199 460 248 495 τῆς
262 460 384 496 σελήνης,
403 461 416 487 ι’
429 461 476 487 τοῦ
497 461 634 496 Ἀπριλίου
650 461 879 497 καταγεγραμμέ-

91 514 146 541 νην
160 505 276 541 εχοντος.
294 506 414 543 Εὖρομεν
430 507 458 533 δὲ
473 507 575 543 ταύτην
589 507 772 533 ἐκπίπτουσαν
792 506 836 533 διὰ
849 507 879 533 τὸ

93 551 136 587 μὴ
151 551 273 587 ἀκριϐὲς,
288 552 325 583 ὡς
340 552 455 588 εἴρηται,
477 560 528 587 της
545 553 802 584 ἀποκαταστάσεως,
849 551 880 578 τὸ

92 596 219 623 κανόνιον
232 596 342 631 χρῆται,
364 597 404 628 είς
421 598 470 632 τὴν
487 597 511 632 η’
532 597 578 623 τοῦ
599 597 680 624 αὐτοῦ
705 598 788 633 μηνὸς
811 597 880 632 μετὰ

92 642 170 678 ὧρας
183 651 256 678 τρεις
276 642 434 678 ἰσημερινὰς
450 643 499 678 τῆς
514 644 574 670 κατ’
591 643 674 679 αὐτὴν
690 643 820 679 ἀνατολῆς
833 644 879 670 τοῦ

93 688 184 723 ἡλίου.
205 689 280 715 Ἐπεὶ
297 687 343 716 οὖν
358 689 385 715 αἱ
404 690 478 724 τρεῖς
494 685 563 724 ὧραι
583 689 740 724 ἰοημεριναὶ
756 689 780 724 η’
799 689 881 725 μέρος

93 734 150 760 εἰσὶ
169 734 215 761 τοῦ
238 734 447 769 ἡμερονυκτίου,
470 733 517 760 ὲὰν
538 734 569 760 τὸ
587 734 641 761 τῶν
665 733 826 769 Ῥωμαϊκῶν
844 734 881 760 τδ¹

93 780 165 806 ἐτῶν
189 779 235 814 (ὲν
256 777 296 811 οἷς
315 779 509 815 ἡμερονύκτιον
531 780 632 807 τέλειον
658 780 843 816 προλαμϐάνει
864 781 881 815 ἡ

92 826 214 862 άκριῦὴς
229 826 448 857 ἀποκατάστασις
460 825 508 861 τὴν
524 826 568 853 διὰ
584 826 630 853 τὸν
646 826 881 862 ὲννεαδεκαετηρί-

91 870 149 897 δων
163 871 199 906 μὴ
210 871 324 906 ἀκριϐῆ)
345 871 375 897 τὸ
387 871 412 906 η’
422 871 559 906 λάϐωμεν,
572 872 586 898 ὅ
597 873 669 898 ἐστιν
681 872 728 906 ἔτη
743 872 882 908 Ῥωμαϊκὰ

92 916 148 952 λη’·
165 916 261 952 ἕξομεν
281 916 340 952 μεθ’
355 917 405 943 ὅσα
428 917 476 952 μὲν
493 916 539 952 ἔτη
556 917 602 943 τοῦ
619 917 765 948 ἐνεστῶτος
781 917 881 943 τέλειαι

93 962 204 989 ἔσονται
217 961 317 997 ἡμέραι
331 961 352 997 β’
365 962 392 988 αι
404 962 453 996 τῆς
466 962 606 998 ἀκριϐείας
619 962 809 989 ἐκπίπτουσαι·
824 963 882 997 μετ’

95 1008 206 1043 ἐκείνην
218 1008 246 1034 δὲ
258 1008 308 1043 τὴν
323 1008 544 1035 ἀποκατάστασιν
557 1008 638 1035 πάλιν
648 1008 758 1043 ἄρξεται
769 1008 815 1034 καὶ
827 1008 884 1034 ἑτέ-

97 1062 150 1089 ρας
169 1054 274 1089 ήμέρας
296 1053 377 1089 μόρια
396 1054 625 1090 προλαμϐάνεινὴ
643 1054 758 1090 ἀκριϐὴς
778 1055 826 1090 τὴν
846 1054 882 1090 μὴ

96 1099 212 1135 ἀκριϐῆ.
229 1099 266 1126 Τὸ
281 1099 351 1134 μετὰ
366 1099 406 1135 λη’
420 1100 448 1126 δὲ
471 1099 518 1135 ἔτη
537 1099 584 1126 τοῦ
605 1100 737 1135 παρόντος
756 1099 831 1125 ἔσται
853 1099 884 1125 τὸ

98 1144 188 1178 5%:0’
204 1144 273 1176 ἔτος,
286 1145 342 1171 Καὶ
355 1146 379 1171 εἰ
396 1144 445 1180 μὲν
461 1144 530 1172 κατὰ
545 1144 596 1180 τὴν
615 1144 689 1180 παρὰ
702 1145 759 1175 τοῖς
777 1144 883 1176 πολλοῖς

97 1190 300 1226 ἐπικρατοῦσαν
320 1189 398 1222 δόξαν
418 1190 612 1225 συμπλήρωσις
625 1189 701 1216 ἔσται
719 1189 765 1215 τοῦ
784 1189 884 1221 παντὸς

97 1236 173 1262 κατὰ
203 1235 252 1271 τὴν
276 1235 323 1261 τοῦ
348 1235 371 1267 ,ζ
396 1234 471 1266 ἑτους
499 1234 712 1270 συμπλήρωσιν,
741 1234 883 1269 περίεργον

98 1281 177 1308 ἔσται
193 1281 283 1317 ζητεῖν
297 1281 419 1317 διορθοῦν
430 1282 479 1316 τὴν
488 1281 537 1316 τῆς
548 1281 661 1316 σελήνης
681 1280 790 1315 μέθοδον
805 1279 882 1312 ἑτῶν,

100 1329 183 1364 μόνον
203 1328 247 1354 πα¹
265 1327 562 1363 καταλειφθησομὲνων,
580 1327 609 1353 ὲν
626 1324 666 1358 οἷς
679 1327 719 1353 δεῖ
732 1328 764 1362 τῇ
785 1326 885 1362 μεθόδῳ

97 1374 189 1410 ταύτῃ
200 1374 268 1410 μετὰ
279 1373 446 1410 διορθώσεως
456 1373 584 1410 χρῆσθαι,
600 1373 734 1408 μηδεμιᾶς
747 1373 884 1407 ἀξιολόγου

99 1420 288 1456 γενησομένης
301 1419 431 1455 διαφορᾶς
447 1420 475 1446 ὲν
491 1420 546 1451 τοῖς
561 1419 714 1454 εἰρημένοις
731 1418 775 1445 πα¹
787 1418 883 1450 ἐτεσιν,

100 1467 125 1493 ει
143 1467 178 1501 τῇ
197 1465 350 1501 ἀδιορθώτῳ
371 1465 489 1500 ἐχρῶντο
504 1464 608 1500 μεθόδῳ
621 1465 645 1490 οἱ
659 1464 719 1490 τότε
736 1464 884 1500 περιόντεςο

100 1511 125 1538 εί
141 1511 181 1544 δὲ,
195 1510 265 1538 καθὰ
276 1511 349 1537 δοκεῖ
360 1519 431 1537 τισιν
445 1510 545 1542 ἄλλοις,
561 1510 686 1546 ἀόριστον
699 1507 768 1536 εἶναι
779 1509 824 1536 τὸν
837 1510 886 1545 τῆς

928 278 1128 313 oppositionum
1145 282 1262 312 tempus,
1274 284 1416 313 possemus
1429 278 1583 305 accuratius
1597 279 1709 306 ratioci-

928 323 988 349 nari
1001 326 1064 350 ante
1080 326 1146 357 quot
1156 330 1244 350 annos
1255 323 1318 349 talis
1333 329 1421 350 canon
1435 323 1604 358 compositus
1617 323 1707 351 fuerit.

928 368 1032 395 Interea
1047 373 1138 395 tamen
1153 372 1183 394 ιιι
1207 375 1404 403 cognoscamus
1418 373 1480 403 post
1504 373 1570 403 (ιιιοῐ
1586 377 1672 397 annos
1693 378 1709 396 a

929 415 1057 449 praesenti
1070 414 1183 449 integra:
1193 414 1252 442 dies
1265 414 1335 446 dum,
1356 422 1416 450 quae
1430 415 1588 442 desciscunt
1600 415 1634 442 ab
1645 423 1710 442 exa-

929 461 1012 493 mine,
1031 461 1253 488 consummanda:
1276 461 1342 490 sint.
1372 461 1513 496 plenilunii
1543 460 1648 488 Pascha
1664 461 1710 488 Ju-

930 505 1001 532 daici
1015 506 1142 540 praesenti
1154 506 1230 541 cyclo
1244 505 1371 541 appositi,
1387 505 1460 540 quod
1475 506 1610 533 decimam
1630 507 1711 541 Apri-

929 551 964 579 lis
976 551 1046 579 diem
1061 551 1207 586 ascriptam
1224 551 1315 584 habet,
1342 551 1475 579 rationem
1504 552 1643 579 inivimus.
1659 551 1712 579 De-

931 597 1125 632 prehendimus
1140 601 1241 629 autem,
1256 601 1366 632 propter
1395 605 1448 624 non
1484 602 1650 631 accuratam,
1681 601 1712 624 ut

931 644 1034 671 dictum
1055 647 1107 676 est,
1133 643 1323 670 conversionis
1351 643 1456 683 lunaris
1487 643 1631 674 rationem,
1656 650 1711 677 qua

931 697 1019 716 canon
1030 690 1127 721 utitur,
1139 688 1293 716 desciscere
1305 689 1332 715 in
1341 693 1464 715 octavam
1475 688 1575 723 Aprilis
1588 693 1649 724 post
1662 688 1713 716 ho-

931 743 976 762 ras
990 739 1047 762 tres
1061 734 1263 770 aequinoctiales
1283 734 1317 762 ab
1333 739 1395 761 ortu
1414 734 1491 766 solis,
1509 734 1556 768 qui
1574 734 1601 760 in
1617 733 1710 761 eadem

932 781 976 810 die
988 781 1112 816 contigit.
1141 779 1211 812 Quia
1227 788 1292 807 vero
1320 783 1377 807 tres
1405 780 1479 807 hora:
1507 779 1713 814 zequinoctiales

932 830 996 855 sunt
1006 830 1100 854 octava
1109 834 1172 861 pars
1186 827 1315 861 temporis
1329 827 1456 854 nocturni
1467 831 1493 853 et
1510 825 1611 857 diurni.
1626 826 1648 854 si
1663 833 1712 853 an-

933 881 1029 900 norum
1043 880 1119 900 cccrv
1134 872 1330 903 Romanorum.
1348 872 1376 899 in
1391 872 1490 907 quibus
1515 872 1647 907 integram
1663 879 1713 899 ηας

933 922 1001 946 ctem
1018 921 1046 945 ct
1060 918 1132 945 diem
1151 921 1247 944 exacta
1258 917 1403 944 conversio
1419 925 1474 944 non
1501 922 1633 951 exactam,
1652 924 1713 951 quae

933 964 962 991 ﬁt
973 965 1000 990 in
1009 971 1055 990 nx
1066 963 1156 994 annis,
1177 962 1318 998 anticipat,
1344 966 1467 989 octavam
1484 967 1586 997 partem
1607 970 1715 990 assum-

932 1009 1078 1045 pserimus,
1094 1008 1121 1035 id
1150 1012 1202 1040 est,
1219 1016 1306 1036 annos
1325 1007 1462 1035 Romanos
1484 1015 1588 1035 xxxviii
1606 1017 1613 1035 :
1631 1009 1714 1036 habe-

932 1055 1022 1083 bimus
1035 1058 1096 1090 post
1106 1058 1175 1089 quot
1194 1062 1282 1082 annos
1306 1062 1321 1081 a
1343 1054 1471 1090 praesenti
1498 1054 1610 1089 integra:
1634 1059 1714 1082 erunt

933 1101 993 1128 dies
1008 1099 1069 1126 duze
1087 1100 1122 1126 ab
1133 1099 1260 1126 examine
1272 1098 1441 1127 deﬁcientes.
1457 1098 1523 1126 Post
1534 1099 1608 1126 illam
1623 1103 1713 1126 autem

933 1145 1151 1176 conversionem,
1168 1151 1280 1171 rursum
1293 1144 1354 1171 aliis
1369 1143 1423 1171 diei
1444 1144 1581 1179 scrupulis
1604 1144 1714 1179 incipiet

933 1195 1029 1219 exacta
1044 1190 1181 1218 restitutio
1198 1197 1252 1216 non
1270 1193 1394 1216 exactam
1414 1190 1573 1224 anticipare.
1590 1189 1654 1217 Post
1664 1197 1716 1216 an-

934 1244 985 1264 nos
996 1239 1085 1263 autem
1103 1236 1212 1270 triginta
1228 1237 1289 1262 octo
1303 1242 1319 1261 a
1332 1235 1458 1269 praesenti
1471 1235 1523 1262 erit
1531 1243 1621 1262 annus
1633 1235 1713 1263 6919.

935 1278 957 1315 [⁷
966 1279 1005 1306 Ac
1027 1279 1062 1310 si.
1073 1283 1104 1306 ut
1122 1278 1242 1313 vulgaris
1256 1282 1298 1305 est
1314 1279 1416 1313 opinio,
1433 1279 1548 1314 septimo
1571 1280 1716 1307 millesimo

935 1328 1057 1352 vertente
1068 1325 1151 1351 totius
1162 1323 1255 1350 mundi
1270 1322 1361 1350 futura
1371 1324 1570 1351 consummatio
1586 1328 1643 1357 est;
1663 1324 1716 1351 fru-

935 1375 992 1399 stra
1007 1370 1035 1397 in
1050 1369 1208 1404 castiganda
1217 1369 1307 1396 lunari
1326 1369 1454 1397 methodo
1481 1369 1559 1396 labor
1574 1370 1716 1398 adhibebi-

935 1420 996 1448 tur;
1012 1423 1073 1442 cum
1090 1415 1154 1442 anni
1168 1414 1355 1442 tantummodo
1367 1414 1401 1442 de
1414 1422 1520 1442 summa
1533 1415 1628 1450 reliqui
1658 1416 1715 1444 sint

936 1470 1028 1494 Lxxxr,
1036 1469 1084 1496 per
1093 1468 1162 1495 quos
1172 1460 1314 1488 emendata
1327 1460 1373 1487 illa
1383 1460 1528 1488 methodus
1541 1461 1567 1488 in
1580 1469 1630 1489 usu
1640 1462 1690 1489 erit
1708 1472 1714 1489 :

937 1516 997 1536 cum
1010 1508 1036 1534 in
1052 1508 1112 1535 istis
1127 1515 1209 1534 Lxxu
1228 1506 1308 1534 annis
1316 1513 1370 1533 non
1385 1507 1501 1534 multum
1518 1507 1634 1539 intersit,
1647 1508 1671 1535 si
1684 1508 1715 1539 ii,

102 1555 259 1587 συντελείας
273 1555 378 1590 καιρὸν,
393 1552 432 1586 οἷς
449 1555 495 1582 καὶ
511 1555 589 1586 αὐτὸς
604 1555 770 1590 συντίθεμαι·
784 1554 887 1589 πρέπον

938 1555 1056 1589 quitum
1074 1553 1235 1589 superstites
1246 1557 1337 1584 erunt,
1370 1557 1488 1580 veterem
1514 1561 1564 1581 nec
1595 1554 1718 1581 emenda-

102 1601 137 1629 ἃν
149 1600 194 1636 εἴη
207 1600 328 1636 διορθοῦν
338 1601 386 1636 τὴν
399 1600 521 1636 περὶτῆς
533 1600 645 1636 σελήνης
658 1599 778 1635 μέθοδον,
787 1600 797 1615 ⁸
809 1607 888 1634 προσ-

101 1644 208 1674 τιθέναι
222 1647 282 1677 ταῖς
294 1646 344 1681 τῆς
360 1645 472 1681 σελήνης
483 1646 623 1678 ὲπακταίς,
638 1645 670 1677 ἂς
683 1646 699 1681 ἡ
715 1644 762 1671 νῦν
778 1644 889 1680 μέθοδος

103 1691 280 1726 δπαγορεύει,
295 1691 341 1719 καὶ
361 1692 503 1727 ὲπερευνᾷ,
521 1691 568 1718 καὶ
585 1691 656 1718 οὓτω
672 1691 708 1728 μὴ
727 1690 888 1727 σφάλλεσθαι

103 1738 158 1774 τῆς
173 1737 326 1774 ὀρθότητος,
338 1738 374 1764 Τὸ
388 1738 478 1773 μέντοι
489 1738 639 1772 [Ιασχάλιον
649 1738 779 1771 κανόνιον,
787 1739 888 1773 ἀμετα-

103 1784 219 1820 ποίητον
231 1784 319 1820 μένον,
332 1784 378 1810 καὶ
393 1783 432 1810 ἐτι
450 1783 653 1819 σφαλερώτερον
668 1783 752 1810 ἔσται·
771 1784 889 1819 παρόσον

104 1830 156 1857 νῦν
165 1829 212 1864 μὲν
219 1829 294 1856 δυσὶν
303 1829 419 1865 ἡμέραις
426 1829 552 1855 ἐκπίπτει
558 1829 607 1864 τῆς
615 1828 752 1864 ἀληθείας,
761 1830 807 1856 ἀπ’
819 1829 890 1856 ὲκεί-

103 1884 154 1902 νου
166 1875 193 1901 δὲ
202 1874 248 1901 τοῦ
256 1874 340 1907 ἔτους,
349 1875 448 1910 δηλαδὴ
455 1875 502 1902 τοῦ
511 1874 605 1908 ,ggte',
613 1875 709 1911 τρισίν.
719 1876 778 1902 Ἐπὶ
787 1876 890 1908 τούτοις

105 1919 281 1956 σκεψώμεθα,
292 1920 339 1947 καὶ
350 1921 374 1946 εἰ
389 1920 449 1947 καθ’
459 1920 573 1948 ἕκαστον
586 1921 644 1952 ἔτος
659 1920 803 1956 σφάλλεται
814 1923 830 1956 ἡ
842 1921 890 1948 τοῦ

106 1966 194 2004 μηνὸς
206 1966 305 2002 ἡμέρα,
317 1965 376 1993 καθ’
388 1966 421 2001 ἢν
431 1967 510 2002 ἡμεῖς
522 1966 552 1993 τὸ
564 1967 638 2001 ἅγιον
649 1967 744 2001 Πάσχα
751 1966 890 2001 τελοῦμεν,

104 2010 121 2047 ἢ
141 2009 206 2038 ποτὲ
226 2010 285 2045 μὲν,
305 2009 369 2036 ποτὲ
389 2010 417 2036 δὲ
432 2010 472 2037 οῦ.
496 2010 634 2046 Γνώριμον
650 2010 678 2037 δὲ
694 2011 780 2043 ἔσται,
802 2011 850 2042 ὡς.
867 2012 892 2038 εἰ

106 2056 179 2092 μόνῃ
206 2057 238 2090 τῇ
260 2055 307 2085 τοῦ
330 2056 412 2091 μηνὸς
434 2057 524 2092 ἡμέρα
547 2057 578 2083 τὸ
606 2056 739 2092 ἡμέτερον
772 2057 892 2084 ἔκανονι-

104 2101 180 2134 ζετο,
209 2101 255 2127 καὶ
277 2101 315 2137 μὴ
331 2101 453 2136 ἀνάγκην
475 2101 584 2136 εἴχομεν
605 2102 652 2128 καὶ
668 2101 738 2128 κατὰ
751 2101 892 2137 Κυριακὴν

105 2147 215 2184 ἡμέραν
223 2146 299 2175 τοῦτο
308 2147 394 2175 τελεῖν
402 2156 409 2162 ·
424 2147 485 2175 καθ’
497 2148 609 2175 ἕκαστον
621 2148 652 2174 ἂν
665 2148 723 2180 ἔτος
735 2147 891 2182 ἐσφάλλετο,

106 2192 233 2229 καθάπερ
249 2194 296 2220 καὶ
314 2193 344 2220 τὸ
367 2193 519 2228 Ἰουδαϊκὸν,
548 2194 596 2220 καὶ
618 2195 678 2225 ταῖς
703 2194 778 2220 δυσὶν
798 2194 893 2226 αὐταῖς

938 1604 994 1626 tam
1029 1599 1238 1634 assumpserint.
1268 1597 1327 1630 Sin,
1349 1602 1379 1625 ut
1397 1599 1534 1635 plerisque
1561 1599 1650 1628 visum
1675 1604 1718 1627 est

939 1643 1010 1676 aliis,
1034 1643 1135 1679 quibus
1161 1647 1188 1671 et
1208 1643 1352 1675 assentior,
1378 1643 1466 1670 ultimi
1490 1651 1604 1671 occasus
1623 1644 1716 1671 mundi

938 1689 1186 1726 tempusincerlum
1197 1694 1253 1718 est:
1267 1697 1416 1724 congruum
1430 1689 1511 1716 fuerit
1541 1689 1612 1716 luna:
1634 1689 1718 1716 casti-

939 1743 1003 1770 gare
1017 1735 1184 1768 methodum,
1203 1738 1231 1762 et
1249 1735 1282 1762 ad
1305 1738 1414 1769 epactas
1437 1734 1547 1766 addere,
1572 1742 1640 1769 quas
1658 1735 1717 1762 vui-

939 1785 1000 1817 gata
1012 1782 1081 1808 ratio
1095 1781 1257 1816 praescribit,
1284 1784 1311 1807 et
1324 1780 1456 1814 explorat,
1481 1787 1513 1806 ac
1539 1780 1580 1807 sic
1595 1780 1629 1807 ab
1644 1784 1718 1807 recto

939 1835 995 1854 non
1011 1826 1164 1854 deﬂectere.
1177 1827 1246 1854 Nam
1270 1827 1294 1854 si
1310 1826 1472 1853 laterculum
1501 1825 1634 1854 Paschale
1659 1827 1719 1854 sine

940 1873 1129 1900 emendatione
1149 1876 1268 1904 maneat,
1281 1871 1371 1907 majus
1389 1872 1463 1899 illius
1471 1871 1566 1899 vitium
1582 1871 1638 1900 ﬁet.
1650 1871 1719 1899 Cum

940 1919 1012 1947 enim
1026 1913 1127 1946 'bidum
1152 1918 1283 1945 duntaxat
1309 1924 1325 1944 a
1355 1917 1468 1944 veritate
1480 1916 1638 1951 [abhorreat
1667 1916 1720 1943 hoc

941 1970 1071 1999 tempore,
1093 1964 1200 1999 expleto
1212 1971 1284 1990 anno
1300 1963 1380 1995 6919,
1405 1962 1488 1989 tridui
1506 1969 1583 1990 error
1595 1961 1719 1997 incidet.]

941 2011 989 2038 llis
1001 2010 1036 2038 ita
1052 2008 1259 2042 animadversis,
1279 2008 1492 2041 consideremus,
1512 2015 1546 2034 an
1560 2010 1587 2034 et
1607 2006 1721 2041 singulis

941 2055 1020 2083 annis
1031 2057 1126 2090 peccat
1141 2053 1210 2085 dies,
1224 2053 1253 2080 in
1268 2060 1321 2087 qua
1334 2060 1384 2080 nos
1394 2054 1599 2080 sacrosanctum
1615 2050 1721 2077 Pascha

941 2100 1122 2130 celebramus,
1156 2102 1203 2125 aut
1222 2098 1290 2125 alias
1305 2097 1414 2132 quidem
1442 2100 1548 2132 peccat,
1563 2096 1629 2123 alias
1655 2103 1720 2122 non.

942 2146 1048 2174 Patebit
1067 2151 1143 2176 vero,
1160 2143 1184 2171 si
1210 2143 1244 2170 ad
1259 2151 1342 2170 unum
1366 2143 1436 2170 diem
1460 2142 1563 2170 mensis
1592 2141 1722 2168 duntaxat

942 2193 1046 2221 Pascha
1072 2195 1196 2219 nostrum
1229 2188 1392 2224 exigeretur,
1421 2188 1500 2224 205
1527 2192 1554 2216 et
1579 2196 1632 2215 non
1653 2195 1723 2222 opus

105 2239 238 2274 ἡμέραις,
255 2239 379 2278 καθάπερ
397 2241 494 2268 έκεῖνο.
509 2239 557 2266 Διὰ
570 2240 598 2266 δὲ
617 2240 648 2267 τὸ
666 2240 736 2267 κατὰ
748 2239 889 2276 Κυριακὴν

938 2244 1011 2269 esset
1034 2237 1102 2266 illud
1132 2235 1272 2263 Dominica
1291 2235 1336 2262 die
1358 2234 1505 2267 celebrare,
1533 2233 1648 2268 singulis
1676 2240 1724 2263 an.

106 2285 254 2316 τελεῖσθαι,
273 2286 414 2322 συμϐαίνει
440 2286 490 2313 οὐκ
507 2286 540 2313 ἂν
561 2286 734 2321 σφάλλεσθαι.
749 2286 794 2313 Διὸ
807 2294 890 2322 προσ-

107 2331 204 2359 εκτέον
227 2332 258 2358 τὸ
274 2332 395 2368 ἀκριϐές.
422 2331 474 2358 Τοῦ
496 2332 638 2358 Ἰουδαῖκοῦ
660 2332 754 2367 Πάσχα
774 2332 842 2368 μόνῃ
857 2333 890 2368 τῇ

107 2376 158 2403 τοῦ
177 2376 258 2412 μηνὸς
274 2376 365 2412 ἡμέρᾳ.
378 2375 568 2411 ὑποκειμένου,
587 2375 779 2411 συμϐαίνοντος
796 2375 845 2410 μὲν
863 2375 891 2401 ὲν

109 2422 278 2458 Κυριακῇ,ἢ
295 2422 328 2457 β’,
341 2422 358 2457 ἢ
372 2422 434 2457 γ’,ἢ
450 2422 480 2454 δ,
494 2422 511 2457 ἦ
525 2424 557 2454 ε’,
574 2421 604 2448 τὺ
627 2422 692 2457 παρ’
714 2423 778 2457 ἡμῖν
798 2422 893 2456 Πάσχα

110 2467 142 2496 οὗ
164 2467 319 2502 σφάλλεται,
333 2469 365 2503 τῇ
386 2468 484 2503 ἐφεξῆς
497 2469 621 2503 Κυριακῇ
641 2467 799 2502 τελούμενον
812 2476 818 2482 ·
831 2468 895 2494 ὅταν

111 2513 133 2542 δ’
144 2513 173 2539 ἐν
185 2515 344 2550 παρασκευῇ
361 2513 377 2548 ἢ
394 2513 534 2549 Σαϐϐάτῳ,
544 2514 691 2549 τηνικαῦτα
703 2514 749 2540 καὶ
764 2513 835 2549 μάλα
845 2514 894 2548 τῆς

111 2560 257 2596 ὀρθότητος
271 2561 406 2588 ἐκπίπτει.
428 2561 630 2597 Συμπίπτοντος
653 2561 700 2596 μὲν
721 2561 775 2596 γὰρ
797 2562 825 2588 ἐν
846 2570 895 2588 πα-

115 2609 248 2644 ρασκευῇ,
265 2607 417 2642 ὀφείλοντες
430 2609 510 2643 ἡμεῖς
526 2608 607 2640 εὐθὺς
620 2609 654 2643 τῇ
669 2608 767 2643 ἐφεξῆς
774 2608 899 2643 Κυριακῇ

113 2654 146 2681 τὸ
160 2654 255 2689 Πάσχα
271 2654 368 2687 τελεῖν,
381 2655 422 2684 εἰς
439 2654 489 2689 τὴν
507 2655 564 2690 μετ’
578 2654 685 2688 ἐκείνην
706 2653 902 2689 μεταϐαίνομεν

115 2702 256 2736 Κυριακήν
265 2709 272 2716 ο
291 2701 383 2736 ἐπειδὴ
400 2702 430 2728 τὸ
444 2702 473 2728 ὲν
482 2701 520 2736 τῷ
532 2701 647 2736 κανονίῳ
657 2700 903 2735 διαλαμϐανόμενον

122 2747 264 2774 Ἰουδαϊκὸν
276 2748 371 2783 Πάσχα
385 2747 458 2775 δυσὶν
469 2748 585 2783 ἡμέραις
599 2746 814 2782 ἁποδειχθείσαις
826 2745 904 2771 πλεο-

942 2288 985 2315 nis
1004 2288 1179 2321 peccaturum
1206 2280 1292 2312 illud,
1319 2278 1546 2314 quemadmodum
1572 2282 1600 2306 et
1631 2277 1725 2305 Judai-

943 2339 1006 2361 cum
1027 2329 1149 2360 Pascha,
1172 2330 1199 2354 et
1221 2325 1330 2360 quidem
1353 2325 1458 2353 duabus
1487 2325 1605 2356 diebus,
1631 2331 1725 2359 quem—

944 2375 1089 2405 admodum
1116 2377 1144 2401 et
1172 2371 1249 2398 illud.
1283 2369 1337 2397 Sed
1359 2369 1424 2404 quia
1449 2369 1589 2396 Dominica
1615 2368 1658 2396 die
1680 2376 1725 2396 ce-

945 2423 1077 2454 lebratur,
1095 2421 1239 2455 propterea
1254 2423 1310 2443 non
1323 2422 1431 2449 semper
1446 2419 1551 2450 peccat.
1568 2414 1621 2442 Sed
1638 2414 1726 2442 subli-

946 2470 1000 2497 lius
1015 2475 1059 2495 res
1078 2469 1198 2502 putetur.
1216 2462 1440 2496 Quotiescunque
1450 2459 1594 2488 Judaicum
1609 2459 1725 2492 Pascha,

948 2515 1020 2551 quod
1034 2513 1082 2541 uni
1096 2511 1151 2539 diei
1163 2509 1266 2537 mensis
1278 2506 1432 2541 subjectum
1446 2510 1498 2538 est,
1512 2505 1648 2541 contingit
1669 2505 1725 2533 Do-

949 2560 1060 2591 minica,
1080 2561 1128 2586 aut
1148 2556 1214 2584 feria
1231 2552 1363 2584 secunda,
1379 2556 1427 2579 aut
1444 2551 1535 2584 tertia,
1554 2555 1601 2578 aut
1617 2556 1726 2587 quarta,

949 2610 996 2634 aut
1010 2606 1116 2641 quinta,
1132 2607 1199 2630 tunc
1215 2604 1338 2628 nostrum
1353 2598 1458 2626 Pascha
1472 2604 1527 2624 non
1544 2601 1649 2632 peccat,
1664 2605 1727 2625 cum

951 2651 1073 2687 sequenti
1097 2648 1238 2677 Dominica
1262 2646 1426 2674 celebretur.
1444 2641 1560 2676 Quando
1571 2649 1637 2670 vero
1660 2642 1728 2670 feria

951 2701 1038 2731 sexta,
1054 2701 1102 2724 aut
1120 2696 1256 2727 Sabbato;
1277 2697 1342 2719 tunc
1368 2698 1433 2718 vero
1459 2689 1501 2717 vel
1517 2688 1631 2716 nimium
1642 2695 1729 2723 quan-

952 2749 1009 2771 tum
1029 2751 1044 2770 a
1061 2746 1136 2770 recto
1160 2739 1307 2772 desciscit;
1332 2736 1468 2765 incidente
1486 2734 1558 2762 enim
1579 2733 1608 2761 in
1634 2732 1728 2761 teriam

153 2836 163 2851 ⁷
173 2836 235 2866 Haec
247 2847 261 2864 a
275 2837 408 2873 Scaligero
426 2839 602 2874 prmermiasa
614 2838 796 2874 supplevimus,
810 2844 866 2872 qua'
878 2835 1013 2863 runtnolis
1026 2834 1086 2862 iisce
1102 2829 1272 2866 distractnn.
1306 2830 1316 2844 "
1331 2829 1350 2864 f.
1364 2828 1410 2856 καὶ
1424 2834 1518 2863 προστ.
