  <div class='ocr_page' id='page_1' title='image "/cluster/home/n/w/nwhite01/storage/ocr_20150623/19/njp.32101077772463/733.png"; bbox 0 0 1907 3144; ppageno 0'>
   <div class='ocr_carea' id='block_1_1' title="bbox 195 181 262 209">
    <p class='ocr_par' dir='ltr' id='par_1_1' title="bbox 195 181 262 209">
     <span class='ocr_line' id='line_1_1' title="bbox 195 181 262 209; baseline 0.015 -1"><span class='ocrx_word' id='word_1_1' title='bbox 195 181 262 209; x_wconf 71' lang='grc' dir='ltr'>ιδιι</span> 
     </span>
    </p>
   </div>
   <div class='ocr_carea' id='block_1_2' title="bbox 707 175 1316 206">
    <p class='ocr_par' dir='ltr' id='par_1_2' title="bbox 707 175 1316 206">
     <span class='ocr_line' id='line_1_2' title="bbox 707 175 1316 206; baseline 0 -2"><span class='ocrx_word' id='word_1_2' title='bbox 707 177 753 204; x_wconf 79' lang='grc' dir='ltr'><strong>ΔΙ)</strong></span> <span class='ocrx_word' id='word_1_3' title='bbox 769 177 903 206; x_wconf 84' lang='lat' dir='ltr'><strong>EUSEBII</strong></span> <span class='ocrx_word' id='word_1_4' title='bbox 923 175 1121 204; x_wconf 70' lang='lat' dir='ltr'><strong>CHBONICON</strong></span> <span class='ocrx_word' id='word_1_5' title='bbox 1136 177 1316 205; x_wconf 75' lang='lat' dir='ltr'><strong>APPENDIX.</strong></span> 
     </span>
    </p>
   </div>
   <div class='ocr_carea' id='block_1_3' title="bbox 1752 177 1822 204">
    <p class='ocr_par' dir='ltr' id='par_1_3' title="bbox 1752 177 1822 204">
     <span class='ocr_line' id='line_1_3' title="bbox 1752 177 1822 204; baseline 0.014 -1"><span class='ocrx_word' id='word_1_6' title='bbox 1752 177 1822 204; x_wconf 69' lang='lat'><strong>£512</strong></span> 
     </span>
    </p>
   </div>
   <div class='ocr_carea' id='block_1_4' title="bbox 195 235 978 272">
    <p class='ocr_par' dir='ltr' id='par_1_4' title="bbox 195 235 976 270">
     <span class='ocr_line' id='line_1_4' title="bbox 195 235 976 270; baseline -0.004 -5"><span class='ocrx_word' id='word_1_7' title='bbox 195 243 312 269; x_wconf 87' lang='lat' dir='ltr'><strong>sextam,</strong></span> <span class='ocrx_word' id='word_1_8' title='bbox 327 244 389 264; x_wconf 88' lang='lat' dir='ltr'><strong>cum</strong></span> <span class='ocrx_word' id='word_1_9' title='bbox 403 236 564 264; x_wconf 86' lang='lat' dir='ltr'><strong>deberemus</strong></span> <span class='ocrx_word' id='word_1_10' title='bbox 584 235 706 270; x_wconf 89' lang='lat' dir='ltr'><strong>proxime</strong></span> <span class='ocrx_word' id='word_1_11' title='bbox 731 240 861 270; x_wconf 81' lang='lat' dir='ltr'><strong>sequente</strong></span> <span class='ocrx_word' id='word_1_12' title='bbox 885 235 976 262; x_wconf 84' lang='lat' dir='ltr'><strong>Domi-</strong></span> 
     </span>
    </p>
   </div>
   <div class='ocr_carea' id='block_1_5' title="bbox 1029 235 1822 272">
    <p class='ocr_par' dir='ltr' id='par_1_5' title="bbox 1029 235 1822 272">
     <span class='ocr_line' id='line_1_5' title="bbox 1029 235 1822 272; baseline -0.003 -9"><span class='ocrx_word' id='word_1_13' title='bbox 1029 235 1101 268; x_wconf 65' lang='grc' dir='ltr'>νάζει</span> <span class='ocrx_word' id='word_1_14' title='bbox 1119 236 1167 263; x_wconf 79' lang='grc' dir='ltr'>τοῦ</span> <span class='ocrx_word' id='word_1_15' title='bbox 1188 237 1288 272; x_wconf 79' lang='grc' dir='ltr'>κυρίως</span> <span class='ocrx_word' id='word_1_16' title='bbox 1317 237 1381 271; x_wconf 81' lang='grc' dir='ltr'>παρ’</span> <span class='ocrx_word' id='word_1_17' title='bbox 1391 236 1483 263; x_wconf 74' lang='grc' dir='ltr'>αὐτῶν</span> <span class='ocrx_word' id='word_1_18' title='bbox 1503 235 1688 272; x_wconf 83' lang='grc' dir='ltr'>τελουμένου·</span> <span class='ocrx_word' id='word_1_19' title='bbox 1723 236 1775 262; x_wconf 76' lang='grc' dir='ltr'><strong>καὶ</strong></span> <span class='ocrx_word' id='word_1_20' title='bbox 1794 237 1822 262; x_wconf 86' lang='grc' dir='ltr'><strong>ἐν</strong></span> 
     </span>
    </p>
   </div>
   <div class='ocr_carea' id='block_1_6' title="bbox 196 280 977 317">
    <p class='ocr_par' dir='ltr' id='par_1_6' title="bbox 196 280 977 317">
     <span class='ocr_line' id='line_1_6' title="bbox 196 280 977 317; baseline -0.003 -6"><span class='ocrx_word' id='word_1_21' title='bbox 196 284 258 311; x_wconf 90' lang='lat' dir='ltr'><strong>nica</strong></span> <span class='ocrx_word' id='word_1_22' title='bbox 281 283 384 310; x_wconf 86' lang='lat' dir='ltr'><strong>Pascha</strong></span> <span class='ocrx_word' id='word_1_23' title='bbox 413 281 560 313; x_wconf 88' lang='lat' dir='ltr'><strong>celebrare,</strong></span> <span class='ocrx_word' id='word_1_24' title='bbox 579 282 606 308; x_wconf 84' lang='lat' dir='ltr'><strong>in</strong></span> <span class='ocrx_word' id='word_1_25' title='bbox 622 289 682 308; x_wconf 84' lang='lat' dir='ltr'><strong>eam</strong></span> <span class='ocrx_word' id='word_1_26' title='bbox 710 280 892 313; x_wconf 86' lang='lat' dir='ltr'><strong>Dominicam,</strong></span> <span class='ocrx_word' id='word_1_27' title='bbox 917 290 977 317; x_wconf 67' lang='lat' dir='ltr'><strong>quae</strong></span> 
     </span>
    </p>
   </div>
   <div class='ocr_carea' id='block_1_7' title="bbox 196 327 975 364">
    <p class='ocr_par' dir='ltr' id='par_1_7' title="bbox 196 327 975 364">
     <span class='ocr_line' id='line_1_7' title="bbox 196 327 975 364; baseline -0.001 -9"><span class='ocrx_word' id='word_1_28' title='bbox 196 332 258 364; x_wconf 88' lang='lat' dir='ltr'><strong>post</strong></span> <span class='ocrx_word' id='word_1_29' title='bbox 272 329 344 355; x_wconf 82' lang='lat' dir='ltr'><strong>illam</strong></span> <span class='ocrx_word' id='word_1_30' title='bbox 362 329 493 362; x_wconf 74' lang='lat' dir='ltr'><strong>sequitur,</strong></span> <span class='ocrx_word' id='word_1_31' title='bbox 509 327 738 360; x_wconf 90' lang='lat' dir='ltr'><strong>transcendimus,</strong></span> <span class='ocrx_word' id='word_1_32' title='bbox 754 328 975 362; x_wconf 83' lang='lat' dir='ltr'><strong>quandoquidem</strong></span> 
     </span>
    </p>
   </div>
   <div class='ocr_carea' id='block_1_8' title="bbox 196 372 977 408">
    <p class='ocr_par' dir='ltr' id='par_1_8' title="bbox 196 372 977 408">
     <span class='ocr_line' id='line_1_8' title="bbox 196 372 977 408; baseline -0.001 -7"><span class='ocrx_word' id='word_1_33' title='bbox 196 373 301 402; x_wconf 81' lang='lat' dir='ltr'><strong>Pascha</strong></span> <span class='ocrx_word' id='word_1_34' title='bbox 323 372 476 405; x_wconf 73' lang='lat' dir='ltr'><strong>Iudaicum,</strong></span> <span class='ocrx_word' id='word_1_35' title='bbox 501 373 572 408; x_wconf 85' lang='lat' dir='ltr'><strong>quod</strong></span> <span class='ocrx_word' id='word_1_36' title='bbox 594 373 620 399; x_wconf 94' lang='lat' dir='ltr'><strong>in</strong></span> <span class='ocrx_word' id='word_1_37' title='bbox 634 380 740 400; x_wconf 82' lang='lat' dir='ltr'><strong>canone</strong></span> <span class='ocrx_word' id='word_1_38' title='bbox 755 373 914 404; x_wconf 91' lang='lat' dir='ltr'><strong>assumitur,</strong></span> <span class='ocrx_word' id='word_1_39' title='bbox 936 373 977 400; x_wconf 84' lang='lat' dir='ltr'><strong>bi—</strong></span> 
     </span>
    </p>
   </div>
   <div class='ocr_carea' id='block_1_9' title="bbox 196 419 978 454">
    <p class='ocr_par' dir='ltr' id='par_1_9' title="bbox 196 419 978 454">
     <span class='ocr_line' id='line_1_9' title="bbox 196 419 978 454; baseline -0.001 -7"><span class='ocrx_word' id='word_1_40' title='bbox 196 420 262 452; x_wconf 89' lang='lat' dir='ltr'><strong>duo,</strong></span> <span class='ocrx_word' id='word_1_41' title='bbox 290 419 362 454; x_wconf 90' lang='lat' dir='ltr'><strong>quod</strong></span> <span class='ocrx_word' id='word_1_42' title='bbox 388 427 403 445; x_wconf 91' lang='lat' dir='ltr'><strong>a</strong></span> <span class='ocrx_word' id='word_1_43' title='bbox 428 419 507 446; x_wconf 88' lang='lat' dir='ltr'><strong>nobis</strong></span> <span class='ocrx_word' id='word_1_44' title='bbox 523 419 738 446; x_wconf 88' lang='lat' dir='ltr'><strong>demonstratum</strong></span> <span class='ocrx_word' id='word_1_45' title='bbox 765 424 817 450; x_wconf 88' lang='lat' dir='ltr'><strong>est,</strong></span> <span class='ocrx_word' id='word_1_46' title='bbox 842 419 946 446; x_wconf 82' lang='lat' dir='ltr'><strong>Pascha</strong></span> <span class='ocrx_word' id='word_1_47' title='bbox 962 426 978 446; x_wconf 90' lang='lat' dir='ltr'><strong>a</strong></span> 
     </span>
    </p>
   </div>
   <div class='ocr_carea' id='block_1_10' title="bbox 195 464 978 499">
    <p class='ocr_par' dir='ltr' id='par_1_10' title="bbox 195 464 978 499">
     <span class='ocr_line' id='line_1_10' title="bbox 195 464 978 499; baseline -0.001 -6"><span class='ocrx_word' id='word_1_48' title='bbox 195 465 296 493; x_wconf 63' lang='lat' dir='ltr'><strong>Judeis</strong></span> <span class='ocrx_word' id='word_1_49' title='bbox 321 464 454 492; x_wconf 90' lang='lat' dir='ltr'><strong>celebrari</strong></span> <span class='ocrx_word' id='word_1_50' title='bbox 483 465 593 491; x_wconf 88' lang='lat' dir='ltr'><strong>solitum</strong></span> <span class='ocrx_word' id='word_1_51' title='bbox 623 464 770 499; x_wconf 60' lang='lat' dir='ltr'><strong>praevertit.</strong></span> <span class='ocrx_word' id='word_1_52' title='bbox 799 464 828 492; x_wconf 92' lang='lat' dir='ltr'><strong>In</strong></span> <span class='ocrx_word' id='word_1_53' title='bbox 859 464 978 492; x_wconf 86' lang='lat' dir='ltr'><strong>Sabbato</strong></span> 
     </span>
    </p>
   </div>
   <div class='ocr_carea' id='block_1_11' title="bbox 195 511 977 546">
    <p class='ocr_par' dir='ltr' id='par_1_11' title="bbox 195 511 977 546">
     <span class='ocr_line' id='line_1_11' title="bbox 195 511 977 546; baseline -0.001 -8"><span class='ocrx_word' id='word_1_54' title='bbox 195 519 304 546; x_wconf 79' lang='lat' dir='ltr'><strong>quoque</strong></span> <span class='ocrx_word' id='word_1_55' title='bbox 331 511 402 538; x_wconf 90' lang='lat' dir='ltr'><strong>idem</strong></span> <span class='ocrx_word' id='word_1_56' title='bbox 418 511 552 546; x_wconf 79' lang='lat' dir='ltr'><strong>contingit</strong></span> <span class='ocrx_word' id='word_1_57' title='bbox 578 515 688 545; x_wconf 84' lang='lat' dir='ltr'><strong>propter</strong></span> <span class='ocrx_word' id='word_1_58' title='bbox 702 511 824 538; x_wconf 88' lang='lat' dir='ltr'><strong>eamdem</strong></span> <span class='ocrx_word' id='word_1_59' title='bbox 853 519 977 538; x_wconf 82' lang='lat' dir='ltr'><strong>causam.</strong></span> 
     </span>
    </p>
   </div>
   <div class='ocr_carea' id='block_1_12' title="bbox 195 555 978 590">
    <p class='ocr_par' dir='ltr' id='par_1_12' title="bbox 195 555 978 590">
     <span class='ocr_line' id='line_1_12' title="bbox 195 555 978 590; baseline 0 -7"><span class='ocrx_word' id='word_1_60' title='bbox 195 556 262 583; x_wconf 89' lang='lat' dir='ltr'><strong>Cum</strong></span> <span class='ocrx_word' id='word_1_61' title='bbox 273 555 345 584; x_wconf 84' lang='lat' dir='ltr'><strong>enim</strong></span> <span class='ocrx_word' id='word_1_62' title='bbox 360 556 532 588; x_wconf 85' lang='lat' dir='ltr'><strong>deberemus,</strong></span> <span class='ocrx_word' id='word_1_63' title='bbox 553 556 749 583; x_wconf 90' lang='lat' dir='ltr'><strong>interveniente</strong></span> <span class='ocrx_word' id='word_1_64' title='bbox 764 557 898 590; x_wconf 85' lang='lat' dir='ltr'><strong>postridie</strong></span> <span class='ocrx_word' id='word_1_65' title='bbox 924 556 978 583; x_wconf 91' lang='lat' dir='ltr'><strong>Do-</strong></span> 
     </span>
    </p>
   </div>
   <div class='ocr_carea' id='block_1_13' title="bbox 196 602 978 637">
    <p class='ocr_par' dir='ltr' id='par_1_13' title="bbox 196 602 978 637">
     <span class='ocr_line' id='line_1_13' title="bbox 196 602 978 637; baseline 0 -7"><span class='ocrx_word' id='word_1_66' title='bbox 196 602 308 634; x_wconf 84' lang='lat' dir='ltr'><strong>minica,</strong></span> <span class='ocrx_word' id='word_1_67' title='bbox 322 602 428 629; x_wconf 80' lang='lat' dir='ltr'><strong>Pascha</strong></span> <span class='ocrx_word' id='word_1_68' title='bbox 450 603 599 634; x_wconf 85' lang='lat' dir='ltr'><strong>celebrare,</strong></span> <span class='ocrx_word' id='word_1_69' title='bbox 623 603 650 629; x_wconf 92' lang='lat' dir='ltr'><strong>in</strong></span> <span class='ocrx_word' id='word_1_70' title='bbox 666 603 750 634; x_wconf 85' lang='lat' dir='ltr'><strong>illam,</strong></span> <span class='ocrx_word' id='word_1_71' title='bbox 766 610 827 637; x_wconf 73' lang='lat' dir='ltr'><strong>quae</strong></span> <span class='ocrx_word' id='word_1_72' title='bbox 845 607 906 637; x_wconf 88' lang='lat' dir='ltr'><strong>post</strong></span> <span class='ocrx_word' id='word_1_73' title='bbox 918 610 978 630; x_wconf 88' lang='lat' dir='ltr'><strong>eam</strong></span> 
     </span>
    </p>
   </div>
   <div class='ocr_carea' id='block_1_14' title="bbox 196 646 978 691">
    <p class='ocr_par' dir='ltr' id='par_1_14' title="bbox 196 646 978 691">
     <span class='ocr_line' id='line_1_14' title="bbox 196 646 978 691; baseline 0 -17"><span class='ocrx_word' id='word_1_74' title='bbox 196 646 329 681; x_wconf 78' lang='lat' dir='ltr'><strong>sequitur,</strong></span> <span class='ocrx_word' id='word_1_75' title='bbox 347 647 493 673; x_wconf 82' lang='lat' dir='ltr'><strong>transitum</strong></span> <span class='ocrx_word' id='word_1_76' title='bbox 507 647 633 691; x_wconf 58' lang='lat' dir='ltr'><strong>facimus.</strong></span> <span class='ocrx_word' id='word_1_77' title='bbox 652 646 710 674; x_wconf 90' lang='lat' dir='ltr'><strong>Uno</strong></span> <span class='ocrx_word' id='word_1_78' title='bbox 724 648 833 682; x_wconf 86' lang='lat' dir='ltr'><strong>quidem</strong></span> <span class='ocrx_word' id='word_1_79' title='bbox 846 648 898 674; x_wconf 93' lang='lat' dir='ltr'><strong>hoc</strong></span> <span class='ocrx_word' id='word_1_80' title='bbox 912 655 978 675; x_wconf 88' lang='lat' dir='ltr'><strong>casu</strong></span> 
     </span>
    </p>
   </div>
   <div class='ocr_carea' id='block_1_15' title="bbox 196 693 980 728">
    <p class='ocr_par' dir='ltr' id='par_1_15' title="bbox 196 693 980 728">
     <span class='ocr_line' id='line_1_15' title="bbox 196 693 980 728; baseline 0.003 -10"><span class='ocrx_word' id='word_1_81' title='bbox 196 697 335 727; x_wconf 82' lang='lat' dir='ltr'><strong>peccatur,</strong></span> <span class='ocrx_word' id='word_1_82' title='bbox 354 698 464 728; x_wconf 90' lang='lat' dir='ltr'><strong>propter</strong></span> <span class='ocrx_word' id='word_1_83' title='bbox 476 701 600 725; x_wconf 85' lang='lat' dir='ltr'><strong>causam,</strong></span> <span class='ocrx_word' id='word_1_84' title='bbox 610 701 691 728; x_wconf 86' lang='lat' dir='ltr'><strong>quam</strong></span> <span class='ocrx_word' id='word_1_85' title='bbox 703 693 833 726; x_wconf 79' lang='lat' dir='ltr'><strong>diximus,</strong></span> <span class='ocrx_word' id='word_1_86' title='bbox 848 701 901 720; x_wconf 91' lang='lat' dir='ltr'><strong>non</strong></span> <span class='ocrx_word' id='word_1_87' title='bbox 915 701 980 721; x_wconf 88' lang='lat' dir='ltr'><strong>exa-</strong></span> 
     </span>
    </p>
   </div>
   <div class='ocr_carea' id='block_1_16' title="bbox 196 738 980 773">
    <p class='ocr_par' dir='ltr' id='par_1_16' title="bbox 196 738 980 773">
     <span class='ocr_line' id='line_1_16' title="bbox 196 738 980 773; baseline 0.003 -9"><span class='ocrx_word' id='word_1_88' title='bbox 196 741 248 764; x_wconf 68' lang='lat' dir='ltr'><strong>ctae</strong></span> <span class='ocrx_word' id='word_1_89' title='bbox 261 738 440 765; x_wconf 82' lang='lat' dir='ltr'><strong>restitutionis</strong></span> <span class='ocrx_word' id='word_1_90' title='bbox 458 739 572 765; x_wconf 82' lang='lat' dir='ltr'><strong>lunaris.</strong></span> <span class='ocrx_word' id='word_1_91' title='bbox 589 738 638 766; x_wconf 86' lang='lat' dir='ltr'><strong>Est</strong></span> <span class='ocrx_word' id='word_1_92' title='bbox 648 743 676 766; x_wconf 86' lang='lat' dir='ltr'><strong>et</strong></span> <span class='ocrx_word' id='word_1_93' title='bbox 692 739 764 766; x_wconf 88' lang='lat' dir='ltr'><strong>alius</strong></span> <span class='ocrx_word' id='word_1_94' title='bbox 779 746 861 766; x_wconf 80' lang='lat' dir='ltr'><strong>casus</strong></span> <span class='ocrx_word' id='word_1_95' title='bbox 883 739 980 773; x_wconf 78' lang='lat' dir='ltr'><strong>(quan-</strong></span> 
     </span>
    </p>
   </div>
   <div class='ocr_carea' id='block_1_17' title="bbox 196 783 980 820">
    <p class='ocr_par' dir='ltr' id='par_1_17' title="bbox 196 783 980 820">
     <span class='ocr_line' id='line_1_17' title="bbox 196 783 980 820; baseline 0.003 -11"><span class='ocrx_word' id='word_1_96' title='bbox 196 789 278 818; x_wconf 87' lang='lat' dir='ltr'><strong>quam</strong></span> <span class='ocrx_word' id='word_1_97' title='bbox 291 783 342 810; x_wconf 87' lang='lat' dir='ltr'><strong>hoc</strong></span> <span class='ocrx_word' id='word_1_98' title='bbox 352 783 461 818; x_wconf 83' lang='lat' dir='ltr'><strong>quidem</strong></span> <span class='ocrx_word' id='word_1_99' title='bbox 477 791 539 811; x_wconf 90' lang='lat' dir='ltr'><strong>raro</strong></span> <span class='ocrx_word' id='word_1_100' title='bbox 551 784 667 818; x_wconf 83' lang='lat' dir='ltr'><strong>accidat)</strong></span> <span class='ocrx_word' id='word_1_101' title='bbox 684 789 795 820; x_wconf 88' lang='lat' dir='ltr'><strong>propter</strong></span> <span class='ocrx_word' id='word_1_102' title='bbox 806 785 882 812; x_wconf 90' lang='lat' dir='ltr'><strong>verni</strong></span> <span class='ocrx_word' id='word_1_103' title='bbox 894 785 980 819; x_wconf 71' lang='lat' dir='ltr'><strong>requi-</strong></span> 
     </span>
    </p>
   </div>
   <div class='ocr_carea' id='block_1_18' title="bbox 197 829 980 866">
    <p class='ocr_par' dir='ltr' id='par_1_18' title="bbox 197 829 980 866">
     <span class='ocr_line' id='line_1_18' title="bbox 197 829 980 866; baseline 0 -10"><span class='ocrx_word' id='word_1_104' title='bbox 197 829 281 857; x_wconf 86' lang='lat' dir='ltr'><strong>uoctii</strong></span> <span class='ocrx_word' id='word_1_105' title='bbox 312 829 487 857; x_wconf 88' lang='lat' dir='ltr'><strong>luxationem.</strong></span> <span class='ocrx_word' id='word_1_106' title='bbox 524 829 606 857; x_wconf 81' lang='lat' dir='ltr'><strong>Retro</strong></span> <span class='ocrx_word' id='word_1_107' title='bbox 640 831 712 858; x_wconf 88' lang='lat' dir='ltr'><strong>enim</strong></span> <span class='ocrx_word' id='word_1_108' title='bbox 742 830 914 866; x_wconf 79' lang='lat' dir='ltr'><strong>progreditur</strong></span> <span class='ocrx_word' id='word_1_109' title='bbox 953 835 980 857; x_wconf 91' lang='lat' dir='ltr'><strong>et</strong></span> 
     </span>
    </p>
   </div>
   <div class='ocr_carea' id='block_1_19' title="bbox 196 874 980 910">
    <p class='ocr_par' dir='ltr' id='par_1_19' title="bbox 196 874 980 910">
     <span class='ocr_line' id='line_1_19' title="bbox 196 874 980 910; baseline 0.001 -9"><span class='ocrx_word' id='word_1_110' title='bbox 196 874 285 909; x_wconf 88' lang='lat' dir='ltr'><strong>ipsum</strong></span> <span class='ocrx_word' id='word_1_111' title='bbox 301 883 409 910; x_wconf 89' lang='lat' dir='ltr'><strong>quoque</strong></span> <span class='ocrx_word' id='word_1_112' title='bbox 426 879 488 909; x_wconf 88' lang='lat' dir='ltr'><strong>post</strong></span> <span class='ocrx_word' id='word_1_113' title='bbox 503 876 693 903; x_wconf 85' lang='lat' dir='ltr'><strong>conversiones</strong></span> <span class='ocrx_word' id='word_1_114' title='bbox 706 883 853 908; x_wconf 86' lang='lat' dir='ltr'><strong>annorum,</strong></span> <span class='ocrx_word' id='word_1_115' title='bbox 870 879 980 910; x_wconf 86' lang='lat' dir='ltr'><strong>propter</strong></span> 
     </span>
    </p>
   </div>
   <div class='ocr_carea' id='block_1_20' title="bbox 195 921 978 956">
    <p class='ocr_par' dir='ltr' id='par_1_20' title="bbox 195 921 978 956">
     <span class='ocr_line' id='line_1_20' title="bbox 195 921 978 956; baseline 0.001 -9"><span class='ocrx_word' id='word_1_116' title='bbox 195 928 257 948; x_wconf 85' lang='lat' dir='ltr'><strong>eam</strong></span> <span class='ocrx_word' id='word_1_117' title='bbox 273 928 395 952; x_wconf 86' lang='lat' dir='ltr'><strong>causam,</strong></span> <span class='ocrx_word' id='word_1_118' title='bbox 416 928 497 955; x_wconf 89' lang='lat' dir='ltr'><strong>quam</strong></span> <span class='ocrx_word' id='word_1_119' title='bbox 513 921 655 953; x_wconf 85' lang='lat' dir='ltr'><strong>dicemus;</strong></span> <span class='ocrx_word' id='word_1_120' title='bbox 674 929 734 956; x_wconf 66' lang='lat' dir='ltr'><strong>qua:</strong></span> <span class='ocrx_word' id='word_1_121' title='bbox 756 921 793 948; x_wconf 90' lang='lat' dir='ltr'><strong>ita</strong></span> <span class='ocrx_word' id='word_1_122' title='bbox 814 921 894 948; x_wconf 84' lang='lat' dir='ltr'><strong>habet</strong></span> <span class='ocrx_word' id='word_1_123' title='bbox 909 931 914 948; x_wconf 91' lang='lat'>:</span> <span class='ocrx_word' id='word_1_124' title='bbox 931 929 978 948; x_wconf 87' lang='lat' dir='ltr'><strong>so-</strong></span> 
     </span>
    </p>
   </div>
   <div class='ocr_carea' id='block_1_21' title="bbox 197 966 977 1002">
    <p class='ocr_par' dir='ltr' id='par_1_21' title="bbox 197 966 977 1002">
     <span class='ocr_line' id='line_1_21' title="bbox 197 966 977 1002; baseline 0 -8"><span class='ocrx_word' id='word_1_125' title='bbox 197 967 250 994; x_wconf 86' lang='lat' dir='ltr'><strong>lem</strong></span> <span class='ocrx_word' id='word_1_126' title='bbox 267 967 410 994; x_wconf 89' lang='lat' dir='ltr'><strong>intervallo</strong></span> <span class='ocrx_word' id='word_1_127' title='bbox 425 967 478 993; x_wconf 75' lang='lat'><strong>365</strong></span> <span class='ocrx_word' id='word_1_128' title='bbox 498 966 604 993; x_wconf 88' lang='lat' dir='ltr'><strong>dierum</strong></span> <span class='ocrx_word' id='word_1_129' title='bbox 620 971 647 993; x_wconf 86' lang='lat' dir='ltr'><strong>et</strong></span> <span class='ocrx_word' id='word_1_130' title='bbox 661 967 821 1002; x_wconf 88' lang='lat' dir='ltr'><strong>quadrantis</strong></span> <span class='ocrx_word' id='word_1_131' title='bbox 834 968 868 994; x_wconf 88' lang='lat' dir='ltr'><strong>ab</strong></span> <span class='ocrx_word' id='word_1_132' title='bbox 883 967 977 995; x_wconf 90' lang='lat' dir='ltr'><strong>eodem</strong></span> 
     </span>
    </p>
   </div>
   <div class='ocr_carea' id='block_1_22' title="bbox 197 1012 976 1048">
    <p class='ocr_par' dir='ltr' id='par_1_22' title="bbox 197 1012 976 1048">
     <span class='ocr_line' id='line_1_22' title="bbox 197 1012 976 1048; baseline 0.001 -9"><span class='ocrx_word' id='word_1_133' title='bbox 197 1017 299 1047; x_wconf 91' lang='lat' dir='ltr'><strong>puncto</strong></span> <span class='ocrx_word' id='word_1_134' title='bbox 322 1012 355 1039; x_wconf 91' lang='lat' dir='ltr'><strong>ad</strong></span> <span class='ocrx_word' id='word_1_135' title='bbox 383 1012 454 1039; x_wconf 89' lang='lat' dir='ltr'><strong>idem</strong></span> <span class='ocrx_word' id='word_1_136' title='bbox 470 1012 581 1045; x_wconf 79' lang='lat' dir='ltr'><strong>reverti,</strong></span> <span class='ocrx_word' id='word_1_137' title='bbox 605 1013 733 1048; x_wconf 76' lang='lat' dir='ltr'><strong>pinguius</strong></span> <span class='ocrx_word' id='word_1_138' title='bbox 751 1018 891 1048; x_wconf 88' lang='lat' dir='ltr'><strong>acceptum</strong></span> <span class='ocrx_word' id='word_1_139' title='bbox 915 1018 976 1041; x_wconf 90' lang='lat' dir='ltr'><strong>est:</strong></span> 
     </span>
    </p>
   </div>
   <div class='ocr_carea' id='block_1_23' title="bbox 197 1058 980 1094">
    <p class='ocr_par' dir='ltr' id='par_1_23' title="bbox 197 1058 980 1094">
     <span class='ocr_line' id='line_1_23' title="bbox 197 1058 980 1094; baseline -0.001 -8"><span class='ocrx_word' id='word_1_140' title='bbox 197 1058 346 1086; x_wconf 81' lang='lat' dir='ltr'><strong>secundum</strong></span> <span class='ocrx_word' id='word_1_141' title='bbox 361 1065 425 1085; x_wconf 87' lang='lat' dir='ltr'><strong>vero</strong></span> <span class='ocrx_word' id='word_1_142' title='bbox 443 1058 568 1086; x_wconf 84' lang='lat' dir='ltr'><strong>subtilem</strong></span> <span class='ocrx_word' id='word_1_143' title='bbox 586 1059 728 1091; x_wconf 84' lang='lat' dir='ltr'><strong>rationem,</strong></span> <span class='ocrx_word' id='word_1_144' title='bbox 747 1059 837 1094; x_wconf 86' lang='lat' dir='ltr'><strong>aliqua</strong></span> <span class='ocrx_word' id='word_1_145' title='bbox 852 1059 904 1086; x_wconf 86' lang='lat' dir='ltr'><strong>diei</strong></span> <span class='ocrx_word' id='word_1_146' title='bbox 919 1067 980 1094; x_wconf 86' lang='lat' dir='ltr'><strong>por-</strong></span> 
     </span>
    </p>
   </div>
   <div class='ocr_carea' id='block_1_24' title="bbox 196 1103 980 1140">
    <p class='ocr_par' dir='ltr' id='par_1_24' title="bbox 196 1103 980 1140">
     <span class='ocr_line' id='line_1_24' title="bbox 196 1103 980 1140; baseline 0.003 -10"><span class='ocrx_word' id='word_1_147' title='bbox 196 1104 271 1131; x_wconf 89' lang='lat' dir='ltr'><strong>tione</strong></span> <span class='ocrx_word' id='word_1_148' title='bbox 283 1104 383 1136; x_wconf 90' lang='lat' dir='ltr'><strong>minus,</strong></span> <span class='ocrx_word' id='word_1_149' title='bbox 395 1108 424 1131; x_wconf 91' lang='lat' dir='ltr'><strong>ut</strong></span> <span class='ocrx_word' id='word_1_150' title='bbox 435 1103 544 1139; x_wconf 87' lang='lat' dir='ltr'><strong>quidem</strong></span> <span class='ocrx_word' id='word_1_151' title='bbox 560 1104 721 1132; x_wconf 77' lang='lat' dir='ltr'><strong>Ptolemaeus</strong></span> <span class='ocrx_word' id='word_1_152' title='bbox 740 1105 768 1132; x_wconf 90' lang='lat' dir='ltr'><strong>in</strong></span> <span class='ocrx_word' id='word_1_153' title='bbox 787 1105 980 1140; x_wconf 75' lang='lat' dir='ltr'><strong>Composiliane</strong></span> 
     </span>
    </p>
   </div>
   <div class='ocr_carea' id='block_1_25' title="bbox 199 1149 980 1181">
    <p class='ocr_par' dir='ltr' id='par_1_25' title="bbox 199 1149 980 1181">
     <span class='ocr_line' id='line_1_25' title="bbox 199 1149 980 1181; baseline 0.001 -6"><span class='ocrx_word' id='word_1_154' title='bbox 199 1149 247 1180; x_wconf 89' lang='lat' dir='ltr'><strong>ait,</strong></span> <span class='ocrx_word' id='word_1_155' title='bbox 267 1149 477 1181; x_wconf 87' lang='lat' dir='ltr'><strong>trecentesima;</strong></span> <span class='ocrx_word' id='word_1_156' title='bbox 498 1153 526 1175; x_wconf 92' lang='lat' dir='ltr'><strong>ut</strong></span> <span class='ocrx_word' id='word_1_157' title='bbox 554 1153 643 1176; x_wconf 85' lang='lat' dir='ltr'><strong>autem</strong></span> <span class='ocrx_word' id='word_1_158' title='bbox 660 1149 806 1176; x_wconf 84' lang='lat' dir='ltr'><strong>Persarum</strong></span> <span class='ocrx_word' id='word_1_159' title='bbox 828 1151 980 1177; x_wconf 85' lang='lat' dir='ltr'><strong>mathema-</strong></span> 
     </span>
    </p>
   </div>
   <div class='ocr_carea' id='block_1_26' title="bbox 198 1195 978 1232">
    <p class='ocr_par' dir='ltr' id='par_1_26' title="bbox 198 1195 978 1232">
     <span class='ocr_line' id='line_1_26' title="bbox 198 1195 978 1232; baseline 0.003 -11"><span class='ocrx_word' id='word_1_160' title='bbox 198 1195 257 1226; x_wconf 86' lang='lat' dir='ltr'><strong>tici,</strong></span> <span class='ocrx_word' id='word_1_161' title='bbox 271 1199 298 1222; x_wconf 90' lang='lat' dir='ltr'><strong>et</strong></span> <span class='ocrx_word' id='word_1_162' title='bbox 313 1202 362 1232; x_wconf 86' lang='lat' dir='ltr'><strong>nos</strong></span> <span class='ocrx_word' id='word_1_163' title='bbox 379 1195 526 1223; x_wconf 84' lang='lat' dir='ltr'><strong>solstitium</strong></span> <span class='ocrx_word' id='word_1_164' title='bbox 542 1203 590 1230; x_wconf 90' lang='lat' dir='ltr'><strong>per</strong></span> <span class='ocrx_word' id='word_1_165' title='bbox 604 1196 695 1230; x_wconf 87' lang='lat' dir='ltr'><strong>plures</strong></span> <span class='ocrx_word' id='word_1_166' title='bbox 710 1196 769 1223; x_wconf 88' lang='lat' dir='ltr'><strong>dies</strong></span> <span class='ocrx_word' id='word_1_167' title='bbox 788 1196 978 1229; x_wconf 83' lang='lat' dir='ltr'><strong>observantes,</strong></span> 
     </span>
    </p>
   </div>
   <div class='ocr_carea' id='block_1_27' title="bbox 198 1239 978 1275">
    <p class='ocr_par' dir='ltr' id='par_1_27' title="bbox 198 1239 978 1275">
     <span class='ocr_line' id='line_1_27' title="bbox 198 1239 978 1275; baseline 0.003 -8"><span class='ocrx_word' id='word_1_168' title='bbox 198 1239 426 1275; x_wconf 85' lang='lat' dir='ltr'><strong>deprehendimus</strong></span> <span class='ocrx_word' id='word_1_169' title='bbox 440 1241 591 1275; x_wconf 91' lang='lat' dir='ltr'><strong>portionem</strong></span> <span class='ocrx_word' id='word_1_170' title='bbox 608 1241 682 1267; x_wconf 91' lang='lat' dir='ltr'><strong>illam</strong></span> <span class='ocrx_word' id='word_1_171' title='bbox 704 1241 832 1275; x_wconf 84' lang='lat' dir='ltr'><strong>majorem</strong></span> <span class='ocrx_word' id='word_1_172' title='bbox 848 1241 978 1269; x_wconf 86' lang='lat' dir='ltr'><strong>ducente-</strong></span> 
     </span>
    </p>
   </div>
   <div class='ocr_carea' id='block_1_28' title="bbox 197 1285 980 1322">
    <p class='ocr_par' dir='ltr' id='par_1_28' title="bbox 197 1285 980 1322">
     <span class='ocr_line' id='line_1_28' title="bbox 197 1285 980 1322; baseline 0.003 -10"><span class='ocrx_word' id='word_1_173' title='bbox 197 1285 267 1312; x_wconf 81' lang='lat' dir='ltr'><strong>sima</strong></span> <span class='ocrx_word' id='word_1_174' title='bbox 295 1290 382 1320; x_wconf 87' lang='lat' dir='ltr'><strong>parte,</strong></span> <span class='ocrx_word' id='word_1_175' title='bbox 415 1293 495 1321; x_wconf 88' lang='lat' dir='ltr'><strong>quam</strong></span> <span class='ocrx_word' id='word_1_176' title='bbox 521 1287 629 1321; x_wconf 90' lang='lat' dir='ltr'><strong>quidem</strong></span> <span class='ocrx_word' id='word_1_177' title='bbox 655 1294 670 1313; x_wconf 89' lang='lat' dir='ltr'><strong>a</strong></span> <span class='ocrx_word' id='word_1_178' title='bbox 689 1287 785 1314; x_wconf 87' lang='lat' dir='ltr'><strong>diebus</strong></span> <span class='ocrx_word' id='word_1_179' title='bbox 799 1287 851 1314; x_wconf 79' lang='grc'><strong>565</strong></span> <span class='ocrx_word' id='word_1_180' title='bbox 863 1291 889 1314; x_wconf 91' lang='lat' dir='ltr'><strong>et</strong></span> <span class='ocrx_word' id='word_1_181' title='bbox 912 1295 980 1322; x_wconf 86' lang='lat' dir='ltr'><strong>qua-</strong></span> 
     </span>
    </p>
   </div>
   <div class='ocr_carea' id='block_1_29' title="bbox 197 1331 980 1367">
    <p class='ocr_par' dir='ltr' id='par_1_29' title="bbox 197 1331 980 1367">
     <span class='ocr_line' id='line_1_29' title="bbox 197 1331 980 1367; baseline 0.003 -9"><span class='ocrx_word' id='word_1_182' title='bbox 197 1331 294 1358; x_wconf 90' lang='lat' dir='ltr'><strong>drante</strong></span> <span class='ocrx_word' id='word_1_183' title='bbox 310 1332 418 1359; x_wconf 80' lang='lat' dir='ltr'><strong>auferre</strong></span> <span class='ocrx_word' id='word_1_184' title='bbox 434 1336 567 1367; x_wconf 85' lang='lat' dir='ltr'><strong>oporteat.</strong></span> <span class='ocrx_word' id='word_1_185' title='bbox 594 1331 799 1367; x_wconf 55' lang='lat' dir='ltr'><strong>{Equinoetium</strong></span> <span class='ocrx_word' id='word_1_186' title='bbox 819 1334 891 1361; x_wconf 92' lang='lat' dir='ltr'><strong>enim</strong></span> <span class='ocrx_word' id='word_1_187' title='bbox 916 1341 980 1361; x_wconf 89' lang='lat' dir='ltr'><strong>ver-</strong></span> 
     </span>
    </p>
   </div>
   <div class='ocr_carea' id='block_1_30' title="bbox 199 1377 977 1406">
    <p class='ocr_par' dir='ltr' id='par_1_30' title="bbox 199 1377 977 1406">
     <span class='ocr_line' id='line_1_30' title="bbox 199 1377 977 1406; baseline 0.003 -2"><span class='ocrx_word' id='word_1_188' title='bbox 199 1384 264 1404; x_wconf 88' lang='lat' dir='ltr'><strong>num</strong></span> <span class='ocrx_word' id='word_1_189' title='bbox 278 1377 317 1404; x_wconf 87' lang='lat' dir='ltr'><strong>ait</strong></span> <span class='ocrx_word' id='word_1_190' title='bbox 331 1377 494 1405; x_wconf 67' lang='lat' dir='ltr'><strong>Ptolemmus</strong></span> <span class='ocrx_word' id='word_1_191' title='bbox 518 1378 618 1405; x_wconf 75' lang='lat' dir='ltr'><strong>szeculo</strong></span> <span class='ocrx_word' id='word_1_192' title='bbox 635 1385 686 1405; x_wconf 89' lang='lat' dir='ltr'><strong>suo</strong></span> <span class='ocrx_word' id='word_1_193' title='bbox 704 1378 800 1406; x_wconf 83' lang='lat' dir='ltr'><strong>conﬁci</strong></span> <span class='ocrx_word' id='word_1_194' title='bbox 815 1387 859 1406; x_wconf 79' lang='lat' dir='ltr'><strong>xxt</strong></span> <span class='ocrx_word' id='word_1_195' title='bbox 879 1378 977 1406; x_wconf 87' lang='lat' dir='ltr'><strong>Martii.</strong></span> 
     </span>
    </p>
   </div>
   <div class='ocr_carea' id='block_1_31' title="bbox 199 1421 978 1458">
    <p class='ocr_par' dir='ltr' id='par_1_31' title="bbox 199 1421 978 1458">
     <span class='ocr_line' id='line_1_31' title="bbox 199 1421 978 1458; baseline 0.004 -9"><span class='ocrx_word' id='word_1_196' title='bbox 199 1421 254 1450; x_wconf 87' lang='lat' dir='ltr'><strong>Nos</strong></span> <span class='ocrx_word' id='word_1_197' title='bbox 268 1427 357 1450; x_wconf 89' lang='lat' dir='ltr'><strong>autem</strong></span> <span class='ocrx_word' id='word_1_198' title='bbox 369 1423 459 1457; x_wconf 89' lang='lat' dir='ltr'><strong>ipsum</strong></span> <span class='ocrx_word' id='word_1_199' title='bbox 472 1422 700 1458; x_wconf 84' lang='lat' dir='ltr'><strong>deprehendimus</strong></span> <span class='ocrx_word' id='word_1_200' title='bbox 715 1430 778 1452; x_wconf 89' lang='lat' dir='ltr'><strong>ante</strong></span> <span class='ocrx_word' id='word_1_201' title='bbox 788 1433 821 1451; x_wconf 92' lang='lat' dir='ltr'><strong>xv</strong></span> <span class='ocrx_word' id='word_1_202' title='bbox 836 1425 935 1457; x_wconf 82' lang='lat' dir='ltr'><strong>Martii,</strong></span> <span class='ocrx_word' id='word_1_203' title='bbox 946 1433 978 1452; x_wconf 89' lang='lat' dir='ltr'><strong>ex</strong></span> 
     </span>
    </p>
   </div>
   <div class='ocr_carea' id='block_1_32' title="bbox 199 1470 979 1504">
    <p class='ocr_par' dir='ltr' id='par_1_32' title="bbox 199 1470 979 1504">
     <span class='ocr_line' id='line_1_32' title="bbox 199 1470 979 1504; baseline 0.001 -7"><span class='ocrx_word' id='word_1_204' title='bbox 199 1470 310 1497; x_wconf 81' lang='lat' dir='ltr'><strong>solstitii</strong></span> <span class='ocrx_word' id='word_1_205' title='bbox 323 1470 561 1497; x_wconf 87' lang='lat' dir='ltr'><strong>observationibus</strong></span> <span class='ocrx_word' id='word_1_206' title='bbox 578 1470 667 1504; x_wconf 93' lang='lat' dir='ltr'><strong>ipsum</strong></span> <span class='ocrx_word' id='word_1_207' title='bbox 681 1474 817 1504; x_wconf 81' lang='lat' dir='ltr'><strong>putantes.</strong></span> <span class='ocrx_word' id='word_1_208' title='bbox 834 1470 903 1503; x_wconf 91' lang='lat' dir='ltr'><strong>Quia</strong></span> <span class='ocrx_word' id='word_1_209' title='bbox 915 1479 979 1498; x_wconf 90' lang='lat' dir='ltr'><strong>vero</strong></span> 
     </span>
    </p>
   </div>
   <div class='ocr_carea' id='block_1_33' title="bbox 198 1514 978 1550">
    <p class='ocr_par' dir='ltr' id='par_1_33' title="bbox 198 1514 978 1550">
     <span class='ocr_line' id='line_1_33' title="bbox 198 1514 978 1550; baseline 0 -8"><span class='ocrx_word' id='word_1_210' title='bbox 198 1515 243 1542; x_wconf 83' lang='lat' dir='ltr'><strong>lex</strong></span> <span class='ocrx_word' id='word_1_211' title='bbox 268 1514 387 1542; x_wconf 80' lang='lat' dir='ltr'><strong>Mosaica</strong></span> <span class='ocrx_word' id='word_1_212' title='bbox 411 1515 536 1548; x_wconf 90' lang='lat' dir='ltr'><strong>proximo</strong></span> <span class='ocrx_word' id='word_1_213' title='bbox 563 1519 625 1550; x_wconf 88' lang='lat' dir='ltr'><strong>post</strong></span> <span class='ocrx_word' id='word_1_214' title='bbox 648 1523 762 1542; x_wconf 87' lang='lat' dir='ltr'><strong>vernum</strong></span> <span class='ocrx_word' id='word_1_215' title='bbox 786 1515 978 1550; x_wconf 76' lang='lat' dir='ltr'><strong>aequinoctium</strong></span> 
     </span>
    </p>
   </div>
   <div class='ocr_carea' id='block_1_34' title="bbox 1027 281 1821 317">
    <p class='ocr_par' dir='ltr' id='par_1_34' title="bbox 1027 281 1821 317">
     <span class='ocr_line' id='line_1_34' title="bbox 1027 281 1821 317; baseline 0 -10"><span class='ocrx_word' id='word_1_216' title='bbox 1027 281 1157 317; x_wconf 74' lang='grc' dir='ltr'>Σαϐϐάτῳ</span> <span class='ocrx_word' id='word_1_217' title='bbox 1166 282 1194 308; x_wconf 81' lang='grc' dir='ltr'>δὲ</span> <span class='ocrx_word' id='word_1_218' title='bbox 1204 283 1234 308; x_wconf 81' lang='grc' dir='ltr'>τὸ</span> <span class='ocrx_word' id='word_1_219' title='bbox 1243 283 1334 317; x_wconf 78' lang='grc' dir='ltr'>ὅμοιον</span> <span class='ocrx_word' id='word_1_220' title='bbox 1346 282 1488 316; x_wconf 72' lang='grc' dir='ltr'>συμϐαίνει</span> <span class='ocrx_word' id='word_1_221' title='bbox 1499 281 1542 309; x_wconf 77' lang='grc' dir='ltr'><strong>διὰ</strong></span> <span class='ocrx_word' id='word_1_222' title='bbox 1552 282 1601 317; x_wconf 84' lang='grc' dir='ltr'>τὴν</span> <span class='ocrx_word' id='word_1_223' title='bbox 1614 281 1705 316; x_wconf 77' lang='grc' dir='ltr'>αὐτὴν</span> <span class='ocrx_word' id='word_1_224' title='bbox 1716 281 1821 308; x_wconf 74' lang='grc' dir='ltr'>αἰτίαν.</span> 
     </span>
    </p>
   </div>
   <div class='ocr_carea' id='block_1_35' title="bbox 1034 327 1822 363">
    <p class='ocr_par' dir='ltr' id='par_1_35' title="bbox 1034 327 1822 363">
     <span class='ocr_line' id='line_1_35' title="bbox 1034 327 1822 363; baseline -0.003 -9"><span class='ocrx_word' id='word_1_225' title='bbox 1034 327 1197 361; x_wconf 82' lang='grc' dir='ltr'>ὐφείλοντες</span> <span class='ocrx_word' id='word_1_226' title='bbox 1211 328 1265 363; x_wconf 83' lang='grc' dir='ltr'><strong>γὰρ</strong></span> <span class='ocrx_word' id='word_1_227' title='bbox 1279 328 1326 354; x_wconf 76' lang='grc' dir='ltr'>καὶ</span> <span class='ocrx_word' id='word_1_228' title='bbox 1340 327 1426 359; x_wconf 81' lang='grc' dir='ltr'>οὕτως</span> <span class='ocrx_word' id='word_1_229' title='bbox 1441 328 1473 362; x_wconf 82' lang='grc' dir='ltr'>τῇ</span> <span class='ocrx_word' id='word_1_230' title='bbox 1489 327 1619 363; x_wconf 75' lang='grc' dir='ltr'><strong>ἐπαύριον</strong></span> <span class='ocrx_word' id='word_1_231' title='bbox 1628 327 1766 362; x_wconf 81' lang='grc' dir='ltr'>Κυριακῇ</span> <span class='ocrx_word' id='word_1_232' title='bbox 1778 335 1822 352; x_wconf 76' lang='grc' dir='ltr'>τε-</span> 
     </span>
    </p>
   </div>
   <div class='ocr_carea' id='block_1_36' title="bbox 1027 372 1822 409">
    <p class='ocr_par' dir='ltr' id='par_1_36' title="bbox 1027 372 1822 409">
     <span class='ocr_line' id='line_1_36' title="bbox 1027 372 1822 409; baseline 0 -11"><span class='ocrx_word' id='word_1_233' title='bbox 1027 373 1082 399; x_wconf 88' lang='grc' dir='ltr'>λεῖν</span> <span class='ocrx_word' id='word_1_234' title='bbox 1100 373 1131 399; x_wconf 79' lang='grc' dir='ltr'>τὸ</span> <span class='ocrx_word' id='word_1_235' title='bbox 1147 374 1250 408; x_wconf 82' lang='grc' dir='ltr'><strong>Πάσχα,</strong></span> <span class='ocrx_word' id='word_1_236' title='bbox 1267 374 1307 405; x_wconf 80' lang='grc' dir='ltr'>εἰς</span> <span class='ocrx_word' id='word_1_237' title='bbox 1321 373 1370 409; x_wconf 85' lang='grc' dir='ltr'>τὴν</span> <span class='ocrx_word' id='word_1_238' title='bbox 1382 373 1439 408; x_wconf 81' lang='grc' dir='ltr'>μετ’</span> <span class='ocrx_word' id='word_1_239' title='bbox 1451 373 1536 408; x_wconf 73' lang='grc' dir='ltr'>αὐτὴν</span> <span class='ocrx_word' id='word_1_240' title='bbox 1550 372 1757 408; x_wconf 76' lang='grc' dir='ltr'>μεταϐαίνομεν</span> <span class='ocrx_word' id='word_1_241' title='bbox 1773 373 1822 398; x_wconf 77' lang='grc' dir='ltr'>οὐκ</span> 
     </span>
    </p>
   </div>
   <div class='ocr_carea' id='block_1_37' title="bbox 1027 418 1821 454">
    <p class='ocr_par' dir='ltr' id='par_1_37' title="bbox 1027 418 1821 454">
     <span class='ocr_line' id='line_1_37' title="bbox 1027 418 1821 454; baseline -0.001 -9"><span class='ocrx_word' id='word_1_242' title='bbox 1027 419 1124 454; x_wconf 80' lang='grc' dir='ltr'>ὀρθῶς.</span> <span class='ocrx_word' id='word_1_243' title='bbox 1140 419 1186 445; x_wconf 85' lang='grc' dir='ltr'>Ἐν</span> <span class='ocrx_word' id='word_1_244' title='bbox 1197 420 1245 454; x_wconf 83' lang='grc' dir='ltr'>μὲν</span> <span class='ocrx_word' id='word_1_245' title='bbox 1261 419 1294 454; x_wconf 86' lang='grc' dir='ltr'>δὴ</span> <span class='ocrx_word' id='word_1_246' title='bbox 1313 419 1402 450; x_wconf 81' lang='grc' dir='ltr'>τοῦτο,</span> <span class='ocrx_word' id='word_1_247' title='bbox 1419 419 1466 445; x_wconf 78' lang='grc' dir='ltr'>καὶ</span> <span class='ocrx_word' id='word_1_248' title='bbox 1484 419 1522 450; x_wconf 78' lang='grc' dir='ltr'>ὡς</span> <span class='ocrx_word' id='word_1_249' title='bbox 1542 419 1588 445; x_wconf 79' lang='grc' dir='ltr'>ἐπὶ</span> <span class='ocrx_word' id='word_1_250' title='bbox 1605 418 1636 444; x_wconf 80' lang='grc' dir='ltr'><strong>τὸ</strong></span> <span class='ocrx_word' id='word_1_251' title='bbox 1659 418 1735 445; x_wconf 79' lang='grc' dir='ltr'>πολὺ</span> <span class='ocrx_word' id='word_1_252' title='bbox 1751 426 1821 452; x_wconf 81' lang='grc' dir='ltr'>συμ-</span> 
     </span>
    </p>
   </div>
   <div class='ocr_carea' id='block_1_38' title="bbox 1028 462 1823 499">
    <p class='ocr_par' dir='ltr' id='par_1_38' title="bbox 1028 462 1823 499">
     <span class='ocr_line' id='line_1_38' title="bbox 1028 462 1823 499; baseline -0.003 -10"><span class='ocrx_word' id='word_1_253' title='bbox 1028 463 1118 490; x_wconf 79' lang='grc' dir='ltr'>6αἰνον</span> <span class='ocrx_word' id='word_1_254' title='bbox 1133 464 1264 499; x_wconf 81' lang='grc' dir='ltr'>σφαλερὸν</span> <span class='ocrx_word' id='word_1_255' title='bbox 1281 463 1356 498; x_wconf 84' lang='grc' dir='ltr'>παρὰ</span> <span class='ocrx_word' id='word_1_256' title='bbox 1368 463 1416 498; x_wconf 81' lang='grc' dir='ltr'>τὴν</span> <span class='ocrx_word' id='word_1_257' title='bbox 1432 463 1578 498; x_wconf 83' lang='grc' dir='ltr'>εἰρημένην</span> <span class='ocrx_word' id='word_1_258' title='bbox 1590 462 1696 494; x_wconf 83' lang='grc' dir='ltr'>αἰτίαν,</span> <span class='ocrx_word' id='word_1_259' title='bbox 1714 462 1770 497; x_wconf 78' lang='grc' dir='ltr'>τὴν</span> <span class='ocrx_word' id='word_1_260' title='bbox 1786 462 1823 496; x_wconf 68' lang='grc' dir='ltr'>μὴ</span> 
     </span>
    </p>
   </div>
   <div class='ocr_carea' id='block_1_39' title="bbox 1028 509 1822 545">
    <p class='ocr_par' dir='ltr' id='par_1_39' title="bbox 1028 509 1822 545">
     <span class='ocr_line' id='line_1_39' title="bbox 1028 509 1822 545; baseline -0.001 -9"><span class='ocrx_word' id='word_1_261' title='bbox 1028 509 1081 536; x_wconf 76' lang='grc' dir='ltr'><strong>ἀπὸ</strong></span> <span class='ocrx_word' id='word_1_262' title='bbox 1095 510 1144 545; x_wconf 87' lang='grc' dir='ltr'>τῆς</span> <span class='ocrx_word' id='word_1_263' title='bbox 1156 509 1286 544; x_wconf 73' lang='grc' dir='ltr'>ἀκριϐοῦς</span> <span class='ocrx_word' id='word_1_264' title='bbox 1299 510 1544 541; x_wconf 75' lang='grc' dir='ltr'><strong>ἀποκαταστάσεως</strong></span> <span class='ocrx_word' id='word_1_265' title='bbox 1555 517 1563 524; x_wconf 85' lang='grc'>·</span> <span class='ocrx_word' id='word_1_266' title='bbox 1577 509 1636 536; x_wconf 81' lang='grc' dir='ltr'>ἐστι</span> <span class='ocrx_word' id='word_1_267' title='bbox 1649 509 1682 535; x_wconf 76' lang='grc' dir='ltr'>δὲ</span> <span class='ocrx_word' id='word_1_268' title='bbox 1700 509 1752 535; x_wconf 78' lang='grc' dir='ltr'>καὶ</span> <span class='ocrx_word' id='word_1_269' title='bbox 1763 509 1822 535; x_wconf 78' lang='grc' dir='ltr'>ἓτε-</span> 
     </span>
    </p>
   </div>
   <div class='ocr_carea' id='block_1_40' title="bbox 1030 553 1822 590">
    <p class='ocr_par' dir='ltr' id='par_1_40' title="bbox 1030 553 1822 590">
     <span class='ocr_line' id='line_1_40' title="bbox 1030 553 1822 590; baseline -0.003 -9"><span class='ocrx_word' id='word_1_270' title='bbox 1030 563 1075 590; x_wconf 86' lang='grc' dir='ltr'><strong>ρον</strong></span> <span class='ocrx_word' id='word_1_271' title='bbox 1087 555 1168 590; x_wconf 65' lang='grc' dir='ltr'>(πλὴν</span> <span class='ocrx_word' id='word_1_272' title='bbox 1190 554 1310 586; x_wconf 82' lang='grc' dir='ltr'><strong>σπανίως</strong></span> <span class='ocrx_word' id='word_1_273' title='bbox 1330 554 1490 589; x_wconf 84' lang='grc' dir='ltr'>γινόμενον),</span> <span class='ocrx_word' id='word_1_274' title='bbox 1513 553 1557 580; x_wconf 84' lang='grc' dir='ltr'>διὰ</span> <span class='ocrx_word' id='word_1_275' title='bbox 1578 553 1628 589; x_wconf 82' lang='grc' dir='ltr'>τὴν</span> <span class='ocrx_word' id='word_1_276' title='bbox 1644 554 1699 589; x_wconf 79' lang='grc' dir='ltr'>τῆς</span> <span class='ocrx_word' id='word_1_277' title='bbox 1722 555 1822 588; x_wconf 78' lang='grc' dir='ltr'>ἰσημε-</span> 
     </span>
    </p>
   </div>
   <div class='ocr_carea' id='block_1_41' title="bbox 1030 599 1821 635">
    <p class='ocr_par' dir='ltr' id='par_1_41' title="bbox 1030 599 1821 635">
     <span class='ocr_line' id='line_1_41' title="bbox 1030 599 1821 635; baseline -0.001 -10"><span class='ocrx_word' id='word_1_278' title='bbox 1030 599 1090 635; x_wconf 85' lang='grc' dir='ltr'>ρίας</span> <span class='ocrx_word' id='word_1_279' title='bbox 1108 599 1289 634; x_wconf 75' lang='grc' dir='ltr'>μετάπτωσιν.</span> <span class='ocrx_word' id='word_1_280' title='bbox 1313 599 1517 634; x_wconf 83' lang='grc' dir='ltr'>Ὀπισθοδρομεῖ</span> <span class='ocrx_word' id='word_1_281' title='bbox 1532 600 1586 634; x_wconf 80' lang='grc' dir='ltr'><strong>γὰρ</strong></span> <span class='ocrx_word' id='word_1_282' title='bbox 1597 599 1646 625; x_wconf 75' lang='grc' dir='ltr'>καὶ</span> <span class='ocrx_word' id='word_1_283' title='bbox 1659 599 1735 633; x_wconf 79' lang='grc' dir='ltr'>αὕτη</span> <span class='ocrx_word' id='word_1_284' title='bbox 1750 599 1821 625; x_wconf 72' lang='grc' dir='ltr'>κατᾶ</span> 
     </span>
    </p>
   </div>
   <div class='ocr_carea' id='block_1_42' title="bbox 1029 645 1820 680">
    <p class='ocr_par' dir='ltr' id='par_1_42' title="bbox 1029 645 1820 680">
     <span class='ocr_line' id='line_1_42' title="bbox 1029 645 1820 680; baseline 0 -9"><span class='ocrx_word' id='word_1_285' title='bbox 1029 646 1169 680; x_wconf 75' lang='grc' dir='ltr'><strong>περιόδους</strong></span> <span class='ocrx_word' id='word_1_286' title='bbox 1179 645 1256 679; x_wconf 76' lang='grc' dir='ltr'>ἐτῶν,</span> <span class='ocrx_word' id='word_1_287' title='bbox 1271 645 1302 671; x_wconf 81' lang='grc' dir='ltr'><strong>δι’</strong></span> <span class='ocrx_word' id='word_1_288' title='bbox 1316 645 1348 680; x_wconf 82' lang='grc' dir='ltr'>ἢν</span> <span class='ocrx_word' id='word_1_289' title='bbox 1357 646 1443 672; x_wconf 78' lang='grc' dir='ltr'><strong>αἰτίαν</strong></span> <span class='ocrx_word' id='word_1_290' title='bbox 1453 646 1578 680; x_wconf 75' lang='grc' dir='ltr'><strong>ἐροῦμεν,</strong></span> <span class='ocrx_word' id='word_1_291' title='bbox 1591 646 1710 680; x_wconf 79' lang='grc' dir='ltr'>ἔχουσαν</span> <span class='ocrx_word' id='word_1_292' title='bbox 1722 645 1820 676; x_wconf 71' lang='grc' dir='ltr'>οὔτως-</span> 
     </span>
    </p>
   </div>
   <div class='ocr_carea' id='block_1_43' title="bbox 1029 691 1820 727">
    <p class='ocr_par' dir='ltr' id='par_1_43' title="bbox 1029 691 1820 727">
     <span class='ocr_line' id='line_1_43' title="bbox 1029 691 1820 727; baseline -0.001 -9"><span class='ocrx_word' id='word_1_293' title='bbox 1029 691 1066 718; x_wconf 80' lang='grc' dir='ltr'><strong>Τὸ</strong></span> <span class='ocrx_word' id='word_1_294' title='bbox 1079 691 1122 718; x_wconf 79' lang='grc' dir='ltr'><strong>διὰ</strong></span> <span class='ocrx_word' id='word_1_295' title='bbox 1138 691 1190 723; x_wconf 77' lang='grc' dir='ltr'>τξε¹</span> <span class='ocrx_word' id='word_1_296' title='bbox 1202 692 1312 727; x_wconf 84' lang='grc' dir='ltr'>ἡμερῶν</span> <span class='ocrx_word' id='word_1_297' title='bbox 1323 692 1369 718; x_wconf 76' lang='grc' dir='ltr'>καὶ</span> <span class='ocrx_word' id='word_1_298' title='bbox 1387 691 1408 718; x_wconf 83' lang='grc' dir='ltr'>δ’</span> <span class='ocrx_word' id='word_1_299' title='bbox 1428 691 1516 725; x_wconf 83' lang='grc' dir='ltr'>λέγειν</span> <span class='ocrx_word' id='word_1_300' title='bbox 1538 692 1582 718; x_wconf 80' lang='grc' dir='ltr'><strong>τὸν</strong></span> <span class='ocrx_word' id='word_1_301' title='bbox 1603 692 1683 726; x_wconf 74' lang='grc' dir='ltr'>ἥλιον</span> <span class='ocrx_word' id='word_1_302' title='bbox 1700 692 1759 718; x_wconf 80' lang='grc' dir='ltr'>ἀπὸ</span> <span class='ocrx_word' id='word_1_303' title='bbox 1776 691 1820 717; x_wconf 72' lang='grc' dir='ltr'>τοῦ</span> 
     </span>
    </p>
   </div>
   <div class='ocr_carea' id='block_1_44' title="bbox 1030 736 1821 772">
    <p class='ocr_par' dir='ltr' id='par_1_44' title="bbox 1030 736 1821 772">
     <span class='ocr_line' id='line_1_44' title="bbox 1030 736 1821 772; baseline 0 -9"><span class='ocrx_word' id='word_1_304' title='bbox 1030 736 1111 763; x_wconf 76' lang='grc' dir='ltr'>αὐτοῦ</span> <span class='ocrx_word' id='word_1_305' title='bbox 1128 737 1239 772; x_wconf 79' lang='grc' dir='ltr'><strong>σημείου</strong></span> <span class='ocrx_word' id='word_1_306' title='bbox 1256 738 1295 769; x_wconf 86' lang='grc' dir='ltr'><strong>εἰς</strong></span> <span class='ocrx_word' id='word_1_307' title='bbox 1312 737 1342 763; x_wconf 80' lang='grc' dir='ltr'><strong>τὸ</strong></span> <span class='ocrx_word' id='word_1_308' title='bbox 1362 737 1428 764; x_wconf 72' lang='grc' dir='ltr'>αὐτὸ</span> <span class='ocrx_word' id='word_1_309' title='bbox 1446 737 1634 770; x_wconf 79' lang='grc' dir='ltr'>καθίστασθαι,</span> <span class='ocrx_word' id='word_1_310' title='bbox 1656 738 1821 772; x_wconf 79' lang='grc' dir='ltr'>παχυμερέ-</span> 
     </span>
    </p>
   </div>
   <div class='ocr_carea' id='block_1_45' title="bbox 1030 782 1821 818">
    <p class='ocr_par' dir='ltr' id='par_1_45' title="bbox 1030 782 1821 818">
     <span class='ocr_line' id='line_1_45' title="bbox 1030 782 1821 818; baseline 0 -10"><span class='ocrx_word' id='word_1_311' title='bbox 1030 790 1125 817; x_wconf 87' lang='grc' dir='ltr'>στερον</span> <span class='ocrx_word' id='word_1_312' title='bbox 1146 783 1268 817; x_wconf 79' lang='grc' dir='ltr'>εἴρηται·</span> <span class='ocrx_word' id='word_1_313' title='bbox 1291 782 1360 809; x_wconf 83' lang='grc' dir='ltr'>κατὰ</span> <span class='ocrx_word' id='word_1_314' title='bbox 1383 782 1411 808; x_wconf 83' lang='grc' dir='ltr'>δὲ</span> <span class='ocrx_word' id='word_1_315' title='bbox 1433 782 1463 808; x_wconf 81' lang='grc' dir='ltr'>τὸ</span> <span class='ocrx_word' id='word_1_316' title='bbox 1487 782 1685 818; x_wconf 76' lang='grc' dir='ltr'>ἀκριϐέστερον</span> <span class='ocrx_word' id='word_1_317' title='bbox 1796 791 1821 808; x_wconf 88' lang='grc' dir='ltr'><strong>τι</strong></span> 
     </span>
    </p>
   </div>
   <div class='ocr_carea' id='block_1_46' title="bbox 1032 829 1821 864">
    <p class='ocr_par' dir='ltr' id='par_1_46' title="bbox 1032 829 1821 864">
     <span class='ocr_line' id='line_1_46' title="bbox 1032 829 1821 864; baseline 0.001 -10"><span class='ocrx_word' id='word_1_318' title='bbox 1032 829 1123 864; x_wconf 84' lang='grc' dir='ltr'>μόριον</span> <span class='ocrx_word' id='word_1_319' title='bbox 1136 837 1142 843; x_wconf 94' lang='grc'><strong>·</strong></span> <span class='ocrx_word' id='word_1_320' title='bbox 1158 829 1196 860; x_wconf 87' lang='grc' dir='ltr'>ὡς</span> <span class='ocrx_word' id='word_1_321' title='bbox 1213 829 1261 864; x_wconf 86' lang='grc' dir='ltr'>μὲν</span> <span class='ocrx_word' id='word_1_322' title='bbox 1276 829 1290 854; x_wconf 86' lang='grc' dir='ltr'><strong>ό</strong></span> <span class='ocrx_word' id='word_1_323' title='bbox 1303 829 1465 864; x_wconf 77' lang='grc' dir='ltr'>Πτολεμαῖος</span> <span class='ocrx_word' id='word_1_324' title='bbox 1482 830 1510 855; x_wconf 85' lang='grc' dir='ltr'><strong>ἐν</strong></span> <span class='ocrx_word' id='word_1_325' title='bbox 1528 831 1560 864; x_wconf 86' lang='grc' dir='ltr'><strong>τῇ</strong></span> <span class='ocrx_word' id='word_1_326' title='bbox 1577 829 1727 860; x_wconf 76' lang='grc' dir='ltr'>Συντάξει</span> <span class='ocrx_word' id='word_1_327' title='bbox 1745 830 1821 864; x_wconf 57' lang='grc' dir='ltr'>φησι,</span> 
     </span>
    </p>
   </div>
   <div class='ocr_carea' id='block_1_47' title="bbox 1031 875 1823 910">
    <p class='ocr_par' dir='ltr' id='par_1_47' title="bbox 1031 875 1823 910">
     <span class='ocr_line' id='line_1_47' title="bbox 1031 875 1823 910; baseline 0 -9"><span class='ocrx_word' id='word_1_328' title='bbox 1031 875 1199 910; x_wconf 82' lang='grc' dir='ltr'>τριακοστὸν,</span> <span class='ocrx_word' id='word_1_329' title='bbox 1216 875 1254 906; x_wconf 84' lang='grc' dir='ltr'>ὡς</span> <span class='ocrx_word' id='word_1_330' title='bbox 1266 875 1295 901; x_wconf 76' lang='grc' dir='ltr'>δὲ</span> <span class='ocrx_word' id='word_1_331' title='bbox 1307 875 1335 901; x_wconf 73' lang='grc' dir='ltr'><strong>οἵ</strong></span> <span class='ocrx_word' id='word_1_332' title='bbox 1344 884 1373 902; x_wconf 89' lang='grc' dir='ltr'><strong>τε</strong></span> <span class='ocrx_word' id='word_1_333' title='bbox 1386 875 1460 910; x_wconf 74' lang='grc' dir='ltr'>παρὰ</span> <span class='ocrx_word' id='word_1_334' title='bbox 1474 875 1591 910; x_wconf 75' lang='grc' dir='ltr'><strong>Πέρσαις</strong></span> <span class='ocrx_word' id='word_1_335' title='bbox 1605 875 1637 901; x_wconf 86' lang='grc' dir='ltr'><strong>τὺ</strong></span> <span class='ocrx_word' id='word_1_336' title='bbox 1652 875 1707 910; x_wconf 81' lang='grc' dir='ltr'>τῆς</span> <span class='ocrx_word' id='word_1_337' title='bbox 1722 876 1823 910; x_wconf 53' lang='grc' dir='ltr'>ἀστρψ</span> 
     </span>
    </p>
   </div>
   <div class='ocr_carea' id='block_1_48' title="bbox 1031 920 1823 957">
    <p class='ocr_par' dir='ltr' id='par_1_48' title="bbox 1031 920 1823 957">
     <span class='ocr_line' id='line_1_48' title="bbox 1031 920 1823 957; baseline 0 -11"><span class='ocrx_word' id='word_1_338' title='bbox 1031 920 1126 955; x_wconf 86' lang='grc' dir='ltr'>νομίας</span> <span class='ocrx_word' id='word_1_339' title='bbox 1153 920 1352 957; x_wconf 77' lang='grc' dir='ltr'>μετερχόμενοι,</span> <span class='ocrx_word' id='word_1_340' title='bbox 1370 921 1416 947; x_wconf 76' lang='grc' dir='ltr'>καὶ</span> <span class='ocrx_word' id='word_1_341' title='bbox 1436 922 1524 956; x_wconf 85' lang='grc' dir='ltr'>ἡμεῖς,</span> <span class='ocrx_word' id='word_1_342' title='bbox 1550 920 1599 956; x_wconf 80' lang='grc' dir='ltr'>τὴν</span> <span class='ocrx_word' id='word_1_343' title='bbox 1627 920 1745 956; x_wconf 75' lang='grc' dir='ltr'>θερινὴν</span> <span class='ocrx_word' id='word_1_344' title='bbox 1764 929 1823 946; x_wconf 79' lang='grc' dir='ltr'>σκο-</span> 
     </span>
    </p>
   </div>
   <div class='ocr_carea' id='block_1_49' title="bbox 1029 966 1822 1002">
    <p class='ocr_par' dir='ltr' id='par_1_49' title="bbox 1029 966 1822 1002">
     <span class='ocr_line' id='line_1_49' title="bbox 1029 966 1822 1002; baseline 0.001 -10"><span class='ocrx_word' id='word_1_345' title='bbox 1029 966 1143 998; x_wconf 81' lang='grc' dir='ltr'>ποῦντες</span> <span class='ocrx_word' id='word_1_346' title='bbox 1160 967 1262 1002; x_wconf 83' lang='grc' dir='ltr'>τροπὴν</span> <span class='ocrx_word' id='word_1_347' title='bbox 1278 966 1464 998; x_wconf 81' lang='grc' dir='ltr'>ἀνατέλλοντος</span> <span class='ocrx_word' id='word_1_348' title='bbox 1479 967 1525 993; x_wconf 80' lang='grc' dir='ltr'>τοῦ</span> <span class='ocrx_word' id='word_1_349' title='bbox 1545 967 1634 1002; x_wconf 82' lang='grc' dir='ltr'>ἡλίου,</span> <span class='ocrx_word' id='word_1_350' title='bbox 1652 967 1689 993; x_wconf 83' lang='grc' dir='ltr'>δι’</span> <span class='ocrx_word' id='word_1_351' title='bbox 1708 968 1822 1002; x_wconf 69' lang='grc' dir='ltr'>ἡμεριὲν</span> 
     </span>
    </p>
   </div>
   <div class='ocr_carea' id='block_1_50' title="bbox 1029 1012 1822 1048">
    <p class='ocr_par' dir='ltr' id='par_1_50' title="bbox 1029 1012 1822 1048">
     <span class='ocr_line' id='line_1_50' title="bbox 1029 1012 1822 1048; baseline 0.001 -10"><span class='ocrx_word' id='word_1_352' title='bbox 1029 1012 1156 1039; x_wconf 84' lang='grc' dir='ltr'>πλειόνων</span> <span class='ocrx_word' id='word_1_353' title='bbox 1171 1013 1385 1048; x_wconf 79' lang='grc' dir='ltr'>ἐστοχασάμεθα,</span> <span class='ocrx_word' id='word_1_354' title='bbox 1399 1013 1582 1039; x_wconf 80' lang='grc' dir='ltr'>διακοσιοστοῦ</span> <span class='ocrx_word' id='word_1_355' title='bbox 1597 1012 1704 1048; x_wconf 79' lang='grc' dir='ltr'>μεῖζον,</span> <span class='ocrx_word' id='word_1_356' title='bbox 1720 1013 1822 1048; x_wconf 73' lang='grc' dir='ltr'>μᾶλλον</span> 
     </span>
    </p>
   </div>
   <div class='ocr_carea' id='block_1_51' title="bbox 1028 1057 1824 1094">
    <p class='ocr_par' dir='ltr' id='par_1_51' title="bbox 1028 1057 1824 1094">
     <span class='ocr_line' id='line_1_51' title="bbox 1028 1057 1824 1094; baseline 0 -10"><span class='ocrx_word' id='word_1_357' title='bbox 1028 1057 1056 1084; x_wconf 81' lang='grc' dir='ltr'>δὲ</span> <span class='ocrx_word' id='word_1_358' title='bbox 1070 1058 1081 1072; x_wconf 84' lang='grc'><strong>⁹</strong></span> <span class='ocrx_word' id='word_1_359' title='bbox 1097 1058 1192 1094; x_wconf 82' lang='grc' dir='ltr'>βραχεῖ</span> <span class='ocrx_word' id='word_1_360' title='bbox 1213 1067 1264 1084; x_wconf 88' lang='grc' dir='ltr'>τινι</span> <span class='ocrx_word' id='word_1_361' title='bbox 1289 1058 1397 1085; x_wconf 77' lang='grc' dir='ltr'>ἔλαττον</span> <span class='ocrx_word' id='word_1_362' title='bbox 1424 1058 1582 1090; x_wconf 80' lang='grc' dir='ltr'>ἐκατοστοῦ,</span> <span class='ocrx_word' id='word_1_363' title='bbox 1598 1059 1773 1094; x_wconf 79' lang='grc' dir='ltr'>εὑρίσκομεν</span> <span class='ocrx_word' id='word_1_364' title='bbox 1794 1059 1824 1085; x_wconf 69' lang='grc' dir='ltr'>τὸ</span> 
     </span>
    </p>
   </div>
   <div class='ocr_carea' id='block_1_52' title="bbox 1031 1102 1823 1139">
    <p class='ocr_par' dir='ltr' id='par_1_52' title="bbox 1031 1102 1823 1139">
     <span class='ocr_line' id='line_1_52' title="bbox 1031 1102 1823 1139; baseline 0.003 -11"><span class='ocrx_word' id='word_1_365' title='bbox 1031 1102 1123 1138; x_wconf 87' lang='grc' dir='ltr'>μόριον</span> <span class='ocrx_word' id='word_1_366' title='bbox 1138 1102 1225 1135; x_wconf 80' lang='grc' dir='ltr'>τοῦτο,</span> <span class='ocrx_word' id='word_1_367' title='bbox 1240 1103 1255 1128; x_wconf 79' lang='grc' dir='ltr'><strong><em>ὃ</em></strong></span> <span class='ocrx_word' id='word_1_368' title='bbox 1267 1103 1319 1130; x_wconf 82' lang='grc' dir='ltr'>τῶν</span> <span class='ocrx_word' id='word_1_369' title='bbox 1332 1103 1384 1134; x_wconf 81' lang='grc' dir='ltr'>τξε¹</span> <span class='ocrx_word' id='word_1_370' title='bbox 1397 1104 1442 1130; x_wconf 73' lang='grc' dir='ltr'>καὶ</span> <span class='ocrx_word' id='word_1_371' title='bbox 1452 1103 1471 1130; x_wconf 64' lang='grc' dir='ltr'><strong>δ</strong></span> <span class='ocrx_word' id='word_1_372' title='bbox 1486 1104 1612 1139; x_wconf 71' lang='grc' dir='ltr'>ἀφαιρεῖν</span> <span class='ocrx_word' id='word_1_373' title='bbox 1627 1104 1680 1130; x_wconf 78' lang='grc' dir='ltr'>δεῖ.</span> <span class='ocrx_word' id='word_1_374' title='bbox 1695 1104 1755 1139; x_wconf 71' lang='grc' dir='ltr'><strong>Τήν</strong></span> <span class='ocrx_word' id='word_1_375' title='bbox 1769 1104 1823 1138; x_wconf 73' lang='grc' dir='ltr'><strong>γὰρ</strong></span> 
     </span>
    </p>
   </div>
   <div class='ocr_carea' id='block_1_53' title="bbox 1029 1149 1822 1185">
    <p class='ocr_par' dir='ltr' id='par_1_53' title="bbox 1029 1149 1822 1185">
     <span class='ocr_line' id='line_1_53' title="bbox 1029 1149 1822 1185; baseline 0.001 -10"><span class='ocrx_word' id='word_1_376' title='bbox 1029 1149 1139 1184; x_wconf 82' lang='grc' dir='ltr'>ἐαρινὴν</span> <span class='ocrx_word' id='word_1_377' title='bbox 1157 1149 1300 1184; x_wconf 87' lang='grc' dir='ltr'>ἰσημερίαν</span> <span class='ocrx_word' id='word_1_378' title='bbox 1314 1150 1346 1184; x_wconf 84' lang='grc' dir='ltr'>τῇ</span> <span class='ocrx_word' id='word_1_379' title='bbox 1363 1153 1405 1176; x_wconf 74' lang='grc' dir='ltr'>κα¹</span> <span class='ocrx_word' id='word_1_380' title='bbox 1422 1149 1468 1176; x_wconf 75' lang='grc' dir='ltr'>τοῦ</span> <span class='ocrx_word' id='word_1_381' title='bbox 1484 1150 1605 1185; x_wconf 75' lang='grc' dir='ltr'><strong>Μαρτίου</strong></span> <span class='ocrx_word' id='word_1_382' title='bbox 1620 1150 1706 1185; x_wconf 66' lang='grc' dir='ltr'>φησιν</span> <span class='ocrx_word' id='word_1_383' title='bbox 1718 1151 1734 1176; x_wconf 80' lang='grc' dir='ltr'>ὁ</span> <span class='ocrx_word' id='word_1_384' title='bbox 1753 1150 1822 1176; x_wconf 79' lang='grc' dir='ltr'>Πτο-</span> 
     </span>
    </p>
   </div>
   <div class='ocr_carea' id='block_1_54' title="bbox 1030 1186 1824 1232">
    <p class='ocr_par' dir='ltr' id='par_1_54' title="bbox 1030 1186 1824 1232">
     <span class='ocr_line' id='line_1_54' title="bbox 1030 1186 1824 1232; baseline 0.003 -11"><span class='ocrx_word' id='word_1_385' title='bbox 1030 1195 1137 1231; x_wconf 86' lang='grc' dir='ltr'>λεμαῖος</span> <span class='ocrx_word' id='word_1_386' title='bbox 1154 1186 1183 1222; x_wconf 75' lang='grc' dir='ltr'><strong>ἐν</strong></span> <span class='ocrx_word' id='word_1_387' title='bbox 1195 1196 1249 1227; x_wconf 82' lang='grc' dir='ltr'>τοῖς</span> <span class='ocrx_word' id='word_1_388' title='bbox 1271 1197 1331 1222; x_wconf 84' lang='grc' dir='ltr'>κατ’</span> <span class='ocrx_word' id='word_1_389' title='bbox 1342 1196 1423 1223; x_wconf 81' lang='grc' dir='ltr'>αὐτὸν</span> <span class='ocrx_word' id='word_1_390' title='bbox 1442 1197 1546 1232; x_wconf 82' lang='grc' dir='ltr'><strong>χρόνοις</strong></span> <span class='ocrx_word' id='word_1_391' title='bbox 1562 1196 1699 1230; x_wconf 84' lang='grc' dir='ltr'>γίνεσθαι.</span> <span class='ocrx_word' id='word_1_392' title='bbox 1725 1197 1824 1232; x_wconf 80' lang='grc' dir='ltr'>Ἡμεῖς</span> 
     </span>
    </p>
   </div>
   <div class='ocr_carea' id='block_1_55' title="bbox 1029 1240 1823 1277">
    <p class='ocr_par' dir='ltr' id='par_1_55' title="bbox 1029 1240 1823 1277">
     <span class='ocr_line' id='line_1_55' title="bbox 1029 1240 1823 1277; baseline 0.003 -11"><span class='ocrx_word' id='word_1_393' title='bbox 1029 1240 1058 1267; x_wconf 79' lang='grc' dir='ltr'>δὲ</span> <span class='ocrx_word' id='word_1_394' title='bbox 1076 1242 1128 1276; x_wconf 84' lang='grc' dir='ltr'>πρὸ</span> <span class='ocrx_word' id='word_1_395' title='bbox 1143 1243 1191 1277; x_wconf 83' lang='grc' dir='ltr'>τῆς</span> <span class='ocrx_word' id='word_1_396' title='bbox 1211 1245 1241 1268; x_wconf 83' lang='grc' dir='ltr'>ιε’</span> <span class='ocrx_word' id='word_1_397' title='bbox 1254 1241 1301 1268; x_wconf 86' lang='grc' dir='ltr'>τοῦ</span> <span class='ocrx_word' id='word_1_398' title='bbox 1320 1241 1401 1268; x_wconf 84' lang='grc' dir='ltr'>αὑτοῦ</span> <span class='ocrx_word' id='word_1_399' title='bbox 1419 1242 1502 1277; x_wconf 82' lang='grc' dir='ltr'>μηνὸς</span> <span class='ocrx_word' id='word_1_400' title='bbox 1521 1243 1550 1268; x_wconf 87' lang='grc' dir='ltr'><strong>ἐν</strong></span> <span class='ocrx_word' id='word_1_401' title='bbox 1572 1243 1629 1274; x_wconf 83' lang='grc' dir='ltr'>τοῖς</span> <span class='ocrx_word' id='word_1_402' title='bbox 1654 1242 1719 1268; x_wconf 78' lang='grc' dir='ltr'>καθ’</span> <span class='ocrx_word' id='word_1_403' title='bbox 1746 1244 1823 1277; x_wconf 76' lang='grc' dir='ltr'><strong>ἠμὶς</strong></span> 
     </span>
    </p>
   </div>
   <div class='ocr_carea' id='block_1_56' title="bbox 1030 1287 1822 1323">
    <p class='ocr_par' dir='ltr' id='par_1_56' title="bbox 1030 1287 1822 1323">
     <span class='ocr_line' id='line_1_56' title="bbox 1030 1287 1822 1323; baseline 0.003 -11"><span class='ocrx_word' id='word_1_404' title='bbox 1030 1287 1135 1322; x_wconf 81' lang='grc' dir='ltr'>χρόνοις</span> <span class='ocrx_word' id='word_1_405' title='bbox 1156 1287 1257 1322; x_wconf 84' lang='grc' dir='ltr'>ταύτην</span> <span class='ocrx_word' id='word_1_406' title='bbox 1281 1287 1464 1322; x_wconf 71' lang='grc' dir='ltr'>λαμϐάνομεν,</span> <span class='ocrx_word' id='word_1_407' title='bbox 1482 1287 1536 1314; x_wconf 79' lang='grc' dir='ltr'><strong>ἀπὸ</strong></span> <span class='ocrx_word' id='word_1_408' title='bbox 1551 1287 1601 1321; x_wconf 79' lang='grc' dir='ltr'>τῆς</span> <span class='ocrx_word' id='word_1_409' title='bbox 1624 1287 1698 1314; x_wconf 81' lang='grc' dir='ltr'>κατὰ</span> <span class='ocrx_word' id='word_1_410' title='bbox 1712 1288 1765 1323; x_wconf 75' lang='grc' dir='ltr'>τὴν</span> <span class='ocrx_word' id='word_1_411' title='bbox 1777 1288 1822 1314; x_wconf 70' lang='lat' dir='ltr'><strong>ea-</strong></span> 
     </span>
    </p>
   </div>
   <div class='ocr_carea' id='block_1_57' title="bbox 1031 1333 1823 1369">
    <p class='ocr_par' dir='ltr' id='par_1_57' title="bbox 1031 1333 1823 1369">
     <span class='ocr_line' id='line_1_57' title="bbox 1031 1333 1823 1369; baseline -0.001 -9"><span class='ocrx_word' id='word_1_412' title='bbox 1031 1334 1107 1369; x_wconf 83' lang='grc' dir='ltr'>ρινὴν</span> <span class='ocrx_word' id='word_1_413' title='bbox 1120 1333 1222 1369; x_wconf 82' lang='grc' dir='ltr'>τροπὴν</span> <span class='ocrx_word' id='word_1_414' title='bbox 1238 1333 1380 1369; x_wconf 81' lang='grc' dir='ltr'><strong>τηρήσεως</strong></span> <span class='ocrx_word' id='word_1_415' title='bbox 1401 1334 1502 1368; x_wconf 81' lang='grc' dir='ltr'>ταύτην</span> <span class='ocrx_word' id='word_1_416' title='bbox 1524 1333 1610 1365; x_wconf 74' lang='grc' dir='ltr'>οὕτως</span> <span class='ocrx_word' id='word_1_417' title='bbox 1625 1334 1823 1369; x_wconf 70' lang='grc' dir='ltr'>ἐπιλογιζόμε-</span> 
     </span>
    </p>
   </div>
   <div class='ocr_carea' id='block_1_58' title="bbox 1030 1379 1823 1415">
    <p class='ocr_par' dir='ltr' id='par_1_58' title="bbox 1030 1379 1823 1415">
     <span class='ocr_line' id='line_1_58' title="bbox 1030 1379 1823 1415; baseline -0.001 -9"><span class='ocrx_word' id='word_1_418' title='bbox 1030 1388 1079 1406; x_wconf 89' lang='grc' dir='ltr'>νοι.</span> <span class='ocrx_word' id='word_1_419' title='bbox 1106 1380 1161 1406; x_wconf 70' lang='grc' dir='ltr'><strong>Καὶ</strong></span> <span class='ocrx_word' id='word_1_420' title='bbox 1185 1379 1276 1414; x_wconf 79' lang='grc' dir='ltr'>ἐπειδὴ</span> <span class='ocrx_word' id='word_1_421' title='bbox 1303 1380 1317 1405; x_wconf 88' lang='grc' dir='ltr'><strong>ό</strong></span> <span class='ocrx_word' id='word_1_422' title='bbox 1339 1379 1484 1410; x_wconf 79' lang='grc' dir='ltr'>Μωσαῖκὺς</span> <span class='ocrx_word' id='word_1_423' title='bbox 1509 1379 1589 1414; x_wconf 84' lang='grc' dir='ltr'>νόμος</span> <span class='ocrx_word' id='word_1_424' title='bbox 1615 1381 1649 1415; x_wconf 80' lang='grc' dir='ltr'>τῇ</span> <span class='ocrx_word' id='word_1_425' title='bbox 1676 1379 1751 1414; x_wconf 85' lang='grc' dir='ltr'>μετὰ</span> <span class='ocrx_word' id='word_1_426' title='bbox 1774 1380 1823 1415; x_wconf 72' lang='grc' dir='ltr'>τὴν</span> 
     </span>
    </p>
   </div>
   <div class='ocr_carea' id='block_1_59' title="bbox 1030 1425 1822 1460">
    <p class='ocr_par' dir='ltr' id='par_1_59' title="bbox 1030 1425 1822 1460">
     <span class='ocr_line' id='line_1_59' title="bbox 1030 1425 1822 1460; baseline 0 -8"><span class='ocrx_word' id='word_1_427' title='bbox 1030 1425 1139 1460; x_wconf 81' lang='grc' dir='ltr'>ἐαρινὴν</span> <span class='ocrx_word' id='word_1_428' title='bbox 1159 1425 1302 1460; x_wconf 74' lang='grc' dir='ltr'>ἰσημερίαν</span> <span class='ocrx_word' id='word_1_429' title='bbox 1324 1428 1348 1452; x_wconf 84' lang='grc' dir='ltr'>α’</span> <span class='ocrx_word' id='word_1_430' title='bbox 1372 1425 1530 1460; x_wconf 83' lang='grc' dir='ltr'>πανσελήνῳ</span> <span class='ocrx_word' id='word_1_431' title='bbox 1553 1425 1634 1456; x_wconf 74' lang='grc' dir='ltr'>εὐθὺς</span> <span class='ocrx_word' id='word_1_432' title='bbox 1664 1426 1732 1457; x_wconf 68' lang='grc' dir='ltr'>τοὺς</span> <span class='ocrx_word' id='word_1_433' title='bbox 1758 1427 1822 1452; x_wconf 72' lang='grc' dir='ltr'>Ἰου-</span> 
     </span>
    </p>
   </div>
   <div class='ocr_carea' id='block_1_60' title="bbox 1030 1470 1822 1506">
    <p class='ocr_par' dir='ltr' id='par_1_60' title="bbox 1030 1470 1822 1506">
     <span class='ocr_line' id='line_1_60' title="bbox 1030 1470 1822 1506; baseline -0.001 -8"><span class='ocrx_word' id='word_1_434' title='bbox 1030 1471 1120 1502; x_wconf 83' lang='grc' dir='ltr'>δαίους</span> <span class='ocrx_word' id='word_1_435' title='bbox 1134 1471 1220 1497; x_wconf 82' lang='grc' dir='ltr'>τελεῖν</span> <span class='ocrx_word' id='word_1_436' title='bbox 1239 1471 1269 1497; x_wconf 75' lang='grc' dir='ltr'>τὸ</span> <span class='ocrx_word' id='word_1_437' title='bbox 1286 1471 1381 1506; x_wconf 75' lang='grc' dir='ltr'>Πάσχα</span> <span class='ocrx_word' id='word_1_438' title='bbox 1398 1470 1597 1506; x_wconf 72' lang='grc' dir='ltr'>προτρέπεται·</span> <span class='ocrx_word' id='word_1_439' title='bbox 1614 1471 1677 1497; x_wconf 81' lang='grc' dir='ltr'>καθ’</span> <span class='ocrx_word' id='word_1_440' title='bbox 1699 1471 1752 1502; x_wconf 67' lang='grc' dir='ltr'>οὓς</span> <span class='ocrx_word' id='word_1_441' title='bbox 1775 1472 1822 1506; x_wconf 75' lang='grc' dir='ltr'>μὲν</span> 
     </span>
    </p>
   </div>
   <div class='ocr_carea' id='block_1_61' title="bbox 1030 1515 1822 1552">
    <p class='ocr_par' dir='ltr' id='par_1_61' title="bbox 1030 1515 1822 1552">
     <span class='ocr_line' id='line_1_61' title="bbox 1030 1515 1822 1552; baseline -0.001 -9"><span class='ocrx_word' id='word_1_442' title='bbox 1030 1517 1140 1552; x_wconf 85' lang='grc' dir='ltr'>χρόνους</span> <span class='ocrx_word' id='word_1_443' title='bbox 1156 1516 1268 1552; x_wconf 82' lang='grc' dir='ltr'>συνέστη</span> <span class='ocrx_word' id='word_1_444' title='bbox 1282 1516 1313 1542; x_wconf 81' lang='grc' dir='ltr'><strong>τὺ</strong></span> <span class='ocrx_word' id='word_1_445' title='bbox 1327 1516 1470 1552; x_wconf 76' lang='grc' dir='ltr'>εἰρημένον</span> <span class='ocrx_word' id='word_1_446' title='bbox 1491 1515 1622 1547; x_wconf 88' lang='grc' dir='ltr'>κανόνιον,</span> <span class='ocrx_word' id='word_1_447' title='bbox 1637 1516 1689 1550; x_wconf 81' lang='grc' dir='ltr'>τῆς</span> <span class='ocrx_word' id='word_1_448' title='bbox 1706 1517 1822 1552; x_wconf 79' lang='grc' dir='ltr'>ἐαρινῆς</span> 
     </span>
    </p>
   </div>
   <div class='ocr_carea' id='block_1_62' title="bbox 198 1560 978 1604">
    <p class='ocr_par' dir='ltr' id='par_1_62' title="bbox 198 1560 977 1596">
     <span class='ocr_line' id='line_1_62' title="bbox 198 1560 977 1596; baseline 0 -8"><span class='ocrx_word' id='word_1_449' title='bbox 198 1560 347 1596; x_wconf 82' lang='lat' dir='ltr'><strong>plenilunio</strong></span> <span class='ocrx_word' id='word_1_450' title='bbox 358 1560 448 1588; x_wconf 87' lang='lat' dir='ltr'><strong>statim</strong></span> <span class='ocrx_word' id='word_1_451' title='bbox 460 1560 563 1588; x_wconf 86' lang='lat' dir='ltr'><strong>Pascha</strong></span> <span class='ocrx_word' id='word_1_452' title='bbox 585 1560 722 1588; x_wconf 84' lang='lat' dir='ltr'><strong>celebrare</strong></span> <span class='ocrx_word' id='word_1_453' title='bbox 733 1560 834 1588; x_wconf 64' lang='lat' dir='ltr'><strong>Judmis</strong></span> <span class='ocrx_word' id='word_1_454' title='bbox 846 1562 977 1596; x_wconf 56' lang='lat' dir='ltr'><strong>praecipit:</strong></span> 
     </span>
    </p>
   </div>
   <div class='ocr_carea' id='block_1_63' title="bbox 1029 1560 1821 1604">
    <p class='ocr_par' dir='ltr' id='par_1_63' title="bbox 1033 1562 1821 1598">
     <span class='ocr_line' id='line_1_63' title="bbox 1033 1562 1821 1598; baseline 0 -9"><span class='ocrx_word' id='word_1_455' title='bbox 1033 1563 1176 1598; x_wconf 74' lang='grc' dir='ltr'>ἰσημερίας</span> <span class='ocrx_word' id='word_1_456' title='bbox 1188 1565 1221 1598; x_wconf 80' lang='grc' dir='ltr'><strong>τῇ</strong></span> <span class='ocrx_word' id='word_1_457' title='bbox 1239 1566 1279 1589; x_wconf 88' lang='grc' dir='ltr'>κα¹</span> <span class='ocrx_word' id='word_1_458' title='bbox 1292 1562 1424 1598; x_wconf 85' lang='grc' dir='ltr'>Μαρτίου,</span> <span class='ocrx_word' id='word_1_459' title='bbox 1439 1562 1456 1597; x_wconf 87' lang='grc' dir='ltr'>ἢ</span> <span class='ocrx_word' id='word_1_460' title='bbox 1469 1563 1515 1588; x_wconf 75' lang='grc' dir='ltr'>καὶ</span> <span class='ocrx_word' id='word_1_461' title='bbox 1534 1562 1586 1597; x_wconf 84' lang='grc' dir='ltr'>πρὸ</span> <span class='ocrx_word' id='word_1_462' title='bbox 1601 1562 1689 1597; x_wconf 75' lang='grc' dir='ltr'>αὐτῆς</span> <span class='ocrx_word' id='word_1_463' title='bbox 1703 1562 1821 1597; x_wconf 75' lang='grc' dir='ltr'>ἔγγιστα</span> 
     </span>
    </p>
   </div>
   <div class='ocr_carea' id='block_1_64' title="bbox 198 1606 979 1643">
    <p class='ocr_par' dir='ltr' id='par_1_64' title="bbox 198 1606 979 1643">
     <span class='ocr_line' id='line_1_64' title="bbox 198 1606 979 1643; baseline 0.001 -9"><span class='ocrx_word' id='word_1_464' title='bbox 198 1615 254 1643; x_wconf 90' lang='lat' dir='ltr'><strong>quo</strong></span> <span class='ocrx_word' id='word_1_465' title='bbox 266 1612 386 1642; x_wconf 84' lang='lat' dir='ltr'><strong>tempore</strong></span> <span class='ocrx_word' id='word_1_466' title='bbox 401 1614 489 1634; x_wconf 85' lang='lat' dir='ltr'><strong>canon</strong></span> <span class='ocrx_word' id='word_1_467' title='bbox 503 1606 644 1634; x_wconf 85' lang='lat' dir='ltr'><strong>Paschalis</strong></span> <span class='ocrx_word' id='word_1_468' title='bbox 662 1610 838 1635; x_wconf 90' lang='lat' dir='ltr'><strong>constructus</strong></span> <span class='ocrx_word' id='word_1_469' title='bbox 854 1612 905 1640; x_wconf 88' lang='lat' dir='ltr'><strong>est,</strong></span> <span class='ocrx_word' id='word_1_470' title='bbox 917 1615 979 1635; x_wconf 90' lang='lat' dir='ltr'><strong>cum</strong></span> 
     </span>
    </p>
   </div>
   <div class='ocr_carea' id='block_1_65' title="bbox 198 1653 979 1688">
    <p class='ocr_par' dir='ltr' id='par_1_65' title="bbox 198 1653 979 1688">
     <span class='ocr_line' id='line_1_65' title="bbox 198 1653 979 1688; baseline -0.001 -7"><span class='ocrx_word' id='word_1_471' title='bbox 198 1654 304 1681; x_wconf 82' lang='lat' dir='ltr'><strong>scilicet</strong></span> <span class='ocrx_word' id='word_1_472' title='bbox 313 1660 425 1680; x_wconf 84' lang='lat' dir='ltr'><strong>vernum</strong></span> <span class='ocrx_word' id='word_1_473' title='bbox 444 1653 638 1688; x_wconf 71' lang='lat' dir='ltr'><strong>aequinoctium</strong></span> <span class='ocrx_word' id='word_1_474' title='bbox 659 1653 686 1680; x_wconf 92' lang='lat' dir='ltr'><strong>in</strong></span> <span class='ocrx_word' id='word_1_475' title='bbox 702 1661 748 1680; x_wconf 84' lang='lat' dir='ltr'><strong>xxi</strong></span> <span class='ocrx_word' id='word_1_476' title='bbox 773 1657 820 1680; x_wconf 88' lang='lat' dir='ltr'><strong>aut</strong></span> <span class='ocrx_word' id='word_1_477' title='bbox 835 1662 871 1681; x_wconf 81' lang='lat' dir='ltr'><strong>xx</strong></span> <span class='ocrx_word' id='word_1_478' title='bbox 890 1654 979 1681; x_wconf 81' lang='lat' dir='ltr'><strong>Martii</strong></span> 
     </span>
    </p>
   </div>
   <div class='ocr_carea' id='block_1_66' title="bbox 199 1698 980 1735">
    <p class='ocr_par' dir='ltr' id='par_1_66' title="bbox 199 1698 980 1735">
     <span class='ocr_line' id='line_1_66' title="bbox 199 1698 980 1735; baseline 0.003 -9"><span class='ocrx_word' id='word_1_479' title='bbox 199 1699 393 1735; x_wconf 88' lang='lat' dir='ltr'><strong>propemodum</strong></span> <span class='ocrx_word' id='word_1_480' title='bbox 420 1698 620 1731; x_wconf 82' lang='lat' dir='ltr'><strong>conﬁceretur;</strong></span> <span class='ocrx_word' id='word_1_481' title='bbox 644 1699 853 1733; x_wconf 90' lang='lat' dir='ltr'><strong>pleniluniorum</strong></span> <span class='ocrx_word' id='word_1_482' title='bbox 871 1700 929 1727; x_wconf 88' lang='lat' dir='ltr'><strong>dies</strong></span> <span class='ocrx_word' id='word_1_483' title='bbox 951 1700 980 1728; x_wconf 91' lang='lat' dir='ltr'><strong>in</strong></span> 
     </span>
    </p>
   </div>
   <div class='ocr_carea' id='block_1_67' title="bbox 198 1743 979 1781">
    <p class='ocr_par' dir='ltr' id='par_1_67' title="bbox 198 1743 979 1781">
     <span class='ocr_line' id='line_1_67' title="bbox 198 1743 979 1781; baseline 0 -9"><span class='ocrx_word' id='word_1_484' title='bbox 198 1751 303 1772; x_wconf 83' lang='lat' dir='ltr'><strong>canone</strong></span> <span class='ocrx_word' id='word_1_485' title='bbox 317 1745 401 1772; x_wconf 88' lang='lat' dir='ltr'><strong>notati</strong></span> <span class='ocrx_word' id='word_1_486' title='bbox 414 1748 440 1771; x_wconf 91' lang='lat' dir='ltr'><strong>et</strong></span> <span class='ocrx_word' id='word_1_487' title='bbox 449 1743 593 1771; x_wconf 81' lang='lat' dir='ltr'><strong>Judaicum</strong></span> <span class='ocrx_word' id='word_1_488' title='bbox 606 1744 712 1772; x_wconf 85' lang='lat' dir='ltr'><strong>Pascha</strong></span> <span class='ocrx_word' id='word_1_489' title='bbox 723 1745 979 1781; x_wconf 83' lang='lat' dir='ltr'><strong>indicantes,prima</strong></span> 
     </span>
    </p>
   </div>
   <div class='ocr_carea' id='block_1_68' title="bbox 197 1791 980 1827">
    <p class='ocr_par' dir='ltr' id='par_1_68' title="bbox 197 1791 980 1827">
     <span class='ocr_line' id='line_1_68' title="bbox 197 1791 980 1827; baseline 0.003 -9"><span class='ocrx_word' id='word_1_490' title='bbox 197 1791 305 1826; x_wconf 87' lang='lat' dir='ltr'><strong>quidem</strong></span> <span class='ocrx_word' id='word_1_491' title='bbox 321 1795 386 1819; x_wconf 89' lang='lat' dir='ltr'><strong>sunt</strong></span> <span class='ocrx_word' id='word_1_492' title='bbox 400 1791 452 1818; x_wconf 91' lang='lat' dir='ltr'><strong>rite</strong></span> <span class='ocrx_word' id='word_1_493' title='bbox 467 1797 527 1826; x_wconf 89' lang='lat' dir='ltr'><strong>post</strong></span> <span class='ocrx_word' id='word_1_494' title='bbox 538 1792 737 1827; x_wconf 73' lang='lat' dir='ltr'><strong>aequinoctium</strong></span> <span class='ocrx_word' id='word_1_495' title='bbox 747 1792 908 1827; x_wconf 86' lang='lat' dir='ltr'><strong>plenilunia.</strong></span> <span class='ocrx_word' id='word_1_496' title='bbox 920 1792 980 1820; x_wconf 84' lang='lat' dir='ltr'><strong>Non</strong></span> 
     </span>
    </p>
   </div>
   <div class='ocr_carea' id='block_1_69' title="bbox 197 1837 981 1872">
    <p class='ocr_par' dir='ltr' id='par_1_69' title="bbox 197 1837 981 1872">
     <span class='ocr_line' id='line_1_69' title="bbox 197 1837 981 1872; baseline 0.003 -8"><span class='ocrx_word' id='word_1_497' title='bbox 197 1837 270 1864; x_wconf 80' lang='lat' dir='ltr'><strong>enim</strong></span> <span class='ocrx_word' id='word_1_498' title='bbox 280 1837 398 1872; x_wconf 89' lang='lat' dir='ltr'><strong>reperies</strong></span> <span class='ocrx_word' id='word_1_499' title='bbox 412 1844 544 1864; x_wconf 85' lang='lat' dir='ltr'><strong>canonem</strong></span> <span class='ocrx_word' id='word_1_500' title='bbox 556 1837 710 1872; x_wconf 75' lang='lat' dir='ltr'><strong>transgredi</strong></span> <span class='ocrx_word' id='word_1_501' title='bbox 720 1838 897 1872; x_wconf 86' lang='lat' dir='ltr'><strong>plenilunium</strong></span> <span class='ocrx_word' id='word_1_502' title='bbox 909 1839 981 1866; x_wconf 83' lang='lat' dir='ltr'><strong>vice-</strong></span> 
     </span>
    </p>
   </div>
   <div class='ocr_carea' id='block_1_70' title="bbox 198 1881 979 1918">
    <p class='ocr_par' dir='ltr' id='par_1_70' title="bbox 198 1881 979 1918">
     <span class='ocr_line' id='line_1_70' title="bbox 198 1881 979 1918; baseline 0.003 -9"><span class='ocrx_word' id='word_1_503' title='bbox 198 1881 273 1909; x_wconf 62' lang='lat' dir='ltr'><strong>simae</strong></span> <span class='ocrx_word' id='word_1_504' title='bbox 284 1882 378 1916; x_wconf 64' lang='lat' dir='ltr'><strong>prima:</strong></span> <span class='ocrx_word' id='word_1_505' title='bbox 391 1881 490 1915; x_wconf 83' lang='lat' dir='ltr'><strong>Martii,</strong></span> <span class='ocrx_word' id='word_1_506' title='bbox 505 1882 577 1917; x_wconf 92' lang='lat' dir='ltr'><strong>quod</strong></span> <span class='ocrx_word' id='word_1_507' title='bbox 592 1882 700 1917; x_wconf 87' lang='lat' dir='ltr'><strong>quidem</strong></span> <span class='ocrx_word' id='word_1_508' title='bbox 715 1886 781 1910; x_wconf 88' lang='lat' dir='ltr'><strong>tunc</strong></span> <span class='ocrx_word' id='word_1_509' title='bbox 794 1888 852 1911; x_wconf 86' lang='lat' dir='ltr'><strong>erat</strong></span> <span class='ocrx_word' id='word_1_510' title='bbox 863 1884 979 1918; x_wconf 89' lang='lat' dir='ltr'><strong>primum</strong></span> 
     </span>
    </p>
   </div>
   <div class='ocr_carea' id='block_1_71' title="bbox 199 1927 981 1964">
    <p class='ocr_par' dir='ltr' id='par_1_71' title="bbox 199 1927 981 1964">
     <span class='ocr_line' id='line_1_71' title="bbox 199 1927 981 1964; baseline 0.004 -10"><span class='ocrx_word' id='word_1_511' title='bbox 199 1931 261 1962; x_wconf 86' lang='lat' dir='ltr'><strong>post</strong></span> <span class='ocrx_word' id='word_1_512' title='bbox 277 1927 481 1962; x_wconf 67' lang='lat' dir='ltr'><strong>aequinoctium,</strong></span> <span class='ocrx_word' id='word_1_513' title='bbox 503 1927 575 1954; x_wconf 90' lang='lat' dir='ltr'><strong>aliud</strong></span> <span class='ocrx_word' id='word_1_514' title='bbox 592 1931 684 1955; x_wconf 85' lang='lat' dir='ltr'><strong>autem</strong></span> <span class='ocrx_word' id='word_1_515' title='bbox 704 1928 791 1956; x_wconf 88' lang='lat' dir='ltr'><strong>vicem</strong></span> <span class='ocrx_word' id='word_1_516' title='bbox 804 1929 863 1964; x_wconf 86' lang='lat' dir='ltr'><strong>ejus</strong></span> <span class='ocrx_word' id='word_1_517' title='bbox 878 1930 981 1957; x_wconf 51' lang='lat' dir='ltr'><strong>substin</strong></span> 
     </span>
    </p>
   </div>
   <div class='ocr_carea' id='block_1_72' title="bbox 200 1972 980 2008">
    <p class='ocr_par' dir='ltr' id='par_1_72' title="bbox 200 1972 980 2008">
     <span class='ocr_line' id='line_1_72' title="bbox 200 1972 980 2008; baseline 0.001 -8"><span class='ocrx_word' id='word_1_518' title='bbox 200 1977 286 2001; x_wconf 88' lang='lat' dir='ltr'><strong>tuere.</strong></span> <span class='ocrx_word' id='word_1_519' title='bbox 304 1972 382 2000; x_wconf 87' lang='lat' dir='ltr'><strong>Nunc</strong></span> <span class='ocrx_word' id='word_1_520' title='bbox 391 1980 455 2000; x_wconf 90' lang='lat' dir='ltr'><strong>vero</strong></span> <span class='ocrx_word' id='word_1_521' title='bbox 468 1980 530 2000; x_wconf 92' lang='lat' dir='ltr'><strong>cum</strong></span> <span class='ocrx_word' id='word_1_522' title='bbox 542 1980 655 2000; x_wconf 88' lang='lat' dir='ltr'><strong>vernum</strong></span> <span class='ocrx_word' id='word_1_523' title='bbox 668 1973 861 2008; x_wconf 64' lang='lat' dir='ltr'><strong>atquinoctium</strong></span> <span class='ocrx_word' id='word_1_524' title='bbox 874 1981 920 2001; x_wconf 90' lang='lat' dir='ltr'><strong>sex</strong></span> <span class='ocrx_word' id='word_1_525' title='bbox 933 1977 980 2001; x_wconf 89' lang='lat' dir='ltr'><strong>aut</strong></span> 
     </span>
    </p>
   </div>
   <div class='ocr_carea' id='block_1_73' title="bbox 199 2019 980 2055">
    <p class='ocr_par' dir='ltr' id='par_1_73' title="bbox 199 2019 980 2055">
     <span class='ocr_line' id='line_1_73' title="bbox 199 2019 980 2055; baseline 0.003 -9"><span class='ocrx_word' id='word_1_526' title='bbox 199 2019 324 2054; x_wconf 87' lang='lat' dir='ltr'><strong>pluribus</strong></span> <span class='ocrx_word' id='word_1_527' title='bbox 345 2019 441 2047; x_wconf 89' lang='lat' dir='ltr'><strong>diebus</strong></span> <span class='ocrx_word' id='word_1_528' title='bbox 467 2023 540 2047; x_wconf 91' lang='lat' dir='ltr'><strong>retro</strong></span> <span class='ocrx_word' id='word_1_529' title='bbox 559 2027 733 2054; x_wconf 76' lang='lat' dir='ltr'><strong>progressum</strong></span> <span class='ocrx_word' id='word_1_530' title='bbox 754 2019 846 2052; x_wconf 88' lang='lat' dir='ltr'><strong>luerit,</strong></span> <span class='ocrx_word' id='word_1_531' title='bbox 866 2025 980 2055; x_wconf 83' lang='lat' dir='ltr'><strong>possent</strong></span> 
     </span>
    </p>
   </div>
   <div class='ocr_carea' id='block_1_74' title="bbox 199 2065 979 2102">
    <p class='ocr_par' dir='ltr' id='par_1_74' title="bbox 199 2065 979 2102">
     <span class='ocr_line' id='line_1_74' title="bbox 199 2065 979 2102; baseline 0.001 -9"><span class='ocrx_word' id='word_1_532' title='bbox 199 2073 261 2093; x_wconf 86' lang='lat' dir='ltr'><strong>esse</strong></span> <span class='ocrx_word' id='word_1_533' title='bbox 276 2066 327 2093; x_wconf 88' lang='lat' dir='ltr'><strong>alia</strong></span> <span class='ocrx_word' id='word_1_534' title='bbox 343 2066 429 2100; x_wconf 86' lang='lat' dir='ltr'><strong>prima</strong></span> <span class='ocrx_word' id='word_1_535' title='bbox 449 2065 596 2100; x_wconf 81' lang='lat' dir='ltr'><strong>pleniluuia</strong></span> <span class='ocrx_word' id='word_1_536' title='bbox 610 2070 673 2093; x_wconf 88' lang='lat' dir='ltr'><strong>ante</strong></span> <span class='ocrx_word' id='word_1_537' title='bbox 688 2074 732 2092; x_wconf 85' lang='lat' dir='ltr'><strong>xxi</strong></span> <span class='ocrx_word' id='word_1_538' title='bbox 747 2065 845 2098; x_wconf 81' lang='lat' dir='ltr'><strong>Martii,</strong></span> <span class='ocrx_word' id='word_1_539' title='bbox 867 2067 894 2093; x_wconf 90' lang='lat' dir='ltr'><strong>in</strong></span> <span class='ocrx_word' id='word_1_540' title='bbox 917 2068 979 2102; x_wconf 90' lang='lat' dir='ltr'><strong>qui-</strong></span> 
     </span>
    </p>
   </div>
   <div class='ocr_carea' id='block_1_75' title="bbox 198 2110 980 2148">
    <p class='ocr_par' dir='ltr' id='par_1_75' title="bbox 198 2110 980 2148">
     <span class='ocr_line' id='line_1_75' title="bbox 198 2110 980 2148; baseline 0.003 -10"><span class='ocrx_word' id='word_1_541' title='bbox 198 2111 250 2139; x_wconf 82' lang='lat' dir='ltr'><strong>bus</strong></span> <span class='ocrx_word' id='word_1_542' title='bbox 264 2111 349 2138; x_wconf 68' lang='lat' dir='ltr'><strong>Judzei</strong></span> <span class='ocrx_word' id='word_1_543' title='bbox 366 2111 474 2146; x_wconf 90' lang='lat' dir='ltr'><strong>quidem</strong></span> <span class='ocrx_word' id='word_1_544' title='bbox 491 2110 596 2138; x_wconf 82' lang='lat' dir='ltr'><strong>Pascha</strong></span> <span class='ocrx_word' id='word_1_545' title='bbox 618 2111 766 2143; x_wconf 86' lang='lat' dir='ltr'><strong>celebrent,</strong></span> <span class='ocrx_word' id='word_1_546' title='bbox 779 2119 830 2139; x_wconf 90' lang='lat' dir='ltr'><strong>nos</strong></span> <span class='ocrx_word' id='word_1_547' title='bbox 845 2119 909 2139; x_wconf 82' lang='lat' dir='ltr'><strong>vero</strong></span> <span class='ocrx_word' id='word_1_548' title='bbox 924 2113 980 2148; x_wconf 86' lang='lat' dir='ltr'><strong>ple-</strong></span> 
     </span>
    </p>
   </div>
   <div class='ocr_carea' id='block_1_76' title="bbox 198 2157 980 2193">
    <p class='ocr_par' dir='ltr' id='par_1_76' title="bbox 198 2157 980 2193">
     <span class='ocr_line' id='line_1_76' title="bbox 198 2157 980 2193; baseline 0.004 -10"><span class='ocrx_word' id='word_1_549' title='bbox 198 2157 301 2184; x_wconf 86' lang='lat' dir='ltr'><strong>nilunia</strong></span> <span class='ocrx_word' id='word_1_550' title='bbox 313 2157 427 2184; x_wconf 91' lang='lat' dir='ltr'><strong>canonis</strong></span> <span class='ocrx_word' id='word_1_551' title='bbox 438 2163 582 2192; x_wconf 85' lang='lat' dir='ltr'><strong>sequentes</strong></span> <span class='ocrx_word' id='word_1_552' title='bbox 597 2158 730 2193; x_wconf 74' lang='lat' dir='ltr'><strong>integrum</strong></span> <span class='ocrx_word' id='word_1_553' title='bbox 747 2166 868 2186; x_wconf 90' lang='lat' dir='ltr'><strong>mensem</strong></span> <span class='ocrx_word' id='word_1_554' title='bbox 884 2166 899 2185; x_wconf 90' lang='lat' dir='ltr'><strong>a</strong></span> <span class='ocrx_word' id='word_1_555' title='bbox 917 2167 980 2187; x_wconf 93' lang='lat' dir='ltr'><strong>con-</strong></span> 
     </span>
    </p>
   </div>
   <div class='ocr_carea' id='block_1_77' title="bbox 197 2203 979 2240">
    <p class='ocr_par' dir='ltr' id='par_1_77' title="bbox 197 2203 979 2240">
     <span class='ocr_line' id='line_1_77' title="bbox 197 2203 979 2240; baseline 0.004 -11"><span class='ocrx_word' id='word_1_556' title='bbox 197 2210 266 2238; x_wconf 77' lang='lat' dir='ltr'><strong>gruo</strong></span> <span class='ocrx_word' id='word_1_557' title='bbox 282 2207 402 2238; x_wconf 86' lang='lat' dir='ltr'><strong>tempore</strong></span> <span class='ocrx_word' id='word_1_558' title='bbox 416 2203 611 2231; x_wconf 86' lang='lat' dir='ltr'><strong>desciscamus.</strong></span> <span class='ocrx_word' id='word_1_559' title='bbox 628 2203 699 2231; x_wconf 81' lang='lat' dir='ltr'><strong>Ante</strong></span> <span class='ocrx_word' id='word_1_560' title='bbox 715 2211 802 2232; x_wconf 88' lang='lat' dir='ltr'><strong>annos</strong></span> <span class='ocrx_word' id='word_1_561' title='bbox 815 2205 885 2231; x_wconf 90' lang='lat' dir='ltr'><strong>enim</strong></span> <span class='ocrx_word' id='word_1_562' title='bbox 901 2206 979 2240; x_wconf 89' lang='lat' dir='ltr'><strong>quin-</strong></span> 
     </span>
    </p>
   </div>
   <div class='ocr_carea' id='block_1_78' title="bbox 198 2243 1016 2284">
    <p class='ocr_par' dir='ltr' id='par_1_78' title="bbox 198 2243 1016 2284">
     <span class='ocr_line' id='line_1_78' title="bbox 198 2243 1016 2284; baseline 0.005 -10"><span class='ocrx_word' id='word_1_563' title='bbox 198 2249 339 2284; x_wconf 75' lang='lat' dir='ltr'><strong>quaginta,</strong></span> <span class='ocrx_word' id='word_1_564' title='bbox 366 2256 427 2275; x_wconf 92' lang='lat' dir='ltr'><strong>cum</strong></span> <span class='ocrx_word' id='word_1_565' title='bbox 452 2248 542 2276; x_wconf 89' lang='lat' dir='ltr'><strong>adhuc</strong></span> <span class='ocrx_word' id='word_1_566' title='bbox 560 2253 638 2277; x_wconf 68' lang='lat' dir='ltr'><strong>aetate</strong></span> <span class='ocrx_word' id='word_1_567' title='bbox 655 2249 764 2284; x_wconf 89' lang='lat' dir='ltr'><strong>juvenis</strong></span> <span class='ocrx_word' id='word_1_568' title='bbox 789 2257 888 2282; x_wconf 86' lang='lat' dir='ltr'><strong>essem,</strong></span> <span class='ocrx_word' id='word_1_569' title='bbox 907 2255 933 2278; x_wconf 93' lang='lat' dir='ltr'><strong>et</strong></span> <span class='ocrx_word' id='word_1_570' title='bbox 949 2252 976 2278; x_wconf 92' lang='lat' dir='ltr'><strong>in</strong></span> <span class='ocrx_word' id='word_1_571' title='bbox 994 2243 1016 2270; x_wconf 79' lang='grc' dir='ltr'><strong>Ι)</strong></span> 
     </span>
    </p>
   </div>
   <div class='ocr_carea' id='block_1_79' title="bbox 197 2294 974 2331">
    <p class='ocr_par' dir='ltr' id='par_1_79' title="bbox 197 2294 974 2331">
     <span class='ocr_line' id='line_1_79' title="bbox 197 2294 974 2331; baseline 0.003 -9"><span class='ocrx_word' id='word_1_572' title='bbox 197 2295 314 2330; x_wconf 87' lang='lat' dir='ltr'><strong>quadam</strong></span> <span class='ocrx_word' id='word_1_573' title='bbox 331 2294 452 2322; x_wconf 71' lang='lat' dir='ltr'><strong>Thraciae</strong></span> <span class='ocrx_word' id='word_1_574' title='bbox 464 2296 541 2327; x_wconf 87' lang='lat' dir='ltr'><strong>urbe,</strong></span> <span class='ocrx_word' id='word_1_575' title='bbox 552 2296 595 2322; x_wconf 89' lang='lat' dir='ltr'><strong>cui</strong></span> <span class='ocrx_word' id='word_1_576' title='bbox 614 2303 710 2323; x_wconf 86' lang='lat' dir='ltr'><strong>nomen</strong></span> <span class='ocrx_word' id='word_1_577' title='bbox 726 2295 824 2328; x_wconf 60' lang='lat' dir='ltr'><strong>Alnos,</strong></span> <span class='ocrx_word' id='word_1_578' title='bbox 839 2297 974 2331; x_wconf 82' lang='lat' dir='ltr'><strong>degerem,</strong></span> 
     </span>
    </p>
   </div>
   <div class='ocr_carea' id='block_1_80' title="bbox 197 2341 976 2376">
    <p class='ocr_par' dir='ltr' id='par_1_80' title="bbox 197 2341 976 2376">
     <span class='ocr_line' id='line_1_80' title="bbox 197 2341 976 2376; baseline 0.005 -8"><span class='ocrx_word' id='word_1_579' title='bbox 197 2341 252 2369; x_wconf 86' lang='lat' dir='ltr'><strong>vidi</strong></span> <span class='ocrx_word' id='word_1_580' title='bbox 269 2342 319 2368; x_wconf 89' lang='lat' dir='ltr'><strong>loci</strong></span> <span class='ocrx_word' id='word_1_581' title='bbox 335 2341 482 2376; x_wconf 89' lang='lat' dir='ltr'><strong>inquilinos</strong></span> <span class='ocrx_word' id='word_1_582' title='bbox 497 2341 604 2370; x_wconf 63' lang='lat' dir='ltr'><strong>Judatos</strong></span> <span class='ocrx_word' id='word_1_583' title='bbox 621 2343 750 2370; x_wconf 88' lang='lat' dir='ltr'><strong>vicesima</strong></span> <span class='ocrx_word' id='word_1_584' title='bbox 767 2343 855 2371; x_wconf 82' lang='lat' dir='ltr'><strong>Martii</strong></span> <span class='ocrx_word' id='word_1_585' title='bbox 872 2344 976 2372; x_wconf 85' lang='lat' dir='ltr'><strong>Pascha</strong></span> 
     </span>
    </p>
   </div>
   <div class='ocr_carea' id='block_1_81' title="bbox 198 2387 977 2419">
    <p class='ocr_par' dir='ltr' id='par_1_81' title="bbox 198 2387 977 2419">
     <span class='ocr_line' id='line_1_81' title="bbox 198 2387 977 2419; baseline 0.005 -4"><span class='ocrx_word' id='word_1_586' title='bbox 198 2395 278 2415; x_wconf 86' lang='lat' dir='ltr'><strong>suum</strong></span> <span class='ocrx_word' id='word_1_587' title='bbox 295 2387 413 2415; x_wconf 79' lang='lat' dir='ltr'><strong>obivisse</strong></span> <span class='ocrx_word' id='word_1_588' title='bbox 428 2397 435 2415; x_wconf 88' lang='lat'><strong>:</strong></span> <span class='ocrx_word' id='word_1_589' title='bbox 454 2396 502 2416; x_wconf 86' lang='lat' dir='ltr'><strong>nos</strong></span> <span class='ocrx_word' id='word_1_590' title='bbox 516 2397 582 2415; x_wconf 84' lang='lat' dir='ltr'><strong>vero</strong></span> <span class='ocrx_word' id='word_1_591' title='bbox 594 2392 718 2416; x_wconf 84' lang='lat' dir='ltr'><strong>nostrum</strong></span> <span class='ocrx_word' id='word_1_592' title='bbox 735 2394 860 2417; x_wconf 89' lang='lat' dir='ltr'><strong>sanctum</strong></span> <span class='ocrx_word' id='word_1_593' title='bbox 874 2390 977 2419; x_wconf 78' lang='lat' dir='ltr'><strong>Pascha</strong></span> 
     </span>
    </p>
   </div>
   <div class='ocr_carea' id='block_1_82' title="bbox 197 2433 976 2469">
    <p class='ocr_par' dir='ltr' id='par_1_82' title="bbox 197 2433 976 2469">
     <span class='ocr_line' id='line_1_82' title="bbox 197 2433 976 2469; baseline 0.006 -9"><span class='ocrx_word' id='word_1_594' title='bbox 197 2434 327 2462; x_wconf 84' lang='lat' dir='ltr'><strong>vicesima</strong></span> <span class='ocrx_word' id='word_1_595' title='bbox 343 2433 423 2461; x_wconf 90' lang='lat' dir='ltr'><strong>tertia</strong></span> <span class='ocrx_word' id='word_1_596' title='bbox 442 2434 542 2469; x_wconf 82' lang='lat' dir='ltr'><strong>Aprilis</strong></span> <span class='ocrx_word' id='word_1_597' title='bbox 559 2435 767 2468; x_wconf 85' lang='lat' dir='ltr'><strong>celebravimus,</strong></span> <span class='ocrx_word' id='word_1_598' title='bbox 793 2437 880 2464; x_wconf 84' lang='lat' dir='ltr'><strong>secuti</strong></span> <span class='ocrx_word' id='word_1_599' title='bbox 905 2437 976 2465; x_wconf 90' lang='lat' dir='ltr'><strong>diem</strong></span> 
     </span>
    </p>
   </div>
   <div class='ocr_carea' id='block_1_83' title="bbox 198 2479 978 2518">
    <p class='ocr_par' dir='ltr' id='par_1_83' title="bbox 198 2479 978 2518">
     <span class='ocr_line' id='line_1_83' title="bbox 198 2479 978 2518; baseline 0.006 -13"><span class='ocrx_word' id='word_1_600' title='bbox 198 2479 338 2514; x_wconf 84' lang='lat' dir='ltr'><strong>plenilunii</strong></span> <span class='ocrx_word' id='word_1_601' title='bbox 351 2480 464 2507; x_wconf 85' lang='lat' dir='ltr'><strong>canonis</strong></span> <span class='ocrx_word' id='word_1_602' title='bbox 475 2481 502 2507; x_wconf 90' lang='lat' dir='ltr'><strong>in</strong></span> <span class='ocrx_word' id='word_1_603' title='bbox 516 2481 693 2516; x_wconf 79' lang='lat' dir='ltr'><strong>xvaprilis</strong></span> <span class='ocrx_word' id='word_1_604' title='bbox 707 2485 837 2509; x_wconf 89' lang='lat' dir='ltr'><strong>notatam.</strong></span> <span class='ocrx_word' id='word_1_605' title='bbox 848 2482 903 2518; x_wconf 79' lang='lat' dir='ltr'><strong>Ego</strong></span> <span class='ocrx_word' id='word_1_606' title='bbox 917 2483 978 2518; x_wconf 93' lang='lat' dir='ltr'><strong>qui-</strong></span> 
     </span>
    </p>
   </div>
   <div class='ocr_carea' id='block_1_84' title="bbox 197 2525 978 2557">
    <p class='ocr_par' dir='ltr' id='par_1_84' title="bbox 197 2525 978 2557">
     <span class='ocr_line' id='line_1_84' title="bbox 197 2525 978 2557; baseline 0.008 -6"><span class='ocrx_word' id='word_1_607' title='bbox 197 2525 258 2552; x_wconf 89' lang='lat' dir='ltr'><strong>dem</strong></span> <span class='ocrx_word' id='word_1_608' title='bbox 273 2529 338 2553; x_wconf 85' lang='lat' dir='ltr'><strong>tunc</strong></span> <span class='ocrx_word' id='word_1_609' title='bbox 352 2533 408 2552; x_wconf 89' lang='lat' dir='ltr'><strong>rem</strong></span> <span class='ocrx_word' id='word_1_610' title='bbox 424 2525 574 2553; x_wconf 78' lang='lat' dir='ltr'><strong>admiratus</strong></span> <span class='ocrx_word' id='word_1_611' title='bbox 593 2535 653 2554; x_wconf 88' lang='lat' dir='ltr'><strong>sum</strong></span> <span class='ocrx_word' id='word_1_612' title='bbox 667 2527 755 2555; x_wconf 88' lang='lat' dir='ltr'><strong>adhuc</strong></span> <span class='ocrx_word' id='word_1_613' title='bbox 773 2528 849 2556; x_wconf 86' lang='lat' dir='ltr'><strong>rudis</strong></span> <span class='ocrx_word' id='word_1_614' title='bbox 873 2530 978 2557; x_wconf 89' lang='lat' dir='ltr'><strong>mathe-</strong></span> 
     </span>
    </p>
   </div>
   <div class='ocr_carea' id='block_1_85' title="bbox 197 2573 978 2602">
    <p class='ocr_par' dir='ltr' id='par_1_85' title="bbox 197 2573 978 2602">
     <span class='ocr_line' id='line_1_85' title="bbox 197 2573 978 2602; baseline 0.005 -4"><span class='ocrx_word' id='word_1_615' title='bbox 197 2573 358 2599; x_wconf 85' lang='lat' dir='ltr'><strong>maticarum</strong></span> <span class='ocrx_word' id='word_1_616' title='bbox 374 2579 474 2598; x_wconf 87' lang='lat' dir='ltr'><strong>rerum.</strong></span> <span class='ocrx_word' id='word_1_617' title='bbox 490 2573 588 2599; x_wconf 75' lang='lat' dir='ltr'><strong>Postea</strong></span> <span class='ocrx_word' id='word_1_618' title='bbox 600 2581 664 2600; x_wconf 87' lang='lat' dir='ltr'><strong>vero</strong></span> <span class='ocrx_word' id='word_1_619' title='bbox 675 2581 772 2601; x_wconf 81' lang='lat' dir='ltr'><strong>causas</strong></span> <span class='ocrx_word' id='word_1_620' title='bbox 790 2575 828 2602; x_wconf 92' lang='lat' dir='ltr'><strong>rei</strong></span> <span class='ocrx_word' id='word_1_621' title='bbox 843 2582 876 2602; x_wconf 76' lang='lat' dir='ltr'><strong>ex</strong></span> <span class='ocrx_word' id='word_1_622' title='bbox 889 2579 978 2602; x_wconf 85' lang='lat' dir='ltr'><strong>astro-</strong></span> 
     </span>
    </p>
   </div>
   <div class='ocr_carea' id='block_1_86' title="bbox 197 2617 978 2654">
    <p class='ocr_par' dir='ltr' id='par_1_86' title="bbox 197 2617 978 2654">
     <span class='ocr_line' id='line_1_86' title="bbox 197 2617 978 2654; baseline 0.004 -8"><span class='ocrx_word' id='word_1_623' title='bbox 197 2618 313 2646; x_wconf 86' lang='lat' dir='ltr'><strong>nomicis</strong></span> <span class='ocrx_word' id='word_1_624' title='bbox 330 2617 482 2651; x_wconf 88' lang='lat' dir='ltr'><strong>disciplinis</strong></span> <span class='ocrx_word' id='word_1_625' title='bbox 497 2618 608 2645; x_wconf 81' lang='lat' dir='ltr'><strong>edoctus</strong></span> <span class='ocrx_word' id='word_1_626' title='bbox 627 2621 733 2654; x_wconf 85' lang='lat' dir='ltr'><strong>percepi</strong></span> <span class='ocrx_word' id='word_1_627' title='bbox 751 2619 804 2647; x_wconf 90' lang='lat' dir='ltr'><strong>hoc</strong></span> <span class='ocrx_word' id='word_1_628' title='bbox 819 2622 870 2648; x_wconf 88' lang='lat' dir='ltr'><strong>rite</strong></span> <span class='ocrx_word' id='word_1_629' title='bbox 889 2623 978 2649; x_wconf 79' lang='lat' dir='ltr'><strong>conti—</strong></span> 
     </span>
    </p>
   </div>
   <div class='ocr_carea' id='block_1_87' title="bbox 197 2663 978 2699">
    <p class='ocr_par' dir='ltr' id='par_1_87' title="bbox 197 2663 978 2699">
     <span class='ocr_line' id='line_1_87' title="bbox 197 2663 978 2699; baseline 0.005 -9"><span class='ocrx_word' id='word_1_630' title='bbox 197 2664 279 2699; x_wconf 64' lang='lat' dir='ltr'><strong>gisse.</strong></span> <span class='ocrx_word' id='word_1_631' title='bbox 298 2663 336 2690; x_wconf 80' lang='lat' dir='ltr'><strong>Ex</strong></span> <span class='ocrx_word' id='word_1_632' title='bbox 350 2663 393 2691; x_wconf 87' lang='lat' dir='ltr'><strong>his</strong></span> <span class='ocrx_word' id='word_1_633' title='bbox 422 2663 504 2698; x_wconf 80' lang='lat' dir='ltr'><strong>igitur</strong></span> <span class='ocrx_word' id='word_1_634' title='bbox 518 2667 636 2696; x_wconf 87' lang='lat' dir='ltr'><strong>constat,</strong></span> <span class='ocrx_word' id='word_1_635' title='bbox 662 2665 767 2699; x_wconf 64' lang='lat' dir='ltr'><strong>quoxies</strong></span> <span class='ocrx_word' id='word_1_636' title='bbox 782 2666 903 2699; x_wconf 77' lang='lat' dir='ltr'><strong>proxime</strong></span> <span class='ocrx_word' id='word_1_637' title='bbox 929 2675 978 2694; x_wconf 88' lang='lat' dir='ltr'><strong>ex-</strong></span> 
     </span>
    </p>
   </div>
   <div class='ocr_carea' id='block_1_88' title="bbox 197 2709 977 2743">
    <p class='ocr_par' dir='ltr' id='par_1_88' title="bbox 197 2709 977 2743">
     <span class='ocr_line' id='line_1_88' title="bbox 197 2709 977 2743; baseline 0.004 -7"><span class='ocrx_word' id='word_1_638' title='bbox 197 2713 287 2737; x_wconf 88' lang='lat' dir='ltr'><strong>actum</strong></span> <span class='ocrx_word' id='word_1_639' title='bbox 302 2716 413 2735; x_wconf 89' lang='lat' dir='ltr'><strong>vernum</strong></span> <span class='ocrx_word' id='word_1_640' title='bbox 426 2709 627 2743; x_wconf 67' lang='lat' dir='ltr'><strong>aequinoctium,</strong></span> <span class='ocrx_word' id='word_1_641' title='bbox 649 2710 700 2736; x_wconf 92' lang='lat' dir='ltr'><strong>hoc</strong></span> <span class='ocrx_word' id='word_1_642' title='bbox 715 2714 756 2737; x_wconf 87' lang='lat' dir='ltr'><strong>est</strong></span> <span class='ocrx_word' id='word_1_643' title='bbox 771 2719 805 2737; x_wconf 81' lang='lat' dir='ltr'><strong>xv</strong></span> <span class='ocrx_word' id='word_1_644' title='bbox 820 2711 918 2743; x_wconf 79' lang='lat' dir='ltr'><strong>Martii,</strong></span> <span class='ocrx_word' id='word_1_645' title='bbox 929 2721 977 2740; x_wconf 90' lang='lat' dir='ltr'><strong>us-</strong></span> 
     </span>
    </p>
   </div>
   <div class='ocr_carea' id='block_1_89' title="bbox 197 2754 978 2790">
    <p class='ocr_par' dir='ltr' id='par_1_89' title="bbox 197 2754 978 2790">
     <span class='ocr_line' id='line_1_89' title="bbox 197 2754 978 2790; baseline 0.006 -10"><span class='ocrx_word' id='word_1_646' title='bbox 197 2762 250 2788; x_wconf 82' lang='lat' dir='ltr'><strong>que</strong></span> <span class='ocrx_word' id='word_1_647' title='bbox 266 2755 298 2781; x_wconf 88' lang='lat' dir='ltr'><strong>ad</strong></span> <span class='ocrx_word' id='word_1_648' title='bbox 314 2762 349 2781; x_wconf 83' lang='lat' dir='ltr'><strong>xx</strong></span> <span class='ocrx_word' id='word_1_649' title='bbox 362 2754 495 2788; x_wconf 83' lang='lat' dir='ltr'><strong>ejusdem,</strong></span> <span class='ocrx_word' id='word_1_650' title='bbox 509 2755 642 2790; x_wconf 80' lang='lat' dir='ltr'><strong>contingit</strong></span> <span class='ocrx_word' id='word_1_651' title='bbox 657 2755 836 2790; x_wconf 89' lang='lat' dir='ltr'><strong>plenilunium</strong></span> <span class='ocrx_word' id='word_1_652' title='bbox 849 2756 917 2789; x_wconf 81' lang='lat' dir='ltr'><strong>fieri,</strong></span> <span class='ocrx_word' id='word_1_653' title='bbox 928 2767 978 2786; x_wconf 89' lang='lat' dir='ltr'><strong>nos</strong></span> 
     </span>
    </p>
   </div>
   <div class='ocr_carea' id='block_1_90' title="bbox 149 2799 978 2838">
    <p class='ocr_par' dir='ltr' id='par_1_90' title="bbox 149 2799 978 2838">
     <span class='ocr_line' id='line_1_90' title="bbox 149 2799 978 2838; baseline 0.008 -13"><span class='ocrx_word' id='word_1_654' title='bbox 149 2827 152 2830; x_wconf 58' lang='grc'><strong>,</strong></span> <span class='ocrx_word' id='word_1_655' title='bbox 199 2805 214 2826; x_wconf 82' lang='lat' dir='ltr'><strong>a</strong></span> <span class='ocrx_word' id='word_1_656' title='bbox 229 2800 320 2834; x_wconf 78' lang='lat' dir='ltr'><strong>regula</strong></span> <span class='ocrx_word' id='word_1_657' title='bbox 334 2799 465 2828; x_wconf 76' lang='lat' dir='ltr'><strong>deiicere:</strong></span> <span class='ocrx_word' id='word_1_658' title='bbox 482 2801 553 2835; x_wconf 89' lang='lat' dir='ltr'><strong>quod</strong></span> <span class='ocrx_word' id='word_1_659' title='bbox 568 2801 599 2828; x_wconf 91' lang='lat' dir='ltr'><strong>ad</strong></span> <span class='ocrx_word' id='word_1_660' title='bbox 611 2801 757 2835; x_wconf 84' lang='lat' dir='ltr'><strong>plenilunia</strong></span> <span class='ocrx_word' id='word_1_661' title='bbox 775 2801 873 2838; x_wconf 80' lang='lat' dir='ltr'><strong>Aprilis</strong></span> <span class='ocrx_word' id='word_1_662' title='bbox 890 2808 978 2832; x_wconf 87' lang='lat' dir='ltr'><strong>trans-</strong></span> 
     </span>
    </p>
   </div>
   <div class='ocr_carea' id='block_1_91' title="bbox 237 2875 628 2913">
    <p class='ocr_par' dir='ltr' id='par_1_91' title="bbox 237 2875 628 2913">
     <span class='ocr_line' id='line_1_91' title="bbox 237 2875 628 2913; baseline 0.01 -11"><span class='ocrx_word' id='word_1_663' title='bbox 237 2877 248 2892; x_wconf 82' lang='lat'>&#39;</span> <span class='ocrx_word' id='word_1_664' title='bbox 262 2875 325 2903; x_wconf 79' lang='lat' dir='ltr'><strong>Ila-c</strong></span> <span class='ocrx_word' id='word_1_665' title='bbox 341 2886 392 2904; x_wconf 86' lang='lat' dir='ltr'><strong>non</strong></span> <span class='ocrx_word' id='word_1_666' title='bbox 407 2877 482 2904; x_wconf 84' lang='lat' dir='ltr'><strong>habet</strong></span> <span class='ocrx_word' id='word_1_667' title='bbox 500 2877 628 2913; x_wconf 79' lang='lat' dir='ltr'><strong>Scaliger.</strong></span> 
     </span>
    </p>
   </div>
   <div class='ocr_carea' id='block_1_92' title="bbox 1030 1607 1820 1643">
    <p class='ocr_par' dir='ltr' id='par_1_92' title="bbox 1030 1607 1820 1643">
     <span class='ocr_line' id='line_1_92' title="bbox 1030 1607 1820 1643; baseline 0.001 -9"><span class='ocrx_word' id='word_1_668' title='bbox 1030 1608 1209 1643; x_wconf 77' lang='grc' dir='ltr'>τελουμένης·</span> <span class='ocrx_word' id='word_1_669' title='bbox 1229 1609 1257 1634; x_wconf 91' lang='grc' dir='ltr'>αἱ</span> <span class='ocrx_word' id='word_1_670' title='bbox 1281 1609 1309 1634; x_wconf 89' lang='grc' dir='ltr'><strong>ἐν</strong></span> <span class='ocrx_word' id='word_1_671' title='bbox 1331 1607 1370 1642; x_wconf 82' lang='grc' dir='ltr'>τῷ</span> <span class='ocrx_word' id='word_1_672' title='bbox 1394 1608 1507 1642; x_wconf 86' lang='grc' dir='ltr'>κανονίῳ</span> <span class='ocrx_word' id='word_1_673' title='bbox 1524 1607 1728 1643; x_wconf 77' lang='grc' dir='ltr'>παρακείμεναι</span> <span class='ocrx_word' id='word_1_674' title='bbox 1754 1617 1820 1635; x_wconf 73' lang='grc' dir='ltr'>παν-</span> 
     </span>
    </p>
   </div>
   <div class='ocr_carea' id='block_1_93' title="bbox 1031 1652 1821 1688">
    <p class='ocr_par' dir='ltr' id='par_1_93' title="bbox 1031 1652 1821 1688">
     <span class='ocr_line' id='line_1_93' title="bbox 1031 1652 1821 1688; baseline 0.005 -10"><span class='ocrx_word' id='word_1_675' title='bbox 1031 1652 1187 1688; x_wconf 73' lang='grc' dir='ltr'>σεληνιακαὶ</span> <span class='ocrx_word' id='word_1_676' title='bbox 1208 1654 1319 1688; x_wconf 80' lang='grc' dir='ltr'>ἡμέραι,</span> <span class='ocrx_word' id='word_1_677' title='bbox 1343 1654 1388 1680; x_wconf 83' lang='grc' dir='ltr'>καὶ</span> <span class='ocrx_word' id='word_1_678' title='bbox 1405 1653 1435 1679; x_wconf 80' lang='grc' dir='ltr'>τὸ</span> <span class='ocrx_word' id='word_1_679' title='bbox 1450 1653 1593 1679; x_wconf 73' lang='grc' dir='ltr'>Ἰουδαϊκὸν</span> <span class='ocrx_word' id='word_1_680' title='bbox 1609 1653 1743 1688; x_wconf 76' lang='grc' dir='ltr'>δηλοῦσαι</span> <span class='ocrx_word' id='word_1_681' title='bbox 1765 1655 1821 1682; x_wconf 72' lang='grc' dir='ltr'><strong>Πά-</strong></span> 
     </span>
    </p>
   </div>
   <div class='ocr_carea' id='block_1_94' title="bbox 1031 1698 1820 1736">
    <p class='ocr_par' dir='ltr' id='par_1_94' title="bbox 1031 1698 1820 1736">
     <span class='ocr_line' id='line_1_94' title="bbox 1031 1698 1820 1736; baseline 0.004 -12"><span class='ocrx_word' id='word_1_682' title='bbox 1031 1706 1096 1732; x_wconf 86' lang='grc' dir='ltr'>σχα,</span> <span class='ocrx_word' id='word_1_683' title='bbox 1121 1698 1227 1734; x_wconf 77' lang='grc' dir='ltr'>πρῶταί</span> <span class='ocrx_word' id='word_1_684' title='bbox 1250 1700 1317 1725; x_wconf 84' lang='grc' dir='ltr'>εἰσιν</span> <span class='ocrx_word' id='word_1_685' title='bbox 1345 1698 1473 1733; x_wconf 76' lang='grc' dir='ltr'>ἀσφαλῶς</span> <span class='ocrx_word' id='word_1_686' title='bbox 1500 1699 1568 1734; x_wconf 78' lang='grc' dir='ltr'>μετὰ</span> <span class='ocrx_word' id='word_1_687' title='bbox 1592 1699 1643 1734; x_wconf 82' lang='grc' dir='ltr'>τὴν</span> <span class='ocrx_word' id='word_1_688' title='bbox 1670 1700 1820 1736; x_wconf 75' lang='grc' dir='ltr'>ἰσημερίαν</span> 
     </span>
    </p>
   </div>
   <div class='ocr_carea' id='block_1_95' title="bbox 1029 1743 1820 1782">
    <p class='ocr_par' dir='ltr' id='par_1_95' title="bbox 1029 1743 1820 1782">
     <span class='ocr_line' id='line_1_95' title="bbox 1029 1743 1820 1782; baseline 0.003 -12"><span class='ocrx_word' id='word_1_689' title='bbox 1029 1743 1199 1779; x_wconf 82' lang='grc' dir='ltr'>πανσέληνοι.</span> <span class='ocrx_word' id='word_1_690' title='bbox 1216 1744 1283 1770; x_wconf 80' lang='grc' dir='ltr'><strong>Οὑδέ</strong></span> <span class='ocrx_word' id='word_1_691' title='bbox 1295 1744 1350 1779; x_wconf 87' lang='grc' dir='ltr'><strong>γὰρ</strong></span> <span class='ocrx_word' id='word_1_692' title='bbox 1368 1744 1458 1780; x_wconf 73' lang='grc' dir='ltr'>εὕροις</span> <span class='ocrx_word' id='word_1_693' title='bbox 1476 1744 1508 1771; x_wconf 80' lang='grc' dir='ltr'>ἂν</span> <span class='ocrx_word' id='word_1_694' title='bbox 1530 1744 1560 1771; x_wconf 80' lang='grc' dir='ltr'>τὸ</span> <span class='ocrx_word' id='word_1_695' title='bbox 1583 1745 1708 1772; x_wconf 85' lang='grc' dir='ltr'>κανόνιον</span> <span class='ocrx_word' id='word_1_696' title='bbox 1727 1754 1820 1782; x_wconf 84' lang='grc' dir='ltr'>παρα-</span> 
     </span>
    </p>
   </div>
   <div class='ocr_carea' id='block_1_96' title="bbox 1029 1789 1818 1826">
    <p class='ocr_par' dir='ltr' id='par_1_96' title="bbox 1029 1789 1818 1826">
     <span class='ocr_line' id='line_1_96' title="bbox 1029 1789 1818 1826; baseline 0.005 -12"><span class='ocrx_word' id='word_1_697' title='bbox 1029 1789 1124 1823; x_wconf 76' lang='grc' dir='ltr'>τρέχον</span> <span class='ocrx_word' id='word_1_698' title='bbox 1140 1789 1189 1824; x_wconf 88' lang='grc' dir='ltr'>μὲν</span> <span class='ocrx_word' id='word_1_699' title='bbox 1205 1789 1253 1824; x_wconf 77' lang='grc' dir='ltr'>τὴν</span> <span class='ocrx_word' id='word_1_700' title='bbox 1264 1790 1294 1816; x_wconf 84' lang='grc' dir='ltr'><strong>ἐν</strong></span> <span class='ocrx_word' id='word_1_701' title='bbox 1307 1791 1339 1825; x_wconf 83' lang='grc' dir='ltr'><strong>τῇ</strong></span> <span class='ocrx_word' id='word_1_702' title='bbox 1356 1793 1397 1816; x_wconf 86' lang='grc' dir='ltr'>κα¹</span> <span class='ocrx_word' id='word_1_703' title='bbox 1413 1789 1460 1816; x_wconf 81' lang='grc' dir='ltr'><strong>τοῦ</strong></span> <span class='ocrx_word' id='word_1_704' title='bbox 1471 1790 1602 1826; x_wconf 25' lang='grc' dir='ltr'>,Μαρτίου</span> <span class='ocrx_word' id='word_1_705' title='bbox 1627 1791 1799 1826; x_wconf 77' lang='grc' dir='ltr'>πανσέληνον</span> <span class='ocrx_word' id='word_1_706' title='bbox 1811 1801 1818 1807; x_wconf 95' lang='grc'><strong>·</strong></span> 
     </span>
    </p>
   </div>
   <div class='ocr_carea' id='block_1_97' title="bbox 1029 1831 1818 1871">
    <p class='ocr_par' dir='ltr' id='par_1_97' title="bbox 1029 1831 1818 1871">
     <span class='ocr_line' id='line_1_97' title="bbox 1029 1831 1818 1871; baseline 0.005 -12"><span class='ocrx_word' id='word_1_707' title='bbox 1029 1833 1088 1868; x_wconf 81' lang='grc' dir='ltr'>ἥτις</span> <span class='ocrx_word' id='word_1_708' title='bbox 1102 1836 1126 1859; x_wconf 85' lang='grc' dir='ltr'>α’</span> <span class='ocrx_word' id='word_1_709' title='bbox 1138 1831 1172 1869; x_wconf 88' lang='grc' dir='ltr'>ἦν</span> <span class='ocrx_word' id='word_1_710' title='bbox 1187 1833 1255 1868; x_wconf 79' lang='grc' dir='ltr'>μετὰ</span> <span class='ocrx_word' id='word_1_711' title='bbox 1274 1834 1324 1869; x_wconf 78' lang='grc' dir='ltr'><strong>τὴν</strong></span> <span class='ocrx_word' id='word_1_712' title='bbox 1345 1834 1489 1870; x_wconf 78' lang='grc' dir='ltr'>ἰσημερίαν</span> <span class='ocrx_word' id='word_1_713' title='bbox 1504 1835 1575 1866; x_wconf 85' lang='grc' dir='ltr'>τότε,</span> <span class='ocrx_word' id='word_1_714' title='bbox 1592 1835 1649 1861; x_wconf 88' lang='grc' dir='ltr'>ἀντ’</span> <span class='ocrx_word' id='word_1_715' title='bbox 1664 1836 1777 1871; x_wconf 77' lang='grc' dir='ltr'>ἐκείνης</span> <span class='ocrx_word' id='word_1_716' title='bbox 1791 1837 1818 1863; x_wconf 74' lang='grc' dir='ltr'>δὲ</span> 
     </span>
    </p>
   </div>
   <div class='ocr_carea' id='block_1_98' title="bbox 1029 1879 1818 1917">
    <p class='ocr_par' dir='ltr' id='par_1_98' title="bbox 1029 1879 1818 1917">
     <span class='ocr_line' id='line_1_98' title="bbox 1029 1879 1818 1917; baseline 0.004 -12"><span class='ocrx_word' id='word_1_717' title='bbox 1029 1879 1124 1914; x_wconf 70' lang='grc' dir='ltr'>ἑτέραν</span> <span class='ocrx_word' id='word_1_718' title='bbox 1139 1879 1188 1914; x_wconf 83' lang='grc' dir='ltr'>τὴν</span> <span class='ocrx_word' id='word_1_719' title='bbox 1204 1880 1262 1914; x_wconf 81' lang='grc' dir='ltr'>μετ’</span> <span class='ocrx_word' id='word_1_720' title='bbox 1277 1880 1383 1915; x_wconf 79' lang='grc' dir='ltr'>ἐκείνην</span> <span class='ocrx_word' id='word_1_721' title='bbox 1397 1880 1513 1915; x_wconf 73' lang='grc' dir='ltr'>ἔκρινον,</span> <span class='ocrx_word' id='word_1_722' title='bbox 1526 1880 1584 1906; x_wconf 78' lang='grc' dir='ltr'><strong>Νῦν</strong></span> <span class='ocrx_word' id='word_1_723' title='bbox 1596 1880 1626 1907; x_wconf 86' lang='grc' dir='ltr'>δὲ</span> <span class='ocrx_word' id='word_1_724' title='bbox 1640 1881 1692 1916; x_wconf 79' lang='grc' dir='ltr'><strong>τῆς</strong></span> <span class='ocrx_word' id='word_1_725' title='bbox 1705 1883 1818 1917; x_wconf 76' lang='grc' dir='ltr'>ἐαρινῆς</span> 
     </span>
    </p>
   </div>
   <div class='ocr_carea' id='block_1_99' title="bbox 1032 1925 1819 1963">
    <p class='ocr_par' dir='ltr' id='par_1_99' title="bbox 1032 1925 1819 1963">
     <span class='ocr_line' id='line_1_99' title="bbox 1032 1925 1819 1963; baseline 0.004 -12"><span class='ocrx_word' id='word_1_726' title='bbox 1032 1925 1174 1960; x_wconf 77' lang='grc' dir='ltr'>ἰσημερίας</span> <span class='ocrx_word' id='word_1_727' title='bbox 1192 1925 1221 1958; x_wconf 77' lang='grc' dir='ltr'><strong>ἓξ</strong></span> <span class='ocrx_word' id='word_1_728' title='bbox 1241 1925 1368 1961; x_wconf 79' lang='grc' dir='ltr'>ἡμέραις,</span> <span class='ocrx_word' id='word_1_729' title='bbox 1385 1926 1401 1960; x_wconf 80' lang='grc' dir='ltr'>ἢ</span> <span class='ocrx_word' id='word_1_730' title='bbox 1417 1926 1464 1952; x_wconf 65' lang='grc' dir='ltr'><strong>καὶ⁸</strong></span> <span class='ocrx_word' id='word_1_731' title='bbox 1481 1925 1600 1952; x_wconf 80' lang='grc' dir='ltr'>πλείοσιν</span> <span class='ocrx_word' id='word_1_732' title='bbox 1616 1927 1819 1963; x_wconf 74' lang='grc' dir='ltr'>όπισθοδρομη-</span> 
     </span>
    </p>
   </div>
   <div class='ocr_carea' id='block_1_100' title="bbox 1030 1970 1818 2008">
    <p class='ocr_par' dir='ltr' id='par_1_100' title="bbox 1030 1970 1818 2008">
     <span class='ocr_line' id='line_1_100' title="bbox 1030 1970 1818 2008; baseline 0.003 -12"><span class='ocrx_word' id='word_1_733' title='bbox 1030 1970 1125 2005; x_wconf 83' lang='grc' dir='ltr'>σὰσης,</span> <span class='ocrx_word' id='word_1_734' title='bbox 1137 1971 1251 1997; x_wconf 79' lang='grc' dir='ltr'>δύναιντ’</span> <span class='ocrx_word' id='word_1_735' title='bbox 1263 1971 1296 1998; x_wconf 80' lang='grc' dir='ltr'>ἄν</span> <span class='ocrx_word' id='word_1_736' title='bbox 1309 1971 1386 1998; x_wconf 79' lang='grc' dir='ltr'>ἄλλαι</span> <span class='ocrx_word' id='word_1_737' title='bbox 1402 1972 1508 2007; x_wconf 82' lang='grc' dir='ltr'>πρῶται</span> <span class='ocrx_word' id='word_1_738' title='bbox 1522 1971 1686 2007; x_wconf 84' lang='grc' dir='ltr'>πανσέληνοι</span> <span class='ocrx_word' id='word_1_739' title='bbox 1702 1974 1757 2008; x_wconf 78' lang='grc' dir='ltr'><strong>πρὸ</strong></span> <span class='ocrx_word' id='word_1_740' title='bbox 1770 1974 1818 2008; x_wconf 68' lang='grc' dir='ltr'>τῆς</span> 
     </span>
    </p>
   </div>
   <div class='ocr_carea' id='block_1_101' title="bbox 1029 2016 1818 2052">
    <p class='ocr_par' dir='ltr' id='par_1_101' title="bbox 1029 2016 1818 2052">
     <span class='ocr_line' id='line_1_101' title="bbox 1029 2016 1818 2052; baseline 0.004 -9"><span class='ocrx_word' id='word_1_741' title='bbox 1029 2019 1071 2043; x_wconf 82' lang='grc' dir='ltr'>κα¹</span> <span class='ocrx_word' id='word_1_742' title='bbox 1082 2016 1128 2043; x_wconf 83' lang='grc' dir='ltr'>τοῦ</span> <span class='ocrx_word' id='word_1_743' title='bbox 1145 2017 1267 2052; x_wconf 85' lang='grc' dir='ltr'>Μαρτίου</span> <span class='ocrx_word' id='word_1_744' title='bbox 1286 2017 1416 2052; x_wconf 81' lang='grc' dir='ltr'>γίνεσθαι,</span> <span class='ocrx_word' id='word_1_745' title='bbox 1434 2017 1494 2045; x_wconf 85' lang='grc' dir='ltr'>καθ’</span> <span class='ocrx_word' id='word_1_746' title='bbox 1508 2018 1542 2049; x_wconf 78' lang='grc' dir='ltr'>ἃς</span> <span class='ocrx_word' id='word_1_747' title='bbox 1563 2017 1618 2044; x_wconf 82' lang='grc' dir='ltr'><strong>τῶν</strong></span> <span class='ocrx_word' id='word_1_748' title='bbox 1637 2018 1775 2046; x_wconf 75' lang='grc' dir='ltr'>Ἰουδαίων</span> <span class='ocrx_word' id='word_1_749' title='bbox 1789 2019 1818 2046; x_wconf 76' lang='grc' dir='ltr'>τὸ</span> 
     </span>
    </p>
   </div>
   <div class='ocr_carea' id='block_1_102' title="bbox 1029 2063 1818 2099">
    <p class='ocr_par' dir='ltr' id='par_1_102' title="bbox 1029 2063 1818 2099">
     <span class='ocr_line' id='line_1_102' title="bbox 1029 2063 1818 2099; baseline 0.004 -10"><span class='ocrx_word' id='word_1_750' title='bbox 1029 2063 1124 2098; x_wconf 72' lang='grc' dir='ltr'>Πάσχα</span> <span class='ocrx_word' id='word_1_751' title='bbox 1136 2063 1293 2095; x_wconf 80' lang='grc' dir='ltr'>τελούντων,</span> <span class='ocrx_word' id='word_1_752' title='bbox 1305 2065 1386 2099; x_wconf 82' lang='grc' dir='ltr'>ἡμεῖς</span> <span class='ocrx_word' id='word_1_753' title='bbox 1401 2065 1461 2095; x_wconf 85' lang='grc' dir='ltr'>ταῖς</span> <span class='ocrx_word' id='word_1_754' title='bbox 1477 2065 1506 2090; x_wconf 84' lang='grc' dir='ltr'><strong>ἐν</strong></span> <span class='ocrx_word' id='word_1_755' title='bbox 1528 2064 1566 2099; x_wconf 85' lang='grc' dir='ltr'>τῷ</span> <span class='ocrx_word' id='word_1_756' title='bbox 1589 2065 1682 2091; x_wconf 82' lang='grc' dir='ltr'>κανόνι</span> <span class='ocrx_word' id='word_1_757' title='bbox 1706 2066 1818 2092; x_wconf 77' lang='grc' dir='ltr'>ἀκολου-</span> 
     </span>
    </p>
   </div>
   <div class='ocr_carea' id='block_1_103' title="bbox 1030 2108 1817 2145">
    <p class='ocr_par' dir='ltr' id='par_1_103' title="bbox 1030 2108 1817 2145">
     <span class='ocr_line' id='line_1_103' title="bbox 1030 2108 1817 2145; baseline 0.004 -11"><span class='ocrx_word' id='word_1_758' title='bbox 1030 2108 1147 2140; x_wconf 81' lang='grc' dir='ltr'>θοῦντες,</span> <span class='ocrx_word' id='word_1_759' title='bbox 1164 2108 1307 2143; x_wconf 82' lang='grc' dir='ltr'>ὁλόκληρον</span> <span class='ocrx_word' id='word_1_760' title='bbox 1327 2110 1398 2144; x_wconf 85' lang='grc' dir='ltr'>μῆνα</span> <span class='ocrx_word' id='word_1_761' title='bbox 1419 2108 1466 2135; x_wconf 80' lang='grc' dir='ltr'>τοῦ</span> <span class='ocrx_word' id='word_1_762' title='bbox 1486 2110 1669 2145; x_wconf 81' lang='grc' dir='ltr'>προσήκοντος</span> <span class='ocrx_word' id='word_1_763' title='bbox 1688 2111 1817 2145; x_wconf 77' lang='grc' dir='ltr'>ὑστεροῦ-</span> 
     </span>
    </p>
   </div>
   <div class='ocr_carea' id='block_1_104' title="bbox 1031 2154 1818 2190">
    <p class='ocr_par' dir='ltr' id='par_1_104' title="bbox 1031 2154 1818 2190">
     <span class='ocr_line' id='line_1_104' title="bbox 1031 2154 1818 2190; baseline 0.003 -10"><span class='ocrx_word' id='word_1_764' title='bbox 1031 2163 1080 2190; x_wconf 86' lang='grc' dir='ltr'><strong>μεν</strong></span> <span class='ocrx_word' id='word_1_765' title='bbox 1099 2154 1205 2190; x_wconf 86' lang='grc' dir='ltr'>καιροῦ.</span> <span class='ocrx_word' id='word_1_766' title='bbox 1225 2154 1282 2190; x_wconf 71' lang='grc' dir='ltr'>Πρὸ</span> <span class='ocrx_word' id='word_1_767' title='bbox 1301 2154 1404 2190; x_wconf 78' lang='grc' dir='ltr'>χρόνων</span> <span class='ocrx_word' id='word_1_768' title='bbox 1423 2154 1476 2189; x_wconf 70' lang='grc' dir='ltr'>γὰρ</span> <span class='ocrx_word' id='word_1_769' title='bbox 1499 2155 1679 2189; x_wconf 81' lang='grc' dir='ltr'>πεντήκοντα,</span> <span class='ocrx_word' id='word_1_770' title='bbox 1703 2155 1765 2187; x_wconf 79' lang='grc' dir='ltr'>νέος</span> <span class='ocrx_word' id='word_1_771' title='bbox 1779 2156 1818 2182; x_wconf 81' lang='grc' dir='ltr'>ὣν</span> 
     </span>
    </p>
   </div>
   <div class='ocr_carea' id='block_1_105' title="bbox 1030 2201 1816 2237">
    <p class='ocr_par' dir='ltr' id='par_1_105' title="bbox 1030 2201 1816 2237">
     <span class='ocr_line' id='line_1_105' title="bbox 1030 2201 1816 2237; baseline 0.003 -10"><span class='ocrx_word' id='word_1_772' title='bbox 1030 2202 1069 2228; x_wconf 75' lang='grc' dir='ltr'><strong>ἔτι</strong></span> <span class='ocrx_word' id='word_1_773' title='bbox 1081 2201 1129 2237; x_wconf 80' lang='grc' dir='ltr'>τὴν</span> <span class='ocrx_word' id='word_1_774' title='bbox 1145 2201 1262 2236; x_wconf 84' lang='grc' dir='ltr'>ἡλικίαν,</span> <span class='ocrx_word' id='word_1_775' title='bbox 1280 2201 1334 2236; x_wconf 78' lang='grc' dir='ltr'>ἐγὼ</span> <span class='ocrx_word' id='word_1_776' title='bbox 1350 2201 1409 2236; x_wconf 76' lang='grc' dir='ltr'>μὲν,</span> <span class='ocrx_word' id='word_1_777' title='bbox 1428 2202 1502 2237; x_wconf 79' lang='grc' dir='ltr'>παρά</span> <span class='ocrx_word' id='word_1_778' title='bbox 1520 2210 1572 2228; x_wconf 88' lang='grc' dir='ltr'>τινι</span> <span class='ocrx_word' id='word_1_779' title='bbox 1588 2201 1643 2228; x_wconf 84' lang='grc' dir='ltr'>τῶν</span> <span class='ocrx_word' id='word_1_780' title='bbox 1668 2202 1816 2237; x_wconf 70' lang='grc' dir='ltr'>Θρᾳκικῶν</span> 
     </span>
    </p>
   </div>
   <div class='ocr_carea' id='block_1_106' title="bbox 1030 2244 1816 2283">
    <p class='ocr_par' dir='ltr' id='par_1_106' title="bbox 1030 2244 1816 2283">
     <span class='ocr_line' id='line_1_106' title="bbox 1030 2244 1816 2283; baseline 0 -9"><span class='ocrx_word' id='word_1_781' title='bbox 1030 2247 1132 2274; x_wconf 72' lang='grc' dir='ltr'>πόλεων</span> <span class='ocrx_word' id='word_1_782' title='bbox 1149 2247 1303 2282; x_wconf 76' lang='grc' dir='ltr'>διατρίϐων,</span> <span class='ocrx_word' id='word_1_783' title='bbox 1319 2247 1390 2282; x_wconf 77' lang='grc' dir='ltr'>Αἴνῳ</span> <span class='ocrx_word' id='word_1_784' title='bbox 1407 2247 1569 2283; x_wconf 79' lang='grc' dir='ltr'>καλουμένῃ,</span> <span class='ocrx_word' id='word_1_785' title='bbox 1586 2244 1657 2274; x_wconf 74' lang='grc' dir='ltr'>εἶδον</span> <span class='ocrx_word' id='word_1_786' title='bbox 1676 2248 1739 2274; x_wconf 78' lang='grc' dir='ltr'>τότε</span> <span class='ocrx_word' id='word_1_787' title='bbox 1753 2249 1816 2280; x_wconf 66' lang='grc' dir='ltr'>τοὺς</span> 
     </span>
    </p>
   </div>
   <div class='ocr_carea' id='block_1_107' title="bbox 1029 2293 1815 2329">
    <p class='ocr_par' dir='ltr' id='par_1_107' title="bbox 1029 2293 1815 2329">
     <span class='ocr_line' id='line_1_107' title="bbox 1029 2293 1815 2329; baseline 0.001 -10"><span class='ocrx_word' id='word_1_788' title='bbox 1029 2295 1117 2320; x_wconf 70' lang='grc' dir='ltr'>ἐκεῖσε</span> <span class='ocrx_word' id='word_1_789' title='bbox 1135 2294 1184 2328; x_wconf 78' lang='grc' dir='ltr'>τὴν</span> <span class='ocrx_word' id='word_1_790' title='bbox 1199 2294 1304 2328; x_wconf 74' lang='grc' dir='ltr'>οἴκησιν</span> <span class='ocrx_word' id='word_1_791' title='bbox 1325 2293 1501 2328; x_wconf 81' lang='grc' dir='ltr'>ποιουμένους</span> <span class='ocrx_word' id='word_1_792' title='bbox 1519 2293 1663 2324; x_wconf 81' lang='grc' dir='ltr'>Ἰουδαίους</span> <span class='ocrx_word' id='word_1_793' title='bbox 1679 2295 1713 2329; x_wconf 77' lang='grc' dir='ltr'><strong>τῇ</strong></span> <span class='ocrx_word' id='word_1_794' title='bbox 1731 2298 1757 2320; x_wconf 91' lang='grc' dir='ltr'>κ’</span> <span class='ocrx_word' id='word_1_795' title='bbox 1769 2295 1815 2321; x_wconf 78' lang='grc' dir='ltr'>τοῦ</span> 
     </span>
    </p>
   </div>
   <div class='ocr_carea' id='block_1_108' title="bbox 1029 2339 1815 2375">
    <p class='ocr_par' dir='ltr' id='par_1_108' title="bbox 1029 2339 1815 2375">
     <span class='ocr_line' id='line_1_108' title="bbox 1029 2339 1815 2375; baseline 0 -9"><span class='ocrx_word' id='word_1_796' title='bbox 1029 2339 1150 2375; x_wconf 80' lang='grc' dir='ltr'>Μαρτίου</span> <span class='ocrx_word' id='word_1_797' title='bbox 1169 2340 1199 2366; x_wconf 84' lang='grc' dir='ltr'>τὸ</span> <span class='ocrx_word' id='word_1_798' title='bbox 1212 2341 1309 2366; x_wconf 82' lang='grc' dir='ltr'>οἰκεῖον</span> <span class='ocrx_word' id='word_1_799' title='bbox 1335 2339 1429 2374; x_wconf 78' lang='grc' dir='ltr'>Πάσχα</span> <span class='ocrx_word' id='word_1_800' title='bbox 1449 2339 1627 2370; x_wconf 75' lang='grc' dir='ltr'>τελέσανταςο</span> <span class='ocrx_word' id='word_1_801' title='bbox 1650 2339 1681 2366; x_wconf 80' lang='grc' dir='ltr'>τὸ</span> <span class='ocrx_word' id='word_1_802' title='bbox 1700 2340 1730 2366; x_wconf 80' lang='grc' dir='ltr'>δὲ</span> <span class='ocrx_word' id='word_1_803' title='bbox 1754 2341 1815 2366; x_wconf 74' lang='grc' dir='ltr'>καθ’</span> 
     </span>
    </p>
   </div>
   <div class='ocr_carea' id='block_1_109' title="bbox 1029 2383 1815 2421">
    <p class='ocr_par' dir='ltr' id='par_1_109' title="bbox 1029 2383 1815 2421">
     <span class='ocr_line' id='line_1_109' title="bbox 1029 2383 1815 2421; baseline 0.001 -10"><span class='ocrx_word' id='word_1_804' title='bbox 1029 2386 1102 2421; x_wconf 81' lang='grc' dir='ltr'>ἡμᾶς</span> <span class='ocrx_word' id='word_1_805' title='bbox 1116 2385 1192 2419; x_wconf 81' lang='grc' dir='ltr'>ἆγιον</span> <span class='ocrx_word' id='word_1_806' title='bbox 1208 2385 1302 2419; x_wconf 79' lang='grc' dir='ltr'>Πάσχα</span> <span class='ocrx_word' id='word_1_807' title='bbox 1319 2385 1398 2419; x_wconf 82' lang='grc' dir='ltr'>ἡμεῖς</span> <span class='ocrx_word' id='word_1_808' title='bbox 1410 2385 1442 2420; x_wconf 83' lang='grc' dir='ltr'>τῇ</span> <span class='ocrx_word' id='word_1_809' title='bbox 1461 2387 1485 2410; x_wconf 81' lang='grc' dir='ltr'>κ’</span> <span class='ocrx_word' id='word_1_810' title='bbox 1496 2383 1543 2411; x_wconf 79' lang='grc' dir='ltr'><strong>τοῦ</strong></span> <span class='ocrx_word' id='word_1_811' title='bbox 1564 2384 1704 2419; x_wconf 85' lang='grc' dir='ltr'>Ἀπριλίου</span> <span class='ocrx_word' id='word_1_812' title='bbox 1725 2386 1815 2412; x_wconf 76' lang='grc' dir='ltr'>ἐτελέ-</span> 
     </span>
    </p>
   </div>
   <div class='ocr_carea' id='block_1_110' title="bbox 1030 2430 1812 2467">
    <p class='ocr_par' dir='ltr' id='par_1_110' title="bbox 1030 2430 1812 2467">
     <span class='ocr_line' id='line_1_110' title="bbox 1030 2430 1812 2467; baseline -0.001 -8"><span class='ocrx_word' id='word_1_813' title='bbox 1030 2441 1126 2467; x_wconf 83' lang='grc' dir='ltr'>σαμεν,</span> <span class='ocrx_word' id='word_1_814' title='bbox 1142 2431 1372 2466; x_wconf 84' lang='grc' dir='ltr'>ἀκολουθήσαντες</span> <span class='ocrx_word' id='word_1_815' title='bbox 1391 2432 1422 2466; x_wconf 85' lang='grc' dir='ltr'>τῇ</span> <span class='ocrx_word' id='word_1_816' title='bbox 1447 2431 1475 2456; x_wconf 88' lang='grc' dir='ltr'><strong>ἐν</strong></span> <span class='ocrx_word' id='word_1_817' title='bbox 1494 2430 1533 2465; x_wconf 85' lang='grc' dir='ltr'>τῷ</span> <span class='ocrx_word' id='word_1_818' title='bbox 1546 2430 1660 2466; x_wconf 82' lang='grc' dir='ltr'>κανονίῳ</span> <span class='ocrx_word' id='word_1_819' title='bbox 1682 2431 1729 2457; x_wconf 75' lang='grc' dir='ltr'>τοῦ</span> <span class='ocrx_word' id='word_1_820' title='bbox 1749 2433 1812 2458; x_wconf 72' lang='grc' dir='ltr'>Ἰου-</span> 
     </span>
    </p>
   </div>
   <div class='ocr_carea' id='block_1_111' title="bbox 1027 2476 1813 2513">
    <p class='ocr_par' dir='ltr' id='par_1_111' title="bbox 1027 2476 1813 2513">
     <span class='ocr_line' id='line_1_111' title="bbox 1027 2476 1813 2513; baseline 0 -8"><span class='ocrx_word' id='word_1_821' title='bbox 1027 2479 1120 2506; x_wconf 85' lang='grc' dir='ltr'>δαῐκοῦ</span> <span class='ocrx_word' id='word_1_822' title='bbox 1135 2479 1229 2513; x_wconf 74' lang='grc' dir='ltr'>Πάσχα</span> <span class='ocrx_word' id='word_1_823' title='bbox 1251 2476 1485 2512; x_wconf 75' lang='grc' dir='ltr'>διαλαμϐανομένῃ</span> <span class='ocrx_word' id='word_1_824' title='bbox 1504 2476 1707 2512; x_wconf 75' lang='grc' dir='ltr'>πανσεληνιακῇ</span> <span class='ocrx_word' id='word_1_825' title='bbox 1723 2478 1813 2513; x_wconf 73' lang='grc' dir='ltr'>ἡμέρα</span> 
     </span>
    </p>
   </div>
   <div class='ocr_carea' id='block_1_112' title="bbox 1034 2521 1813 2561">
    <p class='ocr_par' dir='ltr' id='par_1_112' title="bbox 1034 2521 1813 2561">
     <span class='ocr_line' id='line_1_112' title="bbox 1034 2521 1813 2561; baseline -0.005 -9"><span class='ocrx_word' id='word_1_826' title='bbox 1034 2524 1170 2561; x_wconf 77' lang='grc' dir='ltr'>’Λπριλίου</span> <span class='ocrx_word' id='word_1_827' title='bbox 1186 2528 1229 2560; x_wconf 87' lang='grc' dir='ltr'>ιη’.</span> <span class='ocrx_word' id='word_1_828' title='bbox 1245 2524 1299 2550; x_wconf 75' lang='grc' dir='ltr'><strong>Καὶ</strong></span> <span class='ocrx_word' id='word_1_829' title='bbox 1315 2523 1376 2549; x_wconf 80' lang='grc' dir='ltr'>τότε</span> <span class='ocrx_word' id='word_1_830' title='bbox 1391 2523 1439 2558; x_wconf 84' lang='grc' dir='ltr'>μὲν</span> <span class='ocrx_word' id='word_1_831' title='bbox 1463 2521 1518 2556; x_wconf 83' lang='grc' dir='ltr'><strong>ἐγὼ</strong></span> <span class='ocrx_word' id='word_1_832' title='bbox 1535 2523 1563 2548; x_wconf 93' lang='grc' dir='ltr'><strong>ἐν</strong></span> <span class='ocrx_word' id='word_1_833' title='bbox 1580 2522 1695 2558; x_wconf 80' lang='grc' dir='ltr'>ἀπόροις</span> <span class='ocrx_word' id='word_1_834' title='bbox 1712 2523 1813 2558; x_wconf 74' lang='grc' dir='ltr'>ἐθέμην</span> 
     </span>
    </p>
   </div>
   <div class='ocr_carea' id='block_1_113' title="bbox 1027 2568 1810 2607">
    <p class='ocr_par' dir='ltr' id='par_1_113' title="bbox 1027 2568 1810 2607">
     <span class='ocr_line' id='line_1_113' title="bbox 1027 2568 1810 2607; baseline -0.006 -8"><span class='ocrx_word' id='word_1_835' title='bbox 1027 2572 1058 2599; x_wconf 78' lang='grc' dir='ltr'>τὸ</span> <span class='ocrx_word' id='word_1_836' title='bbox 1077 2572 1202 2607; x_wconf 79' lang='grc' dir='ltr'>πρᾶγμα,</span> <span class='ocrx_word' id='word_1_837' title='bbox 1221 2572 1303 2606; x_wconf 82' lang='grc' dir='ltr'>μήπω</span> <span class='ocrx_word' id='word_1_838' title='bbox 1329 2568 1524 2605; x_wconf 76' lang='grc' dir='ltr'>μαθηματικῶν</span> <span class='ocrx_word' id='word_1_839' title='bbox 1546 2569 1686 2604; x_wconf 64' lang='grc' dir='ltr'>ἁψάμενος</span> <span class='ocrx_word' id='word_1_840' title='bbox 1706 2569 1810 2603; x_wconf 72' lang='grc' dir='ltr'>λόγων·</span> 
     </span>
    </p>
   </div>
   <div class='ocr_carea' id='block_1_114' title="bbox 1029 2614 1807 2653">
    <p class='ocr_par' dir='ltr' id='par_1_114' title="bbox 1029 2614 1807 2653">
     <span class='ocr_line' id='line_1_114' title="bbox 1029 2614 1807 2653; baseline -0.004 -9"><span class='ocrx_word' id='word_1_841' title='bbox 1029 2618 1140 2653; x_wconf 80' lang='grc' dir='ltr'>ὕστερον</span> <span class='ocrx_word' id='word_1_842' title='bbox 1152 2617 1190 2649; x_wconf 81' lang='grc' dir='ltr'>δὲ,</span> <span class='ocrx_word' id='word_1_843' title='bbox 1207 2616 1256 2648; x_wconf 79' lang='grc' dir='ltr'><strong>τὰς</strong></span> <span class='ocrx_word' id='word_1_844' title='bbox 1275 2615 1364 2647; x_wconf 80' lang='grc' dir='ltr'>αἰτίας</span> <span class='ocrx_word' id='word_1_845' title='bbox 1381 2615 1434 2640; x_wconf 82' lang='grc' dir='ltr'>τῶν</span> <span class='ocrx_word' id='word_1_846' title='bbox 1454 2614 1581 2640; x_wconf 81' lang='grc' dir='ltr'>τοιούτων</span> <span class='ocrx_word' id='word_1_847' title='bbox 1602 2615 1634 2640; x_wconf 88' lang='grc' dir='ltr'><strong>ἐκ</strong></span> <span class='ocrx_word' id='word_1_848' title='bbox 1649 2614 1702 2650; x_wconf 83' lang='grc' dir='ltr'>τῆς</span> <span class='ocrx_word' id='word_1_849' title='bbox 1716 2616 1807 2650; x_wconf 77' lang='grc' dir='ltr'>ἀστρο-</span> 
     </span>
    </p>
   </div>
   <div class='ocr_carea' id='block_1_115' title="bbox 1029 2660 1811 2699">
    <p class='ocr_par' dir='ltr' id='par_1_115' title="bbox 1029 2660 1811 2699">
     <span class='ocr_line' id='line_1_115' title="bbox 1029 2660 1811 2699; baseline -0.006 -8"><span class='ocrx_word' id='word_1_850' title='bbox 1029 2664 1142 2699; x_wconf 83' lang='grc' dir='ltr'>νομικῆς</span> <span class='ocrx_word' id='word_1_851' title='bbox 1157 2662 1250 2698; x_wconf 88' lang='grc' dir='ltr'>μαθὼν</span> <span class='ocrx_word' id='word_1_852' title='bbox 1265 2662 1428 2696; x_wconf 76' lang='grc' dir='ltr'>ἐπιστήμης,</span> <span class='ocrx_word' id='word_1_853' title='bbox 1439 2661 1524 2693; x_wconf 78' lang='grc' dir='ltr'>ἔγνων</span> <span class='ocrx_word' id='word_1_854' title='bbox 1537 2660 1672 2687; x_wconf 72' lang='grc' dir='ltr'>καὶτοῦτο</span> <span class='ocrx_word' id='word_1_855' title='bbox 1688 2661 1758 2687; x_wconf 77' lang='grc' dir='ltr'>κατὰ</span> <span class='ocrx_word' id='word_1_856' title='bbox 1769 2661 1811 2687; x_wconf 67' lang='grc' dir='ltr'><strong>τὸν</strong></span> 
     </span>
    </p>
   </div>
   <div class='ocr_carea' id='block_1_116' title="bbox 1030 2706 1811 2743">
    <p class='ocr_par' dir='ltr' id='par_1_116' title="bbox 1030 2706 1811 2743">
     <span class='ocr_line' id='line_1_116' title="bbox 1030 2706 1811 2743; baseline -0.006 -6"><span class='ocrx_word' id='word_1_857' title='bbox 1030 2710 1122 2737; x_wconf 83' lang='grc' dir='ltr'>εἰκότα</span> <span class='ocrx_word' id='word_1_858' title='bbox 1133 2709 1211 2743; x_wconf 85' lang='grc' dir='ltr'>λόγον</span> <span class='ocrx_word' id='word_1_859' title='bbox 1226 2707 1342 2742; x_wconf 76' lang='grc' dir='ltr'>συμϐάν.</span> <span class='ocrx_word' id='word_1_860' title='bbox 1365 2706 1481 2741; x_wconf 81' lang='grc' dir='ltr'>Φανερὸν</span> <span class='ocrx_word' id='word_1_861' title='bbox 1504 2707 1557 2740; x_wconf 81' lang='grc' dir='ltr'>ἄρα</span> <span class='ocrx_word' id='word_1_862' title='bbox 1579 2706 1691 2739; x_wconf 81' lang='grc' dir='ltr'>γέγονεν</span> <span class='ocrx_word' id='word_1_863' title='bbox 1706 2707 1738 2732; x_wconf 81' lang='grc' dir='ltr'><strong>ἐκ</strong></span> <span class='ocrx_word' id='word_1_864' title='bbox 1754 2706 1811 2732; x_wconf 78' lang='grc' dir='ltr'><strong>τοὺ-</strong></span> 
     </span>
    </p>
   </div>
   <div class='ocr_carea' id='block_1_117' title="bbox 1030 2751 1817 2805">
    <p class='ocr_par' dir='ltr' id='par_1_117' title="bbox 1030 2751 1817 2805">
     <span class='ocr_line' id='line_1_117' title="bbox 1030 2751 1817 2805; baseline -0.009 -21"><span class='ocrx_word' id='word_1_865' title='bbox 1030 2767 1094 2787; x_wconf 82' lang='grc' dir='ltr'>των,</span> <span class='ocrx_word' id='word_1_866' title='bbox 1109 2758 1160 2789; x_wconf 78' lang='grc' dir='ltr'>ὅτι,</span> <span class='ocrx_word' id='word_1_867' title='bbox 1177 2755 1290 2791; x_wconf 80' lang='grc' dir='ltr'>ὁπηνίκα</span> <span class='ocrx_word' id='word_1_868' title='bbox 1302 2753 1431 2787; x_wconf 78' lang='grc' dir='ltr'>σύνεγγυς</span> <span class='ocrx_word' id='word_1_869' title='bbox 1446 2753 1494 2804; x_wconf 75' lang='grc' dir='ltr'><strong>τῆς</strong></span> <span class='ocrx_word' id='word_1_870' title='bbox 1514 2751 1817 2805; x_wconf 53' lang='grc' dir='ltr'>ἀκριϐοὗὶἰσημερίας,ί</span> 
     </span>
    </p>
   </div>
   <div class='ocr_carea' id='block_1_118' title="bbox 1030 2796 1817 2834">
    <p class='ocr_par' dir='ltr' id='par_1_118' title="bbox 1030 2796 1817 2834">
     <span class='ocr_line' id='line_1_118' title="bbox 1030 2796 1817 2834; baseline -0.01 -4"><span class='ocrx_word' id='word_1_871' title='bbox 1030 2803 1168 2831; x_wconf 79' lang='grc' dir='ltr'>τουτέστιν</span> <span class='ocrx_word' id='word_1_872' title='bbox 1181 2800 1236 2829; x_wconf 78' lang='grc' dir='ltr'><strong>ἀπὸ</strong></span> <span class='ocrx_word' id='word_1_873' title='bbox 1247 2800 1299 2834; x_wconf 62' lang='grc' dir='ltr'>τῆς,</span> <span class='ocrx_word' id='word_1_874' title='bbox 1310 2798 1356 2827; x_wconf 73' lang='grc' dir='ltr'>τοῦ</span> <span class='ocrx_word' id='word_1_875' title='bbox 1368 2797 1489 2833; x_wconf 76' lang='grc' dir='ltr'>Μαρτίου</span> <span class='ocrx_word' id='word_1_876' title='bbox 1504 2800 1544 2831; x_wconf 85' lang='grc' dir='ltr'>ιε’,</span> <span class='ocrx_word' id='word_1_877' title='bbox 1555 2797 1608 2829; x_wconf 70' lang='grc' dir='ltr'>ἓως</span> <span class='ocrx_word' id='word_1_878' title='bbox 1621 2797 1670 2832; x_wconf 78' lang='grc' dir='ltr'>τῆς</span> <span class='ocrx_word' id='word_1_879' title='bbox 1682 2800 1706 2822; x_wconf 74' lang='grc' dir='ltr'><strong>κ’</strong></span> <span class='ocrx_word' id='word_1_880' title='bbox 1719 2796 1817 2832; x_wconf 61' lang='lat' dir='ltr'><strong>at}:on</strong></span> 
     </span>
    </p>
   </div>
  </div>
