1931 3135
212 135 282 163 1515
724 134 770 162 AD
789 135 923 162 EUSEBII
940 135 996 163 CH]

1049 135 1142 164 “CON
1164 135 1344 164 APPENDIX.
1768 133 1830 161 15M

526 191 556 219 F.
629 192 646 218 5
734 191 765 219 F.
803 191 819 217 9
907 191 937 218 F.
977 192 994 219 8
1082 191 1113 219 F.
1152 192 1167 218 7
1257 191 1288 219 F.
1325 191 1342 218 6
1429 190 1460 220 F.
1499 190 1515 217 5
1604 190 1635 217 Γ.
1675 189 1692 216 4

213 227 247 254 12
319 227 352 254 Μ.
406 228 440 255 50
581 225 596 251 7
772 227 784 252 1
943 227 962 253 2

1121 227 1138 253 5
1295 227 1312 253 4
1468 227 1485 252 5
1644 225 1661 251 6
1803 224 1832 250 15

523 260 560 288 Μ.
614 260 645 288 51
733 261 766 288 Α.
804 261 820 288 6
908 261 940 288 Α.
979 261 996 289 5
1085 261 1117 288 Α.
1155 261 1172 288 4
1259 262 1291 289 A.
1329 261 1346 288 5
1433 260 1465 287 Α.
1501 261 1518 287 2
1607 261 1639 288 Δ,
1680 260 1693 286 1

535 307 560 335 J.
583 343 596 344 γ
612 308 648 334 27
743 307 822 344 1.726
912 308 942 344 μ.
963 309 996 336 es

1096 308 1176 336 1.24
1264 308 1345 344 L725
1433 306 1517 335 17.29
1611 306 1692 344 1.728

213 344 246 370 15
318 342 352 369 M.
409 342 441 369 19
582 343 598 369 5
773 343 790 369 4
913 341 917 344 ’
949 344 965 372 5
1123 344 1140 370 6
1299 343 1314 369 7
1473 343 1485 368 1
1645 343 1664 369 2
1800 341 1832 368 26

525 376 560 404 Μ.
615 376 650 403 24
739 377 774 404 Μ.
795 378 830 405 25
908 378 942 406 M.
962 379 998 405 22
1089 377 1123 405 M.
1137 379 1169 406 21
1257 378 1291 405 Μ.
1306 377 1341 405 20
1430 377 1464 404 Μ.
1481 378 1515 404 26
1603 377 1640 406 Μ.
1654 377 1692 404 25

522 423 552 450 F.
610 423 644 450 17
740 422 771 451 Ε.
792 425 826 452 16
911 425 941 452 F.
963 426 996 454 15
1086 424 1168 452 F.14
1257 423 1286 451 F.
1309 424 1343 451 15
1430 424 1460 450 F.
1481 424 1514 451 12
1603 425 1633 451 l‘.
1655 423 1688 450 11

214 459 246 486 14
315 459 348 485 Δ.
421 458 436 484 7
576 459 590 484 1
768 460 786 486 2
943 461 960 487 5
1119 460 1136 486 4
1294 459 1310 486 5
1467 458 1484 485 6
1641 459 1656 485 7
1818 457 1833 483 7

525 493 557 520 Α.
612 493 646 521 14
735 494 767 521 A.
786 495 820 522 15
908 496 941 522 A.
961 495 995 522 12

1083 495 1114 522 Α.
1137 495 1166 521 11
1257 494 1289 521 Α.
1309 494 1342 521 10
1428 494 1458 521 Α.
1497 494 1513 521 9
1601 494 1633 520 A.
1673 493 1691 520 8

524 539 554 567 F.
627 540 644 566 5
733 539 765 568 F.
802 540 820 567 2
906 540 937 568 Ρ.
977 542 990 567 1
1037 538 1043 539 ί
1087 540 1111 568 J.
1133 540 1164 568 51
1256 538 1287 566 F.
1324 538 1342 566 6
1430 539 1461 567 F.
1500 540 1516 566 5
1603 538 1633 566 F.
1671 538 1690 565 4

212 575 245 602 15
319 575 353 601 Μ.
405 574 440 601 27
579 575 597 601 4
774 576 790 603 5
947 575 964 602 6

1120 575 1136 602 7
1295 574 1307 600 1
1466 574 1483 601 2
1641 574 1657 601 5
1799 573 1832 601 18

524 609 559 637 Μ.
610 611 640 638 51
729 609 814 637 uso
901 610 990 651 μοι)

1076 611 1112 638 Μ.
1128 610 1162 637 28
1251 609 1283 637 Α.
1321 609 1338 636 5
1425 609 1457 636 A.
1494 609 1511 636 2
1601 609 1634 636 A.
1675 610 1688 636 1

525 656 557 683 F.
611 657 646 684 24
730 655 760 682 F.
780 656 816 683 25
902 656 932 683 F.
953 656 989 683 22
1074 655 1105 684 F.
1125 656 1157 682 21
1247 654 1278 682 F.
1299 654 1334 681 20
1423 655 1452 682 F.
1478 655 1510 682 19
1604 655 1634 683 F.
1653 655 1691 683 25

212 690 246 717 16
316 690 347 717 Α.
405 692 436 718 15
576 692 593 718 2
769 691 785 718 5
927 692 944 718 4

1107 691 1124 717 5
1283 690 1299 717 6
1458 691 1474 717 7
1638 691 1650 717 1
1797 690 1832 717 29

522 726 554 753 A.
609 727 640 753 21
729 726 762 753 Α.
781 726 816 753 20
903 727 937 754 A.
958 727 992 754 19

1079 727 1111 753 Α.
1133 726 1166 753 18
1253 726 1284 753 Α.
1306 726 1340 752 17
1425 725 1458 753 Α.
1479 726 1512 752 16
1601 726 1633 753 Α.
1653 725 1691 752 22

525 771 556 798 F.
612 771 645 798 10
734 771 763 798 F.
802 770 819 798 9
907 770 937 798 F.
976 771 993 798 8
1081 771 1112 799 F.
1152 771 1167 797 7
1256 770 1286 797 F.
1309 769 1343 796 15
1431 769 1461 796 F.
1483 770 1516 797 12
1603 771 1634 798 F.
1656 771 1687 798 11

213 805 246 832 17
316 806 348 834 Α.
401 806 436 833 25
575 807 592 833 4
770 806 786 833 5
944 806 961 833 6

1120 807 1137 833 7
1293 805 1305 832 1
1463 806 1480 832 2
1633 807 1654 834 -5
1801 806 1833 832 10

527 841 560 868 Α.
632 842 647 867 7
735 841 768 868 A.
805 840 821 867 6
903 841 936 868 A.
975 841 991 867 5

1078 841 1111 868 A.
1148 841 1165 868 4
1254 841 1286 869 Α.
1308 842 1341 869 10
1427 841 1459 868 Α.
1498 841 1514 867 9
1601 841 1634 869 Δ.
1672 842 1691 869 8

535 887 559 914 ι.
614 888 649 914 27
741 887 771 915 F.
808 887 826 914 2
914 887 944 914 F.
983 888 996 914 1

1095 887 1119 914 J.
1141 889 1171 915 51
1261 887 1286 914 «Ι.
1307 889 1342 916 50
1433 888 1459 915 J.
1482 887 1517 915 29
1608 886 1633 915 Ι.
1653 887 1690 914 28

212 922 247 950 18
317 922 352 949 Μ.
407 922 443 949 25
583 923 598 949 7
776 923 786 950 1
948 922 966 949 2

1118 923 1134 950 5
1292 925 1310 950 4
1467 923 1483 950 5
1637 922 1654 949 6
1799 921 1833 950 22

527 957 562 984 M.
617 957 652 984 24
736 957 771 984 M.
792 958 827 985 50
911 957 947 985 Μ.
964 957 996 984 29

1085 958 1119 985 Μ.
1137 958 1172 986 28
1259 958 1293 985 Μ.
1308 958 1342 985 27
1430 957 1466 985 M.
1481 957 1515 984 26
1599 957 1634 984 Μ.
1650 957 1686 984 25

528 1004 558 1032 F.
615 1005 647 1031 17
734 1003 765 1031 F.
788 1005 820 1031 16
910 1004 940 1032 F.
964 1005 996 1032 15

1085 1005 1116 1032 F.
1135 1005 1167 1032 21
1259 1005 1289 1032 F.
1311 1005 1344 1032 15
1431 1004 1463 1031 F.
1485 1004 1517 1032 19
1606 1004 1637 1031 F.
1659 1004 1694 1031 18

215 1038 250 1066 19
319 1039 352 1066 Δ.
403 1040 433 1066 11
576 1040 593 1066 5
768 1040 784 1066 6
943 1040 958 1066 7

1117 1041 1129 1067 1
1288 1040 1306 1067 2
1464 1040 1480 1066 5
1637 1040 1654 1066 4
1815 1035 1834 1063 2

526 1075 558 1100 Δ.
614 1075 647 1101 14
734 1075 767 1102 Α.
788 1075 822 1102 15
902 1075 935 1101 Α.
957 1075 990 1101 12
1081 1075 1113 1102 Α.
1135 1075 1168 1102 18
1256 1076 1288 1103 Α.
1306 1075 1339 1102 12
1427 1075 1460 1102 Α.
1479 1074 1512 1101 16
1599 1075 1631 1102 Δ.
1654 1074 1690 1101 15

214 1152 1831 1167 ~———————_———_——_

783 1230 1051 1276 ΜΕΘΟΔΟΣ
1087 1232 1257 1274 ΕΤΕΡΑ

286 1323 483 1360 ’Δνεπίγραφος
496 1323 633 1360 φερομένη
647 1323 676 1350 ἐν
691 1321 800 1358 παλαιῷ
812 1328 865 1349 τινι
880 1321 985 1357 βιϐλίῳ,
1011 1321 1071 1357 ἣτις
1093 1321 1138 1348 καὶ
1153 1321 1200 1348 τοῦ
1216 1321 1299 1348 αὐτοῦ
1316 1319 1384 1348 εἶναι
1399 1321 1474 1350 δοκεῖ
1489 1322 1614 1349 Ἰσαάκου
1633 1323 1768 1359 μοναχοῦ.

446 1443 775 1489 METHODUS
810 1444 1062 1507 ALTERA,
1099 1445 1233 1491 SIVE
1278 1445 1598 1491 COMPUTUS

811 1547 923 1568 NULLIUS
948 1548 1049 1568 TITULO
1073 1548 1227 1568 INSCRIPTUS

460 1616 504 1643 Ita
520 1621 605 1643 tamen
620 1620 649 1642 ut
662 1617 779 1651 ejusdem
802 1616 892 1644 Isaaci
908 1618 1027 1645 monachi
1041 1618 1159 1645 videatur
1174 1627 1240 1650 esse,
1255 1618 1300 1653 qui
1319 1619 1414 1653 prioris
1427 1623 1466 1646 est
1479 1624 1581 1647 auctor.

247 1732 328 1768 20']
347 1730 415 1758 Cum
433 1735 472 1763 tu,
494 1731 689 1758 monachorum
709 1731 942 1766 praestantissime,
965 1735 992 1759 et
1007 1738 1030 1765 Α

218 1778 333 1805 fratrum
347 1777 374 1803 in
389 1776 498 1804 Christo
513 1775 579 1802 mihi
593 1775 778 1810 optatissime,
801 1774 872 1802 scire
896 1775 929 1802 de
954 1783 996 1802 me

214 1824 333 1852 volueris
348 1821 505 1849 methodum
522 1822 651 1856 aliquam,
665 1828 718 1856 qua
741 1820 898 1855 investigari
917 1820 996 1849 facile

214 1870 302 1904 possit
315 1873 369 1896 tam
383 1867 544 1894 lndictionis
559 1867 663 1902 cyclus,
678 1874 760 1901 quam
777 1867 843 1894 solis
855 1870 882 1894 et
900 1867 970 1894 luna:
987 1877 994 1894 :

215 1920 272 1944 tum
289 1915 369 1950 hujus
383 1919 512 1950 praeterea
530 1913 736 1940 fundamentum
756 1922 762 1940 :
784 1913 847 1940 item
859 1917 926 1947 quot
938 1913 996 1940 haec

214 1962 319 1989 dierum
344 1961 380 1988 sit
400 1967 527 1987 crescens
550 1966 582 1986 ac
606 1959 791 1991 decrescens;
811 1963 931 1993 quotque
953 1959 995 1986 lu-

214 2010 274 2035 ceat
297 2007 379 2034 horas
406 2013 421 2032 a
441 2012 554 2040 vespera
585 2004 725 2039 qualibet;
758 2011 863 2031 necnon
889 2004 994 2031 initium

215 2054 287 2081 sacri
309 2052 431 2087 jejunii;
462 2051 546 2086 legale
573 2050 696 2082 Pascha,
733 2049 994 2084 Christianumque,

215 2106 276 2126 cum
290 2098 385 2125 diebus
401 2097 498 2132 jejunii
517 2101 673 2123 sanctorum
685 2095 879 2130 Apostolorum
904 2105 910 2122 :
932 2095 996 2122 huic

215 2152 265 2180 ego
278 2143 452 2179 postulationi
464 2142 638 2170 satisfaciens
656 2147 718 2173 tute,
735 2141 894 2176 singillatim
907 2141 995 2175 expli-

216 2190 302 2222 cabo,
331 2188 559 2224 quemadmodum
599 2187 737 2222 quodlibet
769 2195 800 2214 ex
838 2187 899 2213 istis
927 2186 996 2213 citra

215 2243 336 2264 errorem
364 2242 396 2262 ac
431 2234 568 2269 negotium
594 2233 679 2260 ullum
708 2232 824 2260 inveniri
847 2236 937 2267 queat.
963 2231 996 2259 Et

215 2281 345 2317 quoniam
364 2281 434 2316 cycli
460 2279 618 2307 lndictionis
636 2279 742 2305 initium
772 2279 853 2312 luna),
878 2286 909 2305 ac
929 2278 996 2305 solis

215 2327 307 2363 cyclos
321 2325 456 2354 antecedit
473 2334 480 2358 ;
496 2325 531 2352 ab
550 2325 597 2352 illo
620 2324 778 2352 disoutandi
797 2332 903 2352 sumam
916 2332 996 2351 exor-

215 2374 300 2402 dium.

424 2429 462 2456 De
477 2428 624 2455 Indiclione
638 2427 800 2461 reperienda.

249 2476 268 2503 l.
278 2475 402 2507 lndictio,
411 2482 473 2510 qua:
482 2478 509 2501 et
517 2474 599 2501 Fusio
615 2473 781 2505 nominatur,
793 2471 900 2507 cyclum
913 2479 993 2499 suum

215 2523 324 2550 inchoat
338 2529 353 2548 a
368 2520 481 2548 Kalend.
501 2518 678 2554 Septembris,
695 2517 768 2553 quod
785 2521 826 2544 est
843 2517 905 2544 anni
919 2517 995 2551 prin-

214 2569 326 2603 cipium.
350 2567 423 2594 Idem
440 2572 521 2601 porro
538 2564 630 2600 cyclus
651 2563 685 2590 ad
705 2570 791 2590 annos
807 2570 893 2597 usque
913 2562 995 2597 quin-

214 2614 301 2641 decim
324 2612 469 2645 ascendit;
498 2611 613 2644 indeque
642 2616 742 2636 novum
765 2609 894 2643 deinceps
919 2608 994 2643 capit

213 2659 364 2686 exordium.
388 2657 466 2684 Hunc
487 2656 570 2692 igitur
589 2654 753 2688 investigare
774 2655 798 2682 si
815 2655 891 2686 velis,
916 2662 994 2682 sume

214 2711 301 2731 annos
323 2704 357 2730 ab
378 2703 444 2731 orbe
463 2703 572 2729 condito
589 2711 595 2728 :
612 2701 658 2736 qui
680 2701 732 2727 hoc
755 2705 876 2735 tempore
897 2707 994 2727 mune-

214 2755 309 2777 rantur
333 2749 412 2781 6885,
424 2749 458 2776 de
474 2748 573 2784 quibus
594 2746 736 2778 subtrahe,
754 2746 843 2781 quoad
859 2746 930 2779 licet,
948 2746 992 2773 in-

251 2826 274 2843 “
286 2825 364 2854 Deest
380 2826 490 2858 ἐθέλεις.
531 2826 564 2842 ¹⁶’
581 2825 600 2860 f.
619 2824 667 2860 τῆς
684 2823 746 2851 τῶν.

1084 1733 1263 1768 Ἐπειδήπερ,
1295 1732 1420 1768 μοναχῶν
1445 1731 1610 1768 τιμιώτατε,
1638 1733 1688 1759 καὶ
1713 1733 1833 1769 ἀδελφῶν

1048 1788 1092 1814 μοι
1106 1779 1177 1805 κατὰ
1193 1778 1308 1813 Χριστὸν
1332 1778 1514 1810 ποθεινότατε,
1539 1777 1639 1804 εἰδέναι
1663 1777 1778 1812 μέθοδον
1799 1779 1831 1809 1⁸,

1046 1824 1079 1851 δι’
1103 1822 1136 1860 ἦς
1163 1833 1203 1850 σοι
1227 1824 1378 1859 βουλομένῳ
1400 1823 1497 1859 ῥᾳδίως
1515 1823 1693 1859 εὑρεθήσεται
1710 1824 1725 1850 ὃ
1741 1833 1771 1851 τε
1787 1825 1832 1851 xti—

1046 1871 1109 1901 κλος
1124 1871 1173 1906 τῆς
1195 1870 1330 1901 ’1νδίκτου,
1347 1871 1361 1896 ὁ
1376 1869 1424 1896 τοῦ
1448 1870 1533 1905 ἡλίου,
1555 1869 1621 1896 ἀλλὰ
1638 1870 1670 1905 δὴ
1691 1870 1740 1896 καὶ
1756 1871 1771 1896 ὁ
1785 1870 1832 1904 τῆς

1047 1916 1177 1951 σελήνης·
1195 1915 1234 1942 ἑτι
1251 1924 1279 1942 τε
1292 1917 1305 1942 ὁ
1325 1915 1425 1951 ταύτης
1448 1915 1585 1950 θεμέλιος·
1608 1916 1655 1941 καὶ
1671 1916 1743 1942 ὅσων
1763 1917 1830 1951 ἡμε-

1048 1962 1101 1997 ρῶν
1116 1962 1184 1997 αὓτη
1197 1963 1325 1996 τυγχάνει
1341 1961 1475 1996 αὐξομένη
1495 1969 1525 1987 τε
1541 1962 1588 1988 καὶ
1606 1961 1770 1996 μειουμένη,
1786 1962 1832 1988 καὶ

1046 2007 1131 2038 πόσας
1152 2005 1226 2042 ὧρας
1251 2006 1339 2041 φαίνει
1365 2006 1425 2032 καθ’
1448 2005 1566 2042 ἑκάστην
1596 2006 1735 2042 ἐσπέραν’
1764 2007 1832 2043 πρὸς

1046 2053 1149 2084 τούτοις
1166 2053 1182 2088 ἥ
1199 2061 1228 2079 τε
1247 2053 1398 2088 ἀπόκρεως,
1423 2052 1453 2078 τὸ
1469 2052 1579 2087 νομικὸν
1598 2053 1705 2086 Πάσχα,
1725 2053 1774 2078 καὶ
1801 2053 1832 2078 τὸ

1045 2099 1098 2125 τῶν
1124 2098 1291 2133 Χριστιανῶν
1320 2099 1395 2132 ἆγιον
1418 2098 1524 2132 Πάσχα,
1543 2098 1590 2124 σὺν
1621 2099 1684 2129 ταῖς
1712 2099 1832 2133 ἡμέραις

1047 2145 1084 2160 ν’·
1107 2143 1161 2169 τῶν
1187 2143 1271 2177 ἁγίων
1289 2142 1456 2169 Ἀποστόλων
1470 2142 1612 2178 νηστείας·
1630 2143 1685 2168 ἰδοὺ
1707 2143 1758 2178 τὴν
1782 2143 1831 2178 σὴν

1046 2188 1190 2224 ἐκπληρῶν
1209 2189 1316 2224 αἴτησιν
1335 2188 1467 2221 ὑποδείξω
1485 2197 1524 2214 σοι
1549 2187 1618 2214 κατὰ
1643 2188 1737 2223 μέρος,
1755 2189 1832 2220 ὅπως

1046 2234 1159 2261 ἕκαστον
1184 2235 1285 2261 τούτων
1308 2235 1463 2266 ἀπταίστως
1481 2242 1521 2260 σοι
1536 2234 1582 2260 καὶ
1599 2234 1699 2270 ῥᾳδίως
1713 2235 1831 2270 εὑρεθή-

1047 2289 1132 2307 σεται.
1154 2280 1229 2307 Ἑπεὶ
1248 2281 1276 2307 δὲ
1293 2281 1345 2316 πρὸ
1363 2280 1416 2306 τϋη
1433 2279 1540 2306 κύκλων
1554 2280 1629 2315 ἡλίου
1650 2281 1698 2307 καὶ
1715 2281 1830 2316 σελήνης

1045 2328 1060 2354 ὁ
1085 2328 1133 2362 τῆς
1158 2327 1283 2353 Ἰνδίκτου
1308 2326 1439 2362 λαμϐάνει
1463 2327 1513 2362 τὴν
1535 2327 1632 2362 ἀρχὴν,
1658 2327 1713 2353 ἀπὸ
1734 2328 1829 2354 τούτου

1047 2372 1123 2406 κάγὼ
1135 2372 1184 2408 τὴν
1199 2372 1285 2407 ἀρχὴν
1303 2373 1459 2408 ποιήσομαι.

1200 2429 1269 2462 Περὶ
1289 2427 1433 2462 εὑρέσεως
1446 2427 1501 2462 τῆς
1521 2427 1676 2455 Ἰνδίκτου.

1080 2476 1118 2501 A'.
1146 2474 1178 2500 Ἦ
1195 2474 1333 2505 Ἵνδικτος,
1349 2474 1409 2509 ἥτις
1424 2473 1472 2499 καὶ
1494 2473 1638 2500 Ἰνδικτιὼν
1656 2474 1704 2500 καὶ
1722 2474 1829 2501 Ἐπιγέ-

1047 2528 1128 2555 μησις
1149 2519 1266 2554 λέγεται,
1289 2519 1346 2554 ἔχει
1369 2519 1519 2555 ἀρχόμενον
1534 2519 1580 2545 τὸν
1603 2519 1705 2554 ἑαυτῆς
1731 2520 1829 2546 κύκλον

1044 2565 1098 2591 ἀπὸ
1115 2565 1165 2600 τῆς
1181 2564 1204 2591 α’
1219 2565 1265 2591 τοῦ
1280 2565 1476 2600 Σεπτεμϐρίου,
1494 2565 1578 2599 ἠγουν
1597 2564 1647 2599 τῆς
1663 2564 1710 2590 τοῦ
1735 2565 1829 2600 χρόνον

1045 2610 1148 2645 ἀρχῆς*
1177 2610 1250 2641 ὅστις
1274 2610 1321 2636 καὶ
1347 2610 1488 2645 ἀνέρχεται
1515 2610 1555 2641 εἰς
1584 2609 1697 2644 χρόνους
1723 2609 1765 2642 ιε’,
1786 2610 1829 2635 καὶ

1046 2656 1126 2682 πάλιν
1143 2655 1275 2690 λαμϐάνει
1297 2656 1393 2691 ἀρχήν.
1418 2655 1449 2682 Εἰ
1464 2653 1511 2681 οὖν
1535 2655 1624 2690 βούλει
1639 2654 1737 2681 τοῦτον
1756 2654 1827 2689 εὑρε-

1047 2710 1131 2733 σκειν,
1157 2701 1252 2737 κράτει
1275 2701 1310 2728 τὰ
1324 2702 1377 2728 ἀπὸ
1401 2701 1514 2733 κτίσεως
1543 2701 1647 2736 κόσμου
1675 2701 1736 2736 ἔτη,
1755 2700 1827 2727 ams

1046 2747 1098 2772 εἰσι
1112 2747 1142 2772 τὸ
1160 2747 1245 2782 παρὸν
1260 2746 1369 2781 genta"
1387 2747 1433 2774 καὶ
1456 2746 1538 2781 ἄφελε
1558 2746 1612 2772 ἀπὸ
1637 2746 1752 2779 τούτων,
1768 2745 1816 2772 ὁεὰ
