1931 3135
86 136 162 165 151⁵1

537 138 648 167 lSAACI
666 138 817 168 MONACHI
834 136 1021 166 COMPUTUS
1049 136 1264 165 ECCLESIAST.

1637 139 1705 167 1518

86 203 137 227 κις
161 193 194 222 ἃν
215 194 339 231 δυνηθῇς,
356 195 401 223 τὸν
428 195 475 222 τοῦ
498 196 597 224 κύκλου
621 199 670 234 τῆς
700 198 873 230 Ἱνδικτιῶνος

924 195 1051 223 dictionis
1074 196 1193 231 cyclum,
1215 196 1272 223 sive
1289 203 1376 224 annos
1399 204 1435 223 xv
1461 206 1467 224 :
1491 196 1625 232 quidquid
1642 199 1706 225 reli-

86 240 219 276 ἀριθμὸν,
236 240 318 276 ἦγουν
334 241 379 268 τὸν
400 245 447 268 ιε’·
464 243 510 269 καὶ
526 243 561 270 τὰ
584 244 801 280 καταλειπόμενα
823 245 872 271 κά-

86 284 187 317 τωθεν,
202 284 219 319 ἢ
236 285 282 311 καὶ
299 285 394 320 μέχρις
407 285 496 314 αὑτῶν
511 287 566 316 τῶν
583 287 624 319 ιε’,
643 287 715 316 ἐστιν
735 290 749 315 ὀ
767 288 873 316 ἐνιστά-

88 330 174 365 μένος
189 330 287 362 κύκλος
304 331 396 367 αὐτῆς.
850 329 864 334 ﬂ

392 389 579 426 Ύπόδειγμα.

124 443 190 472 οἷον
205 445 402 481 ὑποδείγματας
417 447 512 483 χάριν·
537 449 614 476 Ἐπεὶ
634 451 669 477 τὰ
690 451 744 478 ἀπὸ
759 451 873 483 κτίσεως

84 491 195 526 κόσμου
222 491 300 525 εἰσὶν,
326 492 363 524 ὼς
382 493 537 529 δεδήλωται,
559 494 606 531 ἔτη
630 497 871 533 Ιςωι·ιε’,λέγομεν,

84 537 133 563 ὅτι
151 536 389 571 πεντέκαιδεκάκις
400 539 434 566 τὰ
457 543 478 567 ν’
495 542 548 576 dav’,
570 542 617 569 καὶ
634 543 872 575 πεντεκαιδεκάκις

84 582 125 609 τὰ
139 585 163 618 η’
178 586 232 618 ρκ’,
256 584 386 619 γινόμενα
407 586 475 621 όμοῦ
492 586 574 622 ,ςωο¹.
589 587 809 624 Κατελείφθησαν
825 589 872 615 καὶ

86 627 173 663 μέχρι
185 629 239 656 τῶν
254 634 347 662 ,ςωπε’
367 630 414 666 ἐτη
428 635 473 658 ιε’·
492 631 510 659 ἃ
530 633 576 660 καί
591 634 658 660 εἰσιν
674 634 687 660 ό
699 634 871 669 ἐνιστάμενος

85 673 190 706 κύκλος
203 674 297 710 αὐτῆς.
313 676 381 702 Ἀλλ’
389 677 449 703 ἐπεὶ
459 677 589 714 δυσχερὴς
597 677 665 706 εἶναι
678 679 750 705 δοκεῖ
761 681 816 711 τοῖς
832 679 870 715 μὴ

84 720 188 748 εἰδόσιν
203 721 331 757 ἐντέχνως
349 722 476 758 ψηφίζειν
491 725 507 759 ἡ
521 724 631 760 τοιαύτη
645 725 763 760 μέθοδος,
776 726 869 752 ἐπενο-

83 766 142 802 ήθη
154 775 197 798 τις
212 766 277 803 ἄλλη
295 769 457 805 σαφεστέρα,
475 770 521 797 καὶ
536 771 621 806 ῥᾴστη
637 772 692 803 τοῖς
704 771 790 808 ταύτῃ
799 780 869 807 χρω-

85 811 192 847 μένοις,
209 812 306 848 ἔχουσα
322 813 420 846 οὕτως’

923 249 1006 276 quum
1027 242 1079 269 erit
1099 241 1169 268 infra
1182 241 1307 269 eumdem
1323 250 1480 275 numerum,
1496 248 1544 270 aut
1558 244 1580 272 si
1599 244 1706 279 integer

922 294 1053 314 numerus
1067 287 1126 322 ipse
1142 286 1269 314 residuus
1284 287 1330 321 sit,
1340 288 1392 315 erit
1403 296 1523 323 praesens
1539 289 1705 318 ludictionis

923 332 1027 368 cyclus.

1230 388 1396 424 Exemplum.
1441 380 1445 385 ’

956 442 1078 478 Exempli
1104 443 1190 479 gratia
1223 453 1229 471 :
1262 443 1396 477 Quoniam
1424 445 1459 472 ab
1494 445 1560 473 orbe
1594 447 1704 476 condito

921 493 1110 522 numerantur,
1125 493 1155 516 ut
1174 490 1230 525 jam
1251 490 1380 522 diximus,
1405 491 1468 518 anni
1490 491 1573 524 6885,
1590 494 1708 527 (ιυὶηᾱεέ

922 535 978 563 cies
1005 537 1201 571 quinquaginta
1227 535 1331 563 faciunt
1356 537 1432 570 750;
1456 538 1614 572 quindecies
1640 540 1704 567 item

921 585 984 609 octo
999 581 1065 608 dant
1083 581 1152 615 120;
1169 582 1237 609 ﬁunt
1253 583 1316 609 anni
1339 583 1420 610 simul
1445 584 1525 611 6870.
1550 584 1652 614 Desunt
1669 585 1703 613 ad

921 627 1099 662 complendos
1123 627 1194 655 6885
1209 628 1272 655 anni
1296 628 1340 660 15,
1366 630 1412 663 qui
1429 634 1472 657 est
1491 638 1610 664 praesens
1631 632 1704 659 indi-

921 673 1022 701 ctionis
1043 674 1146 709 cyclus.
1162 673 1262 701 Verum
1283 675 1346 709 quia
1363 683 1471 703 morosa
1490 682 1532 704 est
1551 677 1703 705 calculandi

919 719 1031 747 minime
1050 720 1144 755 peritis
1169 720 1220 747 ista
1241 721 1395 754 methodus,
1415 723 1568 758 excogitata
1590 728 1632 751 est
1649 725 1702 752 alia

920 765 1042 800 qumdam
1058 767 1187 800 apertior,
1211 770 1239 793 et
1258 767 1381 802 expedita
1399 775 1460 795 cum
1485 769 1580 804 primis
1601 770 1635 798 iis
1655 770 1701 806 qui

919 812 959 839 uti
974 820 1005 839 ea
1019 812 1156 839 voluerint
1169 821 1176 846 ;
1193 820 1255 848 quae
1267 813 1306 840 sic
1324 814 1405 841 habet
1425 824 1432 842 :

124 858 269 894 Κράτησον
282 859 316 886 τὰ
331 859 408 894 ὀλίγα
421 859 467 896 ἔτη
479 869 485 876 ·
503 861 580 895 ὀλίγα
594 861 622 888 δέ
639 861 753 897 λέγομεν
770 862 804 889 τὰ
819 862 869 889 κά-

955 857 1054 892 Aceipe
1076 858 1210 886 minorem
1234 867 1378 887 numerum
1399 867 1551 894 annorum,
1575 862 1701 891 videlicet

82 904 175 931 τωθεν
189 904 242 931 τῶν
261 913 289 931 τε
309 905 433 940 χιλιάδων
450 907 496 933 καὶ
520 907 718 934 ὲκατοντάδων·
733 907 816 943 ἤγουν
834 908 868 935 τὰ

83 949 120 976 ἐκ
139 949 259 984 μονάδων
283 950 329 976 καὶ
345 951 473 984 δεκάδων,
491 951 508 987 ἢ
524 952 572 979 καὶ
591 952 620 985 ἐξ
636 952 797 988 ἀμφοτέρων
807 961 869 979 συν-

83 995 241 1030 ιστάμενα,
269 995 346 1023 ἅτινά
372 997 425 1022 είσι
454 997 504 1032 τὴν
530 998 649 1033 σήμερον
677 1002 728 1025 πε¹.
759 998 869 1030 Τούτοις

83 1039 209 1075 πρόσθες
221 1043 251 1072 ε’,
273 1041 319 1067 καὶ
344 1041 462 1075 γίνονται
477 1043 511 1075 ιζ.
528 1042 627 1076 Ἀφελε
641 1042 696 1068 ἀπὸ
710 1042 812 1069 τούτων
834 1043 870 1070 τὰ

85 1087 138 1117 ιε’,
153 1085 246 1116 ὁσάκις
265 1085 390 1120 ἐγχωρεῖ,
414 1085 513 1113 είπών·
538 1087 778 1120 Πεντεκαιδεκάκις
793 1088 828 1115 τὰ
848 1091 868 1114 ε’

83 1133 124 1156 σε’
135 1139 141 1145 ·
158 1130 369 1167 κατελείφθησαν
384 1131 463 1168 μέχρι
473 1132 527 1158 τῶν
542 1134 566 1166 ι,’
579 1133 626 1159 καλ¹
640 1136 687 1159 ιε’·
700 1133 777 1161 ama
790 1135 867 1168 εἰσιν,

83 1176 127 1208 ὡς
144 1177 271 1212 ἀνωτέρω
287 1177 441 1213 δεδήλωται,
467 1178 481 1204 ό
499 1179 672 1214 ἐνιστάμενος
697 1179 795 1212 κύκλος
818 1180 869 1215 τῆς

91 1223 239 1250 Ἰνδίκτου·
256 1223 346 1250 ὅντινα
366 1224 413 1250 καὶ
431 1224 555 1260 εὑρήσεις
574 1224 702 1259 ἀσφαλῶς
718 1227 776 1258 ταῖς
792 1227 868 1262 εἰρη-

86 1269 187 1304 μέναις
199 1269 338 1305 χρώμενος
349 1269 462 1303 ἐφόδοις,
477 1269 592 1305 ὁποτέρᾳ
609 1269 700 1306 βούλῃ.

143 1335 213 1370 Περὶ
228 1335 283 1370 τῆς
295 1335 440 1370 εὑρέσεως
454 1335 506 1363 τοῦ
523 1336 636 1362 κύκλου
650 1335 703 1362 τοῦ
717 1336 815 1370 ἠλίου.

125 1394 163 1420 Β¹.
180 1394 210 1420 '0
218 1394 246 1421 δέ
267 1402 297 1428 γε
311 1393 357 1421 τοῦ
371 1394 445 1429 ἡλίου
457 1393 555 1426 κύκλος
567 1393 678 1429 ἄρχεται
694 1393 743 1429 μὲν
757 1393 810 1420 ἀπὸ
819 1393 868 1427 τῆς

85 1443 112 1466 α’
125 1440 171 1466 τοῦ
195 1439 355 1476 Ὀκτωϐρίου
378 1439 471 1474 μηνὸς,
492 1439 633 1475 ἀνέρχεται
646 1439 675 1466 δὲ
693 1439 745 1471 ἓως
758 1439 869 1476 χρόνους

84 1484 143 1521 κη’,
160 1485 206 1511 καὶ
229 1483 308 1516 αὖθις
328 1484 459 1523 λαμϐάνει
480 1485 528 1520 τὴν
545 1485 640 1520 ἀρχήν.
664 1485 696 1511 Et
716 1482 762 1512 οὖν
783 1485 869 1516 θέλεις

919 911 980 930 eum
1002 904 1048 938 qui
1068 903 1139 931 infra
1157 904 1324 933 millenarios
1335 909 1362 933 et
1381 907 1550 934 ceutenarios
1561 909 1699 942 excurrit;

919 946 970 974 hoc
982 950 1023 974 est
1039 948 1085 982 qui
1103 955 1137 975 ex
1156 949 1307 977 unitatibus
1323 953 1350 977 et
1362 950 1518 981 decadibus.
1538 953 1581 979 vel
1594 961 1627 980 ex
1640 961 1699 980 am-

918 991 1006 1018 bobus
1029 995 1147 1024 constat,
1169 993 1323 1028 cujusmodi
1342 994 1423 1023 hodie
1439 1000 1480 1024 est
1494 996 1538 1023 85.
1562 997 1604 1024 Ad
1627 997 1700 1025 hunc

919 1037 987 1064 adde
1007 1037 1024 1064 5
1044 1045 1050 1063 :
1075 1037 1142 1065 ﬁunt
1162 1038 1205 1066 90.
1222 1038 1338 1067 Detrahe
1361 1041 1402 1072 15,
1426 1042 1515 1077 quoad
1540 1047 1626 1078 potes,
1647 1044 1700 1071 hoc

918 1082 999 1110 modo
1024 1091 1032 1109 :
1055 1083 1214 1117 quindecies
1241 1086 1362 1121 quinque
1387 1087 1453 1114 dant
1478 1088 1521 1120 75,
1544 1093 1647 1116 restant
1668 1089 1701 1117 15

918 1127 952 1154 ad
971 1129 1146 1163 complendas
1166 1129 1210 1157 90.
1235 1130 1285 1158 Hic
1298 1133 1349 1159 erit
1372 1133 1465 1168 cyclus
1482 1141 1604 1167 praesens
1625 1134 1699 1162 Indi-

918 1173 1016 1201 ctionis
1038 1182 1044 1201 :
1062 1182 1142 1209 quem
1162 1180 1278 1212 utraque
1293 1178 1429 1212 methodo,
1449 1183 1530 1213 prout
1542 1180 1631 1208 visum
1647 1181 1700 1208 erit

917 1223 1021 1252 exacte,
1040 1221 1170 1255 reperies.

1028 1331 1163 1365 Quomodo
1176 1333 1343 1360 inveniendus
1357 1333 1392 1360 sit
1408 1334 1471 1361 solis
1486 1333 1583 1368 cyclus.

952 1390 985 1417 ll.
1005 1390 1104 1426 Cyclus
1129 1390 1196 1418 solis
1221 1399 1236 1417 a
1250 1390 1377 1418 Kalendis
1399 1390 1524 1419 Octobris
1543 1390 1698 1424 inchoatur,

920 1439 947 1462 et
972 1436 1006 1463 ad
1028 1443 1114 1463 annos
1134 1443 1219 1463 xxvut
1244 1436 1425 1471 progreditur,
1446 1435 1518 1463 unde
1539 1443 1635 1464 rursus
1649 1445 1698 1463 no-

918 1489 981 1508 vum
1006 1482 1079 1516 capit
1107 1482 1227 1508 initium.
1250 1481 1328 1508 Hune
1343 1489 1408 1516 ergo
1426 1482 1549 1517 reperire
1566 1482 1589 1509 si
1605 1483 1696 1510 volue-

83 1531 137 1557 καὶ
149 1530 240 1556 τοῦτον
253 1530 350 1566 εὑρεῖν,
365 1529 429 1556 λάϐε
444 1529 478 1557 τὰ
496 1530 550 1556 ἀπὺ
566 1530 679 1562 κτίσεως
691 1530 792 1565 κόσμου
809 1530 867 1565 ἔτη,

924 1527 974 1561 ris,
991 1527 1082 1562 accipe
1097 1535 1182 1554 annos
1203 1527 1237 1554 ab
1256 1527 1321 1554 orbe
1339 1527 1460 1560 condito,
1481 1532 1507 1554 et
1525 1535 1572 1556 eos
1597 1529 1700 1563 partire

86 1577 138 1604 καὶ
153 1577 262 1612 μέρισον
283 1576 352 1604 αὺτὰ
369 1576 444 1612 παρὰ
457 1576 503 1603 τὸν
515 1576 630 1612 ἀριθμὸν
641 1576 695 1603 τῶν
711 1576 803 1603 τούτου
819 1575 869 1602 κύ-

84 1623 173 1655 κλων,
197 1623 278 1658 ῆγουν
299 1622 352 1649 τῶν
372 1625 432 1658 κη’·
458 1622 494 1649 τὰ
515 1622 730 1657 καταλειπόμενα
749 1621 869 1649 κάτωθεν

84 1669 144 1695 ’τῶν
177 1672 229 1704 κη’,
254 1668 271 1702 ἢ
299 1668 346 1694 καλ¹
369 1668 421 1700 ἓως
451 1667 557 1700 αὐτῶν,
586 1667 657 1695 ἔστιν
682 1667 696 1693 ὁ
719 1667 766 1695 τοῦ
794 1666 868 1702 ἡλίου

85 1714 199 1746 κύκλος.

397 1770 569 1806 Υπόὸειγμα.

142 1836 187 1854 ινα
213 1828 241 1854 δὲ
267 1827 405 1855 κάνταῦθα
429 1827 594 1862 σαφέστερον
616 1826 631 1853 ὃ
651 1826 723 1861 λέγω
744 1826 868 1862 γένηται,

85 1873 220 1908 λαμϐάνω
237 1873 272 1901 τὰ
287 1873 418 1909 εἰρημένα
441 1872 488 1908 ἐτη
515 1873 550 1900 τὰ
563 1871 672 1909 ,ςωπεθ
697 1872 744 1899 ml.
768 1870 869 1908 μερίζω

86 1919 178 1946 ταῦτα
200 1919 274 1955 παρὰ
289 1919 342 1945 τῶν
368 1922 410 1954 κη’
423 1918 508 1950 οὕτως
519 1926 527 1934 ·
551 1918 774 1949 Ὀκτωεικοσάκις
797 1917 831 1944 τὰ
847 1921 869 1944 o'

88 1969 137 2002 ,εχ’
149 1973 155 1979 ·
174 1965 382 1996 ὀκτωεικοσάκις
397 1964 430 1991 τὰ
449 1967 474 1999 μ’
497 1968 563 2000 ,αρκ’
573 1972 579 1979 ·
602 1965 649 1991 καὶ
662 1963 870 1995 ὀκτωεικοσάκις

87 2013 125 2040 τὰ
150 2015 169 2038 ε’
196 2014 255 2047 pp."
279 2011 408 2046 γινόμενα
430 2009 496 2045 ὁμοῦ
511 2009 595 2046 ,ςωξκ
620 2009 790 2044 Κατελείφθη
817 2009 869 2040 ἓως

82 2055 146 2083 ⁴τῶν
164 2059 204 2082 rte’
219 2055 265 2082 καὶ
283 2055 329 2091 ἐτη
349 2058 387 2081 κε’
398 2063 404 2069 ·
423 2054 502 2081 ἅτινά
518 2054 585 2081 εἰσιν
601 2054 615 2081 ὁ
636 2053 708 2081 κατὰ
729 2054 759 2080 τὺ
784 2053 869 2089 παρὸν

88 2101 151 2133 ἔτος
165 2101 336 2137 ἐνιστάμενος
350 2099 448 2131 κύκλος
461 2099 509 2126 τοῦ
523 2099 599 2135 ἡλίου
613 2099 734 2131 εἰκοστὸς
747 2099 869 2134 πέμπτος

88 2146 241 2181 τυγχάνων.

918 1581 967 1608 per
989 1573 1041 1605 28,
1067 1573 1113 1608 qui
1145 1576 1186 1600 est
1211 1580 1341 1600 numerus
1367 1573 1505 1607 cyclorum
1547 1574 1698 1607 solarium;

918 1618 1049 1654 quidquid
1063 1618 1198 1646 reliquum
1210 1619 1261 1646 erit
1272 1626 1327 1646 non
1341 1619 1430 1653 majus
1443 1626 1524 1654 quam
1536 1619 1581 1652 28,
1593 1620 1638 1647 hic
1647 1620 1699 1647 erit

919 1665 985 1693 solis
998 1665 1101 1700 cyclus.

1222 1763 1390 1798 Exemplum.

953 1817 988 1846 Ut
1009 1823 1099 1846 autem
1124 1819 1226 1847 clarius
1253 1820 1289 1846 sit
1314 1820 1386 1855 quod
1410 1819 1482 1852 dico,
1509 1828 1587 1856 sumo
1611 1828 1698 1849 annos

917 1864 1021 1897 mundi,
1037 1872 1106 1899 quos
1119 1864 1186 1897 dixi,
1206 1864 1286 1898 6885,
1309 1873 1410 1900 eosque
1429 1865 1519 1893 divido
1537 1873 1585 1900 per
1595 1866 1629 1893 28
1647 1867 1699 1894 hoc

918 1910 999 1937 modo
1028 1919 1035 1937 :
1065 1909 1157 1937 Vicies
1187 1911 1272 1938 octies
1296 1910 1348 1938 200
1377 1911 1480 1938 faciunt
1503 1911 1592 1945 5600;
1614 1912 1698 1939 vicies

918 1956 1004 1984 octies
1026 1956 1070 1988 40,
1097 1957 1163 1984 dant
1187 1956 1276 1990 “20;
1300 1957 1384 1984 vicies
1405 1957 1490 1984 octies
1510 1957 1527 1984 5
1547 1962 1611 1987 sunt
1634 1958 1697 1986 140.

919 2001 1030 2029 Summa
1049 2001 1137 2034 6860,
1153 2002 1249 2037 reliqui
1267 2006 1331 2029 sunt
1355 2002 1388 2029 ad
1413 2003 1560 2037 explendos
1576 2003 1611 2030 85
1628 2003 1694 2030 anni

918 2048 962 2081 25,
980 2048 1026 2084 qui
1040 2052 1082 2076 est
1093 2048 1157 2075 anni
1171 2048 1313 2083 praesentis
1328 2048 1425 2076 solaris
1440 2049 1533 2076 cvclus
1546 2048 1591 2076 25.

132 2178 209 2218 ’ἐπεὶ
228 2192 256 2219 δὲ
274 2192 304 2217 οὐ
321 2191 399 2226 μόνον
415 2191 471 2222 τοῖς
488 2190 549 2226 ἄρτι
567 2189 734 2224 μαθημάτων
750 2187 869 2223 ἁπτομέ-

953 2178 987 2210 Ει
1002 2182 1131 2217 quoniam
1154 2189 1209 2209 non
1233 2181 1320 2208 solum
1338 2181 1479 2217 tyronibus
1494 2181 1562 2209 artis
1582 2181 1697 2217 cujusli-

88 2248 158 2271 νοις,
173 2237 240 2264 ἀλλὰ
257 2238 303 2264 καὶ
315 2237 421 2268 πολλοῖς
433 2236 486 2262 τῶν
502 2234 693 2270 ὲντελεστέρων
705 2233 870 2270 αἱρετώτερα

88 2287 145 2312 εἰσι
163 2284 197 2311 τὰ
222 2284 391 2319 σαφέστερα,
411 2282 449 2314 ὡς
471 2281 673 2317 εὐληπτότερα·
696 2279 870 2314 ὑποδείξομεν

87 2328 230 2357 κάνταῦθα
245 2329 294 2364 τὴν
309 2327 475 2362 σαφεστέραν
489 2326 547 2353 ὁδὸν
561 2325 673 2360 ἔχουσαν
690 2324 785 2355 οὕτως·
808 2324 870 2355 Τοῖς

87 2375 191 2409 ὀλίγοις
212 2374 310 2406 ἐτεσιν,
333 2373 410 2400 ἅτινά
428 2373 496 2398 εἰσιν
519 2371 580 2407 ἄρτι
601 2374 653 2402 πε’,
672 2369 870 2405 προστιθέαμεν

89 2422 129 2449 κδ’
141 2431 147 2437 ·
163 2421 210 2448 καὶ
231 2420 348 2455 γίνονται
375 2418 428 2454 ρθ’·
444 2417 529 2444 ταῦτα
553 2416 696 2451 ὀφείλομεν
719 2414 794 2450 παρὰ
816 2413 870 2440 τῶν

89 2472 154 2504 κη’,
180 2467 320 2501 λέγοντες”
352 2463 574 2494 Ὀκτωεικοσάκις
603 2462 638 2489 τὰ
663 2464 686 2496 γ’
715 2460 756 2504 πεῖ
765 2468 771 2475 ·
805 2469 871 2486 κατ-

90 2503 253 2548 ελείφθησαν
279 2512 358 2547 μέχρι
382 2510 436 2537 τῶν
461 2510 498 2545 pO’
522 2509 568 2535 καὶ
597 2511 651 2535 κε’·
667 2507 704 2538 ὡς
735 2503 803 2533 εἶναι
825 2505 870 2532 τὸν

89 2559 264 2595 ἐνιστάμενον
277 2558 375 2585 κύκλον
391 2559 440 2589 κε’,
454 2557 492 2588 ὼς
506 2553 714 2591 προδεδήλωται.

48 2656 50 2660 Υ
91 2670 193 2702 ὀπως
206 2668 255 2695 δεῖ
272 2668 423 2704 ειξνρίιζκειτς
445 2664 587 2704 sederat;
597 2662 693 2697 μηνὸς
708 2660 821 2704 ἡμέραν
836 2659 871 2686 έν

179 2698 250 2738 ἇιοιςι
269 2698 328 2729 τῶν
343 2700 365 2732 ζ’
386 2701 441 2736 τῆς
460 2698 621 2735 ἑϐδομάδος
635 2698 782 2732 τυγχάνει.

125 2792 163 2819 I".
184 2791 291 2818 Κείσθω
305 2798 346 2816 σοι
359 2788 388 2815 δέ
407 2788 454 2815 καὶ
467 2788 544 2814 τοῦτο
558 2788 587 2814 ἐν
606 2785 714 2820 γνώσει,
728 2783 776 2814 ὡς,
791 2782 824 2817 ἢν
838 2780 871 2807 ἂν

89 2838 197 2875 ἡμέραν
214 2837 267 2865 τῶν
291 2835 337 2863 τοῦ
351 2835 411 2862 ὅλου
434 2834 557 2862 ἐνιαυτοῦ
585 2833 618 2868 ιβ’
642 2831 733 2868 μηνῶν
757 2827 872 2864 ἐθελήσῃ

920 2229 975 2261 het,
992 2228 1040 2256 sed
1063 2235 1159 2255 eorum
1181 2227 1318 2263 plerisque
1343 2228 1389 2262 qui
1416 2227 1444 2254 in
1465 2235 1497 2255 ea
1521 2227 1699 2262 perfectiores

921 2279 994 2306 sunt,
1018 2274 1182 2310 jucundiora
1211 2274 1299 2301 solent
1320 2281 1381 2301 esse
1405 2281 1465 2308 quae
1490 2277 1554 2301 sunt
1571 2274 1698 2307 clariora,

920 2321 992 2356 quod
1009 2321 1119 2348 facili-us
1135 2320 1276 2355 capiantur
1293 2329 1299 2347 :
1319 2327 1369 2347 nos
1391 2320 1587 2354 expeditiorem
1603 2328 1700 2355 quam-

920 2367 982 2395 dam
1003 2367 1075 2394 viam
1096 2367 1141 2394 hic
1164 2366 1328 2401 aperiemus,
1346 2373 1407 2400 qua:
1423 2369 1466 2393 est
1480 2366 1625 2400 ejusmodi.
1650 2366 1700 2392 Mi-

919 2412 980 2439 nori
1000 2419 1133 2439 annorum
1157 2418 1281 2443 numero,
1305 2410 1353 2446 qui
1376 2415 1418 2437 est
1440 2410 1485 2442 85,
1509 2410 1635 2438 addimus
1653 2411 1698 2443 24,

921 2456 988 2483 ﬁunt
1002 2456 1052 2483 109
1068 2466 1074 2483 :
1091 2456 1148 2483 haec
1161 2463 1209 2490 per
1218 2455 1253 2482 28
1269 2455 1428 2486 dividimus,
1446 2455 1538 2489 itaque
1552 2455 1700 2482 ratiocina-

920 2510 981 2529 mur
1009 2511 1015 2528 :
1038 2502 1121 2530 vicies
1150 2502 1235 2529 octies
1254 2502 1271 2528 '5
1297 2506 1360 2529 sunt
1385 2501 1428 2528 84.
1455 2501 1568 2528 Restant
1589 2500 1622 2527 ad
1647 2500 1698 2528 109

920 2548 1108 2583 complendos,
1135 2548 1181 2581 25,
1203 2548 1249 2584 qui
1274 2552 1317 2576 est
1345 2548 1438 2583 cyclus
1457 2554 1577 2582 pmsens
1600 2545 1646 2578 25,
1669 2549 1700 2573 ut

919 2595 975 2629 jam
990 2593 1171 2621 ostendimus.

922 2651 1004 2686 208
1017 2650 1076 2683 Qua
1094 2649 1196 2676 ratione
1216 2646 1452 2686 propositaguapis
1469 2645 1567 2686 mensis
1585 2644 1699 2686 alicuius

957 2679 1036 2718 ἷιῦῖ
1049 2679 1222 2719 cognoscatur
1248 2679 1326 2719 quam
1354 2679 1381 2710 si:
1412 2679 1580 2708 hebdomadis
1606 2680 1700 2714 feriam

958 2722 1086 2748 incurrat.

956 2778 999 2804 Ill.
1017 2777 1130 2804 Noveris
1140 2782 1330 2810 quamcunque
1344 2775 1414 2802 diem
1431 2774 1459 2800 in
1473 2770 1616 2800 duodecim
1635 2769 1701 2797 anni

923 2824 1062 2853 mensibus
1083 2826 1210 2851 accurate
1224 2822 1286 2857 quis
1303 2827 1468 2856 cognoscere
1482 2818 1557 2851 velit,
1579 2817 1606 2844 in
1621 2822 1702 2853 quam
1737 2832 1744 2838 .
