1931 3135
243 149 312 177 1319

753 148 798 175 AD
817 148 952 176 EUSEBII
973 148 1171 178 CIIRONICON
1194 148 1375 177 APPENDIX.

1803 147 1874 176 1320

242 207 420 235 hebdomadis
443 207 537 235 feriam
564 207 676 238 incidat.
699 207 733 234 ad
757 208 809 235 hoc
832 209 1023 236 extricandum

1076 218 1117 241 τις
1135 209 1256 245 ἀκριὸῶς
1278 209 1376 236 εἰδέναι
1397 207 1426 234 ὲν
1441 207 1506 244 ποίᾳ
1526 208 1581 234 τῶν
1608 209 1629 241 ζ’
1645 208 1696 244 τῆς
1721 208 1873 244 ἑϐδομάδος

243 254 373 281 utendum
391 253 429 280 illi
449 261 511 281 esse
534 253 611 289 cyclo
634 253 711 285 solis,
729 258 755 282 et
774 255 989 290 congruentibus
1003 258 1027 284 ei

243 300 365 331 bisextis,
395 308 499 327 necnon
522 300 624 335 epactis
650 301 793 328 mensium.
818 302 965 329 Sciendum
986 306 1028 330 est

230 342 326 379 ‘igitur
342 344 482 372 bisextiles
499 346 527 372 in
549 353 603 373 uno
626 346 703 381 cyclo
727 347 793 374 solis
817 355 878 375 esse
901 352 1026 383 septem;

242 397 305 416 nam
324 394 419 424 quater
439 394 551 425 septena
566 390 668 418 faciunt
682 391 727 418 '28.
744 391 850 419 Etenim
872 393 900 419 in
913 401 984 420 anno
1002 401 1029 420 ιν

241 434 299 461 dies
323 442 394 462 unus
417 435 556 470 colligitur
577 444 583 462 :
602 444 683 470 porro
701 437 838 463 mensium
861 441 974 471 epaclae,
1004 437 1027 465 si

241 480 337 508 diebus
359 485 486 508 constent
510 490 586 512 uxr,
614 487 677 509 sunt
702 483 742 515 5;
772 482 813 509 sin
845 491 897 509 xxx
922 487 1029 510 tantum

241 527 369 558 habeant,
384 532 448 554 sunt
460 527 487 553 2.
502 526 640 562 Incipiunt
655 532 747 555 autem
768 529 802 555 ab
814 527 938 562 Octobri,
955 529 1029 556 unde

239 577 268 600 et
296 573 390 608 cyclus
419 574 485 600 solis
513 574 669 601 inchoatur.
695 573 780 609 Igitur
805 579 916 610 epaclas
946 576 1028 602 habet

241 618 360 646 October
373 619 399 651 5,
415 618 569 646 November
584 619 611 651 2,
631 619 781 646 December
792 620 819 652 5,
836 619 981 648 Januarius
999 622 1026 653 3.

241 664 357 691 Martius
370 665 397 696 5,
414 665 514 699 Aprilis
529 665 557 694 2.
579 665 667 693 Maius
690 666 717 698 '5,
740 665 838 693 Junius
853 666 881 697 2,
897 666 985 694 Julius
999 667 1027 698 5.

241 710 381 745 Augustus
404 711 466 737 item
492 710 518 742 5,
539 710 698 745 September
718 711 745 737 2.
767 711 910 746 Proposita
936 712 1029 747 itaque

241 756 365 791 qualibet
391 756 492 782 mensis
519 755 580 787 die,
609 764 690 790 quam
715 756 838 783 invenire
864 757 952 792 placet
977 757 1025 793 (sit

240 805 331 828 autem
346 801 459 835 exempli
472 801 558 836 gratia
569 809 631 828 xxix
647 801 736 828 Martii
749 802 807 830 dies
819 802 900 837 hujus
913 804 988 835 anni,
1000 804 1028 831 in

239 854 322 882 quam
335 846 554 873 Christianorum
569 846 772 874 sanctissimum
783 847 887 874 Pascha
903 848 1025 884 incidet),

240 891 275 918 ad
292 891 364 918 hunc
376 891 485 918 modum
498 891 649 918 invenietur
661 901 667 918 :

1079 255 1190 291 ἡμερῶν
1216 254 1354 290 τυγχάνει,
1382 253 1422 290 τῷ
1446 252 1492 280 τοῦ
1513 252 1590 288 ἡλίου
1618 253 1713 289 κύκλῳ
1741 254 1791 280 καὶ
1815 256 1872 285 τοῖς

1079 301 1221 336 ἑπομένοις
1238 301 1312 336 αὐτῷ
1331 300 1470 335 βισέξτοις,
1488 300 1527 326 ἔτι
1546 300 1574 326 δὲ
1593 300 1640 326 καὶ
1656 301 1718 331 ταῖς
1734 300 1873 331 ὲτκικταῖς

1078 347 1133 372 τῶν
1151 346 1242 382 μηνῶν
1258 346 1324 382 πρὸς
1341 345 1390 381 τὴν
1405 345 1506 381 ταύτης
1529 345 1636 381 εὕρεσιν
1659 346 1806 381 χρήσεται.
1825 345 1872 370 Διῦ

1078 391 1223 426 γινώσκειν
1239 400 1268 418 σε
1285 391 1349 427 χρὴ,
1373 391 1410 423 ὡς
1434 391 1543 426 βίσεξτα
1559 392 1607 426 μὲν
1624 391 1645 406 ¹¹
1661 391 1706 417 τὸν
1718 390 1763 417 τοῦ
1791 390 1870 425 ἡλίου

1078 439 1176 466 κύκλον
1200 439 1267 466 εἰσιν
1283 439 1305 471 ζ’
1316 447 1322 454 ·
1346 439 1471 474 τετράκις
1494 438 1548 474 γὰρ
1570 438 1604 464 τὰ
1620 438 1641 470 ζ’
1657 440 1717 472 an)"
1733 437 1808 463 κατὰ
1827 445 1871 462 τε·

1077 483 1176 518 τάρτου
1197 483 1252 518 γὰρ
1267 482 1362 518 χρόνου
1382 483 1525 517 συνάγεται
1540 483 1584 509 ἔνι
1606 484 1634 508 αἱ
1658 482 1687 507 δὲ
1703 481 1757 508 τῶν
1774 482 1870 516 μηνιῐν

1078 529 1195 555 ἐπακταὶ
1214 528 1269 555 τῶν
1295 528 1342 563 μὲν
1361 528 1474 563 ἑχόντων
1501 528 1552 555 ἀνα
1576 527 1615 554 λα’
1631 527 1738 563 ἡμέρας
1760 528 1818 553 εἰσὶ
1832 531 1868 561 γ’,

1078 575 1132 602 τῶν
1155 575 1182 601 δὲ
1206 575 1258 601 ἀνὰ
1275 573 1295 601 λ’
1321 573 1353 609 β’.
1373 576 1517 610 ’Ἂρχονται
1536 574 1599 608 γοῦν
1617 574 1672 600 ἀπὸ
1692 573 1740 600 τοῦ
1762 574 1868 599 Ὀκτω-

1079 620 1154 655 ϐρίου
1176 620 1270 655 μηνὸς,
1285 620 1330 654 ἀφ’
1347 618 1376 647 οὗ
1399 621 1445 647 καὶ
1469 621 1483 646 ὁ
1505 619 1550 646 τοῦ
1573 619 1648 654 ήλίου
1666 618 1764 650 κύκλος
1784 619 1868 653 ἀρχε-

1078 675 1132 693 ται.
1147 667 1201 694 Καί
1217 668 1270 693 εἰσι
1288 667 1335 694 τοῦ
1357 666 1521 702 Ὀκτωϐρίου
1539 669 1573 700 γ’,
1589 665 1635 692 τοῦ
1661 665 1815 700 Νοεμϐρίω
1832 664 1865 699 β’,

1078 713 1125 739 τοῦ
1139 713 1306 748 Δεκεμϐρίου
1321 717 1355 748 γ’,
1370 713 1416 739 τοῦ
1439 712 1602 748 Ἰανουαρίου
1617 716 1652 746 γ’,
1671 711 1718 737 τοῦ
1743 711 1866 746 Μαρτίου

1079 762 1114 793 γ’.
1128 758 1174 785 τοῦ
1198 759 1335 795 ’Δπριλίου
1352 758 1384 795 β’,
1399 757 1445 785 τοῦ
1468 759 1554 786 Μαΐου
1572 761 1606 792 γ’,
1624 757 1670 784 τοῦ
1699 757 1807 784 Ἰουνίου
1831 757 1864 791 ιε’,

1077 804 1124 831 τοῦ
1147 804 1256 831 Ἰουλίου
1275 808 1310 838 γ’,
1326 803 1433 831 καὶτοῦ
1456 803 1609 837 Αὐγούστου
1629 807 1664 837 γ’,
1683 803 1730 829 καὶ
1748 803 1795 829 τοῦ
1820 803 1867 828 Σε-

1078 850 1228 886 πτεμϐρίου
1237 849 1268 885 β’.
1278 851 1310 876 Εἰ
1323 849 1369 877 οὖν
1389 849 1475 885 βούλει
1488 850 1682 885 ὀποιανδήποτε
1699 848 1784 884 μηνὸς
1798 848 1866 883 ήμέ-

1044 890 1066 919 Β
1081 904 1130 930 ραν
1145 896 1235 931 εὑρεῖν
1261 896 1371 931 (κείσθω
1393 895 1421 922 δὲ
1444 895 1523 930 χάριν
1538 895 1734 929 ὑποδείγματος
1754 895 1770 930 ἡ
1795 894 1865 920 κατά

241 940 271 966 τὸ
293 939 467 974 ἐνιστάμενον
484 939 531 965 νῦν
546 939 606 970 ἔτος
626 939 667 966 κθ¹
683 939 729 966 τοῦ
749 940 872 976 Μαρτίου
888 941 981 977 μηνὸς,
998 943 1026 970 ἐν
1045 940 1123 980 ᾖκαὶ
1136 944 1166 970 τὸ
1185 944 1261 978 ἆγιον
1282 944 1359 979 ήμῶν
1386 943 1438 970 τῶν
1460 943 1629 979 Χριστιανῶν
1649 942 1746 977 Πάσχα
1771 941 1864 976 ἔσται)

241 986 418 1023 εὑρεθήσεται
433 985 528 1017 οὕτως·

275 1032 357 1060 Sume
373 1032 506 1058 labentem
520 1031 588 1059 solis
601 1032 718 1067 cyclum,
739 1033 785 1068 qui
799 1037 840 1061 est
850 1034 896 1066 25,
913 1042 1027 1070 ejusque

241 1078 383 1106 bisextiles
398 1077 414 1104 6
429 1087 436 1110 ;
453 1085 515 1104 nam
529 1082 626 1112 quater
647 1086 695 1105 sex
710 1078 830 1106 elliciuut
843 1079 888 1107 2-4.
908 1079 1026 1108 Summae

241 1123 364 1151 omnium
389 1123 419 1150 51
449 1123 518 1150 adde
541 1123 675 1150 mensium
696 1129 816 1159 epactas.
837 1133 932 1160 nempe
947 1125 1029 1153 Octo-

241 1169 309 1200 bris.
330 1168 500 1201 Novembris,
517 1168 673 1196 Decembris
694 1173 720 1196 et
735 1169 860 1197 Januarii
876 1180 883 1204 ;
901 1171 960 1199 dies
974 1180 1028 1199 un-

241 1215 341 1246 decim,
364 1214 430 1242 ﬁunt
447 1214 493 1241 42.
524 1214 648 1248 Adjunge
673 1214 763 1241 Martii
785 1216 819 1243 ‘39
854 1217 923 1250 dies,
949 1217 1030 1252 cujus

241 1261 336 1288 feriam
349 1260 474 1295 inquiris,
490 1259 637 1287 coniiciunt
656 1260 698 1293 71,
714 1268 774 1295 quae
785 1269 833 1295 per
853 1262 868 1288 7
882 1262 1028 1290 hebdoma~

240 1309 283 1336 dis
308 1309 408 1343 partire
428 1308 486 1335 dies
508 1308 534 1334 in
562 1308 633 1335 hunc
657 1309 768 1335 modum
788 1317 794 1334 :
813 1309 906 1336 Decies
930 1308 945 1334 7
965 1312 1029 1336 sunt

240 1355 295 1389 70;
314 1358 398 1382 restat
414 1353 439 1384 1,
452 1361 511 1388 quae
523 1357 565 1380 est
581 1353 761 1380 hebdomadis
778 1353 865 1388 prima
882 1353 958 1384 feria,
972 1354 1029 1380 sive

241 1401 401 1432 Dominica,
425 1400 451 1427 in
473 1407 554 1434 quam
582 1398 670 1426 Martii
694 1399 739 1430 29,
766 1407 846 1433 quam
870 1400 1027 1434 quaerimus,

240 1446 348 1474 incidit.
365 1445 443 1478 Quod
462 1445 483 1471 si
502 1445 528 1471 in
557 1445 608 1471 alia
631 1445 780 1479 quaestione
801 1445 1023 1479 collectioneque,

242 1496 304 1528 post
330 1492 492 1519 divisionem
510 1498 557 1526 per
572 1491 599 1522 7,
614 1490 677 1523 duo,
693 1495 783 1518 tresve
805 1491 873 1520 dies.
891 1495 937 1517 aut
958 1499 1023 1525 qua-

241 1543 304 1565 tuor
321 1538 418 1572 reliqui
443 1537 507 1567 sint,
527 1544 558 1562 ac
574 1536 701 1570 deinceps
723 1545 808 1571 usque
827 1537 859 1563 ad
875 1537 899 1566 7,
915 1537 1023 1564 contin-
1040 1553 1059 1581 ε

242 1587 305 1618 gent.
317 1583 446 1610 nimirum
460 1587 562 1610 caetera:
579 1582 755 1610 hebdomadis
771 1591 803 1610 ex
819 1583 915 1610 ordine
940 1583 1022 1610 l'erizc.

242 1629 299 1657 lloc
321 1629 343 1656 si
373 1629 399 1656 in
424 1629 563 1656 mensibus
589 1629 718 1656 omnibus
750 1629 861 1660 feceris,
891 1632 945 1655 tam
977 1630 1023 1664 qui

242 1675 369 1702 Martium
393 1675 568 1706 antecedunt,
593 1683 675 1709 quam
693 1675 738 1709 qni
766 1679 937 1710 sequuntur;
962 1683 1022 1703 cer-

242 1721 346 1748 tissime
381 1729 413 1747 ac
447 1722 507 1748 sine
535 1728 628 1748 errore
661 1721 812 1755 comperies
837 1721 1024 1756 cujuscunque

241 1768 354 1795 libuerit
374 1767 428 1794 diei
455 1767 549 1794 feriam
574 1767 601 1794 in
623 1766 757 1794 duodenis
783 1767 846 1793 anni
872 1767 1021 1794 mensibus.

241 1813 326 1841 Porro
349 1812 513 1840 Februarius
535 1813 602 1839 nihil
625 1820 739 1847 prorsus
768 1813 795 1839 in
822 1816 1023 1851 menstruamm

240 1865 396 1896 epactarum
412 1859 554 1886 ratiocinia
573 1858 689 1885 confert.
706 1858 754 1885 Est
768 1858 840 1885 enim
855 1858 1022 1891 deminutus,

240 1914 273 1934 ac
287 1906 383 1934 diebus
400 1909 503 1932 tantum
521 1907 628 1932 constat
642 1908 704 1931 octo
720 1907 746 1931 et
762 1904 866 1939 viginti.
883 1904 915 1930 Et
928 1912 1024 1938 quam-

240 1951 282 1979 vis
303 1951 331 1978 in
356 1958 428 1977 anno
453 1949 573 1977 bisextili
599 1957 664 1976 χχιχ
695 1949 804 1980 habeat,
836 1957 891 1976 uno
919 1949 1023 1976 scilicet

240 1997 332 2025 addito
353 1996 418 2030 die;
450 1995 494 2022 hic
517 1995 643 2022 videlicet
673 1995 717 2022 ille
741 1995 800 2022 dies
818 1999 870 2026 est,
892 1995 937 2029 qui
962 1999 1023 2030 post

239 2051 327 2070 annos
342 2051 368 2070 IV
386 2043 414 2069 in
429 2043 506 2077 cyclo
521 2042 588 2069 solis
607 2041 713 2068 accedit
727 2049 799 2068 anno
812 2041 942 2068 bisextili.
960 2041 1023 2068 ideo

239 2090 282 2117 bis
299 2089 437 2116 numerari
457 2079 510 2115 non
524 2088 614 2115 debet.
628 2087 782 2120 Quinetiam
800 2087 826 2113 in
841 2087 1022 2121 computanda

241 2135 306 2162 feria
329 2142 383 2161 non
408 2137 472 2161 ante
495 2133 619 2169 procedit
640 2134 666 2160 in
694 2140 839 2164 summam,
862 2139 943 2166 quam
971 2131 1022 2159 Fc-

239 2179 367 2206 bruarius
392 2179 514 2210 desierit,
536 2178 588 2205 hoc
608 2181 649 2205 est
664 2177 697 2204 ab
720 2177 830 2205 ineunte
854 2177 966 2209 Martio,
990 2185 1022 2204 ac

239 2225 376 2260 deinceps.

1113 1037 1186 1064 Λάϐε
1213 1046 1257 1072 μοι
1282 1036 1327 1064 τὺν
1343 1036 1514 1071 ἐνιστάμενον
1539 1035 1639 1062 κύκλον
1662 1034 1708 1061 τοῦ
1728 1034 1806 1069 ἡλίου
1827 1035 1864 1061 κε’

1079 1081 1256 1116 τυγχάνοντα,
1271 1081 1318 1107 καὶ
1333 1080 1367 1107 τὰ
1389 1080 1483 1107 τούτου
1498 1080 1626 1114 τέταρτα,
1643 1079 1725 1113 ἤγουν
1743 1078 1863 1113 βίσεξτα,

1080 1127 1159 1154 ἅτινά
1175 1127 1244 1154 εἰσιν
1259 1131 1295 1159 ς’.
1319 1127 1451 1162 Τετράκις
1468 1125 1522 1160 γὰρ
1543 1124 1568 1158 ς’
1584 1123 1634 1152 κδ’.
1657 1123 1767 1155 Τούτοις
1781 1123 1863 1157 γεγό-

1080 1181 1156 1199 νασιν
1169 1174 1190 1189 ¹¹
1205 1173 1245 1200 λα’
1262 1173 1378 1208 πρόσθες
1394 1172 1443 1203 τὰς
1456 1171 1510 1198 τῶν
1524 1171 1615 1206 μηνῶν
1631 1169 1765 1200 ὲπακτὰς,
1780 1169 1863 1204 ἤγουν

1078 1217 1125 1244 τοῦ
1155 1218 1328 1253 Ὀκτωϐρίου,
1352 1216 1516 1252 Νοεμϐρίου,
1541 1215 1708 1251 Δεκεμϐρίου
1733 1214 1780 1241 καὶ
1814 1215 1863 1241 1:.-

1078 1263 1203 1300 νουαρίου
1225 1264 1329 1299 ἡμέρας
1350 1266 1382 1289 ια’
1394 1272 1401 1280 ·
1419 1263 1472 1289 ἰδοὺ
1495 1263 1548 1298 μβ’.
1565 1261 1684 1293 Ταύταις
1704 1259 1862 1292 ἐπισύναξον

1079 1309 1126 1336 καὶ
1143 1309 1191 1341 τὰς
1206 1308 1252 1334 τοῦ
1271 1309 1392 1344 Μαρτίου
1410 1308 1450 1334 κο¹
1461 1316 1467 1321 ·
1485 1307 1577 1342 ἐπειδὴ
1597 1307 1646 1342 τὴν
1661 1305 1703 1332 κθ’
1716 1305 1799 1332 αὐτοῦ
1814 1305 1861 1341 ζη-

1079 1356 1134 1386 τεῖς
1157 1354 1251 1389 μαθεῖν
1266 1355 1294 1381 ἐν
1313 1355 1376 1390 ποίᾳ
1389 1354 1439 1389 τῆς
1452 1353 1595 1389 ἑϐδομάδος
1609 1354 1701 1389 ἡμέρᾳ
1714 1354 1841 1388 τυγχάνει
1852 1361 1858 1366 ·

1080 1401 1125 1426 καὶ
1144 1400 1197 1426 ἰδοὺ
1220 1400 1363 1434 γεγόνασιν
1385 1403 1434 1425 οα’.
1458 1399 1565 1430 Ταύτας
1581 1398 1690 1432 ὖφειλον
1707 1399 1753 1424 ἐπὶ
1767 1398 1820 1423 τῶν
1840 1397 1854 1429 ζ

1077 1446 1125 1481 τῆς
1152 1445 1298 1481 ἑϐδομάδος
1320 1445 1444 1481 ἡμερῶν,
1465 1444 1563 1471 εἰπών·
1590 1444 1706 1476 Δεκάκις
1729 1444 1764 1471 τὰ
1781 1444 1803 1476 ζ’
1824 1449 1858 1470 σ-

1078 1491 1240 1527 κατελείφθη
1256 1492 1302 1518 καὶ
1322 1491 1378 1526 μία,
1393 1492 1454 1526 ἥτις
1471 1491 1529 1517 ἐστὶ
1544 1490 1639 1526 πρώτη
1653 1491 1703 1526 τῆς
1716 1490 1859 1525 ὲὸδομάδος

1077 1538 1168 1573 ἡμέρα
1193 1537 1349 1573 ήΚυριακὴ
1373 1538 1389 1572 ἡ
1413 1536 1565 1572 ζητουμένη
1585 1533 1653 1562 οὖσα
1669 1535 1716 1562 τού
1740 1536 1858 1569 Μαρτίου

1076 1584 1127 1610 κθν.
1144 1584 1175 1610 Εἰ
1190 1584 1217 1610 δὲ
1242 1583 1330 1618 συμϐῇ
1351 1583 1380 1609 ἐν
1398 1582 1464 1618 ἄλλῃ
1478 1582 1590 1618 τοιαύτῃ
1609 1582 1720 1616 ζητήσει
1739 1582 1787 1608 καὶ
1802 1582 1860 1607 ὲπι-

1075 1631 1218 1664 συναγωγῇ
1242 1629 1311 1664 μετὰ
1327 1629 1372 1655 τὸν
1393 1627 1414 1660 ξ’
1429 1628 1559 1663 ὑφειλμὸν
1575 1627 1788 1663 καταλειφθῆναι
1804 1627 1858 1657 δύο,

1073 1675 1090 1711 ἢ
1104 1675 1177 1711 τρία,
1193 1676 1209 1711 ἢ
1226 1676 1258 1708 δ’,
1279 1675 1327 1702 καὶ
1348 1674 1464 1710 καθεξῆς
1481 1675 1560 1709 μέχρι
1575 1674 1628 1700 τῶν
1646 1674 1679 1706 ζ’,
1695 1673 1800 1700 ἔσονται
1815 1673 1859 1708 δη-

1074 1721 1158 1748 λονότι
1184 1722 1254 1748 κατὰ
1273 1721 1349 1753 τάξιν
1363 1722 1390 1747 αἱ
1405 1721 1496 1747 λοιπαὶ
1511 1721 1561 1755 τῆς
1581 1719 1727 1755 ἑῦδομάδος
1748 1719 1856 1755 ἡμέραι.

1074 1767 1125 1793 Τὸν
1138 1767 1229 1802 ὅμοιον
1251 1765 1297 1794 οὖν
1319 1767 1401 1793 ποιῶν
1415 1766 1515 1802 τρόπον
1532 1766 1579 1792 καὶ
1599 1767 1639 1797 εἰς
1658 1766 1722 1797 τοὺς
1738 1765 1791 1801 πρὸ
1813 1766 1857 1792 τοῦ

1073 1813 1195 1848 Μαρτίου
1218 1813 1314 1848 μῆνας,
1340 1813 1386 1839 καὶ
1407 1813 1447 1844 εἰς
1470 1813 1532 1844 τοὺς
1555 1813 1612 1848 μετ’
1629 1813 1711 1839 αὐτὸν
1726 1812 1855 1843 ἅπαντας,

1073 1858 1201 1893 ἀσφαλῶς
1215 1859 1261 1885 καὶ
1275 1857 1429 1889 ἀπταίστως
1451 1857 1577 1893 εὑρήσεις
1590 1857 1622 1892 ἧν
1642 1857 1675 1884 ἂν
1691 1857 1856 1893 ὲπιζητήσῃς

1073 1905 1178 1940 ἡμέραν
1203 1904 1256 1930 τῶν
1280 1903 1327 1930 τοῦ
1353 1903 1412 1930 ὅλου
1432 1902 1554 1930 ἐνιαυτοῦ
1579 1902 1681 1938 μηνῶν.
1714 1903 1744 1929 Ὀ
1769 1902 1854 1938 μέντοι

1073 1950 1252 1986 Φεϐρουάριος
1264 1949 1294 1976 ού
1310 1949 1480 1985 συνεισφέρει
1493 1958 1518 1975 τι
1535 1949 1602 1980 ὅλως
1615 1950 1643 1975 ἐν
1665 1950 1726 1980 ταῖς
1748 1949 1855 1983 εἰρημέ-

1073 1998 1130 2028 ναῑς
1145 1996 1277 2027 ἑπακταῖς
1291 1996 1345 2022 τῶν
1363 1995 1464 2031 μηνῶν.
1484 1994 1687 2030 Ἦλαττωμένος
1704 1995 1760 2030 γάρ
1775 1996 1854 2026 ἐστιν,

1073 2046 1116 2078 κη’
1133 2043 1179 2069 καὶ
1195 2042 1276 2078 μόνας
1289 2042 1394 2078 ἡμέρας
1406 2041 1484 2077 ἔχων.
1505 2042 1536 2068 Εἰ
1551 2041 1579 2067 δὲ
1589 2041 1634 2067 καὶ
1647 2041 1772 2076 βισέξτου
1785 2042 1856 2073 ὄντος

1074 2088 1113 2114 κθ¹
1137 2088 1351 2123 προστιθεμένης
1374 2087 1447 2123 αὐτῷ
1473 2089 1536 2123 μιᾶς
1553 2087 1675 2123 ἡμέρας·
1707 2087 1766 2113 ἀλλ’
1790 2087 1855 2121 uim}

1073 2133 1146 2159 ἐστὶν
1163 2134 1179 2168 ή
1195 2133 1264 2159 κατὰ
1280 2133 1300 2159 δ’
1319 2133 1431 2168 χρόνους
1446 2132 1643 2168 προστιθεμένη
1661 2133 1690 2158 ὲν
1713 2132 1752 2167 τῷ
1768 2132 1855 2166 κύκλῳ

1073 2179 1119 2205 τοῦ
1135 2179 1223 2214 ἡλίου,
1242 2178 1361 2214 βισέξτου
1386 2179 1477 2210 ὄντος·
1497 2179 1545 2206 καὶ
1563 2179 1606 2205 διὰ
1622 2178 1700 2204 τοῦτο
1714 2178 1766 2204 οὐκ
1789 2178 1855 2204 ἐνδέ-

1074 2233 1149 2259 χεται
1173 2225 1361 2259 δισσευθῆναιο
1377 2225 1437 2260 ἥτις
1451 2224 1510 2252 οὐδὲ
1532 2225 1632 2259 ὀφείλει
1652 2225 1812 2258 εἰσάγεσθαι
1830 2225 1855 2250 ἐν

238 2273 278 2308 τῷ
295 2273 316 2289 ¹⁸
332 2272 423 2308 πούτῳ
441 2271 653 2308 ήμεροευρεσίῳ,
671 2271 822 2307 ἀρξαμένου
837 2270 884 2297 τοῦ
897 2270 1016 2305 βισέξτου
1034 2272 1141 2307 χρόνου,
1176 2273 1208 2308 ἢν
1233 2273 1269 2309 μὴ
1289 2272 1409 2309 παρέλθῃ
1431 2273 1446 2299 ὁ
1470 2272 1666 2309 Φεϐρουάριος,
1694 2273 1779 2307 ἤγουν
1811 2271 1856 2299 ἀπ’

238 2321 324 2356 ἀρχῆς
343 2320 388 2346 τοῦ
404 2320 526 2356 Μαρτίου
544 2320 591 2346 καί
604 2319 767 2354 ἔμπροσθεν.

344 2379 380 2406 De
396 2380 497 2406 ratione
514 2380 581 2414 cycli
599 2379 700 2406 lunaris
715 2378 901 2414 investigandi.

270 2434 315 2462 1V.
348 2435 446 2470 Cyclus
472 2436 571 2462 lunata
594 2435 722 2462 Kalendis
748 2435 886 2462 Januariis
910 2434 1017 2469 incipit,

237 2485 318 2516 atque
340 2481 375 2508 ad
399 2488 485 2508 annos
508 2488 553 2507 xtx
578 2480 727 2515 perductus
747 2488 849 2508 novum
879 2480 952 2514 capit
972 2488 1020 2506 ex-

235 2528 354 2555 ordium.
371 2526 449 2553 Ilunc
459 2533 524 2562 ergo
532 2526 651 2560 reperire
661 2526 685 2553 si
696 2526 748 2557 vis,
761 2533 895 2553 annorum
910 2525 944 2552 ab
954 2525 1020 2552 orbe

236 2573 346 2601 condito
365 2580 500 2599 summam
525 2571 626 2606 partire
651 2579 700 2606 per
719 2579 864 2598 numerum
886 2571 954 2606 cycli
978 2571 1019 2597 lu-

235 2620 322 2652 naris,
341 2619 368 2646 id
394 2623 436 2645 est
459 2626 517 2651 χιχ,
539 2618 683 2651 reliquum,
703 2618 775 2652 quod
801 2621 843 2645 est
864 2617 935 2644 infra
957 2625 1015 2649 xtx,

235 2669 282 2691 aut
299 2673 344 2691 xix
359 2663 422 2698 ipsi.
436 2665 529 2699 cyclus
549 2667 590 2691 est
605 2663 693 2690 iniens
706 2663 785 2690 lunae.
807 2663 950 2696 Quwratur
964 2662 1017 2690 hoc

235 2717 305 2737 anno
317 2710 387 2737 6885
397 2710 468 2736 lunae
479 2710 581 2745 cyclus,
596 2709 647 2736 hoc
667 2709 747 2737 modo
765 2709 989 2736 ratiocinabimur
1005 2717 1011 2735 :

233 2751 332 2780 Novies
355 2760 386 2780 ac
407 2753 498 2780 decies
517 2753 697 2788 multiplicata
723 2753 774 2780 500
803 2752 906 2780 faciunt
932 2753 1010 2780 5⁷00.

1035 2381 1058 2408 1)
1073 2378 1167 2410 Ὅπως
1189 2377 1237 2403 δεῖ
1256 2377 1408 2411 εὑρίσκειν
1427 2376 1481 2403 τὸν
1504 2377 1618 2404 κύκλον
1637 2375 1693 2410 τῆς
1709 2376 1851 2409 σελήνης.

1104 2435 1140 2461 Δί.
1167 2434 1195 2460 '0
1211 2434 1261 2469 τῆς
1278 2433 1392 2468 σελήνης
1411 2432 1509 2464 κύκλος
1523 2432 1634 2466 ἄρχεται
1655 2431 1707 2467 μὲν
1731 2433 1786 2459 ἀπὺ
1808 2433 1851 2468 τῆς

1070 2479 1180 2516 πρώτης
1195 2479 1240 2506 τοῦ
1261 2479 1423 2515 ἰανουαρίου
1448 2479 1541 2514 μηνὸς,
1561 2478 1707 2514 ἀνέρχεται
1730 2478 1760 2505 δὲ
1777 2480 1850 2514 μέχρι

1070 2526 1172 2561 χρόνων
1187 2526 1229 2557 ιϐ’,
1254 2525 1301 2552 καὶ
1319 2525 1399 2551 πάλιν
1413 2524 1544 2559 λαμσάνει
1563 2524 1662 2559 ἀρχήν.
1681 2525 1714 2551 Εἰ
1733 2523 1782 2552 οὖν
1795 2525 1850 2559 βού-

1069 2571 1110 2597 λει
1133 2571 1179 2598 καὶ
1200 2571 1292 2597 τοῦτον
1316 2571 1414 2607 εὑρεῖν,
1440 2569 1548 2604 ὕφειλον
1574 2569 1651 2606 παρὰ
1675 2571 1723 2597 τὸν
1741 2571 1848 2606 ἀριθμὸν

1069 2616 1149 2643 αὐτοῦ
1167 2616 1266 2643 κύκλου
1277 2616 1370 2651 αὐτῆς,
1386 2616 1466 2651 ἤγουν
1483 2615 1537 2642 τῶν
1554 2615 1597 2647 ιϐ’,
1615 2616 1651 2642 τὰ
1674 2616 1730 2643 ἀπὸ
1742 2616 1847 2646 κτίσεως

1069 2662 1171 2697 κόσμου
1188 2662 1235 2697 ἔτη
1247 2670 1253 2676 ·
1267 2662 1315 2689 καὶ
1334 2661 1369 2688 τὰ
1385 2661 1596 2696 καταλειφθέντα
1612 2661 1647 2688 τὰ
1660 2662 1784 2688 κάτωθεν
1800 2661 1846 2687 τῶν

1068 2707 1111 2739 ιϐ’,
1127 2708 1144 2743 ἢ
1161 2708 1207 2735 καὶ
1224 2708 1319 2744 μέχρις
1334 2707 1433 2739 αὐτῶν,
1449 2707 1565 2743 ὑπάρχει
1580 2708 1594 2734 ὁ
1612 2708 1790 2743 ἐνιστάμενος
1804 2707 1845 2733 τό·

1066 2753 1129 2785 κλος
1146 2754 1196 2789 τῆς
1220 2754 1343 2789 σελήνης.
1362 2754 1451 2781 Ἔστω
1473 2753 1504 2789 δὴ
1521 2753 1611 2789 ζητεῖν
1638 2755 1715 2789 ἡμᾶς
1738 2753 1805 2781 κατὰ
1818 2751 1845 2778 τὸ

271 2827 291 2843 ¹¹
308 2827 383 2855 Deest
398 2828 476 2856 κατά.
516 2830 537 2846 ¹¹
553 2829 615 2856 Cor.
631 2830 780 2864 γεγονόσιν.
819 2829 839 2845 ¹³
853 2829 892 2856 An
908 2837 955 2864 pro
972 2830 1128 2866 κομπούτῳ.
