1931 3135
213 155 284 184 1323

742 156 787 183 AD
807 156 942 184 EUSEBII
959 155 1156 184 CHRONICON
1173 156 1355 186 APPENDIX.

1754 158 1828 185 132.1

211 214 311 250 Accipe
321 218 476 242 currentem
495 213 568 241 illius
583 213 714 247 radicem,
732 218 759 242 et
775 214 853 241 initio
869 215 939 242 l’acto
956 214 980 242 al

1044 215 1151 250 μαθήσῃ
1161 224 1169 231 ·
1186 216 1289 252 Κράτει
1305 216 1350 242 τὸν
1366 216 1539 251 ἐνιστάμενον
1563 216 1664 251 ταύτης
1681 215 1809 251 θεμέλιον
1819 225 1826 231 ·

207 259 351 291 Januario,
377 259 410 287 de
427 252 542 293 singulis
564 257 704 286 mensibus
728 265 814 292 sume,
835 259 858 286 si
882 259 991 293 quidem

211 304 308 332 diebus
318 312 381 331 xxxI
394 307 529 335 constent,
542 303 552 330 1
567 302 618 339 1/2
628 323 635 335 ,
650 303 692 331 sin
702 303 839 331 tricenarii
853 304 918 337 sint,
928 304 990 339 1/2.

211 349 296 377 Porro
309 349 409 376 mensis
427 349 512 380 illius,
527 349 554 376 in
572 356 626 384 quo
639 350 767 381 versaris,
779 349 838 377 dies
854 349 940 384 adjice
957 349 992 376 ab

211 396 270 430 ejus
281 394 409 422 Kalendis
429 394 462 422 ad
488 395 656 430 propositum
679 394 759 422 diem.
783 395 824 422 Ad
849 395 990 422 collectam

210 448 343 468 summam
368 440 486 467 radicem
514 440 616 467 addito.
646 439 745 467 Totum
773 440 870 468 deinde
889 440 991 475 partire

210 494 257 522 per
270 485 304 512 29
322 486 382 521 1/2,
392 485 544 515 residuum.
561 486 618 513 sive
630 485 664 512 29
683 485 743 522 1/2,
757 494 804 513 seu
820 486 910 514 minus
929 485 989 513 fue-

209 532 257 564 rit,
278 535 385 559 aetatem
411 531 521 559 exhibet
542 531 622 560 lunae.
640 531 724 566 igitur
751 532 774 559 si
804 531 838 558 ab
859 531 990 559 Januario

208 578 343 605 calculum
362 578 470 613 incipis,
487 581 513 605 et
533 577 680 606 bissextilis
703 578 863 610 intercedat,
883 578 989 612 sesqui-

207 624 278 651 dicm
292 632 324 651 ex
337 624 384 651 illo
394 627 532 659 sumptum
546 623 658 658 adjicies
669 631 717 659 per
731 631 830 650 annum
841 624 987 659 integrum,

207 671 259 698 hoc
273 674 315 698 est
329 678 415 705 usque
433 669 466 696 ad
486 670 674 705 insequentem
693 669 861 697 Ianuarium.
874 669 903 696 In
916 677 988 697 anno

205 715 343 744 communi
358 716 482 743 eumdem
503 723 589 751 usque
609 715 642 742 ad
665 713 806 742 Februarii
823 715 903 743 linem
915 715 986 742 dun-

206 765 281 789 taxat
305 768 439 793 assumes,
462 768 550 796 eoque
574 763 713 788 transacto
741 760 835 788 ambos
865 760 985 788 omitIes.

205 807 309 842 Quippe
323 806 457 834 defectum
473 807 556 834 unius
575 806 690 834 alterius
711 806 892 834 redundantia
909 813 987 833 com-

205 857 310 890 pensat.
326 852 460 888 Deinceps
472 860 536 888 ergo
552 852 586 880 ab
603 852 649 880 illa
663 852 866 880 contributione
877 854 986 879 manent

204 887 337 926 immunes
349 899 386 925 illi
401 887 456 926 duo
470 906 580 934 menses
593 906 680 933 u5que
691 898 725 925 ad
737 905 824 926 annos
837 901 893 925 tres
905 897 984 924 abso-
1001 887 1022 915 Β

204 945 285 977 lutos,
298 945 349 972 hoc
361 947 403 972 est
418 951 505 979 usque
520 945 553 972 ad
569 944 737 972 bissextiiem
748 943 872 970 alterum.
886 942 985 976 Quam-

202 990 295 1018 obrem
317 989 485 1017 transcensis
502 989 574 1021 istis,
596 989 635 1016 uti
660 988 764 1016 dictum
782 991 835 1020 est,
852 987 947 1023 incipit
969 995 984 1014 a

202 1035 310 1067 Martio.
329 1039 367 1068 et,
391 1039 420 1062 ut
439 1035 667 1071 praeseripsimus,
683 1033 742 1062 dies
766 1033 826 1061 illos
843 1033 936 1068 accipe
951 1033 983 1060 ad

202 1089 265 1109 eum
278 1088 365 1116 usque
375 1081 421 1115 qui
434 1081 606 1116 proponitur.

1043 261 1089 287 καὶ
1110 261 1259 297 ἀρχόμενος
1272 262 1325 288 ἀπὸ
1350 261 1397 288 τοῦ
1425 261 1606 298 Ίανουαρίου,
1630 261 1754 297 λάμϐανε
1779 262 1828 296 ἀφ’

1042 308 1156 334 ἑκάστου
1171 307 1265 343 μηνὸς,
1291 307 1344 335 ἀπὸ
1370 308 1419 343 μὲν
1439 308 1493 335 τῶν
1513 308 1629 343 ἐχόντων
1646 308 1686 334 λα’
1707 308 1827 344 ἡμέρας,

1041 356 1064 379 α’
1077 354 1122 380 καὶ
1133 353 1175 386 S”,
1189 353 1243 379 ἀπὸ
1259 354 1287 380 δὲ
1297 354 1351 380 τῶν
1367 354 1400 384 λ’.
1416 354 1459 381 S".
1469 354 1522 380 Τοῦ
1540 354 1631 389 μέντοι
1646 354 1741 389 μηνὸς,
1759 354 1789 380 έν

1040 399 1089 434 τὴν
1105 397 1219 434 ζήτησιν
1233 400 1295 434 ποιῇ
1310 399 1363 425 τῶν
1378 399 1487 435 ἡμερῶν
1503 399 1552 434 τῆς
1568 399 1694 434 σελήνης,
1707 399 1828 432 εἰσάξεις

1040 444 1124 476 αὐτὰς
1133 444 1250 476 ὲκείνας,
1264 445 1327 476 ὅσας
1338 445 1403 480 ἔχει,
1415 444 1564 480 ἀρξάμενος
1577 445 1657 480 μέχρι
1668 445 1717 480 τῆς
1728 445 1827 480 ζητου-

1042 490 1124 525 μένης
1140 490 1257 526 ἡμέρας.
1277 491 1325 522 “Ac
1337 491 1427 522 πάσας
1442 491 1561 524 συνάψας
1581 490 1619 526 τῷ
1634 490 1763 526 θεμελίῳ,
1779 491 1827 517 τὸν

1040 535 1170 569 γεγονότα
1203 535 1318 571 ἀριθμὸν
1345 535 1426 570 ὓφελε
1449 536 1494 561 ἐπὶ
1518 536 1572 562 τῶν
1595 535 1637 562 κθ¹
1656 535 1700 567 S",
1722 536 1768 562 καὶ
1792 535 1827 562 τὰ

1041 580 1155 615 μένοντα
1170 579 1272 606 τούτων
1284 579 1416 611 κάτωθεν,
1434 580 1450 616 ἢ
1466 580 1512 607 καὶ
1528 581 1625 616 μέχρις
1640 581 1742 614 αὐτῶν,
1755 582 1826 607 εἰσὶν

1038 626 1067 652 αἰ
1076 625 1130 652 ἀπὸ
1137 625 1187 660 τῆς
1203 627 1354 661 γεννήσεως
1362 626 1447 661 αὐτῆς
1462 626 1572 662 ἡμέραι.
1591 627 1754 662 Ἀρχόμενος
1766 626 1824 660 οὖν,

1038 668 1076 700 ὡς
1089 668 1207 704 εἴρηται,
1223 669 1277 695 ἀπὸ
1290 669 1336 695 τοῦ
1357 670 1529 706 Ἰανουαρίου,
1543 671 1566 697 εί
1583 671 1632 706 μὲν
1647 671 1686 698 ἔνι
1699 673 1714 698 6
1730 672 1825 707 χρόνος

1039 713 1169 748 βίσεξτος,
1188 714 1282 749 εἴσαγε
1297 714 1346 751 τὴν
1359 715 1388 748 ἐξ
1420 714 1501 742 αὐτοῦ
1518 716 1727 753 λαμϐανομένην
1753 718 1818 753 μίαν

1037 761 1121 796 ἥμισυ
1136 760 1243 796 ἡμέραν
1260 761 1321 788 καθ’
1335 761 1394 789 ὅλον
1409 762 1454 788 τὸν
1471 763 1602 792 ἐνιαυτὸν,
1617 764 1701 799 ἤγουν
1727 764 1824 800 μέχρις

1037 807 1070 833 ἂν
1083 807 1189 843 φθάσῃς
1200 807 1248 843 τὴν
1264 807 1350 843 ἀρχὴν
1366 807 1412 834 τοῦ
1429 809 1469 840 εἰς
1483 809 1512 835 τὸ
1534 810 1608 836 ἐπιὸν
1625 809 1685 841 ἔτος
1705 799 1824 836 Ἰανουαέ

1038 851 1105 888 ρίου·
1121 852 1145 879 εἰ
1163 852 1186 878 δ’
1206 852 1255 879 οὐκ
1267 852 1323 878 ἔστι
1335 852 1463 887 βίσεξτος,
1477 853 1597 889 λάμὸανε
1610 854 1713 889 ταύτην
1726 854 1825 890 μέχρις

1037 897 1070 924 ἂν
1081 897 1210 933 πληρώσῃ
1223 898 1244 914 ¹⁸
1261 898 1275 924 6
1293 898 1474 934 Φεὸρουάριος
1488 899 1533 925 καὶ
1547 899 1638 933 μόνον,
1654 899 1700 925 καὶ
1712 899 1784 933 μετὰ
1794 897 1824 925 τὸ

1037 941 1215 978 πληρωθῆναι
1237 942 1316 968 αὐτὸν
1336 942 1524 978 καταλίμπανε
1543 943 1724 978 ἀμφοτέρους.
1744 944 1825 978 Λαμ-

1038 988 1113 1015 σάνει
1126 987 1179 1022 γὰρ
1190 987 1239 1022 τὴν
1254 987 1299 1014 τοῦ
1321 987 1380 1019 ἐνὸς
1399 988 1556 1023 περισσείαν
1576 989 1592 1023 ὴ
1612 988 1726 1024 θατέρου
1742 988 1825 1015 ὑστέ-

1039 1041 1126 1069 ρησις.
1142 1031 1296 1058 Κάντεῦθεν
1315 1032 1425 1067 μένουσι
1447 1033 1493 1059 καὶ
1510 1034 1534 1060 οἰ
1550 1034 1597 1060 δύο
1620 1035 1778 1066 ἀσυπελείς
1795 1036 1825 1061 ὲν

1038 1080 1070 1114 τῇ
1085 1077 1197 1113 τοιαύτῃ
1213 1079 1377 1114 συνεισφορᾷ
1397 1078 1475 1115 μέχρι
1495 1079 1718 1116 συμπληρώσεως
1733 1081 1825 1107 ἐνιαυ-

201 1126 256 1153 τῶν
269 1126 366 1162 τριῶν·
383 1127 465 1162 ἦγουν
479 1125 573 1162 μέχρις
592 1125 624 1152 ἂν
635 1125 747 1161 γένηται
765 1125 846 1153 πάλιν
861 1126 876 1152 6
890 1125 985 1161 χρόνος
1003 1125 1133 1161 βίσεξτος.
1155 1124 1271 1156 Τούτους
1295 1123 1341 1152 οὖν
1353 1126 1534 1161 ὑπερϐαίνων,
1546 1127 1584 1158 ὡς
1599 1127 1717 1163 εἴρηται,
1736 1127 1824 1162 ἄρχου

201 1172 255 1200 ἀπὸ
277 1171 324 1199 τοῦ
358 1171 495 1208 Μαρτίου,
511 1171 656 1207 λαμϐάνων
677 1171 726 1204 τὰς
755 1171 948 1206 διαληφθείσας
980 1172 1086 1208 ἡμέρας
1110 1171 1154 1198 τὸν
1179 1172 1322 1207 εἰρημένον
1347 1172 1466 1208 τρόπον,
1492 1172 1572 1208 ἄχρις
1592 1173 1625 1200 ἂν
1645 1174 1752 1209 cedam
1772 1173 1823 1208 τὴν

201 1219 369 1255 ζητουμένην
382 1218 498 1255 ἡμέραν.

235 1265 324 1301 Atque
344 1271 373 1294 ut
389 1273 433 1294 res
451 1269 508 1293 tota
531 1265 577 1293 liat
603 1266 728 1301 exemplo
749 1266 841 1301 aliquo
867 1266 982 1298 clarior,

200 1317 338 1347 quaeratur
355 1312 405 1340 hoc
421 1319 503 1345 anno,
516 1311 563 1347 qui
577 1316 619 1340 est
629 1312 710 1347 6885,
724 1316 790 1348 quot
801 1312 906 1340 dierum
920 1312 983 1339 luna

200 1356 309 1385 sitMaii
324 1358 464 1386 vicesimo.
483 1357 604 1385 Primum
626 1357 745 1386 radicem
769 1359 853 1390 illius.
870 1358 922 1386 hoc
941 1362 984 1385 est

199 1411 247 1436 xx,
272 1403 431 1432 sumimus:
455 1411 488 1431 ac
513 1403 706 1439 praetermissis
731 1403 863 1432 Januario
885 1408 911 1432 et
937 1403 985 1432 Fe-

200 1450 321 1486 bruario,
341 1453 371 1477 ut
391 1449 438 1485 qui
455 1449 523 1477 nihil
540 1451 651 1478 omnino
665 1450 818 1483 conferant,
835 1450 983 1486 incipimus

1071 1264 1129 1292 Ἴνα
1142 1265 1170 1291 δὲ
1185 1265 1232 1291 καὶ
1249 1264 1283 1291 δι’
1301 1264 1497 1300 ὑποδείγματος
1512 1266 1678 1302 σαφέστερον
1695 1267 1726 1294 τὸ
1743 1268 1822 1303 λεγό-

1035 1320 1115 1347 μενον
1127 1311 1249 1346 γένηται,
1266 1310 1366 1337 κείσθω
1381 1310 1472 1346 ζητεῖν
1494 1311 1567 1346 ἡμᾶς
1583 1311 1653 1338 κατά
1668 1313 1698 1339 τὸ
1712 1314 1820 1340 ἐνιστά-

1035 1365 1114 1391 μενον
1125 1359 1219 1389 ,ςωπέ
1229 1356 1287 1388 ἔτος
1300 1356 1390 1383 πόσων
1398 1356 1509 1392 ἡμερῶν
1524 1358 1596 1384 ἐστιν
1610 1358 1624 1392 ἡ
1640 1358 1739 1393 σελήνη
1750 1359 1822 1386 κατά

1033 1403 1081 1438 τὴν
1096 1405 1120 1429 χ’
1136 1402 1181 1429 τοῦ
1198 1402 1297 1429 Μαῖου.
1319 1401 1490 1438 Κρατοῦντες
1503 1400 1549 1429 οὖν
1564 1403 1609 1430 τὸν
1630 1403 1755 1439 θεμέλιον
1771 1406 1822 1432 αὑ-

1034 1447 1095 1482 τῆς,
1114 1450 1138 1473 κ’
1164 1446 1336 1482 ὑπάρχοντα,
1353 1446 1558 1482 παρατρέχομεν
1584 1447 1630 1474 τόν
1649 1456 1678 1474 τε
1702 1448 1821 1476 Ἰανουά-

199 1503 214 1522 a
227 1495 333 1527 Martio,
351 1496 384 1523 de
406 1503 460 1531 quo
484 1495 556 1523 diem
582 1496 596 1523 1
617 1496 670 1531 1/2
699 1496 881 1532 capimus,ex
897 1495 980 1531 Aprili

1037 1501 1093 1529 ριον
1112 1493 1159 1519 καὶ
1174 1492 1220 1520 τὴν
1234 1492 1423 1528 Φεϐρουάριον,
1435 1493 1474 1525 ὡς
1490 1494 1526 1529 μὴ
1542 1493 1653 1529 ἔχοντας
1666 1495 1822 1530 εἰσενέγκαι

200 1541 262 1577 1/2,
274 1541 319 1576 qui
337 1540 396 1568 dies
413 1548 474 1568 cum
491 1541 566 1569 boris
581 1541 615 1568 ad
630 1549 665 1568 xx
680 1542 800 1570 radicem
817 1541 912 1573 additi,
928 1548 980 1568 una

1034 1547 1071 1565 τι.
1096 1538 1253 1574 Ἀρχόμενοι
1282 1538 1309 1564 δὲ
1335 1537 1389 1564 ἀπὸ
1417 1538 1462 1564 τοῦ
1489 1539 1613 1575 Μαρτίου
1644 1539 1822 1577 λαμϐάνομεν

199 1594 261 1614 cum
278 1594 314 1614 xx
337 1586 433 1614 diebus
450 1585 522 1618 Maii,
539 1586 688 1614 conficiunt
716 1587 786 1614 duos
805 1590 832 1614 et
860 1585 980 1621 quadra-

1034 1583 1126 1610 τούτου
1155 1583 1217 1619 μίαν
1231 1583 1333 1618 ἥμισυ,
1361 1582 1466 1609 καὶτοῦ
1485 1584 1622 1619 ’Δπριλίου
1643 1585 1748 1620 ἥμισυ,
1770 1586 1818 1615 αἶ.

198 1632 283 1668 ginta.
300 1631 429 1660 Deductis
444 1640 509 1668 ergo
521 1640 584 1660 xnx
599 1633 661 1668 1/2,
671 1633 865 1668 relinquuntur
877 1639 914 1659 xII
927 1631 980 1666 1/2

1034 1629 1103 1664 μετά
1114 1628 1166 1655 τῶν
1179 1631 1202 1655 κ’
1217 1627 1263 1655 τοῦ
1276 1628 1400 1663 θεμελίου
1414 1628 1634 1664 προστιθέμεναι,
1657 1631 1748 1658 καὶαι
1769 1631 1819 1658 τοῦ

198 1677 267 1706 dies.
283 1676 366 1713 Igitur
377 1677 507 1705 vicesimo
522 1677 565 1706 die
575 1677 636 1705 Maii
651 1682 758 1706 aetatem
773 1678 845 1706 luna:
859 1677 978 1705 dicimus

1034 1675 1119 1702 Μαΐου
1134 1678 1169 1705 κ’,
1189 1674 1308 1708 γίνονται
1332 1674 1384 1709 μ6’.
1402 1674 1625 1710 Ἐκὸεὸλημένων
1639 1674 1686 1702 οὖν
1702 1677 1758 1704 τῶν
1776 1678 1819 1705 κδ’

195 1730 258 1751 esse
272 1723 376 1750 dierum
395 1731 433 1751 xII
446 1723 505 1759 1/2.

1032 1720 1064 1748 S"
1081 1719 1207 1756 ἡμερῶν,
1231 1719 1446 1755 κατελείφθησαν
1463 1720 1510 1747 καὶ
1531 1721 1563 1747 ιθ
1582 1720 1615 1748 S”
1633 1722 1747 1758 ἡμέραι.
1766 1724 1819 1750 Λέ-

196 1779 280 1807 γομεν
307 1769 353 1798 οὖν
373 1769 442 1798 εἶναι
465 1772 515 1808 τὴν
539 1771 652 1808 σελήνην
665 1771 736 1799 κατά
757 1771 806 1808 τὴν
833 1771 981 1808 εἰρημένην
995 1768 1017 1797 ι(
1033 1768 1080 1796 τοῦ
1097 1767 1184 1794 Μαΐου
1205 1767 1289 1803 μηνὸς
1306 1767 1339 1793 ιϐ’
1353 1768 1438 1803 ἥμισυ
1451 1768 1572 1804 ἡμερῶν.

197 1836 267 1868 Quot
286 1834 365 1862 horas
381 1836 444 1862 luna
467 1835 585 1876 singulis
601 1835 720 1876 noctibus
735 1835 834 1868 luceat,
848 1836 977 1871 quomodo

477 1877 559 1907 ροεειι
576 1879 696 1897 uwemrt.

231 1914 288 1943 VII.
304 1914 381 1943 Scire
402 1914 517 1952 forsitan
532 1915 651 1950 cupienti
665 1915 714 1943 tibi
729 1921 796 1950 quot
809 1915 891 1944 horas
911 1916 975 1944 luna

196 1965 258 1996 post
271 1968 399 1996 vesperae
417 1960 541 1996 singulas
562 1968 702 1993 crescens.
720 1960 918 1989 decrescensve
934 1961 974 1989 lu-

194 2010 266 2038 ceat,
283 2005 334 2034 hoc
345 2005 468 2041 impigre,
484 2013 534 2033 nec
546 2005 700 2041 importune
717 2006 765 2033 tibi
778 2009 853 2033 certa
870 2006 976 2034 ratione

194 2051 453 2079 demonstrabimus.
473 2050 560 2085 Luna,
575 2056 719 2087 postquam
737 2056 800 2079 nata
811 2058 864 2085 est.
877 2052 976 2080 crescit

194 2098 228 2125 ad
251 2105 286 2125 xv
312 2097 389 2131 dies;
415 2104 447 2124 ac
468 2096 580 2125 totidem
601 2098 664 2132 plus
696 2097 787 2125 minus
808 2098 889 2133 pleno
910 2098 977 2125 orbe

195 2145 276 2171 lucet.
293 2142 357 2171 Inde
378 2144 509 2179 paulatim
530 2143 564 2171 ad
585 2143 755 2171 tricesimum
772 2151 859 2179 usque
881 2143 977 2171 decre-

194 2189 256 2220 scit,
272 2196 327 2224 quo
342 2189 386 2216 die
401 2190 509 2224 penitus
524 2189 584 2217 luce
598 2189 704 2216 defecta
718 2197 815 2216 rursus
834 2189 911 2216 nasci
925 2196 975 2216 no-

1031 1834 1125 1865 ὐπως
1140 1832 1188 1860 δεῖ
1200 1833 1439 1871 εὑρίσκειτὶκ-αι.
1451 1834 1549 1871 πόσας
1565 1833 1643 1871 ὠρας
1659 1835 1679 1868 ἠ
1696 1836 1816 1871 (ravim

1162 1869 1297 1902 φαίνεται
1310 1869 1373 1894 καθ’
1387 1867 1520 1902 ἑκάστην
1536 1867 1679 1903 ἑσπέρανζ

1064 1913 1100 1940 Ζ’.
1123 1912 1252 1941 Ποθοῦντί
1285 1922 1324 1940 σοι
1361 1912 1383 1939 δ’
1417 1913 1481 1945 ἴσως
1515 1914 1613 1941 εἰδέναι
1639 1915 1687 1942 καὶ
1730 1916 1818 1947 πόσας

1028 1958 1103 1996 ὥρας
1121 1961 1138 1995 ἡ
1156 1959 1252 1994 σελήνη
1267 1959 1356 1994 φαίνει
1377 1959 1438 1986 καθ’
1458 1960 1576 1995 ἑκάστην
1600 1960 1721 1997 ἑσπέραν
1736 1963 1816 1996 αὐξο-

1030 2006 1099 2041 μένη
1114 2014 1143 2032 τε
1157 2005 1203 2032 καὶ
1217 2005 1374 2041 μειουμένη,
1389 2006 1438 2033 οὐκ
1455 2007 1547 2042 ἀργῶς
1565 2007 1619 2033 οὐδ’
1633 2007 1758 2043 ἀκαίρως
1774 2018 1814 2035 σοι

1025 2051 1072 2077 καὶ
1082 2051 1127 2078 τὸν
1140 2051 1202 2087 περὶ
1214 2051 1308 2077 τούτου
1321 2050 1399 2085 λόγον
1416 2051 1578 2087 ὲκθήσομεν.
1587 2052 1618 2078 Ἡ
1630 2052 1730 2089 σελήνη
1746 2055 1816 2088 μετὰ

1024 2096 1054 2123 τὺ
1068 2096 1230 2132 γεννηθῆναι
1247 2096 1355 2129 αὐξάνει
1375 2096 1422 2132 μὲν
1441 2097 1520 2132 μέχρι
1533 2099 1582 2133 τῆς
1594 2097 1624 2124 ιε’
1639 2098 1764 2134 ἡμέρας
1780 2097 1815 2135 ἧς

1025 2143 1100 2174 me;
1110 2143 1155 2169 ἐπί
1163 2151 1192 2170 τε
1205 2142 1235 2169 τὸ
1243 2141 1323 2169 πλέον
1334 2145 1381 2169 καὶ
1387 2142 1418 2169 τὸ
1425 2142 1534 2169 ἔλαττον
1545 2143 1648 2176 γίνεται
1663 2145 1710 2171 καὶ
1723 2146 1741 2180 ἡ
1752 2145 1814 2172 ταύ-

1025 2196 1074 2222 της
1083 2188 1223 2223 ἀπόχυσις.
1233 2187 1298 2214 ’Λπὺ
1309 2187 1409 2222 ταύτης
1419 2187 1440 2213 δ’
1451 2187 1563 2223 ἄρχεται
1577 2188 1720 2223 μειοῦσθαι
1732 2190 1815 2226 μέχρι

194 2242 226 2261 va
247 2235 352 2269 incipit.
370 2234 454 2270 Igitur
481 2234 636 2270 quindecim
669 2234 723 2262 illis
749 2234 910 2262 incrementi
931 2234 972 2262 sui

1034 2233 1077 2268 τῆς
1093 2233 1124 2265 λ’,
1140 2233 1199 2260 καθ’
1215 2233 1247 2268 ἢν
1262 2232 1426 2259 ἐκλείπουσα
1440 2232 1559 2265 τελείως,
1578 2234 1718 2269 ἀρχομένη
1732 2236 1814 2262 πάλιν

194 2280 301 2313 diebus,
325 2280 376 2308 sub
395 2280 511 2315 primam
529 2287 669 2315 vesperam
695 2279 833 2315 scrupulis
855 2283 976 2314 quatuor

196 2327 267 2353 lucet
297 2333 304 2352 :
333 2325 384 2352 sub
413 2325 570 2358 secundam,
599 2333 665 2358 VIII;
691 2325 745 2353 sub
767 2324 888 2357 tertiam,
906 2332 972 2352 xu:

194 2376 276 2408 atque
289 2371 327 2398 ita
341 2371 470 2406 deinceps
481 2379 569 2406 usque
582 2371 617 2399 ad
633 2371 705 2400 diem
721 2379 766 2404 xv,
781 2370 819 2398 ita
834 2375 863 2398 ut
878 2371 972 2406 singu-

195 2417 226 2444 lae
242 2420 338 2444 noctes
350 2423 377 2443 Iv
391 2415 492 2443 addant
506 2417 645 2451 scrupula,
660 2416 816 2452 cuiusmodi
835 2416 863 2444 in
876 2416 972 2450 horam

193 2461 342 2497 quamlibet
354 2460 524 2495 imputantur
537 2468 564 2487 ν.
579 2461 672 2496 Itaque
685 2469 748 2489 eum
771 2461 805 2489 ad
826 2470 860 2489 xv
874 2469 973 2497 vespe'

193 2515 250 2536 ram
267 2507 435 2543 pervenerit,
453 2510 481 2533 ut
503 2505 581 2541 plena
597 2507 712 2540 dicatur,
726 2507 800 2542 quod
817 2512 883 2534 tunc
907 2508 973 2535 solis

193 2553 276 2581 radiis
299 2557 355 2582 tota
379 2552 555 2580 collustretur
565 2572 573 2583 ,
589 2553 717 2591 scrppula
737 2560 771 2580 ιι
787 2560 820 2581 ea
836 2556 916 2581 nocte
931 2553 974 2580 lu-

192 2603 244 2631 cet,
263 2606 323 2635 qua
349 2602 413 2626 sunt
431 2598 505 2625 hora:
528 2605 576 2626 xII.
605 2597 672 2625 Nam
693 2603 790 2634 quater
815 2598 971 2634 quindecim

192 2648 256 2671 sunt
267 2652 311 2678 ιι,
334 2647 361 2671 et
379 2643 526 2679 quinquies
550 2642 693 2670 duodecim
709 2642 801 2670 itidem
819 2651 864 2670 ις.
883 2643 973 2676 Quare

192 2690 217 2718 si
247 2697 329 2718 nosse
354 2690 431 2725 cupis
455 2693 521 2725 quot
543 2689 625 2716 horas
643 2688 757 2724 singulis
772 2689 899 2717 noctibus
911 2697 973 2716 cre-

191 2736 341 2764 scensluna
354 2735 522 2770 lueeat,vide
534 2740 601 2771 quot
613 2734 672 2763 dies
686 2739 752 2764 aetas
763 2735 836 2763 illius
853 2735 970 2771 habeat;

230 2845 251 2862 η
264 2847 284 2880 ί.
299 2845 440 2882 πληρωθῇ.

1028 2279 1155 2313 γεννᾶται
1178 2279 1234 2306 νέα.
1262 2279 1306 2305 Ἐν
1326 2280 1385 2310 ταῖς
1398 2278 1558 2314 εἰρημέναις
1580 2277 1626 2306 οὖν
1640 2280 1672 2306 ιε’
1693 2281 1814 2316 ἡμέραις

1027 2325 1076 2361 τῆς
1090 2324 1228 2359 αὐξήσεως
1245 2324 1330 2360 αὐτῆς
1346 2324 1447 2359 λάμπει
1467 2325 1516 2360 τὴν
1531 2325 1579 2360 μὲν
1603 2325 1716 2361 πρώτην
1732 2327 1814 2353 ἑσπέ-

1029 2379 1078 2407 ραν
1093 2370 1179 2397 λεπτὰ
1191 2370 1223 2402 δ’,
1239 2370 1287 2405 τὴν
1303 2370 1331 2397 δὲ
1346 2370 1474 2406 δευτέραν
1490 2370 1526 2406 η’,
1539 2371 1588 2406 τὴν
1606 2371 1635 2397 δὲ
1649 2371 1749 2407 τρίτην
1761 2373 1812 2398 t6"

1027 2418 1074 2444 καὶ
1082 2418 1196 2453 καθεξῆς
1204 2418 1303 2453 ὁμοίως
1311 2417 1390 2452 μέχρι
1399 2417 1452 2444 τῶν
1465 2417 1505 2449 ιε’,
1512 2417 1736 2454 προστιθεμένων
1745 2419 1811 2454 uiti

1027 2463 1088 2491 καθ’
1113 2463 1231 2498 ἑκάστην
1247 2462 1365 2498 ἑσπέραν
1387 2462 1492 2489 λεπτῶν
1506 2463 1539 2494 δ’,
1559 2463 1576 2490 ἃ
1596 2463 1629 2499 δὴ
1643 2463 1733 2491 λετττά
1759 2466 1813 2492 εἱσ-

1028 2509 1136 2543 άγονται
1153 2509 1182 2534 ὲν
1197 2509 1247 2544 μιᾷ
1261 2508 1362 2543 ἑκάστῃ
1373 2508 1432 2544 ὥρᾳ.
1445 2508 1476 2536 ε’.
1490 2507 1618 2535 Φθάσασα
1632 2509 1700 2543 γοῦν
1717 2510 1769 2546 τὴν
1783 2510 1812 2536 ιε’

1027 2554 1223 2589 έσπέραν.ἥτις
1238 2553 1288 2579 καῖ
1300 2552 1466 2587 πανσέληνος
1478 2553 1609 2585 καλεῖται,
1619 2553 1665 2580 διὰ
1679 2555 1711 2581 τὺ
1725 2556 1812 2582 πᾶσαν

1027 2599 1092 2635 παρ’
1105 2600 1189 2634 αὐτῆς
1205 2598 1379 2633 φωτίζεσθαι,
1393 2598 1496 2634 λάμπει
1520 2599 1589 2626 κατά
1604 2600 1711 2636 ταύτην
1728 2601 1811 2628 λεπτά

1024 2645 1058 2678 ξ’,
1072 2645 1155 2680 ἤγουν
1173 2644 1246 2680 ὧρας
1263 2643 1307 2671 ιϐ’.
1323 2644 1456 2679 Τετράκις
1467 2644 1521 2680 γάρ
1543 2645 1577 2671 τὰ
1597 2643 1627 2671 ιε’
1642 2645 1664 2678 ξ’
1680 2647 1810 2680 γίνονται.

1024 2690 1072 2717 καὶ
1085 2690 1216 2722 πεντάκις
1227 2689 1261 2716 τὰ
1276 2689 1309 2716 ι6¹
1325 2690 1405 2716 πάλιν
1415 2689 1446 2723 ξ’.
1459 2690 1490 2717 Ei
1503 2688 1548 2716 οὖν
1561 2690 1652 2725 βούλει
1666 2693 1811 2725 γινώσκειν

1024 2736 1110 2768 πόσας
1118 2735 1192 2772 ὥρας
1205 2735 1295 2770 φαίνει
1303 2735 1364 2762 καθ’
1375 2735 1493 2762 ὲκάσττλν
1500 2735 1619 2771 ἑσπέραν
1629 2737 1810 2773 αὐξανομένη,
