1900 3137
160 166 170 194 l
177 166 229 194 527

651 161 694 188 AD
713 159 848 189 EUSEBII
867 157 1065 186 CHRONICON
1086 157 1197 185 APPEN
1206 158 1270 186 [ΠΧ.

1712 157 1781 184 5:28

160 223 303 252 duodecnu
325 222 471 257 partimur,
493 220 600 256 quoties
622 223 664 247 est
683 219 700 245 Δ
724 219 786 254 5ί1ο.
813 217 936 245 Totidem

1009 217 1037 243 αὶ
1054 217 1149 252 ἀνήκει
1173 217 1264 248 αὐτοῖς
1286 216 1306 243 δ’
1329 217 1375 243 καὶ
1402 216 1538 252 δίμοιρον·
1563 216 1637 251 ἅπερ
1662 215 1732 242 εἰσὶν
1755 219 1781 242 αἱ

161 271 228 298 ﬁunt
255 269 329 296 horae
351 272 468 303 quatuor
492 273 642 293 convcrsze.
672 263 726 292 Sed
748 264 781 292 de
809 263 852 291 his
880 263 945 290 hac-

161 322 252 345 tenus.
285 323 287 326 ’

246 371 382 406 Quomodo
399 369 580 398 inveniendum
596 369 630 396 sit
644 369 726 404 legale
738 367 853 395 Pascha.

200 427 265 454 Vlll.
299 425 535 460 Carnisprivium,
562 425 650 460 legale
675 423 800 455 Pascha,
821 427 944 451 sanctum

162 474 265 501 Pascha
286 472 517 504 Christianorum,
535 471 638 506 jejunia
656 475 813 498 sanctorum
834 473 945 504 aposto-

163 521 250 547 lorum
269 519 320 545 hoc
342 518 422 545 modo
438 518 567 552 reperies.
581 517 664 544 Lume
681 516 816 549 radicem,
835 515 887 557 hoc
905 519 947 542 est

162 570 297 600 epactam,
307 572 368 600 qua:
380 565 407 591 in
419 571 502 591 cursu
517 567 570 596 est,
582 571 629 598 per
640 562 766 589 undecim
779 561 946 595 multiplica;

162 619 275 640 sun-tmte
285 611 353 638 adde
372 619 419 638 sex
435 610 504 641 dies.
520 609 649 636 nimirum
666 613 801 643 tres,quaz
809 615 841 634 ex
853 611 946 642 postea

163 662 313 686 memorato
347 656 584 692 sesquiscrupnli.
620 663 651 683 ac
681 657 781 682 triente
807 655 946 686 conliunt,

163 712 223 739 qua:
239 711 321 739 supra
337 704 395 731 dies
409 703 444 730 29
462 703 512 737 1/2
528 706 698 730 menstruum
717 702 787 729 lume
802 701 947 728 circuitum

163 751 264 777 habere
286 748 550 782 demonstravimus;
570 752 626 775 tres
642 748 704 775 item
723 748 790 775 alias
812 748 845 774 ad
868 747 948 782 quin-

163 796 360 830 quagenariuxn
389 794 552 830 explendum
581 800 735 820 numerum.
763 792 784 818 A
813 800 887 824 xvu,
917 798 949 818 ac

165 841 293 876 deinceps
312 848 361 876 pro
385 841 474 868 tribus
500 839 568 867 adde
594 842 729 874 quatuor;
758 837 830 872 quod
859 836 949 871 major

166 887 273 914 illorum
289 887 386 914 modus
399 887 426 913 in
441 886 475 913 iis
489 886 615 913 exsistat.
641 884 696 911 llas
711 884 770 911 dies
786 883 917 918 adiunges
934 889 948 909 a

165 923 252 969 primo
263 934 340 968 cyclo
351 933 382 960 ad
395 933 528 967 integrum
542 931 676 962 decimum
688 934 804 958 sextum.
820 929 848 957 In
860 929 949 957 tribus

166 979 278 1014 reliquis
298 987 346 1014 pro
358 979 447 1005 tribus
462 977 546 1004 addes
560 982 673 1012 septem.
686 976 724 1003 De
738 983 845 1003 sununa
861 975 949 1007 aufer,

165 1024 255 1061 quoad
274 1029 360 1060 potes,
377 1024 500 1058 triginta.
519 1022 650 1054 Residuo,
672 1021 745 1055 quod
759 1024 802 1048 est
817 1020 888 1047 infra
902 1020 950 1047 tri-

167 1071 253 1106 ginta,
273 1070 356 1097 ducto
372 1070 450 1096 initio
465 1069 499 1096 ab
520 1068 634 1098 Martio.
658 1067 726 1094 adde
741 1071 806 1102 quot
826 1067 877 1093 erit
904 1073 946 1092 ne-

167 1124 245 1144 cesse
257 1116 326 1147 dies,
347 1115 433 1142 donec
447 1114 645 1149 quinquaginta
663 1113 812 1147 compleas.
834 1110 862 1138 Si
880 1111 951 1138 Mar-

167 1163 222 1189 tius
239 1169 293 1188 non
318 1160 450 1193 sulliciat,
472 1159 592 1195 reliquas
610 1158 668 1186 dies
691 1166 722 1185 ex
739 1157 823 1192 Aprili
842 1157 950 1189 snﬂiee;

167 1207 254 1234 donec
275 1213 426 1237 summam,
443 1212 525 1240 quam
541 1203 597 1230 dixi
608 1223 616 1234 .
632 1203 829 1238 quinquaginta
845 1201 952 1228 dierum

167 1253 278 1281 eiiicias.
302 1251 340 1279 Ea
360 1251 515 1286 ubicunque
542 1251 669 1283 desierit;
690 1253 753 1284 puta
775 1249 801 1275 in
819 1248 889 1275 hanc
907 1250 953 1274 aut

168 1299 243 1326 illam
264 1297 364 1328 Martii.
380 1297 423 1323 vel
447 1295 549 1331 Aprilis
571 1294 655 1326 diem,
674 1294 701 1321 in
719 1293 952 1323 eamJudaicum,

169 1344 253 1379 legale
271 1343 342 1371 scito
363 1341 468 1370 Pascha
484 1342 640 1369 convenire.
656 1340 742 1377 Cujus
757 1340 851 1368 feriam
867 1349 900 1369 ex
922 1348 953 1368 ea

169 1389 308 1423 methodo,
322 1397 402 1424 quam
427 1396 509 1424 supra
533 1388 736 1423 proposuimus,
753 1387 797 1414 ubi
822 1387 952 1422 reperies,

169 1436 294 1471 proxime
317 1438 448 1470 sequente
470 1433 609 1460 Dominica
631 1433 753 1468 ejusdem
779 1433 954 1460 hebdomada:

171 1483 279 1509 noveris
296 1485 420 1509 sanctum
443 1480 663 1507 Christianorum
685 1479 789 1507 Pascha
811 1479 953 1507 celebrari.

171 1528 229 1561 Qua
250 1536 279 1555 re
308 1531 461 1562 comperta,
491 1526 543 1553 tria
569 1526 716 1561 quotannis
737 1526 839 1554 addens
866 1530 955 1561 quota:

997 263 1206 298 μεταϐληθείσαι
1224 259 1293 298 ὧραι
1318 263 1349 295 δ’,
1375 264 1510 296 γεγονυῖαι
1535 262 1556 288 δ’
1576 262 1622 289 καὶ
1645 261 1781 296 δίμοιρον.

996 308 1050 335 Καὶ
1061 309 1126 344 περὶ
1142 309 1190 344 μὲν
1204 308 1305 335 τούτων
1317 309 1364 335 ἐπὶ
1375 307 1510 335 τοσοῦτον.

1060 364 1159 397 Ὅπως
1177 365 1224 392 δεῖ
1235 366 1388 399 εὑρίσκειν
1402 364 1434 391 τὸ
1451 364 1576 399 νομικὸν
1590 364 1712 398 Πάσχα.

1031 421 1134 458 Η¹.Τὴν
1147 421 1176 448 δέ
1187 431 1218 456 γε
1233 422 1382 458 "art/mpm,
1394 422 1424 448 τὸ
1436 421 1547 457 νομικὸν
1562 422 1670 457 Πάσχα,
1683 421 1715 447 τὸ
1730 421 1784 447 τῶν

996 467 1166 504 Χριστιανῶν
1179 468 1256 502 ἇγιον
1271 468 1378 503 Πάσχα,
1397 468 1444 494 καὶ
1460 468 1508 500 τὰς
1524 468 1572 503 τῆς
1586 468 1715 503 νηστείας
1731 468 1785 494 τῶν

997 514 1082 548 ἁγίων
1099 513 1254 540 ἀποστόλων
1270 513 1375 550 ἡμέρας
1390 515 1516 550 εὑρήσεις
1530 514 1615 546 οὕτως
1627 523 1634 528 ·
1656 514 1784 540 Ἕνδεκα-

997 561 1128 593 πλασίαζε
1147 561 1192 587 τὸν
1210 560 1344 587 ἐνεστῶτα
1366 561 1413 595 τῆς
1434 561 1549 596 σελήνης
1573 560 1702 596 θεμέλιον
1714 569 1720 576 ·
1739 560 1786 586 καὶ

997 608 1035 643 τῷ
1050 607 1172 642 γεγονότι
1189 607 1297 643 ἀριθμῷ
1320 605 1459 642 προστίθει
1483 607 1589 642 ἡμέρας
1605 606 1643 638 ς’,
1661 606 1713 638 τὰς
1737 607 1785 641 μὲν

997 654 1021 688 γ’
1035 653 1083 685 τὰς
1097 653 1294 688 συνισταμένας
1307 654 1338 680 ὲκ
1348 652 1394 679 τοῦ
1407 652 1517 679 ὄπισθεν
1528 652 1674 688 εἰρημένου
1687 651 1784 679 λεπτοῦ

999 699 1058 731 ἑνὸς
1071 700 1116 725 καὶ
1131 699 1253 734 ἡμίσεος,
1269 700 1315 725 καὶ
1331 698 1433 734 τρίτου,
1455 698 1524 735 ἆπερ
1538 698 1722 725 κατεπὲκεινα
1733 699 1785 724 τῶν

999 744 1040 771 κθ¹
1053 744 1085 771 S"
1098 744 1209 780 ἡμερῶν
1225 744 1293 779 ἔχων
1308 744 1440 770 δέδεικται
1450 743 1464 769 ό
1474 743 1524 778 τῆς
1534 743 1649 778 σελήνης
1662 745 1786 779 μηνιαῖος

999 790 1098 822 κύκλος
1109 799 1116 805 ο
1134 790 1183 821 τὰς
1201 789 1229 816 δὲ
1243 789 1339 824 ἐτέρας
1353 790 1378 824 γ’
1394 791 1434 822 είς
1450 790 1643 825 ἀναπλήρωσιν
1659 789 1707 816 τοῦ
1723 798 1786 816 πεν-

999 836 1132 873 τηκοστοῦ
1144 836 1271 872 ἀριθμοῦ.
1288 836 1353 863 Ἀπὸ
1361 836 1389 862 δὲ
1397 836 1444 863 τοῦ
1453 835 1486 868 ιζ’
1497 837 1543 863 καὶ
1554 836 1616 871 ἑξῆς
1626 836 1689 862 ἀντὶ
1699 836 1754 862 τῶν
1763 836 1788 870 γ

1001 883 1190 919 προστίθενται
1204 883 1225 909 δ’
1232 891 1238 898 ·
1257 882 1350 917 ἐπειδὴ
1362 882 1462 909 πλείων
1475 883 1490 918 ἡ
1503 882 1614 909 ἐκείνων
1627 883 1747 917 ποσότης
1758 883 1788 908 ὲν

1000 929 1103 961 τούτοις
1125 929 1278 963 συνάγεται.
1303 928 1408 960 Ταύτας
1427 928 1455 955 δὲ
1474 928 1637 964 προσθήσεις
1660 929 1715 955 ἀπὺ
1741 928 1789 955 τοῦ

1002 975 1110 1010 πρώτου
1127 975 1227 1001 κύκλου
1246 974 1342 1010 μέχρις
1357 975 1418 1001 ὅλου
1441 974 1488 1001 τοῦ
1507 975 1559 1007 Lg"
1577 972 1606 1001 ἐν
1619 975 1648 1001 δὲ
1663 976 1721 1006 τοῖς
1735 975 1790 1001 λοι-

1002 1022 1062 1052 ποῖς
1078 1021 1166 1056 τρισὶν
1179 1021 1239 1047 ἀντὶ
1251 1021 1304 1047 τῶν
1317 1020 1399 1056 τριῶν
1415 1021 1579 1057 προσθήσεις
1590 1021 1611 1053 ζ’
1623 1022 1655 1048 ¹⁷.
1673 1023 1731 1049 Καὶ
1744 1023 1790 1048 τὸν

1003 1067 1183 1102 συναγόμενον
1198 1066 1279 1101 iugalis
1295 1067 1370 1102 παρὰ
1386 1067 1431 1093 τὸν
1445 1067 1477 1099 λ’,
1490 1067 1585 1100 ὁσάκις
1607 1068 1739 1103 ἐγχωρεῖν
1754 1068 1790 1095 τὰ

1001 1112 1029 1139 δὲ
1053 1112 1272 1147 καταλειπόμενα
1299 1112 1420 1140 κάτωθεν
1444 1113 1498 1140 τῶν
1513 1113 1535 1140 λ’
1560 1114 1686 1149 κρατῶν,
1704 1115 1790 1149 ἄρχου

1002 1158 1057 1184 ἀπὸ
1072 1157 1118 1184 τοῦ
1147 1158 1286 1193 Μαρτίου,
1309 1158 1460 1185 ἐπιϐάλλων
1477 1159 1568 1191 αὐτοῖς
1593 1160 1701 1194 ἡμέρας
1725 1160 1791 1191 ὅσας

1002 1203 1095 1239 δεήσῃ,
1114 1203 1157 1230 ἵνα
1188 1203 1278 1240 σώσῃς
1290 1203 1322 1231 ν’.
1347 1204 1400 1230 Καὶ
1424 1205 1474 1231 οὐκ
1495 1205 1517 1220 ¹⁸
1544 1205 1656 1240 ἀρκέσει
1676 1205 1758 1240 μόνος
1777 1207 1792 1232 ὁ

1003 1249 1135 1284 Μάρτιος,
1150 1250 1270 1285 λάμϐανε
1288 1250 1337 1282 τὰς
1360 1250 1523 1286 λειπομένας
1541 1252 1580 1282 εἰς
1603 1252 1791 1287 ἱκανοποίησιν

1005 1294 1060 1321 τῶν
1077 1295 1230 1331 εἰρημένων
1244 1295 1265 1322 ν’
1281 1295 1334 1322 ἀπὸ
1353 1296 1400 1323 τοῦ
1425 1297 1573 1333 ’Δπριλίου.
1597 1297 1682 1324 Ἔνθα
1702 1299 1792 1324 τοίνυν

1004 1342 1143 1379 καταλήξῃ
1162 1342 1179 1378 ἡ
1200 1342 1310 1378 τοιαύτη
1330 1343 1439 1378 ἡμέρα,
1463 1345 1544 1379 ἤγουν
1559 1345 1576 1379 ἡ
1599 1346 1789 1380 πεντηκοστή-

1004 1391 1087 1426 ήγουν
1105 1389 1160 1416 εἴτε
1175 1388 1217 1421 εἰς
1232 1390 1280 1421 τὰς
1296 1390 1378 1422 τόσας
1392 1390 1438 1416 τοῦ
1463 1391 1596 1425 Μαρτίου,
1611 1391 1667 1417 εἴτε
1686 1391 1728 1423 είς
1742 1391 1792 1423 τὰς

1004 1437 1085 1468 τόσας
1108 1436 1155 1463 τοῦ
1175 1436 1331 1473 Ἀπριλίου·
1357 1435 1417 1463 κατ’
1434 1436 1517 1472 αὐτὴν
1539 1436 1646 1472 ἐκείνην
1664 1434 1734 1464 εἶναι
1756 1437 1793 1472 γί-

1005 1492 1093 1511 νωσκε
1111 1483 1141 1509 τὸ
1157 1483 1301 1510 Ἰουδαϊκὸν
1321 1483 1426 1518 Πάσχα,
1444 1484 1526 1519 ἡγουν
1543 1483 1572 1509 τὸ
1589 1485 1711 1519 νομικόν.
1723 1485 1792 1510 Ἢν-

1005 1538 1067 1557 τινα
1084 1530 1131 1556 καὶ
1157 1529 1291 1565 εὑρίσκων
1312 1530 1341 1556 ὲν
1367 1529 1432 1565 ποία
1454 1530 1504 1564 τῆς
1529 1529 1675 1565 ἑϐδομάδος
1701 1531 1793 1566 ἡμέρᾳ

172 1575 286 1606 ιιλθιιεῑς,
312 1574 339 1601 in
356 1581 410 1608 qua
434 1572 539 1600 Pascha
557 1571 776 1608 deprehendisti,
799 1571 953 1606 Carnispri--

1008 1575 1134 1611 τυγχάνει
1148 1575 1192 1602 διὰ
1209 1576 1258 1611 τῆς
1273 1575 1517 1611 ἀναγεγραμμένης
1534 1575 1645 1610 μεθόδου
1662 1576 1710 1602 τοῦ
1723 1577 1793 1610 ἡμε-

171 1619 245 1646 γίυῐη
262 1618 385 1646 habebis.
405 1617 433 1644 Si
453 1618 488 1645 sit
511 1626 599 1645 annus
621 1617 781 1648 bissextilis,
799 1623 848 1651 pro
869 1617 957 1644 tribus

173 1664 241 1692 adde
267 1667 394 1699 quatuor.
417 1664 503 1690 Porro
528 1663 550 1690 si
574 1663 643 1690 citra
661 1670 746 1690 xxrtu
768 1663 838 1690 diem
858 1662 957 1695 Martii,

172 1708 391 1737 Christianorum
407 1714 531 1736 sanetum
546 1708 652 1736 Pascha
669 1708 782 1739 inci-lat.
797 1708 957 1736 Januarium

172 1754 349 1790 Carnisprivii
365 1755 425 1782 dies
444 1754 587 1782 obtinebit.
618 1753 666 1781 Sin
691 1754 761 1780 ultra
785 1762 869 1781 xxvm
887 1755 958 1782 diem

173 1803 295 1830 incurrat
306 1824 313 1836 ,
328 1802 477 1830 Februario
498 1802 642 1837 contingit.
659 1801 687 1829 Si
706 1801 809 1829 Pascha
825 1802 852 1829 in
869 1803 957 1838 ipsum

173 1848 253 1875 radat
275 1856 359 1875 xxvul
386 1848 475 1881 diem;
502 1847 526 1875 si
545 1847 654 1882 quidem
672 1847 821 1875 bissextilis
835 1856 888 1874 non
908 1849 960 1875 erit

173 1901 274 1926 amnis,
297 1892 420 1920 Januarii
439 1900 503 1919 xxxt
526 1892 569 1919 die
590 1891 806 1928 Carnisprirjum
828 1894 890 1921 erit.
910 1893 960 1921 El-

172 1940 245 1967 enim
269 1943 332 1967 octo
352 1943 379 1966 et
399 1938 494 1974 viginti
512 1946 574 1965 rum
599 1939 685 1966 tribus
707 1939 811 1967 faciunt
826 1949 909 1967 unum
934 1946 960 1969 et

173 1985 295 2021 triginta.
315 1985 363 2013 Sin
384 1985 534 2013 bissextilis
554 1985 646 2018 fuerit,
664 1985 792 2014 Kalendis
805 1985 960 2014 Februariis

175 2031 296 2065 incidet;
315 2039 378 2059 nam
400 2031 497 2066 viginti
516 2035 579 2058 oeto
606 2039 668 2058 cum
699 2036 818 2067 quatuor
841 2031 910 2059 duos
933 2037 961 2060 et

173 2077 284 2112 triginta
298 2076 448 2104 coniiciunt
463 2085 470 2104 :
489 2076 522 2104 de
535 2077 636 2112 quibus
650 2077 752 2105 relictis
761 2077 892 2105 Januario
907 2086 960 2105 uno

174 2127 201 2149 et
221 2123 343 2157 triginta,
363 2123 485 2158 reliquus
508 2127 550 2150 est
577 2131 658 2155 unus,
677 2123 780 2158 quiest
801 2124 888 2159 prima
911 2123 960 2151 Fe-

175 2169 277 2196 bruarii
293 2169 362 2196 dies.
377 2169 450 2196 Idem
467 2168 550 2196 facies
567 2175 594 2196 ct
612 2169 640 2196 in
658 2169 747 2196 Martii
764 2178 879 2202 μηκάδα
894 2178 959 2203 xxx,

176 2214 217 2241 rel
234 2221 309 2245 xxxi,
326 2213 393 2240 utin
407 2213 523 2249 reliquis
538 2214 618 2241 annis
633 2213 717 2240 addas
732 2214 784 2240 tria
804 2224 809 2241 :
825 2215 959 2242 bissextili

175 2254 245 2290 solo,
262 2262 388 2292 quattuor,
408 2263 464 2285 tum
489 2258 624 2291 deductis,
652 2262 681 2286 ut
708 2259 810 2286 dictum
826 2263 868 2287 est
883 2268 958 2292 XXXI,

176 2312 208 2330 ac
229 2302 359 2330 Januario
380 2304 501 2336 tributis,
517 2304 588 2340 quod
614 2305 749 2339 reliquum
771 2308 823 2336 est.
837 2306 960 2341 assigncs

155 2376 158 2379 λ
177 2347 342 2381 Februario;
357 2356 472 2383 quorum
491 2350 596 2377 dierum
617 2350 728 2378 ultimus
745 2354 787 2378 est
801 2350 960 2386 Carnispri-

176 2395 261 2421 vium.
284 2394 318 2420 At
339 2399 495 2421 sanctorum
509 2396 694 2431 apostolorum
712 2397 819 2432 jejunio
835 2398 959 2425 attributi

177 2441 236 2469 dies
250 2441 287 2467 ita
302 2441 482 2478 reperientur.

1009 1620 1163 1657 ροευρεσίου
1175 1640 1182 1652 ,
1200 1621 1249 1656 τὴν
1266 1620 1395 1648 ἐπιοῦσαν
1416 1620 1569 1656 ἔμπροσθεν
1592 1621 1728 1657 κυριακὴν
1741 1621 1793 1655 τῆς

1007 1667 1091 1702 αὐτῆς
1109 1666 1254 1702 emoneo»;
1273 1666 1327 1693 ἴσθι
1342 1667 1486 1702 τυγχάνειν
1499 1667 1529 1693 τὸ
1547 1667 1601 1694 τῶν
1619 1668 1794 1704 Χριστιανῶν

1008 1713 1084 1748 ἅγιον
1107 1714 1213 1748 Πάσχα.
1238 1713 1339 1739 Τούτου
1364 1713 1393 1739 δέ
1415 1721 1455 1739 σοι
1479 1713 1617 1749 γνωρίμου
1639 1714 1793 1748 γεγονότος,

1008 1755 1032 1790 γ’
1048 1755 1107 1782 κατ’
1131 1756 1190 1788 ἔτος
1205 1756 1361 1792 προστιθεὶς
1384 1757 1417 1792 τῇ
1442 1757 1527 1793 πόστῃ
1544 1757 1589 1784 τοῦ
1609 1758 1711 1793 μηνὸς,
1730 1758 1759 1783 ὲν
1777 1755 1793 1795 ᾖ

1008 1801 1106 1838 εὑρέθη
1118 1801 1148 1828 τὸ
1161 1802 1265 1837 Πάσχα,
1276 1801 1346 1834 ἔξεις
1359 1802 1407 1838 τὴν
1419 1802 1566 1838 Ἀπόκρεω.
1577 1803 1609 1829 Εἰ
1623 1802 1652 1829 δὲ
1666 1804 1795 1838 τυγχάνει

1008 1848 1022 1874 ό
1037 1847 1131 1884 χρόνος
1147 1847 1276 1883 picei-tog,
1291 1849 1351 1875 ἀντὶ
1377 1848 1432 1874 τῶν
1445 1851 1467 1882 γ’
1486 1847 1627 1885 προσθήσει
1641 1848 1674 1874 δ⁴.
1690 1848 1793 1875 ’Δλλ¹ει

1010 1895 1059 1930 μὲν
1074 1894 1127 1921 ἀπὸ
1142 1895 1191 1929 τῆς
1207 1894 1249 1930 κη’
1264 1894 1311 1921 τοῦ
1329 1894 1452 1929 Μαρτίου
1469 1894 1516 1921 καὶ
1533 1894 1657 1921 κάτωθεν
1673 1895 1749 1930 τύχοι
1766 1895 1796 1921 τὸ

1011 1939 1065 1965 τῶν
1081 1940 1250 1975 Χριστιανῶν
1264 1939 1340 1973 ἅγιον
1355 1940 1461 1974 Πάσχα.
1480 1940 1550 1966 κατὰ
1568 1939 1614 1966 τὸν
1631 1940 1796 1976 Ἰανουάριον

1010 1985 1085 2012 ἐσται
1099 1986 1115 2021 ἡ
1139 1985 1308 2021 Ἀπόκρεως·
1326 1987 1350 2012 εἰ
1365 1984 1393 2011 δὲ
1419 1985 1472 2012 ἀπὸ
1486 1985 1535 2021 τῆς
1556 1986 1600 2021 κη’
1616 1986 1664 2012 καὶ
1680 1986 1794 2018 ἀνωθεν,

1010 2031 1080 2058 κατὰ
1102 2032 1147 2058 τὸν
1165 2032 1355 2068 Φεὸρουόιριον.
1375 2033 1418 2058 Ἐν
1438 2032 1507 2067 αὐτῇ
1529 2031 1619 2067 μέντοι
1636 2033 1669 2067 τῇ
1685 2033 1730 2067 κη’
1749 2032 1796 2058 τοῦ

1010 2073 1143 2113 Μαρτίου,
1159 2078 1183 2103 εἱ
1196 2077 1301 2112 μὲνοὺκ
1313 2078 1385 2104 ἐστιν
1401 2079 1414 2104 ό
1428 2078 1522 2113 χρόνος
1536 2076 1666 2112 βίσεξτος,
1687 2078 1729 2108 είς
1747 2077 1796 2113 τὴν

1010 2120 1051 2146 λα’
1065 2120 1140 2146 ἔσται
1160 2121 1206 2147 τοῦ
1227 2121 1404 2157 Ίανουαρίου·
1421 2121 1463 2158 κη’
1475 2122 1529 2156 γὰρ
1545 2123 1591 2148 καὶ
1605 2121 1631 2156 γ’
1643 2121 1684 2149 λα’
1696 2131 1704 2138 ·
1722 2123 1747 2148 εί
1768 2122 1798 2148 δὲ

1011 2164 1050 2190 ἔνι
1065 2164 1200 2199 βίσεξτος,
1216 2167 1255 2196 εἰς
1274 2165 1323 2201 τὴν
1345 2165 1369 2203 α’
1389 2165 1435 2192 τοῦ
1467 2165 1649 2202 Φεϐρουαρίου
1661 2174 1667 2178 ·
1685 2166 1729 2201 κη’
1743 2166 1799 2201 γὰρ

1011 2212 1058 2238 καὶ
1072 2212 1093 2238 δ’
1115 2211 1172 2238 λε’·
1199 2213 1245 2247 ἀφ’
1260 2209 1297 2238 ὧν
1315 2213 1397 2244 ἐάσας
1415 2211 1455 2247 τῷ
1473 2213 1628 2247 Ἰανουαρίῳ
1649 2212 1702 2243 λα’,
1729 2221 1798 2238 κατ-

1012 2257 1121 2293 ελείφθη
1139 2258 1201 2294 μίσυ
1222 2260 1269 2285 καὶ
1284 2259 1324 2285 ἓνι
1334 2258 1380 2285 τοῦ
1401 2258 1582 2294 Φεϐρουαρίου
1599 2259 1633 2284 α’.
1652 2259 1704 2284 Τὸν
1718 2258 1800 2284 αὐτὸν

1013 2302 1041 2330 δὲ
1057 2304 1156 2339 τρόπον
1171 2305 1292 2340 ποιήσεις
1308 2304 1355 2330 καὶ
1370 2305 1440 2330 κατὰ
1457 2305 1506 2340 τὴν
1519 2303 1570 2335 κθ’,
1586 2303 1634 2329 καὶ
1647 2303 1681 2335 λ’,
1693 2304 1741 2330 καὶ
1758 2303 1799 2329 λα’

1013 2348 1059 2375 τοῦ
1084 2349 1218 2385 Μαρτίου,
1234 2349 1388 2385 προστιθεὶς
1409 2349 1460 2376 ἀνὰ
1481 2349 1580 2385 τριῶν·
1597 2349 1618 2375 δ’
1632 2349 1660 2375 δὲ
1676 2349 1749 2384 μόνῳ
1762 2349 1800 2383 τῷ

1015 2395 1143 2430 βισέξτῳ⁴
1156 2394 1214 2422 εἶτα
1235 2395 1367 2427 ἐκϐαλὼν,
1380 2395 1417 2427 ὼς
1430 2395 1547 2431 εἴρηται,
1563 2395 1604 2421 λα’
1619 2394 1665 2421 τοῦ
1685 2395 1802 2422 Ἰανουα-

1016 2444 1085 2481 pio»,
1098 2443 1147 2475 τὰς
1166 2442 1401 2477 καταλειπομένας
1417 2438 1488 2468 δίδου
1507 2441 1545 2476 τῷ
1559 2441 1751 2476 Φεϐρουαρίῳ·
1765 2438 1802 2467 ὧν

175 2489 193 2524 ἡ
208 2487 347 2515 τελευταία
359 2488 432 2515 ἐστὶν
449 2489 466 2524 ἡ
489 2488 637 2524 ¹Λτιόκρεω.
655 2490 686 2516 Ἡ
703 2489 730 2517 δὲ
751 2491 804 2518 τῶν
822 2493 932 2529 ἡμερῶν
960 2494 1076 2529 ποσότης
1103 2493 1153 2528 τῆς
1176 2491 1301 2527 νηστείας
1319 2490 1373 2517 τῶν
1391 2490 1477 2524 ἁγίων
1500 2489 1655 2516 ἀποστόλων
1675 2489 1748 2515 οὕτω
1763 2497 1803 2514 σοι

179 2533 246 2570 δήλη
259 2535 416 2570 γενήσεται.

177 2593 235 2625 Qua
251 2593 353 2621 ratione
368 2593 465 2628 jejunii
488 2598 639 2621 sanctorum
657 2596 838 2624 apostolorum
853 2598 909 2625 dies
923 2599 964 2626 in-

456 2630 537 2656 veniri
561 2630 680 2656 debeant.

211 2682 257 2711 ΙΧ.
274 2683 315 2711 Ab
337 2684 395 2719 ipso
412 2685 588 2712 sanctissimo
610 2685 752 2714 Paschalis
768 2686 821 2718 die.
847 2687 963 2722 ipsemet

177 2729 403 2767 exclusotusqm:
415 2729 447 2756 ad
464 2730 572 2757 tertium
588 2729 649 2757 Maii
663 2735 729 2765 quot
741 2731 796 2758 sint
813 2732 872 2758 dies
887 2739 962 2759 com-v

178 2778 261 2809 puta;
286 2775 386 2809 quibus
404 2776 543 2809 collectis,
568 2776 626 2803 sive
650 2775 765 2810 Martio,
788 2777 846 2804 sive
874 2778 961 2813 Aprili

217 2862 238 2877 "
252 2862 506 2900 Postulalmtperior
523 2866 593 2894 ratio
606 2866 627 2894 δ’
645 2875 695 2892 non
716 2866 748 2898 ζ’.

1017 2597 1112 2630 Ὅπως
1127 2597 1173 2623 δεῖ
1193 2596 1345 2629 εὑρίσκειν
1365 2595 1418 2627 τὰς
1431 2593 1543 2628 ἡμέρας
1563 2593 1619 2627 τῆς
1633 2592 1695 2619 τῶν
1713 2593 1804 2627 ἁγίων·

1227 2631 1407 2658 ἀποστόλων
1418 2630 1572 2663 νηστείας.

1051 2687 1089 2714 0'.
1106 2687 1222 2723 Εὗρισκε
1241 2687 1295 2714 ἀπὸ
1308 2687 1358 2722 τῆς
1370 2685 1476 2722 ἡμέρας
1492 2685 1538 2712 τοῦ
1557 2685 1635 2719 ἁγίου
1653 2685 1734 2720 ἡμῶν
1751 2683 1804 2710 Πά-

1017 2742 1069 2769 σχα
1083 2753 1090 2765 ,
1107 2734 1167 2769 δίχα
1188 2733 1304 2769 ταύτης,
1332 2732 1413 2759 πόσαι
1435 2731 1504 2758 εἰσὶν
1529 2731 1632 2766 ἡμέραι
1649 2731 1734 2766 μέχρι
1759 2730 1804 2756 καὶ

1016 2780 1102 2814 αὐτῆς
1116 2780 1165 2815 τῆς
1178 2783 1201 2814 γ’
1213 2779 1259 2806 τοῦ
1274 2779 1361 2818 Μαΐου
1372 2787 1378 2818 ξ
1395 2778 1442 2805 καὶ
1450 2777 1551 2809 ταύτας
1566 2776 1740 2811 συναγαγὼν,
1753 2776 1805 2802 εἴτε

774 2866 810 2903 Δί’
828 2865 889 2901 Lrg.
905 2867 950 2893 καὶ
966 2867 988 2893 εί
1001 2867 1059 2894 οὑκ.
