  <div class='ocr_page' id='page_1' title='image "/cluster/home/n/w/nwhite01/storage/ocr_20150623/19/njp.32101077772463/742.png"; bbox 0 0 1888 3136; ppageno 0'>
   <div class='ocr_carea' id='block_1_1' title="bbox 128 196 200 222">
    <p class='ocr_par' dir='ltr' id='par_1_1' title="bbox 128 196 200 222">
     <span class='ocr_line' id='line_1_1' title="bbox 128 196 200 222; baseline 0 0"><span class='ocrx_word' id='word_1_1' title='bbox 128 196 200 222; x_wconf 70' lang='lat'><strong>15:29</strong></span> 
     </span>
    </p>
   </div>
   <div class='ocr_carea' id='block_1_2' title="bbox 457 185 1427 222">
    <p class='ocr_par' dir='ltr' id='par_1_2' title="bbox 457 185 1427 222">
     <span class='ocr_line' id='line_1_2' title="bbox 457 185 1427 222; baseline -0.008 -2"><span class='ocrx_word' id='word_1_2' title='bbox 457 193 486 220; x_wconf 82' lang='lat' dir='ltr'><strong>S.</strong></span> <span class='ocrx_word' id='word_1_3' title='bbox 507 193 661 222; x_wconf 66' lang='lat' dir='ltr'><strong>ANDREE.</strong></span> <span class='ocrx_word' id='word_1_4' title='bbox 680 192 872 221; x_wconf 66' lang='lat' dir='ltr'><strong>CRETENSIS</strong></span> <span class='ocrx_word' id='word_1_5' title='bbox 892 191 935 219; x_wconf 86' lang='lat' dir='ltr'><strong>DE</strong></span> <span class='ocrx_word' id='word_1_6' title='bbox 954 190 1067 220; x_wconf 66' lang='grc' dir='ltr'><strong>Οἷα-Ο</strong></span> <span class='ocrx_word' id='word_1_7' title='bbox 1084 188 1210 218; x_wconf 76' lang='lat' dir='ltr'><strong>SOLABI</strong></span> <span class='ocrx_word' id='word_1_8' title='bbox 1224 187 1268 215; x_wconf 78' lang='lat' dir='ltr'><strong>ET</strong></span> <span class='ocrx_word' id='word_1_9' title='bbox 1285 185 1427 214; x_wconf 77' lang='lat' dir='ltr'><strong>LUNABI.</strong></span> 
     </span>
    </p>
   </div>
   <div class='ocr_carea' id='block_1_3' title="bbox 1683 187 1751 214">
    <p class='ocr_par' dir='ltr' id='par_1_3' title="bbox 1683 187 1751 214">
     <span class='ocr_line' id='line_1_3' title="bbox 1683 187 1751 214; baseline 0 0"><span class='ocrx_word' id='word_1_10' title='bbox 1683 187 1751 214; x_wconf 69' lang='lat'><strong>1359</strong></span> 
     </span>
    </p>
   </div>
   <div class='ocr_carea' id='block_1_4' title="bbox 125 249 918 292">
    <p class='ocr_par' dir='ltr' id='par_1_4' title="bbox 125 255 915 292">
     <span class='ocr_line' id='line_1_4' title="bbox 125 255 915 292; baseline -0.003 -8"><span class='ocrx_word' id='word_1_11' title='bbox 125 258 167 288; x_wconf 73' lang='grc' dir='ltr'><strong>εἰς</strong></span> <span class='ocrx_word' id='word_1_12' title='bbox 178 257 223 284; x_wconf 66' lang='grc' dir='ltr'>τὸν</span> <span class='ocrx_word' id='word_1_13' title='bbox 236 256 366 292; x_wconf 77' lang='grc' dir='ltr'><strong>Μάρτιον,</strong></span> <span class='ocrx_word' id='word_1_14' title='bbox 381 257 435 283; x_wconf 73' lang='grc' dir='ltr'>εἴτε</span> <span class='ocrx_word' id='word_1_15' title='bbox 449 257 489 288; x_wconf 87' lang='grc' dir='ltr'>είς</span> <span class='ocrx_word' id='word_1_16' title='bbox 502 257 546 283; x_wconf 80' lang='grc' dir='ltr'>τὸν</span> <span class='ocrx_word' id='word_1_17' title='bbox 559 255 697 292; x_wconf 82' lang='grc' dir='ltr'>’Λπρίλιον</span> <span class='ocrx_word' id='word_1_18' title='bbox 708 256 805 292; x_wconf 79' lang='grc' dir='ltr'>εὑρεθῇ</span> <span class='ocrx_word' id='word_1_19' title='bbox 819 255 848 282; x_wconf 85' lang='grc' dir='ltr'>τὺ</span> <span class='ocrx_word' id='word_1_20' title='bbox 859 255 915 282; x_wconf 76' lang='grc' dir='ltr'><strong>Πά-</strong></span> 
     </span>
    </p>
   </div>
   <div class='ocr_carea' id='block_1_5' title="bbox 984 249 1750 292">
    <p class='ocr_par' dir='ltr' id='par_1_5' title="bbox 984 249 1750 289">
     <span class='ocr_line' id='line_1_5' title="bbox 984 249 1750 289; baseline -0.007 -7"><span class='ocrx_word' id='word_1_21' title='bbox 984 254 1074 282; x_wconf 86' lang='lat' dir='ltr'><strong>&#39;aseha</strong></span> <span class='ocrx_word' id='word_1_22' title='bbox 1097 253 1251 289; x_wconf 75' lang='lat' dir='ltr'><strong>conlingat,</strong></span> <span class='ocrx_word' id='word_1_23' title='bbox 1269 251 1382 279; x_wconf 88' lang='lat' dir='ltr'><strong>totidem</strong></span> <span class='ocrx_word' id='word_1_24' title='bbox 1405 251 1474 278; x_wconf 84' lang='lat' dir='ltr'><strong>scito</strong></span> <span class='ocrx_word' id='word_1_25' title='bbox 1489 249 1547 278; x_wconf 84' lang='lat' dir='ltr'><strong>dies</strong></span> <span class='ocrx_word' id='word_1_26' title='bbox 1562 257 1622 278; x_wconf 80' lang='lat' dir='ltr'><strong>esse</strong></span> <span class='ocrx_word' id='word_1_27' title='bbox 1642 255 1750 278; x_wconf 67' lang='lat' dir='ltr'><strong>saneto—</strong></span> 
     </span>
    </p>
   </div>
   <div class='ocr_carea' id='block_1_6' title="bbox 126 300 912 339">
    <p class='ocr_par' dir='ltr' id='par_1_6' title="bbox 126 300 912 339">
     <span class='ocr_line' id='line_1_6' title="bbox 126 300 912 339; baseline -0.001 -10"><span class='ocrx_word' id='word_1_28' title='bbox 126 312 180 339; x_wconf 78' lang='grc' dir='ltr'><strong>αχα</strong></span> <span class='ocrx_word' id='word_1_29' title='bbox 191 324 198 335; x_wconf 91' lang='grc'><strong>,</strong></span> <span class='ocrx_word' id='word_1_30' title='bbox 216 303 350 335; x_wconf 77' lang='grc' dir='ltr'><strong>τοσαύτας</strong></span> <span class='ocrx_word' id='word_1_31' title='bbox 366 300 435 329; x_wconf 81' lang='grc' dir='ltr'>εἶναι</span> <span class='ocrx_word' id='word_1_32' title='bbox 450 303 565 337; x_wconf 79' lang='grc' dir='ltr'><strong>γίνωσκε</strong></span> <span class='ocrx_word' id='word_1_33' title='bbox 583 303 630 330; x_wconf 76' lang='grc' dir='ltr'><strong>καὶ</strong></span> <span class='ocrx_word' id='word_1_34' title='bbox 651 303 699 334; x_wconf 83' lang='grc' dir='ltr'><strong>τὰς</strong></span> <span class='ocrx_word' id='word_1_35' title='bbox 720 303 768 338; x_wconf 83' lang='grc' dir='ltr'>τῆς</span> <span class='ocrx_word' id='word_1_36' title='bbox 785 301 912 338; x_wconf 73' lang='grc' dir='ltr'><strong>νηστείας</strong></span> 
     </span>
    </p>
   </div>
   <div class='ocr_carea' id='block_1_7' title="bbox 124 349 590 384">
    <p class='ocr_par' dir='ltr' id='par_1_7' title="bbox 124 349 590 384">
     <span class='ocr_line' id='line_1_7' title="bbox 124 349 590 384; baseline 0 -9"><span class='ocrx_word' id='word_1_37' title='bbox 124 349 182 376; x_wconf 81' lang='grc' dir='ltr'>τῶν</span> <span class='ocrx_word' id='word_1_38' title='bbox 198 349 284 384; x_wconf 82' lang='grc' dir='ltr'>ἁγίων</span> <span class='ocrx_word' id='word_1_39' title='bbox 301 349 457 376; x_wconf 80' lang='grc' dir='ltr'><strong>ἀποστόλων</strong></span> <span class='ocrx_word' id='word_1_40' title='bbox 476 349 590 384; x_wconf 82' lang='grc' dir='ltr'><strong>ἡμέρας.</strong></span> 
     </span>
    </p>
   </div>
   <div class='ocr_carea' id='block_1_8' title="bbox 965 297 1470 336">
    <p class='ocr_par' dir='ltr' id='par_1_8' title="bbox 965 297 1470 336">
     <span class='ocr_line' id='line_1_8' title="bbox 965 297 1470 336; baseline -0.006 -8"><span class='ocrx_word' id='word_1_41' title='bbox 965 309 1025 328; x_wconf 93' lang='lat' dir='ltr'><strong>rum</strong></span> <span class='ocrx_word' id='word_1_42' title='bbox 1038 300 1221 336; x_wconf 83' lang='lat' dir='ltr'><strong>apostolorum</strong></span> <span class='ocrx_word' id='word_1_43' title='bbox 1235 299 1340 333; x_wconf 80' lang='lat' dir='ltr'><strong>jejunio</strong></span> <span class='ocrx_word' id='word_1_44' title='bbox 1355 297 1470 325; x_wconf 81' lang='lat' dir='ltr'><strong>dicatos.</strong></span> 
     </span>
    </p>
   </div>
   <div class='ocr_carea' id='block_1_9' title="bbox 410 502 1505 548">
    <p class='ocr_par' dir='ltr' id='par_1_9' title="bbox 410 502 1505 548">
     <span class='ocr_line' id='line_1_9' title="bbox 410 502 1505 548; baseline -0.002 -2"><span class='ocrx_word' id='word_1_45' title='bbox 410 505 523 547; x_wconf 89' lang='grc' dir='ltr'><strong>ΤΟΥ</strong></span> <span class='ocrx_word' id='word_1_46' title='bbox 541 504 975 548; x_wconf 84' lang='grc' dir='ltr'><strong>ΜΑΚΑΡΙΩΤΑΤΟΥ</strong></span> <span class='ocrx_word' id='word_1_47' title='bbox 1001 502 1254 547; x_wconf 84' lang='grc' dir='ltr'><strong>ΛΝΔΡΕΟΥ</strong></span> <span class='ocrx_word' id='word_1_48' title='bbox 1284 502 1505 545; x_wconf 85' lang='grc' dir='ltr'><strong>ΚΡΗΤΗΣ</strong></span> 
     </span>
    </p>
   </div>
   <div class='ocr_carea' id='block_1_10' title="bbox 757 594 1139 629">
    <p class='ocr_par' dir='ltr' id='par_1_10' title="bbox 757 594 1139 629">
     <span class='ocr_line' id='line_1_10' title="bbox 757 594 1139 629; baseline -0.003 -7"><span class='ocrx_word' id='word_1_49' title='bbox 757 594 825 622; x_wconf 89' lang='grc' dir='ltr'><strong>ΤΟΥ</strong></span> <span class='ocrx_word' id='word_1_50' title='bbox 841 595 1117 622; x_wconf 80' lang='grc' dir='ltr'><strong>ΙΕΡΟΣΟΛΥΜΙΤΟΥ</strong></span> <span class='ocrx_word' id='word_1_51' title='bbox 1131 595 1139 629; x_wconf 87' lang='lat'><em>|</em></span> 
     </span>
    </p>
   </div>
   <div class='ocr_carea' id='block_1_11' title="bbox 130 674 1753 738">
    <p class='ocr_par' dir='ltr' id='par_1_11' title="bbox 130 674 1753 738">
     <span class='ocr_line' id='line_1_11' title="bbox 130 674 1753 738; baseline 0.001 -37"><span class='ocrx_word' id='word_1_52' title='bbox 130 674 314 706; x_wconf 64' lang='lat' dir='ltr'><strong>Ill-380.105,</strong></span> <span class='ocrx_word' id='word_1_53' title='bbox 334 675 406 702; x_wconf 86' lang='grc' dir='ltr'><strong>ΠΩΣ</strong></span> <span class='ocrx_word' id='word_1_54' title='bbox 425 674 484 702; x_wconf 85' lang='grc' dir='ltr'><strong>ΔΕΙ</strong></span> <span class='ocrx_word' id='word_1_55' title='bbox 501 675 643 702; x_wconf 82' lang='grc' dir='ltr'><strong>ΕΥΡΕΙΝ</strong></span> <span class='ocrx_word' id='word_1_56' title='bbox 663 676 732 702; x_wconf 84' lang='grc' dir='ltr'><strong>ΤΟΝ</strong></span> <span class='ocrx_word' id='word_1_57' title='bbox 748 675 1131 738; x_wconf 45' lang='grc' dir='ltr'><strong>Κὲςιᾶογ,</strong></span> <span class='ocrx_word' id='word_1_58' title='bbox 1151 675 1448 702; x_wconf 77' lang='grc' dir='ltr'><strong>ΦΙΛΟΠΟΝΙΙΘΕΙΣΑ</strong></span> <span class='ocrx_word' id='word_1_59' title='bbox 1465 676 1623 703; x_wconf 78' lang='grc' dir='ltr'><strong>ΑΚΡΙΒΩΣ</strong></span> <span class='ocrx_word' id='word_1_60' title='bbox 1639 674 1753 702; x_wconf 75' lang='grc' dir='ltr'><strong>ΧΑΡΙΝ</strong></span> 
     </span>
    </p>
   </div>
   <div class='ocr_carea' id='block_1_12' title="bbox 377 831 1511 896">
    <p class='ocr_par' dir='ltr' id='par_1_12' title="bbox 377 831 1511 896">
     <span class='ocr_line' id='line_1_12' title="bbox 377 831 1511 896; baseline 0.002 -20"><span class='ocrx_word' id='word_1_61' title='bbox 377 831 585 877; x_wconf 87' lang='lat' dir='ltr'><strong>SANCTI</strong></span> <span class='ocrx_word' id='word_1_62' title='bbox 624 831 882 877; x_wconf 68' lang='lat' dir='ltr'><strong>ANDREJE</strong></span> <span class='ocrx_word' id='word_1_63' title='bbox 917 831 1511 896; x_wconf 78' lang='lat' dir='ltr'><strong>HIEROSOLYMITANI,</strong></span> 
     </span>
    </p>
   </div>
   <div class='ocr_carea' id='block_1_13' title="bbox 745 925 1118 961">
    <p class='ocr_par' dir='ltr' id='par_1_13' title="bbox 745 925 1118 961">
     <span class='ocr_line' id='line_1_13' title="bbox 745 925 1118 961; baseline 0.005 -7"><span class='ocrx_word' id='word_1_64' title='bbox 745 925 900 955; x_wconf 85' lang='lat' dir='ltr'><strong>EPISCOPI</strong></span> <span class='ocrx_word' id='word_1_65' title='bbox 917 926 1118 961; x_wconf 80' lang='lat' dir='ltr'><strong>CRETENSIS.</strong></span> 
     </span>
    </p>
   </div>
   <div class='ocr_carea' id='block_1_14' title="bbox 125 997 1751 1070">
    <p class='ocr_par' dir='ltr' id='par_1_14' title="bbox 125 997 1751 1070">
     <span class='ocr_line' id='line_1_14' title="bbox 125 997 1751 1070; baseline 0.002 -40"><span class='ocrx_word' id='word_1_66' title='bbox 125 998 300 1030; x_wconf 80' lang='lat' dir='ltr'><strong>Methodus</strong></span> <span class='ocrx_word' id='word_1_67' title='bbox 321 997 535 1040; x_wconf 77' lang='lat' dir='ltr'><strong>investigandi</strong></span> <span class='ocrx_word' id='word_1_68' title='bbox 551 997 633 1040; x_wconf 86' lang='lat' dir='ltr'><strong>cycli</strong></span> <span class='ocrx_word' id='word_1_69' title='bbox 649 998 778 1036; x_wconf 87' lang='lat' dir='ltr'><strong>solaris,</strong></span> <span class='ocrx_word' id='word_1_70' title='bbox 795 1003 826 1031; x_wconf 84' lang='lat' dir='ltr'><strong>et</strong></span> <span class='ocrx_word' id='word_1_71' title='bbox 853 999 1129 1070; x_wconf 51' lang='lat' dir='ltr'><strong>lunfris,lne‘cnon</strong></span> <span class='ocrx_word' id='word_1_72' title='bbox 1147 1001 1318 1039; x_wconf 79' lang='lat' dir='ltr'><strong>Paschatis,</strong></span> <span class='ocrx_word' id='word_1_73' title='bbox 1336 1001 1368 1032; x_wconf 90' lang='lat' dir='ltr'><strong>in</strong></span> <span class='ocrx_word' id='word_1_74' title='bbox 1385 1002 1602 1034; x_wconf 81' lang='lat' dir='ltr'><strong>studiosorum</strong></span> <span class='ocrx_word' id='word_1_75' title='bbox 1619 1003 1751 1042; x_wconf 78' lang='lat' dir='ltr'><strong>gratiam</strong></span> 
     </span>
     <span class='ocr_line' id='line_1_15' title="bbox 857 1047 1496 1070; baseline 0.008 -1"><span class='ocrx_word' id='word_1_76' title='bbox 857 1048 873 1069; x_wconf 87' lang='lat' dir='ltr'><strong>e</strong></span> <span class='ocrx_word' id='word_1_77' title='bbox 888 1047 903 1069; x_wconf 71' lang='grc' dir='ltr'>α</span> <span class='ocrx_word' id='word_1_78' title='bbox 916 1047 983 1070; x_wconf 60' lang='grc' dir='ltr'><strong>τοι-θ</strong></span> <span class='ocrx_word' id='word_1_79' title='bbox 998 1047 1026 1070; x_wconf 84' lang='lat' dir='ltr'><strong>a.</strong></span> <span class='ocrx_word' id='word_1_80' title='bbox 1492 1059 1496 1063; x_wconf 53' lang='grc' dir='ltr'>ι</span> 
     </span>
    </p>
   </div>
   <div class='ocr_carea' id='block_1_15' title="bbox 857 1047 1496 1071">
    <p class='ocr_par' dir='ltr' id='par_1_15' title="bbox 857 1047 1496 1071">
     <span class='ocr_line' id='line_1_16' title="bbox 857 1047 1496 1071; baseline 0.003 -2"><span class='ocrx_word' id='word_1_81' title='bbox 857 1047 1026 1071; x_wconf 83' lang='lat' dir='ltr'><strong>etanorata.</strong></span> <span class='ocrx_word' id='word_1_82' title='bbox 1037 1047 1046 1053; x_wconf 79' lang='grc'><strong><em>“</em></strong></span> <span class='ocrx_word' id='word_1_83' title='bbox 1492 1059 1496 1063; x_wconf 51' lang='grc' dir='ltr'>ι</span> 
     </span>
    </p>
   </div>
   <div class='ocr_carea' id='block_1_16' title="bbox 162 1159 918 1194">
    <p class='ocr_par' dir='ltr' id='par_1_16' title="bbox 162 1159 917 1194">
     <span class='ocr_line' id='line_1_17' title="bbox 162 1159 917 1194; baseline 0.003 -8"><span class='ocrx_word' id='word_1_84' title='bbox 162 1159 266 1194; x_wconf 84' lang='grc' dir='ltr'>Κράτει</span> <span class='ocrx_word' id='word_1_85' title='bbox 283 1159 317 1186; x_wconf 77' lang='grc' dir='ltr'>τὰ</span> <span class='ocrx_word' id='word_1_86' title='bbox 333 1159 408 1186; x_wconf 80' lang='grc' dir='ltr'>κάτω</span> <span class='ocrx_word' id='word_1_87' title='bbox 421 1159 475 1186; x_wconf 89' lang='grc' dir='ltr'>τῶν</span> <span class='ocrx_word' id='word_1_88' title='bbox 487 1159 659 1194; x_wconf 84' lang='grc' dir='ltr'><strong>χιλιοντάδων</strong></span> <span class='ocrx_word' id='word_1_89' title='bbox 672 1161 718 1187; x_wconf 79' lang='grc' dir='ltr'><strong>καὶ</strong></span> <span class='ocrx_word' id='word_1_90' title='bbox 731 1161 917 1188; x_wconf 75' lang='grc' dir='ltr'><strong>ὲκατοντάδων</strong></span> 
     </span>
    </p>
   </div>
   <div class='ocr_carea' id='block_1_17' title="bbox 984 1159 1752 1194">
    <p class='ocr_par' dir='ltr' id='par_1_17' title="bbox 1008 1161 1752 1191">
     <span class='ocr_line' id='line_1_18' title="bbox 1008 1161 1752 1191; baseline -0.003 -1"><span class='ocrx_word' id='word_1_91' title='bbox 1008 1163 1092 1191; x_wconf 90' lang='lat' dir='ltr'><strong>Sume</strong></span> <span class='ocrx_word' id='word_1_92' title='bbox 1106 1165 1193 1190; x_wconf 81' lang='lat' dir='ltr'><strong>annos</strong></span> <span class='ocrx_word' id='word_1_93' title='bbox 1215 1161 1286 1189; x_wconf 81' lang='lat' dir='ltr'><strong>infra</strong></span> <span class='ocrx_word' id='word_1_94' title='bbox 1305 1161 1472 1189; x_wconf 89' lang='lat' dir='ltr'><strong>millenarios</strong></span> <span class='ocrx_word' id='word_1_95' title='bbox 1487 1164 1513 1188; x_wconf 84' lang='lat' dir='ltr'><strong>et</strong></span> <span class='ocrx_word' id='word_1_96' title='bbox 1530 1161 1702 1189; x_wconf 75' lang='lat' dir='ltr'><strong>centenarias</strong></span> <span class='ocrx_word' id='word_1_97' title='bbox 1719 1161 1752 1188; x_wconf 80' lang='lat' dir='ltr'><strong>ab</strong></span> 
     </span>
    </p>
   </div>
   <div class='ocr_carea' id='block_1_18' title="bbox 121 1205 915 1243">
    <p class='ocr_par' dir='ltr' id='par_1_18' title="bbox 121 1205 915 1243">
     <span class='ocr_line' id='line_1_19' title="bbox 121 1205 915 1243; baseline 0.004 -12"><span class='ocrx_word' id='word_1_98' title='bbox 121 1205 182 1232; x_wconf 80' lang='grc' dir='ltr'>τῶν</span> <span class='ocrx_word' id='word_1_99' title='bbox 195 1205 249 1233; x_wconf 75' lang='grc' dir='ltr'><strong>ἀπὸ</strong></span> <span class='ocrx_word' id='word_1_100' title='bbox 258 1206 372 1238; x_wconf 80' lang='grc' dir='ltr'>κτίσεως</span> <span class='ocrx_word' id='word_1_101' title='bbox 383 1205 484 1241; x_wconf 78' lang='grc' dir='ltr'><strong>κόσμου</strong></span> <span class='ocrx_word' id='word_1_102' title='bbox 495 1213 502 1219; x_wconf 74' lang='grc'><strong><em>⁸</em></strong></span> <span class='ocrx_word' id='word_1_103' title='bbox 514 1205 562 1232; x_wconf 75' lang='grc' dir='ltr'><strong>καὶ</strong></span> <span class='ocrx_word' id='word_1_104' title='bbox 577 1205 724 1241; x_wconf 79' lang='grc' dir='ltr'>πρόσθεττε</span> <span class='ocrx_word' id='word_1_105' title='bbox 741 1207 762 1222; x_wconf 80' lang='grc'><strong>¹⁹</strong></span> <span class='ocrx_word' id='word_1_106' title='bbox 773 1207 820 1234; x_wconf 71' lang='grc' dir='ltr'><strong>καὶ</strong></span> <span class='ocrx_word' id='word_1_107' title='bbox 835 1207 915 1243; x_wconf 72' lang='grc' dir='ltr'>ἓτερα</span> 
     </span>
    </p>
   </div>
   <div class='ocr_carea' id='block_1_19' title="bbox 124 1250 917 1286">
    <p class='ocr_par' dir='ltr' id='par_1_19' title="bbox 124 1250 917 1286">
     <span class='ocr_line' id='line_1_20' title="bbox 124 1250 917 1286; baseline 0.003 -8"><span class='ocrx_word' id='word_1_108' title='bbox 124 1251 166 1278; x_wconf 71' lang='grc' dir='ltr'><strong>κδ’</strong></span> <span class='ocrx_word' id='word_1_109' title='bbox 180 1259 186 1266; x_wconf 92' lang='grc'>·</span> <span class='ocrx_word' id='word_1_110' title='bbox 216 1251 262 1278; x_wconf 78' lang='grc' dir='ltr'>καὶ</span> <span class='ocrx_word' id='word_1_111' title='bbox 291 1251 403 1286; x_wconf 73' lang='grc' dir='ltr'><strong>ποίηηον</strong></span> <span class='ocrx_word' id='word_1_112' title='bbox 425 1250 561 1286; x_wconf 76' lang='grc' dir='ltr'><strong>σταθμόν·</strong></span> <span class='ocrx_word' id='word_1_113' title='bbox 590 1251 638 1277; x_wconf 73' lang='grc' dir='ltr'>καὶ</span> <span class='ocrx_word' id='word_1_114' title='bbox 657 1252 737 1286; x_wconf 81' lang='grc' dir='ltr'>ὖφελε</span> <span class='ocrx_word' id='word_1_115' title='bbox 766 1253 835 1279; x_wconf 77' lang='grc' dir='ltr'><strong>αὐτὰ</strong></span> <span class='ocrx_word' id='word_1_116' title='bbox 865 1253 917 1281; x_wconf 81' lang='grc' dir='ltr'>ὑπὸ</span> 
     </span>
    </p>
   </div>
   <div class='ocr_carea' id='block_1_20' title="bbox 123 1296 916 1334">
    <p class='ocr_par' dir='ltr' id='par_1_20' title="bbox 123 1296 916 1334">
     <span class='ocr_line' id='line_1_21' title="bbox 123 1296 916 1334; baseline 0.003 -11"><span class='ocrx_word' id='word_1_117' title='bbox 123 1296 181 1323; x_wconf 79' lang='grc' dir='ltr'>τῶν</span> <span class='ocrx_word' id='word_1_118' title='bbox 201 1301 244 1332; x_wconf 81' lang='grc' dir='ltr'><strong>κη’</strong></span> <span class='ocrx_word' id='word_1_119' title='bbox 259 1306 265 1312; x_wconf 90' lang='grc'><strong>·</strong></span> <span class='ocrx_word' id='word_1_120' title='bbox 289 1297 337 1324; x_wconf 78' lang='grc' dir='ltr'><strong>καὶ</strong></span> <span class='ocrx_word' id='word_1_121' title='bbox 360 1297 395 1324; x_wconf 84' lang='grc' dir='ltr'>τὰ</span> <span class='ocrx_word' id='word_1_122' title='bbox 417 1296 634 1333; x_wconf 83' lang='grc' dir='ltr'>ὲναπομείναντα</span> <span class='ocrx_word' id='word_1_123' title='bbox 657 1298 687 1324; x_wconf 75' lang='grc' dir='ltr'><strong>ἐν</strong></span> <span class='ocrx_word' id='word_1_124' title='bbox 710 1299 743 1334; x_wconf 78' lang='grc' dir='ltr'>τῇ</span> <span class='ocrx_word' id='word_1_125' title='bbox 770 1299 841 1334; x_wconf 82' lang='grc' dir='ltr'>χειρί</span> <span class='ocrx_word' id='word_1_126' title='bbox 869 1307 916 1325; x_wconf 86' lang='grc' dir='ltr'>σου</span> 
     </span>
    </p>
   </div>
   <div class='ocr_carea' id='block_1_21' title="bbox 123 1343 917 1379">
    <p class='ocr_par' dir='ltr' id='par_1_21' title="bbox 123 1343 917 1379">
     <span class='ocr_line' id='line_1_22' title="bbox 123 1343 917 1379; baseline 0.003 -9"><span class='ocrx_word' id='word_1_127' title='bbox 123 1343 210 1375; x_wconf 68' lang='grc' dir='ltr'><strong>αὐτός</strong></span> <span class='ocrx_word' id='word_1_128' title='bbox 233 1344 307 1371; x_wconf 78' lang='grc' dir='ltr'>ἐστιν</span> <span class='ocrx_word' id='word_1_129' title='bbox 325 1345 339 1371; x_wconf 84' lang='grc' dir='ltr'><strong>ό</strong></span> <span class='ocrx_word' id='word_1_130' title='bbox 364 1343 464 1376; x_wconf 75' lang='grc' dir='ltr'>κύκλος</span> <span class='ocrx_word' id='word_1_131' title='bbox 485 1343 533 1370; x_wconf 83' lang='grc' dir='ltr'>τοῦ</span> <span class='ocrx_word' id='word_1_132' title='bbox 553 1343 640 1379; x_wconf 77' lang='grc' dir='ltr'>ἡλίου.</span> <span class='ocrx_word' id='word_1_133' title='bbox 661 1344 717 1371; x_wconf 80' lang='grc' dir='ltr'><strong>Καὶ</strong></span> <span class='ocrx_word' id='word_1_134' title='bbox 737 1344 823 1377; x_wconf 79' lang='grc' dir='ltr'>οὕτως</span> <span class='ocrx_word' id='word_1_135' title='bbox 845 1345 917 1372; x_wconf 85' lang='grc' dir='ltr'>ποίει</span> 
     </span>
    </p>
   </div>
   <div class='ocr_carea' id='block_1_22' title="bbox 125 1389 275 1421">
    <p class='ocr_par' dir='ltr' id='par_1_22' title="bbox 125 1389 275 1421">
     <span class='ocr_line' id='line_1_23' title="bbox 125 1389 275 1421; baseline 0 -4"><span class='ocrx_word' id='word_1_136' title='bbox 125 1390 190 1417; x_wconf 80' lang='grc' dir='ltr'>κατ’</span> <span class='ocrx_word' id='word_1_137' title='bbox 204 1389 275 1421; x_wconf 66' lang='grc' dir='ltr'>ίιος.</span> 
     </span>
    </p>
   </div>
   <div class='ocr_carea' id='block_1_23' title="bbox 276 1445 776 1480">
    <p class='ocr_par' dir='ltr' id='par_1_23' title="bbox 276 1445 776 1480">
     <span class='ocr_line' id='line_1_24' title="bbox 276 1445 776 1480; baseline 0.006 -8"><span class='ocrx_word' id='word_1_138' title='bbox 276 1445 394 1480; x_wconf 81' lang='grc' dir='ltr'>Ὁμοίως</span> <span class='ocrx_word' id='word_1_139' title='bbox 414 1445 464 1472; x_wconf 77' lang='grc' dir='ltr'><strong>καὶ</strong></span> <span class='ocrx_word' id='word_1_140' title='bbox 478 1445 543 1479; x_wconf 73' lang='grc' dir='ltr'><strong>περὶ</strong></span> <span class='ocrx_word' id='word_1_141' title='bbox 565 1445 617 1480; x_wconf 83' lang='grc' dir='ltr'><strong>τῆς</strong></span> <span class='ocrx_word' id='word_1_142' title='bbox 631 1445 776 1480; x_wconf 72' lang='grc' dir='ltr'><strong>σελήνης.</strong></span> 
     </span>
    </p>
   </div>
   <div class='ocr_carea' id='block_1_24' title="bbox 164 1502 917 1539">
    <p class='ocr_par' dir='ltr' id='par_1_24' title="bbox 164 1502 917 1539">
     <span class='ocr_line' id='line_1_25' title="bbox 164 1502 917 1539; baseline 0.003 -10"><span class='ocrx_word' id='word_1_143' title='bbox 164 1502 269 1538; x_wconf 80' lang='grc' dir='ltr'>Κράτει</span> <span class='ocrx_word' id='word_1_144' title='bbox 284 1502 318 1530; x_wconf 80' lang='grc' dir='ltr'>τὰ</span> <span class='ocrx_word' id='word_1_145' title='bbox 335 1502 405 1530; x_wconf 79' lang='grc' dir='ltr'><strong>αὐτὰ</strong></span> <span class='ocrx_word' id='word_1_146' title='bbox 422 1503 571 1539; x_wconf 77' lang='grc' dir='ltr'>κούντουρα</span> <span class='ocrx_word' id='word_1_147' title='bbox 597 1503 652 1530; x_wconf 81' lang='grc' dir='ltr'>τῶν</span> <span class='ocrx_word' id='word_1_148' title='bbox 676 1504 848 1539; x_wconf 75' lang='grc' dir='ltr'><strong>χιλιοντάδων</strong></span> <span class='ocrx_word' id='word_1_149' title='bbox 871 1505 917 1532; x_wconf 80' lang='grc' dir='ltr'><strong>καὶ</strong></span> 
     </span>
    </p>
   </div>
   <div class='ocr_carea' id='block_1_25' title="bbox 125 1548 918 1586">
    <p class='ocr_par' dir='ltr' id='par_1_25' title="bbox 125 1548 918 1586">
     <span class='ocr_line' id='line_1_26' title="bbox 125 1548 918 1586; baseline 0.004 -11"><span class='ocrx_word' id='word_1_150' title='bbox 125 1549 323 1581; x_wconf 71' lang='grc' dir='ltr'><strong>ὲκπτοντάδων,</strong></span> <span class='ocrx_word' id='word_1_151' title='bbox 340 1548 395 1575; x_wconf 84' lang='grc' dir='ltr'>τῶν</span> <span class='ocrx_word' id='word_1_152' title='bbox 409 1548 463 1576; x_wconf 79' lang='grc' dir='ltr'><strong>ἀπὸ</strong></span> <span class='ocrx_word' id='word_1_153' title='bbox 477 1549 594 1581; x_wconf 72' lang='grc' dir='ltr'>κτίσεως</span> <span class='ocrx_word' id='word_1_154' title='bbox 609 1549 710 1585; x_wconf 81' lang='grc' dir='ltr'><strong>κόσμου</strong></span> <span class='ocrx_word' id='word_1_155' title='bbox 719 1559 726 1566; x_wconf 73' lang='grc' dir='ltr'><strong><em>ο</em></strong></span> <span class='ocrx_word' id='word_1_156' title='bbox 744 1550 861 1586; x_wconf 78' lang='grc' dir='ltr'><strong>πρόσθες</strong></span> <span class='ocrx_word' id='word_1_157' title='bbox 871 1552 918 1578; x_wconf 83' lang='grc' dir='ltr'>καὶ</span> 
     </span>
    </p>
   </div>
   <div class='ocr_carea' id='block_1_26' title="bbox 123 1595 917 1632">
    <p class='ocr_par' dir='ltr' id='par_1_26' title="bbox 123 1595 917 1632">
     <span class='ocr_line' id='line_1_27' title="bbox 123 1595 917 1632; baseline 0.001 -9"><span class='ocrx_word' id='word_1_158' title='bbox 123 1595 211 1632; x_wconf 70' lang='grc' dir='ltr'>ἕτερα</span> <span class='ocrx_word' id='word_1_159' title='bbox 233 1595 282 1628; x_wconf 84' lang='grc' dir='ltr'><strong>ιζ’·</strong></span> <span class='ocrx_word' id='word_1_160' title='bbox 308 1595 354 1622; x_wconf 80' lang='grc' dir='ltr'>καὶ</span> <span class='ocrx_word' id='word_1_161' title='bbox 375 1596 487 1631; x_wconf 81' lang='grc' dir='ltr'><strong>ποίησον</strong></span> <span class='ocrx_word' id='word_1_162' title='bbox 510 1595 580 1622; x_wconf 74' lang='grc' dir='ltr'>αὐτὰ</span> <span class='ocrx_word' id='word_1_163' title='bbox 603 1595 740 1631; x_wconf 66' lang='grc' dir='ltr'><strong>στοῡμόψ</strong></span> <span class='ocrx_word' id='word_1_164' title='bbox 766 1597 812 1623; x_wconf 81' lang='grc' dir='ltr'><strong>καὶ</strong></span> <span class='ocrx_word' id='word_1_165' title='bbox 835 1596 917 1631; x_wconf 76' lang='grc' dir='ltr'>ὒφελε</span> 
     </span>
    </p>
   </div>
   <div class='ocr_carea' id='block_1_27' title="bbox 124 1640 917 1678">
    <p class='ocr_par' dir='ltr' id='par_1_27' title="bbox 124 1640 917 1678">
     <span class='ocr_line' id='line_1_28' title="bbox 124 1640 917 1678; baseline 0.004 -12"><span class='ocrx_word' id='word_1_166' title='bbox 124 1640 183 1666; x_wconf 79' lang='grc' dir='ltr'>ὑπὸ</span> <span class='ocrx_word' id='word_1_167' title='bbox 196 1640 250 1667; x_wconf 86' lang='grc' dir='ltr'><strong>τῶν</strong></span> <span class='ocrx_word' id='word_1_168' title='bbox 268 1640 299 1667; x_wconf 78' lang='grc' dir='ltr'><strong>ιϐ’</strong></span> <span class='ocrx_word' id='word_1_169' title='bbox 312 1649 319 1655; x_wconf 86' lang='grc'><em>’</em></span> <span class='ocrx_word' id='word_1_170' title='bbox 336 1640 384 1668; x_wconf 77' lang='grc' dir='ltr'>καὶ</span> <span class='ocrx_word' id='word_1_171' title='bbox 399 1640 434 1668; x_wconf 79' lang='grc' dir='ltr'>τὰ</span> <span class='ocrx_word' id='word_1_172' title='bbox 450 1640 675 1676; x_wconf 72' lang='grc' dir='ltr'><strong>ἐναπολειφθέντα</strong></span> <span class='ocrx_word' id='word_1_173' title='bbox 690 1642 719 1669; x_wconf 77' lang='grc' dir='ltr'>ἐν</span> <span class='ocrx_word' id='word_1_174' title='bbox 737 1643 771 1678; x_wconf 87' lang='grc' dir='ltr'>τῇ</span> <span class='ocrx_word' id='word_1_175' title='bbox 789 1642 858 1678; x_wconf 84' lang='grc' dir='ltr'>χειρί</span> <span class='ocrx_word' id='word_1_176' title='bbox 871 1652 917 1670; x_wconf 88' lang='grc' dir='ltr'>σου</span> 
     </span>
    </p>
   </div>
   <div class='ocr_carea' id='block_1_28' title="bbox 123 1684 638 1722">
    <p class='ocr_par' dir='ltr' id='par_1_28' title="bbox 123 1684 638 1722">
     <span class='ocr_line' id='line_1_29' title="bbox 123 1684 638 1722; baseline 0 -10"><span class='ocrx_word' id='word_1_177' title='bbox 123 1684 210 1717; x_wconf 77' lang='grc' dir='ltr'><strong>αὐτός</strong></span> <span class='ocrx_word' id='word_1_178' title='bbox 221 1686 295 1712; x_wconf 74' lang='grc' dir='ltr'>ἐστιν</span> <span class='ocrx_word' id='word_1_179' title='bbox 307 1686 321 1712; x_wconf 81' lang='grc' dir='ltr'><strong><em>ὁ</em></strong></span> <span class='ocrx_word' id='word_1_180' title='bbox 337 1685 435 1717; x_wconf 83' lang='grc' dir='ltr'>κύκλος</span> <span class='ocrx_word' id='word_1_181' title='bbox 450 1685 501 1721; x_wconf 81' lang='grc' dir='ltr'><strong>τῆς</strong></span> <span class='ocrx_word' id='word_1_182' title='bbox 514 1686 638 1722; x_wconf 83' lang='grc' dir='ltr'><strong>σελήνης.</strong></span> 
     </span>
    </p>
   </div>
   <div class='ocr_carea' id='block_1_29' title="bbox 132 1742 917 1804">
    <p class='ocr_par' dir='ltr' id='par_1_29' title="bbox 132 1742 917 1804">
     <span class='ocr_line' id='line_1_30' title="bbox 132 1742 917 1804; baseline 0.004 -36"><span class='ocrx_word' id='word_1_183' title='bbox 132 1742 253 1777; x_wconf 80' lang='grc' dir='ltr'><strong>Ὁμοίως</strong></span> <span class='ocrx_word' id='word_1_184' title='bbox 278 1742 329 1770; x_wconf 77' lang='grc' dir='ltr'><strong>καὶ</strong></span> <span class='ocrx_word' id='word_1_185' title='bbox 347 1742 367 1777; x_wconf 83' lang='grc' dir='ltr'><strong><em>ἠ</em></strong></span> <span class='ocrx_word' id='word_1_186' title='bbox 387 1742 519 1804; x_wconf 63' lang='grc' dir='ltr'><strong>ἵνδικτιὲς</strong></span> <span class='ocrx_word' id='word_1_187' title='bbox 541 1742 742 1774; x_wconf 62' lang='grc' dir='ltr'><strong>ἀναϐιϐάζεται</strong></span> <span class='ocrx_word' id='word_1_188' title='bbox 766 1743 831 1778; x_wconf 78' lang='grc' dir='ltr'>ἤτοι</span> <span class='ocrx_word' id='word_1_189' title='bbox 854 1746 917 1772; x_wconf 83' lang='grc' dir='ltr'><strong>κατ’</strong></span> 
     </span>
     <span class='ocr_line' id='line_1_31' title="bbox 504 1786 565 1804; baseline 0 0"><span class='ocrx_word' id='word_1_190' title='bbox 504 1786 565 1804; x_wconf 74' lang='grc' dir='ltr'>τοο.</span> 
     </span>
    </p>
   </div>
   <div class='ocr_carea' id='block_1_30' title="bbox 504 1786 565 1810">
    <p class='ocr_par' dir='ltr' id='par_1_30' title="bbox 504 1786 565 1810">
     <span class='ocr_line' id='line_1_32' title="bbox 504 1786 565 1810; baseline -0.016 -5"><span class='ocrx_word' id='word_1_191' title='bbox 504 1786 565 1810; x_wconf 82' lang='grc' dir='ltr'>τος.</span> 
     </span>
    </p>
   </div>
   <div class='ocr_carea' id='block_1_31' title="bbox 968 1207 1752 1242">
    <p class='ocr_par' dir='ltr' id='par_1_31' title="bbox 968 1207 1752 1242">
     <span class='ocr_line' id='line_1_33' title="bbox 968 1207 1752 1242; baseline -0.004 -5"><span class='ocrx_word' id='word_1_192' title='bbox 968 1210 1036 1237; x_wconf 84' lang='lat' dir='ltr'><strong>orbe</strong></span> <span class='ocrx_word' id='word_1_193' title='bbox 1062 1208 1199 1241; x_wconf 87' lang='lat' dir='ltr'><strong>condito;</strong></span> <span class='ocrx_word' id='word_1_194' title='bbox 1222 1208 1310 1242; x_wconf 90' lang='lat' dir='ltr'><strong>iisque</strong></span> <span class='ocrx_word' id='word_1_195' title='bbox 1325 1207 1394 1234; x_wconf 88' lang='lat' dir='ltr'><strong>alios</strong></span> <span class='ocrx_word' id='word_1_196' title='bbox 1419 1207 1487 1234; x_wconf 85' lang='lat' dir='ltr'><strong>adde</strong></span> <span class='ocrx_word' id='word_1_197' title='bbox 1504 1211 1630 1236; x_wconf 77' lang='lat' dir='ltr'><strong>xxtv.‘ex</strong></span> <span class='ocrx_word' id='word_1_198' title='bbox 1653 1207 1752 1242; x_wconf 83' lang='lat' dir='ltr'><strong>quibus</strong></span> 
     </span>
    </p>
   </div>
   <div class='ocr_carea' id='block_1_32' title="bbox 967 1252 1753 1288">
    <p class='ocr_par' dir='ltr' id='par_1_32' title="bbox 967 1252 1753 1288">
     <span class='ocr_line' id='line_1_34' title="bbox 967 1252 1753 1288; baseline -0.001 -7"><span class='ocrx_word' id='word_1_199' title='bbox 967 1254 1091 1281; x_wconf 78' lang='lat' dir='ltr'><strong>confecta</strong></span> <span class='ocrx_word' id='word_1_200' title='bbox 1115 1260 1220 1280; x_wconf 82' lang='lat' dir='ltr'><strong>summa</strong></span> <span class='ocrx_word' id='word_1_201' title='bbox 1238 1261 1286 1288; x_wconf 86' lang='lat' dir='ltr'><strong>per</strong></span> <span class='ocrx_word' id='word_1_202' title='bbox 1303 1260 1387 1280; x_wconf 76' lang='lat' dir='ltr'><strong>xxvnt</strong></span> <span class='ocrx_word' id='word_1_203' title='bbox 1410 1252 1507 1284; x_wconf 82' lang='lat' dir='ltr'><strong>divisa,</strong></span> <span class='ocrx_word' id='word_1_204' title='bbox 1525 1254 1599 1288; x_wconf 83' lang='lat' dir='ltr'><strong>quod</strong></span> <span class='ocrx_word' id='word_1_205' title='bbox 1618 1253 1753 1280; x_wconf 78' lang='lat' dir='ltr'><strong>relicuum</strong></span> 
     </span>
    </p>
   </div>
   <div class='ocr_carea' id='block_1_33' title="bbox 968 1292 1710 1336">
    <p class='ocr_par' dir='ltr' id='par_1_33' title="bbox 968 1292 1710 1336">
     <span class='ocr_line' id='line_1_35' title="bbox 968 1292 1710 1336; baseline -0.001 -8"><span class='ocrx_word' id='word_1_206' title='bbox 968 1304 1021 1332; x_wconf 83' lang='lat' dir='ltr'><strong>est.</strong></span> <span class='ocrx_word' id='word_1_207' title='bbox 1032 1300 1085 1328; x_wconf 89' lang='lat' dir='ltr'><strong>erit</strong></span> <span class='ocrx_word' id='word_1_208' title='bbox 1099 1299 1192 1336; x_wconf 83' lang='lat' dir='ltr'><strong>cyelus</strong></span> <span class='ocrx_word' id='word_1_209' title='bbox 1208 1299 1285 1328; x_wconf 88' lang='lat' dir='ltr'><strong>solis.</strong></span> <span class='ocrx_word' id='word_1_210' title='bbox 1300 1297 1341 1326; x_wconf 84' lang='lat' dir='ltr'><strong>ita</strong></span> <span class='ocrx_word' id='word_1_211' title='bbox 1354 1298 1501 1333; x_wconf 82' lang='lat' dir='ltr'><strong>quotannis</strong></span> <span class='ocrx_word' id='word_1_212' title='bbox 1517 1298 1611 1327; x_wconf 79' lang='lat' dir='ltr'><strong>facies.</strong></span> <span class='ocrx_word' id='word_1_213' title='bbox 1705 1292 1710 1296; x_wconf 62' lang='grc'><strong>’</strong></span> 
     </span>
    </p>
   </div>
   <div class='ocr_carea' id='block_1_34' title="bbox 1098 1441 1625 1476">
    <p class='ocr_par' dir='ltr' id='par_1_34' title="bbox 1098 1441 1625 1476">
     <span class='ocr_line' id='line_1_36' title="bbox 1098 1441 1625 1476; baseline 0.002 -8"><span class='ocrx_word' id='word_1_214' title='bbox 1098 1441 1198 1470; x_wconf 84' lang='lat' dir='ltr'><strong>Eodem</strong></span> <span class='ocrx_word' id='word_1_215' title='bbox 1215 1441 1291 1469; x_wconf 84' lang='lat' dir='ltr'><strong>modo</strong></span> <span class='ocrx_word' id='word_1_216' title='bbox 1307 1447 1330 1469; x_wconf 79' lang='lat' dir='ltr'><strong>et</strong></span> <span class='ocrx_word' id='word_1_217' title='bbox 1344 1442 1370 1468; x_wconf 79' lang='lat' dir='ltr'><strong>in</strong></span> <span class='ocrx_word' id='word_1_218' title='bbox 1386 1442 1450 1468; x_wconf 83' lang='lat' dir='ltr'><strong>luna</strong></span> <span class='ocrx_word' id='word_1_219' title='bbox 1467 1442 1625 1476; x_wconf 77' lang='lat' dir='ltr'><strong>proceditur.</strong></span> 
     </span>
    </p>
   </div>
   <div class='ocr_carea' id='block_1_35' title="bbox 1004 1499 1753 1535">
    <p class='ocr_par' dir='ltr' id='par_1_35' title="bbox 1004 1499 1753 1535">
     <span class='ocr_line' id='line_1_37' title="bbox 1004 1499 1753 1535; baseline -0.001 -8"><span class='ocrx_word' id='word_1_220' title='bbox 1004 1500 1104 1535; x_wconf 85' lang='lat' dir='ltr'><strong>Accipe</strong></span> <span class='ocrx_word' id='word_1_221' title='bbox 1136 1501 1261 1528; x_wconf 86' lang='lat' dir='ltr'><strong>similiter</strong></span> <span class='ocrx_word' id='word_1_222' title='bbox 1282 1504 1459 1528; x_wconf 84' lang='lat' dir='ltr'><strong>excurrenles</strong></span> <span class='ocrx_word' id='word_1_223' title='bbox 1480 1507 1561 1534; x_wconf 86' lang='lat' dir='ltr'><strong>supra</strong></span> <span class='ocrx_word' id='word_1_224' title='bbox 1587 1499 1753 1526; x_wconf 89' lang='lat' dir='ltr'><strong>millenarios</strong></span> 
     </span>
    </p>
   </div>
   <div class='ocr_carea' id='block_1_36' title="bbox 969 1544 1751 1580">
    <p class='ocr_par' dir='ltr' id='par_1_36' title="bbox 969 1544 1751 1580">
     <span class='ocr_line' id='line_1_38' title="bbox 969 1544 1751 1580; baseline -0.004 -6"><span class='ocrx_word' id='word_1_225' title='bbox 969 1551 996 1574; x_wconf 84' lang='lat' dir='ltr'><strong>et</strong></span> <span class='ocrx_word' id='word_1_226' title='bbox 1012 1547 1184 1575; x_wconf 85' lang='lat' dir='ltr'><strong>eentenarios</strong></span> <span class='ocrx_word' id='word_1_227' title='bbox 1208 1546 1242 1574; x_wconf 86' lang='lat' dir='ltr'><strong>ab</strong></span> <span class='ocrx_word' id='word_1_228' title='bbox 1261 1547 1327 1574; x_wconf 83' lang='lat' dir='ltr'><strong>orbe</strong></span> <span class='ocrx_word' id='word_1_229' title='bbox 1344 1546 1470 1574; x_wconf 87' lang='lat' dir='ltr'><strong>condito:</strong></span> <span class='ocrx_word' id='word_1_230' title='bbox 1487 1545 1586 1580; x_wconf 81' lang='lat' dir='ltr'><strong>quibus</strong></span> <span class='ocrx_word' id='word_1_231' title='bbox 1603 1544 1671 1572; x_wconf 85' lang='lat' dir='ltr'><strong>adde</strong></span> <span class='ocrx_word' id='word_1_232' title='bbox 1684 1552 1751 1576; x_wconf 77' lang='lat' dir='ltr'><strong>xvn,</strong></span> 
     </span>
    </p>
   </div>
   <div class='ocr_carea' id='block_1_37' title="bbox 968 1592 1753 1629">
    <p class='ocr_par' dir='ltr' id='par_1_37' title="bbox 968 1592 1753 1629">
     <span class='ocr_line' id='line_1_39' title="bbox 968 1592 1753 1629; baseline -0.005 -7"><span class='ocrx_word' id='word_1_233' title='bbox 968 1599 996 1621; x_wconf 87' lang='lat' dir='ltr'><strong>et</strong></span> <span class='ocrx_word' id='word_1_234' title='bbox 1018 1594 1132 1622; x_wconf 87' lang='lat' dir='ltr'><strong>collecta</strong></span> <span class='ocrx_word' id='word_1_235' title='bbox 1151 1601 1256 1622; x_wconf 89' lang='lat' dir='ltr'><strong>summa</strong></span> <span class='ocrx_word' id='word_1_236' title='bbox 1278 1601 1325 1629; x_wconf 90' lang='lat' dir='ltr'><strong>per</strong></span> <span class='ocrx_word' id='word_1_237' title='bbox 1353 1601 1400 1620; x_wconf 73' lang='lat' dir='ltr'><strong>lix</strong></span> <span class='ocrx_word' id='word_1_238' title='bbox 1421 1593 1537 1628; x_wconf 43' lang='lat' dir='ltr'><strong>partitay</strong></span> <span class='ocrx_word' id='word_1_239' title='bbox 1551 1592 1689 1619; x_wconf 84' lang='lat' dir='ltr'><strong>residuum</strong></span> <span class='ocrx_word' id='word_1_240' title='bbox 1712 1595 1753 1619; x_wconf 78' lang='lat' dir='ltr'><strong>est</strong></span> 
     </span>
    </p>
   </div>
   <div class='ocr_carea' id='block_1_38' title="bbox 970 1641 1160 1676">
    <p class='ocr_par' dir='ltr' id='par_1_38' title="bbox 970 1641 1160 1676">
     <span class='ocr_line' id='line_1_40' title="bbox 970 1641 1160 1676; baseline 0.005 -9"><span class='ocrx_word' id='word_1_241' title='bbox 970 1641 1063 1676; x_wconf 87' lang='lat' dir='ltr'><strong>cyclus</strong></span> <span class='ocrx_word' id='word_1_242' title='bbox 1081 1641 1160 1668; x_wconf 74' lang='lat' dir='ltr'><strong>lunze.</strong></span> 
     </span>
    </p>
   </div>
   <div class='ocr_carea' id='block_1_39' title="bbox 971 1742 1752 1806">
    <p class='ocr_par' dir='ltr' id='par_1_39' title="bbox 971 1742 1752 1806">
     <span class='ocr_line' id='line_1_41' title="bbox 971 1742 1752 1785; baseline -0.001 -15"><span class='ocrx_word' id='word_1_243' title='bbox 971 1742 1072 1771; x_wconf 81' lang='lat' dir='ltr'><strong>Eadem</strong></span> <span class='ocrx_word' id='word_1_244' title='bbox 1093 1744 1213 1772; x_wconf 71' lang='grc' dir='ltr'><strong>περιίδοιιο</strong></span> <span class='ocrx_word' id='word_1_245' title='bbox 1230 1749 1254 1772; x_wconf 86' lang='lat' dir='ltr'><strong>et</strong></span> <span class='ocrx_word' id='word_1_246' title='bbox 1271 1753 1316 1780; x_wconf 85' lang='lat' dir='ltr'><strong>per</strong></span> <span class='ocrx_word' id='word_1_247' title='bbox 1333 1753 1415 1785; x_wconf 68' lang='lat' dir='ltr'><strong>annos</strong></span> <span class='ocrx_word' id='word_1_248' title='bbox 1431 1744 1547 1780; x_wconf 69' lang='lat' dir='ltr'><strong>singulos</strong></span> <span class='ocrx_word' id='word_1_249' title='bbox 1562 1743 1670 1771; x_wconf 83' lang='lat' dir='ltr'><strong>indiclio</strong></span> <span class='ocrx_word' id='word_1_250' title='bbox 1689 1751 1752 1770; x_wconf 72' lang='grc' dir='ltr'>εοκι</span> 
     </span>
     <span class='ocr_line' id='line_1_42' title="bbox 1314 1784 1408 1806; baseline 0 0"><span class='ocrx_word' id='word_1_251' title='bbox 1314 1784 1408 1806; x_wconf 77' lang='lat' dir='ltr'><strong>suratl.</strong></span> 
     </span>
    </p>
   </div>
   <div class='ocr_carea' id='block_1_40' title="bbox 1314 1787 1408 1815">
    <p class='ocr_par' dir='ltr' id='par_1_40' title="bbox 1314 1787 1408 1815">
     <span class='ocr_line' id='line_1_43' title="bbox 1314 1787 1408 1815; baseline 0.021 -9"><span class='ocrx_word' id='word_1_252' title='bbox 1314 1787 1408 1815; x_wconf 69' lang='grc' dir='ltr'><strong>δια-θη.</strong></span> 
     </span>
    </p>
   </div>
   <div class='ocr_carea' id='block_1_41' title="bbox 166 1833 918 1877">
    <p class='ocr_par' dir='ltr' id='par_1_41' title="bbox 166 1833 917 1872">
     <span class='ocr_line' id='line_1_44' title="bbox 166 1833 917 1872; baseline 0.005 -13"><span class='ocrx_word' id='word_1_253' title='bbox 166 1833 268 1868; x_wconf 80' lang='grc' dir='ltr'>Κράτει</span> <span class='ocrx_word' id='word_1_254' title='bbox 284 1834 318 1860; x_wconf 86' lang='grc' dir='ltr'>τὰ</span> <span class='ocrx_word' id='word_1_255' title='bbox 329 1833 382 1861; x_wconf 72' lang='grc' dir='ltr'><strong>ἀπὸ</strong></span> <span class='ocrx_word' id='word_1_256' title='bbox 397 1834 511 1865; x_wconf 80' lang='grc' dir='ltr'>κτίσεως</span> <span class='ocrx_word' id='word_1_257' title='bbox 526 1833 628 1869; x_wconf 82' lang='grc' dir='ltr'>κόσμου</span> <span class='ocrx_word' id='word_1_258' title='bbox 638 1842 645 1849; x_wconf 92' lang='grc'><strong>·</strong></span> <span class='ocrx_word' id='word_1_259' title='bbox 664 1835 773 1862; x_wconf 75' lang='grc' dir='ltr'>ἅπαντα</span> <span class='ocrx_word' id='word_1_260' title='bbox 786 1835 917 1872; x_wconf 76' lang='grc' dir='ltr'><strong>πρόσθες,</strong></span> 
     </span>
    </p>
   </div>
   <div class='ocr_carea' id='block_1_42' title="bbox 984 1833 1753 1877">
    <p class='ocr_par' dir='ltr' id='par_1_42' title="bbox 1008 1834 1753 1870">
     <span class='ocr_line' id='line_1_45' title="bbox 1008 1834 1753 1870; baseline -0.003 -9"><span class='ocrx_word' id='word_1_261' title='bbox 1008 1834 1111 1870; x_wconf 76' lang='lat' dir='ltr'><strong>Collige</strong></span> <span class='ocrx_word' id='word_1_262' title='bbox 1136 1842 1222 1863; x_wconf 88' lang='lat' dir='ltr'><strong>annos</strong></span> <span class='ocrx_word' id='word_1_263' title='bbox 1248 1835 1282 1862; x_wconf 86' lang='lat' dir='ltr'><strong>ab</strong></span> <span class='ocrx_word' id='word_1_264' title='bbox 1311 1835 1376 1862; x_wconf 90' lang='lat' dir='ltr'><strong>orbe</strong></span> <span class='ocrx_word' id='word_1_265' title='bbox 1411 1834 1538 1868; x_wconf 87' lang='lat' dir='ltr'><strong>condito,</strong></span> <span class='ocrx_word' id='word_1_266' title='bbox 1567 1837 1594 1861; x_wconf 88' lang='lat' dir='ltr'><strong>cl.</strong></span> <span class='ocrx_word' id='word_1_267' title='bbox 1619 1841 1753 1862; x_wconf 81' lang='lat' dir='ltr'><strong>summam</strong></span> 
     </span>
    </p>
   </div>
   <div class='ocr_carea' id='block_1_43' title="bbox 125 1879 918 1918">
    <p class='ocr_par' dir='ltr' id='par_1_43' title="bbox 125 1879 918 1916">
     <span class='ocr_line' id='line_1_46' title="bbox 125 1879 918 1916; baseline 0.005 -11"><span class='ocrx_word' id='word_1_268' title='bbox 125 1879 178 1906; x_wconf 83' lang='grc' dir='ltr'><strong>καὶ</strong></span> <span class='ocrx_word' id='word_1_269' title='bbox 195 1879 275 1913; x_wconf 81' lang='grc' dir='ltr'>ὖφελε</span> <span class='ocrx_word' id='word_1_270' title='bbox 289 1879 358 1906; x_wconf 79' lang='grc' dir='ltr'><strong>αὐτὰ</strong></span> <span class='ocrx_word' id='word_1_271' title='bbox 376 1879 427 1906; x_wconf 83' lang='grc' dir='ltr'><strong>ὑπὸ</strong></span> <span class='ocrx_word' id='word_1_272' title='bbox 441 1879 496 1906; x_wconf 83' lang='grc' dir='ltr'><strong>τῶν</strong></span> <span class='ocrx_word' id='word_1_273' title='bbox 516 1883 561 1906; x_wconf 82' lang='grc' dir='ltr'><strong>ιε”</strong></span> <span class='ocrx_word' id='word_1_274' title='bbox 578 1880 626 1907; x_wconf 70' lang='grc' dir='ltr'>καὶ</span> <span class='ocrx_word' id='word_1_275' title='bbox 638 1880 673 1907; x_wconf 83' lang='grc' dir='ltr'>τὰ</span> <span class='ocrx_word' id='word_1_276' title='bbox 693 1881 918 1916; x_wconf 75' lang='grc' dir='ltr'><strong>ὲναπολειφῦέντα</strong></span> 
     </span>
    </p>
   </div>
   <div class='ocr_carea' id='block_1_44' title="bbox 984 1879 1562 1918">
    <p class='ocr_par' dir='ltr' id='par_1_44' title="bbox 984 1879 1562 1916">
     <span class='ocr_line' id='line_1_47' title="bbox 984 1879 1562 1916; baseline 0.002 -10"><span class='ocrx_word' id='word_1_277' title='bbox 984 1879 1075 1907; x_wconf 74' lang='lat' dir='ltr'><strong>iartire</strong></span> <span class='ocrx_word' id='word_1_278' title='bbox 1090 1887 1137 1914; x_wconf 86' lang='lat' dir='ltr'><strong>per</strong></span> <span class='ocrx_word' id='word_1_279' title='bbox 1153 1887 1186 1907; x_wconf 80' lang='lat' dir='ltr'><strong>xv</strong></span> <span class='ocrx_word' id='word_1_280' title='bbox 1200 1889 1206 1907; x_wconf 87' lang='lat'>:</span> <span class='ocrx_word' id='word_1_281' title='bbox 1222 1880 1356 1916; x_wconf 85' lang='lat' dir='ltr'><strong>reliquum</strong></span> <span class='ocrx_word' id='word_1_282' title='bbox 1370 1880 1422 1908; x_wconf 84' lang='lat' dir='ltr'><strong>erit</strong></span> <span class='ocrx_word' id='word_1_283' title='bbox 1439 1880 1562 1907; x_wconf 81' lang='lat' dir='ltr'><strong>indictio.</strong></span> 
     </span>
    </p>
   </div>
   <div class='ocr_carea' id='block_1_45' title="bbox 126 1923 661 1960">
    <p class='ocr_par' dir='ltr' id='par_1_45' title="bbox 126 1923 661 1960">
     <span class='ocr_line' id='line_1_48' title="bbox 126 1923 661 1960; baseline 0.007 -11"><span class='ocrx_word' id='word_1_284' title='bbox 126 1925 159 1950; x_wconf 75' lang='grc' dir='ltr'>ἐν</span> <span class='ocrx_word' id='word_1_285' title='bbox 175 1925 208 1959; x_wconf 83' lang='grc' dir='ltr'>τῇ</span> <span class='ocrx_word' id='word_1_286' title='bbox 224 1925 294 1960; x_wconf 79' lang='grc' dir='ltr'>χειρί</span> <span class='ocrx_word' id='word_1_287' title='bbox 308 1933 354 1951; x_wconf 84' lang='grc' dir='ltr'>σου</span> <span class='ocrx_word' id='word_1_288' title='bbox 368 1923 435 1960; x_wconf 59' lang='grc' dir='ltr'>αὕτη</span> <span class='ocrx_word' id='word_1_289' title='bbox 452 1925 524 1951; x_wconf 77' lang='grc' dir='ltr'>ἐστὶν</span> <span class='ocrx_word' id='word_1_290' title='bbox 536 1926 661 1957; x_wconf 74' lang='grc' dir='ltr'><strong>ῖνδικτος.</strong></span> 
     </span>
    </p>
   </div>
   <div class='ocr_carea' id='block_1_46' title="bbox 167 1970 920 2010">
    <p class='ocr_par' dir='ltr' id='par_1_46' title="bbox 167 1970 920 2010">
     <span class='ocr_line' id='line_1_49' title="bbox 167 1970 920 2010; baseline 0.007 -14"><span class='ocrx_word' id='word_1_291' title='bbox 167 1970 285 1996; x_wconf 81' lang='grc' dir='ltr'>Γίνωσκε</span> <span class='ocrx_word' id='word_1_292' title='bbox 298 1971 327 1997; x_wconf 82' lang='grc' dir='ltr'>δὲ</span> <span class='ocrx_word' id='word_1_293' title='bbox 351 1971 397 1997; x_wconf 73' lang='grc' dir='ltr'><strong>καὶ</strong></span> <span class='ocrx_word' id='word_1_294' title='bbox 413 1971 502 2003; x_wconf 82' lang='grc' dir='ltr'>τοῦτο,</span> <span class='ocrx_word' id='word_1_295' title='bbox 526 1972 566 1999; x_wconf 83' lang='grc' dir='ltr'><strong>ὅτι</strong></span> <span class='ocrx_word' id='word_1_296' title='bbox 582 1972 656 2008; x_wconf 77' lang='grc' dir='ltr'>ἥλιος</span> <span class='ocrx_word' id='word_1_297' title='bbox 673 1973 784 2009; x_wconf 81' lang='grc' dir='ltr'>ἄρχεται</span> <span class='ocrx_word' id='word_1_298' title='bbox 804 1973 857 2000; x_wconf 80' lang='grc' dir='ltr'><strong>ἀπὸ</strong></span> <span class='ocrx_word' id='word_1_299' title='bbox 870 1975 920 2010; x_wconf 82' lang='grc' dir='ltr'><strong>τῆς</strong></span> 
     </span>
    </p>
   </div>
   <div class='ocr_carea' id='block_1_47' title="bbox 126 2016 921 2056">
    <p class='ocr_par' dir='ltr' id='par_1_47' title="bbox 126 2016 921 2056">
     <span class='ocr_line' id='line_1_50' title="bbox 126 2016 921 2056; baseline 0.006 -14"><span class='ocrx_word' id='word_1_300' title='bbox 126 2019 155 2043; x_wconf 86' lang='grc' dir='ltr'><strong>α’</strong></span> <span class='ocrx_word' id='word_1_301' title='bbox 174 2016 220 2042; x_wconf 68' lang='grc' dir='ltr'>τοῦ</span> <span class='ocrx_word' id='word_1_302' title='bbox 235 2016 422 2053; x_wconf 71' lang='grc' dir='ltr'>ὐκτωμϐρίου</span> <span class='ocrx_word' id='word_1_303' title='bbox 444 2018 527 2053; x_wconf 81' lang='grc' dir='ltr'>μηνός</span> <span class='ocrx_word' id='word_1_304' title='bbox 539 2026 546 2033; x_wconf 88' lang='grc'><strong>·</strong></span> <span class='ocrx_word' id='word_1_305' title='bbox 560 2019 576 2054; x_wconf 81' lang='grc' dir='ltr'>ὴ</span> <span class='ocrx_word' id='word_1_306' title='bbox 592 2019 620 2044; x_wconf 79' lang='grc' dir='ltr'>δὲ</span> <span class='ocrx_word' id='word_1_307' title='bbox 634 2019 732 2055; x_wconf 86' lang='grc' dir='ltr'><strong>σελήνη</strong></span> <span class='ocrx_word' id='word_1_308' title='bbox 748 2018 802 2046; x_wconf 83' lang='grc' dir='ltr'><strong>ἀπὸ</strong></span> <span class='ocrx_word' id='word_1_309' title='bbox 824 2021 873 2056; x_wconf 83' lang='grc' dir='ltr'><strong>τῆς</strong></span> <span class='ocrx_word' id='word_1_310' title='bbox 895 2027 921 2047; x_wconf 79' lang='grc' dir='ltr'><strong>α’</strong></span> 
     </span>
    </p>
   </div>
   <div class='ocr_carea' id='block_1_48' title="bbox 126 2063 920 2101">
    <p class='ocr_par' dir='ltr' id='par_1_48' title="bbox 126 2063 920 2101">
     <span class='ocr_line' id='line_1_51' title="bbox 126 2063 920 2101; baseline 0.005 -12"><span class='ocrx_word' id='word_1_311' title='bbox 126 2063 178 2089; x_wconf 81' lang='grc' dir='ltr'><strong>τοῦ</strong></span> <span class='ocrx_word' id='word_1_312' title='bbox 198 2063 361 2098; x_wconf 76' lang='grc' dir='ltr'>’ῐανουαρίου</span> <span class='ocrx_word' id='word_1_313' title='bbox 382 2064 479 2098; x_wconf 81' lang='grc' dir='ltr'><strong>μηνός·</strong></span> <span class='ocrx_word' id='word_1_314' title='bbox 503 2064 549 2090; x_wconf 77' lang='grc' dir='ltr'><strong>καὶ</strong></span> <span class='ocrx_word' id='word_1_315' title='bbox 573 2065 591 2100; x_wconf 84' lang='grc' dir='ltr'>ὴ</span> <span class='ocrx_word' id='word_1_316' title='bbox 614 2064 727 2097; x_wconf 84' lang='grc' dir='ltr'><strong>ῐνδικτος</strong></span> <span class='ocrx_word' id='word_1_317' title='bbox 750 2065 803 2092; x_wconf 85' lang='grc' dir='ltr'><strong>ἀπὸ</strong></span> <span class='ocrx_word' id='word_1_318' title='bbox 822 2066 872 2101; x_wconf 83' lang='grc' dir='ltr'><strong>τῆς</strong></span> <span class='ocrx_word' id='word_1_319' title='bbox 895 2066 920 2094; x_wconf 77' lang='grc' dir='ltr'><strong>α’</strong></span> 
     </span>
    </p>
   </div>
   <div class='ocr_carea' id='block_1_49' title="bbox 127 2109 484 2146">
    <p class='ocr_par' dir='ltr' id='par_1_49' title="bbox 127 2109 484 2146">
     <span class='ocr_line' id='line_1_52' title="bbox 127 2109 484 2146; baseline 0.003 -10"><span class='ocrx_word' id='word_1_320' title='bbox 127 2109 177 2136; x_wconf 82' lang='grc' dir='ltr'><strong>τοῦ</strong></span> <span class='ocrx_word' id='word_1_321' title='bbox 193 2109 378 2146; x_wconf 74' lang='grc' dir='ltr'>Σεπτεμϐρίου</span> <span class='ocrx_word' id='word_1_322' title='bbox 392 2110 484 2146; x_wconf 85' lang='grc' dir='ltr'><strong>μηνός.</strong></span> 
     </span>
    </p>
   </div>
   <div class='ocr_carea' id='block_1_50' title="bbox 166 2155 919 2194">
    <p class='ocr_par' dir='ltr' id='par_1_50' title="bbox 166 2155 919 2194">
     <span class='ocr_line' id='line_1_53' title="bbox 166 2155 919 2194; baseline 0.005 -12"><span class='ocrx_word' id='word_1_323' title='bbox 166 2156 214 2188; x_wconf 82' lang='grc' dir='ltr'><strong>Εἰς</strong></span> <span class='ocrx_word' id='word_1_324' title='bbox 230 2155 260 2182; x_wconf 81' lang='grc' dir='ltr'><strong>τὸ</strong></span> <span class='ocrx_word' id='word_1_325' title='bbox 277 2156 366 2191; x_wconf 83' lang='grc' dir='ltr'><strong>εὑρεῖν</strong></span> <span class='ocrx_word' id='word_1_326' title='bbox 385 2164 414 2182; x_wconf 84' lang='grc' dir='ltr'>σε</span> <span class='ocrx_word' id='word_1_327' title='bbox 431 2155 460 2182; x_wconf 82' lang='grc' dir='ltr'>τὸ</span> <span class='ocrx_word' id='word_1_328' title='bbox 475 2157 584 2192; x_wconf 72' lang='grc' dir='ltr'>νομικὺν</span> <span class='ocrx_word' id='word_1_329' title='bbox 599 2157 704 2193; x_wconf 79' lang='grc' dir='ltr'>Πάσχα,</span> <span class='ocrx_word' id='word_1_330' title='bbox 720 2157 855 2194; x_wconf 67' lang='grc' dir='ltr'><strong>κράτησω</strong></span> <span class='ocrx_word' id='word_1_331' title='bbox 872 2159 919 2186; x_wconf 83' lang='grc' dir='ltr'>τοῦ</span> 
     </span>
    </p>
   </div>
   <div class='ocr_carea' id='block_1_51' title="bbox 128 2201 920 2240">
    <p class='ocr_par' dir='ltr' id='par_1_51' title="bbox 128 2201 920 2240">
     <span class='ocr_line' id='line_1_54' title="bbox 128 2201 920 2240; baseline 0.006 -12"><span class='ocrx_word' id='word_1_332' title='bbox 128 2201 345 2237; x_wconf 73' lang='grc' dir='ltr'><strong>ὲπιζητουμένου</strong></span> <span class='ocrx_word' id='word_1_333' title='bbox 359 2202 435 2235; x_wconf 75' lang='grc' dir='ltr'>ἔτους</span> <span class='ocrx_word' id='word_1_334' title='bbox 449 2203 493 2230; x_wconf 72' lang='grc' dir='ltr'>τὸν</span> <span class='ocrx_word' id='word_1_335' title='bbox 508 2203 606 2230; x_wconf 79' lang='grc' dir='ltr'><strong>κύκλον</strong></span> <span class='ocrx_word' id='word_1_336' title='bbox 621 2204 670 2239; x_wconf 80' lang='grc' dir='ltr'><strong>τῆς</strong></span> <span class='ocrx_word' id='word_1_337' title='bbox 687 2205 811 2240; x_wconf 81' lang='grc' dir='ltr'><strong>σελήνης,</strong></span> <span class='ocrx_word' id='word_1_338' title='bbox 824 2206 920 2238; x_wconf 61' lang='lat' dir='ltr'><strong>eum;</strong></span> 
     </span>
    </p>
   </div>
   <div class='ocr_carea' id='block_1_52' title="bbox 128 2248 921 2286">
    <p class='ocr_par' dir='ltr' id='par_1_52' title="bbox 128 2248 921 2286">
     <span class='ocr_line' id='line_1_55' title="bbox 128 2248 921 2286; baseline 0.005 -12"><span class='ocrx_word' id='word_1_339' title='bbox 128 2248 201 2279; x_wconf 78' lang='grc' dir='ltr'>ἐστὶ,</span> <span class='ocrx_word' id='word_1_340' title='bbox 219 2248 265 2274; x_wconf 77' lang='grc' dir='ltr'>καὶ</span> <span class='ocrx_word' id='word_1_341' title='bbox 291 2248 537 2276; x_wconf 80' lang='grc' dir='ltr'><strong>ὲνδεκαπλασίασον</strong></span> <span class='ocrx_word' id='word_1_342' title='bbox 559 2250 658 2277; x_wconf 75' lang='grc' dir='ltr'>αὐτόν·</span> <span class='ocrx_word' id='word_1_343' title='bbox 682 2251 799 2286; x_wconf 79' lang='grc' dir='ltr'>πρόσθες</span> <span class='ocrx_word' id='word_1_344' title='bbox 819 2251 846 2278; x_wconf 83' lang='grc' dir='ltr'><strong>δὲ</strong></span> <span class='ocrx_word' id='word_1_345' title='bbox 874 2253 921 2278; x_wconf 82' lang='grc' dir='ltr'>καὶ</span> 
     </span>
    </p>
   </div>
   <div class='ocr_carea' id='block_1_53' title="bbox 129 2293 921 2329">
    <p class='ocr_par' dir='ltr' id='par_1_53' title="bbox 129 2293 921 2329">
     <span class='ocr_line' id='line_1_56' title="bbox 129 2293 921 2329; baseline 0.005 -10"><span class='ocrx_word' id='word_1_346' title='bbox 129 2293 230 2329; x_wconf 78' lang='grc' dir='ltr'>ἑτέρας</span> <span class='ocrx_word' id='word_1_347' title='bbox 252 2297 278 2326; x_wconf 86' lang='grc' dir='ltr'><strong>ς’</strong></span> <span class='ocrx_word' id='word_1_348' title='bbox 296 2294 350 2319; x_wconf 83' lang='grc' dir='ltr'>τῶν</span> <span class='ocrx_word' id='word_1_349' title='bbox 368 2293 560 2321; x_wconf 77' lang='grc' dir='ltr'><strong>ἀπάὶώνων·</strong></span> <span class='ocrx_word' id='word_1_350' title='bbox 584 2296 671 2323; x_wconf 75' lang='grc' dir='ltr'>ἰστέον</span> <span class='ocrx_word' id='word_1_351' title='bbox 691 2296 730 2327; x_wconf 77' lang='grc' dir='ltr'>δὲ,</span> <span class='ocrx_word' id='word_1_352' title='bbox 755 2296 795 2323; x_wconf 73' lang='grc' dir='ltr'><strong>ὅτι</strong></span> <span class='ocrx_word' id='word_1_353' title='bbox 816 2296 855 2328; x_wconf 81' lang='grc' dir='ltr'>είς</span> <span class='ocrx_word' id='word_1_354' title='bbox 876 2296 921 2323; x_wconf 78' lang='grc' dir='ltr'>τὸν</span> 
     </span>
    </p>
   </div>
   <div class='ocr_carea' id='block_1_54' title="bbox 132 2338 920 2377">
    <p class='ocr_par' dir='ltr' id='par_1_54' title="bbox 132 2338 920 2377">
     <span class='ocr_line' id='line_1_57' title="bbox 132 2338 920 2377; baseline 0.003 -11"><span class='ocrx_word' id='word_1_355' title='bbox 132 2339 165 2371; x_wconf 79' lang='grc' dir='ltr'><strong>ιζ’</strong></span> <span class='ocrx_word' id='word_1_356' title='bbox 180 2338 288 2370; x_wconf 80' lang='grc' dir='ltr'>κύκλον,</span> <span class='ocrx_word' id='word_1_357' title='bbox 305 2340 351 2366; x_wconf 77' lang='grc' dir='ltr'>καὶ</span> <span class='ocrx_word' id='word_1_358' title='bbox 371 2343 415 2375; x_wconf 83' lang='grc' dir='ltr'><strong>ιη’,</strong></span> <span class='ocrx_word' id='word_1_359' title='bbox 431 2340 477 2366; x_wconf 80' lang='grc' dir='ltr'><strong>καὶ</strong></span> <span class='ocrx_word' id='word_1_360' title='bbox 499 2339 531 2366; x_wconf 66' lang='grc' dir='ltr'><strong>ιθν</strong></span> <span class='ocrx_word' id='word_1_361' title='bbox 548 2341 578 2367; x_wconf 80' lang='grc' dir='ltr'><strong>ού</strong></span> <span class='ocrx_word' id='word_1_362' title='bbox 598 2341 748 2377; x_wconf 70' lang='grc' dir='ltr'>προστίθης</span> <span class='ocrx_word' id='word_1_363' title='bbox 762 2344 788 2373; x_wconf 79' lang='grc' dir='ltr'><strong>ς’</strong></span> <span class='ocrx_word' id='word_1_364' title='bbox 801 2341 856 2368; x_wconf 84' lang='grc' dir='ltr'><strong>τῶν</strong></span> <span class='ocrx_word' id='word_1_365' title='bbox 873 2342 920 2368; x_wconf 86' lang='grc' dir='ltr'><strong>ἀπ’</strong></span> 
     </span>
    </p>
   </div>
   <div class='ocr_carea' id='block_1_55' title="bbox 131 2385 921 2421">
    <p class='ocr_par' dir='ltr' id='par_1_55' title="bbox 131 2385 921 2421">
     <span class='ocr_line' id='line_1_58' title="bbox 131 2385 921 2421; baseline 0.003 -9"><span class='ocrx_word' id='word_1_366' title='bbox 131 2385 249 2417; x_wconf 68' lang='grc' dir='ltr'><strong>αἰώνων,</strong></span> <span class='ocrx_word' id='word_1_367' title='bbox 264 2386 331 2413; x_wconf 82' lang='grc' dir='ltr'>ἄλλα</span> <span class='ocrx_word' id='word_1_368' title='bbox 350 2386 387 2419; x_wconf 81' lang='grc' dir='ltr'><strong>ζ’·</strong></span> <span class='ocrx_word' id='word_1_369' title='bbox 405 2387 435 2412; x_wconf 80' lang='grc' dir='ltr'>ἐν</span> <span class='ocrx_word' id='word_1_370' title='bbox 454 2387 482 2413; x_wconf 79' lang='grc' dir='ltr'><strong>δὲ</strong></span> <span class='ocrx_word' id='word_1_371' title='bbox 497 2388 553 2418; x_wconf 84' lang='grc' dir='ltr'>τοῖς</span> <span class='ocrx_word' id='word_1_372' title='bbox 572 2387 661 2419; x_wconf 80' lang='grc' dir='ltr'><strong>ἄλλοις</strong></span> <span class='ocrx_word' id='word_1_373' title='bbox 683 2388 754 2420; x_wconf 85' lang='grc' dir='ltr'>ὅλοις</span> <span class='ocrx_word' id='word_1_374' title='bbox 769 2387 878 2420; x_wconf 83' lang='grc' dir='ltr'>κύκλοις</span> <span class='ocrx_word' id='word_1_375' title='bbox 894 2392 921 2421; x_wconf 82' lang='grc' dir='ltr'><strong>ς’</strong></span> 
     </span>
    </p>
   </div>
   <div class='ocr_carea' id='block_1_56' title="bbox 131 2432 921 2468">
    <p class='ocr_par' dir='ltr' id='par_1_56' title="bbox 131 2432 921 2468">
     <span class='ocr_line' id='line_1_59' title="bbox 131 2432 921 2468; baseline 0.001 -8"><span class='ocrx_word' id='word_1_376' title='bbox 131 2433 180 2460; x_wconf 85' lang='grc' dir='ltr'><strong>καὶ</strong></span> <span class='ocrx_word' id='word_1_377' title='bbox 203 2432 297 2468; x_wconf 82' lang='grc' dir='ltr'>μόνας,</span> <span class='ocrx_word' id='word_1_378' title='bbox 317 2433 354 2464; x_wconf 81' lang='grc' dir='ltr'><strong>ὡς</strong></span> <span class='ocrx_word' id='word_1_379' title='bbox 376 2432 490 2468; x_wconf 76' lang='grc' dir='ltr'>ἔφημεν,</span> <span class='ocrx_word' id='word_1_380' title='bbox 513 2432 570 2459; x_wconf 80' lang='grc' dir='ltr'><strong>Εἶθ’</strong></span> <span class='ocrx_word' id='word_1_381' title='bbox 594 2432 681 2464; x_wconf 78' lang='grc' dir='ltr'>οὕτως</span> <span class='ocrx_word' id='word_1_382' title='bbox 701 2433 831 2460; x_wconf 80' lang='grc' dir='ltr'><strong>ἀνάλυσον</strong></span> <span class='ocrx_word' id='word_1_383' title='bbox 852 2433 921 2461; x_wconf 73' lang='grc' dir='ltr'>αὐτὰ</span> 
     </span>
    </p>
   </div>
   <div class='ocr_carea' id='block_1_57' title="bbox 131 2478 922 2516">
    <p class='ocr_par' dir='ltr' id='par_1_57' title="bbox 131 2478 922 2516">
     <span class='ocr_line' id='line_1_60' title="bbox 131 2478 922 2516; baseline 0.003 -11"><span class='ocrx_word' id='word_1_384' title='bbox 131 2479 177 2506; x_wconf 77' lang='grc' dir='ltr'><strong>διὰ</strong></span> <span class='ocrx_word' id='word_1_385' title='bbox 190 2479 244 2505; x_wconf 86' lang='grc' dir='ltr'><strong>τῶν</strong></span> <span class='ocrx_word' id='word_1_386' title='bbox 260 2479 280 2505; x_wconf 87' lang='grc' dir='ltr'><strong>λ’</strong></span> <span class='ocrx_word' id='word_1_387' title='bbox 292 2487 298 2493; x_wconf 90' lang='grc'>·</span> <span class='ocrx_word' id='word_1_388' title='bbox 313 2479 359 2506; x_wconf 79' lang='grc' dir='ltr'><strong>καὶ</strong></span> <span class='ocrx_word' id='word_1_389' title='bbox 377 2478 411 2505; x_wconf 79' lang='grc' dir='ltr'>τὰ</span> <span class='ocrx_word' id='word_1_390' title='bbox 425 2479 546 2506; x_wconf 76' lang='grc' dir='ltr'>κάτωθεν</span> <span class='ocrx_word' id='word_1_391' title='bbox 560 2479 614 2506; x_wconf 84' lang='grc' dir='ltr'><strong>τῶν</strong></span> <span class='ocrx_word' id='word_1_392' title='bbox 633 2479 653 2506; x_wconf 90' lang='grc' dir='ltr'><strong>λ’</strong></span> <span class='ocrx_word' id='word_1_393' title='bbox 670 2479 805 2515; x_wconf 84' lang='grc' dir='ltr'>κράτησον</span> <span class='ocrx_word' id='word_1_394' title='bbox 815 2489 821 2494; x_wconf 92' lang='grc'>·</span> <span class='ocrx_word' id='word_1_395' title='bbox 839 2479 922 2516; x_wconf 78' lang='grc' dir='ltr'><strong>ἀρξά-</strong></span> 
     </span>
    </p>
   </div>
   <div class='ocr_carea' id='block_1_58' title="bbox 1010 1971 1754 2007">
    <p class='ocr_par' dir='ltr' id='par_1_58' title="bbox 1010 1971 1754 2007">
     <span class='ocr_line' id='line_1_61' title="bbox 1010 1971 1754 2007; baseline -0.004 -6"><span class='ocrx_word' id='word_1_396' title='bbox 1010 1974 1156 2001; x_wconf 81' lang='lat' dir='ltr'><strong>Sciendum</strong></span> <span class='ocrx_word' id='word_1_397' title='bbox 1181 1977 1223 2002; x_wconf 87' lang='lat' dir='ltr'><strong>est</strong></span> <span class='ocrx_word' id='word_1_398' title='bbox 1243 1978 1333 2001; x_wconf 82' lang='lat' dir='ltr'><strong>autem</strong></span> <span class='ocrx_word' id='word_1_399' title='bbox 1356 1973 1440 2001; x_wconf 87' lang='lat' dir='ltr'><strong>solem</strong></span> <span class='ocrx_word' id='word_1_400' title='bbox 1468 1973 1586 2007; x_wconf 84' lang='lat' dir='ltr'><strong>incipere</strong></span> <span class='ocrx_word' id='word_1_401' title='bbox 1599 1971 1754 2000; x_wconf 82' lang='lat' dir='ltr'><strong>aKalendis</strong></span> 
     </span>
    </p>
   </div>
   <div class='ocr_carea' id='block_1_59' title="bbox 970 2017 1755 2050">
    <p class='ocr_par' dir='ltr' id='par_1_59' title="bbox 970 2017 1755 2050">
     <span class='ocr_line' id='line_1_62' title="bbox 970 2017 1755 2050; baseline -0.003 -6"><span class='ocrx_word' id='word_1_402' title='bbox 970 2017 1099 2045; x_wconf 78' lang='lat' dir='ltr'><strong>Octobris</strong></span> <span class='ocrx_word' id='word_1_403' title='bbox 1119 2025 1126 2043; x_wconf 87' lang='lat'>:</span> <span class='ocrx_word' id='word_1_404' title='bbox 1153 2018 1244 2045; x_wconf 89' lang='lat' dir='ltr'><strong>lunam</strong></span> <span class='ocrx_word' id='word_1_405' title='bbox 1260 2027 1274 2044; x_wconf 89' lang='lat' dir='ltr'><strong>a</strong></span> <span class='ocrx_word' id='word_1_406' title='bbox 1297 2018 1358 2045; x_wconf 78' lang='lat' dir='ltr'><strong>Kal.</strong></span> <span class='ocrx_word' id='word_1_407' title='bbox 1378 2017 1526 2050; x_wconf 84' lang='lat' dir='ltr'><strong>Januariis,</strong></span> <span class='ocrx_word' id='word_1_408' title='bbox 1549 2017 1722 2044; x_wconf 85' lang='lat' dir='ltr'><strong>indictionem</strong></span> <span class='ocrx_word' id='word_1_409' title='bbox 1740 2024 1755 2042; x_wconf 91' lang='lat' dir='ltr'><strong>a</strong></span> 
     </span>
    </p>
   </div>
   <div class='ocr_carea' id='block_1_60' title="bbox 972 2063 1291 2099">
    <p class='ocr_par' dir='ltr' id='par_1_60' title="bbox 972 2063 1291 2099">
     <span class='ocr_line' id='line_1_63' title="bbox 972 2063 1291 2099; baseline 0.003 -8"><span class='ocrx_word' id='word_1_410' title='bbox 972 2063 1100 2093; x_wconf 81' lang='lat' dir='ltr'><strong>Kalendis</strong></span> <span class='ocrx_word' id='word_1_411' title='bbox 1116 2063 1291 2099; x_wconf 81' lang='lat' dir='ltr'><strong>Septembris.</strong></span> 
     </span>
    </p>
   </div>
   <div class='ocr_carea' id='block_1_61' title="bbox 1005 2153 1755 2191">
    <p class='ocr_par' dir='ltr' id='par_1_61' title="bbox 1005 2153 1755 2191">
     <span class='ocr_line' id='line_1_64' title="bbox 1005 2153 1755 2191; baseline 0.001 -11"><span class='ocrx_word' id='word_1_412' title='bbox 1005 2153 1046 2181; x_wconf 80' lang='lat' dir='ltr'><strong>Ad</strong></span> <span class='ocrx_word' id='word_1_413' title='bbox 1061 2154 1251 2182; x_wconf 82' lang='lat' dir='ltr'><strong>inveniendum</strong></span> <span class='ocrx_word' id='word_1_414' title='bbox 1267 2156 1352 2190; x_wconf 78' lang='lat' dir='ltr'><strong>legale</strong></span> <span class='ocrx_word' id='word_1_415' title='bbox 1379 2155 1494 2188; x_wconf 81' lang='lat' dir='ltr'><strong>Pascha,</strong></span> <span class='ocrx_word' id='word_1_416' title='bbox 1518 2155 1609 2191; x_wconf 83' lang='lat' dir='ltr'><strong>accipe</strong></span> <span class='ocrx_word' id='word_1_417' title='bbox 1633 2155 1755 2182; x_wconf 83' lang='lat' dir='ltr'><strong>lunarem</strong></span> 
     </span>
    </p>
   </div>
   <div class='ocr_carea' id='block_1_62' title="bbox 971 2200 1755 2237">
    <p class='ocr_par' dir='ltr' id='par_1_62' title="bbox 971 2200 1755 2237">
     <span class='ocr_line' id='line_1_65' title="bbox 971 2200 1755 2237; baseline -0.001 -10"><span class='ocrx_word' id='word_1_418' title='bbox 971 2200 1077 2236; x_wconf 84' lang='lat' dir='ltr'><strong>eyclum</strong></span> <span class='ocrx_word' id='word_1_419' title='bbox 1103 2201 1167 2227; x_wconf 89' lang='lat' dir='ltr'><strong>anni</strong></span> <span class='ocrx_word' id='word_1_420' title='bbox 1187 2201 1332 2236; x_wconf 85' lang='lat' dir='ltr'><strong>propositi,</strong></span> <span class='ocrx_word' id='word_1_421' title='bbox 1347 2209 1463 2237; x_wconf 87' lang='lat' dir='ltr'><strong>eumque</strong></span> <span class='ocrx_word' id='word_1_422' title='bbox 1482 2209 1529 2237; x_wconf 88' lang='lat' dir='ltr'><strong>per</strong></span> <span class='ocrx_word' id='word_1_423' title='bbox 1543 2201 1667 2228; x_wconf 75' lang='lat' dir='ltr'><strong>undecim</strong></span> <span class='ocrx_word' id='word_1_424' title='bbox 1685 2201 1755 2228; x_wconf 84' lang='lat' dir='ltr'><strong>mul—</strong></span> 
     </span>
    </p>
   </div>
   <div class='ocr_carea' id='block_1_63' title="bbox 973 2247 1756 2285">
    <p class='ocr_par' dir='ltr' id='par_1_63' title="bbox 973 2247 1756 2285">
     <span class='ocr_line' id='line_1_66' title="bbox 973 2247 1756 2285; baseline 0 -11"><span class='ocrx_word' id='word_1_425' title='bbox 973 2247 1077 2282; x_wconf 86' lang='lat' dir='ltr'><strong>tiplica,</strong></span> <span class='ocrx_word' id='word_1_426' title='bbox 1103 2247 1137 2274; x_wconf 88' lang='lat' dir='ltr'><strong>ad</strong></span> <span class='ocrx_word' id='word_1_427' title='bbox 1159 2255 1292 2275; x_wconf 88' lang='lat' dir='ltr'><strong>summam</strong></span> <span class='ocrx_word' id='word_1_428' title='bbox 1316 2248 1404 2282; x_wconf 87' lang='lat' dir='ltr'><strong>adjice</strong></span> <span class='ocrx_word' id='word_1_429' title='bbox 1428 2256 1492 2280; x_wconf 76' lang='lat' dir='ltr'><strong>sex,</strong></span> <span class='ocrx_word' id='word_1_430' title='bbox 1517 2256 1578 2283; x_wconf 72' lang='lat' dir='ltr'><strong>qum</strong></span> <span class='ocrx_word' id='word_1_431' title='bbox 1609 2257 1625 2275; x_wconf 81' lang='grc' dir='ltr'><em>α</em></span> <span class='ocrx_word' id='word_1_432' title='bbox 1652 2248 1756 2285; x_wconf 66' lang='lat' dir='ltr'><strong>scutulis</strong></span> 
     </span>
    </p>
   </div>
   <div class='ocr_carea' id='block_1_64' title="bbox 977 2293 1756 2330">
    <p class='ocr_par' dir='ltr' id='par_1_64' title="bbox 977 2293 1756 2330">
     <span class='ocr_line' id='line_1_67' title="bbox 977 2293 1756 2330; baseline 0 -10"><span class='ocrx_word' id='word_1_433' title='bbox 977 2294 1125 2329; x_wconf 81' lang='lat' dir='ltr'><strong>appellant.</strong></span> <span class='ocrx_word' id='word_1_434' title='bbox 1144 2293 1244 2321; x_wconf 81' lang='lat' dir='ltr'><strong>Verum</strong></span> <span class='ocrx_word' id='word_1_435' title='bbox 1268 2294 1294 2320; x_wconf 91' lang='lat' dir='ltr'><strong>in</strong></span> <span class='ocrx_word' id='word_1_436' title='bbox 1319 2295 1396 2330; x_wconf 80' lang='lat' dir='ltr'><strong>eyclo</strong></span> <span class='ocrx_word' id='word_1_437' title='bbox 1419 2302 1486 2326; x_wconf 79' lang='lat' dir='ltr'><strong>xvu,</strong></span> <span class='ocrx_word' id='word_1_438' title='bbox 1508 2298 1535 2321; x_wconf 90' lang='lat' dir='ltr'><strong>et</strong></span> <span class='ocrx_word' id='word_1_439' title='bbox 1551 2301 1627 2326; x_wconf 78' lang='lat' dir='ltr'><strong>xvm.</strong></span> <span class='ocrx_word' id='word_1_440' title='bbox 1653 2298 1680 2321; x_wconf 84' lang='lat' dir='ltr'><strong>et</strong></span> <span class='ocrx_word' id='word_1_441' title='bbox 1699 2301 1756 2330; x_wconf 50' lang='lat' dir='ltr'><strong>xta.</strong></span> 
     </span>
    </p>
   </div>
   <div class='ocr_carea' id='block_1_65' title="bbox 972 2333 1757 2375">
    <p class='ocr_par' dir='ltr' id='par_1_65' title="bbox 972 2333 1757 2375">
     <span class='ocr_line' id='line_1_68' title="bbox 972 2333 1757 2375; baseline -0.003 -7"><span class='ocrx_word' id='word_1_442' title='bbox 972 2348 1028 2368; x_wconf 88' lang='lat' dir='ltr'><strong>non</strong></span> <span class='ocrx_word' id='word_1_443' title='bbox 1047 2348 1106 2373; x_wconf 85' lang='lat' dir='ltr'><strong>sex,</strong></span> <span class='ocrx_word' id='word_1_444' title='bbox 1130 2340 1177 2368; x_wconf 85' lang='lat' dir='ltr'><strong>sed</strong></span> <span class='ocrx_word' id='word_1_445' title='bbox 1197 2343 1302 2375; x_wconf 87' lang='lat' dir='ltr'><strong>septem</strong></span> <span class='ocrx_word' id='word_1_446' title='bbox 1325 2340 1448 2368; x_wconf 83' lang='lat' dir='ltr'><strong>addenda</strong></span> <span class='ocrx_word' id='word_1_447' title='bbox 1467 2345 1550 2374; x_wconf 83' lang='lat' dir='ltr'><strong>sunt;</strong></span> <span class='ocrx_word' id='word_1_448' title='bbox 1566 2342 1592 2367; x_wconf 88' lang='lat' dir='ltr'><strong>in</strong></span> <span class='ocrx_word' id='word_1_449' title='bbox 1609 2339 1670 2367; x_wconf 89' lang='lat' dir='ltr'><strong>aliis</strong></span> <span class='ocrx_word' id='word_1_450' title='bbox 1682 2333 1757 2371; x_wconf 80' lang='lat' dir='ltr'><strong>vero.</strong></span> 
     </span>
    </p>
   </div>
   <div class='ocr_carea' id='block_1_66' title="bbox 972 2387 1756 2422">
    <p class='ocr_par' dir='ltr' id='par_1_66' title="bbox 972 2387 1756 2422">
     <span class='ocr_line' id='line_1_69' title="bbox 972 2387 1756 2422; baseline -0.001 -6"><span class='ocrx_word' id='word_1_451' title='bbox 972 2395 1033 2416; x_wconf 79' lang='lat' dir='ltr'><strong>sex.</strong></span> <span class='ocrx_word' id='word_1_452' title='bbox 1052 2387 1149 2416; x_wconf 84' lang='lat' dir='ltr'><strong>Postea</strong></span> <span class='ocrx_word' id='word_1_453' title='bbox 1174 2388 1317 2415; x_wconf 82' lang='lat' dir='ltr'><strong>collectam</strong></span> <span class='ocrx_word' id='word_1_454' title='bbox 1339 2394 1472 2414; x_wconf 75' lang='lat' dir='ltr'><strong>sumntum</strong></span> <span class='ocrx_word' id='word_1_455' title='bbox 1499 2387 1600 2422; x_wconf 87' lang='lat' dir='ltr'><strong>partire</strong></span> <span class='ocrx_word' id='word_1_456' title='bbox 1623 2394 1670 2422; x_wconf 91' lang='lat' dir='ltr'><strong>per</strong></span> <span class='ocrx_word' id='word_1_457' title='bbox 1691 2394 1756 2417; x_wconf 75' lang='grc' dir='ltr'><strong>ιιι.</strong></span> 
     </span>
    </p>
   </div>
   <div class='ocr_carea' id='block_1_67' title="bbox 973 2432 1756 2469">
    <p class='ocr_par' dir='ltr' id='par_1_67' title="bbox 973 2432 1756 2469">
     <span class='ocr_line' id='line_1_70' title="bbox 973 2432 1756 2469; baseline -0.003 -8"><span class='ocrx_word' id='word_1_458' title='bbox 973 2434 1049 2469; x_wconf 88' lang='lat' dir='ltr'><strong>quod</strong></span> <span class='ocrx_word' id='word_1_459' title='bbox 1067 2434 1200 2469; x_wconf 85' lang='lat' dir='ltr'><strong>reliquum</strong></span> <span class='ocrx_word' id='word_1_460' title='bbox 1217 2433 1280 2465; x_wconf 68' lang='lat' dir='ltr'><strong>erit,</strong></span> <span class='ocrx_word' id='word_1_461' title='bbox 1297 2441 1311 2460; x_wconf 89' lang='lat' dir='ltr'><strong>a</strong></span> <span class='ocrx_word' id='word_1_462' title='bbox 1325 2433 1458 2460; x_wconf 80' lang='lat' dir='ltr'><strong>Kalendis</strong></span> <span class='ocrx_word' id='word_1_463' title='bbox 1475 2433 1578 2461; x_wconf 81' lang='lat' dir='ltr'><strong>Martiis</strong></span> <span class='ocrx_word' id='word_1_464' title='bbox 1599 2436 1695 2468; x_wconf 79' lang='lat' dir='ltr'><strong>putare</strong></span> <span class='ocrx_word' id='word_1_465' title='bbox 1716 2432 1756 2459; x_wconf 85' lang='lat' dir='ltr'><strong>in-</strong></span> 
     </span>
    </p>
   </div>
   <div class='ocr_carea' id='block_1_68' title="bbox 973 2478 1756 2515">
    <p class='ocr_par' dir='ltr' id='par_1_68' title="bbox 973 2478 1756 2515">
     <span class='ocr_line' id='line_1_71' title="bbox 973 2478 1756 2515; baseline -0.005 -8"><span class='ocrx_word' id='word_1_466' title='bbox 973 2479 1051 2515; x_wconf 82' lang='lat' dir='ltr'><strong>cipe,</strong></span> <span class='ocrx_word' id='word_1_467' title='bbox 1073 2479 1160 2507; x_wconf 88' lang='lat' dir='ltr'><strong>donec</strong></span> <span class='ocrx_word' id='word_1_468' title='bbox 1185 2479 1382 2514; x_wconf 81' lang='lat' dir='ltr'><strong>quinquaginta</strong></span> <span class='ocrx_word' id='word_1_469' title='bbox 1403 2478 1461 2506; x_wconf 87' lang='lat' dir='ltr'><strong>dies</strong></span> <span class='ocrx_word' id='word_1_470' title='bbox 1482 2479 1633 2513; x_wconf 81' lang='lat' dir='ltr'><strong>expleveris</strong></span> <span class='ocrx_word' id='word_1_471' title='bbox 1651 2487 1658 2506; x_wconf 90' lang='lat'><strong>:</strong></span> <span class='ocrx_word' id='word_1_472' title='bbox 1676 2485 1756 2513; x_wconf 90' lang='lat' dir='ltr'><strong>quem</strong></span> 
     </span>
    </p>
   </div>
   <div class='ocr_carea' id='block_1_69' title="bbox 134 2521 918 2561">
    <p class='ocr_par' dir='ltr' id='par_1_69' title="bbox 134 2525 918 2561">
     <span class='ocr_line' id='line_1_72' title="bbox 134 2525 918 2561; baseline 0.001 -9"><span class='ocrx_word' id='word_1_473' title='bbox 134 2534 215 2561; x_wconf 83' lang='grc' dir='ltr'>μενος</span> <span class='ocrx_word' id='word_1_474' title='bbox 228 2525 281 2553; x_wconf 81' lang='grc' dir='ltr'><strong>ἀπὸ</strong></span> <span class='ocrx_word' id='word_1_475' title='bbox 292 2525 338 2552; x_wconf 83' lang='grc' dir='ltr'><strong>τοῦ</strong></span> <span class='ocrx_word' id='word_1_476' title='bbox 352 2526 473 2561; x_wconf 78' lang='grc' dir='ltr'>Μαρτίου</span> <span class='ocrx_word' id='word_1_477' title='bbox 487 2525 581 2561; x_wconf 82' lang='grc' dir='ltr'>μηνὸς,</span> <span class='ocrx_word' id='word_1_478' title='bbox 593 2525 705 2561; x_wconf 80' lang='grc' dir='ltr'>ἀρίθμει</span> <span class='ocrx_word' id='word_1_479' title='bbox 718 2526 809 2553; x_wconf 78' lang='grc' dir='ltr'>ἐπάνω</span> <span class='ocrx_word' id='word_1_480' title='bbox 822 2526 918 2559; x_wconf 80' lang='grc' dir='ltr'>αὐτῶν,</span> 
     </span>
    </p>
   </div>
   <div class='ocr_carea' id='block_1_70' title="bbox 984 2521 1758 2561">
    <p class='ocr_par' dir='ltr' id='par_1_70' title="bbox 984 2523 1758 2558">
     <span class='ocr_line' id='line_1_73' title="bbox 984 2523 1758 2558; baseline -0.004 -5"><span class='ocrx_word' id='word_1_481' title='bbox 984 2533 1118 2554; x_wconf 81' lang='lat' dir='ltr'><strong>nunerum</strong></span> <span class='ocrx_word' id='word_1_482' title='bbox 1144 2526 1167 2553; x_wconf 89' lang='lat' dir='ltr'><strong>si</strong></span> <span class='ocrx_word' id='word_1_483' title='bbox 1191 2525 1261 2552; x_wconf 86' lang='lat' dir='ltr'><strong>intra</strong></span> <span class='ocrx_word' id='word_1_484' title='bbox 1284 2524 1410 2551; x_wconf 83' lang='lat' dir='ltr'><strong>Martium</strong></span> <span class='ocrx_word' id='word_1_485' title='bbox 1432 2523 1536 2550; x_wconf 79' lang='lat' dir='ltr'><strong>efﬁcere</strong></span> <span class='ocrx_word' id='word_1_486' title='bbox 1563 2524 1663 2558; x_wconf 83' lang='lat' dir='ltr'><strong>possis,</strong></span> <span class='ocrx_word' id='word_1_487' title='bbox 1690 2524 1758 2551; x_wconf 85' lang='lat' dir='ltr'><strong>bene</strong></span> 
     </span>
    </p>
   </div>
   <div class='ocr_carea' id='block_1_71' title="bbox 131 2570 922 2606">
    <p class='ocr_par' dir='ltr' id='par_1_71' title="bbox 131 2570 922 2606">
     <span class='ocr_line' id='line_1_74' title="bbox 131 2570 922 2606; baseline -0.001 -8"><span class='ocrx_word' id='word_1_488' title='bbox 131 2572 186 2604; x_wconf 73' lang='grc' dir='ltr'>ἕως</span> <span class='ocrx_word' id='word_1_489' title='bbox 202 2572 262 2598; x_wconf 75' lang='grc' dir='ltr'>ὅτου</span> <span class='ocrx_word' id='word_1_490' title='bbox 278 2571 413 2606; x_wconf 71' lang='grc' dir='ltr'><strong>ἱκανώσῃς</strong></span> <span class='ocrx_word' id='word_1_491' title='bbox 426 2574 446 2598; x_wconf 88' lang='grc' dir='ltr'><strong>ν’</strong></span> <span class='ocrx_word' id='word_1_492' title='bbox 466 2571 571 2606; x_wconf 78' lang='grc' dir='ltr'><strong>ἡμέρας</strong></span> <span class='ocrx_word' id='word_1_493' title='bbox 584 2579 590 2586; x_wconf 84' lang='grc'><em>’</em></span> <span class='ocrx_word' id='word_1_494' title='bbox 612 2570 658 2597; x_wconf 81' lang='grc' dir='ltr'>καὶ</span> <span class='ocrx_word' id='word_1_495' title='bbox 674 2571 698 2597; x_wconf 80' lang='grc' dir='ltr'><strong>εἰ</strong></span> <span class='ocrx_word' id='word_1_496' title='bbox 717 2570 766 2605; x_wconf 87' lang='grc' dir='ltr'><strong>μὲν</strong></span> <span class='ocrx_word' id='word_1_497' title='bbox 784 2570 922 2597; x_wconf 79' lang='grc' dir='ltr'><strong>ἱκανωθῶ-</strong></span> 
     </span>
    </p>
   </div>
   <div class='ocr_carea' id='block_1_72' title="bbox 134 2616 917 2654">
    <p class='ocr_par' dir='ltr' id='par_1_72' title="bbox 134 2616 917 2654">
     <span class='ocr_line' id='line_1_75' title="bbox 134 2616 917 2654; baseline -0.001 -9"><span class='ocrx_word' id='word_1_498' title='bbox 134 2628 177 2645; x_wconf 84' lang='grc' dir='ltr'><strong>σιν</strong></span> <span class='ocrx_word' id='word_1_499' title='bbox 191 2619 219 2645; x_wconf 80' lang='grc' dir='ltr'><strong>αἱ</strong></span> <span class='ocrx_word' id='word_1_500' title='bbox 235 2623 256 2644; x_wconf 92' lang='grc' dir='ltr'><strong>ν’</strong></span> <span class='ocrx_word' id='word_1_501' title='bbox 270 2619 371 2654; x_wconf 80' lang='grc' dir='ltr'><strong>ἡμέραι</strong></span> <span class='ocrx_word' id='word_1_502' title='bbox 383 2618 458 2650; x_wconf 77' lang='grc' dir='ltr'>ἐντὸς</span> <span class='ocrx_word' id='word_1_503' title='bbox 476 2617 529 2644; x_wconf 85' lang='grc' dir='ltr'><strong>τῶν</strong></span> <span class='ocrx_word' id='word_1_504' title='bbox 543 2617 676 2652; x_wconf 76' lang='grc' dir='ltr'>Μαρτίου,</span> <span class='ocrx_word' id='word_1_505' title='bbox 689 2616 783 2653; x_wconf 83' lang='grc' dir='ltr'><strong>χάρις·</strong></span> <span class='ocrx_word' id='word_1_506' title='bbox 803 2617 828 2643; x_wconf 83' lang='grc' dir='ltr'><strong>εί</strong></span> <span class='ocrx_word' id='word_1_507' title='bbox 841 2616 863 2643; x_wconf 84' lang='grc' dir='ltr'><strong>δ’</strong></span> <span class='ocrx_word' id='word_1_508' title='bbox 876 2616 917 2648; x_wconf 83' lang='grc' dir='ltr'><strong>οῦ.</strong></span> 
     </span>
    </p>
   </div>
   <div class='ocr_carea' id='block_1_73' title="bbox 133 2655 920 2700">
    <p class='ocr_par' dir='ltr' id='par_1_73' title="bbox 133 2655 920 2700">
     <span class='ocr_line' id='line_1_76' title="bbox 133 2655 920 2700; baseline -0.005 -8"><span class='ocrx_word' id='word_1_509' title='bbox 133 2665 255 2700; x_wconf 74' lang='grc' dir='ltr'>λάμϐανε</span> <span class='ocrx_word' id='word_1_510' title='bbox 269 2665 315 2692; x_wconf 71' lang='grc' dir='ltr'><strong>καὶ</strong></span> <span class='ocrx_word' id='word_1_511' title='bbox 331 2665 385 2692; x_wconf 79' lang='grc' dir='ltr'><strong>ἀπὸ</strong></span> <span class='ocrx_word' id='word_1_512' title='bbox 397 2665 443 2692; x_wconf 74' lang='grc' dir='ltr'>τοῦ</span> <span class='ocrx_word' id='word_1_513' title='bbox 460 2655 596 2700; x_wconf 67' lang='grc' dir='ltr'><strong>Ἆπριλίου</strong></span> <span class='ocrx_word' id='word_1_514' title='bbox 610 2663 705 2699; x_wconf 76' lang='grc' dir='ltr'>μηνὸς,</span> <span class='ocrx_word' id='word_1_515' title='bbox 719 2662 771 2694; x_wconf 69' lang='grc' dir='ltr'><strong>ἕως</strong></span> <span class='ocrx_word' id='word_1_516' title='bbox 786 2663 847 2690; x_wconf 77' lang='grc' dir='ltr'>ὅτου</span> <span class='ocrx_word' id='word_1_517' title='bbox 862 2663 920 2689; x_wconf 78' lang='grc' dir='ltr'>ἱκα-</span> 
     </span>
    </p>
   </div>
   <div class='ocr_carea' id='block_1_74' title="bbox 134 2708 920 2749">
    <p class='ocr_par' dir='ltr' id='par_1_74' title="bbox 134 2708 920 2749">
     <span class='ocr_line' id='line_1_77' title="bbox 134 2708 920 2749; baseline -0.004 -11"><span class='ocrx_word' id='word_1_518' title='bbox 134 2711 224 2748; x_wconf 71' lang='grc' dir='ltr'><strong>νώσῃς</strong></span> <span class='ocrx_word' id='word_1_519' title='bbox 244 2712 338 2744; x_wconf 83' lang='grc' dir='ltr'><strong>αὐτάς.</strong></span> <span class='ocrx_word' id='word_1_520' title='bbox 361 2712 405 2738; x_wconf 82' lang='grc' dir='ltr'><strong>Ἐν</strong></span> <span class='ocrx_word' id='word_1_521' title='bbox 468 2711 489 2738; x_wconf 86' lang='grc' dir='ltr'>δ’</span> <span class='ocrx_word' id='word_1_522' title='bbox 505 2711 537 2738; x_wconf 85' lang='grc' dir='ltr'>ἂν</span> <span class='ocrx_word' id='word_1_523' title='bbox 557 2710 648 2746; x_wconf 64' lang='grc' dir='ltr'>ἡμέρᾳ.</span> <span class='ocrx_word' id='word_1_524' title='bbox 672 2708 838 2736; x_wconf 77' lang='grc' dir='ltr'><strong>ἱκανωθῶσιν</strong></span> <span class='ocrx_word' id='word_1_525' title='bbox 854 2710 882 2736; x_wconf 79' lang='grc' dir='ltr'><strong>αἱ</strong></span> <span class='ocrx_word' id='word_1_526' title='bbox 900 2713 920 2735; x_wconf 85' lang='grc' dir='ltr'><strong>ν’</strong></span> 
     </span>
    </p>
   </div>
   <div class='ocr_carea' id='block_1_75' title="bbox 133 2755 920 2794">
    <p class='ocr_par' dir='ltr' id='par_1_75' title="bbox 133 2755 920 2794">
     <span class='ocr_line' id='line_1_78' title="bbox 133 2755 920 2794; baseline -0.004 -8"><span class='ocrx_word' id='word_1_527' title='bbox 133 2759 249 2794; x_wconf 79' lang='grc' dir='ltr'><strong>ἡμέραι,</strong></span> <span class='ocrx_word' id='word_1_528' title='bbox 270 2760 299 2786; x_wconf 79' lang='grc' dir='ltr'><strong>ἐν</strong></span> <span class='ocrx_word' id='word_1_529' title='bbox 318 2759 386 2793; x_wconf 83' lang='grc' dir='ltr'><strong>αὐτῇ</strong></span> <span class='ocrx_word' id='word_1_530' title='bbox 406 2760 439 2793; x_wconf 85' lang='grc' dir='ltr'>τῇ</span> <span class='ocrx_word' id='word_1_531' title='bbox 461 2757 552 2792; x_wconf 77' lang='grc' dir='ltr'>ἡμέρᾳ</span> <span class='ocrx_word' id='word_1_532' title='bbox 568 2756 637 2783; x_wconf 82' lang='grc' dir='ltr'>κατὰ</span> <span class='ocrx_word' id='word_1_533' title='bbox 661 2755 691 2783; x_wconf 76' lang='grc' dir='ltr'>τὸ</span> <span class='ocrx_word' id='word_1_534' title='bbox 711 2755 920 2791; x_wconf 72' lang='grc' dir='ltr'><strong>ἐπιζητούμενον</strong></span> 
     </span>
    </p>
   </div>
   <div class='ocr_carea' id='block_1_76' title="bbox 134 2805 599 2844">
    <p class='ocr_par' dir='ltr' id='par_1_76' title="bbox 134 2805 599 2844">
     <span class='ocr_line' id='line_1_79' title="bbox 134 2805 599 2844; baseline -0.006 -11"><span class='ocrx_word' id='word_1_535' title='bbox 134 2807 194 2838; x_wconf 78' lang='grc' dir='ltr'>ἔτος</span> <span class='ocrx_word' id='word_1_536' title='bbox 209 2806 311 2840; x_wconf 86' lang='grc' dir='ltr'>γίνεται</span> <span class='ocrx_word' id='word_1_537' title='bbox 326 2806 357 2844; x_wconf 56' lang='lat' dir='ltr'><strong>to</strong></span> <span class='ocrx_word' id='word_1_538' title='bbox 371 2805 481 2841; x_wconf 67' lang='grc' dir='ltr'>νομικὸν</span> <span class='ocrx_word' id='word_1_539' title='bbox 496 2805 599 2839; x_wconf 73' lang='grc' dir='ltr'><strong>Πάτχα.</strong></span> 
     </span>
    </p>
   </div>
   <div class='ocr_carea' id='block_1_77' title="bbox 140 2884 395 2921">
    <p class='ocr_par' dir='ltr' id='par_1_77' title="bbox 140 2884 395 2921">
     <span class='ocr_line' id='line_1_80' title="bbox 140 2884 395 2921; baseline -0.004 -9"><span class='ocrx_word' id='word_1_540' title='bbox 140 2886 143 2888; x_wconf 56' lang='grc'>⁷</span> <span class='ocrx_word' id='word_1_541' title='bbox 160 2885 182 2900; x_wconf 83' lang='grc'><strong>¹¹¹</strong></span> <span class='ocrx_word' id='word_1_542' title='bbox 234 2884 346 2921; x_wconf 67' lang='grc' dir='ltr'><strong>πρόσθες</strong></span> <span class='ocrx_word' id='word_1_543' title='bbox 358 2893 395 2911; x_wconf 76' lang='grc' dir='ltr'>τε.</span> 
     </span>
    </p>
   </div>
   <div class='ocr_carea' id='block_1_78' title="bbox 976 2568 1756 2605">
    <p class='ocr_par' dir='ltr' id='par_1_78' title="bbox 976 2568 1756 2605">
     <span class='ocr_line' id='line_1_81' title="bbox 976 2568 1756 2605; baseline -0.003 -6"><span class='ocrx_word' id='word_1_544' title='bbox 976 2571 1066 2599; x_wconf 89' lang='lat' dir='ltr'><strong>habet.</strong></span> <span class='ocrx_word' id='word_1_545' title='bbox 1082 2571 1130 2598; x_wconf 89' lang='lat' dir='ltr'><strong>Sin</strong></span> <span class='ocrx_word' id='word_1_546' title='bbox 1144 2571 1244 2603; x_wconf 90' lang='lat' dir='ltr'><strong>minus,</strong></span> <span class='ocrx_word' id='word_1_547' title='bbox 1263 2577 1341 2597; x_wconf 83' lang='lat' dir='ltr'><strong>sume</strong></span> <span class='ocrx_word' id='word_1_548' title='bbox 1352 2569 1491 2597; x_wconf 85' lang='lat' dir='ltr'><strong>residuum</strong></span> <span class='ocrx_word' id='word_1_549' title='bbox 1505 2576 1521 2596; x_wconf 87' lang='lat' dir='ltr'><strong>e</strong></span> <span class='ocrx_word' id='word_1_550' title='bbox 1533 2568 1629 2596; x_wconf 85' lang='lat' dir='ltr'><strong>diebus</strong></span> <span class='ocrx_word' id='word_1_551' title='bbox 1646 2569 1756 2605; x_wconf 82' lang='lat' dir='ltr'><strong>Aprilis,</strong></span> 
     </span>
    </p>
   </div>
   <div class='ocr_carea' id='block_1_79' title="bbox 973 2614 1758 2654">
    <p class='ocr_par' dir='ltr' id='par_1_79' title="bbox 973 2614 1758 2654">
     <span class='ocr_line' id='line_1_82' title="bbox 973 2614 1758 2654; baseline -0.005 -8"><span class='ocrx_word' id='word_1_552' title='bbox 973 2618 1060 2646; x_wconf 88' lang='lat' dir='ltr'><strong>donec</strong></span> <span class='ocrx_word' id='word_1_553' title='bbox 1072 2618 1280 2654; x_wconf 77' lang='lat' dir='ltr'><strong>quinquagenos</strong></span> <span class='ocrx_word' id='word_1_554' title='bbox 1292 2616 1428 2643; x_wconf 86' lang='lat' dir='ltr'><strong>absolvas.</strong></span> <span class='ocrx_word' id='word_1_555' title='bbox 1445 2614 1612 2649; x_wconf 81' lang='lat' dir='ltr'><strong>Quoeunque</strong></span> <span class='ocrx_word' id='word_1_556' title='bbox 1625 2614 1669 2641; x_wconf 88' lang='lat' dir='ltr'><strong>die</strong></span> <span class='ocrx_word' id='word_1_557' title='bbox 1680 2615 1758 2650; x_wconf 86' lang='lat' dir='ltr'><strong>quin-</strong></span> 
     </span>
    </p>
   </div>
   <div class='ocr_carea' id='block_1_80' title="bbox 976 2660 1758 2701">
    <p class='ocr_par' dir='ltr' id='par_1_80' title="bbox 976 2660 1758 2701">
     <span class='ocr_line' id='line_1_83' title="bbox 976 2660 1758 2701; baseline -0.004 -9"><span class='ocrx_word' id='word_1_558' title='bbox 976 2666 1105 2701; x_wconf 77' lang='lat' dir='ltr'><strong>quaginta</strong></span> <span class='ocrx_word' id='word_1_559' title='bbox 1129 2664 1254 2700; x_wconf 88' lang='lat' dir='ltr'><strong>eompleti</strong></span> <span class='ocrx_word' id='word_1_560' title='bbox 1281 2663 1391 2693; x_wconf 78' lang='lat' dir='ltr'><strong>fuerint.</strong></span> <span class='ocrx_word' id='word_1_561' title='bbox 1418 2662 1444 2691; x_wconf 90' lang='lat' dir='ltr'><strong>in</strong></span> <span class='ocrx_word' id='word_1_562' title='bbox 1468 2669 1530 2689; x_wconf 91' lang='lat' dir='ltr'><strong>eum</strong></span> <span class='ocrx_word' id='word_1_563' title='bbox 1546 2660 1651 2689; x_wconf 81' lang='lat' dir='ltr'><strong>Pascha</strong></span> <span class='ocrx_word' id='word_1_564' title='bbox 1673 2661 1758 2697; x_wconf 71' lang='lat' dir='ltr'><strong>legale</strong></span> 
     </span>
    </p>
   </div>
   <div class='ocr_carea' id='block_1_81' title="bbox 976 2712 1355 2748">
    <p class='ocr_par' dir='ltr' id='par_1_81' title="bbox 976 2712 1355 2748">
     <span class='ocr_line' id='line_1_84' title="bbox 976 2712 1355 2748; baseline -0.005 -8"><span class='ocrx_word' id='word_1_565' title='bbox 976 2713 1038 2740; x_wconf 82' lang='lat' dir='ltr'><strong>anni</strong></span> <span class='ocrx_word' id='word_1_566' title='bbox 1057 2713 1188 2748; x_wconf 84' lang='lat' dir='ltr'><strong>propositi</strong></span> <span class='ocrx_word' id='word_1_567' title='bbox 1203 2712 1355 2740; x_wconf 76' lang='lat' dir='ltr'><strong>conveniet.</strong></span> 
     </span>
    </p>
   </div>
  </div>
