1900 3137
131 181 209 210 £333

310 237 344 264 Al
358 236 482 264 ἐπακταὶ
494 235 624 264 ἑκάστου
635 237 741 272 μηνός.

130 302 196 338 Μὴν
217 301 401 337 Ὀκτώμσριος
467 306 491 329 α’
561 303 623 338 Μὴν
640 303 777 339 Ἀπριλιος
892 307 917 330 α’

129 346 197 382 λίὴν
216 347 367 382 Νοέμὸριος
471 347 492 375 δ’
563 348 624 384 Μὴν
640 348 726 380 Μάῑος
892 353 916 383 γ’

129 392 196 426 Μὴν
212 392 376 428 Δεκέμσριος
469 396 489 420 ε’
560 393 622 429 Μὴν
641 394 749 426 Ἰούνιος
889 398 916 426 ς’

131 438 197 473 Μὴν
219 437 379 473 Ίανουάριος
467 439 490 474 β’
561 439 622 474 Μὴν
641 439 748 471 Ἰούλιος
891 443 916 466 α’

131 483 199 519 Μὴν
213 483 394 520 Φεὸρουάριος
469 487 490 511 ε’
561 485 622 520 Μὴν
636 484 790 519 Αὔγουστος
894 485 916 512 δ’

131 529 196 564 Μὴν
212 529 332 565 Μάρτιος
469 533 488 557 ε’
560 530 621 567 Μὴν
640 530 824 567 Σεπτέμὸριος
893 532 916 563 ζ’

171 587 202 613 El
228 586 309 622 βούλῃ
337 587 426 623 εὑρεῖν
443 595 473 614 σε
496 592 527 614 το
551 587 673 623 θεμέλιον
695 588 741 615 τοῦ
756 588 914 625 φεγγαριου,

128 633 215 658 ὁπότε
240 632 307 668 λήθη
329 632 449 667 γίνεται·
472 634 607 669 κράτησον
630 634 677 661 τοῦ
703 634 915 670 ὲπιζητουμένου

128 677 212 709 ἔτους
224 677 269 704 τὸν
285 678 383 705 κύκλον
393 679 443 714 τῆς
457 679 571 715 σελήνης
581 680 678 712 ὁπόσος
694 680 740 707 καὶ
753 678 786 716 ἦν
796 688 802 694 ·
820 680 865 707 καὶ
877 682 917 707 ὲν-

128 721 348 750 δεκαπλασίασον
373 724 452 752 αὐτόν
465 732 472 739 ·
501 725 548 751 καὶ
574 725 691 760 πρόσθες
714 726 807 752 ἐπάνω
833 726 914 753 αὑτοῦ

129 767 213 803 lup:
232 771 265 802 γ’.
290 767 345 796 Εἶθ’
358 770 443 802 οὕτως
457 770 589 798 ἀνάλυε-ον
602 771 672 798 αὐτὰ
686 771 730 798 διὰ
746 772 801 798 τῶν
815 772 836 798 λ’
846 781 853 788 ”
868 773 915 800 καὶ

127 812 167 838 τὰ
188 813 308 841 κάτωθεν
328 815 381 842 τῶν
397 816 419 842 λ’
434 815 543 852 δηλοῦσι
558 817 588 844 τὸ
605 817 728 852 θεμέλιον
744 818 791 844 τοῦ
813 827 916 852 φεγγα-

131 858 193 894 ρίου

578 181 669 210 ΔΕΤΙΙ
686 181 730 209 DE
745 180 1073 210 SIGNIFICA'I‘IONIBUS
1092 180 1310 210 STELLARUM.

1674 182 1747 211 1358

1164 237 1273 273 Epacte
1287 245 1415 265 mensium
1430 237 1556 265 omnium.

968 305 1083 333 October
1303 312 1312 333 ι
1402 306 1503 341 Aprilis
1541 303 1543 305 ’
1737 315 1745 333 ι

967 351 1116 380 November
1288 360 1315 379 ιν
1407 352 1493 379 Maius
1715 360 1745 380 ιιι

967 398 1113 426 December
1298 407 1315 425 v
1403 397 1501 425 Junius
1718 407 1745 426 vt

965 443 1111 470 Ianuarius
1297 451 1314 469 ιι
1403 442 1492 470 Julius
1736 452 1743 471 ι

966 488 1131 517 Februarius
1301 496 1317 515 v
1403 488 1543 522 Augustus
1718 497 1746 516 tv

965 534 1078 561 Martius
1301 542 1317 561 v
1407 533 1564 569 September
1707 542 1744 562 vu

1003 590 1031 617 Si
1061 590 1132 617 lunae
1156 589 1363 618 fundamentum
1383 589 1536 625 cujusmodi
1560 593 1611 623 sit,
1632 590 1743 622 oblitus.

967 637 1130 672 investigare
1143 636 1228 664 velis:
1247 636 1339 671 accipe
1355 637 1475 664 lunarem
1495 636 1600 672 cyclum
1617 636 1681 663 anni
1697 644 1745 664 cu-

966 682 1087 718 juslibet.
1103 690 1221 717 eumque
1236 690 1284 716 per
1301 681 1429 710 undecim
1443 682 1592 718 multiplica
1608 690 1616 710 :
1633 689 1745 710 summa

965 728 1034 756 adde
1048 729 1112 755 tria.
1129 728 1266 763 Quidquid
1281 728 1333 756 erit
1347 728 1490 756 collectum
1507 735 1554 763 per
1566 736 1618 755 ut
1633 728 1741 756 divide:

964 773 1104 800 residuum
1129 773 1152 800 si
1178 773 1214 800 sit
1232 771 1304 799 infra
1323 780 1388 805 xxx,
1399 772 1541 808 quaesitum
1556 772 1627 800 lunae
1646 771 1744 799 funda-

964 823 1084 846 mentum
1098 818 1215 846 exhibet.

668 1006 798 1049 ΠΕΡΙ
824 1006 1206 1051 ΕΠΙΣΗΜΑΣΙΩΝ

864 1095 1018 1123 ΔΣΤΕΡΩΝ

535 1167 584 1194 Ἐκ
599 1166 646 1194 τοῦ
662 1166 753 1203 τρίτου
768 1167 913 1202 τμήματος
926 1167 1030 1193 ’Δετιου
1043 1165 1270 1202 ’Δμιδηνοῠ,κεφ.
1290 1166 1353 1202 ρξδκ

388 1289 463 1336 DE
495 1290 1096 1336 'SlGNIFlCATIONIBUS
1130 1288 1480 1335 STELLARUM

549 1385 591 1414 Ex
604 1386 727 1414 Sermone
742 1385 791 1414 111
807 1385 954 1414 Tetrabibli
964 1386 1034 1414 Aetii
1046 1385 1178 1419 Amidam}
1190 1391 1265 1421 caput
1283 1386 1343 1413 164.

761 1459 910 1494 interprete
923 1457 1065 1487 Comario.

173 1566 282 1603 Ἐπειδὴ
289 1567 317 1594 δὲ
325 1567 371 1594 καὶ
381 1568 405 1594 οε
416 1569 476 1594 κατ’
484 1568 596 1604 οὐρανὸν
604 1569 716 1605 ἀστέρες
725 1569 912 1603 ἀνατέλλοντες

998 1566 1223 1603 Quandoquidem
1251 1567 1331 1594 etiam
1364 1567 1449 1594 stellae
1479 1567 1505 1595 in
1535 1568 1605 1595 coelo
1625 1567 1745 1598 oriente:

131 1611 204 1638 κατὰ
212 1612 275 1643 τοὺς
290 1612 470 1648 τεταγμένους
483 1613 574 1645 αὐτοῖς
585 1613 638 1640 ὑπὸ
650 1613 697 1641 τοῦ
712 1614 779 1641 Θεοῦ
791 1616 912 1650 καιροὺς,

130 1658 180 1685 καὶ
195 1658 319 1690 δύνοντες
340 1659 440 1694 ὁμοίως
461 1659 507 1686 τὸν
520 1659 588 1695 ἀέρα
611 1660 772 1692 ἀλλοιοῦσιν,
792 1660 830 1693 ὡς
846 1669 914 1693 συμ-

130 1703 234 1730 ϐαίνειν
248 1704 278 1730 ὲκ
293 1703 386 1730 τούτου
407 1703 453 1730 καὶ
469 1705 585 1740 ἀνέμους
603 1705 695 1732 ἄλλοτε
717 1706 804 1738 ἄλλως
820 1705 895 1733 πνεῖν
905 1716 912 1722 ·

131 1749 280 1783 ἀναγκαῖον
295 1749 407 1784 ἐνόμισα
423 1748 539 1775 ἐνταῦθα
557 1749 674 1784 δηλῶσαι
691 1751 812 1786 καιροὺς,
833 1751 861 1777 ὲν
874 1749 915 1783 οἷς

132 1794 232 1826 αὐτῶν,
252 1795 344 1829 σαφῶς
365 1794 540 1822 ἀλλοιούντων
558 1795 604 1822 τὸν
628 1796 705 1831 ἀέρα,
726 1796 852 1823 ἀνατολαὶ
868 1798 915 1823 καὶ

130 1839 221 1871 δύσεις
245 1839 372 1873 γίνονται.
388 1840 443 1867 Καὶ
470 1840 525 1876 γὰρ
547 1840 600 1867 τῶν
619 1841 794 1875 ὑγιαινόντων
809 1841 843 1868 τὰ
861 1841 914 1867 σώ-

134 1893 216 1920 ματα.
232 1885 280 1911 καὶ
294 1885 385 1920 πολλῷ
401 1885 500 1920 μᾶλλον
518 1885 571 1912 τῶν
591 1886 749 1919 νοσούντων,
765 1887 915 1914 ἀλλοιοῦται

131 1931 201 1966 πρὸς
214 1931 264 1966 τὴν
277 1930 324 1957 τοῦ
337 1931 417 1967 ἀέρος
429 1932 601 1958 κατάστασιν.

167 1977 241 2012 Μηνὶ
256 1977 376 2012 Δύστρῳ,
402 1977 416 2004 ὃ
444 1978 502 2004 ἐστι
523 1977 637 2013 Μαρτίῳ
661 1977 703 2009 ιϐ’,
729 1978 743 2004 ό
772 1977 915 2013 λεγόμενος

134 2021 232 2053 Ἵππος
245 2022 392 2048 ἀνατέλλει.

167 2067 241 2102 Μηνὶ
256 2066 295 2102 τῷ
311 2067 385 2102 αὐτῷ
404 2070 446 2101 κγ’
462 2067 589 2104 ἰσημερία
604 2068 713 2104 ὲαρινή’
729 2069 776 2095 καί
795 2069 852 2096 ἐστι
869 2077 916 2105 με-

133 2112 213 2148 γίστη
225 2112 330 2148 ταραχὴ
345 2112 392 2139 τοῦ
405 2113 494 2148 ἀέρος.

169 2157 243 2193 Μηνὶ
267 2157 399 2193 Ξανθικῷ,
421 2158 559 2185 τουτέστιν
580 2158 708 2195 ’Δπριλίῳ
728 2163 763 2191 α’,
785 2158 916 2194 Πληϊάδες

132 2201 277 2237 ἀκρόνυχοι
294 2203 442 2236 φαίνονται.

962 1614 1043 1649 juxta
1056 1616 1177 1648 tempora
1205 1620 1219 1639 a
1249 1611 1304 1640 Deo
1327 1611 1395 1647 ipsis
1411 1613 1549 1645 ordinata,
1575 1617 1601 1640 et
1617 1613 1744 1642 similiter

965 1659 1122 1688 occidentes
1133 1666 1195 1686 aera
1215 1661 1333 1689 mutant.
1352 1662 1383 1685 ut
1395 1658 1534 1693 contingat
1548 1667 1581 1686 ex
1598 1659 1649 1686 hoc
1662 1660 1744 1687 etiam

965 1708 1063 1732 ventos
1077 1704 1146 1731 alias
1160 1703 1239 1731 aliter
1257 1703 1373 1738 spirare,
1397 1703 1583 1731 necessarium
1609 1703 1674 1731 duxi
1701 1704 1744 1731 hic

965 1753 1085 1785 tempora
1102 1749 1233 1781 indicare,
1247 1749 1274 1776 in
1290 1749 1388 1785 quibus
1401 1757 1505 1781 earum,
1523 1757 1582 1784 quae
1596 1750 1685 1785 palam
1701 1757 1744 1778 ae-

964 1803 1020 1823 rem
1033 1795 1159 1827 alterant,
1171 1799 1247 1822 ortus
1265 1798 1292 1822 et
1311 1802 1426 1823 occasus
1439 1794 1516 1822 ﬁunt.
1528 1795 1594 1822 Nam
1615 1803 1744 1823 sanorum

964 1848 1092 1876 corpora,
1113 1844 1140 1868 et
1165 1840 1250 1868 multo
1271 1840 1358 1876 magis
1380 1844 1553 1876 aegrotorum.
1568 1841 1646 1876 juxta
1672 1841 1744 1869 aeris

965 1889 1066 1914 statum
1085 1885 1246 1913 alterantur.

1000 1975 1092 2004 Mense
1111 1975 1220 2012 Dystro,
1238 1976 1285 2011 qui
1301 1975 1413 2004 Martius
1426 1980 1478 2009 est,
1493 1975 1584 2011 Equus
1595 1983 1675 2004 mane
1689 1976 1740 2004 ori-

965 2025 1010 2048 tur
1022 2021 1126 2048 decima
1139 2027 1210 2047 nona
1228 2020 1283 2047 die.

1000 2066 1092 2094 Mense
1115 2066 1220 2099 eodem,
1247 2065 1291 2093 die
1314 2074 1392 2098 χχιιι,
1412 2067 1605 2101 mquinoctium
1631 2073 1745 2095 vernum

965 2117 1018 2144 est,
1034 2116 1061 2139 et
1070 2112 1187 2138 maxima
1199 2112 1271 2140 aeris
1284 2112 1414 2140 turbatio.

1002 2156 1092 2184 Mense
1100 2155 1246 2189 Xanthico,
1258 2157 1305 2191 qui
1317 2160 1359 2184 est
1368 2156 1574 2192 Aprilis,prima
1585 2155 1746 2186 dieineunto

967 2207 1045 2230 nocte
1058 2202 1081 2218 '°
1096 2201 1219 2229 Pleiades
1231 2206 1371 2237 apparent.

168 2246 241 2282 Μηνὶ
252 2246 291 2282 τῷ
305 2246 378 2282 αὐτῷ
394 2247 424 2273 ιθ¹
437 2248 568 2283 Πληϊάδες
583 2247 702 2284 ἑσπέριοι
714 2248 890 2284 κρύπτονται.

1002 2247 1093 2275 Mense
1113 2247 1220 2278 eodem,
1241 2247 1285 2274 die
1301 2254 1359 2279 xix,
1384 2246 1508 2274 Pleiades
1529 2249 1634 2282 vesperi
1652 2247 1745 2276 oecul~

169 2292 242 2327 Μηνὶ
257 2292 295 2328 τῷ
317 2293 390 2328 αὐτῷ
405 2297 447 2320 κα’
468 2294 599 2328 Πληϊάδες
620 2294 678 2329 ἅμα
702 2293 777 2329 ἡλίου
799 2294 913 2330 ἀνατολῇ

133 2338 318 2366 ἀπιτέλλουσι·
333 2340 378 2367 και
394 2340 451 2366 ἐστι
469 2340 583 2375 μεγίστη
597 2341 613 2375 ὴ
635 2340 699 2375 περὶ
715 2339 760 2366 τὸν
782 2341 851 2376 ἀέρα
867 2349 914 2367 τα-

134 2385 213 2420 mxi-

168 2430 241 2466 Μηνὶ
252 2430 292 2466 τῷ
305 2429 378 2465 αὐτῷ
390 2429 430 2462 κζ’
446 2430 541 2466 Ὠρίων
553 2431 678 2466 ἑσπέριος
689 2431 846 2466 κρύπτεται.

167 2477 240 2512 Μηνὶ
265 2476 438 2512 Ἀρτεμισίῳ,
463 2477 477 2503 ὅ
498 2478 555 2503 ἐστι
574 2478 655 2512 Μαΐῳ
677 2480 713 2508 α’,
737 2477 831 2509 Ὑάδες
856 2477 914 2512 ἅμα

133 2520 209 2556 ἡλίου
225 2521 340 2556 ἀνατολῇ
357 2521 533 2548 ὲπιτέλλουσι.

168 2567 241 2602 Μηνὶ
251 2566 289 2601 τῷ
299 2565 374 2601 αὐτῷ
388 2566 420 2598 δ’,
437 2566 513 2602 Λύρα
522 2566 648 2602 ἑσπέριος
659 2565 802 2598 ἐπιτέλλει,
817 2566 862 2593 καὶ
872 2566 915 2592 ἀλ-

133 2611 251 2638 λοιοῦται
262 2611 315 2646 ἀὴρ
332 2611 440 2642 ἱκανῶς.

169 2657 242 2691 Μηνὶ
257 2656 294 2692 τῷ
313 2655 386 2691 αὑτῷ
400 2659 426 2688 ς’
442 2656 491 2688 Αἲξ
511 2657 565 2691 ἑῴα
587 2655 729 2690 ἐπιτέλλει,
751 2657 797 2683 καὶ
814 2656 914 2691 σφόδρα

133 2702 285 2730 ἀλλοιοῦται
296 2703 310 2728 ό
322 2701 377 2737 ἀὴρ
393 2701 446 2737 πρὸ
466 2702 530 2737 μιᾶς
544 2702 560 2738 ἢ
575 2701 630 2728 δύο.

168 2747 242 2782 Μηνὶ
254 2747 333 2782 Μαΐῳ
347 2746 368 2778 ζ’
381 2747 511 2782 Πληῖάδες
520 2747 585 2782 ἑῴαι
601 2747 749 2781 φαίνονται,
770 2746 816 2774 καὶ
835 2747 914 2783 ἄρχε-

136 2799 179 2820 ται
194 2792 209 2819 ό
220 2791 274 2827 ἀὴρ
290 2791 476 2818 καθίστασθαι.

172 2869 194 2886 ³⁸
208 2868 352 2896 Comum“
371 2868 448 2903 male,
463 2869 622 2904 intempesta
643 2873 732 2897 nocte.

968 2297 1068 2321 tantur.

1002 2338 1093 2368 Mense
1107 2339 1211 2371 eodem,
1226 2347 1282 2372 ur,
1292 2339 1414 2367 Pleiades
1424 2346 1485 2366 cum
1500 2339 1567 2367 solis
1580 2343 1642 2367 ortu
1657 2341 1747 2368 oriun-

967 2388 1030 2413 tur:
1049 2392 1076 2414 et
1091 2389 1133 2413 est
1145 2385 1264 2413 maxima
1277 2385 1350 2413 circa
1368 2392 1458 2412 aerem
1475 2384 1603 2411 turbatio.

1002 2431 1093 2458 Mense
1105 2430 1211 2462 eodem,
1225 2438 1310 2462 xxvn,
1325 2429 1408 2457 Orion
1425 2430 1531 2464 vesperi
1548 2429 1710 2457 occultatur.

1002 2475 1093 2504 Mense
1103 2475 1259 2509 Artemisio,
1275 2476 1326 2503 hoc
1336 2480 1378 2503 est
1392 2475 1472 2506 Maio.
1485 2475 1572 2510 prima
1584 2474 1628 2502 die
1638 2473 1744 2510 Hyades

967 2529 1029 2548 eum
1046 2522 1112 2550 solis
1125 2528 1184 2550 ortu
1197 2522 1332 2549 oriuntur.

1003 2565 1094 2593 Mense
1107 2567 1213 2598 eodem,
1232 2575 1258 2594 tv
1273 2566 1328 2598 die,
1340 2565 1407 2601 Lyra
1423 2564 1528 2600 vesperi
1545 2564 1642 2597 oritur,
1659 2568 1687 2592 et
1699 2572 1746 2592 κυι-

968 2611 1084 2638 multum
1101 2612 1240 2639 alteratur.

1002 2655 1094 2683 Mense
1103 2656 1208 2688 eodem,
1223 2665 1260 2690 vr,
1272 2658 1357 2692 Capra
1370 2663 1448 2684 mane
1457 2655 1554 2686 oritur,
1565 2659 1588 2682 el
1596 2654 1673 2682 valde
1683 2655 1746 2682 alte-

967 2705 1044 2728 ratur
1059 2709 1114 2728 aer.

1003 2746 1065 2774 Maii
1080 2754 1117 2774 vn
1127 2746 1248 2775 Pleiades
1262 2756 1340 2776 mane
1355 2751 1494 2784 apparent.
1506 2751 1532 2774 et
1543 2753 1590 2774 aer
1600 2744 1689 2774 sedari
1703 2746 1746 2772 in-

965 2792 1040 2828 cipit.
