1900 3137
194 177 266 211 1553

230 234 293 262 Maii
309 243 365 267 nx,
386 235 491 272 Hyades
516 244 596 264 mane
620 241 763 272 apparent,
787 242 813 264 et
832 245 878 265 aer
903 237 1018 265 valdeA

196 280 327 311 alteratur
339 281 433 316 pridie.
450 286 496 309 aut
511 282 611 310 nudius
623 283 719 311 tertius
737 284 796 318 eius
808 283 871 310 diei.

233 327 292 353 Maii
317 334 380 353 xxiv
396 327 483 362 Capra
499 328 605 363 vesperi
633 329 807 361 occultatur;
823 333 850 356 et
876 329 975 358 nudius

196 371 293 398 tertius
305 371 365 406 ejus
381 371 434 399 diei
451 379 497 399 aer
512 377 647 400 movetur.

231 417 330 445 Mensis
344 417 417 444 Junii
438 418 570 450 secunda,
584 419 681 454 Aquila
696 420 800 455 vesperi
816 419 914 450 oritur.

230 459 329 488 Mensis
345 461 465 495 ejusdem
479 470 506 489 vl
525 462 657 494 Arcturus
671 472 751 491 mane
771 465 880 497 occidit.

229 505 329 532 Mensis
343 507 464 541 ejusdem
480 515 507 534 Ix
526 508 638 544 Delphin
652 517 766 544 vespere
781 511 878 538 oritur.

229 550 363 579 Vicesima
378 553 473 587 quinta
492 553 575 581 Orion
594 562 673 583 mane
697 556 762 583 oriri
785 556 890 591 incipit.
908 556 978 584 Sunt

194 601 283 624 autem
301 597 420 625 solstitia
443 600 547 633 mstiva,
561 604 588 627 et
608 609 656 628 aer
673 602 761 629 tribus
784 602 880 630 diebus
897 607 975 631 antea

193 643 269 670 valde
282 644 424 674 alteratur.

228 689 329 718 Mensis
346 690 410 718 Julii
425 692 505 719 tertio
519 692 602 720 Orion
615 697 688 722 totus
705 695 802 723 oritur.

230 734 340 762 Decima
355 740 452 771 quarta
469 737 591 774 Procyon
607 747 686 766 mane
697 740 796 768 oritur.

229 779 338 808 Decima
363 789 434 809 nona
454 782 537 811 Canis
564 792 644 812 mane
669 786 775 816 oritur:
801 791 827 813 et
844 787 977 822 contingit

193 827 310 854 maxima
334 828 404 855 acris
429 829 566 863 turbatio;
596 830 745 865 aliquando
763 832 844 860 etiam
873 834 975 862 nudius

193 874 289 904 tertius
301 874 361 908 ejus
376 875 441 902 diei.

229 918 365 950 Yicesima
381 921 477 955 quinta
491 921 590 956 Aquila
613 929 692 950 mane
711 923 827 958 occidit;
850 929 976 953 movetur

193 969 282 996 autem
299 973 346 992 aer
361 971 423 994 ante
442 967 574 994 triduum.

230 1010 331 1039 Mensis
346 1011 460 1047 Augusti
480 1020 514 1039 xv
532 1012 601 1048 Lyra
617 1021 696 1041 mane
709 1014 817 1047 occidit.

230 1056 339 1088 Decima
358 1065 429 1085 nona
454 1057 569 1093 Delphin
587 1067 668 1087 mane
683 1061 785 1088 occidit
798 1070 805 1095 ;
820 1065 848 1089 et
862 1067 904 1090 est
917 1070 977 1095 mu-

194 1102 261 1132 t::tio
274 1103 378 1133 aestatis
389 1103 421 1130 ad
436 1103 623 1139 frigiditatem.

230 1149 364 1178 Vicesima
390 1155 485 1178 octava
509 1151 694 1180 Vindemiator
718 1161 797 1182 mane
826 1156 926 1188 oritur,
950 1161 977 1184 et

195 1195 282 1222 malus
296 1195 378 1224 Navis
394 1196 495 1224 occidit
511 1206 517 1224 :
534 1202 561 1224 et
576 1201 618 1225 est
629 1197 691 1226 ﬁnis
708 1199 812 1228 dierum
825 1206 886 1237 post
897 1211 977 1231 exor-

194 1243 250 1273 tum
265 1240 346 1268 Canis
361 1240 465 1268 dierum
482 1250 525 1269 xc.

229 1284 330 1314 Mensis
347 1285 514 1322 Septembris
527 1290 641 1325 septima
657 1291 745 1326 Capra
761 1292 866 1326 vesperi
879 1293 975 1320 oritur.

229 1330 339 1359 Decima
356 1333 471 1368 septima
492 1333 624 1365 Arcturus
643 1337 742 1370 oritur,
756 1341 783 1369 et
798 1338 895 1371 alterat
914 1347 977 1368 vero

194 1378 318 1406 sequenti
330 1378 382 1405 die.

230 1422 339 1450 Decima
356 1432 428 1452 nona
447 1424 527 1460 $piea
553 1435 632 1456 mane
653 1428 751 1461 oritur,
777 1429 908 1458 alteratur
930 1438 977 1460 aer

194 1468 300 1497 duobus
317 1470 413 1499 diebus
430 1476 520 1505 antea.

230 1515 363 1543 Vicesima
376 1516 469 1552 quinta
480 1518 673 1553 aequinoctium
687 1519 924 1551 ﬁtautumnale,et
934 1525 976 1549 est

720 177 764 204 AD
786 176 920 205 EUSEBll
939 174 1135 205 CIIBONICON
1155 177 1335 208 APPENDIX.

1749 178 1809 207 15%

1064 238 1137 273 Μηνὶ
1150 239 1229 274 Μαΐῳ
1242 239 1274 266 ιθν
1290 239 1384 271 Ὑάδες
1395 238 1460 274 ἑῷαι
1477 238 1626 274 φαίνονται,
1641 237 1692 264 καὶ
1702 237 1810 264 ἀλλοωῦ-

1030 292 1074 310 se:
1089 284 1186 319 rivu'é
1203 284 1256 320 ἀὴρ
1269 285 1321 320 πρὸ
1335 285 1399 320 μιᾶς
1409 284 1425 318 ἧ
1436 284 1482 310 δύο
1495 283 1617 319 ἡμερῶν.

1062 331 1135 365 Μηνὶ
1154 330 1193 369 τῷ
1213 331 1286 366 αὐτῷ
1303 323 1340 358 κδ’
1356 331 1405 363 Αἲξ
1423 331 1549 366 ἑσπέριος
1575 329 1750 366 κρύπτεται·
1770 329 1811 359 ul.

1029 377 1170 409 κινεῖταιρ
1183 376 1236 411 ἀὴρ
1253 375 1305 411 πρὸ
1319 375 1364 402 δύο
1376 376 1495 411 ἡμερῶν.

1063 422 1135 457 Μηνὶ
1154 421 1255 457 Ἰουνίῳ
1270 421 1291 456 β’
1312 420 1402 452 Ἀετὸς
1415 421 1540 457 ἑσπέριος
1555 420 1705 447 ἐπιτέλλει.

1063 467 1136 502 Μηνὶ
1152 467 1192 502 τῷ
1207 466 1282 501 αὐτῷ
1297 470 1324 498 ς’
1347 466 1506 502 Ἀρκτοῦρος
1520 466 1586 500 ἑῷος
1599 466 1687 495 δύνει.

1064 513 1136 547 Μηνὶ
1150 512 1189 547 τῷ
1204 511 1277 547 αὐτῷ
1296 511 1317 538 θ’
1330 511 1426 545 Δελφὶς
1440 511 1564 546 ἑσπέριος
1578 511 1730 538 ἐπιτέλλει.

1063 557 1135 592 Μηνὶ
1149 549 1187 592 τῷ
1215 556 1288 591 αὐτῷ
1305 559 1344 583 κε’
1368 556 1462 592 Ὠρίων
1487 556 1553 590 ἑῷος
1573 556 1691 591 ἄρχεται
1713 556 1807 582 ἐπιτέλ-

1027 602 1093 629 λειν.
1110 603 1170 629 Εἰσὶ
1185 603 1213 629 δὲ
1225 603 1324 638 τροπαὶ
1335 601 1455 637 θεριναί·
1478 602 1525 628 καὶ
1542 601 1700 633 ἀλλοιοῦται
1717 602 1808 638 σφόδρα

1027 650 1041 676 ὁ
1055 648 1108 684 ἀὴρ
1122 649 1173 684 πρὸ
1189 648 1271 684 τριῶν
1286 648 1406 684 ἡμερῶν.

1062 694 1136 729 Μηνὶ
1158 694 1258 728 Ἰουλίῳ
1272 697 1295 728 γ’
1315 693 1410 730 Ὠρίων
1424 694 1485 726 ὅλος
1499 694 1645 721 ἐπιτέλλει.

1060 739 1133 774 Μηνὶ
1149 739 1186 774 τῷ
1202 740 1275 775 αὐτῷ
1291 739 1321 766 ιδ’
1334 740 1463 775 Προκύων
1475 740 1542 776 ἑῷος
1558 740 1709 768 ἐπιτέλλει,

1062 785 1136 821 Μηνὶ
1148 785 1187 820 τῷ
1203 786 1276 821 αὐτῷ
1293 785 1324 812 ιθ¹
1338 786 1418 813 Κύων
1435 786 1501 821 ἑῷος
1511 787 1645 813 ἐπιτέλλει
1656 796 1662 802 ·
1684 787 1732 814 καὶ
1745 787 1806 821 γίνε-

1027 839 1071 857 ται
1094 831 1209 866 μεγίστη
1225 830 1270 857 τοῦ
1283 831 1362 867 ἀέρος
1389 831 1504 867 ταραχὴ,
1521 831 1608 858 ἐνίοτε
1627 833 1677 858 καὶ
1700 832 1752 867 πρὸ
1769 832 1806 859 δύο

1026 876 1146 912 ἡμερῶν.

1061 922 1134 957 Μηνὶ
1147 921 1184 958 τῷ
1194 922 1267 958 αὐτῷ
1281 926 1319 949 κε’
1337 923 1427 955 Ἀετὸς
1441 923 1507 959 ἑῷος
1521 923 1593 951 δύνει
1603 931 1610 938 ⁶
1627 925 1743 951 κινεῖται
1759 923 1807 951 δὲὸ

1027 967 1080 1003 ἀὴρ
1100 968 1153 1003 πρὸ
1168 967 1249 1003 τριῶν
1263 968 1383 1004 ἡμερῶν.

1062 1013 1294 1049 ΜηνὶοΑὐγούστῳ
1312 1017 1342 1040 ιε’
1357 1013 1432 1050 Λύρα
1445 1014 1512 1050 ἑῷος
1521 1015 1605 1042 δύνει.

1061 1059 1134 1094 Μηνὶ
1148 1059 1188 1094 τῷ
1209 1059 1282 1094 αὐτῷ
1309 1060 1341 1086 ιθ¹
1361 1060 1459 1095 Δελφὶς
1486 1061 1551 1096 ἑῷος
1576 1062 1668 1088 δύνει·
1688 1062 1734 1088 καὶ
1757 1062 1805 1089 ἐστι

967 1106 972 1111 ”
1026 1104 1114 1140 τροπὴ
1131 1105 1177 1132 τοῦ
1194 1105 1289 1140 Θέρους
1303 1106 1349 1132 ἐπὶ
1366 1106 1395 1133 τὸ
1405 1106 1507 1142 ψυχρόν
1518 1109 1551 1134 ²¹.

1062 1151 1136 1186 Μηνὶ
1151 1151 1190 1187 τῷ
1204 1152 1278 1187 αὐτῷ
1300 1156 1343 1187 κη’
1360 1153 1555 1189 Προτρυγητὴς
1577 1153 1647 1189 ἑῷος
1672 1155 1804 1186 ἐπιτέλλει,

1028 1198 1074 1225 καὶ
1089 1199 1104 1225 ὁ
1121 1198 1205 1230 Ἰστὺς
1220 1198 1302 1225 δύνει.
1320 1200 1396 1226 Ἐστι
1415 1200 1475 1226 τότε
1486 1200 1561 1231 τέλος
1578 1200 1649 1239 μετὰ
1663 1201 1714 1237 τὴν
1727 1203 1806 1228 Enn-.0-

1027 1244 1075 1280 λὴν
1086 1244 1134 1271 τοῦ
1150 1244 1238 1276 Κυνὸς
1254 1245 1363 1281 ήμερῶν
1381 1249 1425 1281 μ’.’

1061 1290 1134 1326 Μηνὶ
1151 1291 1328 1326 Σεπτεμϐρίῳ
1345 1291 1367 1324 ζ’
1384 1291 1433 1324 Αἲξ
1442 1291 1576 1328 ’ἑσπέριος
1589 1293 1735 1323 ἐπιτέλλει.

1061 1336 1135 1371 Μηνὶ
1155 1335 1193 1371 τῷ
1217 1336 1291 1371 αὐτῷ
1314 1336 1379 1369 ιζ’¹¹
1401 1337 1563 1373 Ἀρκτοῦρος
1584 1339 1738 1365 ἐπιτέλλει·
1765 1339 1804 1368 ut

1026 1381 1127 1414 ἀλλοιοῖ
1140 1383 1173 1417 τῇ
1188 1381 1250 1418 ἑξῆς
1264 1382 1356 1418 ἡμέρᾳ
1368 1383 1400 1410 ’³-

1061 1427 1134 1463 Μηνὶ
1146 1427 1184 1469 τῷ
1196 1427 1269 1463 αὐτῷ
1289 1428 1319 1454 ιϐ’
1335 1427 1440 1463 Στάχυς
1457 1427 1523 1464 ἑῷος
1533 1429 1670 1456 ἐπιτέλλει
1680 1438 1687 1445 ·
1701 1429 1804 1457 ἀλλοιοῦ-

1026 1481 1070 1500 ται
1083 1473 1112 1499 δὲ
1124 1475 1138 1500 ὁ
1151 1474 1204 1509 ἀὴρ
1221 1474 1273 1510 πρὸ
1284 1474 1330 1505 δύο
1344 1475 1462 1510 ἡμερῶν.

1060 1519 1134 1554 Μηνὶ
1152 1519 1191 1554 τῷ
1201 1518 1275 1550 αὑτῷ
1291 1522 1330 1546 κε’
1343 1520 1471 1555 ίσημερία
1485 1519 1670 1555 φθινοπωρινή
1683 1529 1689 1535 ·
1704 1520 1750 1547 καὶ
1770 1520 1804 1553 γί-

193 1561 312 1588 maxima
328 1562 400 1589 aeris
418 1563 536 1591 turbatio
557 1565 645 1592 tribus
657 1569 736 1593 antea
752 1565 849 1594 diebus
865 1576 872 1593 ε
890 1574 975 1601 quare

1050 1573 1100 1590 εται
1109 1564 1223 1600 μεγίστη
1229 1564 1334 1600 ταραχὴ
1341 1565 1387 1590 τοῦ
1396 1564 1475 1600 ἀέρος
1490 1565 1542 1600 πρὸ
1552 1565 1637 1600 τριῶν
1647 1565 1763 1601 ἡμερῶν·
1771 1565 1804 1590 διδ

192 1609 236 1632 est
255 1606 405 1641 cavendum
426 1616 460 1636 ne
479 1617 576 1637 venam
601 1618 743 1642 sccemus,
767 1619 855 1646 neque
876 1620 977 1647 purge-

193 1659 273 1683 inus,
288 1660 376 1687 neque
397 1653 465 1681 alias
482 1662 582 1690 corpus
601 1655 752 1683 vehementi
777 1659 852 1683 motu
868 1664 977 1685 movea-

195 1704 255 1724 mus
269 1705 283 1723 a
302 1697 406 1725 decima
431 1700 526 1734 quinta
546 1700 713 1736 Septembris
728 1710 814 1738 usque
831 1703 864 1731 ad
880 1702 977 1731 vicesi-

195 1751 265 1774 mam
280 1749 403 1778 quartam
419 1746 540 1780 ejusdem
553 1747 666 1777 mensis.

229 1787 327 1820 Mensis
340 1788 464 1818 Octobris
478 1795 553 1820 sexta
571 1791 678 1823 Corona
692 1799 770 1822 mane
784 1793 880 1827 oritur.
895 1798 922 1823 et
934 1799 976 1823 est

191 1833 338 1869 vehemens
354 1835 426 1864 acris
441 1838 564 1865 mutatio.

228 1880 348 1916 Septima
366 1881 443 1909 llmdi
457 1884 563 1918 vesperi
575 1884 710 1912 oriuntur.

229 1926 338 1954 Decima
368 1928 482 1963 septima
506 1929 613 1965 llyades
637 1939 750 1967 vespere
777 1933 928 1960 oriuntur:
950 1937 976 1961 et

192 1979 290 2008 magna
303 1975 330 2000 tit
344 1975 416 2002 aeris
431 1975 562 2003 turbatio.

230 2018 364 2047 \‘icesima
381 2021 470 2054 tertial
487 2029 540 2049 una
556 2031 616 2050 cum
633 2024 699 2052 solis
719 2029 780 2051 ortu
792 2024 915 2053 Pleiades
927 2033 975 2052 oc-

192 2065 288 2097 cidunt
305 2076 312 2094 :
328 2070 354 2096 et
369 2068 503 2103 contingit
519 2069 605 2104 pridie
621 2071 739 2097 maxima
759 2072 830 2098 aeris
844 2071 973 2099 turbatio.

229 2155 328 2184 Mensis
341 2156 503 2187 Novembris
519 2164 594 2187 sexta
604 2159 729 2189 Pleiades
739 2168 818 2189 mane
831 2161 974 2196 occidunt;

192 2206 219 2229 et
233 2202 328 2235 incipit
344 2211 390 2231 aer
401 2205 502 2232 sedari.

227 2246 375 2275 Undecima
388 2249 457 2284 Lyra
472 2259 551 2279 mane
567 2253 662 2280 oritur.

227 2292 362 2320 Vicesima
380 2296 477 2330 prima.
499 2296 606 2333 Ilyades
630 2306 710 2326 mane
731 2299 879 2332 occidunt;
893 2302 919 2327 et
933 2307 977 2328 so-

191 2339 284 2375 quenti
301 2340 345 2368 die
360 2342 478 2369 turbatio
490 2343 518 2370 iit
534 2344 608 2372 circa
625 2352 726 2373 aerem.

229 2384 362 2413 Vicesima
389 2388 503 2422 septima
517 2388 599 2417 Orion
627 2391 725 2424 oritur,
749 2396 776 2419 et
794 2391 903 2419 Corona
928 2399 972 2419 oc—

191 2431 267 2458 cidit.

225 2476 328 2506 Mensis
338 2477 495 2508 Decembris
510 2481 607 2515 prima.
620 2482 698 2510 canis
708 2491 787 2511 mane
797 2483 909 2511 occidit.
922 2482 976 2510 0b—
1006 2512 1011 2518 _

190 2527 328 2550 servatura
342 2527 385 2551 est
402 2527 493 2551 autem
509 2533 523 2551 a
540 2527 644 2558 multis,
663 2528 735 2562 quod
752 2529 774 2556 si
792 2533 975 2563 tempestuosa

191 2568 272 2596 fuerit
294 2569 350 2597 hate
363 2570 433 2601 dies.
449 2576 605 2606 perseverat
624 2573 783 2609 plerumque
807 2575 927 2602 turbatio
942 2575 974 2602 ad

190 2614 249 2643 dies
268 2624 370 2653 xxxvu.
389 2615 417 2643 Si
432 2625 497 2645 vero
514 2625 611 2646 serena
626 2618 718 2652 luerit,
738 2627 785 2654 per
801 2623 842 2647 tot
856 2621 915 2648 dies
933 2628 974 2648 so-

190 2661 332 2693 rcnitatem
350 2662 408 2690 fore
427 2663 572 2699 signiﬁcat.
628 2687 630 2689 .

225 2706 347 2738 Decima.
364 2708 441 2736 Haedi
463 2718 542 2738 mane
558 2710 696 2744 occidunt,

225 2750 386 2786 Undecima,
396 2754 496 2790 -Capra
517 2764 597 2787 mane
624 2756 737 2788 occidit,
762 2760 789 2784 et
809 2756 976 2792 perturbatio

191 2799 262 2831 acris
280 2799 308 2826 lit
323 2801 463 2834 postridie.

223 2876 245 2900 ﬂ
259 2876 296 2907 ai.
316 2877 415 2913 ξκῧχειν.
455 2880 477 2896 ⁷⁵
490 2879 526 2907 ul.
542 2881 580 2909 ιδ’.

625 2882 647 2898 ’³
662 2881 697 2909 al.
716 2881 787 2908 ἄλλοι
803 2880 829 2908 δὲ
844 2881 878 2917 τῇ
890 2879 952 2916 ἑξῆς
964 2880 1065 2916 ἡμέρᾳ.

1028 1611 1283 1646 παραφυλάττεσθαι
1296 1611 1348 1647 χρὴ
1366 1611 1431 1647 μηδὲ
1439 1611 1626 1646 φλεδοτομεῖν,
1637 1611 1705 1646 μηδὲ
1718 1610 1802 1637 καθιέ-

1029 1666 1095 1693 ρειν,
1114 1657 1175 1692 μηδ’
1195 1657 1281 1689 ἄλλως
1295 1657 1326 1683 τὸ
1339 1657 1417 1692 σῶμα
1429 1658 1513 1684 κινεῖν
1525 1657 1626 1693 σφοδρᾷ
1643 1658 1747 1693 κινήσει
1759 1656 1803 1684 ἀπὺ

1029 1707 1058 1732 ιε’
1073 1703 1119 1730 τοῦ
1133 1703 1321 1740 Σεπτεμϐρίου
1335 1703 1416 1739 μέχρι
1431 1703 1480 1730 κδτ.

1061 1793 1135 1829 Μηνὶ
1154 1792 1311 1829 Ὀκτωϐρίῳ
1326 1795 1352 1825 ς’
1368 1792 1502 1827 Στέφανος
1521 1791 1587 1827 ἑῷος
1604 1791 1752 1819 ἐπιτέλλει·
1763 1791 1802 1819 καί

1026 1839 1085 1866 ἑστι
1099 1838 1201 1874 σφοδρὰ
1216 1838 1350 1874 μεταϐολὴ
1365 1838 1412 1864 τοῦ
1429 1838 1519 1872 ἀέρος.

1061 1886 1133 1921 Μηνὶ
1146 1885 1184 1919 τῷ
1199 1884 1272 1920 αὐτῷ
1287 1884 1308 1916 ζ’
1328 1886 1436 1920 Ἔριφοι
1449 1884 1571 1919 ἑσπέριοι
1585 1884 1760 1910 ὲπιτέλλευσι.

1063 1931 1135 1966 Μηνὶ
1146 1929 1183 1966 τῷ
1196 1930 1269 1965 αὐτῷ
1285 1929 1317 1961 ιζ’
1334 1929 1428 1961 Ὑάδες
1436 1929 1556 1964 ἑσπέριοι
1566 1929 1735 1956 ὲπιτέλλουσι
1744 1938 1750 1944 ·
1763 1928 1801 1954 καὶ

1028 1977 1106 2012 ἱκανὴ
1118 1975 1224 2012 ταραχὴ
1235 1975 1281 2002 τοῦ
1296 1974 1376 2011 ἀέρος
1388 1975 1501 2009 γίνεται.

1061 2023 1133 2058 Μηνὶ
1146 2023 1185 2057 τῷ
1196 2020 1270 2056 αὐτῷ
1281 2024 1322 2055 κγ’
1334 2021 1391 2056 ἅμα
1405 2021 1479 2056 ἡλίου
1492 2021 1608 2055 ἀνατολῇ
1621 2020 1752 2055 Πληϊάδες
1763 2018 1800 2046 δύ-

1026 2077 1100 2096 νουσι
1110 2078 1117 2084 ·
1134 2068 1180 2095 καί
1197 2069 1253 2095 ἐστι
1269 2068 1382 2104 μεγίστη
1396 2066 1501 2103 ταραχὴ
1516 2066 1563 2093 τοῦ
1581 2067 1663 2102 ἀέρος
1677 2066 1727 2101 πρὸ
1746 2065 1800 2100 μιῶ

1027 2115 1142 2151 ἡμέρας·

1061 2161 1135 2196 Μηνὶ
1149 2160 1295 2196 Νοεμϐρίῳ
1307 2163 1333 2192 ς(
1349 2158 1480 2194 Πληῖάδες
1492 2157 1558 2193 ἑῷαι
1573 2158 1682 2184 δύνουσι
1691 2165 1697 2172 δ
1711 2155 1753 2183 καὶ
1760 2155 1800 2190 ἆρ-

1027 2217 1103 2244 χεται
1119 2206 1299 2234 καθίστασθαι
1318 2207 1330 2232 ὁ
1350 2206 1413 2242 ἀήρ.

992 2245 1013 2271 Ῑ)
1062 2254 1136 2289 Μηνὶ
1151 2253 1189 2288 τῷ
1204 2252 1277 2287 αὐτῷ
1293 2251 1327 2278 ια’
1349 2251 1371 2269 ³³
1386 2250 1462 2285 Λύρα
1472 2248 1538 2284 ἑῷος
1551 2248 1696 2276 ἐπιτέλλει.

1063 2301 1137 2336 Μηνὶ
1149 2300 1187 2335 τῷ
1209 2299 1283 2334 αὐτῷ
1301 2301 1344 2324 κα¹
1363 2297 1456 2328 Ὑάδες
1479 2295 1544 2331 ὲῷαι
1567 2295 1692 2322 δύνουσι·
1708 2294 1749 2321 καὶ
1761 2301 1798 2319 τα-

1029 2347 1098 2383 ραχὴ
1113 2346 1176 2383 περὶ
1191 2345 1236 2372 τὸν
1250 2345 1318 2380 ἀέρα
1331 2345 1434 2378 γίνεται
1444 2345 1477 2378 τῇ
1491 2342 1566 2377 ἑξῆς.

1063 2393 1136 2429 Μηνὶ
1152 2392 1190 2428 τῷ
1207 2391 1280 2427 αὐτῷ
1296 2391 1335 2423 κζ’
1361 2391 1455 2426 Ὠρίων
1477 2389 1622 2421 ἐπιτέλλει,
1641 2388 1688 2415 καὶ
1709 2386 1798 2419 Στέφα-

1027 2449 1072 2471 νος
1088 2439 1170 2466 δύνει.

1062 2485 1136 2520 Μηνὶ
1152 2483 1310 2519 Δεκεμϐρίῳ
1329 2486 1352 2509 α¹¹
1367 2482 1448 2509 Κύων
1470 2481 1536 2516 ἑῷος
1555 2480 1638 2508 δύνει.
1662 2481 1798 2514 Τετήρηται

1027 2531 1054 2558 δὲ
1079 2532 1136 2562 τοῖς
1164 2530 1280 2561 πολλοῖς,
1300 2529 1347 2560 ὡς,
1375 2528 1402 2555 εἴ
1421 2537 1453 2563 γε
1477 2527 1601 2562 χειμάσει
1623 2527 1652 2552 ἑν
1678 2525 1755 2560 ταύτῃ
1770 2523 1796 2557 τῇ

1028 2575 1129 2611 ἡμέρᾳ,
1143 2573 1268 2609 ἐπιμένει
1279 2573 1317 2604 ὡς
1333 2572 1434 2599 ἐπίπαν
1444 2573 1461 2607 ὴ
1481 2571 1586 2607 ταραχὴ
1605 2570 1653 2596 τοῦ
1670 2570 1743 2605 ἀέρος
1756 2576 1795 2602 με-

1028 2630 1073 2657 χρι
1087 2620 1200 2656 ἡμερῶν
1220 2620 1269 2652 λζ’.
1286 2619 1318 2645 Εἰ
1333 2618 1361 2645 δὲ
1378 2617 1503 2650 εὐδιάσει,
1519 2616 1550 2643 τὺ
1564 2616 1630 2643 αὐτὸ
1643 2613 1794 2651 angebat".

1060 2711 1186 2748 Μηνὶτῷ
1205 2709 1278 2745 αὖτῷ
1295 2712 1309 2736 ι’
1330 2708 1437 2744 ’Ἑριφοι
1457 2703 1518 2742 ἑῷοι
1536 2706 1654 2732 δύνουσι,

1061 2744 1134 2793 Mm
1151 2744 1190 2791 τῷ
1217 2756 1291 2790 αὐτῷ
1315 2759 1347 2782 ια’
1363 2755 1384 2771 η
1408 2754 1457 2785 Ais
1474 2753 1529 2788 ἑῴα
1551 2751 1639 2779 δύνει·
1657 2747 1753 2785 ταραχὴ
1770 2744 1791 2772 δὲ

1027 2803 1129 2839 γίνεται
1145 2801 1214 2838 μετὰ
1230 2800 1294 2836 μίαν
1311 2799 1425 2836 ἡμέραν.

1104 2879 1126 2895 ’⁸
1140 2879 1176 2905 al.
1198 2881 1239 2912 ιγι.
1280 2877 1301 2898 1⁸
1315 2876 1349 2904 al.
1369 2875 1520 2911 συμϐαίνει.
1559 2874 1580 2890 ⁸⁸
1598 2873 1634 2900 τι.
1652 2876 1701 2901 κε’.
