1900 3137
81 169 157 200 ξῧᾶῗ

123 225 199 260 Μηνὶ
213 225 251 261 τῷ
269 226 342 262 αὐτῳ
357 231 398 261 κγ’
416 227 438 243 "’
450 229 549 264 τροπαὶ
563 230 724 265 χειμεριναί.

123 271 201 306 Μηνὶ
222 272 377 308 Ἰανουαρίῳ
391 272 411 299 δ’
428 274 524 308 Δελφὶς
541 274 684 302 ἐπιτέλλει.

124 317 199 353 Μηνὶ
215 317 253 353 τῷ
275 318 349 354 αὐτῷ
365 322 385 345 ε’
399 319 421 334 ’³
434 320 448 346 ὁ
469 320 558 351 Ἀετὸς
579 320 704 355 ἑσπέριος
724 320 812 347 δύνει·
832 330 877 348 τα-

84 363 162 402 ραχὴ
175 363 203 390 δὲ
215 364 317 400 σφοδρὰ
334 364 437 399 γίνεται
452 365 519 400 μετὰ
530 365 575 392 δύο
588 366 705 402 ἡμέρας.

124 408 199 443 Μηνὶ
217 408 255 443 τῷ
269 409 343 444 αὐτῷ
366 412 404 435 κε’
419 411 432 437 ὁ
445 410 569 446 λαμπρὸς
586 410 672 449 ἀστὴρ
685 412 714 437 ἐν
726 411 765 446 τῷ
783 411 874 442 Λέοντ.

82 452 180 479 δύνει·
196 455 305 480 κινεῖτε
321 454 373 489 πρὸ
387 455 469 490 τριῶν
485 456 596 491 ἡμερῶν
606 457 652 482 τὸν
666 456 744 492 ἀέρα,

123 498 200 533 Μηνὶ
211 498 249 533 τῷ
265 498 338 534 αὑτῷ
352 502 394 534 κη’
406 500 501 535 Δι-,λφὶς
519 501 644 534 ἑσπέριος
660 501 742 529 δύνει.

84 543 87 545 ’
123 544 200 578 Μηνὶ
215 544 254 579 τῷ
271 544 344 579 αὐτῷ
358 545 398 571 κθ¹
414 545 489 580 Λύρα
504 546 630 582 ἑσπέριος
641 546 724 575 δύνει.

123 588 199 624 Μηνὶ
214 588 386 627 Φεϐρουαρίῳ
403 593 428 622 ς’
443 591 463 605 “
480 590 599 627 Ζέφυρος
610 592 681 617 πνεῖ.

123 633 199 668 Μηνὶ
207 633 246 669 τῷ
260 633 333 669 αὕτῷ
348 635 389 660 κδ’
402 636 416 662 ὁ
429 635 511 667 Ἰστδς
521 635 592 662 δύνει
609 636 745 672 ἑσπέριος,
760 646 805 663 και
819 637 876 666 ἐστι

83 680 195 715 ταραχὴ
208 679 255 706 τοῦ
267 680 356 716 ἀέρος.

123 725 198 760 Μηνὶ
210 725 250 761 τῷ
260 726 333 762 αὐτῷ
348 730 386 753 κε’
411 728 571 764 Ἀρκτοῦρος
582 727 724 754 ἐπιτέλλει.

123 771 244 807 Μηνὶτῴ
250 772 323 807 αὐτῷ
330 776 375 805 κς¹
383 773 516 809 χελιδόνες
524 774 659 806 πέτονται,
671 775 717 802 καὶ
723 775 872 810 φαίνονται,

125 849 148 865 ³⁷
165 848 254 876 ιιΙ.κδ’.
293 849 316 865 ¹⁸
332 849 369 878 αι.
386 853 427 878 ιε’.

478 851 500 866 ¹⁹
514 849 552 878 al.
571 850 614 882 ιζ’,

526 169 755 198 DlSSERTATlO
774 169 817 198 DE
835 169 928 198 ORTU
949 169 992 196 ΕΤ
1012 168 1146 198 OCCASU
1168 168 1329 198 SIDERUM.

889 232 912 260 Α
963 228 1098 257 Vicesima
1109 229 1187 256 tertia
1203 228 1350 257 solstitium
1363 231 1405 256 est
1419 228 1574 262 hibernum.

963 274 1064 302 Mensis
1081 274 1202 301 Januarii
1220 279 1317 309 quarta
1334 273 1446 308 Delphin
1459 275 1556 301 oritur.

963 319 1075 352 Quinta,
1091 319 1188 354 Aquila
1202 319 1307 354 vesperi
1323 319 1439 351 occidit;
1451 322 1479 346 et
1492 319 1520 345 tit
1536 318 1654 361 turbatio
1668 325 1714 346 vc-

927 365 1041 393 hemens
1055 370 1118 401 post
1133 366 1203 392 duos
1218 365 1287 392 dies.

963 411 1072 445 Quinta,
1087 411 1202 439 illustris
1217 411 1295 439 stella
1315 411 1343 438 in
1362 409 1453 438 Leone
1475 410 1593 444 occidit;
1609 415 1712 437 movet-

927 466 979 494 que
994 461 1056 485 ante
1073 457 1192 485 triduum
1208 465 1310 486 aerem.

963 502 1097 531 vicesima
1111 507 1208 530 octava
1226 503 1339 538 Delphin
1357 503 1462 538 vesperi
1480 503 1589 531 occidit.

962 548 1096 578 Vicesima
1110 556 1192 582 nona,
1211 548 1280 584 Lyra
1292 549 1397 583 vesperi
1412 548 1521 576 occidit.

962 593 1066 622 Mensis
1080 593 1221 623 Februarii
1239 599 1316 622 sexta
1334 594 1470 621 Favonius
1483 594 1580 629 spirat,

962 639 1098 667 Vicesima
1117 639 1247 673 secunda,
1270 641 1360 668 malus
1373 639 1455 668 Navis
1474 641 1580 676 vesperi
1599 641 1711 675 occidit,

927 689 954 712 et
968 689 1009 712 est
1027 684 1149 712 turbatio
1161 685 1233 712 aeris
1249 693 1355 720 magna.

963 729 1097 759 Vicesima
1112 731 1219 767 quinta,
1236 731 1370 759 Arcturus
1388 731 1495 766 vesperi
1506 731 1602 761 oritur.

962 775 1098 804 Vicesima
1116 781 1203 809 sexta,
1222 777 1383 806 hirundines
1400 779 1492 806 volant
1523 782 1551 808 et
1569 783 1708 816 apparent.

93 928 1692 941 Ἥ

277 982 374 1044 DE
425 983 639 1048 OBTU
677 984 778 1049 ET
828 984 1130 1050 OCCASU
1170 985 1520 1050 SIDERUM

704 1090 1100 1137 DlSSERTATlO

90 1166 125 1195 In
135 1175 187 1195 tua
194 1167 276 1195 "mlta
286 1167 516 1204 elucidanturquw
524 1167 556 1195 ab
565 1168 714 1195 auctoribus
727 1176 808 1202 supra
818 1167 895 1195 editis
903 1167 1011 1195 obscure
1020 1167 1134 1202 allegata
1142 1174 1213 1200 sum,
1225 1167 1264 1194 vel
1275 1168 1443 1204 corriguntur
1451 1177 1509 1204 qua:
1517 1178 1623 1197 erronee
1630 1169 1711 1197 dicta.

529 1226 612 1257 (Dion.
626 1228 753 1258 Par-mus,
771 1228 804 1253 De
814 1226 924 1253 doctrina
935 1229 1077 1258 temporum,
1095 1229 1112 1252 t.
1126 1226 1169 1257 lll,
1183 1234 1208 1258 p.
1218 1225 1269 1256 59.)

383 1324 583 1353 ΠΡΟΘΕΩΡΙᾹ.

126 1370 241 1398 ὒο-οι-ιιι
261 1370 381 1398 siderum
404 1375 431 1398 et
454 1379 553 1398 occasu
579 1371 680 1399 selecta
700 1372 821 1407 qmedam
842 1380 876 1404 ex

89 1417 201 1451 optimis
226 1420 253 1443 et
276 1416 396 1450 antiquis
423 1417 580 1444 auctoribus
606 1419 728 1452 exempla
757 1418 877 1453 profere-

89 1470 170 1495 mus,
189 1461 216 1488 in
239 1461 338 1496 quibus
364 1465 472 1488 ortuum
496 1467 524 1489 et
548 1470 693 1491 occasuum
720 1463 876 1492 varietatem

88 1515 198 1535 omnem
215 1507 399 1542 experiemur;
417 1512 446 1534 ut
469 1508 502 1534 ad
528 1512 687 1535 cancrorum
704 1508 749 1543 qui
774 1509 877 1545 passim

90 1553 215 1585 incidunt
231 1561 309 1581 usum
327 1559 353 1581 et
371 1553 558 1580 tractationem
579 1561 729 1587 paucorum
745 1553 875 1581 observa-

89 1599 128 1625 tio
146 1598 324 1626 similitudine
348 1599 406 1633 ipsa
430 1599 573 1633 pertineat.
601 1597 653 1625 Sed
670 1599 720 1625 tria
742 1603 806 1626 sunt
823 1599 876 1626 im-

89 1643 196 1678 primis,
211 1651 270 1678 qua:
284 1643 317 1670 ad
330 1647 405 1671 ortus
420 1643 446 1671 ei
461 1652 577 1672 occasus
589 1645 708 1680 speciem
720 1645 747 1671 in
758 1645 877 1679 scripto-

90 1680 152 1716 rum
171 1689 249 1716 libris
272 1689 419 1716 eruendam
444 1693 536 1717 notata
562 1698 623 1718 esse
646 1690 775 1719 doctrina:
797 1691 878 1727 hujus

90 1734 210 1762 artiﬁces
219 1734 325 1769 jubent.
335 1735 454 1762 Primum
464 1739 507 1763 est
518 1740 634 1770 tempus,
648 1737 720 1771 quod
733 1737 767 1764 ab
782 1741 877 1764 aucto-

90 1789 121 1808 re
137 1780 196 1815 ipso
217 1781 252 1808 sit
270 1789 439 1816 expressum,
455 1784 501 1808 aut
515 1789 548 1809 ex
565 1781 625 1816 ejus
647 1782 771 1810 oratione
789 1783 878 1818 colligi

91 1827 194 1862 possit;
214 1827 363 1854 secundum
390 1831 431 1854 est
453 1827 530 1857 locus
552 1827 619 1854 solis
637 1827 676 1854 illi
703 1827 816 1862 tempori
836 1835 879 1855 re-

90 1873 246 1907 spondens;
278 1873 388 1900 tertium
416 1877 458 1900 est
487 1873 610 1908 signiferi
635 1873 710 1901 orbis
734 1874 877 1908 particula,

90 1919 150 1946 sive
167 1919 276 1953 gradus,
294 1926 410 1954 quocum
431 1919 506 1946 stella
528 1919 616 1945 oritur
639 1923 687 1946 aut
706 1919 807 1946 occidit
823 1929 829 1947 :
846 1927 878 1947 ex

90 1972 148 2000 quo
166 1965 274 1992 demum
299 1970 405 1999 tempus
430 1965 557 1992 idoneum
587 1965 614 1992 in
638 1973 710 1992 anno
732 1973 764 1992 ac
785 1973 878 1993 mense

89 2011 228 2046 δείξειαν.
245 2011 283 2037 Ex
298 2011 331 2041 iis
348 2011 465 2046 primum
487 2011 539 2037 nisi
560 2018 574 2037 a
597 2010 732 2045 scriptore
757 2010 877 2038 declare«
891 2002 912 2030 (ἶ

89 2061 148 2088 hic,
163 2057 246 2084 certis
269 2056 436 2091 conjecturis
455 2063 486 2082 ac
503 2056 718 2083 circumstantiis
740 2057 878 2083 aestiman—

89 2103 158 2130 dum
175 2111 247 2136 esse,
263 2108 336 2130 recte
358 2102 438 2129 iidem
461 2102 499 2129 illi
524 2102 624 2129 eruditi
645 2102 770 2130 homines
784 2103 878 2129 admo-

90 2154 169 2177 nent.
197 2150 223 2176 In
239 2149 346 2176 duabus
363 2148 533 2184 explicandis
555 2149 629 2176 soleo
655 2157 709 2176 non
736 2149 878 2176 scientiam

91 2194 202 2229 quidem
220 2194 246 2220 in
262 2194 410 2228 plerisque,
423 2193 468 2228 qui
487 2198 549 2220 ante
565 2202 614 2221 nos
635 2193 686 2223 ista
703 2193 878 2220 commentati

92 2245 168 2272 sunt,
184 2240 231 2267 sed
257 2240 432 2267 attentionem
457 2239 490 2266 ad
521 2240 546 2267 id
572 2240 644 2275 quod
669 2239 836 2269 scribebant.
852 2242 880 2269 et

91 2286 154 2320 ejus
178 2286 249 2320 quod
276 2285 383 2320 egregie
408 2289 517 2316 norant,
545 2285 761 2313 recordationem
787 2283 880 2319 requi-

92 2339 163 2358 rere.
189 2330 255 2358 Nam
280 2332 306 2357 in
333 2334 437 2357 tantam
464 2331 660 2361 absurditatem
685 2330 878 2358 nonnullorum

91 2377 202 2407 devenit
224 2376 322 2407 oratio,
339 2380 367 2402 ut
389 2383 476 2410 neque
495 2384 556 2403 cum
579 2376 731 2411 pervagatis
752 2380 879 2404 astrono-

93 2422 154 2448 mia:
173 2421 332 2456 principiis,
357 2429 444 2455 neque
461 2429 522 2450 cum
537 2422 678 2448 oculorum
699 2429 731 2449 ac
749 2414 879 2449 sensuum

92 2467 272 2502 experientia,
283 2475 372 2501 neque
385 2474 477 2494 secum
491 2471 627 2502 postremo
641 2467 699 2502 ipsa
714 2467 878 2494 consentiat.

130 2513 194 2546 Qua:
214 2520 258 2540 res
273 2516 302 2538 ut
319 2520 372 2538 non
391 2512 469 2547 ipsis.
484 2512 529 2547 qui
549 2513 601 2539 ista
625 2513 770 2547 scripsere.
791 2511 880 2540 fraudi

94 2559 176 2587 fuerit
192 2559 306 2586 eruditis
321 2558 488 2588 hominibus,
506 2561 532 2585 et
554 2557 650 2584 harum
671 2557 880 2592 discipfinarum

94 2606 208 2633 scientia
232 2605 364 2640 praeditis.
381 2609 408 2631 at
423 2604 484 2631 aliis
507 2611 561 2631 non
585 2603 759 2630 mediocriter
780 2603 878 2633 obfuit,

93 2650 136 2678 vel
153 2651 242 2678 minus
260 2657 340 2684 quam
357 2650 394 2676 illi
411 2649 496 2679 fuere.
514 2649 620 2681 doctis,
637 2649 679 2676 vel
701 2656 813 2683 prorsus
829 2649 879 2675 im—

95 2696 204 2731 peritis,
229 2696 275 2730 qui
298 2695 427 2729 impetum
453 2695 486 2722 ad
510 2695 681 2722 scribendum
697 2694 756 2721 sine
775 2697 834 2720 artc
848 2701 879 2720 ac

91 2741 196 2776 judicio
208 2741 353 2768 conferunt
364 2761 370 2772 ,
385 2744 412 2767 et
426 2749 485 2777 quzc
499 2740 568 2776 apud
584 2740 652 2767 alios
667 2743 804 2774 utcunque
818 2747 880 2774 per-

96 2791 210 2813 tractata
226 2787 350 2822 legerint,
369 2794 484 2821 quorum
501 2786 582 2813 rudes
599 2786 649 2820 ipsi
671 2789 745 2815 sunt.
761 2795 803 2818 ea,
820 2789 880 2813 utut

96 2841 125 2860 se
142 2833 252 2865 habent,
267 2833 293 2860 in
323 2834 565 2862 commentationes
587 2840 652 2859 suas
677 2831 879 2864 transfundere,

96 2879 130 2910 ad
147 2886 280 2911 summam
297 2879 347 2906 sibi
363 2877 492 2908 doctrina:
515 2877 612 2905 famam
636 2886 667 2905 ac
684 2877 795 2913 gloriam
818 2885 880 2913 per-

895 1331 916 1359 Β
931 1325 1018 1353 tinere
1041 1327 1148 1360 putant.
1173 1324 1203 1351 ln
1227 1323 1324 1351 horum
1344 1332 1426 1360 grege
1448 1324 1526 1352 facile
1542 1325 1644 1360 primas
1662 1325 1712 1353 hac

925 1375 1004 1398 aetate
1020 1370 1066 1397 ille
1085 1370 1204 1404 scriptor
1226 1370 1342 1402 obtinet,
1359 1371 1404 1405 qui
1425 1369 1562 1399 Plinianas
1587 1372 1621 1400 ad
1644 1371 1713 1402 Soli:

927 1424 991 1444 num
1010 1416 1224 1443 exercitationes
1241 1423 1330 1450 nuper
1344 1416 1439 1443 edidit.
1457 1416 1493 1443 lbi
1514 1417 1586 1446 enim
1602 1417 1635 1445 de
1650 1422 1712 1448 ortu

926 1466 953 1489 et
967 1468 1067 1488 occasu
1082 1461 1201 1488 siderum
1217 1468 1278 1487 cum
1298 1461 1436 1494 universe,
1453 1465 1509 1488 tum
1526 1466 1665 1489 certorum
1686 1467 1709 1490 et

928 1506 1087 1542 insignium,
1104 1510 1158 1532 tam
1188 1506 1272 1533 multa
1300 1506 1419 1541 scripsit,
1442 1511 1471 1534 ut
1501 1507 1596 1534 harum
1622 1515 1712 1536 rerum

928 1553 1142 1590 scientissimum
1167 1560 1197 1579 se
1216 1560 1277 1580 esse
1299 1553 1380 1588 vulgo
1407 1553 1565 1588 persuaderi
1582 1554 1712 1586 voluerit;

927 1601 982 1627 tam
999 1602 1088 1628 autem
1107 1597 1178 1625 fmde
1192 1598 1218 1624 in
1233 1599 1361 1625 omnibus
1376 1598 1497 1631 oﬂ‘endit,
1512 1604 1541 1626 ut
1557 1608 1611 1627 non
1625 1603 1714 1627 tanto-

928 1650 992 1677 pere
1019 1641 1168 1674 inscitiam,
1193 1646 1325 1679 quantum
1354 1650 1385 1670 os
1410 1642 1529 1670 hominis
1555 1644 1659 1677 mirari,
1682 1652 1714 1672 ac

928 1689 1063 1724 castigare
1085 1688 1168 1716 etiam
1189 1688 1258 1715 velle
1285 1689 1397 1721 subeat;
1420 1689 1466 1724 qui
1491 1697 1605 1724 quarum
1623 1699 1713 1719 rerum

929 1735 1050 1763 l‘umlitus
1066 1739 1139 1762 esset
1157 1742 1265 1770 expers,
1281 1734 1315 1762 de
1331 1735 1363 1763 iis
1379 1736 1554 1770 praescribere
1569 1743 1600 1763 ac
1616 1737 1715 1765 docere

929 1781 1008 1812 alios.
1023 1781 1081 1809 sine
1093 1781 1149 1807 ullo
1163 1780 1277 1816 pudore,
1289 1781 1443 1809 tcntaverit.
1457 1780 1494 1808 De
1506 1781 1585 1816 cujus
1599 1781 1715 1816 scriptou

928 1828 967 1856 ris
984 1828 1083 1856 erratis
1099 1828 1179 1863 paulo
1199 1832 1260 1865 post
1281 1828 1398 1856 dicetur.
1411 1828 1488 1857 Nune
1506 1828 1550 1857 illa
1572 1834 1715 1864 praeverta.

929 1881 1001 1905 mus,
1016 1873 1043 1900 in
1058 1874 1158 1908 quibus
1172 1881 1266 1908 parum
1284 1874 1363 1901 nobis
1385 1877 1504 1902 attentos
1520 1881 1580 1902 esse
1599 1875 1716 1902 nonnul-

929 1919 970 1946 los
988 1919 1110 1946 eruditos
1127 1919 1380 1948 animadvertimus.

963 1964 1005 1991 Ad
1021 1964 1104 1992 silum
1120 1965 1187 1992 solis
1204 1965 1230 1991 in
1247 1964 1369 1998 zodiaco,
1382 1969 1409 1992 et
1421 1965 1447 1991 in
1460 1965 1553 1992 eodem
1570 1965 1714 1993 orientium

929 2011 1071 2038 stellarum
1095 2014 1122 2038 et
1149 2009 1331 2037 occidentium
1352 2010 1478 2045 regiones
1501 2011 1714 2046 investigandas,

929 2056 1049 2092 primum
1058 2057 1179 2083 omnium
1199 2056 1338 2084 observari
1352 2057 1458 2088 volunt,
1472 2058 1572 2092 quibus
1581 2059 1715 2086 mensium

929 2103 1027 2131 diebus
1042 2103 1082 2130 sol
1099 2103 1252 2138 ingressum
1271 2103 1298 2130 in
1315 2103 1534 2132 dodccatemoria
1554 2104 1658 2139 singula
1675 2104 1716 2131 t‘a-

930 2152 1002 2176 ceret
1018 2148 1051 2175 iis
1066 2147 1246 2182 temporibus,
1262 2148 1362 2182 quibus
1377 2151 1481 2176 veteres
1495 2149 1532 2176 illi
1549 2149 1715 2181 ﬂoruerunt;

929 2193 1012 2229 idque
1029 2201 1061 2220 ex
1079 2193 1240 2226 Columella,
1258 2192 1354 2224 Plinio,
1373 2192 1480 2225 Ovidio,
1496 2202 1527 2221 ac
1544 2195 1648 2222 cat-teris
1661 2195 1718 2222 col-

930 2240 988 2275 ligi.
1012 2239 1081 2267 Tum
1107 2239 1271 2274 quibuscum
1290 2239 1394 2266 zodiaci
1412 2239 1542 2274 gradibus
1561 2245 1639 2268 ortus
1657 2241 1717 2268 illa—

929 2293 990 2312 rum
1021 2292 1193 2320 occasusque
1220 2289 1421 2319 congruerent,
1447 2285 1590 2321 diligenter
1619 2287 1716 2314 notari.

930 2330 1000 2358 llinc
1020 2331 1093 2358 enim
1118 2331 1198 2358 facile
1218 2330 1330 2365 conjici,
1348 2338 1417 2365 quos
1445 2331 1471 2358 in
1487 2331 1547 2359 dics
1562 2332 1716 2360 conferendi

931 2376 967 2403 illi
978 2376 1053 2408 «sint;
1067 2385 1141 2408 cum,
1156 2376 1256 2411 quibus
1271 2377 1310 2404 sol
1325 2377 1358 2403 ad
1374 2377 1587 2412 unumquodque
1611 2378 1716 2413 signum

931 2424 1084 2460 perveniret
1112 2424 1214 2454 sacculo
1243 2424 1306 2456 illo,
1334 2425 1553 2460 cognoverimus.
1580 2424 1663 2452 Recte
1692 2424 1717 2451 id

931 2469 1040 2505 quidem
1063 2469 1205 2500 hactenus.
1222 2468 1323 2496 Verum
1347 2469 1374 2496 in
1398 2470 1457 2497 loco
1475 2470 1541 2497 solis
1563 2468 1718 2496 deﬁniendo

932 2523 1027 2550 parum
1046 2515 1125 2542 iidem
1145 2519 1301 2545 accuratam
1323 2516 1454 2543 rationem
1471 2519 1570 2543 tenent.
1589 2514 1656 2542 Nam
1676 2516 1718 2542 in-

931 2567 1042 2594 gressus
1063 2559 1090 2586 in
1114 2559 1334 2589 dodecatrmoria
1350 2567 1403 2586 non
1419 2567 1451 2586 ex
1469 2559 1506 2586 rei
1530 2558 1653 2588 veritate.
1669 2558 1717 2585 sed

931 2612 962 2631 ex
979 2603 1046 2630 falsa
1058 2603 1238 2638 quorumdam
1254 2608 1376 2631 veterum
1390 2602 1567 2638 persuasione
1582 2606 1715 2630 statuunt.

931 2650 976 2677 Sic
997 2650 1023 2676 in
1038 2649 1157 2677 Arietem
1170 2648 1234 2676 Julii
1249 2649 1365 2676 Caesaris
1381 2654 1501 2684 tempore
1516 2648 1600 2675 solem
1617 2656 1650 2674 xv
1664 2647 1718 2674 Ka-

933 2695 1027 2726 lendas
1041 2695 1118 2730 Apr.,
1132 2695 1182 2722 hoc
1196 2700 1238 2723 est
1252 2694 1340 2722 Martii
1361 2702 1425 2721 xvnt
1448 2694 1587 2723 introiisse
1599 2694 1694 2721 dicunt
1709 2702 1716 2725 ;

934 2740 960 2767 in
969 2739 1089 2767 Taurum
1106 2747 1170 2767 vero
1183 2740 1283 2775 Aprilis
1297 2747 1379 2772 xvtu;
1396 2739 1422 2765 in
1434 2738 1572 2771 Geminos,
1586 2738 1646 2765 Maii
1660 2746 1718 2765 XIX.

934 2786 1010 2819 Quod
1029 2790 1058 2812 nt
1075 2793 1121 2817 per
1139 2793 1199 2813 sese
1225 2785 1323 2812 falsum
1340 2788 1400 2816 cst,
1416 2784 1455 2811 sic
1476 2791 1510 2811 eo
1533 2785 1622 2818 posito
1645 2783 1718 2811 side-

933 2841 992 2859 rum
1010 2836 1086 2859 ortus
1101 2839 1270 2865 occasusque
1289 2838 1439 2866 perperam,
1456 2834 1481 2857 et
1503 2830 1598 2858 alienis
1621 2829 1717 2857 diebus

934 2879 1030 2915 illigari
1047 2886 1161 2907 necesse
1176 2882 1227 2905 est.
1246 2877 1278 2905 [τι
1294 2877 1365 2905 cnim
1383 2877 1422 2905 sul
1440 2876 1464 2904 in
1478 2875 1608 2908 Taurum.
1624 2883 1716 2913 exem-
