1900 3137
195 188 262 217 ίῖδῖ)

697 187 742 214 AD
759 186 896 214 EUSEBII
917 187 1115 216 CHRONICON
1128 186 1306 215 APPENDIX.

1756 186 1771 213 1
1776 186 1830 214 5ιο

192 247 228 282 pli
245 253 340 278 causa,
357 245 472 273 subierit
489 251 555 271 xvut
571 243 615 271 die
631 244 749 279 Aprilisv
769 243 905 279 Vergili-aa,
920 252 981 279 quae

1040 243 1168 278 ›ουμένου
1179 252 1186 259 ’
1204 243 1220 279 ἢ
1237 243 1290 271 ἀπό
1305 251 1378 274 τινος
1390 242 1444 269 τῶν
1455 241 1708 270 ωναναπλλόντων
1725 242 1831 278 βορειο-

193 293 220 319 iu
243 291 328 327 gradu
350 290 433 317 Tauri
452 297 535 317 xxvru
557 290 719 316 matutinum
739 294 829 316 ortum
846 297 982 325 apparen-

193 342 247 365 tem
271 336 405 364 faciebant
426 343 498 362 anno
520 335 607 370 primo
629 333 750 366 Iuliano,
768 335 807 362 uti
830 342 913 370 supra
933 334 982 362 de-

194 386 374 410 monstratum
390 385 442 413 est,
453 385 520 408 orta:
532 381 632 408 fuerint
643 380 705 407 Maii
720 388 763 413 xv,
780 381 821 408 vel
840 388 906 412 xvu,
918 387 982 407 cum

192 436 284 456 tamen
301 435 368 455 mu
391 427 418 454 id
435 426 576 454 acciderit.
592 426 630 453 Ita
647 427 743 454 diebus
759 434 808 453 vut
828 426 937 453 circiter
954 425 982 453 in

196 482 227 501 ea
242 474 425 509 descriptione
437 476 575 508 peccatur.
590 472 793 507 Ejusdemnrodi
809 476 906 499 caetera
919 473 983 499 sunt

193 521 338 548 orientium
359 520 502 547 intervalla
527 519 646 547 siderum
664 528 670 546 :
691 519 717 545 in
738 518 838 553 quibus
862 526 982 553 pronun-

192 566 294 594 tiandis
312 566 345 593 iis
360 565 394 593 de
410 566 502 593 causis
519 573 596 592 error
613 564 771 595 intervenit.
793 564 839 599 qui
861 563 983 599 profecto

192 611 373 647 castigatione
395 619 464 646 opus
487 611 578 638 habet.
598 609 780 642 Quamobrem
796 610 829 636 de
845 609 897 635 hac
913 608 984 635 anti-

193 665 309 693 quorum
329 657 509 691 quoruutdatu
526 656 664 690 opinione,
682 659 708 682 ct
725 663 877 681 attnuorum
893 654 983 681 cardi-

193 711 258 731 num
276 702 457 730 inteversione
478 701 532 728 dici
556 701 608 728 hoc
630 701 690 728 loco
708 708 820 728 necesse
837 705 889 731 est,
904 704 934 726 ut
950 700 984 726 iis

195 748 354 776 auctoribus
379 746 561 779 illustraudis,
585 754 654 781 quos
680 747 708 773 in
737 747 807 773 hanc
834 746 982 773 editionem

195 794 373 828 conjec-imus,
390 792 504 820 Gemino
522 792 684 827 praesertim,
703 791 868 826 Hipparcho,
894 790 981 818 Ptole-

195 847 272 871 maeo,
288 839 365 866 Tatio
383 846 466 874 opera
483 838 535 865 ista
551 838 663 865 serviat.

509 893 624 922 CAPUT
644 894 664 921 Ι.

195 941 234 970 De
253 942 444 977 a'quinoctt'glis
465 946 490 968 et
515 940 619 977 zodiaci
638 939 785 977 partitione
799 948 815 965 α
835 938 980 971 Chaldwis,

370 975 504 1011 .Egyptit's
516 984 547 1002 ac
558 974 657 1002 ercis
671 975 805 1001 instituta.

231 1021 289 1049 Duo
300 1026 364 1050 sunt
377 1022 483 1054 circuli,
501 1022 535 1048 ad
546 1028 616 1055 quos
627 1021 766 1048 stellarum
789 1021 859 1048 situs
876 1023 904 1047 et
917 1027 983 1047 con-

195 1068 335 1094 versiones
359 1067 512 1102 exiguntur,
540 1067 737 1101 aequinoctialis
768 1071 794 1094 et
827 1065 981 1093 zodiacus:

195 1121 228 1140 ex
251 1120 366 1148 quorum
388 1112 533 1148 partitione
559 1112 699 1147 longitudo
718 1112 872 1143 stellarum,
890 1118 922 1138 ex
941 1111 984 1138 di-

197 1159 297 1186 stantia
326 1159 440 1186 latitudo
461 1159 588 1186 sumitur.
621 1159 662 1186 Ac
690 1159 816 1186 videntur
844 1158 921 1192 prius
948 1157 983 1184 ad

196 1205 413 1240 aequinoctialem
447 1209 562 1240 utroque
595 1205 676 1232 modo
704 1205 790 1233 stella
819 1208 983 1240 comparatae

197 1259 278 1287 quam
306 1251 339 1277 ad
368 1250 521 1282 zodiaCum,
547 1258 600 1278 non
629 1251 717 1278 solum
742 1251 769 1278 in
795 1250 908 1281 Graecia,
935 1249 983 1277 sed

197 1299 277 1325 etiam
294 1297 365 1332 apud
383 1296 525 1332 Egyptios
540 1300 567 1324 et
580 1296 737 1330 Chaldaeos;
756 1297 856 1332 quibus
877 1296 918 1324 vel
942 1296 983 1322 in-

196 1347 277 1371 venta
300 1343 341 1370 vel
363 1343 520 1378 diligentius
540 1343 647 1370 exculta
669 1346 870 1378 propagataque
886 1342 913 1368 in
931 1349 985 1369 ca:-

197 1393 269 1416 teros
284 1389 449 1416 astronomia
466 1388 595 1416 creditur.
609 1387 644 1416 De
657 1387 759 1416 Graecis
775 1388 912 1415 memorize
925 1395 985 1422 pro-

196 1433 283 1461 ditum
299 1438 351 1465 est,
368 1434 484 1469 primum
511 1434 632 1461 omnium
656 1433 889 1461 Anaximandrum
911 1432 983 1460 Mile-

198 1479 268 1507 sium
295 1479 481 1513 obliquitatem
509 1478 632 1514 signiteri
661 1477 874 1513 deprehendisse
893 1477 984 1514 Olym-

198 1524 277 1559 piade
294 1523 519 1558 quinquagesima
543 1527 648 1551 octava.
666 1523 730 1551 Post
747 1525 829 1556 hunc,
845 1524 984 1551 Cleostra-

198 1573 255 1596 turn
271 1567 418 1596 Tenedium
437 1570 514 1603 signa
536 1569 562 1596 in
581 1570 646 1597 orbe
664 1570 710 1596 illo
728 1570 871 1605 reperisse,
887 1573 914 1596 et
928 1569 984 1605 pri-

199 1620 242 1640 ma
258 1613 356 1642 Arietis
379 1621 411 1641 ac
428 1613 578 1649 Sagittarii.
603 1619 630 1641 ut
643 1615 738 1642 scribit
757 1614 861 1643 Plinius
884 1615 931 1642 lib.
949 1614 982 1648 ll,

199 1667 260 1694 cap.
278 1658 342 1686 Vlll.
355 1659 438 1686 Addit
453 1659 574 1695 Hyginus
591 1660 638 1687 lib.
661 1660 681 1687 ll
696 1660 734 1688 De
747 1661 908 1688 astronomia
923 1669 983 1696 pae-

205 1704 262 1736 .ica,
278 1711 339 1739 cap.
354 1704 388 1732 de
405 1704 553 1736 lleniocho,
570 1705 652 1732 etiam
677 1705 778 1734 limdos
801 1706 835 1733 ab
859 1706 905 1733 illo
929 1707 984 1742 pri-

199 1758 272 1777 mum
288 1754 396 1778 notatos
411 1751 438 1777 in
452 1752 532 1779 cmlo.

234 1795 312 1830 Apud
331 1795 472 1824 Chaldaeos
490 1801 579 1824 autem
608 1796 805 1833 Egyptiosque
828 1798 897 1825 ratio
921 1806 984 1833 par-

199 1841 282 1868 tiendi
297 1849 357 1876 quae
369 1841 461 1873 fuerit,
477 1842 598 1869 declarat
610 1842 711 1870 Sextus
724 1842 876 1878 Empiricus
889 1843 935 1870 lib.
952 1844 982 1872 ν.

199 1885 266 1914 Nam
284 1887 344 1915 illos
359 1888 396 1914 ait
411 1887 544 1922 insignem
563 1888 679 1922 aliquam
697 1889 802 1916 stellam
823 1889 850 1915 in
872 1888 984 1916 zodiaco

198 1934 366 1969 designasse.
379 1935 458 1967 cujus
473 1943 506 1961 ex
522 1935 712 1968 conversione,
726 1939 753 1961 ct
766 1935 984 1962 ἀποκαταστάςει

199 1980 232 2007 ad
251 1980 375 2008 eumdem
400 1980 500 2010 locum,
519 1980 641 2008 cmlcstis
660 1981 792 2007 circui'us
813 1981 983 2007 intervallum

197 2025 377 2058 definierunt;
396 2026 463 2052 "Eva.
481 2025 542 2052 τινὰ
554 2026 607 2052 τῶν
625 2027 652 2052 ἐν
667 2026 705 2062 τῷ
723 2026 846 2062 ζωδιακῷ
861 2026 984 2062 λαμπρὸν

198 2070 300 2106 ἀει-τέρα
311 2071 552 2107 παρατηρήσαντες
568 2071 745 2098 ἀνατέλλοντα
761 2072 785 2098 οἱ
804 2071 897 2104 πάλαι,
913 2077 983 2105 etc.;

200 2116 245 2143 ubi
257 2121 284 2143 et
297 2117 405 2143 modum
417 2116 533 2151 explicat
543 2125 596 2152 quo
606 2116 734 2144 zodiacus
747 2117 888 2144 duodecim
901 2117 986 2144 trilm-

199 2165 244 2189 tus
260 2163 286 2188 in
301 2166 402 2196 partes,
417 2171 449 2189 ac
465 2167 519 2189 tam
539 2163 624 2198 ipsius
641 2171 721 2198 quam
748 2164 916 2199 singulorum
940 2172 984 2191 sc-

197 2211 368 2242 gmentorum
381 2212 512 2243 tempora,
522 2207 570 2234 lmc
581 2212 621 2235 est
630 2208 772 2244 ἀναφοραῑ,
786 2209 842 2236 sive
852 2210 986 2236 ascensio-

1032 290 1120 326 τέρων
1146 290 1162 325 ἢ
1188 289 1364 325 νοτιωτέρων.
1397 298 1405 314 ι
1426 289 1461 315 Ex
1488 288 1539 316 hac
1562 288 1732 316 ascensione
1757 289 1830 316 duo-

1033 335 1147 363 decima:
1176 335 1280 371 partis,
1309 335 1433 362 ultimum
1464 335 1608 362 terminum
1641 334 1830 367 designabant

1033 381 1111 408 stella
1124 381 1252 416 quapiam
1269 380 1382 415 insigni.
1396 388 1456 415 qua:
1470 381 1496 407 in
1511 387 1544 407 eo
1560 380 1621 415 ipso
1636 380 1761 407 termino
1776 381 1830 408 sita

1031 431 1108 458 erat;
1123 426 1163 453 vel
1176 426 1210 453 ab
1223 426 1276 452 alia
1295 426 1489 458 borealiorum,
1505 425 1752 457 australiorumve,
1768 434 1831 460 qua:

1032 471 1113 499 simul
1127 476 1251 498 exortum
1268 471 1398 499 facerent.
1417 481 1425 497 ι

1067 516 1152 552 igitur
1165 524 1198 543 ex
1216 516 1315 543 diurna
1338 518 1516 544 conversione
1534 517 1620 546 stella:
1636 517 1701 544 caeli
1723 517 1829 544 circui-

1033 565 1090 589 tum
1113 562 1253 589 diruensos
1269 569 1331 589 esse
1346 563 1440 594 refert,
1455 566 1535 597 atque
1552 562 1603 589 hoc
1619 563 1745 596 spatium
1761 561 1831 588 duo-

1032 608 1119 635 decim
1142 608 1261 642 azquales
1289 608 1316 634 in
1345 612 1435 642 partes
1461 608 1645 636 distribuisse.
1675 607 1771 641 Quare
1797 616 1830 635 ex

1032 654 1250 685 ascensionibus,
1265 658 1292 681 et
1307 661 1366 689 qua:
1381 658 1503 688 tempora
1518 658 1616 681 vocant
1632 654 1770 686 artifices,
1787 658 1829 679 at-

1033 707 1086 734 que
1102 700 1128 726 in
1144 699 1327 734 aequinoctiali
1344 699 1459 731 circulo,
1476 707 1530 726 non
1553 699 1581 725 in
1605 699 1724 733 obliquo
1740 703 1767 726 et
1785 707 1830 725 zo-

1033 746 1121 777 diaco,
1136 745 1419 773 dodecatemoriorum
1443 745 1625 780 longitudines
1646 745 1733 772 initio
1756 753 1830 772 corr.-

1034 795 1182 826 putarunt;
1198 791 1306 818 tametsi
1323 796 1525 826 scgmentorum
1543 791 1644 819 limites
1659 792 1755 819 stellis
1771 794 1829 826 qui-

1033 838 1162 870 busdam,
1177 838 1251 865 velut
1264 837 1434 870 cardinibus,
1447 837 1657 873 distinguerent.
1673 837 1735 865 Hoc
1751 839 1830 864 modo

1035 887 1173 918 segmenta
1193 883 1338 910 duodecim
1354 883 1381 910 in
1405 883 1516 911 zodiaco
1532 883 1643 911 fuerunt
1661 884 1829 920 inzequalia;

1032 930 1058 956 in
1070 928 1252 964 aequinoctiali
1269 933 1357 956 autem
1383 929 1516 964 aequalia,
1545 934 1641 957 contra
1669 938 1702 957 ac
1733 935 1828 965 postea

1033 974 1134 1001 factum
1152 979 1202 1002 est.
1219 974 1286 1001 Nam
1309 974 1390 1002 hodie
1412 974 1630 1002 dodecatemoria
1657 976 1829 1004 in'zodiaro

1032 1021 1137 1047 circulo
1153 1024 1217 1047 sunt
1238 1020 1364 1056 aequalia,
1380 1026 1434 1047 tam
1451 1021 1478 1048 in
1491 1025 1577 1053 recto,
1594 1029 1679 1056 quam
1705 1022 1736 1048 in
1762 1023 1829 1048 obli-

1032 1073 1086 1100 quo
1101 1066 1162 1093 caeli
1178 1066 1284 1101 positu;
1302 1066 1327 1092 in
1343 1066 1537 1100 aequinoctiali,
1554 1071 1667 1101 propter
1682 1068 1828 1095 ascensio-

1032 1120 1097 1139 num
1112 1111 1308 1143 diversitatem,
1324 1112 1469 1146 utrobique
1494 1117 1558 1140 sunt
1584 1113 1703 1147 majora,
1721 1114 1766 1140 vel
1780 1115 1828 1140 mi-

1033 1166 1112 1185 nora.
1125 1157 1288 1192 Quanquam
1301 1157 1382 1185 Picus
1395 1157 1601 1185 Mirandulanus
1615 1158 1664 1185 lib.
1681 1158 1712 1184 Vl
1728 1158 1828 1186 Contra

1033 1202 1128 1229 astrol.
1148 1209 1209 1237 cap.
1224 1201 1265 1234 \'l,
1282 1201 1424 1229 Chaldaeos
1441 1203 1478 1229 ait
1494 1202 1580 1237 signis
1599 1210 1665 1230 usos
1681 1211 1739 1230 non
1756 1212 1826 1233 esse.

1033 1248 1081 1275 sed
1103 1248 1278 1283 imaginibus.
1305 1247 1357 1276 Sed
1381 1248 1560 1276 nihilominus
1580 1249 1759 1283 inrequalitas
1783 1250 1826 1276 illa

1033 1295 1201 1322 constiterit.
1221 1293 1362 1329 Siquidem
1388 1295 1536 1330 imagines,
1560 1295 1619 1322 sive
1639 1295 1731 1322 octavi
1754 1295 1827 1322 orbis

1034 1344 1173 1375 segmenta
1190 1341 1272 1367 certis
1286 1340 1415 1367 distincta
1431 1341 1567 1368 sideribus
1589 1341 1738 1376 inaequalia
1753 1347 1825 1370 sunt.

1034 1390 1063 1413 ut
1077 1385 1130 1412 alia
1148 1385 1398 1413 dodecatetnorium
1415 1395 1494 1414 suum
1519 1395 1572 1413 non
1594 1387 1739 1422 impleant,
1755 1388 1828 1415 velut

1033 1430 1157 1462 Cancer;
1180 1431 1312 1458 excedant
1327 1432 1389 1463 alia,
1406 1437 1433 1458 ct
1454 1433 1481 1459 in
1505 1433 1594 1459 vicina
1614 1433 1782 1463 redundent,
1798 1438 1828 1461 ut

1036 1475 1099 1509 Leo,
1115 1477 1231 1504 testibus
1247 1477 1401 1512 Hipparcho
1422 1483 1449 1506 et
1468 1478 1591 1507 Gemino.
1609 1478 1662 1507 Sed
1684 1487 1724 1506 eze
1746 1479 1827 1506 Chai-

1034 1523 1153 1550 daaorutu
1172 1527 1200 1551 et
1225 1523 1414 1560 Egyptiorum
1439 1524 1570 1560 imagines
1585 1533 1599 1552 a
1616 1525 1736 1560 vulgatis
1757 1525 1827 1553 Cras

1035 1575 1140 1600 corum,
1156 1574 1182 1596 et
1197 1569 1331 1604 hodieque
1347 1571 1500 1605 pervagatis
1519 1570 1635 1598 diversa:
1655 1571 1780 1603 fuerunt,
1797 1576 1826 1598 ut

1037 1614 1156 1642 Achilles
1173 1614 1268 1643 Tatius
1281 1617 1306 1642 in
1321 1617 1396 1643 calce
1409 1615 1623 1652 Prolegomenon
1637 1622 1768 1644 testatur.

1074 1657 1136 1685 Haec
1160 1659 1230 1694 apud
1248 1660 1388 1688 Chaldteos
1409 1665 1435 1688 et
1461 1660 1603 1696 Egyptios
1627 1661 1736 1689 zodiaci
1763 1667 1826 1689 nata

1036 1703 1134 1731 divisio
1149 1705 1249 1736 serius,
1268 1705 1307 1732 uti
1323 1705 1425 1732 dictum
1438 1710 1490 1738 est,
1504 1707 1623 1742 pervasit
1635 1707 1663 1734 in
1679 1707 1826 1735 Graeciam.

1035 1747 1127 1784 Neque
1142 1757 1205 1777 vero
1222 1758 1283 1776 cum
1304 1750 1428 1777 duodena
1446 1751 1497 1777 ista
1512 1751 1661 1786 partitione
1676 1753 1773 1780 statim
1788 1753 1826 1779 al-

1035 1797 1093 1821 tera
1116 1795 1266 1828 processit,
1294 1803 1355 1830 qua:
1380 1801 1518 1831 segmenta
1545 1796 1653 1832 singula
1677 1797 1776 1825 tribuit
1799 1800 1827 1825 in

1036 1842 1128 1874 partes
1144 1839 1266 1874 triginta.
1291 1840 1330 1867 Ac
1354 1840 1470 1867 diversze
1491 1840 1637 1868 admodum
1663 1843 1736 1876 apud
1758 1844 1827 1869 anti-

1036 1893 1116 1919 quos,
1134 1887 1250 1913 maxime
1276 1886 1397 1918 Graecos,
1423 1886 1570 1914 divisiones
1596 1888 1730 1915 instituta:
1751 1894 1823 1916 sunt.

1036 1930 1057 1957 E
1071 1931 1171 1966 quibus
1187 1932 1364 1960 celeberrima
1378 1931 1425 1959 fuit
1441 1940 1484 1964 ea,
1498 1941 1558 1968 qme
1572 1934 1693 1961 circulos
1709 1935 1736 1961 in
1751 1942 1825 1962 sexa-

1035 1985 1119 2012 geuas
1141 1982 1233 2012 partes
1262 1978 1403 2005 distribuit
1432 1989 1437 2006 :
1464 1979 1543 2014 cujus
1576 1979 1699 2006 meminit
1726 1980 1824 2007 Strabo

1036 2023 1083 2049 lib.
1109 2022 1140 2056 ll,
1160 2023 1207 2050 ubi
1232 2024 1450 2058 aequinoctialem
1479 2025 1506 2051 in
1534 2025 1646 2052 totidem
1673 2025 1784 2057 dividit,
1799 2030 1824 2053 et

1035 2068 1154 2096 Achilles
1176 2068 1269 2096 Tatius
1294 2069 1319 2095 in
1334 2068 1484 2105 Prolegom.
1499 2078 1558 2106 cap.
1578 2070 1676 2105 XXVI;
1701 2071 1823 2107 Hyginus

1035 2114 1082 2141 lib.
1117 2113 1340 2149 llAstronomiw
1379 2121 1448 2149 poet.
1487 2124 1546 2151 cap.
1580 2117 1613 2144 dc
1662 2117 1823 2152 figuratione

1035 2160 1204 2188 circulorum
1233 2162 1346 2196 sphaerae
1372 2172 1378 2190 :
1405 2171 1414 2187 ε
1432 2161 1460 2188 lu
1493 2163 1605 2196 triginta
1631 2167 1740 2197 partes,
1769 2164 1821 2194 ait.

1037 2207 1253 2244 unumquodque
1276 2207 1492 2242 hemisphaerium
1515 2208 1652 2240 dividitur,
1670 2209 1706 2234 ita
1723 2209 1762 2235 uti
1782 2209 1822 2235 di-

200 2260 249 2280 nes
266 2254 421 2281 constituta:
437 2258 508 2282 sunt.
528 2254 605 2286 Quod
620 2262 651 2281 ex
667 2261 700 2281 eo
715 2259 824 2281 auctore
840 2254 986 2290 descripsit
1002 2262 1023 2289 ι)
1035 2254 1142 2280 mensio
1165 2253 1317 2288 signiﬁcari
1342 2255 1467 2281 videatur
1483 2255 1510 2281 in
1527 2258 1583 2281 tota
1605 2254 1710 2288 sphaera
1727 2262 1775 2289 per
1789 2263 1819 2281 ιι

201 2298 354 2326 Macrobius
378 2299 425 2326 lib.
446 2298 466 2330 ι,
484 2300 511 2326 ὶη
533 2299 624 2326 Somn.
642 2299 712 2334 Scip.
730 2300 817 2335 Caput
834 2300 907 2327 illitis
918 2305 960 2328 est
975 2310 981 2327 :

200 2344 348 2375 Chaldaeis.
376 2345 422 2379 qui
450 2350 512 2372 ante
526 2345 677 2372 duodenum
694 2346 865 2380 partitionem
881 2350 984 2381 septem

201 2389 227 2417 in
240 2390 309 2417 cmlo
319 2397 412 2424 sparsa
424 2390 510 2417 sidera
522 2395 656 2422 notarent,
668 2392 802 2426 placuisse
813 2396 905 2427 postea
914 2393 983 2420 duo-

199 2436 286 2463 decim
297 2436 322 2463 in
332 2439 424 2471 partes
433 2440 518 2462 totum
527 2436 657 2464 dividere.
668 2438 752 2473 Igitur
761 2438 928 2473 splendidam
939 2437 984 2464 ali—

199 2489 279 2517 quam
287 2482 391 2509 stellam
399 2488 446 2509 eos
452 2481 669 2517 observasse,qu
674 2492 705 2510 us
712 2483 745 2511 ab
752 2488 812 2511 ortu
820 2485 852 2510 ad
859 2483 983 2511 eutndem

200 2531 289 2554 ortum
303 2526 508 2554 conversionem
526 2527 559 2554 ad
580 2528 748 2563 clepsydram
771 2528 886 2556 dimensi
909 2532 981 2556 sunt.

200 2572 337 2606 Quantum
349 2580 426 2608 aqua:
438 2573 466 2600 in
479 2573 630 2608 subjectum
643 2581 691 2600 vas
702 2574 822 2600 stillatirn
835 2569 988 2606 deciderat,

200 2618 281 2653 hujus
296 2618 404 2645 unciam
420 2617 452 2645 ad
469 2618 631 2646 metiendam
647 2619 814 2647 duodecimae
831 2620 916 2654 partis
930 2621 985 2647 cir-

200 2665 253 2691 culi
267 2665 403 2700 ἀναφοράν
419 2669 608 2700 sumpserunt;
627 2673 742 2700 eamque
764 2671 867 2699 partem
885 2666 984 2693 illustri

200 2711 290 2745 aliqua
312 2711 390 2738 stella
407 2712 600 2743 terminarunt,
616 2718 675 2746 qua:
697 2715 743 2737 aut
760 2710 786 2737 in
803 2718 836 2738 eo
854 2711 913 2745 ipso
929 2711 984 2738 cir-

202 2756 254 2783 culi
271 2756 329 2783 loco
345 2756 513 2791 deprehensa
534 2757 580 2788 sit,
597 2761 643 2783 aut
662 2756 731 2784 idem
750 2761 855 2792 tempus
870 2757 986 2784 habebat

201 2800 322 2828 orieudi:
338 2801 385 2828 Ἐκ
395 2802 497 2836 ταύτης
507 2802 556 2837 τῆς
568 2802 707 2837 ἀναφορᾶς
720 2801 768 2834 (ait
783 2801 904 2836 Sextus),
914 2802 984 2838 φημὶ

201 2845 228 2872 δι
253 2846 299 2872 τοῦ
322 2846 566 2883 δωδεκατημορίου,
593 2847 623 2874 τὺ
644 2847 793 2873 τελευταῖον
820 2847 905 2884 πέρας
921 2849 985 2883 ἐση-

203 2891 327 2925 μειοῦντο
343 2891 396 2919 ἀπὸ
404 2893 517 2928 ἀστέρος
526 2894 597 2924 sive;
606 2893 752 2928 ἐπιφανοῦς
763 2894 822 2920 κατ’
838 2893 902 2920 αὐτὸ
917 2893 983 2920 θεω-

1035 2304 1129 2335 partes
1156 2298 1237 2327 facta.
1263 2309 1271 2325 ι
1301 2299 1358 2326 lloc
1383 2299 1464 2326 modo
1487 2300 1564 2334 signo
1591 2299 1703 2326 cuilibet
1730 2304 1821 2334 partes

1033 2345 1165 2380 quinque.
1190 2345 1316 2381 partibus
1337 2345 1454 2380 singulis
1475 2353 1522 2373 sex
1536 2345 1636 2380 gradus
1652 2350 1817 2380 competunt.

1034 2389 1123 2417 Aliter
1137 2389 1301 2418 Posidonius
1315 2391 1387 2426 apud
1404 2390 1574 2418 Cleomedcm
1595 2391 1642 2417 lih.
1659 2390 1679 2422 Ι,
1694 2399 1755 2426 cap.
1774 2390 1817 2421 IX.

1035 2436 1197 2471 signiferum
1212 2441 1297 2464 totum
1314 2437 1340 2463 in
1355 2445 1438 2464 xcvm
1455 2440 1546 2472 partes
1565 2436 1719 2469 dividebat,
1737 2437 1817 2464 dode-

1034 2483 1202 2510 catemorion
1236 2483 1363 2518 quodque
1400 2482 1598 2518 quadrifariam
1631 2491 1739 2511 secans.
1768 2484 1816 2510 Alii

1035 2536 1118 2564 porro
1139 2528 1358 2556 dodecatemorio
1384 2529 1481 2563 quovis
1508 2529 1535 2556 in
1558 2529 1701 2556 duodecim
1728 2534 1816 2564 partes

1035 2573 1104 2599 alias
1116 2572 1216 2603 diviso.
1233 2577 1319 2600 totum
1336 2573 1476 2600 zodiacum
1493 2574 1519 2601 in
1535 2582 1613 2601 CLXIV
1627 2574 1718 2608 partiti
1734 2580 1794 2601 sunt
1806 2595 1813 2605 .

1035 2623 1066 2645 ut
1086 2617 1185 2645 Sextus
1198 2618 1351 2653 Empiricus
1365 2618 1444 2646 docet
1460 2619 1538 2647 initio
1551 2619 1613 2646 libri
1627 2619 1659 2648 ν.

1070 2664 1191 2691 Tandem
1208 2672 1241 2692 eo
1254 2672 1397 2700 progressa
1414 2673 1458 2692 res
1470 2669 1522 2696 est,
1536 2671 1564 2692 ut
1580 2670 1634 2692 tam
1645 2666 1811 2701 aequinoctii:

1035 2710 1079 2741 lis,
1094 2717 1174 2745 quam
1191 2710 1304 2745 signifer
1319 2710 1439 2738 circulus
1455 2712 1481 2737 in
1499 2710 1642 2738 duodecim
1662 2715 1762 2745 partes,
1777 2719 1811 2737 cae

1036 2755 1062 2782 iu
1085 2756 1195 2789 triginta
1217 2756 1370 2782 minutatim
1392 2761 1559 2787 secarentur,
1574 2760 1602 2783 ut
1618 2757 1644 2783 in
1659 2761 1716 2783 toto
1731 2757 1810 2783 cirru-

1035 2801 1062 2828 lo
1087 2807 1169 2828 CCCLX
1187 2806 1335 2828 numeratae
1353 2801 1424 2833 sint;
1440 2801 1609 2828 duodecimis
1633 2810 1741 2836 quoque
1757 2810 1808 2836 par-

1036 2847 1106 2875 tibus
1121 2849 1264 2882 utriusque
1276 2847 1371 2875 circuli
1389 2848 1498 2874 nomina
1513 2847 1546 2874 de
1562 2848 1676 2875 stellatis
1693 2847 1810 2883 itnagi:.i-

1036 2891 1086 2920 bus
1111 2893 1196 2920 indita
1214 2896 1277 2921 sunt
1294 2903 1299 2920 :
1318 2901 1377 2928 quae
1397 2895 1452 2919 lunt
1471 2893 1594 2920 videlicet.
1613 2893 1640 2920 in
1658 2893 1714 2920 illis
1729 2892 1808 2920 coali-
