1900 3137
91 151 180 180 ιδιι

529 151 756 179 DISSERTATIO
776 151 818 178 DE
838 149 930 178 ORTU
952 150 995 178 ET
1012 151 1146 181 OCCASU
1166 152 1328 181 SIDERUM.

1666 152 1735 180 ΠΒ

94 209 263 241 nebantur,
284 207 391 235 tametsi
415 212 508 243 postea
535 208 642 244 longius
669 210 708 241 εἰς
729 209 764 236 τὰ
783 209 901 243 ἑπόμενα
916 210 936 238 Α
952 209 1040 243 polos,
1058 215 1085 238 et
1108 211 1278 238 tricesimum
1299 217 1434 246 quemque
1445 210 1558 245 gradum
1573 213 1734 242 transeunt;

99 254 338 293 progressionem
355 253 479 282 fecerint.
496 254 533 282 Ac
548 255 683 290 principio
699 256 817 290 quidem,
831 263 899 282 non-

97 301 180 328 dtrm
196 300 273 327 orbis
289 299 412 327 stelliferi
426 301 604 328 conversione
619 301 739 336 cognita,
752 301 901 336 simplicior

100 350 176 373 erat
201 345 376 373 astronomia).
403 345 483 372 ratio.
510 346 587 374 Unus
615 346 686 373 enim
714 346 900 372 tantummodo

101 398 178 417 cum
207 390 390 425 aequinoctiali
416 391 543 419 zodiacus
574 391 725 419 habebatur
746 392 773 419 in
804 396 901 420 octavo

103 437 197 468 caelo,
215 436 287 472 quod
305 441 333 464 et
351 437 487 466 sideribus
511 438 697 473 distinguitur.
712 438 741 465 id
758 438 828 466 enim
849 439 901 474 pri-

104 490 202 515 mum,
226 483 298 518 quod
326 488 434 514 vocant,
458 484 557 511 mobile
583 484 654 519 apud
684 484 811 520 antiquos
838 485 898 512 fuit.

106 527 181 555 Post
206 528 378 563 Hipparchus
402 530 503 556 moveri
527 529 554 556 in
581 530 774 564 consequentia
800 530 899 557 caelum

107 573 182 601 illud
196 574 403 607 animadvertit;
423 575 502 609 idque
513 574 673 603 Ptolemaeus
686 575 784 602 deinde
797 576 899 603 certius

109 620 288 655 approbavit.
304 620 405 648 Exinde
419 628 484 655 ergo
497 620 594 655 duplex
608 621 735 648 zodiacus
747 621 781 647 ob
792 620 899 648 artifici-

109 667 166 694 bus
182 666 312 701 distingui
326 671 431 700 cmptus
447 671 489 694 est
500 676 507 694 :
517 675 631 702 qttorum
647 668 713 695 alter
727 675 780 695 ttno
794 667 899 702 simpli-

109 712 196 747 cique
220 717 294 739 motu
312 713 429 747 praeditas
452 712 563 747 sphazrae
585 712 702 740 tributus
724 716 775 745 cst,
794 713 820 739 in
844 720 898 747 quo

109 757 183 786 nulli
206 757 340 784 asterismi
358 762 436 790 sunt;
461 758 574 793 ejusque
600 758 734 786 sectioncs
752 756 848 784 iisdem
869 757 898 784 in

109 803 397 831 dodecatemoriorum
415 803 523 838 punctis
543 811 604 831 eum
631 803 811 838 aequinoctiali
837 810 899 838 pcr-

111 851 199 885 petuo
215 848 298 881 ﬁunt;
314 849 383 875 alter
398 849 422 876 ei
437 849 595 884 suppositus
619 849 646 875 in
668 848 734 875 orbe
756 848 896 879 stellifero,

952 256 993 282 vel
1020 257 1049 283 in
1079 257 1209 290 zodiaco,
1244 258 1321 285 initio
1355 257 1446 285 itidem
1481 257 1515 284 ab
1544 258 1736 285 intersectione

952 309 1036 329 verna
1063 307 1189 338 sumpto.
1229 311 1262 331 ac
1292 311 1339 339 per
1364 303 1441 339 polos
1471 303 1591 334 zodiaci.
1621 304 1735 339 ejusque

951 347 1120 375 tricesimum
1159 355 1294 384 quemque
1329 348 1442 384 gradum
1479 347 1631 375 absolutum
1673 355 1735 382 per—

951 393 1041 421 ductis
1060 394 1171 421 circulis
1193 394 1330 421 maximis.
1350 394 1475 421 Latitudo
1498 400 1604 428 quoque
1630 393 1672 419 vel
1691 395 1734 420 est

952 439 1036 466 stella:
1063 439 1097 466 ab
1123 439 1307 474 aequinoctiali
1337 439 1482 471 distantia;
1511 446 1593 473 quam
1623 439 1734 465 metitur

951 491 1033 511 arcus
1059 485 1156 516 coluri,
1182 485 1238 512 sive
1262 485 1373 512 maximi
1397 484 1490 512 circuli
1511 491 1527 511 a
1550 484 1612 518 polo
1637 483 1731 510 mundi

950 537 1000 564 per
1017 536 1141 558 centrum
1158 531 1243 558 stella:
1255 531 1288 558 ad
1301 530 1514 565 aequinoctialem
1527 529 1651 565 producti
1664 530 1731 557 stel-

950 575 1004 602 lam
1023 576 1094 602 inter
1121 580 1148 603 et
1169 576 1384 610 aequinoctialem
1411 575 1583 609 interjectus;
1599 574 1640 601 vel
1661 573 1732 608 ejus-

950 621 1011 648 dem
1042 622 1127 649 stellaa
1151 625 1193 649 est
1215 630 1229 648 a
1257 621 1369 648 zodiaco
1392 621 1537 653 distantia;
1565 621 1622 647 sire
1650 627 1731 647 arcus

950 666 1060 693 maximi
1076 666 1173 693 circuli
1191 674 1239 701 per
1250 666 1327 701 polos
1346 665 1448 694 zodiaci
1467 664 1643 696 transeuntis,
1659 663 1730 690 inter

950 712 1055 739 stellam
1073 712 1232 746 iuterjectus
1244 715 1271 739 et
1285 711 1437 738 zodiacum.
1458 709 1580 744 Utroque
1599 709 1678 735 modo
1694 708 1730 735 la-

949 757 1095 784 titudinem
1111 758 1260 791 prtesertim
1276 757 1413 785 deliniissc
1430 761 1534 784 veteres
1549 763 1665 792 sequens
1681 763 1729 782 ca-

951 808 999 839 put
1014 804 1149 831 ostendet.
1165 803 1232 830 Nam
1255 804 1288 830 dc
1313 803 1479 838 longitudine
1501 802 1591 829 minus
1609 804 1727 833 constat,

949 848 1046 883 ecquid
1064 855 1095 875 ea
1109 847 1259 875 secundum
1274 847 1412 874 zodiacum
1426 847 1460 874 ab
1475 846 1528 874 illis
1539 851 1617 881 capta
1631 846 1726 879 fuerit;

110 893 197 928 cuius
215 893 437 922 intersectionum
460 899 558 929 puncta
582 894 634 920 alia
655 897 737 928 atque
758 894 810 921 alia
831 896 895 920 sunt
911 881 933 908 Β
948 881 1011 921 cum
1026 895 1054 922 in
1069 893 1250 929 aequinoctiali
1265 894 1368 922 circulo
1383 896 1565 928 computatam
1582 892 1677 925 fuisse,
1693 899 1728 920 ex

108 940 155 970 et;
173 939 207 966 τὰ
227 940 428 975 προηγούμενα,
446 948 477 968 ae
489 939 580 972 ζώδια,
593 940 650 966 sive
672 939 816 968 asterismi.
828 946 895 973 pau-

111 985 193 1013 latim
209 986 249 1017 εις
267 986 301 1013 τὰ
320 986 440 1021 ἑπόμενα
463 987 598 1017 nituntur,
620 989 700 1020 atque
720 992 736 1012 a
759 983 896 1020 cognomi-

111 1031 198 1059 nibus
208 1031 259 1059 sibi
273 1031 498 1059 dodecatcmoriis
517 1032 623 1067 longius
637 1032 797 1059 abscedttnt.

151 1075 216 1104 Post
231 1077 288 1104 haec
308 1085 394 1104 novus
415 1077 442 1104 in
460 1077 610 1104 caelestium
628 1078 734 1104 orbium
750 1080 894 1113 systemate

111 1126 205 1151 motus
232 1123 358 1151 iuventus
381 1127 433 1155 est,
465 1123 614 1150 secundum
640 1131 721 1159 quem
754 1123 891 1156 zodiacus.

111 1169 172 1197 sive
193 1169 319 1203 ecliptica
338 1169 466 1203 majorem
486 1169 650 1196 minoremve
664 1169 744 1196 habet
761 1169 794 1195 ab
805 1176 893 1203 aequa-

111 1219 173 1242 tore
191 1214 348 1241 distantiam
371 1217 397 1240 et
419 1214 605 1248 obliquitatem
625 1223 631 1240 :
649 1221 682 1241 ex
700 1221 754 1248 quo
771 1214 893 1240 stellatus

111 1261 189 1287 orbis
205 1260 240 1287 ab
257 1264 351 1287 austro
365 1260 392 1286 in
410 1260 608 1295 septentriones
630 1260 761 1293 torqueri,
777 1263 804 1286 et
820 1267 834 1285 a
851 1266 894 1286 se-

113 1306 316 1342 ptentrionibus
332 1307 364 1332 ad
378 1310 499 1332 austrum
515 1305 614 1332 rellecti
628 1305 748 1332 creditus
757 1309 809 1332 est.
825 1304 893 1331 Hinc

112 1352 196 1387 igitur
229 1352 325 1379 tertius
356 1352 464 1378 additus
503 1355 545 1378 est
578 1351 706 1377 zodiacus
747 1350 894 1384 interjecta:

113 1397 235 1432 sphaerae.
252 1397 330 1430 cujus
345 1396 453 1431 propria
475 1400 517 1423 est
538 1396 583 1423 illa
601 1395 719 1427 libratio,
735 1397 780 1430 qui
798 1396 832 1422 ab
844 1403 892 1421 zoo

112 1442 192 1470 diaco
208 1442 287 1477 primi
308 1442 417 1469 mobilis
441 1442 579 1477 paululum
603 1441 720 1468 declinat
735 1442 770 1467 ad
789 1441 892 1476 aquilo-

112 1495 174 1516 nem
206 1492 253 1514 aut
276 1487 432 1518 meridiem,
456 1494 488 1514 ac
517 1487 567 1514 sibi
595 1486 715 1521 proxime
740 1487 891 1521 subjectum

112 1535 207 1562 eadem
223 1534 368 1569 agitatione
385 1537 555 1568 contorquet.
579 1533 630 1560 Sed
649 1541 682 1560 eo
698 1533 890 1567 praetermisso,

113 1580 241 1615 quoniam
264 1580 367 1606 veteris
385 1579 517 1606 duntaxat
537 1578 711 1606 astronomiae
729 1578 798 1605 ratio
815 1578 858 1604 ltic
877 1585 892 1604 a

114 1626 193 1653 nobis
219 1625 337 1655 ducitur,
355 1625 457 1659 duplici
485 1625 597 1652 zodiaco
621 1624 741 1651 contenti
764 1624 866 1651 erimus
885 1632 891 1652 :

113 1679 230 1707 quorttm
245 1673 313 1699 alter
327 1671 406 1706 primi
422 1672 483 1698 cmli
498 1671 643 1706 peculiaris
660 1672 781 1698 eamdem
799 1678 893 1705 perpe—

114 1722 162 1745 tuo
188 1717 394 1745 declinationem
436 1717 470 1744 ab
504 1721 657 1751 aequatore,
688 1719 714 1743 et
742 1716 768 1742 in
799 1716 892 1743 eodem

115 1769 215 1801 puncto
237 1764 385 1791 sectionem
410 1763 532 1794 obtinet;
555 1763 623 1789 alter
641 1762 770 1788 continuo
785 1761 811 1788 in
828 1768 894 1787 con-

114 1809 253 1844 sequentia
279 1815 424 1844 progressu
450 1807 571 1834 stellatus
596 1806 726 1841 imagines
744 1805 841 1837 defert,
861 1812 893 1832 ac

114 1860 169 1883 tam
189 1855 325 1883 set-tiones
346 1863 408 1882 cum
432 1858 570 1888 aequatore
589 1853 650 1880 aliis
675 1857 756 1888 atque
781 1852 841 1880 aliis
865 1852 893 1880 in

115 1903 220 1938 punctis
236 1902 310 1932 facit,
325 1908 406 1936 quam
422 1899 641 1928 dodecatemoria
659 1899 716 1934 ipsa
733 1902 891 1928 commutat,

115 1949 244 1976 thterum
259 1955 320 1974 cum
339 1947 372 1974 de
394 1946 505 1974 zodiaco
531 1945 645 1980 ejusque
661 1944 817 1979 scgmentis,
833 1951 893 1978 quae

116 1994 190 2028 signa
206 1994 346 2023 dicuntur,
361 1992 483 2019 absolute
497 1992 644 2026 loquimur,
659 1991 776 2025 priorem
793 1989 893 2017 intelli-

115 2041 201 2076 gimus
216 2043 439 2073 constantemque
453 2038 562 2065 mobilis
581 2037 674 2072 primi,
685 2037 727 2064 vel
741 2037 765 2064 ei
780 2044 893 2070 respon-

115 2087 218 2113 dentrm
234 2086 261 2112 in
277 2090 370 2112 octava
391 2084 494 2119 sphaera
521 2084 672 2111 zodiacum.
694 2083 750 2111 Hoc
770 2084 840 2111 enim
863 2084 891 2110 in

116 2134 163 2160 ista
180 2132 252 2159 omni
267 2131 392 2159 doctrina
411 2131 475 2159 sciri
502 2132 628 2158 convenit
654 2130 785 2166 quidquid
802 2131 828 2157 in
845 2138 892 2158 su-

117 2179 263 2215 perioribus
291 2177 404 2213 sphaeris
439 2177 603 2204 circulorum
637 2181 891 2212 segtnentorumquo

949 940 1105 976 Hipparcho
1118 940 1242 976 sequenti
1256 942 1342 975 capite
1358 940 1510 975 colligatur.

982 986 1048 1014 Post
1070 986 1246 1014 Ptolemaeum
1267 986 1449 1020 longitudines
1471 984 1611 1012 stellarum
1629 991 1727 1012 secun-

947 1031 1012 1059 dum
1031 1032 1172 1059 zodiacum
1191 1036 1292 1066 putata:
1314 1035 1377 1058 sunt
1394 1041 1399 1060 :
1419 1038 1532 1065 quarum
1551 1030 1726 1057 ascensiones

946 1081 1029 1104 recta:
1043 1077 1143 1112 prioris
1159 1077 1266 1112 generis
1278 1077 1460 1112 longitudines
1473 1077 1616 1104 habentur.
1629 1075 1667 1103 Ita
1681 1084 1727 1103 zo-

947 1124 1042 1151 diacus
1059 1124 1086 1150 in
1107 1128 1198 1158 partes
1218 1123 1361 1151 duodecim
1380 1123 1508 1158 aequales.
1529 1123 1727 1158 aequinoctialis

946 1170 972 1197 in
1000 1170 1111 1197 totidem
1139 1169 1286 1204 inaequales
1312 1169 1415 1197 divisus
1439 1173 1491 1196 est.
1514 1168 1639 1196 Latitudo
1661 1176 1727 1196 vero

946 1215 1075 1243 distantia
1096 1215 1179 1243 stellae
1205 1219 1247 1243 est
1267 1215 1300 1242 ab
1324 1214 1444 1247 zodiaco,
1459 1214 1516 1242 sive
1534 1214 1669 1250 ecliptica.
1684 1213 1731 1242 Ab,

945 1261 1129 1296 aequinoctiali
1148 1268 1212 1287 vero
1229 1260 1370 1292 distantia,
1385 1267 1439 1287 non
1458 1259 1588 1292 latitudo,
1612 1259 1659 1287 sed
1679 1259 1726 1287 de-

945 1307 1057 1334 clinatio
1070 1307 1151 1341 vulgo
1167 1307 1332 1333 nominatur.

1250 1361 1362 1389 CAPUT
1383 1361 1414 1388 ll.

945 1409 984 1437 De
993 1407 1153 1443 longitudine
1168 1416 1198 1434 ac
1210 1407 1350 1434 latitudine
1359 1407 1506 1438 stellarum,
1516 1411 1627 1433 veterum
1637 1410 1724 1433 auro-

981 1442 1119 1471 nom’orum
1145 1443 1275 1470 sententia
1304 1442 1464 1474 declaratur,
1486 1446 1621 1476 utramque
1646 1448 1724 1475 penes

980 1478 1188 1514 tequinoctt'ulem
1212 1477 1339 1504 circulum
1354 1477 1546 1504 consideratam
1562 1476 1653 1511 fuisse.

980 1535 1059 1568 Quod
1073 1534 1106 1562 de
1120 1536 1260 1562 stellarum
1284 1534 1452 1569 longitudine
1480 1534 1567 1568 capite
1591 1533 1725 1569 superiori

944 1582 1072 1615 diximus,
1087 1589 1146 1608 eam
1171 1581 1240 1616 apud
1256 1584 1361 1608 veteres
1381 1580 1531 1608 secundum
1544 1579 1723 1615 aequinoctia-

944 1628 996 1655 lem
1010 1627 1106 1662 accipi,
1119 1627 1144 1654 id
1159 1635 1191 1654 ex
1204 1625 1358 1662 Hipparcho
1370 1627 1619 1654 demonstrabimus
1633 1626 1724 1653 allatis

943 1673 1046 1709 aliquot
1058 1673 1207 1707 exemplis:
1222 1679 1256 1699 ex
1274 1672 1372 1706 quibus
1390 1672 1478 1706 priora
1495 1672 1540 1698 illa
1559 1672 1670 1698 veniant
1694 1671 1722 1700 in

943 1719 1061 1746 medium
1079 1723 1206 1753 quatuor.
1220 1723 1281 1752 quae
1295 1717 1321 1744 in
1336 1717 1405 1744 liltro
1425 1718 1444 1748 ι.
1460 1725 1574 1745 numero
1591 1716 1614 1744 Σ
1630 1717 1724 1752 legun-

943 1768 996 1795 tur,
1014 1764 1058 1791 ubi
1073 1767 1155 1798 caput
1170 1762 1245 1790 Ursae
1268 1762 1380 1797 majoris
1407 1762 1540 1797 imprimis
1561 1763 1642 1789 situm
1662 1770 1723 1790 esse

942 1810 1005 1837 dicit
1020 1810 1046 1836 in
1063 1809 1160 1836 Leonis
1174 1809 1254 1843 paulo
1270 1809 1361 1835 minus
1375 1812 1451 1842 parte
1467 1807 1557 1838 tertia.
1571 1807 1721 1835 secundum

941 1855 1158 1891 aequidistantcm
1180 1854 1361 1889 aequinoctiali
1385 1854 1527 1881 circulum.
1560 1853 1605 1881 Est
1629 1858 1719 1881 autem

942 1901 1121 1936 caput‘Ursze
1148 1901 1285 1929 horcalior
1312 1901 1527 1928 antecedentium
1554 1899 1668 1927 duarum
1694 1900 1721 1927 in

942 1947 1081 1980 laterculo,
1097 1955 1129 1974 ex
1143 1951 1263 1974 veterum
1284 1945 1433 1977 sententia,
1448 1945 1494 1981 qui
1511 1946 1600 1972 nullas
1625 1949 1723 1979 prater

942 1997 1044 2028 septem
1060 1992 1110 2027 τῆς
1131 1991 1262 2027 ’Δμάξης,
1278 1992 1304 2018 in
1320 1991 1426 2019 Helices
1450 1991 1593 2018 asterismo
1603 1991 1722 2018 colloca-

942 2044 1016 2068 runt.
1032 2039 1278 2075 ltem‘postremam
1303 2039 1331 2066 in
1357 2039 1443 2066 cauda
1466 2038 1597 2065 Draconis
1622 2044 1720 2064 secun-

941 2086 1006 2114 dum
1023 2086 1179 2121 parallelum
1195 2086 1330 2113 circulum
1343 2093 1403 2113 esse
1417 2085 1444 2111 in
1459 2088 1534 2120 parte
1550 2083 1648 2110 Leonis
1668 2087 1722 2110 ter-

941 2133 987 2160 tia.
1013 2131 1044 2160 '0
1069 2133 1117 2168 μὲν
1142 2132 1196 2170 γὰρ
1218 2133 1247 2159 ὲν
1267 2132 1338 2167 ἄκρᾳ
1352 2133 1385 2167 τῇ
1408 2131 1475 2167 οὐρᾷ
1503 2130 1548 2157 τοῦ
1575 2121 1723 2165 Δράκονέος

942 2178 1044 2214 ἐπέχει,
1061 2178 1099 2210 ὡς
1124 2178 1194 2205 κατὰ
1216 2177 1385 2213 παράλληλον
1407 2176 1522 2208 κύκλον,
1544 2175 1591 2202 τοῦ
1611 2176 1724 2206 Λέοντος

116 2225 229 2253 methodi
247 2231 330 2252 causa
354 2223 474 2259 ﬁngitur,
490 2223 606 2258 idipsum
628 2224 776 2258 eodemth
799 2223 888 2254 modo,

947 2224 1039 2260 μοίρας
1065 2227 1106 2258 γ’·
1131 2223 1146 2250 ὁ
1169 2224 1197 2250 δὲ
1220 2223 1363 2259 εἰρημένος
1390 2222 1477 2257 ἀστὴρ
1499 2223 1529 2248 ὲν
1551 2221 1590 2257 τῷ
1610 2221 1723 2256 πλινθίῳ

116 2271 148 2299 ad
175 2269 317 2297 inferiores
344 2273 371 2296 et
395 2269 534 2303 subjectos
559 2268 771 2297 accommodari:
804 2271 830 2294 et
858 2267 890 2294 ad

116 2317 199 2351 ipsum
218 2315 285 2342 adeo
312 2318 391 2342 terra:
415 2314 524 2349 globum
549 2313 681 2348 quosdam
704 2313 844 2348 applicari,
863 2312 890 2339 in

117 2369 166 2397 quo
183 2369 248 2389 suus
268 2360 361 2387 itidem
382 2359 581 2394 aequinoctialis
600 2358 740 2386 informari
764 2358 842 2390 solet,
859 2366 890 2384 ac

116 2407 201 2434 caeteri
216 2405 348 2441 paralleli.

150 2450 193 2479 His
217 2450 424 2481 animadversis,
439 2456 500 2477 cum
527 2449 667 2476 stellarum
692 2448 762 2476 situs
785 2448 826 2474 vel
847 2447 890 2474 di-

116 2501 185 2525 recte
205 2497 248 2524 vel
273 2496 448 2524 transversim
475 2495 643 2523 considerari
663 2498 754 2529 queat,
774 2494 825 2520 hoc
847 2496 890 2520 est

117 2544 260 2572 secundum
279 2542 488 2577 longitudinem,
505 2549 537 2568 ac
563 2534 730 2568 latitudinem
749 2549 756 2567 :
774 2547 889 2574 quarum

115 2590 183 2626 prior
195 2590 229 2616 ab
244 2589 434 2616 interscctione
450 2595 533 2614 verna
548 2587 661 2619 zodiaci,
673 2591 700 2614 et
713 2587 889 2622 aequinoctia-

117 2637 147 2663 lis
163 2635 272 2669 incipit;
289 2634 423 2669 posterior
439 2634 515 2668 polos
531 2640 627 2659 versus
641 2632 729 2659 media
747 2632 781 2659 ab
802 2632 888 2666 sphae-

115 2690 143 2709 ra
157 2680 271 2709 sumitur
287 2689 293 2706 :
311 2684 455 2713 utrumque
479 2678 623 2713 dupliciter
642 2678 770 2705 aestimari
788 2681 886 2713 potest;

115 2727 177 2754 Nam
195 2724 335 2760 longitudo
353 2724 395 2750 vel
420 2725 446 2750 in
471 2723 654 2758 :cquinoctiali
677 2728 826 2758 spectatur.
841 2723 887 2758 qui

115 2771 251 2800 duodecim
265 2770 393 2797 tribuitur
405 2770 433 2797 in
447 2774 547 2804 partes,
562 2769 638 2796 initio
650 2769 684 2796 ab
699 2777 781 2796 verna
801 2770 886 2797 inter-

115 2817 226 2846 scctione
254 2815 337 2848 facto,
355 2815 558 2850 dcsignatisqne
582 2814 610 2842 in
632 2823 666 2842 eo
688 2815 811 2851 partit-us
841 2823 887 2850 per

117 2868 239 2889 maximos
255 2860 382 2891 circulos,
400 2860 457 2887 sive
475 2860 583 2888 coluros
600 2868 659 2893 sex,
673 2860 718 2895 qui
733 2868 780 2895 per
794 2860 886 2888 mundi

943 2270 1036 2305 ἐπέχει
1051 2270 1097 2296 τοῦ
1118 2269 1230 2301 Λέοντος
1253 2268 1341 2304 μικρῷ
1360 2268 1471 2296 ἔλασσον
1487 2267 1541 2294 τῶν
1561 2271 1586 2301 γ’
1608 2267 1719 2302 μοιρῶν.

944 2314 1094 2349 lltrumque
1111 2314 1211 2341 falsum
1228 2319 1280 2344 est.
1299 2314 1322 2341 si
1344 2313 1369 2340 in
1387 2313 1498 2340 zodiaco
1513 2316 1650 2347 spcctetttr
1665 2312 1722 2338 illa-

942 2366 1001 2385 rum
1019 2359 1157 2386 stellarum
1174 2359 1253 2386 situs.
1277 2358 1343 2385 Nam
1359 2358 1444 2393 prior,
1467 2365 1526 2392 quae
1545 2356 1619 2383 Ursae
1641 2360 1722 2391 caput

942 2404 1062 2438 antiquis
1076 2408 1145 2435 erat,
1159 2403 1305 2438 Hipparchi
1318 2409 1439 2438 tempore
1452 2403 1478 2430 in
1490 2403 1587 2429 Cancri
1602 2402 1634 2429 l5
1645 2406 1722 2436 parte

942 2452 1125 2484 versabatur;
1145 2455 1280 2485 postrema
1303 2451 1397 2478 caudae
1426 2449 1556 2477 Draconis
1579 2449 1605 2476 in
1622 2449 1719 2475 Cancri

943 2497 991 2529 l0,
1015 2497 1067 2524 55'.
1085 2496 1217 2523 Ascensio
1233 2499 1306 2522 recta
1323 2497 1423 2531 prioris
1443 2497 1493 2523 luit
1516 2495 1577 2526 522,
1593 2495 1632 2522 52'
1649 2502 1720 2521 auuo

939 2543 1001 2571 Per.
1021 2542 1075 2570 Jul.
1104 2542 1193 2575 4550;
1216 2542 1375 2582 posterioris
1401 2542 1497 2577 paucis
1512 2542 1591 2568 annis
1607 2544 1698 2575 postea
1711 2560 1718 2572 ,

941 2590 990 2617 fuit
1006 2589 1068 2620 125,
1087 2588 1138 2623 57'.
1157 2579 1387 2622 Divisa-‘utraque
1414 2595 1462 2622 per
1478 2588 1512 2615 30
1523 2608 1531 2619 ,
1555 2586 1675 2614 conﬁunt
1692 2586 1718 2613 itt

939 2634 1036 2670 priori,
1057 2634 1134 2669 signa
1149 2634 1177 2665 4,
1192 2633 1219 2665 2,
1235 2634 1291 2665 32';
1306 2633 1334 2659 in
1350 2633 1504 2666 posteriori,
1520 2633 1552 2664 4,
1573 2633 1599 2665 5,
1612 2632 1662 2660 57'.
1680 2631 1719 2659 Ita

939 2689 1031 2709 verum
1050 2684 1091 2708 est
1106 2681 1176 2715 quod
1193 2680 1230 2706 ait
1245 2679 1414 2714 Hipparchus
1428 2679 1461 2705 de
1481 2679 1623 2706 ambarum
1639 2679 1716 2710 locis.

939 2728 961 2756 si
978 2729 1005 2755 in
1019 2727 1201 2762 :equinoctiali
1213 2727 1315 2754 circulo
1325 2725 1474 2753 secundum
1490 2726 1664 2753 ascensiones
1675 2732 1718 2752 re-

938 2778 996 2801 ctas
1009 2793 1016 2805 ,
1036 2773 1095 2805 vel,
1112 2772 1183 2808 quod
1201 2773 1271 2799 idem
1287 2776 1338 2803 est.
1361 2771 1387 2798 in
1404 2778 1437 2798 eo
1451 2771 1579 2805 parallelo
1594 2771 1718 2799 consido-

941 2823 1035 2847 rcntur
1045 2839 1053 2851 ,
1073 2826 1152 2853 quem
1168 2818 1252 2845 stellae
1265 2817 1363 2844 diurno
1377 2819 1453 2843 motu
1467 2815 1613 2842 detineant.

979 2864 1084 2890 tim-sus
1101 2862 1193 2890 eodem
1213 2862 1274 2889 loco
1298 2860 1392 2888 scribit
1413 2859 1592 2895 Hipparchus.
1610 2865 1716 2888 austra-
