1900 3137
192 166 260 193 13ὶῖ

698 163 743 190 AD
764 163 897 192 EUSEBII
914 161 1111 190 CIIRONICON
1131 161 1311 189 APPENDIX.

1756 161 1830 190 Γιό

189 227 281 250 Larem
301 222 508 250 succedentium
525 221 639 249 duarum
662 222 690 248 in
707 222 836 249 laterculo
850 221 973 248 obtinere
990 223 1009 249 Λ
1024 218 1222 249 describendis.
1240 219 1273 246 ab
1290 218 1324 246 iis
1339 218 1464 252 ca’pisse,
1477 218 1523 252 qui
1546 217 1688 245 borealem
1719 217 1828 245 habent

189 269 384 302 propemodum
406 271 509 302 partem
532 266 630 294 Leonis
661 266 815 294 vicesimam
838 267 972 302 quintam.

189 314 270 348 Atqui
287 313 363 340 locus
373 312 433 347 ejus
448 312 474 338 in
494 311 606 339 zodiaco
624 312 674 339 l‘uit
687 311 834 347 Hipparchi
855 316 975 346 tempore

190 360 217 386 in
236 359 335 386 Leonis
355 358 371 383 0
383 378 390 390 ,
406 358 457 385 Μ’.
480 357 551 392 Ergo
575 365 608 385 ex
626 358 786 386 ascensione
813 362 886 386 recta
903 359 974 386 situs

190 404 241 431 iste
257 403 455 438 camputandus
471 407 531 436 est;
546 411 627 438 quam
643 404 748 438 reperio
763 403 896 438 graduum
914 404 973 436 I45,

189 447 240 474 δὲ’.
254 446 300 473 llis
317 454 364 481 per
379 446 490 482 triginta
505 447 611 477 divisis,
627 448 694 474 liuut
708 449 784 483 signa
800 448 832 480 4,
849 448 899 479 25,
922 449 973 479 32’,

190 492 242 518 hoc
255 495 297 518 est
314 491 412 518 Leonis
425 491 506 525 paulo
521 492 581 526 plus
595 492 681 527 gradu
701 493 832 520 vicesimo
857 494 952 528 quinto
965 515 972 526 ,

191 537 217 564 in
231 537 426 571 aequinoctiali,
443 537 484 564 vel
500 537 693 572 :equidistante
708 539 732 565 ei
747 539 861 566 circulo.

225 583 326 610 Ibidem
341 587 462 611 extrema
486 584 580 611 cauda:
595 583 703 612 Helices
719 585 849 612 statuitur
863 586 889 612 in
905 585 974 613 Clie-

190 629 288 660 larum,
301 637 350 656 seu
364 628 452 656 Libra:
466 634 563 664 quarta
579 635 665 665 parte.
692 630 779 659 Locus
791 635 850 658 erat
865 631 892 658 in
909 631 974 659 Leo-

190 675 234 703 nis
246 676 302 707 ‘27,
327 676 377 702 Itl’.
408 675 541 703 Ascensio
571 681 645 704 recta
673 677 812 712 signorum
843 678 870 710 6,
886 679 913 710 4,
931 679 971 710 ι’,

190 722 270 756 plane
285 725 314 748 ut
332 721 503 756 Hipparchus
518 722 615 753 voluit,
633 723 659 749 in
677 723 766 750 Libra:
777 724 804 751 4.
822 724 877 752 Nor.-
891 726 973 760 igitur

190 767 224 794 ad
239 767 379 794 zodiacum
392 786 400 799 ,
415 767 462 794 sed
480 767 514 794 ad
526 769 696 803 parallelum,
709 771 970 805 aaquinoctialetnve.

190 812 329 840 stellarum
342 812 400 839 loca
416 812 603 847 designantur.

225 857 343 885 Numero
368 856 412 883 XII
440 856 612 893 Hipparchus
637 860 675 886 ait
699 865 865 894 postremam
879 862 974 890 ocudae

190 902 303 931 minoris
318 903 395 931 Ursa:
406 907 485 932 sitam
504 911 565 932 esse
581 906 608 931 in
633 905 718 939 gradu
735 905 853 934 Piscium
872 908 914 936 I8.
937 907 965 935 Si

190 949 294 976 zodiaci
312 950 381 976 ratio
399 950 546 983 habeatur,
565 954 624 977 erat
642 950 792 986 Hipparchi
809 957 931 988 tempore
944 954 972 981 in

190 995 275 1029 gradu
303 994 384 1022 Tauri
408 996 453 1022 29.
479 996 610 1023 Ascensio
632 1002 706 1024 recta
722 997 791 1028 546.
809 998 858 1030 l6’,
873 999 972 1034 quibus

191 1049 239 1076 per
255 1041 289 1069 30
303 1041 409 1072 divisis.
425 1041 609 1069 coniiciuntur
628 1043 705 1078 signa
723 1044 766 1075 I-l,
784 1044 827 1076 16,
842 1045 899 1077 Iti',
921 1046 973 1074 hoc

190 1090 233 1113 est
243 1085 343 1120 gradus
356 1085 474 1113 Piscium
493 1087 524 1113 l6
534 1106 541 1116 .
567 1087 606 1113 ιϐ’
617 1107 625 1120 ,
642 1089 790 1116 secundum
815 1090 972 1122 parallelum

190 1132 333 1159 circulum.
346 1131 405 1158 Jam
423 1132 496 1166 quod
514 1131 584 1159 idem
604 1133 704 1161 asserit
727 1142 804 1161 num.
819 1134 876 1162 XIV
891 1140 972 1171 caput

191 1177 268 1205 Ursa:
282 1179 394 1206 minoris
407 1199 414 1211 ,
434 1179 490 1206 sive
505 1179 681 1207 borealiorem
707 1181 924 1209 antecedentium
944 1183 972 1210 in

191 1223 321 1251 laterculo
336 1224 461 1259 plaustri,
482 1224 562 1251 sitam
578 1233 640 1253 esse
663 1225 689 1252 in
705 1232 825 1254 extremo
849 1226 970 1263 Scorpii,

190 1268 217 1296 id
230 1277 291 1296 cum
308 1269 412 1296 zodiaci
431 1269 491 1296 loco
514 1277 567 1297 non
593 1272 739 1298 convenit:
771 1272 816 1306 qui
841 1272 892 1300 fuit
907 1273 972 1309 Hip-

189 1315 282 1351 parchi
300 1319 420 1350 tempore
435 1315 463 1342 in
478 1315 564 1350 gradu
580 1316 678 1343 Cancri
704 1317 746 1349 l5,
766 1318 824 1350 ιδ’,
847 1318 895 1346 sed
910 1327 971 1346 cum

189 1361 349 1389 ascensione
371 1366 443 1389 recta
457 1381 465 1393 ,
481 1369 542 1396 quae
566 1361 615 1389 fuit
632 1363 772 1397 signoruni
789 1363 816 1393 8.
834 1364 860 1395 I.
871 1364 925 1397 26',
943 1369 972 1392 ut

188 1407 239 1434 hac
251 1407 356 1434 ratione
371 1406 397 1434 in
410 1407 548 1442 Sagittarii
567 1408 575 1435 I
591 1409 731 1435 censenda
749 1409 840 1437 fuerit.

224 1451 287 1479 Item
306 1452 332 1479 in
348 1453 400 1479 line
416 1453 475 1479 libri
490 1452 509 1481 Ι.
535 1461 611 1479 ιιυιη.
630 1453 736 1485 XXVII,
752 1455 847 1488 scribit
862 1459 972 1484 antece—

188 1498 222 1526 de
235 1502 284 1526 .tes
298 1499 325 1524 in
342 1497 423 1533 Hydri
438 1498 526 1534 capite
543 1499 666 1526 obtinere
685 1505 787 1534 partem
803 1500 901 1528 Cancri
916 1510 973 1529 am—

1027 272 1041 290 a
1059 264 1171 291 zoiliaco
1184 264 1340 291 distantiam
1355 283 1362 295 ,
1380 263 1432 290 hoc
1449 269 1490 291 est
1507 263 1695 295 latitudinem,
1711 268 1776 290 tum
1793 264 1828 291 de

1026 311 1194 338 australibus
1206 311 1295 345 egisse
1308 320 1314 337 :
1332 309 1405 345 quod
1416 315 1443 336 et
1456 309 1630 344 Hipparchus
1642 310 1703 344 ipse
1718 310 1824 337 tenuit.

1060 354 1214 388 Quinetiam
1235 354 1383 385 Geminus.
1401 355 1447 390 qui
1463 355 1602 391 octoginta
1622 355 1743 383 circiter
1761 360 1827 390 post

1026 400 1209 436 Ilipparchum
1235 401 1315 429 annis
1329 400 1430 433 Iloruit,
1443 409 1497 428 non
1523 401 1643 429 obscure
1659 401 1823 436 signiﬁcat,

1024 452 1104 474 anate
1117 454 1166 475 sua
1187 451 1241 474 tam
1252 446 1433 482 longitudines
1450 447 1601 478 stellarum,
1621 454 1708 482 quam
1726 448 1822 474 latitu-

1025 492 1114 525 dines,
1124 492 1157 519 ad
1171 492 1311 519 zodiacum
1328 491 1545 519 accommodatas
1567 499 1640 520 esse.
1655 492 1726 519 Nam
1741 493 1823 520 initio

1025 538 1087 566 libri
1103 538 1202 566 asserit
1215 537 1356 565 zodiacum
1372 538 1399 564 in
1417 541 1508 573 partes
1518 538 1663 566 duodecim
1682 539 1820 574 aequales.

1024 590 1084 617 qua:
1096 583 1387 617 suntsigna,distribui
1405 592 1411 609 :
1423 590 1476 618 qua
1493 584 1597 611 ratione
1606 583 1822 612 dividineeesse

1024 632 1065 656 cst
1079 629 1298 664 aequinoctialem
1316 629 1342 656 in
1358 633 1449 664 partes
1463 629 1622 664 inaequales.
1637 630 1731 664 Atque
1745 630 1819 657 idem

1024 673 1202 700 nihilominus
1240 673 1429 708 parallelorum
1467 673 1634 701 circulorum
1670 675 1818 706 meminit,

1024 727 1092 754 quos
1118 719 1325 754 atquidistantcs
1352 720 1387 747 ab
1407 720 1591 754 aequinoctiali
1616 720 1698 747 stella
1717 720 1818 747 diurno

1023 766 1139 793 circuitu
1156 765 1292 800 designat.
1316 765 1449 798 Quocirca
1464 766 1612 794 verisimile
1625 770 1668 793 est
1684 767 1817 801 antiquos

1024 816 1139 847 utroque
1156 811 1238 839 modo
1255 811 1395 840 stellarum
1427 811 1610 845 longitudines
1632 820 1665 840 ac
1686 813 1811 840 latitudi.

1024 865 1072 886 nes
1086 861 1211 892 putasse;
1238 865 1287 893 pro
1301 865 1333 885 eo
1350 862 1432 893 atque
1453 859 1487 884 ait
1508 858 1664 886 institutam
1682 867 1818 894 πραγμα-

1023 903 1097 931 τείαν
1111 903 1260 938 expediret.
1279 903 1336 931 Nisi
1363 904 1436 931 enim
1460 903 1633 931 latitudinem
1651 904 1767 931 illarum
1784 905 1818 932 ab

1023 949 1135 976 zodiaco
1152 948 1288 977 interdum
1304 948 1511 981 adhibuissent,
1535 957 1589 977 non
1607 949 1817 985 distinguerent

1023 996 1146 1023 boreales
1157 1003 1252 1023 earum
1270 995 1339 1023 situs
1354 995 1387 1022 ab
1405 995 1573 1022 australibus
1591 996 1749 1022 secundum
1767 1003 1815 1022 zo-

1022 1041 1147 1073 diacum,
1177 1041 1225 1068 sed
1243 1041 1459 1075 aaquinoctialem
1474 1041 1630 1068 duntaxat:
1650 1049 1665 1068 a
1683 1049 1740 1077 quo
1757 1042 1816 1069 solo

1023 1087 1180 1114 latitudines
1193 1086 1350 1114 earumdem
1371 1091 1535 1122 repeterent.
1551 1086 1621 1114 Hinc
1641 1086 1744 1114 falsum
1755 1095 1815 1115 esse

1022 1135 1141 1164 constat,
1153 1131 1225 1167 quod
1251 1131 1386 1166 Josephus
1401 1131 1524 1167 Scaliger
1536 1132 1626 1167 capite
1641 1132 1734 1167 primo
1753 1133 1815 1160 lihn

1024 1179 1180 1213 Dcanticip.
1200 1179 1295 1212 inquiri.
1318 1177 1449 1209 allirmat,
1479 1182 1544 1206 ante
1558 1178 1737 1207 Ptolemaeum
1755 1180 1815 1206 nul-

1022 1225 1075 1252 lam
1090 1224 1169 1251 aliain
1185 1224 1324 1251 stellarum
1342 1223 1538 1258 longitudinem
1564 1225 1607 1252 vel
1639 1225 1814 1253 latitudinem

1023 1271 1049 1298 in
1062 1278 1111 1298 usu
1129 1269 1230 1301 fuisse,
1247 1278 1329 1305 quam
1345 1277 1405 1305 qua!
1421 1277 1504 1304 penes
1517 1270 1741 1305 aequinoctialem
1767 1279 1812 1298 su-

1022 1317 1123 1350 mitur;
1152 1316 1270 1351 primum
1300 1320 1388 1343 autem
1407 1315 1584 1343 Ptolemaeum
1611 1317 1645 1343 ad
1671 1318 1814 1344 zodiacum

1023 1368 1164 1398 utramque
1178 1362 1360 1389 transtulisse.
1381 1362 1464 1397 Atqui
1479 1361 1620 1393 Geminus,
1634 1362 1684 1396 qui
1709 1363 1813 1390 ducen-

1022 1409 1057 1435 tis
1071 1408 1188 1443 amplius
1199 1408 1278 1436 annis
1294 1407 1469 1435 Ptolemaeum
1482 1409 1633 1442 praecessit,
1652 1412 1709 1435 tam
1727 1409 1814 1443 longi-

1022 1455 1131 1482 tudines
1145 1455 1299 1486 stellarum,
1311 1462 1392 1488 quam
1409 1454 1568 1482 latitudines
1591 1454 1619 1481 in
1635 1455 1752 1482 zodiaco
1764 1455 1812 1482 de-

1022 1501 1138 1535 scriptas
1152 1509 1213 1528 esse
1223 1501 1323 1529 saeculo
1337 1507 1386 1527 suo
1396 1520 1404 1531 ,
1430 1500 1591 1535 planissime
1615 1500 1741 1528 declarat
1752 1521 1761 1533 ,
1786 1506 1814 1527 ut

188 1544 260 1578 ptius
279 1543 322 1575 I0,
336 1544 407 1578 quod
429 1544 536 1579 egregie
560 1545 714 1573 ascensioni
732 1551 811 1573 rectae
824 1547 969 1582 congruit:
985 1559 1008 1589 ρ
1024 1547 1104 1582 paulo
1117 1551 1180 1574 ante
1201 1546 1457 1574 demonstravimus.
1478 1545 1664 1581 Hipparchum
1679 1552 1772 1573 autem
1788 1551 1814 1574 et

188 1597 270 1624 quam
295 1589 402 1616 invenio
428 1588 574 1624 Hipparchi
591 1593 712 1624 tempore
728 1591 867 1626 signorum
887 1593 913 1623 5,
927 1594 970 1626 l0,

189 1635 240 1662 η’.
261 1633 298 1660 Ita
318 1634 421 1665 stellas,
435 1642 494 1669 qua:
509 1638 573 1661 sunt
588 1634 614 1661 in
629 1634 728 1669 Cephei
744 1637 842 1670 capite,
856 1637 971 1665 collocat

190 1681 260 1709 idem
278 1683 304 1708 In
320 1681 404 1716 gradu
421 1681 537 1716 amplius
553 1681 596 1708 I0.
615 1680 646 1707 Et
660 1689 710 1709 nos
727 1683 913 1711 ascensionem
928 1692 971 1711 re-

189 1731 260 1754 ctam
286 1727 413 1754 australis
437 1726 665 1761 dcprchendiinus
689 1727 828 1762 signorum
849 1729 899 1761 It),
926 1720 970 1761 I0,

189 1774 240 1801 ιδ’.
259 1774 368 1800 Stellam
381 1773 502 1808 ejusdem
522 1773 669 1804 asterismi,
685 1781 745 1808 qua:
762 1774 788 1800 in
804 1775 917 1802 sinistro
929 1780 972 1803 est.

189 1819 303 1847 humero
315 1838 323 1850 ,
352 1820 393 1846 vel
414 1818 525 1845 brachio
537 1837 544 1850 ,
563 1818 644 1846 refert
661 1817 831 1853 Hipparchus
855 1821 970 1854 positam

188 1873 249 1893 esse
263 1865 289 1892 in
306 1865 389 1900 gradu
405 1865 440 1891 25
456 1865 579 1899 Aquarii.
597 1865 728 1892 Ascensio
744 1869 818 1892 recta
833 1867 969 1902 congruit,

187 1919 248 1946 qua:
266 1915 308 1937 est
321 1911 460 1945 signorum
478 1910 521 1941 IO,
541 1910 586 1943 26,
598 1910 650 1938 26'.
664 1913 698 1938 At
713 1911 739 1938 in
755 1912 868 1939 zodiaco
895 1913 972 1940 locus

188 1961 246 1984 erat
267 1956 293 1983 in
316 1956 415 1983 Arietis
435 1956 462 1988 3,
476 1956 527 1983 48¹⁸
552 1956 591 1983 Ad
610 1956 667 1984 haec
696 1957 724 1984 in
749 1957 861 1985 sinistra
889 1966 970 1986 manu

190 2002 279 2029 Bootm
293 2001 497 2030 antecedentem
512 2002 618 2028 stellam
630 2002 700 2029 locat
714 2002 813 2030 ibidem
831 2003 858 2029 in
876 2003 972 2031 Chela-

190 2056 249 2074 rum
269 2052 343 2082 parte
355 2048 472 2082 amplius
493 2048 533 2074 15.
546 2048 678 2075 Ascensio
689 2051 763 2075 recta
778 2053 820 2075 est
831 2049 970 2084 signorum

188 2092 216 2122 6.
233 2092 261 2118 Il
274 2112 282 2125 ,
308 2091 365 2125 47';
381 2092 457 2119 locus
473 2091 501 2118 in
516 2091 643 2122 zodiaco.
668 2091 696 2118 in
722 2090 821 2119 Leonis
849 2092 901 2123 28,
918 2092 970 2119 58'.

189 2137 322 2165 Pneterea
337 2138 384 2165 lib.
401 2137 423 2164 II
446 2137 525 2164 docet
551 2136 723 2172 Hipparchus
744 2137 970 2164 australissiinam

190 2184 217 2210 in
245 2183 356 2211 sinistro
384 2183 451 2218 pede
471 2183 560 2210 Boota:
581 2183 705 2210 obtinere
729 2187 831 2217 partem
847 2182 934 2210 Librae
951 2183 969 2210 I.

190 2228 278 2261 Hujus
303 2229 427 2256 ascensio
450 2234 524 2256 recta
555 2228 668 2256 tnirilice
698 2229 882 2256 observationi
906 2237 971 2256 con-

190 2274 280 2309 gruit;
300 2281 361 2300 nam
379 2277 421 2301 cst
436 2275 575 2309 signoruni
590 2274 617 2306 6,
632 2275 657 2307 I,
672 2274 725 2301 27’.
738 2275 771 2301 At
787 2275 862 2302 locus
880 2274 907 2302 in
926 2283 971 2302 zo-

189 2319 268 2346 diaco
282 2317 427 2352 Hipparchi
441 2324 562 2353 tempore
575 2319 602 2346 in
622 2318 742 2354 Virginis
758 2319 801 2350 I9.
815 2319 866 2347 55'.

226 2364 305 2391 Plura
314 2364 356 2391 his
365 2363 464 2391 addere
474 2368 629 2398 poteramus
636 2365 758 2400 exempla
769 2374 774 2392 :
783 2365 830 2392 sed
841 2365 896 2392 haec
904 2365 972 2399 ipsa,

190 2418 251 2446 qua:
266 2409 422 2444 selegimus,
440 2410 507 2437 satis
524 2411 549 2437 id
573 2411 646 2445 quod
670 2411 796 2438 volumus
816 2411 971 2443 ostendunt,

191 2457 330 2484 stellarum
349 2455 543 2490 longitudinem
557 2456 590 2483 ab
607 2456 762 2492 Hipparcho
777 2457 858 2484 statui
877 2464 973 2484 secun-

190 2503 254 2529 dum
271 2506 359 2528 rectas
373 2501 547 2528 ascensioncs
563 2502 588 2529 in
605 2502 799 2536 aequinoctiali,
814 2503 871 2530 sive
885 2504 973 2538 paral—

191 2548 243 2576 lelo
254 2547 367 2578 circulo,
378 2555 442 2578 non,
457 2550 486 2573 ut
500 2546 578 2573 hodie
591 2547 630 2579 lit,
639 2548 666 2574 in
675 2549 796 2576 zodiaco.

227 2593 298 2620 Idem
321 2597 417 2620 auctor
441 2592 652 2620 declinationum
671 2593 705 2620 ab
719 2594 901 2628 wquinoctiali
917 2595 971 2622 cir-

191 2639 252 2665 culo
265 2646 384 2674 persaepe
399 2639 520 2666 meminit
537 2648 543 2665 :
565 2646 700 2672 nusquam
713 2643 803 2667 autem
821 2640 972 2667 latitudinis

194 2685 227 2711 ab
243 2684 364 2711 zodiaco.
382 2683 502 2712 Tametsi
517 2691 570 2711 non
584 2684 679 2711 dubito
701 2684 782 2719 hujus
804 2686 886 2712 etiam
908 2685 973 2720 Ilip-

193 2730 322 2764 parchum
342 2730 475 2758 rationem
503 2730 648 2763 habuisse;
677 2736 819 2765 postquam
840 2731 972 2758 circulum

194 2776 275 2803 istum
291 2777 409 2804 artiﬁces
425 2777 451 2804 in
466 2777 535 2804 coelo
549 2777 640 2804 metati
653 2781 727 2809 sunt,
741 2781 768 2804 et
782 2777 841 2812 ejus
857 2778 973 2812 obliqui—

197 2821 279 2847 latem
296 2822 553 2850 animadverterunt.
568 2822 638 2850 Sane
653 2822 825 2858 Hipparchus
837 2823 972 2856 observat,

196 2865 348 2900 Eudoxum,
364 2872 390 2895 et
403 2867 515 2896 Aratum
531 2868 603 2897 illius
622 2869 754 2905 exemplo,
773 2869 798 2895 in
824 2869 972 2897 asterismis

1024 1593 1164 1620 Eudoxum
1181 1593 1297 1627 idipsum
1314 1599 1459 1626 usurpasse
1482 1599 1700 1627 nonnunquam.
1716 1592 1813 1627 impri-

1024 1639 1075 1666 mis
1089 1637 1162 1673 quod
1182 1638 1338 1666 latitudines
1355 1637 1462 1669 attinet,
1474 1637 1569 1665 eodem
1584 1637 1755 1673 conjectum:
1769 1646 1813 1674 ge-

1024 1692 1088 1712 ncrc
1105 1685 1167 1712 licet
1186 1684 1305 1719 assequi.
1330 1683 1403 1710 Nihil
1427 1686 1468 1711 est
1492 1683 1565 1710 enim
1588 1682 1663 1710 aliud
1687 1682 1813 1712 boreales

1024 1730 1126 1762 stellas,
1140 1730 1308 1757 australesve
1323 1729 1388 1762 dici.
1398 1736 1458 1764 qua:
1468 1736 1483 1755 a
1501 1728 1613 1756 zodiaco
1625 1736 1723 1756 versus
1736 1730 1813 1764 aqui-

1024 1776 1111 1802 lonem
1127 1780 1173 1802 aut
1188 1775 1327 1803 meridiem
1339 1775 1482 1807 recedunt,
1497 1782 1579 1810 quam
1592 1774 1626 1801 a‘b
1642 1775 1741 1802 eodem
1766 1782 1813 1801 zo-

1025 1822 1102 1848 diaco
1118 1820 1289 1847 latitudinem
1306 1820 1405 1848 habere
1421 1820 1559 1848 borealem
1572 1820 1767 1847 australemre.
1782 1819 1814 1846 At

1024 1866 1099 1901 prius
1113 1865 1147 1892 ah
1165 1865 1276 1893 Eudoxo
1304 1865 1465 1900 ueterisque
1477 1885 1484 1896 ,
1501 1864 1572 1900 quod
1591 1865 1649 1899 jam
1673 1866 1812 1897 diximus,

1025 1915 1185 1945 usurpatum
1198 1918 1259 1938 esse
1275 1911 1371 1945 liquet.
1387 1910 1471 1945 Igitur
1484 1915 1512 1938 et
1525 1911 1576 1937 hoc
1591 1918 1701 1945 quoque
1727 1919 1813 1946 genus

1024 1956 1179 1984 latitudinis
1201 1960 1380 1992 agnoverunt,
1393 1956 1465 1990 quod
1480 1955 1515 1982 ab
1539 1955 1653 1982 zodiaco
1681 1956 1811 1983 sumitur.

1024 2002 1144 2033 Nullum,
1155 2002 1228 2037 quod
1248 2001 1589 2036 meminerim,exempluni
1605 2001 1640 2029 ab
1655 2001 1812 2036 Hipparcho

1024 2051 1190 2075 memoratur
1200 2055 1232 2075 ex
1251 2047 1374 2078 Eudoxo.
1387 2047 1416 2074 in
1429 2054 1484 2082 quo
1500 2047 1569 2074 situs
1585 2047 1673 2074 stella:
1687 2048 1813 2074 nomina-

1025 2094 1072 2120 tim
1084 2093 1271 2128 exprimaturj;
1289 2100 1351 2120 nam
1367 2091 1440 2127 quod
1456 2092 1554 2125 librol,
1570 2101 1645 2119 num.
1656 2092 1715 2126 XII,
1730 2098 1812 2128 caput

1026 2137 1102 2165 Ursae
1115 2137 1228 2172 majoris
1246 2145 1279 2165 ex
1305 2137 1409 2164 Eudoxi
1427 2137 1563 2165 sententia
1580 2138 1717 2165 collocare
1735 2139 1811 2165 vide-

1025 2188 1069 2210 tur
1084 2184 1110 2211 in
1123 2187 1198 2218 parte
1215 2183 1314 2211 Leonis
1327 2183 1500 2215 duodecima,
1514 2185 1592 2211 aliter
1608 2192 1671 2212 sese
1696 2192 1739 2211 res
1764 2184 1811 2211 ha-

989 2237 1009 2264 ι)
1025 2229 1077 2256 bet.
1090 2228 1203 2256 Utenim
1217 2230 1320 2265 integer
1331 2230 1462 2265 sitjlocus,
1473 2239 1527 2258 non
1537 2231 1626 2265 ipsum
1639 2235 1722 2265 caput
1734 2229 1810 2258 Ursa:

1026 2274 1143 2302 conferri
1159 2274 1226 2302 dicit
1241 2275 1274 2302 ah
1295 2275 1404 2304 Eudoxo
1431 2276 1457 2302 in
1484 2280 1588 2311 partem
1616 2276 1810 2303 duodecimam

1025 2320 1134 2352 Leonis,
1153 2321 1200 2349 scd
1215 2329 1275 2349 eam
1291 2322 1408 2353 stellam,
1420 2330 1481 2357 qum
1495 2322 1646 2350 secundum
1666 2322 1809 2349 Eudoxum

1026 2365 1100 2393 Ursa:
1116 2370 1197 2400 caput
1209 2371 1278 2399 erat,
1294 2367 1465 2402 Hipparchus
1480 2367 1537 2403 ipse
1559 2375 1591 2394 ex
1614 2368 1749 2395 sententia
1762 2375 1809 2395 sua

1024 2412 1050 2439 in
1067 2420 1099 2439 eo
1115 2412 1199 2447 gradu
1216 2413 1349 2440 collocare
1364 2413 1486 2440 videtur:
1500 2413 1552 2448 ἡδὲ
1563 2412 1633 2439 κατὰ
1644 2413 1689 2439 τὸν
1699 2412 1809 2452 Εὔδοξον

1025 2457 1139 2493 κεφαλή,
1157 2468 1166 2484 ί
1194 2466 1274 2494 quam
1296 2466 1359 2486 vero
1375 2459 1480 2486 stellam
1496 2458 1625 2485 Eudoxus
1640 2462 1723 2493 caput
1737 2458 1810 2486 Ursae

1024 2503 1176 2531 constituit.
1196 2513 1205 2529 ι
1224 2503 1328 2530 Etenim
1343 2503 1419 2531 Ursa:
1429 2507 1510 2538 caput
1524 2503 1669 2538 utriusque
1684 2503 1750 2530 alibi
1763 2503 1810 2530 Eu-

1023 2549 1136 2580 doxum.
1151 2553 1178 2577 et
1202 2550 1369 2584 antiquiores
1389 2557 1484 2577 omnes
1502 2550 1644 2581 statuisse,
1661 2557 1744 2585 quam
1764 2550 1806 2576 tibi

1024 2595 1105 2623 hodie
1119 2596 1239 2630 ponitur,
1253 2595 1423 2630 Hipparchus
1434 2596 1583 2628 existimat,
1596 2597 1727 2624 nimirum
1741 2601 1807 2623 ntro

1024 2641 1106 2675 hique
1124 2641 1302 2668 borealinrcm
1319 2641 1434 2668 duarum
1457 2641 1484 2668 in
1507 2641 1639 2668 laterculo
1655 2642 1805 2676 prmcedrn-

1025 2688 1092 2717 tium
1104 2691 1185 2722 caput
1209 2687 1377 2721 appellasse;
1397 2687 1431 2714 de
1449 2695 1504 2722 quo
1528 2687 1610 2722 paulo
1627 2691 1690 2722 post
1705 2692 1802 2722 agetur.

1023 2732 1099 2759 Adde
1108 2731 1230 2760 nondum
1246 2730 1330 2758 videri
1348 2731 1452 2758 Eudoxi
1479 2732 1580 2759 stmulo
1601 2731 1755 2759 institutam
1771 2730 1804 2758 si-

1024 2785 1138 2812 gnorum
1157 2777 1184 2803 in
1200 2781 1292 2811 partes
1309 2777 1418 2813 triginta
1434 2777 1594 2805 divisionem
1608 2799 1615 2810 ,
1642 2778 1684 2804 vel
1716 2775 1804 2805 circuit

1024 2823 1106 2850 totius
1120 2823 1146 2850 iu
1163 2823 1225 2850 560.

1058 2869 1097 2896 Ar
1113 2877 1145 2897 nc
1159 2869 1202 2897 illc
1211 2868 1318 2904 quidem
1331 2868 1454 2897 sincerus
1470 2874 1508 2897 est
1526 2870 1620 2902 locus;
1636 2870 1684 2898 sed
1697 2871 1722 2898 ei
1736 2876 1804 2898 men-
