1900 3137
89 171 174 199 ιωε

499 168 725 198 DISSERTATIO
743 168 786 196 DE
805 167 898 196 ORTU
916 166 959 194 ET
979 166 1113 194 OCCASU
1135 166 1297 195 SIDERUM.

1651 168 1723 195 1546

87 229 168 256 dum
195 229 305 260 subest,
332 232 362 254 ut
389 227 500 254 omnino
527 227 667 261 scripserit
695 224 883 260 Hipparchus:
900 225 923 253 A
938 221 1042 250 fuisse:
1063 222 1135 257 quod
1160 222 1301 257 prmfracte
1326 225 1405 255 negat
1420 221 1561 257 Scaliger,
1590 222 1668 257 cujus
1693 227 1720 250 et

98 275 141 301 ἸΙ
158 275 186 302 δὲ
196 274 265 301 κατὰ
279 273 324 301 τὸν
340 272 453 305 Εὔδοξον
464 273 566 308 κεφαλὴ
575 273 623 307 τῆς
635 271 753 308 μεγάλης
766 272 884 306 ’Ἄρκτου

88 321 174 348 κατὰ
196 321 227 347 τὸ
251 319 483 355 δωδεκατημόριον
506 318 552 345 τοῦ
575 319 697 350 Λέοντος.
715 318 783 345 Cum
801 321 884 350 esset,

91 366 180 394 etne
207 367 269 402 μόρ.
298 365 402 401 putarit
430 366 572 399 legendum
601 364 634 391 ιϐ’
658 373 731 400 μοιρ.
759 364 887 398 Adeoque

92 413 154 447 τὴν
175 412 206 439 ιϐ’
227 420 314 447 μοιρ.,
330 411 407 446 quasi
423 412 451 438 in
466 410 624 438 duodecima
641 414 717 445 parte
728 413 885 445 poneretur,

91 457 222 484 maxime
233 464 295 483 cum
313 456 435 491 proxime
449 460 527 487 ante,
548 455 657 490 ’ἰχθύων
673 463 746 490 μοιρ.
767 454 801 481 t6’
817 455 884 482 scri-

93 507 179 537 ptum
199 506 281 529 esset.
299 503 397 529 Verum
413 501 586 536 Hipparchus
609 501 671 535 plus
692 501 774 528 semel
794 500 887 528 docuit

93 549 130 575 in
148 547 228 575 tertia
242 547 342 575 Leonis
355 551 441 582 parte,
466 554 520 574 non
546 546 706 574 duodecima
731 547 811 573 situm
827 554 889 573 esse

95 596 188 626 caput
200 591 273 619 Ursat
286 592 407 627 majoris.
424 591 517 626 Neque
534 599 547 618 a
564 591 673 626 scipso,
697 595 778 626 atque
800 592 834 618 ab
849 591 887 619 rei

95 638 218 665 veritate
233 641 375 672 tantopere
400 637 566 665 dissonsisse
587 638 639 665 hoc
662 638 721 665 loco
736 638 887 666 credendus

95 687 157 714 est,
172 687 201 710 ut
221 683 247 710 in
264 683 425 710 duodecima
443 687 520 717 parte
536 688 677 711 statueret.

140 728 323 764 Hipparchum
342 736 415 760 vero,
436 737 489 756 non
509 729 534 755 in
552 729 611 755 solo
627 729 808 763 aequinoctiali
823 729 888 757 stel-

97 774 193 800 larum
215 773 407 807 longitudines,
424 773 470 800 sed
485 774 566 800 ctiam
581 773 608 800 in
633 774 744 800 zodiaco
765 774 817 800 alia
844 782 889 800 ra-

99 820 177 847 tione
191 827 296 854 usuque
310 819 519 854 contemplatum
535 827 605 852 esse,
617 827 649 846 ex
669 819 738 847 libro
760 821 820 853 ejus
847 827 890 847 se<

100 866 195 893 eundo
222 872 254 892 ac
277 865 358 892 tertio
384 864 492 900 probari
520 869 625 899 potest;
647 865 692 891 ubi
722 865 755 892 de
776 873 889 891 GUVGVG<

99 911 195 943 τολαίς
209 916 236 938 et
251 911 464 945 συγκαταδύσεσι
482 911 600 938 siderum
630 911 783 946 disputans,
797 916 888 946 aperte

102 958 248 986 zodiacum
272 958 299 984 in
322 957 464 984 duodecim
491 962 581 992 partes
606 959 742 992 aequales,
768 957 890 992 singulas

101 1011 201 1031 earttm
220 1003 246 1030 in
265 1003 374 1038 triginta
400 1002 555 1035 distribuit,
577 1011 691 1039 eamque
715 1003 889 1038 partitionem

103 1050 142 1077 ab
156 1050 240 1077 initiis
252 1050 391 1084 signorum
405 1048 554 1083 procedere
564 1053 618 1076 tam
634 1058 667 1077 ex
683 1057 744 1080 sua.
760 1057 840 1084 quam
856 1057 890 1076 ex

102 1098 228 1122 veterum
255 1094 388 1122 sententia
416 1093 545 1121 declarat.
574 1094 656 1129 Atqui
674 1094 697 1122 si
720 1095 747 1121 in
769 1095 891 1129 aequino-

102 1141 182 1167 ctiali
196 1141 255 1167 solo
270 1140 452 1174 longitudines
466 1139 616 1166 observata:
632 1139 757 1170 fuissent,
773 1147 827 1166 tton
846 1147 891 1167 es-

103 1191 149 1213 set
169 1187 195 1213 in
213 1189 304 1220 partes
322 1185 439 1220 aequales
455 1188 547 1212 sectus
568 1185 712 1217 zodiacus;
731 1193 818 1219 neque
832 1185 891 1213 sin-

103 1231 169 1266 gula
180 1231 396 1258 dodecatemoria
412 1230 526 1257 tricenis
534 1234 691 1257 constarent
710 1230 842 1264 partibus.

143 1277 202 1310 Quo
215 1277 296 1304 etiam
312 1281 473 1312 argumento
495 1275 529 1303 de
549 1275 650 1303 Eudoxi
667 1277 802 1304 sententia
824 1283 891 1303 con-

101 1324 239 1358 jecturam
251 1329 347 1357 capere
370 1326 461 1357 posset
478 1322 578 1356 aliquis
591 1341 598 1352 ,
623 1321 769 1348 duodecim
795 1322 830 1349 ab
843 1316 891 1349 illo

103 1369 185 1404 signa
201 1367 228 1394 in
246 1367 367 1398 zodiaco,
385 1371 414 1393 ut
427 1367 460 1394 de
477 1366 659 1401 aequinoctiali
676 1371 791 1396 taceam.
804 1367 890 1393 collo-

103 1418 168 1440 cata
200 1413 398 1447 distributaqtte
426 1420 497 1439 esse.
526 1411 630 1439 Etenim
655 1410 825 1446 Hipparchus
857 1412 891 1439 li-

104 1460 157 1487 bro
174 1459 194 1490 l,
211 1466 286 1485 num.
303 1457 360 1490 ΧΠ,
376 1462 539 1493 postremam
565 1457 658 1484 caudae
685 1457 798 1485 minoris
816 1457 892 1486 Ursae

104 1506 146 1532 ait
161 1505 188 1532 iu
201 1504 319 1531 Piscium
335 1508 429 1530 octava
453 1502 556 1529 decima
583 1507 658 1537 parte
679 1502 794 1537 positam
820 1510 890 1530 esse.

936 268 987 294 alia
996 268 1073 303 longe
1081 268 1239 302 capitaliora
1254 269 1279 294 in
1293 269 1361 296 libro
1377 268 1412 295 De
1421 269 1608 302 autict‘paiione
1620 270 1718 305 wquin.

936 313 1018 347 paulo
1027 318 1085 347 post
1096 313 1275 339 excutiemus.

972 357 1049 385 Hanc
1084 357 1230 393 Hipparchi
1266 357 1507 386 hallucinationem
1539 359 1718 391 asterismos,

937 404 994 431 sive
1002 404 1107 431 stellata
1116 403 1199 435 ςώδια
1207 411 1268 430 cutn
1277 404 1504 431 dodecatetnoriis
1514 406 1721 439 cognominibus

937 449 1090 483 promiscue
1118 449 1251 484 capientis
1280 450 1325 476 alii
1354 449 1481 477 similiter
1515 457 1719 484 expresserunt.

938 494 1038 522 Scribit
1055 495 1128 522 enim
1140 495 1216 522 Arati
1231 495 1393 523 scholiastcs
1406 495 1440 521 ad
1456 496 1500 522 illa
1518 495 1597 523 verba
1613 516 1620 528 ,

937 550 1026 584 Κρατὶ
1040 550 1074 576 δὲ
1085 551 1237 585 οιΔίδυμοι
1247 559 1253 566 ·
1265 550 1368 584 μέσσῃ
1381 550 1407 576 δ’
1419 551 1478 578 ὑπὸ
1487 551 1635 584 Καρκίνος
1644 551 1719 576 ἐστι·

938 585 1034 612 Ποσσὶ
1049 585 1074 611 δ’
1082 586 1132 612 ὐπ’
1145 585 1335 620 ἀμφοτέροισι
1346 585 1428 612 Λέων
1438 586 1495 612 ὑπὸ
1508 586 1586 612 καλὰ
1596 593 1719 620 φαεινει·

938 642 1075 676 inquibus
1090 641 1167 669 Ursa:
1180 641 1276 676 majori
1293 642 1406 669 subesse
1422 642 1488 669 dicit
1501 642 1630 670 Geminos
1648 642 1722 669 illius

938 686 1018 721 capiti
1035 685 1239 726 respondentes,
1253 687 1340 714 ventri
1356 686 1490 713 Cancrum
1503 706 1510 719 ,
1527 687 1639 722 pedibus
1654 687 1723 714 Leo-

939 739 1009 759 nem.
1025 732 1066 758 Ad
1088 732 1143 759 lure
1161 732 1283 759 scholion
1299 732 1424 759 observat
1446 733 1579 767 quosdatu
1608 734 1721 759 Aratum

939 777 1146 812 reprehendere,
1157 777 1229 811 qttod
1246 777 1331 809 Urste,
1349 785 1408 812 quae
1422 778 1521 812 gradus
1534 786 1587 805 non
1605 778 1721 813 amplius

940 822 1051 856 triginta
1066 822 1223 856 porrigitur,
1240 822 1366 849 subtendi
1382 823 1528 857 nonaginta
1544 824 1656 857 gratius,
1671 827 1722 849 hoc

940 872 981 894 est
997 867 1047 894 tria
1067 867 1284 895 dodecatemoria
1300 868 1432 903 significet
1451 878 1456 895 :
1477 876 1558 903 quam
1586 869 1619 896 ad
1645 869 1723 903 obje-

939 913 1056 940 ctionem
1074 921 1206 947 nugarum
1219 913 1311 940 nescio
1323 914 1386 948 qttid
1399 914 1543 948 expromit.
1559 913 1632 941 Nihil
1648 915 1723 941 euitn

938 956 1013 988 dicit,
1027 957 1100 991 quod
1120 956 1252 984 indictum
1268 965 1322 984 non
1341 958 1438 984 melius
1456 958 1501 985 sit.
1522 957 1574 985 Sed
1590 958 1721 985 nimirum

939 1002 990 1028 ltoc
1007 1001 1072 1028 illud
1088 1007 1139 1035 est,
1153 1002 1225 1037 quod
1246 1003 1349 1036 monui,
1365 1007 1476 1038 putasse
1489 1004 1535 1038 qui
1551 1004 1591 1031 sic
1607 1004 1721 1038 objicie-

939 1047 1004 1074 bant
1022 1048 1134 1075 Aratum
1157 1049 1345 1081 Geminorum,
1374 1049 1472 1076 Cancri
1486 1056 1512 1077 et
1528 1050 1626 1077 Leonis
1641 1058 1722 1077 voca-

940 1093 1010 1120 bulis
1028 1093 1194 1121 intellexisse
1210 1094 1440 1126 dodecatemoria,
1458 1103 1519 1121 cum
1546 1095 1580 1121 de
1608 1095 1722 1122 stellatis

941 1138 1034 1172 figuris
1055 1139 1192 1173 loquatur.
1210 1138 1278 1165 Nam
1295 1139 1346 1166 hoc
1361 1141 1512 1174 posteriore
1531 1147 1612 1167 sensu
1630 1148 1722 1167 rerum

940 1186 1069 1219 estquod
1092 1185 1192 1212 Aratus
1218 1186 1309 1212 docuit
1323 1204 1330 1216 ,
1358 1186 1398 1212 uti
1415 1191 1508 1212 contra
1537 1185 1721 1221 Hipparchum

939 1230 1119 1257 ostendimus.
1148 1230 1215 1263 Quis
1248 1239 1301 1258 non
1335 1231 1448 1258 miretur
1476 1231 1545 1258 adeo
1571 1233 1721 1260 obcaecatos

941 1275 1027 1302 fuisse
1039 1276 1145 1310 priscos
1156 1276 1217 1303 illos
1228 1280 1253 1303 et
1262 1276 1381 1311 insignes
1391 1281 1572 1309 astronomos,
1587 1283 1613 1304 et
1626 1286 1721 1305 eorum

940 1320 1087 1355 principem
1103 1321 1297 1356 Hipparchum,
1314 1326 1342 1349 ut
1370 1322 1421 1349 ista
1439 1331 1491 1349 non
1510 1324 1651 1351 viderint?
1669 1324 1722 1352 Sed

940 1367 1042 1394 erroris
1057 1375 1150 1394 ansam
1165 1375 1197 1394 ex
1217 1375 1249 1394 eo
1263 1372 1404 1402 ceperunt,
1421 1368 1492 1402 quod
1511 1369 1632 1404 ipsorum
1653 1373 1723 1397 tem-

941 1420 1006 1447 pore
1020 1413 1133 1440 stellata:
1157 1413 1298 1448 signorum
1320 1413 1421 1448 ciligics
1450 1414 1571 1449 ejusdem
1603 1415 1722 1444 nominis

942 1457 1159 1485 dodccatemoria
1181 1459 1317 1486 tenebant.
1339 1459 1402 1487 Ideo
1419 1460 1524 1486 lubrica
1536 1463 1601 1486 tunc
1613 1464 1682 1492 erat,
1696 1465 1723 1487 et

942 1508 1094 1538 opportuna
1111 1504 1197 1530 fraudi
1216 1508 1308 1531 mutua
1324 1505 1517 1532 vocabulorum
1542 1506 1699 1534 communio
1713 1516 1720 1533 ε

105 1551 143 1577 At
163 1549 312 1578 secundum
330 1549 481 1576 institutam
497 1548 531 1575 ab
547 1548 659 1575 Eudoxo
675 1548 834 1576 divisionem
847 1556 892 1575 zo—
906 1563 927 1592 ο
943 1549 1015 1584 quod
1033 1549 1112 1577 hodie
1129 1550 1220 1577 minus
1240 1550 1348 1582 accidit,
1364 1555 1473 1586 propter
1494 1553 1605 1586 sphaerae
1621 1556 1724 1579 octava:

106 1596 190 1627 diaci,
206 1596 233 1622 in
249 1595 328 1622 tertio
344 1594 428 1629 gradu
443 1594 542 1621 Arietis
555 1594 615 1625 εὯς
626 1594 654 1620 δὲ
669 1593 782 1626 Εὔδοξος
793 1595 891 1630 διαιρεί

106 1642 154 1668 τὸν
172 1641 303 1673 ζωδιακὸν
317 1639 424 1672 κύκλον,
438 1639 508 1666 κατὰ
515 1639 563 1675 τὴν
577 1643 600 1674 γ’
618 1640 671 1675 μοί.
682 1639 728 1666 τοῦ
743 1640 837 1676 Κριοῦ.
853 1640 891 1667 Ita

105 1687 181 1714 cnim
196 1685 384 1721 castigandum
400 1693 460 1713 esse
475 1685 564 1712 locum
587 1685 668 1712 istutn
691 1686 780 1720 capite
805 1685 824 1712 γ
848 1694 892 1713 εε‹

106 1731 202 1767 qttenti
236 1730 478 1758 de‘monstrabitur.
507 1729 607 1758 Verum
637 1730 659 1757 si
689 1731 723 1757 ad
749 1731 891 1758 zodiacum

106 1785 171 1804 eum
183 1796 191 1807 .
209 1776 254 1811 qui
270 1775 379 1811 proprie
394 1779 506 1802 vocatur
516 1794 522 1806 ,
535 1775 656 1802 calculus
672 1775 723 1802 iste
738 1775 871 1802 referatur
882 1795 890 1808 ,

72 1813 82 1823 ⁷
108 1830 165 1849 non
180 1825 277 1848 octavo
294 1820 399 1847 decimo
415 1819 499 1854 gradu
508 1819 637 1851 Piscium,
656 1820 703 1847 sed
719 1819 802 1847 Tauri
818 1820 891 1848 vice-

108 1869 181 1895 simo
200 1873 272 1893 nono
288 1865 364 1893 stella
381 1865 433 1892 ista
448 1865 619 1897 versabatur,
637 1868 667 1891 ut
690 1872 772 1899 supra
798 1865 893 1892 docui-

108 1921 181 1940 ιιιυς.
208 1911 327 1939 Necesse
352 1914 395 1937 est
424 1917 489 1944 ergo
515 1910 656 1936 zodiacum
680 1910 814 1938 circulum
842 1917 893 1945 pro

107 1956 292 1993 aequinoctiali
309 1956 343 1983 ab
358 1954 512 1990 Hipparcho
537 1955 640 1990 accipi;
661 1964 723 1983 nam
749 1957 783 1984 ad
808 1958 891 1992 tequi-

107 2003 254 2031 noctialem
268 2023 276 2035 ,
302 2001 495 2037 parallelumve
509 2001 693 2036 atquinoctiali
710 2003 842 2030 circulum
859 2003 893 2031 si-

108 2054 154 2076 tus
169 2048 213 2075 ille
231 2048 315 2075 stellae
331 2047 465 2082 congruit.
482 2046 617 2079 Quocirca
643 2048 729 2075 tnirus
745 2049 797 2076 iste
814 2049 892 2077 loctts

107 2099 152 2122 est
178 2093 335 2128 Hipparcni,
359 2092 491 2127 siquidem
521 2092 736 2126 atquinoctialem
756 2101 818 2121 cum
846 2102 893 2121 zo-

108 2140 190 2167 diaco
224 2138 378 2173 promiscue
404 2144 550 2172 usurpasse
585 2141 720 2164 monstrat
752 2139 891 2174 antiquos.

105 2185 218 2213 Etenim
232 2188 291 2210 uter
307 2191 322 2210 e
337 2183 444 2210 duobus
460 2183 519 2210 istis
536 2182 648 2210 circulis
663 2183 689 2209 in
702 2189 791 2217 partes
801 2192 891 2220 requa-

942 1599 970 1622 et
988 1596 1190 1623 asterismorttm
1207 1596 1234 1622 in
1253 1603 1283 1623 ea
1299 1597 1461 1632 προήγησιν.
1481 1599 1538 1630 Qua
1555 1597 1654 1625 factum
1670 1604 1722 1630 est,

942 1644 971 1668 ut
985 1641 1113 1677 pleraque
1138 1641 1220 1674 ζώδισ.
1246 1647 1323 1669 extra
1346 1650 1396 1670 sua
1413 1642 1631 1671 dodecatemoria
1658 1651 1725 1672 cou-

941 1685 1051 1714 sistant.

1243 1743 1358 1772 CAPUT
1376 1743 1422 1771 Ill.

943 1787 1049 1815 Eudoxi
1060 1790 1199 1825 sentegtia.
1217 1797 1308 1817 contra
1325 1795 1402 1825 atque
1420 1789 1586 1824 Hipparchus
1608 1793 1722 1825 putavit,

976 1824 1104 1858 exposita.
1124 1824 1248 1858 Eiusdem
1262 1824 1405 1859 Hipparchi
1421 1834 1495 1852 error
1510 1824 1723 1853 dodeca'temaria

977 1860 1202 1920 :ﬁm‘as‘terismis
1227 1860 1421 1894 confundentis.
1444 1862 1542 1888 Aratus
1567 1866 1591 1888 et
1616 1861 1723 1889 Servius

1010 1901 1040 1921 tu
1054 1901 1085 1920 ra
1098 1902 1118 1921 ι.

977 1951 1149 1987 Hipparchus
1163 1952 1241 1980 initio
1257 1952 1318 1980 libri
1334 1952 1355 1979 ll
1373 1957 1470 1980 auctor
1487 1956 1539 1985 est,
1554 1952 1725 1988 antiquiores

943 1997 1161 2030 mathematicos,
1183 2002 1230 2024 aut
1244 2005 1340 2025 omnes
1362 2001 1408 2024 aut
1434 1998 1586 2032 plerosque,
1600 1998 1723 2026 cardines

943 2044 1040 2071 solaris
1068 2043 1202 2070 circuitus
1236 2042 1340 2070 zodiaci
1370 2043 1509 2076 signorum
1542 2042 1628 2070 initiis
1651 2043 1725 2069 attri-

943 2088 1057 2116 buisse:
1074 2088 1155 2124 idque
1169 2088 1282 2114 Aratum
1297 2088 1323 2114 in
1342 2095 1424 2122 opere
1438 2095 1488 2114 suo
1509 2091 1644 2115 secututn.
1670 2087 1725 2114 Καὶ

943 2134 996 2162 ὑπὸ
1014 2135 1068 2162 τῶν
1080 2134 1200 2170 ἀρχαίων
1219 2133 1247 2160 δὲ
1268 2133 1465 2168 μαθηματικῶν
1487 2134 1596 2160 πάντων
1621 2133 1724 2168 σχεδὸν,

943 2179 960 2215 ἢ
986 2179 1040 2206 τῶν
1063 2179 1210 2210 πλείστων,
1241 2178 1334 2204 τοῦτον
1355 2178 1400 2204 τὸν
1427 2177 1526 2211 τρόπον
1556 2179 1570 2204 ὸ
1595 2177 1725 2210 ζωδιακὸς

109 2230 150 2257 les
164 2229 311 2260 dividatur,
328 2229 442 2255 alterutri
454 2231 562 2262 oportet
578 2228 748 2261 inaequaliter
758 2236 819 2256 esse
831 2237 891 2264 par-
908 2229 929 2257 D
943 2225 1042 2257 κύκλος
1055 2224 1174 2260 διῄρητο·
1192 2233 1201 2249 ι
1215 2225 1303 2259 Atque
1321 2224 1370 2250 hac
1386 2224 1492 2251 ratione
1511 2224 1652 2251 ZOdiacum
1669 2226 1724 2252 Cir-

110 2275 202 2301 titum.
221 2273 288 2301 Cum
303 2281 369 2309 ergo
386 2274 603 2300 demonstratum
629 2273 664 2300 sit
682 2274 716 2300 ab
739 2273 892 2308 Hipparcho

104 2320 139 2346 in
167 2319 213 2345 illa
239 2323 334 2345 contra
361 2318 502 2345 Eudoxum
527 2317 729 2351 disputatione,
758 2319 892 2345 cirtulum

109 2364 324 2400 :cquinoctialetu
340 2363 366 2390 itt
383 2371 420 2390 xtt
440 2364 518 2399 signa
543 2363 691 2394 distribui,
716 2363 749 2390 ad
778 2371 894 2399 eumque

103 2410 251 2438 stellarum
267 2408 361 2436 referri
386 2408 584 2443 longitudines,
612 2407 755 2442 inaequalia
771 2416 832 2435 esse
847 2417 894 2435 zo-

109 2456 181 2483 diaci
194 2459 333 2490 segmenta
349 2462 459 2482 necesse
468 2458 527 2486 est;
543 2461 604 2488 qua:
621 2453 729 2488 proprie
742 2453 825 2485 ζώδια
843 2462 893 2481 no-

110 2501 260 2527 minantur.
284 2498 380 2526 Verum
393 2503 446 2525 tam
461 2498 659 2533 :equiuoctialis
674 2497 893 2525 dodccatemoria

110 2545 194 2578 ζώδια
213 2549 346 2572 vocantur
364 2545 392 2571 in
405 2545 479 2572 calce
492 2544 554 2571 libri
569 2543 647 2579 primi
664 2543 699 2570 ab
716 2543 870 2578 Hipparcho
884 2562 891 2575 ,

110 2591 328 2627 quamcirculus
346 2590 416 2617 idem
441 2589 486 2617 ille
509 2589 648 2616 zodiacus.
670 2587 855 2615 Nihilominus
868 2592 895 2615 et

111 2638 145 2669 is,
163 2645 242 2672 quem
254 2636 361 2671 proprie
371 2635 513 2662 zodiacum
523 2634 702 2669 appellamus,
717 2633 818 2669 quique
829 2634 895 2661 stel-

111 2684 164 2710 lata
180 2683 256 2717 signa
269 2681 396 2711 sustinet,
409 2680 549 2714 aequaliter
564 2680 592 2706 in
616 2678 762 2707 duodecim
791 2678 873 2710 ζώδια
886 2698 893 2710 ,

111 2732 256 2764 partesque
272 2733 355 2753 ccctx
377 2726 410 2752 ab
440 2724 534 2752 eodetn
550 2724 706 2760 Hipparcho
721 2724 791 2752 libro
820 2724 840 2751 ll
868 2729 895 2752 et

111 2774 144 2802 ill
159 2772 298 2800 tribuitur.
315 2770 393 2798 Unde
409 2778 502 2798 verum
523 2774 565 2797 est
577 2790 584 2802 ,
607 2770 680 2805 quod
698 2778 780 2804 supra
797 2770 894 2796 docui-

111 2827 182 2853 mus,
197 2817 298 2852 duplici
316 2817 420 2843 ratione
438 2823 469 2842 ac
492 2815 599 2842 dttobus
621 2815 649 2841 in
674 2815 785 2842 circulis
801 2815 894 2848 signo-

111 2874 171 2899 rutn
189 2864 362 2901 partitionem
385 2863 419 2890 ab
435 2862 553 2897 antiquis
569 2861 722 2889 artiiicibns
738 2861 894 2899 institutam

943 2271 1035 2297 culum
1054 2270 1235 2297 mathematici
1255 2269 1449 2304 propemodum
1473 2277 1568 2297 omnes
1599 2273 1646 2297 aut
1670 2271 1726 2304 ple-

944 2315 1022 2350 rique
1039 2316 1130 2351 partiti
1144 2320 1217 2343 sunt.
1237 2325 1246 2340 ι
1264 2315 1378 2342 Constat
1390 2319 1480 2342 tamen
1495 2315 1632 2343 interdum
1649 2316 1724 2348 alibi,

943 2369 1024 2395 quam
1041 2362 1068 2389 itt
1085 2362 1223 2397 signorum
1248 2361 1400 2396 principiis,
1413 2362 1577 2396 aequinoctia
1594 2366 1620 2389 et
1633 2362 1726 2389 solsti-

945 2407 982 2434 tia
999 2407 1126 2434 collocari
1144 2407 1280 2442 quondam
1299 2406 1378 2434 solita
1397 2406 1499 2439 fuisse,
1515 2415 1603 2442 neque
1619 2407 1644 2434 itl
1660 2415 1725 2434 cott-

944 2456 1059 2480 stanter.
1075 2452 1142 2479 Nam
1159 2453 1205 2480 alii
1227 2453 1253 2479 in
1272 2452 1402 2487 principia
1420 2452 1466 2487 (ait
1483 2452 1604 2479 Achilles
1630 2452 1726 2479 Tatius

944 2505 1006 2532 cap.
1023 2497 1128 2532 XXlV),
1142 2499 1188 2525 alii
1204 2498 1231 2525 in
1247 2502 1356 2525 octavas
1372 2501 1473 2532 partes,
1488 2498 1534 2524 alii
1553 2498 1580 2524 in
1596 2497 1726 2525 duodeci-

945 2550 1015 2574 mas,
1029 2543 1072 2569 alii
1086 2543 1112 2570 in
1126 2544 1237 2578 quintas
1255 2543 1375 2571 decimas
1388 2563 1395 2576 ,
1416 2543 1467 2570 hoc
1483 2547 1524 2571 est
1540 2543 1628 2571 inedia
1646 2543 1674 2571 iu
1689 2544 1728 2572 si-

945 2596 998 2623 gna
1013 2588 1200 2616 conferebant.

983 2633 1121 2660 Eudoxum
1140 2635 1360 2662 mathematicum
1376 2635 1520 2670 insignem,
1540 2634 1587 2669 qui
1610 2633 1727 2662 Metonis

946 2682 1024 2705 aetate
1040 2678 1124 2709 vixit,
1147 2679 1274 2707 cardines
1297 2681 1371 2715 ipsos
1397 2680 1424 2707 in
1446 2679 1542 2706 mediis
1568 2679 1655 2715 signis
1682 2687 1728 2715 po-

946 2724 1036 2752 saisse
1062 2729 1190 2751 accurate
1213 2726 1310 2757 probat
1336 2726 1505 2762 Hipparchus
1528 2726 1575 2753 lib.
1607 2725 1629 2752 ll
1652 2727 1726 2761 (pag.

947 2769 1020 2805 £20),
1034 2769 1123 2796 allatis
1137 2769 1281 2804 ipsiusmet
1303 2770 1407 2798 Eudoxi
1423 2771 1512 2799 verbis
1526 2780 1532 2798 :
1548 2778 1608 2805 qua:
1625 2771 1648 2798 si
1665 2772 1728 2805 quis

946 2816 1098 2851 expendere
1121 2815 1264 2842 nobiscum
1280 2815 1363 2849 velit,
1383 2817 1455 2843 haud
1475 2816 1555 2844 lacilc
1573 2816 1728 2851 Hipparcho

947 2862 979 2890 de
994 2861 1096 2889 Eudoxi
1108 2859 1235 2896 opinione
1252 2861 1298 2887 illa
1316 2863 1477 2890 consentiet.
1492 2862 1558 2895 Nam
1572 2862 1650 2894 longe
1665 2862 1728 2891 alia.
