1900 3137
196 159 265 187 (ΞΠ

707 158 752 186 AD
770 156 901 187 EUSEBII
918 156 1114 187 CHRONICON
1129 156 1308 187 APPENDIX.

1758 156 1829 186 ιειε

195 225 278 252 quam
295 217 399 252 putavit
408 217 588 253 Hipparchus,
603 217 787 253 mihiquidem
799 218 826 245 in
841 218 895 246 illis
910 218 977 246 locis
992 223 1014 250 Α
1031 227 1040 243 ι
1061 217 1131 244 Sunt
1150 221 1238 246 autem
1259 219 1285 245 in
1306 219 1364 253 ipso
1383 217 1470 246 media
1487 219 1653 253 Capricorni
1669 238 1677 249 .
1694 223 1724 245 et
1744 218 1829 252 pedes

195 263 265 290 velle
277 262 407 290 Eudoxus
421 264 536 293 videtur.

232 307 319 336 Verba
336 306 445 336 .Eudoxi
459 319 466 336 :
483 310 613 346 Δεύτερος
638 309 666 337 δέ
697 312 754 337 ἐστι
771 308 886 341 κύκλος.
905 311 935 336 ὲν
957 306 979 344 ᾧ

197 353 301 390 θεριναὶ
330 354 428 389 τροπαὶ
457 354 585 389 γίνονται.
612 356 688 382 Ἔστι
716 356 744 382 δὲ
774 357 803 382 ἐν
831 355 918 391 τούτῳ
946 357 980 382 τὰ

199 399 268 434 μέσα
280 399 327 426 τοῦ
343 400 490 436 Καρκίνου.
511 409 519 426 ι
539 400 682 428 Secundus
699 408 764 429 vero
781 402 902 428 circulus
916 405 978 433 est,

197 445 224 471 in
238 453 292 479 quo
304 449 347 472 est
364 446 510 472 solstitium
525 447 659 473 aestivum.
687 446 715 473 In
736 455 769 474 co
786 454 867 482 porro
880 447 979 474 Cancui

196 489 283 516 media
298 494 371 517 sunt.
393 500 401 516 ι
423 491 500 522 ltent,
514 491 610 526 Τρίτος
625 491 654 518 δέ
669 492 726 518 ἐστι
742 491 852 523 κύκλος,
868 492 896 518 ὲν
911 488 932 525 ᾧ
951 492 979 518 αἱ

197 533 336 569 ισημερίαι
353 534 482 568 γίνονται.
503 535 580 561 Ἔστι
610 535 638 561 δὲ
664 536 692 561 ἐν
717 535 803 570 τούτῳ
823 536 857 561 τά
882 543 910 561 τε
933 534 980 562 τοῦ

195 578 282 614 Κριοῦ
297 579 367 615 μέσα
377 581 468 606 καὶτὰ
482 580 536 607 τῶν
552 581 658 616 Χηλῶν.
674 581 808 616 Τέταρτος
822 580 860 611 δὲ,
875 582 903 607 έν
952 582 980 607 αι

196 626 347 661 χειμεριναὶ
369 628 468 662 τροπαὶ
490 626 619 660 γίνονται.
643 627 720 653 Ἔστι
743 627 772 653 δὲ
792 629 820 654 ὲν
838 627 924 661 τούτῳ
946 628 981 654 τὰ

197 669 267 705 μέσα
283 670 329 697 τοῦ
347 671 497 707 Δίγόκερω.
532 682 539 696 ι
559 671 668 700 Tertius
680 680 743 700 vero
759 673 879 700 circulus
889 677 941 703 est,
953 674 981 699 in

195 723 251 750 quo
273 716 341 743 ﬁunt
372 717 552 752 aequinoctia;
577 718 604 744 in
630 725 664 745 eo
687 718 774 745 media
798 722 860 746 sunt
880 718 981 746 Arietis

195 765 222 789 et
236 761 391 789 Chelarum.
408 763 528 795 Quartus
543 767 644 794 autem,
660 763 686 790 in
703 771 756 798 quo
774 763 923 791 solstitium
938 767 981 790 est

196 807 351 835 hibernum.
365 808 394 835 In
411 816 443 836 eo
456 816 519 836 vero
531 812 596 836 sunt
609 808 697 835 inedia
711 807 867 844 Capriconi.
888 818 897 834 ›
912 808 981 835 Rur-

196 860 244 880 sus
254 853 371 889 idipsum
387 859 414 881 et
432 855 486 881 alio
502 854 605 881 Eudoxi
627 854 784 881 testimonio
795 853 979 882 demonstrari

195 900 234 926 ait
246 901 387 934 apertius;
406 900 433 927 in
459 909 514 935 quo
540 901 574 928 de
596 901 704 928 Coluris
729 908 830 935 agens,
864 901 978 927 alterum
996 889 1017 918 Β

196 945 293 972 scribit
309 945 452 972 continere
465 945 496 972 τὸ
512 945 593 980 μέσον
607 944 652 971 τοῦ
669 945 817 980 Καρκίνου,
835 953 844 969 ι
861 944 979 971 medium

195 990 306 1020 Cancri.
318 990 386 1017 ειτὸ
403 990 483 1026 μέσον
500 991 547 1017 τοῦ
576 990 732 1025 Αἰγόκερω,
750 1000 759 1015 ι
789 989 905 1017 tnedium
929 989 981 1016 Ca-

196 1035 333 1070 pricorni,
348 1045 357 1061 ›
374 1035 489 1062 alterum
506 1043 580 1067 vero,
597 1035 742 1062 Chelarum
758 1038 786 1062 et
799 1035 899 1062 Arietis
929 1043 982 1062 ine-

194 1081 250 1108 dia.
267 1080 330 1107 Haec
341 1081 421 1108 unica
434 1084 497 1108 sunt
517 1081 549 1108 de
576 1081 688 1108 Eudoxo
700 1080 876 1115 llipparcheae
890 1081 981 1116 suspi-

195 1127 283 1154 cionis
297 1130 456 1161 argumenta
472 1146 479 1158 ,
512 1134 572 1161 quae
594 1134 647 1153 non
667 1126 745 1153 valde
772 1126 838 1152 milii
867 1134 981 1161 persua-

195 1171 276 1204 dent;
296 1172 350 1199 imo
364 1171 533 1199 contrarium
560 1172 652 1206 potius
665 1171 698 1198 iis
709 1179 742 1198 ex
757 1171 836 1203 locis,
853 1175 934 1206 atque
947 1179 980 1198 ex

194 1216 312 1252 Ipsomet
326 1217 479 1253 Hipparcho
497 1217 613 1252 probare
626 1225 706 1252 posse
723 1217 827 1244 videor.

231 1262 276 1290 Sic
289 1263 369 1297 igitur
385 1263 513 1290 existimo
527 1273 534 1290 ε
552 1271 607 1290 non
622 1263 656 1290 de
670 1262 757 1297 signis
770 1262 848 1297 ipsis,
862 1262 920 1290 sive
931 1262 979 1289 do-

194 1308 385 1337 decatemoriis
410 1309 437 1336 in
465 1309 595 1342 zodiaca.
621 1310 663 1337 vel
686 1309 872 1344 aequinoctiali
899 1310 980 1344 primi

194 1354 258 1381 θαιίὶ
273 1354 419 1389 descriptis
434 1354 489 1381 illic
504 1354 645 1382 Eudoxum
657 1362 753 1389 agere;
774 1354 823 1382 sed
839 1355 872 1381 de
889 1355 981 1382 stella-

194 1400 231 1428 tis
245 1400 408 1435 imaginibus
430 1404 456 1428 ct
468 1401 620 1428 asterismis
633 1410 639 1428 :
655 1408 723 1436 quos
735 1401 843 1428 tametsi
854 1402 880 1428 in
891 1401 980 1436 primo

195 1446 288 1474 mobili
311 1449 377 1474 aetas
401 1446 504 1474 Eudoxi
518 1446 681 1474 collocavit:
704 1446 776 1481 quod
804 1451 860 1473 tum
887 1446 979 1474 nullus

194 1491 342 1526 peculiaris
358 1490 481 1518 stcllit‘eri
498 1491 561 1518 cmli
575 1491 649 1519 orbis
667 1495 758 1519 motus
775 1492 809 1518 ab
827 1491 979 1519 artiﬁcibus

194 1540 305 1563 notatus
329 1540 418 1569 esset;
436 1540 466 1563 ut
490 1543 505 1562 a
520 1543 648 1571 supremo
662 1537 729 1563 orbe
744 1536 876 1571 distingui
891 1544 977 1563 mere-

195 1585 285 1612 retur,
301 1585 330 1608 ut
344 1589 376 1608 ex
393 1581 538 1609 Aristotele
548 1587 657 1609 constat
672 1582 719 1609 lib.
734 1581 756 1609 ll
772 1581 811 1609 De
827 1582 902 1613 caelo,
917 1589 978 1617 cap.

195 1625 253 1654 XII.
269 1626 371 1654 Tamen
382 1634 444 1654 curn
459 1627 583 1662 ejusdem
599 1627 694 1662 primm
708 1627 820 1662 spliserae
836 1628 980 1655 dodeeate-

195 1672 291 1699 moriis
314 1672 425 1699 minime
450 1673 525 1707 paria
541 1672 629 1700 facere
648 1672 846 1705 credebantur,
863 1672 911 1700 sed
924 1673 981 1700 dis-

196 1718 280 1745 tincta
308 1722 387 1745 erant
411 1717 526 1745 invicem
540 1738 548 1750 ,
573 1722 601 1745 ut
619 1718 689 1746 alius
708 1722 781 1746 esset
808 1718 907 1751 Aries,
928 1718 980 1746 hoc

193 1768 237 1792 est
249 1763 336 1799 imago
352 1765 423 1799 picta
439 1764 527 1791 stellis
560 1763 680 1796 Arietis;
699 1763 772 1791 aliud
788 1764 906 1800 signum,
923 1764 980 1792 sive

194 1813 364 1845 segmentum
380 1810 502 1843 Arietis;
519 1815 566 1837 aut
590 1810 754 1838 duodecima
772 1819 848 1845 pars,
864 1819 919 1838 non
935 1819 981 1839 so-

195 1855 250 1883 lum
264 1855 378 1888 zodiaci,
391 1855 438 1883 sed
456 1856 541 1882 multo
552 1856 637 1891 magis
647 1856 851 1891 aequinoctialis
862 1857 958 1884 circuli
972 1866 980 1890 ;

195 1901 222 1928 in
238 1908 292 1936 quo
304 1902 390 1936 prius,
403 1909 483 1936 quam
502 1901 528 1928 in
545 1901 602 1934 illo,
619 1901 762 1929 duodecim
776 1902 855 1937 signa
879 1904 982 1931 consti-

193 1950 252 1974 tuta
265 1950 338 1974 sunt.
350 1946 408 1979 Qua
422 1947 456 1974 de
471 1954 500 1973 re
524 1947 606 1982 paulo
620 1952 681 1981 post
693 1952 799 1982 agetur.
817 1947 906 1976 Doceo
925 1950 982 1984 pri—

195 1999 268 2020 mum
284 1992 425 2019 Eudoxum
442 1993 496 2019 illis
511 1993 641 2020 omnibus
662 1994 689 2020 iu
706 1994 792 2026 locis,
816 2001 877 2028 quae
892 1995 980 2021 media

194 2041 273 2066 vocat
288 2038 397 2070 Arietis,
412 2037 521 2070 Cancri,
536 2037 627 2065 Libras
644 2043 671 2065 et
685 2038 862 2074 Capricorni,
890 2040 981 2067 stella-

195 2088 283 2111 tarum
298 2084 445 2120 imaginum
462 2088 489 2111 et
502 2085 710 2113 asterismorum
729 2084 817 2112 media
829 2085 980 2112 nominare.

194 2129 252 2158 Hoc
266 2138 330 2158 vero
344 2139 398 2158 non
416 2131 537 2163 aliunde,
555 2139 638 2166 quam
668 2139 703 2158 ex
731 2131 855 2166 ipsismet
870 2130 981 2158 Eudoxo

194 2180 220 2202 et
236 2175 391 2210 Hipparcho
412 2175 608 2204 declarabitur.

1029 263 1162 297 Aquarii,
1178 268 1205 290 et
1229 264 1314 290 cauda
1337 263 1414 295 Ceti,
1440 268 1466 290 et
1481 262 1568 291 Fluvii
1590 265 1692 290 ﬂexus.
1714 273 1725 289 ι
1744 263 1826 290 Addit

1030 308 1172 344 Leporem,
1185 313 1212 336 et
1228 309 1310 336 Cattis
1326 309 1419 343 pedes,
1434 313 1461 336 et
1475 314 1585 339 cmtera,
1602 309 1695 336 donec
1715 316 1770 343 per
1780 307 1824 335 Sa

1030 355 1167 390 gittarium
1189 355 1223 382 ad
1247 355 1341 382 eadem
1365 354 1523 390 Capricorni
1549 354 1640 382 media
1668 354 1828 389 perveniat.

1030 400 1175 436 Propterea
1206 401 1277 427 libro
1294 400 1388 428 eodem
1401 418 1410 433 ,
1438 407 1515 428 num.
1534 399 1618 433 XXII,
1632 407 1667 427 ac
1680 400 1828 435 deinceps.

1030 445 1202 481 Hipparchus
1228 447 1348 480 tropicos
1385 446 1455 473 duos
1481 451 1508 474 et
1539 446 1771 480 aequinoctialem
1797 454 1827 472 ex

1031 491 1136 518 Eudoxi
1154 493 1287 520 sententia
1316 492 1463 523 describit,
1483 499 1515 519 ac
1531 492 1661 519 caelestes
1688 491 1827 524 imagines

1032 541 1166 568 recenset,
1184 545 1232 572 per
1252 545 1321 572 quas
1337 537 1375 564 illi
1397 541 1547 565 transeunt.
1574 536 1659 564 Velut
1683 537 1827 570 tropicuin

1030 583 1155 610 :estivum
1172 591 1219 618 per
1232 582 1329 610 Caneri
1343 590 1374 610 ac
1388 582 1488 610 Leonis
1501 583 1589 610 media
1606 583 1719 617 trajici,
1740 583 1826 617 aequi-

1031 629 1174 656 noctialem
1189 636 1237 663 per
1252 628 1351 655 Arietis
1367 627 1474 659 media,
1497 627 1702 662 Chelarumque
1721 632 1825 662 partem

1031 675 1139 701 asserit.
1156 673 1194 700 Ex
1208 674 1310 709 quibu:
1333 674 1507 708 perspicuum
1521 677 1563 700 est
1578 672 1733 700 Eudoxum
1758 679 1826 700 aste-

1031 720 1129 747 rismos
1157 719 1325 747 intellexisse
1352 726 1384 746 ac
1409 718 1510 753 ﬁguras
1529 719 1671 746 cmlesles.
1691 717 1731 745 Ut
1756 719 1824 744 enim

1030 772 1092 792 cum
1105 765 1239 799 tropicum
1258 765 1383 791 aestivum
1400 765 1438 791 ait
1453 772 1501 799 pcr
1513 764 1631 791 Leonem
1645 764 1774 791 medium
1787 771 1825 790 5e-

1030 810 1149 837 cundum
1166 810 1362 845 longitudinem
1387 811 1523 843 transire,
1553 817 1657 844 perque
1680 811 1826 837 constella-

1031 857 1120 883 tiones
1130 861 1259 889 caeteras;
1282 856 1400 891 itemque
1416 857 1549 891 tropicuni
1564 856 1695 884 aestivum
1709 864 1763 891 per
1780 856 1824 883 Sa-

1030 901 1180 937 gittarium,
1192 901 1299 933 Cetum,
1312 898 1448 933 Flavium,
1464 907 1516 930 etc.
1531 911 1537 928 :
1557 910 1612 929 non
1629 902 1825 930 dodecatemo-

1030 948 1070 974 ria
1085 948 1179 975 circuli
1194 948 1287 979 ullius,
1299 948 1346 976 sed
1363 948 1486 976 stellatus
1500 948 1600 983 effigies
1616 948 1752 983 designat
1765 958 1772 976 :
1793 950 1824 976 ita

1029 1001 1092 1020 cum
1111 1001 1158 1028 per
1176 993 1327 1026 Cancrum,
1340 994 1547 1029 Caprieomum,
1562 995 1686 1022 Arietein
1707 999 1738 1022 et
1753 995 1823 1023 Clieo

1030 1039 1070 1066 las
1086 1039 1196 1067 eosdem
1218 1036 1308 1067 meare
1323 1039 1442 1067 circulos
1466 1040 1552 1071 dicit,
1568 1049 1624 1067 non
1650 1042 1733 1075 signa
1750 1042 1818 1076 ipsa.

1030 1086 1087 1113 sive
1102 1085 1321 1113 dodecatemoria
1333 1105 1341 1117 ,
1367 1086 1413 1113 sed
1437 1086 1598 1113 asterismos
1613 1087 1757 1122 intelligit.
1774 1087 1825 1114 Sed

1030 1138 1138 1158 omnem
1159 1131 1408 1166 tergiversationem
1441 1132 1585 1159 submovet
1604 1132 1740 1160 Eudoxus
1757 1133 1822 1168 ipse,

1030 1176 1093 1203 dum
1102 1176 1147 1203 illa
1157 1176 1213 1211 ipsa
1227 1184 1274 1211 per
1283 1184 1343 1211 quae
1359 1178 1476 1204 transire
1490 1177 1608 1204 circulos
1618 1178 1667 1209 ait.
1677 1178 1769 1213 ἄστρα
1778 1186 1823 1204 uo-

1030 1221 1125 1253 minat,
1136 1228 1197 1255 quin
1210 1221 1277 1247 nihil
1289 1221 1361 1248 aliud
1373 1229 1454 1255 quant
1465 1222 1626 1248 asterismos
1639 1226 1667 1248 et
1686 1223 1819 1257 imagines

1030 1268 1318 1303 signilleant.Acbilles
1328 1269 1422 1297 Tatius
1433 1270 1459 1296 in
1473 1268 1667 1301 Phanomem‘s,
1677 1277 1741 1304 cap.
1754 1270 1820 1302 XIV,

1030 1314 1127 1349 ἄστρον
1141 1315 1169 1341 δὲ
1177 1315 1207 1340 τὸ
1216 1316 1247 1341 ὲκ
1258 1315 1361 1341 πολλῶν
1372 1315 1493 1351 ἀστέρων
1511 1315 1649 1350 σύστημα,
1669 1325 1679 1341 ι
1698 1320 1818 1352 system:

1029 1360 1146 1395 plurium
1162 1361 1314 1394 stellarum,
1335 1371 1343 1387 ι
1359 1366 1462 1389 astrum
1482 1368 1544 1388 esse
1561 1362 1629 1387 vult.
1648 1360 1736 1396 quue
1750 1363 1822 1389 Arati

1029 1407 1186 1433 testimonio
1197 1407 1349 1433 continuat.
1365 1408 1399 1433 At
1410 1406 1547 1439 Eudoxus,
1560 1407 1721 1442 llipparcho
1735 1411 1813 1438 teste,

1029 1452 1062 1479 de
1076 1452 1178 1478 coluris
1196 1453 1319 1486 loquens,
1338 1453 1415 1478 Ἔστι
1442 1450 1481 1483 at.
1508 1453 1556 1485 ait,
1575 1454 1603 1480 ὲν
1614 1453 1723 1484 τούτοις
1739 1453 1823 1489 ἄστρι

1028 1498 1108 1525 τάδε*
1130 1500 1154 1525 α’
1168 1499 1181 1524 ὁ
1198 1498 1278 1529 πόλος
1298 1499 1312 1524 ὁ
1334 1498 1377 1524 ἀεὶ
1402 1499 1517 1533 φανερὸς
1542 1499 1589 1525 τοῦ
1616 1499 1724 1534 κόσμου
1738 1505 1746 1513 ·
1765 1496 1822 1525 εἶτα

1029 1543 1060 1570 τδ
1080 1544 1161 1579 μέσον
1185 1544 1234 1579 τῆς
1248 1545 1365 1579 Ἄρκτου
1387 1544 1456 1571 κατὰ
1470 1544 1572 1576 πλάτος
1581 1551 1587 1559 ⁸
1598 1545 1646 1571 καὶ
1660 1544 1710 1571 τοῦ
1722 1545 1822 1580 Καρῑίι

1031 1597 1077 1616 νου
1091 1588 1122 1616 τὸ
1143 1589 1235 1624 μέσον.
1253 1598 1262 1613 ‹
1286 1589 1356 1615 Sunt
1370 1593 1459 1616 autem
1476 1589 1502 1615 in
1523 1589 1557 1616 iis
1574 1589 1630 1616 haec
1651 1594 1728 1617 astra
1743 1600 1750 1617 :
1769 1591 1823 1625 pri-

1034 1643 1109 1662 mum
1126 1642 1233 1670 semper
1249 1642 1384 1669 apparens
1404 1635 1483 1669 polus
1504 1636 1610 1663 mundi.
1637 1635 1743 1664 Deinde
1768 1644 1822 1663 msh

1031 1680 1105 1708 dium
1126 1679 1202 1708 Ursae
1216 1681 1244 1707 in
1266 1680 1478 1715 longitudinem;
1494 1685 1522 1708 ct
1534 1681 1632 1709 Cancri
1658 1682 1791 1713 medium,
1811 1691 1821 1707 ι

1031 1733 1063 1753 ac
1072 1725 1188 1753 subinde
1198 1725 1311 1752 caudam
1331 1717 1396 1753 notii
1412 1725 1511 1758 Piscis,
1527 1732 1554 1753 et
1579 1727 1700 1754 medium
1729 1727 1821 1762 Capri-

1031 1772 1105 1799 corni
1120 1770 1224 1805 adjicit.
1240 1769 1301 1798 Hac
1314 1770 1346 1798 de
1362 1771 1456 1798 coluro
1468 1771 1665 1799 solstitiorum.
1682 1771 1722 1799 De
1737 1773 1821 1799 altero

1031 1817 1145 1851 loquens
1160 1815 1266 1847 scribit,
1285 1816 1310 1842 in
1327 1823 1360 1843 eo
1376 1815 1510 1843 contineri
1536 1817 1608 1843 inter
1630 1816 1701 1843 alios
1725 1817 1812 1843 asteri.

1032 1871 1115 1895 smus,
1135 1862 1170 1888 τὰ
1188 1862 1257 1897 μέσα
1280 1862 1334 1888 τῶν
1356 1862 1453 1897 Χηλῶν
1478 1861 1548 1889 κατὰ
1567 1862 1678 1894 πλάτος,
1703 1862 1751 1888 καὶ
1774 1861 1819 1889 τοῦ

1031 1908 1116 1944 Κριοῦ
1133 1908 1168 1934 τὰ
1179 1908 1251 1934 νῶτα
1270 1908 1341 1935 κατὰ
1354 1908 1470 1939 πλάτος⁴
1490 1917 1499 1933 ‹
1519 1907 1606 1935 media
1623 1907 1772 1935 Chelarum
1793 1909 1819 1935 in

1033 1955 1128 1986 latum,
1143 1958 1170 1981 et
1185 1954 1286 1981 Arietis
1298 1959 1371 1989 terga
1386 1954 1479 1982 itidem
1496 1954 1522 1980 in
1539 1954 1636 1980 latum.
1658 1963 1667 1980 ι
1681 1953 1754 1986 Quid
1767 1954 1818 1980 dici

1031 2001 1133 2027 clarius
1148 2004 1252 2035 potest,
1279 2003 1309 2026 ut
1332 2005 1460 2035 appareat
1475 1999 1634 2030 Eudoxum,
1652 2007 1715 2027 cum
1733 2000 1818 2026 media

1031 2042 1175 2070 Chelarum
1186 2063 1193 2075 ,
1215 2042 1332 2074 Arietis,
1353 2050 1384 2069 ac
1400 2048 1561 2069 cmtcrorum
1579 2042 1708 2076 appellat,
1725 2042 1818 2076 imagi-

1032 2097 1080 2116 nes
1109 2089 1182 2124 ipsas
1210 2089 1379 2124 exprimere?
1404 2089 1469 2115 Nam
1497 2088 1531 2114 τὰ
1553 2088 1635 2120 νῶτα,
1650 2096 1659 2112 ι
1682 2092 1776 2122 terga.
1794 2093 1819 2115 ct

1032 2133 1157 2164 latitudo,
1178 2143 1186 2160 ι
1202 2134 1311 2161 nonnisi
1327 2134 1360 2161 de
1371 2133 1464 2168 ﬁguris
1480 2134 1608 2168 usurpari
1623 2136 1747 2167 possunt.
1767 2132 1819 2159 Me-

1033 2180 1077 2207 dia
1092 2181 1192 2215 quippe
1211 2180 1349 2216 signorum
1360 2180 1416 2207 sive
1424 2179 1774 2214 dodecatemoriorum,pcr
1791 2186 1819 2206 se

230 2220 385 2249 Etenimilla
397 2221 501 2249 Eudoxi
521 2223 613 2256 verba,
623 2230 656 2250 ex
664 2223 764 2258 quibus
773 2227 980 2258 argumentatus
997 2226 1017 2253 ι)
1031 2226 1211 2261 ἀναστέριστα
1224 2230 1304 2260 sunt;
1318 2233 1404 2261 neque
1423 2235 1432 2250 ι
1453 2229 1527 2260 terga
1541 2235 1549 2250 ι
1561 2225 1690 2252 dicuntur
1706 2225 1816 2257 habere,

194 2270 236 2293 est
250 2265 431 2301 Hipparchus,
448 2268 542 2296 eadem
567 2269 630 2296 aliis
645 2269 671 2296 iu
691 2269 775 2301 locis,
796 2269 843 2297 sed
859 2270 980 2304 pleniora

196 2313 369 2347 perscripsit;
381 2321 443 2340 cum
458 2314 491 2341 de
511 2315 648 2349 parallelis
661 2315 695 2342 ab
709 2314 821 2342 Eudoxo
832 2315 979 2351 descriptis

195 2357 307 2385 circulis
323 2366 474 2386 sermonem
487 2360 616 2388 instituit.
629 2360 709 2388 Velut
723 2361 792 2388 libro
806 2360 826 2392 l,
845 2369 920 2388 num.
935 2361 980 2393 Ill,

195 2403 229 2430 de
245 2403 351 2439 tropico
365 2403 470 2431 circulo
486 2414 492 2432 :
516 2406 594 2431 Ἐστι
609 2406 637 2432 δὲ
652 2407 681 2433 ὲν
700 2407 788 2442 τούτῳ
800 2407 835 2433 τὰ
849 2408 920 2442 μέσα
934 2406 980 2434 τοῦ

196 2448 331 2484 Καρκίνου
342 2469 349 2481 ,
369 2448 415 2475 καὶ
428 2448 462 2474 τὰ
480 2449 524 2475 διὰ
540 2449 586 2475 τοῦ
607 2449 732 2485 σώματος
748 2451 818 2478 χατὰ
831 2454 917 2487 μῆκος
933 2452 980 2479 τοῦ

195 2495 319 2528 Λέοντος,
334 2499 387 2523 etc.
400 2504 408 2520 ι
422 2494 492 2522 Sunt
503 2499 592 2522 autem
609 2497 635 2522 in
653 2497 699 2523 illo
717 2497 816 2525 Cancri
832 2499 920 2526 media
931 2518 938 2531 ,
954 2503 981 2525 et

195 2549 256 2577 qua:
280 2549 328 2577 per
355 2549 456 2576 corpus
476 2540 576 2568 Leonis
600 2543 750 2570 secundum
784 2545 980 2580 longitudinem

196 2591 347 2614 transeunt.
377 2596 386 2612 I
412 2586 529 2621 Subjicit
546 2588 643 2622 anguis
674 2587 810 2622 Ophiucbi
828 2589 980 2621 cervicem;

196 2633 317 2661 dextram
326 2641 435 2661 manum
445 2633 597 2669 lngeniculi
610 2643 617 2667 ;
633 2638 660 2661 et
673 2635 725 2661 alia
735 2635 835 2667 sidera,
851 2644 911 2670 qua:
925 2636 980 2662 cir‘

196 2679 275 2705 culus
283 2674 334 2707 iste
344 2679 475 2714 pervadit.
483 2678 550 2706 Εἶτα
561 2678 712 2715 συμπίπτει
728 2681 797 2716 πρὸς
806 2681 840 2707 τὰ
850 2682 919 2716 μέσα
933 2681 980 2708 τοῦ

196 2723 342 2759 Καρκίνου.
361 2734 370 2749 ‹
387 2723 499 2751 Demum
510 2724 538 2751 in
549 2725 643 2751 eadem
654 2724 751 2752 Cancri
761 2726 848 2752 media
863 2726 979 2753 revolvi-

196 2770 250 2793 tur.
266 2777 275 2792 »
286 2767 323 2795 De
336 2768 449 2795 hiberno
460 2776 568 2804 quoque
576 2769 808 2803 tropico,'Ecr:t6t
819 2771 847 2796 ὲν
861 2770 935 2806 αὐτῴ
947 2772 980 2797 τὰ

199 2812 268 2846 μέσα
279 2813 326 2840 τοῦ
336 2815 485 2851 Δίγόκερω,
500 2816 547 2842 καὶ
560 2817 583 2843 οἱ
594 2816 673 2848 πόδες
688 2817 734 2844 τοῦ
756 2816 899 2854 Ὑδροχόου
909 2838 916 2849 ,
934 2819 981 2845 καὶ

197 2857 244 2883 τοῦ
257 2859 388 2895 Κήτουςὴ
402 2861 479 2897 οὐρὰ,
495 2863 542 2888 καὶ
558 2862 604 2889 τοῦ
624 2864 748 2899 Ποτειμοῦ
766 2865 783 2900 ὴ
801 2865 911 2900 καμπή,
923 2868 978 2892 etc.

1033 2279 1122 2306 neque
1139 2272 1327 2305 latitudinem;
1345 2271 1392 2299 sed
1404 2271 1460 2298 sola
1476 2271 1644 2306 longitudine
1661 2274 1818 2297 censentur.

1067 2316 1137 2350 Quid
1153 2317 1225 2352 quod
1239 2317 1410 2352 Hipparchus
1424 2317 1482 2352 ipse
1494 2317 1541 2344 lib.
1554 2316 1574 2348 1,
1597 2320 1672 2344 n‘um.
1696 2315 1741 2346 Ill.
1767 2315 1819 2342 Eu-

1032 2363 1094 2390 doxi
1109 2364 1266 2391 testimonia
1283 2364 1429 2394 citaturus,
1447 2367 1521 2389 astra
1534 2363 1579 2389 illa
1594 2367 1682 2392 vocat.
1699 2366 1727 2389 et
1741 2361 1820 2389 dis-:1-

1034 2415 1094 2442 ρας.
1107 2415 1168 2434 cum
1184 2407 1298 2434 Aratum
1321 2408 1359 2434 ait
1376 2407 1480 2434 Eudoxi
1506 2407 1658 2434 imitatione
1679 2406 1713 2433 τὰ
1734 2407 1819 2442 ἄστρα

1032 2454 1073 2479 sic
1089 2453 1265 2485 distribuere,
1281 2456 1312 2479 ut
1325 2459 1340 2479 a
1357 2452 1557 2479 borcalioribus
1572 2452 1729 2487 inciperet?
1741 2451 1817 2479 Mox:

1032 2499 1100 2533 Περὶ
1121 2498 1149 2524 δὲ
1171 2498 1226 2524 τῶν
1250 2498 1372 2534 ἀστέρων
1393 2497 1448 2524 τῶν
1462 2498 1508 2524 ἐπὶ
1523 2498 1570 2524 τοῦ
1585 2497 1692 2534 Θερινοῦ
1705 2499 1751 2524 καὶ
1766 2507 1819 2533 χει·

1034 2544 1141 2580 μερινοῦ
1152 2543 1281 2580 τροπικοῦ
1294 2544 1459 2580 φερομένων,
1478 2544 1517 2570 ἐτι
1541 2544 1568 2570 δὲ
1587 2544 1634 2570 τοῦ
1651 2544 1818 2579 ἱσημερινοῦ,

1031 2593 1045 2618 ὁ
1065 2592 1113 2626 μὲν
1130 2590 1241 2622 Εὒδοξός
1257 2599 1343 2626 φησιν
1360 2591 1406 2617 ἐπὶ
1426 2590 1472 2617 τοῦ
1495 2590 1602 2625 Θερινοῦ
1623 2590 1726 2622 οὕτως’
1745 2592 1819 2618 Ἔστι

1031 2637 1059 2663 δὲ
1068 2638 1096 2663 ὲν
1107 2635 1237 2671 τούτῳτὰ
1253 2635 1322 2670 μέσα
1333 2635 1380 2662 τοῦ
1395 2636 1544 2670 Καρκίνου.
1562 2645 1572 2660 ι
1590 2634 1627 2662 De
1642 2636 1730 2663 stellis
1745 2643 1817 2663 vero.

1032 2691 1092 2718 qua:
1105 2683 1131 2709 in
1148 2683 1243 2709 mstivo
1259 2681 1366 2716 tropico
1386 2681 1522 2713 feruntur,
1546 2689 1654 2709 necnon
1671 2682 1698 2708 in
1715 2683 1816 2709 circulo

1032 2728 1226 2763 :cquinoctiali,
1238 2727 1368 2754 Eudoxus
1390 2727 1498 2762 quidem
1515 2727 1548 2754 de
1562 2728 1658 2755 aestivo
1675 2728 1712 2754 ita
1734 2729 1818 2762 loqui-

1033 2778 1097 2800 tur:
1117 2772 1186 2800 Sunt
1207 2776 1297 2800 autem
1315 2774 1343 2800 in
1369 2773 1420 2801 hoc
1442 2773 1530 2800 media
1554 2773 1666 2801 Cancri.
1683 2783 1693 2799 ι
1722 2774 1816 2800 Eodem

1033 2826 1130 2853 genere
1144 2819 1279 2846 sermonis
1299 2819 1386 2846 utitur
1402 2819 1429 2846 in
1446 2820 1560 2846 hiberno
1574 2820 1686 2855 tropico
1697 2825 1724 2848 et
1739 2821 1818 2855 :eqni-

1036 2865 1157 2892 nortiali.
1171 2865 1288 2892 Proinde
1304 2866 1451 2894 asterimos
1464 2869 1490 2893 et
1504 2865 1628 2894 stellatas
1643 2866 1759 2898 formas,
1768 2873 1818 2894 non
