  <div class='ocr_page' id='page_1' title='image "/cluster/home/n/w/nwhite01/storage/ocr_20150623/19/njp.32101077772463/752.png"; bbox 0 0 1900 3137; ppageno 0'>
   <div class='ocr_carea' id='block_1_1' title="bbox 74 150 153 178">
    <p class='ocr_par' dir='ltr' id='par_1_1' title="bbox 74 150 153 178">
     <span class='ocr_line' id='line_1_1' title="bbox 74 150 153 178; baseline 0.013 -1"><span class='ocrx_word' id='word_1_1' title='bbox 74 150 153 178; x_wconf 69' lang='grc'><strong>1349</strong></span> 
     </span>
    </p>
   </div>
   <div class='ocr_carea' id='block_1_2' title="bbox 490 149 1276 180">
    <p class='ocr_par' dir='ltr' id='par_1_2' title="bbox 490 149 1276 180">
     <span class='ocr_line' id='line_1_2' title="bbox 490 149 1276 180; baseline -0.001 -2"><span class='ocrx_word' id='word_1_2' title='bbox 490 151 718 180; x_wconf 80' lang='lat' dir='ltr'><strong>DlSSERTATlO</strong></span> <span class='ocrx_word' id='word_1_3' title='bbox 738 151 781 178; x_wconf 90' lang='lat' dir='ltr'><strong>DE</strong></span> <span class='ocrx_word' id='word_1_4' title='bbox 799 149 893 178; x_wconf 83' lang='lat' dir='ltr'><strong>ORTU</strong></span> <span class='ocrx_word' id='word_1_5' title='bbox 909 149 953 177; x_wconf 87' lang='lat' dir='ltr'><strong>ET</strong></span> <span class='ocrx_word' id='word_1_6' title='bbox 971 149 1104 178; x_wconf 89' lang='lat' dir='ltr'><strong>OCCASU</strong></span> <span class='ocrx_word' id='word_1_7' title='bbox 1127 149 1276 178; x_wconf 81' lang='lat' dir='ltr'><strong>SIDERUM</strong></span> 
     </span>
    </p>
   </div>
   <div class='ocr_carea' id='block_1_3' title="bbox 1634 149 1703 177">
    <p class='ocr_par' dir='ltr' id='par_1_3' title="bbox 1634 149 1703 177">
     <span class='ocr_line' id='line_1_3' title="bbox 1634 149 1703 177; baseline 0 -1"><span class='ocrx_word' id='word_1_8' title='bbox 1634 149 1703 177; x_wconf 69' lang='lat'><strong>{350</strong></span> 
     </span>
    </p>
   </div>
   <div class='ocr_carea' id='block_1_4' title="bbox 73 208 1704 246">
    <p class='ocr_par' dir='ltr' id='par_1_4' title="bbox 73 208 1704 246">
     <span class='ocr_line' id='line_1_4' title="bbox 73 208 1704 246; baseline 0 -11"><span class='ocrx_word' id='word_1_9' title='bbox 73 209 160 244; x_wconf 73' lang='lat' dir='ltr'><strong>signa</strong></span> <span class='ocrx_word' id='word_1_10' title='bbox 172 208 380 237; x_wconf 90' lang='lat' dir='ltr'><strong>duodecimasve</strong></span> <span class='ocrx_word' id='word_1_11' title='bbox 396 209 501 237; x_wconf 71' lang='lat' dir='ltr'><strong>zodiaci</strong></span> <span class='ocrx_word' id='word_1_12' title='bbox 512 215 615 246; x_wconf 79' lang='lat' dir='ltr'><strong>partes,</strong></span> <span class='ocrx_word' id='word_1_13' title='bbox 637 218 683 238; x_wconf 86' lang='lat' dir='ltr'><strong>aut</strong></span> <span class='ocrx_word' id='word_1_14' title='bbox 700 211 873 246; x_wconf 71' lang='lat' dir='ltr'><strong>aequinoctia.</strong></span> <span class='ocrx_word' id='word_1_15' title='bbox 886 212 909 240; x_wconf 79' lang='grc' dir='ltr'>Α</span> <span class='ocrx_word' id='word_1_16' title='bbox 923 217 995 244; x_wconf 77' lang='lat' dir='ltr'><strong>gere,</strong></span> <span class='ocrx_word' id='word_1_17' title='bbox 1012 211 1109 237; x_wconf 85' lang='lat' dir='ltr'><strong>nedum</strong></span> <span class='ocrx_word' id='word_1_18' title='bbox 1128 210 1248 244; x_wconf 69' lang='lat' dir='ltr'><strong>dividere</strong></span> <span class='ocrx_word' id='word_1_19' title='bbox 1271 212 1356 244; x_wconf 75' lang='lat' dir='ltr'><strong>potest</strong></span> <span class='ocrx_word' id='word_1_20' title='bbox 1372 217 1378 234; x_wconf 89' lang='lat'><strong>:</strong></span> <span class='ocrx_word' id='word_1_21' title='bbox 1395 209 1418 236; x_wconf 88' lang='lat' dir='ltr'><strong>si</strong></span> <span class='ocrx_word' id='word_1_22' title='bbox 1434 209 1460 235; x_wconf 90' lang='lat' dir='ltr'><strong>in</strong></span> <span class='ocrx_word' id='word_1_23' title='bbox 1481 208 1604 241; x_wconf 84' lang='lat' dir='ltr'><strong>zodiaco,</strong></span> <span class='ocrx_word' id='word_1_24' title='bbox 1627 212 1657 236; x_wconf 92' lang='lat' dir='ltr'><strong>ut</strong></span> <span class='ocrx_word' id='word_1_25' title='bbox 1671 209 1704 235; x_wconf 84' lang='lat' dir='ltr'><strong>de</strong></span> 
     </span>
    </p>
   </div>
   <div class='ocr_carea' id='block_1_5' title="bbox 73 254 866 292">
    <p class='ocr_par' dir='ltr' id='par_1_5' title="bbox 73 254 866 292">
     <span class='ocr_line' id='line_1_5' title="bbox 73 254 866 292; baseline 0.001 -11"><span class='ocrx_word' id='word_1_26' title='bbox 73 254 116 282; x_wconf 84' lang='lat' dir='ltr'><strong>iis</strong></span> <span class='ocrx_word' id='word_1_27' title='bbox 131 254 260 282; x_wconf 80' lang='lat' dir='ltr'><strong>Eudoxus</strong></span> <span class='ocrx_word' id='word_1_28' title='bbox 279 254 391 287; x_wconf 77' lang='lat' dir='ltr'><strong>indicat,</strong></span> <span class='ocrx_word' id='word_1_29' title='bbox 409 263 523 290; x_wconf 90' lang='lat' dir='ltr'><strong>quarum</strong></span> <span class='ocrx_word' id='word_1_30' title='bbox 539 257 628 284; x_wconf 84' lang='lat' dir='ltr'><strong>media</strong></span> <span class='ocrx_word' id='word_1_31' title='bbox 642 257 676 284; x_wconf 90' lang='lat' dir='ltr'><strong>iis</strong></span> <span class='ocrx_word' id='word_1_32' title='bbox 697 257 763 292; x_wconf 86' lang='lat' dir='ltr'><strong>ipsis</strong></span> <span class='ocrx_word' id='word_1_33' title='bbox 778 257 866 284; x_wconf 81' lang='lat' dir='ltr'><strong>secari</strong></span> 
     </span>
    </p>
   </div>
   <div class='ocr_carea' id='block_1_6' title="bbox 73 300 863 338">
    <p class='ocr_par' dir='ltr' id='par_1_6' title="bbox 73 300 863 338">
     <span class='ocr_line' id='line_1_6' title="bbox 73 300 863 338; baseline 0.001 -11"><span class='ocrx_word' id='word_1_34' title='bbox 73 300 193 328; x_wconf 88' lang='lat' dir='ltr'><strong>circulis</strong></span> <span class='ocrx_word' id='word_1_35' title='bbox 206 300 300 327; x_wconf 85' lang='lat' dir='ltr'><strong>refert.</strong></span> <span class='ocrx_word' id='word_1_36' title='bbox 318 301 393 328; x_wconf 84' lang='lat' dir='ltr'><strong>Adde</strong></span> <span class='ocrx_word' id='word_1_37' title='bbox 412 302 542 336; x_wconf 84' lang='lat' dir='ltr'><strong>optimum</strong></span> <span class='ocrx_word' id='word_1_38' title='bbox 565 302 669 330; x_wconf 82' lang='lat' dir='ltr'><strong>Eudoxi</strong></span> <span class='ocrx_word' id='word_1_39' title='bbox 688 303 863 338; x_wconf 74' lang='lat' dir='ltr'><strong>interpretem</strong></span> 
     </span>
    </p>
   </div>
   <div class='ocr_carea' id='block_1_7' title="bbox 72 347 864 383">
    <p class='ocr_par' dir='ltr' id='par_1_7' title="bbox 72 347 864 383">
     <span class='ocr_line' id='line_1_7' title="bbox 72 347 864 383; baseline 0.004 -11"><span class='ocrx_word' id='word_1_40' title='bbox 72 347 205 377; x_wconf 82' lang='lat' dir='ltr'><strong>Aratum.</strong></span> <span class='ocrx_word' id='word_1_41' title='bbox 217 347 262 381; x_wconf 88' lang='lat' dir='ltr'><strong>qui</strong></span> <span class='ocrx_word' id='word_1_42' title='bbox 278 350 305 374; x_wconf 81' lang='lat' dir='ltr'><strong>et</strong></span> <span class='ocrx_word' id='word_1_43' title='bbox 316 347 404 382; x_wconf 89' lang='lat' dir='ltr'><strong>ipsum</strong></span> <span class='ocrx_word' id='word_1_44' title='bbox 421 347 447 375; x_wconf 90' lang='lat' dir='ltr'><strong>in</strong></span> <span class='ocrx_word' id='word_1_45' title='bbox 461 349 589 376; x_wconf 89' lang='lat' dir='ltr'><strong>omnibus</strong></span> <span class='ocrx_word' id='word_1_46' title='bbox 612 354 723 377; x_wconf 83' lang='lat' dir='ltr'><strong>secutus</strong></span> <span class='ocrx_word' id='word_1_47' title='bbox 737 353 794 383; x_wconf 85' lang='lat' dir='ltr'><strong>est;</strong></span> <span class='ocrx_word' id='word_1_48' title='bbox 812 349 864 381; x_wconf 89' lang='lat' dir='ltr'><strong>vel,</strong></span> 
     </span>
    </p>
   </div>
   <div class='ocr_carea' id='block_1_8' title="bbox 73 392 866 431">
    <p class='ocr_par' dir='ltr' id='par_1_8' title="bbox 73 392 866 431">
     <span class='ocr_line' id='line_1_8' title="bbox 73 392 866 431; baseline 0.004 -12"><span class='ocrx_word' id='word_1_49' title='bbox 73 397 112 420; x_wconf 92' lang='lat' dir='ltr'><strong>ut</strong></span> <span class='ocrx_word' id='word_1_50' title='bbox 129 392 301 428; x_wconf 78' lang='lat' dir='ltr'><strong>Hipparchus</strong></span> <span class='ocrx_word' id='word_1_51' title='bbox 319 393 394 428; x_wconf 89' lang='lat' dir='ltr'><strong>loqui</strong></span> <span class='ocrx_word' id='word_1_52' title='bbox 418 394 495 427; x_wconf 89' lang='lat' dir='ltr'><strong>solet,</strong></span> <span class='ocrx_word' id='word_1_53' title='bbox 520 395 729 431; x_wconf 58' lang='grc' dir='ltr'><strong>παρεγράψατω</strong></span> <span class='ocrx_word' id='word_1_54' title='bbox 750 403 800 422; x_wconf 88' lang='lat' dir='ltr'><strong>nec</strong></span> <span class='ocrx_word' id='word_1_55' title='bbox 817 395 866 421; x_wconf 88' lang='lat' dir='ltr'><strong>ali-</strong></span> 
     </span>
    </p>
   </div>
   <div class='ocr_carea' id='block_1_9' title="bbox 73 440 867 477">
    <p class='ocr_par' dir='ltr' id='par_1_9' title="bbox 73 440 867 477">
     <span class='ocr_line' id='line_1_9' title="bbox 73 440 867 477; baseline 0.003 -11"><span class='ocrx_word' id='word_1_56' title='bbox 73 444 134 471; x_wconf 83' lang='lat' dir='ltr'><strong>ter,</strong></span> <span class='ocrx_word' id='word_1_57' title='bbox 150 447 183 466; x_wconf 87' lang='lat' dir='ltr'><strong>ac</strong></span> <span class='ocrx_word' id='word_1_58' title='bbox 199 447 249 466; x_wconf 88' lang='lat' dir='ltr'><strong>nos</strong></span> <span class='ocrx_word' id='word_1_59' title='bbox 264 440 389 471; x_wconf 90' lang='lat' dir='ltr'><strong>facimus,</strong></span> <span class='ocrx_word' id='word_1_60' title='bbox 406 445 523 467; x_wconf 90' lang='lat' dir='ltr'><strong>mentem</strong></span> <span class='ocrx_word' id='word_1_61' title='bbox 536 441 610 468; x_wconf 92' lang='lat' dir='ltr'><strong>illius</strong></span> <span class='ocrx_word' id='word_1_62' title='bbox 625 442 738 477; x_wconf 87' lang='lat' dir='ltr'><strong>accepit.</strong></span> <span class='ocrx_word' id='word_1_63' title='bbox 755 441 821 468; x_wconf 86' lang='lat' dir='ltr'><strong>Nam</strong></span> <span class='ocrx_word' id='word_1_64' title='bbox 833 440 867 468; x_wconf 89' lang='lat' dir='ltr'><strong>de</strong></span> 
     </span>
    </p>
   </div>
   <div class='ocr_carea' id='block_1_10' title="bbox 76 485 867 522">
    <p class='ocr_par' dir='ltr' id='par_1_10' title="bbox 76 485 867 522">
     <span class='ocr_line' id='line_1_10' title="bbox 76 485 867 522; baseline 0 -9"><span class='ocrx_word' id='word_1_65' title='bbox 76 486 188 521; x_wconf 81' lang='lat' dir='ltr'><strong>tropico</strong></span> <span class='ocrx_word' id='word_1_66' title='bbox 199 486 294 513; x_wconf 76' lang='lat' dir='ltr'><strong>scribit</strong></span> <span class='ocrx_word' id='word_1_67' title='bbox 312 486 400 521; x_wconf 89' lang='lat' dir='ltr'><strong>ipsum</strong></span> <span class='ocrx_word' id='word_1_68' title='bbox 413 485 532 513; x_wconf 82' lang='lat' dir='ltr'><strong>Leonem</strong></span> <span class='ocrx_word' id='word_1_69' title='bbox 551 489 602 514; x_wconf 86' lang='lat' dir='ltr'><strong>sub</strong></span> <span class='ocrx_word' id='word_1_70' title='bbox 617 490 736 522; x_wconf 77' lang='lat' dir='ltr'><strong>pectore,</strong></span> <span class='ocrx_word' id='word_1_71' title='bbox 750 494 782 514; x_wconf 88' lang='lat' dir='ltr'><strong>ac</strong></span> <span class='ocrx_word' id='word_1_72' title='bbox 800 494 867 513; x_wconf 89' lang='lat' dir='ltr'><strong>ven-</strong></span> 
     </span>
    </p>
   </div>
   <div class='ocr_carea' id='block_1_11' title="bbox 75 531 864 568">
    <p class='ocr_par' dir='ltr' id='par_1_11' title="bbox 75 531 864 568">
     <span class='ocr_line' id='line_1_11' title="bbox 75 531 864 568; baseline 0.004 -11"><span class='ocrx_word' id='word_1_73' title='bbox 75 535 124 558; x_wconf 86' lang='lat' dir='ltr'><strong>tre</strong></span> <span class='ocrx_word' id='word_1_74' title='bbox 150 538 263 564; x_wconf 85' lang='lat' dir='ltr'><strong>secare;</strong></span> <span class='ocrx_word' id='word_1_75' title='bbox 277 531 414 559; x_wconf 84' lang='lat' dir='ltr'><strong>Cancrum</strong></span> <span class='ocrx_word' id='word_1_76' title='bbox 435 539 500 559; x_wconf 88' lang='lat' dir='ltr'><strong>vero</strong></span> <span class='ocrx_word' id='word_1_77' title='bbox 514 535 599 559; x_wconf 90' lang='lat' dir='ltr'><strong>totum</strong></span> <span class='ocrx_word' id='word_1_78' title='bbox 616 533 740 560; x_wconf 79' lang='lat' dir='ltr'><strong>bifariam</strong></span> <span class='ocrx_word' id='word_1_79' title='bbox 758 533 864 568; x_wconf 89' lang='lat' dir='ltr'><strong>partiri.</strong></span> 
     </span>
    </p>
   </div>
   <div class='ocr_carea' id='block_1_12' title="bbox 329 589 692 623">
    <p class='ocr_par' dir='ltr' id='par_1_12' title="bbox 329 589 692 623">
     <span class='ocr_line' id='line_1_12' title="bbox 329 589 692 623; baseline 0.003 -7"><span class='ocrx_word' id='word_1_80' title='bbox 439 589 531 623; x_wconf 80' lang='grc' dir='ltr'><strong>αὐτὰρ</strong></span> <span class='ocrx_word' id='word_1_81' title='bbox 548 591 564 616; x_wconf 82' lang='grc' dir='ltr'><em>ὁ</em></span> <span class='ocrx_word' id='word_1_82' title='bbox 579 590 692 623; x_wconf 75' lang='grc' dir='ltr'><em>κύκλος</em></span> 
     </span>
    </p>
   </div>
   <div class='ocr_carea' id='block_1_13' title="bbox 78 622 864 660">
    <p class='ocr_par' dir='ltr' id='par_1_13' title="bbox 78 622 864 660">
     <span class='ocr_line' id='line_1_13' title="bbox 78 622 864 660; baseline 0.004 -11"><span class='ocrx_word' id='word_1_83' title='bbox 78 625 105 650; x_wconf 90' lang='lat' dir='ltr'><em>T</em></span> <span class='ocrx_word' id='word_1_84' title='bbox 109 624 141 660; x_wconf 65' lang='grc' dir='ltr'><strong>ξν</strong></span> <span class='ocrx_word' id='word_1_85' title='bbox 144 623 203 657; x_wconf 84' lang='grc' dir='ltr'><strong>μὲν</strong></span> <span class='ocrx_word' id='word_1_86' title='bbox 213 622 398 660; x_wconf 55' lang='grc' dir='ltr'><strong>ὐπὸρῖτῆθος,</strong></span> <span class='ocrx_word' id='word_1_87' title='bbox 411 625 459 651; x_wconf 81' lang='grc' dir='ltr'><strong>καὶ</strong></span> <span class='ocrx_word' id='word_1_88' title='bbox 466 622 596 660; x_wconf 67' lang='grc' dir='ltr'><strong>ταὸίζέρα</strong></span> <span class='ocrx_word' id='word_1_89' title='bbox 599 622 688 659; x_wconf 77' lang='grc' dir='ltr'><strong><em>μέχρὶ</em></strong></span> <span class='ocrx_word' id='word_1_90' title='bbox 698 625 772 659; x_wconf 77' lang='grc' dir='ltr'><strong>πρὸς</strong></span> <span class='ocrx_word' id='word_1_91' title='bbox 783 625 864 660; x_wconf 66' lang='lat' dir='ltr'><strong>alea),</strong></span> 
     </span>
    </p>
   </div>
   <div class='ocr_carea' id='block_1_14' title="bbox 78 657 763 694">
    <p class='ocr_par' dir='ltr' id='par_1_14' title="bbox 78 657 763 694">
     <span class='ocr_line' id='line_1_14' title="bbox 78 657 763 694; baseline 0.023 -23"><span class='ocrx_word' id='word_1_92' title='bbox 78 657 185 692; x_wconf 71' lang='grc' dir='ltr'><strong>Τέμνει</strong></span> <span class='ocrx_word' id='word_1_93' title='bbox 201 659 253 684; x_wconf 71' lang='grc' dir='ltr'><em>τὸν</em></span> <span class='ocrx_word' id='word_1_94' title='bbox 264 658 304 694; x_wconf 48' lang='grc' dir='ltr'><strong>δὲ</strong></span> <span class='ocrx_word' id='word_1_95' title='bbox 319 657 475 692; x_wconf 58' lang='grc' dir='ltr'><strong>διηνεκέωςὲ</strong></span> <span class='ocrx_word' id='word_1_96' title='bbox 488 657 629 693; x_wconf 71' lang='grc' dir='ltr'><strong>ὑπένερθε</strong></span> <span class='ocrx_word' id='word_1_97' title='bbox 638 657 763 694; x_wconf 65' lang='grc' dir='ltr'><strong>’ξελεῖού</strong></span> 
     </span>
    </p>
   </div>
   <div class='ocr_carea' id='block_1_15' title="bbox 75 691 819 729">
    <p class='ocr_par' dir='ltr' id='par_1_15' title="bbox 75 691 819 729">
     <span class='ocr_line' id='line_1_15' title="bbox 75 691 819 729; baseline 0.004 -10"><span class='ocrx_word' id='word_1_98' title='bbox 75 691 231 729; x_wconf 66' lang='grc' dir='ltr'><strong>Κιὶρκίνυν</strong></span> <span class='ocrx_word' id='word_1_99' title='bbox 239 702 245 709; x_wconf 67' lang='grc'><strong><em>⁵</em></strong></span> <span class='ocrx_word' id='word_1_100' title='bbox 257 691 307 729; x_wconf 79' lang='grc' dir='ltr'><strong>ᾗχι</strong></span> <span class='ocrx_word' id='word_1_101' title='bbox 317 694 450 727; x_wconf 75' lang='grc' dir='ltr'><em>μάλιστα</em></span> <span class='ocrx_word' id='word_1_102' title='bbox 462 691 695 729; x_wconf 54' lang='grc' dir='ltr'><strong>διχαιόιῖενόνί-κε</strong></span> <span class='ocrx_word' id='word_1_103' title='bbox 705 696 819 729; x_wconf 79' lang='grc' dir='ltr'><strong>νοήσῃς</strong></span> 
     </span>
    </p>
   </div>
   <div class='ocr_carea' id='block_1_16' title="bbox 83 728 812 765">
    <p class='ocr_par' dir='ltr' id='par_1_16' title="bbox 83 728 812 765">
     <span class='ocr_line' id='line_1_16' title="bbox 83 728 812 765; baseline 0.008 -11"><span class='ocrx_word' id='word_1_104' title='bbox 83 728 202 762; x_wconf 79' lang='grc' dir='ltr'><strong>Ὀρθὸν,</strong></span> <span class='ocrx_word' id='word_1_105' title='bbox 218 729 256 755; x_wconf 73' lang='grc' dir='ltr'><strong>ἶν’</strong></span> <span class='ocrx_word' id='word_1_106' title='bbox 271 729 417 764; x_wconf 73' lang='grc' dir='ltr'><strong>ὀφθαλμοὶ</strong></span> <span class='ocrx_word' id='word_1_107' title='bbox 429 730 542 756; x_wconf 71' lang='grc' dir='ltr'><strong>κύκλου</strong></span> <span class='ocrx_word' id='word_1_108' title='bbox 556 730 713 765; x_wconf 71' lang='grc' dir='ltr'><strong>ἑκάτερθεν</strong></span> <span class='ocrx_word' id='word_1_109' title='bbox 728 730 812 760; x_wconf 72' lang='grc' dir='ltr'><strong>ἴοιεν.</strong></span> 
     </span>
    </p>
   </div>
   <div class='ocr_carea' id='block_1_17' title="bbox 75 783 463 817">
    <p class='ocr_par' dir='ltr' id='par_1_17' title="bbox 75 783 463 817">
     <span class='ocr_line' id='line_1_17' title="bbox 75 783 463 817; baseline 0.008 -7"><span class='ocrx_word' id='word_1_110' title='bbox 75 783 148 817; x_wconf 69' lang='lat' dir='ltr'><strong>Quae</strong></span> <span class='ocrx_word' id='word_1_111' title='bbox 164 785 205 811; x_wconf 87' lang='lat' dir='ltr'><strong>sic</strong></span> <span class='ocrx_word' id='word_1_112' title='bbox 220 785 299 812; x_wconf 86' lang='lat' dir='ltr'><strong>vertit</strong></span> <span class='ocrx_word' id='word_1_113' title='bbox 317 785 435 813; x_wconf 82' lang='lat' dir='ltr'><strong>Avienus</strong></span> <span class='ocrx_word' id='word_1_114' title='bbox 456 794 463 813; x_wconf 87' lang='lat'><strong><em>:</em></strong></span> 
     </span>
    </p>
   </div>
   <div class='ocr_carea' id='block_1_18' title="bbox 329 843 782 870">
    <p class='ocr_par' dir='ltr' id='par_1_18' title="bbox 329 843 782 870">
     <span class='ocr_line' id='line_1_18' title="bbox 329 843 782 870; baseline 0 -1"><span class='ocrx_word' id='word_1_115' title='bbox 437 847 464 869; x_wconf 87' lang='lat' dir='ltr'><strong>at</strong></span> <span class='ocrx_word' id='word_1_116' title='bbox 482 843 596 870; x_wconf 75' lang='lat' dir='ltr'><strong>circulus</strong></span> <span class='ocrx_word' id='word_1_117' title='bbox 608 843 661 869; x_wconf 84' lang='lat' dir='ltr'><strong>ima</strong></span> <span class='ocrx_word' id='word_1_118' title='bbox 673 843 782 870; x_wconf 76' lang='lat' dir='ltr'><strong>calentis</strong></span> 
     </span>
    </p>
   </div>
   <div class='ocr_carea' id='block_1_19' title="bbox 75 874 811 912">
    <p class='ocr_par' dir='ltr' id='par_1_19' title="bbox 75 874 811 912">
     <span class='ocr_line' id='line_1_19' title="bbox 75 874 811 912; baseline 0.003 -10"><span class='ocrx_word' id='word_1_119' title='bbox 75 874 206 912; x_wconf 57' lang='lat' dir='ltr'><strong>fectum,</strong></span> <span class='ocrx_word' id='word_1_120' title='bbox 217 884 311 911; x_wconf 84' lang='lat' dir='ltr'><strong>perque</strong></span> <span class='ocrx_word' id='word_1_121' title='bbox 325 877 412 904; x_wconf 85' lang='lat' dir='ltr'><strong>alvum</strong></span> <span class='ocrx_word' id='word_1_122' title='bbox 429 879 521 912; x_wconf 81' lang='lat' dir='ltr'><strong>procul</strong></span> <span class='ocrx_word' id='word_1_123' title='bbox 532 879 559 905; x_wconf 80' lang='lat' dir='ltr'><strong>in</strong></span> <span class='ocrx_word' id='word_1_124' title='bbox 571 884 705 911; x_wconf 73' lang='lat' dir='ltr'><strong>postrema</strong></span> <span class='ocrx_word' id='word_1_125' title='bbox 718 877 811 905; x_wconf 81' lang='lat' dir='ltr'><strong>Leonis</strong></span> 
     </span>
    </p>
   </div>
   <div class='ocr_carea' id='block_1_20' title="bbox 76 910 729 947">
    <p class='ocr_par' dir='ltr' id='par_1_20' title="bbox 76 910 729 947">
     <span class='ocr_line' id='line_1_20' title="bbox 76 910 729 947; baseline 0.003 -9"><span class='ocrx_word' id='word_1_126' title='bbox 76 910 221 947; x_wconf 48' lang='lat' dir='ltr'><strong>Sjsccedit.</strong></span> <span class='ocrx_word' id='word_1_127' title='bbox 233 910 309 939; x_wconf 74' lang='lat' dir='ltr'><strong>Secal</strong></span> <span class='ocrx_word' id='word_1_128' title='bbox 323 917 364 938; x_wconf 76' lang='lat' dir='ltr'><strong>(ut</strong></span> <span class='ocrx_word' id='word_1_129' title='bbox 377 910 447 940; x_wconf 77' lang='lat' dir='ltr'><strong>alius</strong></span> <span class='ocrx_word' id='word_1_130' title='bbox 458 921 504 947; x_wconf 87' lang='lat' dir='ltr'><strong>per</strong></span> <span class='ocrx_word' id='word_1_131' title='bbox 519 910 619 940; x_wconf 71' lang='lat' dir='ltr'><strong>viscera</strong></span> <span class='ocrx_word' id='word_1_132' title='bbox 631 913 729 947; x_wconf 86' lang='lat' dir='ltr'><strong>plana:</strong></span> 
     </span>
    </p>
   </div>
   <div class='ocr_carea' id='block_1_21' title="bbox 79 945 758 982">
    <p class='ocr_par' dir='ltr' id='par_1_21' title="bbox 79 945 758 982">
     <span class='ocr_line' id='line_1_21' title="bbox 79 945 758 982; baseline 0.003 -10"><span class='ocrx_word' id='word_1_133' title='bbox 79 945 116 982; x_wconf 64' lang='lat' dir='ltr'><strong>Et</strong></span> <span class='ocrx_word' id='word_1_134' title='bbox 132 947 217 974; x_wconf 85' lang='lat' dir='ltr'><strong>medio</strong></span> <span class='ocrx_word' id='word_1_135' title='bbox 228 949 317 981; x_wconf 69' lang='lat' dir='ltr'><strong>subter</strong></span> <span class='ocrx_word' id='word_1_136' title='bbox 333 955 398 974; x_wconf 85' lang='lat' dir='ltr'><strong>cava</strong></span> <span class='ocrx_word' id='word_1_137' title='bbox 414 945 528 982; x_wconf 74' lang='lat' dir='ltr'><strong>tegmina</strong></span> <span class='ocrx_word' id='word_1_138' title='bbox 544 945 639 975; x_wconf 59' lang='lat' dir='ltr'><strong>dividit</strong></span> <span class='ocrx_word' id='word_1_139' title='bbox 659 949 758 980; x_wconf 87' lang='lat' dir='ltr'><strong>orbem,</strong></span> 
     </span>
    </p>
   </div>
   <div class='ocr_carea' id='block_1_22' title="bbox 75 980 720 1018">
    <p class='ocr_par' dir='ltr' id='par_1_22' title="bbox 75 980 720 1018">
     <span class='ocr_line' id='line_1_22' title="bbox 75 980 720 1018; baseline 0.003 -10"><span class='ocrx_word' id='word_1_140' title='bbox 75 980 195 1009; x_wconf 84' lang='lat' dir='ltr'><strong>Lumina</strong></span> <span class='ocrx_word' id='word_1_141' title='bbox 209 980 343 1010; x_wconf 80' lang='lat' dir='ltr'><strong>recludens</strong></span> <span class='ocrx_word' id='word_1_142' title='bbox 358 980 513 1011; x_wconf 68' lang='lat' dir='ltr'><strong>altrinsecus</strong></span> <span class='ocrx_word' id='word_1_143' title='bbox 529 984 615 1010; x_wconf 84' lang='lat' dir='ltr'><strong>orbita</strong></span> <span class='ocrx_word' id='word_1_144' title='bbox 630 991 720 1018; x_wconf 84' lang='lat' dir='ltr'><strong>porro.</strong></span> 
     </span>
    </p>
   </div>
   <div class='ocr_carea' id='block_1_23' title="bbox 117 1038 868 1075">
    <p class='ocr_par' dir='ltr' id='par_1_23' title="bbox 117 1038 868 1075">
     <span class='ocr_line' id='line_1_23' title="bbox 117 1038 868 1075; baseline 0.001 -10"><span class='ocrx_word' id='word_1_145' title='bbox 117 1038 155 1067; x_wconf 85' lang='lat' dir='ltr'><strong>De</strong></span> <span class='ocrx_word' id='word_1_146' title='bbox 167 1039 279 1068; x_wconf 87' lang='lat' dir='ltr'><strong>hiberno</strong></span> <span class='ocrx_word' id='word_1_147' title='bbox 294 1047 401 1075; x_wconf 87' lang='lat' dir='ltr'><strong>quoque</strong></span> <span class='ocrx_word' id='word_1_148' title='bbox 416 1040 522 1075; x_wconf 89' lang='lat' dir='ltr'><strong>tropico</strong></span> <span class='ocrx_word' id='word_1_149' title='bbox 533 1040 638 1072; x_wconf 87' lang='lat' dir='ltr'><strong>scribit,</strong></span> <span class='ocrx_word' id='word_1_150' title='bbox 651 1048 712 1067; x_wconf 92' lang='lat' dir='ltr'><strong>eum</strong></span> <span class='ocrx_word' id='word_1_151' title='bbox 724 1040 868 1075; x_wconf 85' lang='lat' dir='ltr'><strong>Capricor-</strong></span> 
     </span>
    </p>
   </div>
   <div class='ocr_carea' id='block_1_24' title="bbox 76 1085 869 1122">
    <p class='ocr_par' dir='ltr' id='par_1_24' title="bbox 76 1085 869 1122">
     <span class='ocr_line' id='line_1_24' title="bbox 76 1085 869 1122; baseline 0.001 -10"><span class='ocrx_word' id='word_1_152' title='bbox 76 1093 148 1112; x_wconf 88' lang='lat' dir='ltr'><strong>num</strong></span> <span class='ocrx_word' id='word_1_153' title='bbox 171 1086 288 1114; x_wconf 85' lang='lat' dir='ltr'><strong>medium</strong></span> <span class='ocrx_word' id='word_1_154' title='bbox 307 1085 441 1118; x_wconf 83' lang='lat' dir='ltr'><strong>dividere,</strong></span> <span class='ocrx_word' id='word_1_155' title='bbox 458 1091 540 1121; x_wconf 85' lang='lat' dir='ltr'><strong>atque</strong></span> <span class='ocrx_word' id='word_1_156' title='bbox 561 1087 673 1122; x_wconf 86' lang='lat' dir='ltr'><strong>Aquarii</strong></span> <span class='ocrx_word' id='word_1_157' title='bbox 687 1086 779 1121; x_wconf 89' lang='lat' dir='ltr'><strong>pedes,</strong></span> <span class='ocrx_word' id='word_1_158' title='bbox 802 1093 869 1113; x_wconf 84' lang='lat' dir='ltr'><strong>cau-</strong></span> 
     </span>
    </p>
   </div>
   <div class='ocr_carea' id='block_1_25' title="bbox 76 1131 236 1160">
    <p class='ocr_par' dir='ltr' id='par_1_25' title="bbox 76 1131 236 1160">
     <span class='ocr_line' id='line_1_25' title="bbox 76 1131 236 1160; baseline 0.006 -1"><span class='ocrx_word' id='word_1_159' title='bbox 76 1132 144 1160; x_wconf 83' lang='lat' dir='ltr'><strong>dam</strong></span> <span class='ocrx_word' id='word_1_160' title='bbox 160 1131 218 1160; x_wconf 89' lang='lat' dir='ltr'><strong>Ceti</strong></span> <span class='ocrx_word' id='word_1_161' title='bbox 229 1141 236 1160; x_wconf 83' lang='lat'><strong>:</strong></span> 
     </span>
    </p>
   </div>
   <div class='ocr_carea' id='block_1_26' title="bbox 116 1187 787 1223">
    <p class='ocr_par' dir='ltr' id='par_1_26' title="bbox 116 1187 787 1223">
     <span class='ocr_line' id='line_1_26' title="bbox 116 1187 787 1223; baseline 0 -9"><span class='ocrx_word' id='word_1_162' title='bbox 116 1187 217 1215; x_wconf 76' lang='lat' dir='ltr'><strong>Dividit</strong></span> <span class='ocrx_word' id='word_1_163' title='bbox 232 1187 361 1223; x_wconf 81' lang='lat' dir='ltr'><strong>imbriferi</strong></span> <span class='ocrx_word' id='word_1_164' title='bbox 376 1195 470 1222; x_wconf 70' lang='lat' dir='ltr'><strong>corpus</strong></span> <span class='ocrx_word' id='word_1_165' title='bbox 487 1187 601 1214; x_wconf 77' lang='lat' dir='ltr'><strong>medium</strong></span> <span class='ocrx_word' id='word_1_166' title='bbox 622 1187 787 1222; x_wconf 77' lang='lat' dir='ltr'><strong>Capricorni.</strong></span> 
     </span>
    </p>
   </div>
   <div class='ocr_carea' id='block_1_27' title="bbox 117 1223 818 1258">
    <p class='ocr_par' dir='ltr' id='par_1_27' title="bbox 117 1223 818 1258">
     <span class='ocr_line' id='line_1_27' title="bbox 117 1223 818 1258; baseline 0 -8"><span class='ocrx_word' id='word_1_167' title='bbox 117 1223 234 1258; x_wconf 68' lang='lat' dir='ltr'><strong>[circique</strong></span> <span class='ocrx_word' id='word_1_168' title='bbox 242 1223 317 1258; x_wconf 74' lang='lat' dir='ltr'><strong>pedes</strong></span> <span class='ocrx_word' id='word_1_169' title='bbox 330 1224 415 1258; x_wconf 83' lang='lat' dir='ltr'><strong>pueri,</strong></span> <span class='ocrx_word' id='word_1_170' title='bbox 428 1228 609 1258; x_wconf 71' lang='lat' dir='ltr'><strong>postremaque</strong></span> <span class='ocrx_word' id='word_1_171' title='bbox 623 1223 725 1255; x_wconf 75' lang='lat' dir='ltr'><strong>caadw,</strong></span> <span class='ocrx_word' id='word_1_172' title='bbox 743 1227 797 1250; x_wconf 87' lang='lat' dir='ltr'><strong>etc.</strong></span> <span class='ocrx_word' id='word_1_173' title='bbox 809 1242 818 1256; x_wconf 90' lang='lat'><strong>,</strong></span> 
     </span>
    </p>
   </div>
   <div class='ocr_carea' id='block_1_28' title="bbox 77 1279 868 1308">
    <p class='ocr_par' dir='ltr' id='par_1_28' title="bbox 77 1279 868 1308">
     <span class='ocr_line' id='line_1_28' title="bbox 77 1279 868 1308; baseline 0 -1"><span class='ocrx_word' id='word_1_174' title='bbox 77 1285 111 1308; x_wconf 85' lang='lat' dir='ltr'><strong>ut</strong></span> <span class='ocrx_word' id='word_1_175' title='bbox 126 1280 208 1308; x_wconf 79' lang='lat' dir='ltr'><strong>vertit</strong></span> <span class='ocrx_word' id='word_1_176' title='bbox 230 1280 360 1308; x_wconf 80' lang='lat' dir='ltr'><strong>Avienus.</strong></span> <span class='ocrx_word' id='word_1_177' title='bbox 386 1279 437 1307; x_wconf 90' lang='lat' dir='ltr'><strong>Hic</strong></span> <span class='ocrx_word' id='word_1_178' title='bbox 463 1288 528 1308; x_wconf 89' lang='lat' dir='ltr'><strong>vero</strong></span> <span class='ocrx_word' id='word_1_179' title='bbox 553 1280 624 1307; x_wconf 87' lang='lat' dir='ltr'><strong>citra</strong></span> <span class='ocrx_word' id='word_1_180' title='bbox 651 1280 868 1307; x_wconf 86' lang='lat' dir='ltr'><strong>controversiam</strong></span> 
     </span>
    </p>
   </div>
   <div class='ocr_carea' id='block_1_29' title="bbox 75 1325 872 1362">
    <p class='ocr_par' dir='ltr' id='par_1_29' title="bbox 75 1325 872 1362">
     <span class='ocr_line' id='line_1_29' title="bbox 75 1325 872 1362; baseline -0.003 -7"><span class='ocrx_word' id='word_1_181' title='bbox 75 1327 187 1355; x_wconf 84' lang='lat' dir='ltr'><strong>Cancer</strong></span> <span class='ocrx_word' id='word_1_182' title='bbox 201 1330 228 1354; x_wconf 90' lang='lat' dir='ltr'><strong>et</strong></span> <span class='ocrx_word' id='word_1_183' title='bbox 243 1327 427 1362; x_wconf 82' lang='lat' dir='ltr'><strong>Capricornus</strong></span> <span class='ocrx_word' id='word_1_184' title='bbox 441 1334 494 1353; x_wconf 92' lang='lat' dir='ltr'><strong>non</strong></span> <span class='ocrx_word' id='word_1_185' title='bbox 508 1326 597 1361; x_wconf 80' lang='lat' dir='ltr'><strong>signa,</strong></span> <span class='ocrx_word' id='word_1_186' title='bbox 613 1326 670 1353; x_wconf 87' lang='lat' dir='ltr'><strong>sive</strong></span> <span class='ocrx_word' id='word_1_187' title='bbox 681 1325 872 1354; x_wconf 85' lang='lat' dir='ltr'><strong>dodecalemo-</strong></span> 
     </span>
    </p>
   </div>
   <div class='ocr_carea' id='block_1_30' title="bbox 76 1370 869 1406">
    <p class='ocr_par' dir='ltr' id='par_1_30' title="bbox 76 1370 869 1406">
     <span class='ocr_line' id='line_1_30' title="bbox 76 1370 869 1406; baseline -0.005 -6"><span class='ocrx_word' id='word_1_188' title='bbox 76 1373 134 1404; x_wconf 80' lang='lat' dir='ltr'><strong>ria,</strong></span> <span class='ocrx_word' id='word_1_189' title='bbox 148 1372 194 1399; x_wconf 79' lang='lat' dir='ltr'><strong>sed</strong></span> <span class='ocrx_word' id='word_1_190' title='bbox 211 1372 343 1406; x_wconf 83' lang='lat' dir='ltr'><strong>imagines</strong></span> <span class='ocrx_word' id='word_1_191' title='bbox 362 1375 437 1398; x_wconf 88' lang='lat' dir='ltr'><strong>sunt.</strong></span> <span class='ocrx_word' id='word_1_192' title='bbox 455 1370 521 1397; x_wconf 88' lang='lat' dir='ltr'><strong>Nam</strong></span> <span class='ocrx_word' id='word_1_193' title='bbox 536 1375 563 1398; x_wconf 88' lang='lat' dir='ltr'><strong>et</strong></span> <span class='ocrx_word' id='word_1_194' title='bbox 582 1370 694 1405; x_wconf 84' lang='grc' dir='ltr'><strong>χέλειον,</strong></span> <span class='ocrx_word' id='word_1_195' title='bbox 715 1371 772 1398; x_wconf 86' lang='lat' dir='ltr'><strong>sive</strong></span> <span class='ocrx_word' id='word_1_196' title='bbox 793 1375 869 1402; x_wconf 76' lang='lat' dir='ltr'><strong>testa,</strong></span> 
     </span>
    </p>
   </div>
   <div class='ocr_carea' id='block_1_31' title="bbox 75 1416 870 1451">
    <p class='ocr_par' dir='ltr' id='par_1_31' title="bbox 75 1416 870 1451">
     <span class='ocr_line' id='line_1_31' title="bbox 75 1416 870 1451; baseline -0.003 -6"><span class='ocrx_word' id='word_1_197' title='bbox 75 1425 137 1445; x_wconf 86' lang='lat' dir='ltr'><strong>non</strong></span> <span class='ocrx_word' id='word_1_198' title='bbox 159 1418 236 1445; x_wconf 83' lang='lat' dir='ltr'><strong>aliter</strong></span> <span class='ocrx_word' id='word_1_199' title='bbox 262 1416 463 1444; x_wconf 84' lang='lat' dir='ltr'><strong>accommodari</strong></span> <span class='ocrx_word' id='word_1_200' title='bbox 489 1416 595 1444; x_wconf 85' lang='lat' dir='ltr'><strong>Cancro</strong></span> <span class='ocrx_word' id='word_1_201' title='bbox 620 1420 731 1451; x_wconf 83' lang='lat' dir='ltr'><strong>potest;</strong></span> <span class='ocrx_word' id='word_1_202' title='bbox 756 1421 784 1444; x_wconf 89' lang='lat' dir='ltr'><strong>et</strong></span> <span class='ocrx_word' id='word_1_203' title='bbox 808 1423 870 1443; x_wconf 91' lang='lat' dir='ltr'><strong>cum</strong></span> 
     </span>
    </p>
   </div>
   <div class='ocr_carea' id='block_1_32' title="bbox 75 1462 871 1498">
    <p class='ocr_par' dir='ltr' id='par_1_32' title="bbox 75 1462 871 1498">
     <span class='ocr_line' id='line_1_32' title="bbox 75 1462 871 1498; baseline 0.001 -8"><span class='ocrx_word' id='word_1_204' title='bbox 75 1463 231 1498; x_wconf 75' lang='lat' dir='ltr'><strong>Aquarium</strong></span> <span class='ocrx_word' id='word_1_205' title='bbox 256 1462 368 1497; x_wconf 86' lang='lat' dir='ltr'><strong>perinde</strong></span> <span class='ocrx_word' id='word_1_206' title='bbox 387 1462 422 1489; x_wconf 89' lang='lat' dir='ltr'><strong>ab</strong></span> <span class='ocrx_word' id='word_1_207' title='bbox 444 1462 560 1490; x_wconf 86' lang='lat' dir='ltr'><strong>hiberno</strong></span> <span class='ocrx_word' id='word_1_208' title='bbox 584 1463 693 1498; x_wconf 87' lang='lat' dir='ltr'><strong>tropico</strong></span> <span class='ocrx_word' id='word_1_209' title='bbox 717 1464 815 1496; x_wconf 87' lang='lat' dir='ltr'><strong>secari,</strong></span> <span class='ocrx_word' id='word_1_210' title='bbox 839 1472 871 1491; x_wconf 89' lang='lat' dir='ltr'><strong>ac</strong></span> 
     </span>
    </p>
   </div>
   <div class='ocr_carea' id='block_1_33' title="bbox 75 1508 870 1544">
    <p class='ocr_par' dir='ltr' id='par_1_33' title="bbox 75 1508 870 1544">
     <span class='ocr_line' id='line_1_33' title="bbox 75 1508 870 1544; baseline 0.001 -8"><span class='ocrx_word' id='word_1_211' title='bbox 75 1509 278 1544; x_wconf 86' lang='lat' dir='ltr'><strong>Capricornum</strong></span> <span class='ocrx_word' id='word_1_212' title='bbox 292 1511 406 1540; x_wconf 87' lang='lat' dir='ltr'><strong>asserat,</strong></span> <span class='ocrx_word' id='word_1_213' title='bbox 427 1516 480 1535; x_wconf 85' lang='lat' dir='ltr'><strong>non</strong></span> <span class='ocrx_word' id='word_1_214' title='bbox 503 1513 594 1543; x_wconf 81' lang='lat' dir='ltr'><strong>potest</strong></span> <span class='ocrx_word' id='word_1_215' title='bbox 620 1508 653 1535; x_wconf 89' lang='lat' dir='ltr'><strong>ad</strong></span> <span class='ocrx_word' id='word_1_216' title='bbox 677 1509 870 1537; x_wconf 85' lang='lat' dir='ltr'><strong>dodecatemo-</strong></span> 
     </span>
    </p>
   </div>
   <div class='ocr_carea' id='block_1_34' title="bbox 76 1553 903 1590">
    <p class='ocr_par' dir='ltr' id='par_1_34' title="bbox 76 1553 903 1590">
     <span class='ocr_line' id='line_1_34' title="bbox 76 1553 903 1590; baseline 0.004 -10"><span class='ocrx_word' id='word_1_217' title='bbox 76 1555 154 1581; x_wconf 82' lang='lat' dir='ltr'><strong>rium</strong></span> <span class='ocrx_word' id='word_1_218' title='bbox 172 1553 279 1582; x_wconf 88' lang='lat' dir='ltr'><strong>referri.</strong></span> <span class='ocrx_word' id='word_1_219' title='bbox 295 1553 402 1588; x_wconf 81' lang='lat' dir='ltr'><strong>Quippe</strong></span> <span class='ocrx_word' id='word_1_220' title='bbox 421 1555 542 1588; x_wconf 86' lang='lat' dir='ltr'><strong>tropicus</strong></span> <span class='ocrx_word' id='word_1_221' title='bbox 563 1555 684 1582; x_wconf 85' lang='lat' dir='ltr'><strong>circulus</strong></span> <span class='ocrx_word' id='word_1_222' title='bbox 700 1555 812 1590; x_wconf 77' lang='lat' dir='ltr'><strong>Aquarii</strong></span> <span class='ocrx_word' id='word_1_223' title='bbox 829 1556 868 1583; x_wconf 83' lang='lat' dir='ltr'><strong>si-</strong></span> <span class='ocrx_word' id='word_1_224' title='bbox 882 1557 903 1586; x_wconf 87' lang='lat' dir='ltr'><strong>C</strong></span> 
     </span>
    </p>
   </div>
   <div class='ocr_carea' id='block_1_35' title="bbox 76 1600 869 1637">
    <p class='ocr_par' dir='ltr' id='par_1_35' title="bbox 76 1600 869 1637">
     <span class='ocr_line' id='line_1_35' title="bbox 76 1600 869 1637; baseline 0.004 -11"><span class='ocrx_word' id='word_1_225' title='bbox 76 1608 165 1636; x_wconf 79' lang='lat' dir='ltr'><strong>gnum</strong></span> <span class='ocrx_word' id='word_1_226' title='bbox 180 1608 267 1635; x_wconf 84' lang='lat' dir='ltr'><strong>neque</strong></span> <span class='ocrx_word' id='word_1_227' title='bbox 282 1600 389 1630; x_wconf 83' lang='lat' dir='ltr'><strong>dividit,</strong></span> <span class='ocrx_word' id='word_1_228' title='bbox 402 1607 452 1627; x_wconf 87' lang='lat' dir='ltr'><strong>nec</strong></span> <span class='ocrx_word' id='word_1_229' title='bbox 469 1600 576 1634; x_wconf 82' lang='lat' dir='ltr'><strong>attingit</strong></span> <span class='ocrx_word' id='word_1_230' title='bbox 588 1601 707 1628; x_wconf 89' lang='lat' dir='ltr'><strong>omnino.</strong></span> <span class='ocrx_word' id='word_1_231' title='bbox 718 1601 771 1628; x_wconf 89' lang='lat' dir='ltr'><strong>Sed</strong></span> <span class='ocrx_word' id='word_1_232' title='bbox 782 1610 869 1637; x_wconf 89' lang='lat' dir='ltr'><strong>neque</strong></span> 
     </span>
    </p>
   </div>
   <div class='ocr_carea' id='block_1_36' title="bbox 77 1646 870 1681">
    <p class='ocr_par' dir='ltr' id='par_1_36' title="bbox 77 1646 870 1681">
     <span class='ocr_line' id='line_1_36' title="bbox 77 1646 870 1681; baseline 0.001 -8"><span class='ocrx_word' id='word_1_233' title='bbox 77 1646 128 1673; x_wconf 86' lang='lat' dir='ltr'><strong>illa</strong></span> <span class='ocrx_word' id='word_1_234' title='bbox 143 1646 210 1680; x_wconf 83' lang='lat' dir='ltr'><strong>ipsa,</strong></span> <span class='ocrx_word' id='word_1_235' title='bbox 225 1653 286 1680; x_wconf 65' lang='lat' dir='ltr'><strong>qua:</strong></span> <span class='ocrx_word' id='word_1_236' title='bbox 298 1646 468 1681; x_wconf 81' lang='lat' dir='ltr'><strong>contingunt.</strong></span> <span class='ocrx_word' id='word_1_237' title='bbox 481 1646 557 1680; x_wconf 81' lang='lat' dir='ltr'><strong>signa</strong></span> <span class='ocrx_word' id='word_1_238' title='bbox 572 1646 667 1673; x_wconf 86' lang='lat' dir='ltr'><strong>circuli</strong></span> <span class='ocrx_word' id='word_1_239' title='bbox 687 1647 730 1674; x_wconf 90' lang='lat' dir='ltr'><strong>isti</strong></span> <span class='ocrx_word' id='word_1_240' title='bbox 747 1648 870 1681; x_wconf 86' lang='lat' dir='ltr'><strong>partiun-</strong></span> 
     </span>
    </p>
   </div>
   <div class='ocr_carea' id='block_1_37' title="bbox 76 1690 804 1726">
    <p class='ocr_par' dir='ltr' id='par_1_37' title="bbox 76 1690 804 1726">
     <span class='ocr_line' id='line_1_37' title="bbox 76 1690 804 1726; baseline 0.003 -8"><span class='ocrx_word' id='word_1_241' title='bbox 76 1695 127 1718; x_wconf 91' lang='lat' dir='ltr'><strong>tur</strong></span> <span class='ocrx_word' id='word_1_242' title='bbox 138 1691 275 1718; x_wconf 80' lang='lat' dir='ltr'><strong>bifariam.</strong></span> <span class='ocrx_word' id='word_1_243' title='bbox 290 1690 335 1718; x_wconf 89' lang='lat' dir='ltr'><strong>Sic</strong></span> <span class='ocrx_word' id='word_1_244' title='bbox 351 1691 385 1719; x_wconf 88' lang='lat' dir='ltr'><strong>de</strong></span> <span class='ocrx_word' id='word_1_245' title='bbox 398 1691 581 1726; x_wconf 73' lang='lat' dir='ltr'><strong>zequinoctiali</strong></span> <span class='ocrx_word' id='word_1_246' title='bbox 596 1692 695 1719; x_wconf 80' lang='lat' dir='ltr'><strong>Aratus</strong></span> <span class='ocrx_word' id='word_1_247' title='bbox 707 1692 780 1720; x_wconf 88' lang='lat' dir='ltr'><strong>idem</strong></span> <span class='ocrx_word' id='word_1_248' title='bbox 798 1703 804 1720; x_wconf 92' lang='lat'>:</span> 
     </span>
    </p>
   </div>
   <div class='ocr_carea' id='block_1_38' title="bbox 76 1746 815 1781">
    <p class='ocr_par' dir='ltr' id='par_1_38' title="bbox 76 1746 815 1781">
     <span class='ocr_line' id='line_1_38' title="bbox 76 1746 815 1781; baseline -0.003 -6"><span class='ocrx_word' id='word_1_249' title='bbox 76 1746 167 1781; x_wconf 84' lang='grc' dir='ltr'><strong>Σῆμα</strong></span> <span class='ocrx_word' id='word_1_250' title='bbox 176 1746 210 1773; x_wconf 84' lang='grc' dir='ltr'><strong>δέ</strong></span> <span class='ocrx_word' id='word_1_251' title='bbox 224 1748 250 1773; x_wconf 85' lang='grc' dir='ltr'><strong>οἱ</strong></span> <span class='ocrx_word' id='word_1_252' title='bbox 264 1747 352 1779; x_wconf 82' lang='grc' dir='ltr'><em>Κριός</em></span> <span class='ocrx_word' id='word_1_253' title='bbox 362 1755 369 1762; x_wconf 90' lang='grc'>·</span> <span class='ocrx_word' id='word_1_254' title='bbox 388 1747 510 1780; x_wconf 84' lang='grc' dir='ltr'><strong>Ταύροιό</strong></span> <span class='ocrx_word' id='word_1_255' title='bbox 523 1755 553 1772; x_wconf 83' lang='grc' dir='ltr'><strong>τε</strong></span> <span class='ocrx_word' id='word_1_256' title='bbox 570 1747 699 1780; x_wconf 74' lang='grc' dir='ltr'><strong>γούνατα</strong></span> <span class='ocrx_word' id='word_1_257' title='bbox 713 1747 815 1773; x_wconf 80' lang='grc' dir='ltr'><strong>κεῖται.</strong></span> 
     </span>
    </p>
   </div>
   <div class='ocr_carea' id='block_1_39' title="bbox 77 1781 868 1816">
    <p class='ocr_par' dir='ltr' id='par_1_39' title="bbox 77 1781 868 1816">
     <span class='ocr_line' id='line_1_39' title="bbox 77 1781 868 1816; baseline -0.001 -7"><span class='ocrx_word' id='word_1_258' title='bbox 77 1782 172 1816; x_wconf 72' lang='grc' dir='ltr'><strong>Κριὸς</strong></span> <span class='ocrx_word' id='word_1_259' title='bbox 183 1781 242 1816; x_wconf 77' lang='grc' dir='ltr'><strong>μὲν</strong></span> <span class='ocrx_word' id='word_1_260' title='bbox 258 1782 333 1808; x_wconf 82' lang='grc' dir='ltr'><strong>κατὰ</strong></span> <span class='ocrx_word' id='word_1_261' title='bbox 349 1781 446 1815; x_wconf 86' lang='grc' dir='ltr'><em>μῆκος</em></span> <span class='ocrx_word' id='word_1_262' title='bbox 459 1781 645 1815; x_wconf 73' lang='grc' dir='ltr'><strong>ὲληλαμένος</strong></span> <span class='ocrx_word' id='word_1_263' title='bbox 669 1781 717 1807; x_wconf 78' lang='grc' dir='ltr'><strong>διὰ</strong></span> <span class='ocrx_word' id='word_1_264' title='bbox 737 1782 868 1808; x_wconf 67' lang='grc' dir='ltr'><strong>κύκλων</strong></span> 
     </span>
    </p>
   </div>
   <div class='ocr_carea' id='block_1_40' title="bbox 80 1816 822 1850">
    <p class='ocr_par' dir='ltr' id='par_1_40' title="bbox 80 1816 822 1850">
     <span class='ocr_line' id='line_1_40' title="bbox 80 1816 822 1850; baseline -0.001 -6"><span class='ocrx_word' id='word_1_265' title='bbox 80 1818 196 1850; x_wconf 81' lang='grc' dir='ltr'><strong>Ταύρου</strong></span> <span class='ocrx_word' id='word_1_266' title='bbox 213 1816 246 1844; x_wconf 80' lang='grc' dir='ltr'><strong>δὲ</strong></span> <span class='ocrx_word' id='word_1_267' title='bbox 259 1816 393 1844; x_wconf 80' lang='grc' dir='ltr'><strong>σκελέων</strong></span> <span class='ocrx_word' id='word_1_268' title='bbox 407 1816 486 1850; x_wconf 85' lang='grc' dir='ltr'><strong>ὅσση</strong></span> <span class='ocrx_word' id='word_1_269' title='bbox 501 1817 702 1850; x_wconf 71' lang='grc' dir='ltr'><strong>περιφαίνεται</strong></span> <span class='ocrx_word' id='word_1_270' title='bbox 717 1816 822 1849; x_wconf 60' lang='lat' dir='ltr'><strong>suae.</strong></span> 
     </span>
    </p>
   </div>
   <div class='ocr_carea' id='block_1_41' title="bbox 78 1869 835 1906">
    <p class='ocr_par' dir='ltr' id='par_1_41' title="bbox 78 1869 835 1906">
     <span class='ocr_line' id='line_1_41' title="bbox 78 1869 835 1906; baseline 0 -9"><span class='ocrx_word' id='word_1_271' title='bbox 78 1869 192 1906; x_wconf 80' lang='lat' dir='ltr'><strong>Signum</strong></span> <span class='ocrx_word' id='word_1_272' title='bbox 206 1875 292 1898; x_wconf 82' lang='lat' dir='ltr'><strong>aruem</strong></span> <span class='ocrx_word' id='word_1_273' title='bbox 306 1870 332 1898; x_wconf 75' lang='lat' dir='ltr'><strong>ei</strong></span> <span class='ocrx_word' id='word_1_274' title='bbox 346 1870 431 1901; x_wconf 78' lang='lat' dir='ltr'><strong>Aries,</strong></span> <span class='ocrx_word' id='word_1_275' title='bbox 447 1870 578 1905; x_wconf 83' lang='lat' dir='ltr'><strong>Taurique</strong></span> <span class='ocrx_word' id='word_1_276' title='bbox 590 1878 674 1905; x_wconf 81' lang='lat' dir='ltr'><strong>genua</strong></span> <span class='ocrx_word' id='word_1_277' title='bbox 687 1871 741 1897; x_wconf 71' lang='lat' dir='ltr'><strong>sita</strong></span> <span class='ocrx_word' id='word_1_278' title='bbox 755 1875 835 1902; x_wconf 76' lang='lat' dir='ltr'><strong>sunt;</strong></span> 
     </span>
    </p>
   </div>
   <div class='ocr_carea' id='block_1_42' title="bbox 78 1906 777 1941">
    <p class='ocr_par' dir='ltr' id='par_1_42' title="bbox 78 1906 777 1941">
     <span class='ocr_line' id='line_1_42' title="bbox 78 1906 777 1941; baseline 0 -9"><span class='ocrx_word' id='word_1_279' title='bbox 78 1906 158 1933; x_wconf 74' lang='lat' dir='ltr'><strong>Aries</strong></span> <span class='ocrx_word' id='word_1_280' title='bbox 169 1906 272 1941; x_wconf 81' lang='lat' dir='ltr'><strong>quidem</strong></span> <span class='ocrx_word' id='word_1_281' title='bbox 288 1907 315 1932; x_wconf 83' lang='lat' dir='ltr'><strong>in</strong></span> <span class='ocrx_word' id='word_1_282' title='bbox 330 1906 436 1940; x_wconf 80' lang='lat' dir='ltr'><strong>longqu</strong></span> <span class='ocrx_word' id='word_1_283' title='bbox 448 1906 544 1932; x_wconf 77' lang='lat' dir='ltr'><strong>ductus</strong></span> <span class='ocrx_word' id='word_1_284' title='bbox 559 1913 604 1939; x_wconf 87' lang='lat' dir='ltr'><strong>per</strong></span> <span class='ocrx_word' id='word_1_285' title='bbox 621 1906 777 1940; x_wconf 83' lang='lat' dir='ltr'><strong>cingulum;</strong></span> 
     </span>
    </p>
   </div>
   <div class='ocr_carea' id='block_1_43' title="bbox 80 1941 724 1977">
    <p class='ocr_par' dir='ltr' id='par_1_43' title="bbox 80 1941 724 1977">
     <span class='ocr_line' id='line_1_43' title="bbox 80 1941 724 1977; baseline -0.003 -8"><span class='ocrx_word' id='word_1_286' title='bbox 80 1941 167 1969; x_wconf 81' lang='lat' dir='ltr'><strong>Tauri</strong></span> <span class='ocrx_word' id='word_1_287' title='bbox 182 1950 240 1968; x_wconf 86' lang='lat' dir='ltr'><strong>vero</strong></span> <span class='ocrx_word' id='word_1_288' title='bbox 250 1949 357 1968; x_wconf 81' lang='lat' dir='ltr'><strong>crurum</strong></span> <span class='ocrx_word' id='word_1_289' title='bbox 367 1945 468 1977; x_wconf 82' lang='lat' dir='ltr'><strong>quanta</strong></span> <span class='ocrx_word' id='word_1_290' title='bbox 483 1945 592 1976; x_wconf 79' lang='lat' dir='ltr'><strong>apparet</strong></span> <span class='ocrx_word' id='word_1_291' title='bbox 607 1941 724 1975; x_wconf 73' lang='lat' dir='ltr'><strong>inﬂexio.</strong></span> 
     </span>
    </p>
   </div>
   <div class='ocr_carea' id='block_1_44' title="bbox 122 1997 869 2033">
    <p class='ocr_par' dir='ltr' id='par_1_44' title="bbox 122 1997 869 2033">
     <span class='ocr_line' id='line_1_44' title="bbox 122 1997 869 2033; baseline 0.001 -9"><span class='ocrx_word' id='word_1_292' title='bbox 122 1997 156 2025; x_wconf 88' lang='lat' dir='ltr'><strong>Ut</strong></span> <span class='ocrx_word' id='word_1_293' title='bbox 179 2005 264 2032; x_wconf 77' lang='lat' dir='ltr'><strong>genua</strong></span> <span class='ocrx_word' id='word_1_294' title='bbox 285 1997 368 2025; x_wconf 88' lang='lat' dir='ltr'><strong>Tauri</strong></span> <span class='ocrx_word' id='word_1_295' title='bbox 387 1997 420 2024; x_wconf 88' lang='lat' dir='ltr'><strong>ad</strong></span> <span class='ocrx_word' id='word_1_296' title='bbox 441 1998 613 2025; x_wconf 86' lang='lat' dir='ltr'><strong>asterismum</strong></span> <span class='ocrx_word' id='word_1_297' title='bbox 639 1997 699 2032; x_wconf 87' lang='lat' dir='ltr'><strong>ejus</strong></span> <span class='ocrx_word' id='word_1_298' title='bbox 716 1999 869 2033; x_wconf 82' lang='lat' dir='ltr'><strong>pertinent,</strong></span> 
     </span>
    </p>
   </div>
   <div class='ocr_carea' id='block_1_45' title="bbox 80 2043 871 2079">
    <p class='ocr_par' dir='ltr' id='par_1_45' title="bbox 80 2043 871 2079">
     <span class='ocr_line' id='line_1_45' title="bbox 80 2043 871 2079; baseline 0 -9"><span class='ocrx_word' id='word_1_299' title='bbox 80 2043 124 2071; x_wconf 71' lang='lat' dir='ltr'><strong>sic</strong></span> <span class='ocrx_word' id='word_1_300' title='bbox 145 2043 246 2070; x_wconf 83' lang='lat' dir='ltr'><strong>Arietis</strong></span> <span class='ocrx_word' id='word_1_301' title='bbox 269 2050 370 2079; x_wconf 89' lang='lat' dir='ltr'><strong>corpus</strong></span> <span class='ocrx_word' id='word_1_302' title='bbox 392 2043 429 2070; x_wconf 87' lang='lat' dir='ltr'><strong>ab</strong></span> <span class='ocrx_word' id='word_1_303' title='bbox 444 2043 628 2078; x_wconf 70' lang='lat' dir='ltr'><strong>aequinoctiali</strong></span> <span class='ocrx_word' id='word_1_304' title='bbox 650 2043 754 2070; x_wconf 89' lang='lat' dir='ltr'><strong>circulo</strong></span> <span class='ocrx_word' id='word_1_305' title='bbox 774 2051 871 2070; x_wconf 89' lang='lat' dir='ltr'><strong>secun-</strong></span> 
     </span>
    </p>
   </div>
   <div class='ocr_carea' id='block_1_46' title="bbox 79 2088 870 2124">
    <p class='ocr_par' dir='ltr' id='par_1_46' title="bbox 79 2088 870 2124">
     <span class='ocr_line' id='line_1_46' title="bbox 79 2088 870 2124; baseline 0 -8"><span class='ocrx_word' id='word_1_306' title='bbox 79 2089 148 2116; x_wconf 88' lang='lat' dir='ltr'><strong>dum</strong></span> <span class='ocrx_word' id='word_1_307' title='bbox 170 2089 368 2124; x_wconf 80' lang='lat' dir='ltr'><strong>longitudinem</strong></span> <span class='ocrx_word' id='word_1_308' title='bbox 392 2088 511 2116; x_wconf 88' lang='lat' dir='ltr'><strong>divisum</strong></span> <span class='ocrx_word' id='word_1_309' title='bbox 537 2089 571 2116; x_wconf 89' lang='lat' dir='ltr'><strong>ad</strong></span> <span class='ocrx_word' id='word_1_310' title='bbox 594 2089 739 2124; x_wconf 71' lang='lat' dir='ltr'><strong>imaginem</strong></span> <span class='ocrx_word' id='word_1_311' title='bbox 759 2089 870 2122; x_wconf 83' lang='lat' dir='ltr'><strong>Arietis,</strong></span> 
     </span>
    </p>
   </div>
   <div class='ocr_carea' id='block_1_47' title="bbox 80 2135 870 2172">
    <p class='ocr_par' dir='ltr' id='par_1_47' title="bbox 80 2135 870 2172">
     <span class='ocr_line' id='line_1_47' title="bbox 80 2135 870 2172; baseline 0 -9"><span class='ocrx_word' id='word_1_312' title='bbox 80 2142 139 2163; x_wconf 82' lang='lat' dir='ltr'><strong>non</strong></span> <span class='ocrx_word' id='word_1_313' title='bbox 150 2135 183 2161; x_wconf 89' lang='lat' dir='ltr'><strong>ad</strong></span> <span class='ocrx_word' id='word_1_314' title='bbox 198 2135 458 2168; x_wconf 74' lang='lat' dir='ltr'><strong>dOtlecﬂlemorlllm,</strong></span> <span class='ocrx_word' id='word_1_315' title='bbox 473 2144 586 2165; x_wconf 87' lang='lat' dir='ltr'><strong>necesse</strong></span> <span class='ocrx_word' id='word_1_316' title='bbox 598 2141 638 2164; x_wconf 86' lang='lat' dir='ltr'><strong>est</strong></span> <span class='ocrx_word' id='word_1_317' title='bbox 647 2136 741 2165; x_wconf 88' lang='lat' dir='ltr'><strong>referri</strong></span> <span class='ocrx_word' id='word_1_318' title='bbox 755 2145 870 2172; x_wconf 88' lang='lat' dir='ltr'><strong>:quem-</strong></span> 
     </span>
    </p>
   </div>
   <div class='ocr_carea' id='block_1_48' title="bbox 81 2181 868 2218">
    <p class='ocr_par' dir='ltr' id='par_1_48' title="bbox 81 2181 868 2218">
     <span class='ocr_line' id='line_1_48' title="bbox 81 2181 868 2218; baseline 0 -9"><span class='ocrx_word' id='word_1_319' title='bbox 81 2182 229 2209; x_wconf 80' lang='lat' dir='ltr'><strong>admodum</strong></span> <span class='ocrx_word' id='word_1_320' title='bbox 244 2182 414 2217; x_wconf 84' lang='lat' dir='ltr'><strong>Hipparchus</strong></span> <span class='ocrx_word' id='word_1_321' title='bbox 431 2184 489 2218; x_wconf 87' lang='lat' dir='ltr'><strong>ipse</strong></span> <span class='ocrx_word' id='word_1_322' title='bbox 500 2183 580 2210; x_wconf 81' lang='lat' dir='ltr'><strong>docet</strong></span> <span class='ocrx_word' id='word_1_323' title='bbox 595 2183 641 2210; x_wconf 92' lang='lat' dir='ltr'><strong>lib.</strong></span> <span class='ocrx_word' id='word_1_324' title='bbox 658 2182 679 2215; x_wconf 86' lang='lat' dir='ltr'><strong>l,</strong></span> <span class='ocrx_word' id='word_1_325' title='bbox 692 2190 766 2210; x_wconf 88' lang='lat' dir='ltr'><strong>num.</strong></span> <span class='ocrx_word' id='word_1_326' title='bbox 786 2181 868 2215; x_wconf 72' lang='lat' dir='ltr'><strong>XXV,</strong></span> 
     </span>
    </p>
   </div>
   <div class='ocr_carea' id='block_1_49' title="bbox 920 255 1704 293">
    <p class='ocr_par' dir='ltr' id='par_1_49' title="bbox 920 255 1704 293">
     <span class='ocr_line' id='line_1_49' title="bbox 920 255 1704 293; baseline 0 -11"><span class='ocrx_word' id='word_1_327' title='bbox 920 256 1031 291; x_wconf 89' lang='lat' dir='ltr'><strong>tropicis</strong></span> <span class='ocrx_word' id='word_1_328' title='bbox 1051 260 1166 288; x_wconf 87' lang='lat' dir='ltr'><strong>taceam,</strong></span> <span class='ocrx_word' id='word_1_329' title='bbox 1191 260 1265 283; x_wconf 86' lang='lat' dir='ltr'><strong>certe</strong></span> <span class='ocrx_word' id='word_1_330' title='bbox 1281 255 1479 293; x_wconf 56' lang='lat' dir='ltr'><strong>iequiuoctialis</strong></span> <span class='ocrx_word' id='word_1_331' title='bbox 1500 255 1631 287; x_wconf 89' lang='lat' dir='ltr'><strong>Arielem,</strong></span> <span class='ocrx_word' id='word_1_332' title='bbox 1650 261 1704 282; x_wconf 91' lang='lat' dir='ltr'><strong>non</strong></span> 
     </span>
    </p>
   </div>
   <div class='ocr_carea' id='block_1_50' title="bbox 919 298 1705 337">
    <p class='ocr_par' dir='ltr' id='par_1_50' title="bbox 919 298 1705 337">
     <span class='ocr_line' id='line_1_50' title="bbox 919 298 1705 337; baseline -0.004 -9"><span class='ocrx_word' id='word_1_333' title='bbox 919 302 1068 329; x_wconf 86' lang='lat' dir='ltr'><strong>secundum</strong></span> <span class='ocrx_word' id='word_1_334' title='bbox 1094 302 1300 337; x_wconf 77' lang='lat' dir='ltr'><strong>longitudinem,</strong></span> <span class='ocrx_word' id='word_1_335' title='bbox 1323 299 1393 327; x_wconf 80' lang='grc' dir='ltr'><strong>κατὰ</strong></span> <span class='ocrx_word' id='word_1_336' title='bbox 1421 301 1508 335; x_wconf 79' lang='grc' dir='ltr'>μῆκος</span> <span class='ocrx_word' id='word_1_337' title='bbox 1541 298 1705 335; x_wconf 74' lang='grc' dir='ltr'><strong>ἐληλαμένον</strong></span> 
     </span>
    </p>
   </div>
   <div class='ocr_carea' id='block_1_51' title="bbox 920 343 1707 383">
    <p class='ocr_par' dir='ltr' id='par_1_51' title="bbox 920 343 1707 383">
     <span class='ocr_line' id='line_1_51' title="bbox 920 343 1707 383; baseline -0.006 -8"><span class='ocrx_word' id='word_1_338' title='bbox 920 347 1128 383; x_wconf 84' lang='lat' dir='ltr'><strong>partietur,sed</strong></span> <span class='ocrx_word' id='word_1_339' title='bbox 1154 351 1353 379; x_wconf 85' lang='lat' dir='ltr'><strong>transversum,</strong></span> <span class='ocrx_word' id='word_1_340' title='bbox 1382 351 1409 374; x_wconf 89' lang='lat' dir='ltr'><strong>et</strong></span> <span class='ocrx_word' id='word_1_341' title='bbox 1435 345 1506 372; x_wconf 78' lang='grc' dir='ltr'><strong>κατὰ</strong></span> <span class='ocrx_word' id='word_1_342' title='bbox 1530 346 1640 376; x_wconf 85' lang='grc' dir='ltr'><strong>πλάτος.</strong></span> <span class='ocrx_word' id='word_1_343' title='bbox 1664 343 1707 370; x_wconf 88' lang='lat' dir='ltr'><strong>Si-</strong></span> 
     </span>
    </p>
   </div>
   <div class='ocr_carea' id='block_1_52' title="bbox 919 389 1706 429">
    <p class='ocr_par' dir='ltr' id='par_1_52' title="bbox 919 389 1706 429">
     <span class='ocr_line' id='line_1_52' title="bbox 919 389 1706 429; baseline -0.006 -8"><span class='ocrx_word' id='word_1_344' title='bbox 919 394 1028 429; x_wconf 89' lang='lat' dir='ltr'><strong>quidem</strong></span> <span class='ocrx_word' id='word_1_345' title='bbox 1053 394 1191 421; x_wconf 83' lang='lat' dir='ltr'><strong>sectioncs</strong></span> <span class='ocrx_word' id='word_1_346' title='bbox 1215 393 1415 428; x_wconf 68' lang='lat' dir='ltr'><strong>aequinoctialis</strong></span> <span class='ocrx_word' id='word_1_347' title='bbox 1430 395 1456 419; x_wconf 88' lang='lat' dir='ltr'><strong>et</strong></span> <span class='ocrx_word' id='word_1_348' title='bbox 1480 390 1583 418; x_wconf 76' lang='lat' dir='ltr'><strong>zodiaci</strong></span> <span class='ocrx_word' id='word_1_349' title='bbox 1599 391 1633 417; x_wconf 90' lang='lat' dir='ltr'><strong>ab</strong></span> <span class='ocrx_word' id='word_1_350' title='bbox 1651 389 1706 416; x_wconf 75' lang='lat' dir='ltr'><strong>Eu-</strong></span> 
     </span>
    </p>
   </div>
   <div class='ocr_carea' id='block_1_53' title="bbox 919 434 1705 474">
    <p class='ocr_par' dir='ltr' id='par_1_53' title="bbox 919 434 1705 474">
     <span class='ocr_line' id='line_1_53' title="bbox 919 434 1705 474; baseline -0.005 -9"><span class='ocrx_word' id='word_1_351' title='bbox 919 439 1000 473; x_wconf 85' lang='lat' dir='ltr'><strong>doxo,</strong></span> <span class='ocrx_word' id='word_1_352' title='bbox 1022 443 1051 466; x_wconf 91' lang='lat' dir='ltr'><strong>ut</strong></span> <span class='ocrx_word' id='word_1_353' title='bbox 1075 443 1152 474; x_wconf 80' lang='lat' dir='ltr'><strong>putat</strong></span> <span class='ocrx_word' id='word_1_354' title='bbox 1173 438 1355 474; x_wconf 86' lang='lat' dir='ltr'><strong>Hipparchus,</strong></span> <span class='ocrx_word' id='word_1_355' title='bbox 1382 436 1479 464; x_wconf 84' lang='lat' dir='ltr'><strong>mediis</strong></span> <span class='ocrx_word' id='word_1_356' title='bbox 1502 436 1530 463; x_wconf 91' lang='lat' dir='ltr'><strong>in</strong></span> <span class='ocrx_word' id='word_1_357' title='bbox 1552 435 1638 470; x_wconf 75' lang='lat' dir='ltr'><strong>signis</strong></span> <span class='ocrx_word' id='word_1_358' title='bbox 1662 434 1705 461; x_wconf 88' lang='lat' dir='ltr'><strong>lo-&#39;</strong></span> 
     </span>
    </p>
   </div>
   <div class='ocr_carea' id='block_1_54' title="bbox 919 485 1024 508">
    <p class='ocr_par' dir='ltr' id='par_1_54' title="bbox 919 485 1024 508">
     <span class='ocr_line' id='line_1_54' title="bbox 919 485 1024 508; baseline 0.01 -1"><span class='ocrx_word' id='word_1_359' title='bbox 919 485 1024 508; x_wconf 86' lang='lat' dir='ltr'><strong>cantur.</strong></span> 
     </span>
    </p>
   </div>
   <div class='ocr_carea' id='block_1_55' title="bbox 953 523 1706 563">
    <p class='ocr_par' dir='ltr' id='par_1_55' title="bbox 953 523 1706 563">
     <span class='ocr_line' id='line_1_55' title="bbox 953 523 1706 563; baseline -0.007 -9"><span class='ocrx_word' id='word_1_360' title='bbox 953 527 1013 555; x_wconf 83' lang='lat' dir='ltr'><strong>Non</strong></span> <span class='ocrx_word' id='word_1_361' title='bbox 1025 527 1153 558; x_wconf 82' lang='lat' dir='ltr'><strong>absimili,</strong></span> <span class='ocrx_word' id='word_1_362' title='bbox 1171 531 1201 554; x_wconf 89' lang='lat' dir='ltr'><strong>ut</strong></span> <span class='ocrx_word' id='word_1_363' title='bbox 1218 526 1344 563; x_wconf 87' lang='lat' dir='ltr'><strong>equidem</strong></span> <span class='ocrx_word' id='word_1_364' title='bbox 1367 533 1439 558; x_wconf 88' lang='lat' dir='ltr'><strong>reor,</strong></span> <span class='ocrx_word' id='word_1_365' title='bbox 1459 523 1605 561; x_wconf 75' lang='grc' dir='ltr'><strong>ὁμωνυμίᾳ</strong></span> <span class='ocrx_word' id='word_1_366' title='bbox 1627 523 1706 550; x_wconf 92' lang='lat' dir='ltr'><strong>indu-</strong></span> 
     </span>
    </p>
   </div>
   <div class='ocr_carea' id='block_1_56' title="bbox 918 570 1706 609">
    <p class='ocr_par' dir='ltr' id='par_1_56' title="bbox 918 570 1706 609">
     <span class='ocr_line' id='line_1_56' title="bbox 918 570 1706 609; baseline -0.006 -9"><span class='ocrx_word' id='word_1_367' title='bbox 918 578 978 601; x_wconf 90' lang='lat' dir='ltr'><strong>ctus</strong></span> <span class='ocrx_word' id='word_1_368' title='bbox 991 573 1162 609; x_wconf 90' lang='lat' dir='ltr'><strong>Hipparchus</strong></span> <span class='ocrx_word' id='word_1_369' title='bbox 1173 572 1325 604; x_wconf 76' lang='lat' dir='ltr'><strong>Eudoxum,</strong></span> <span class='ocrx_word' id='word_1_370' title='bbox 1343 572 1456 598; x_wconf 84' lang='lat' dir='ltr'><strong>Aratum</strong></span> <span class='ocrx_word' id='word_1_371' title='bbox 1471 575 1497 598; x_wconf 88' lang='lat' dir='ltr'><strong>et</strong></span> <span class='ocrx_word' id='word_1_372' title='bbox 1511 570 1630 597; x_wconf 89' lang='lat' dir='ltr'><strong>Attalum</strong></span> <span class='ocrx_word' id='word_1_373' title='bbox 1647 573 1706 595; x_wconf 87' lang='lat' dir='ltr'><strong>tra-</strong></span> 
     </span>
    </p>
   </div>
   <div class='ocr_carea' id='block_1_57' title="bbox 919 614 1706 653">
    <p class='ocr_par' dir='ltr' id='par_1_57' title="bbox 919 614 1706 653">
     <span class='ocr_line' id='line_1_57' title="bbox 919 614 1706 653; baseline -0.009 -6"><span class='ocrx_word' id='word_1_374' title='bbox 919 620 997 647; x_wconf 84' lang='lat' dir='ltr'><strong>duxit</strong></span> <span class='ocrx_word' id='word_1_375' title='bbox 1015 627 1089 648; x_wconf 87' lang='lat' dir='ltr'><strong>num.</strong></span> <span class='ocrx_word' id='word_1_376' title='bbox 1103 618 1126 645; x_wconf 75' lang='grc' dir='ltr'><strong>Χ</strong></span> <span class='ocrx_word' id='word_1_377' title='bbox 1142 619 1204 646; x_wconf 85' lang='lat' dir='ltr'><strong>libri</strong></span> <span class='ocrx_word' id='word_1_378' title='bbox 1218 619 1309 653; x_wconf 83' lang='lat' dir='ltr'><strong>primi,</strong></span> <span class='ocrx_word' id='word_1_379' title='bbox 1326 617 1397 653; x_wconf 92' lang='lat' dir='ltr'><strong>quod</strong></span> <span class='ocrx_word' id='word_1_380' title='bbox 1413 617 1463 644; x_wconf 92' lang='lat' dir='ltr'><strong>sub</strong></span> <span class='ocrx_word' id='word_1_381' title='bbox 1478 617 1567 651; x_wconf 86' lang='lat' dir='ltr'><strong>capite</strong></span> <span class='ocrx_word' id='word_1_382' title='bbox 1592 614 1706 650; x_wconf 83' lang='lat' dir='ltr'><strong>majoris</strong></span> 
     </span>
    </p>
   </div>
   <div class='ocr_carea' id='block_1_58' title="bbox 920 661 1706 695">
    <p class='ocr_par' dir='ltr' id='par_1_58' title="bbox 920 661 1706 695">
     <span class='ocr_line' id='line_1_58' title="bbox 920 661 1706 695; baseline -0.009 -2"><span class='ocrx_word' id='word_1_383' title='bbox 920 665 995 693; x_wconf 63' lang='lat' dir='ltr'><strong>Ursae</strong></span> <span class='ocrx_word' id='word_1_384' title='bbox 1008 665 1136 693; x_wconf 86' lang='lat' dir='ltr'><strong>Geminos</strong></span> <span class='ocrx_word' id='word_1_385' title='bbox 1152 669 1286 695; x_wconf 86' lang='lat' dir='ltr'><strong>statuunt,</strong></span> <span class='ocrx_word' id='word_1_386' title='bbox 1298 664 1349 691; x_wconf 89' lang='lat' dir='ltr'><strong>sub</strong></span> <span class='ocrx_word' id='word_1_387' title='bbox 1366 663 1434 691; x_wconf 87' lang='lat' dir='ltr'><strong>Ursa</strong></span> <span class='ocrx_word' id='word_1_388' title='bbox 1442 662 1540 693; x_wconf 84' lang='lat' dir='ltr'><strong>media,</strong></span> <span class='ocrx_word' id='word_1_389' title='bbox 1558 661 1706 693; x_wconf 80' lang='lat' dir='ltr'><strong>Cancrum;</strong></span> 
     </span>
    </p>
   </div>
   <div class='ocr_carea' id='block_1_59' title="bbox 919 706 1707 747">
    <p class='ocr_par' dir='ltr' id='par_1_59' title="bbox 919 706 1707 747">
     <span class='ocr_line' id='line_1_59' title="bbox 919 706 1707 747; baseline -0.01 -8"><span class='ocrx_word' id='word_1_390' title='bbox 919 711 970 739; x_wconf 90' lang='lat' dir='ltr'><strong>sub</strong></span> <span class='ocrx_word' id='word_1_391' title='bbox 991 710 1189 747; x_wconf 86' lang='lat' dir='ltr'><strong>posterioribus</strong></span> <span class='ocrx_word' id='word_1_392' title='bbox 1207 709 1332 745; x_wconf 80' lang='lat' dir='ltr'><strong>pedibus.</strong></span> <span class='ocrx_word' id='word_1_393' title='bbox 1352 708 1480 736; x_wconf 87' lang='lat' dir='ltr'><strong>Leonem.</strong></span> <span class='ocrx_word' id='word_1_394' title='bbox 1505 706 1557 734; x_wconf 88' lang='lat' dir='ltr'><strong>Ubi</strong></span> <span class='ocrx_word' id='word_1_395' title='bbox 1581 706 1615 733; x_wconf 88' lang='lat' dir='ltr'><strong>de</strong></span> <span class='ocrx_word' id='word_1_396' title='bbox 1635 709 1707 732; x_wconf 85' lang='lat' dir='ltr'><strong>aste-</strong></span> 
     </span>
    </p>
   </div>
   <div class='ocr_carea' id='block_1_60' title="bbox 919 751 1705 790">
    <p class='ocr_par' dir='ltr' id='par_1_60' title="bbox 919 751 1705 790">
     <span class='ocr_line' id='line_1_60' title="bbox 919 751 1705 790; baseline -0.009 -6"><span class='ocrx_word' id='word_1_397' title='bbox 919 757 1011 784; x_wconf 77' lang='lat' dir='ltr'><strong>rismis</strong></span> <span class='ocrx_word' id='word_1_398' title='bbox 1036 756 1096 784; x_wconf 82' lang='lat' dir='ltr'><strong>sine</strong></span> <span class='ocrx_word' id='word_1_399' title='bbox 1120 755 1204 783; x_wconf 90' lang='lat' dir='ltr'><strong>dubio</strong></span> <span class='ocrx_word' id='word_1_400' title='bbox 1229 755 1396 790; x_wconf 84' lang='lat' dir='ltr'><strong>loquuntur:</strong></span> <span class='ocrx_word' id='word_1_401' title='bbox 1418 761 1480 780; x_wconf 86' lang='lat' dir='ltr'><strong>nam</strong></span> <span class='ocrx_word' id='word_1_402' title='bbox 1502 751 1578 779; x_wconf 86' lang='lat' dir='ltr'><strong>Arati</strong></span> <span class='ocrx_word' id='word_1_403' title='bbox 1597 758 1705 781; x_wconf 85' lang='lat' dir='ltr'><strong>versus.</strong></span> 
     </span>
    </p>
   </div>
   <div class='ocr_carea' id='block_1_61' title="bbox 918 798 1706 838">
    <p class='ocr_par' dir='ltr' id='par_1_61' title="bbox 918 798 1706 838">
     <span class='ocr_line' id='line_1_61' title="bbox 918 798 1706 838; baseline -0.009 -8"><span class='ocrx_word' id='word_1_404' title='bbox 918 810 987 838; x_wconf 85' lang='lat' dir='ltr'><strong>quos</strong></span> <span class='ocrx_word' id='word_1_405' title='bbox 1002 803 1068 830; x_wconf 89' lang='lat' dir='ltr'><strong>citat</strong></span> <span class='ocrx_word' id='word_1_406' title='bbox 1084 801 1265 837; x_wconf 84' lang='lat' dir='ltr'><strong>Hipparchus,</strong></span> <span class='ocrx_word' id='word_1_407' title='bbox 1278 809 1332 828; x_wconf 93' lang='lat' dir='ltr'><strong>non</strong></span> <span class='ocrx_word' id='word_1_408' title='bbox 1349 800 1430 828; x_wconf 87' lang='lat' dir='ltr'><strong>aliter</strong></span> <span class='ocrx_word' id='word_1_409' title='bbox 1451 798 1564 834; x_wconf 83' lang='lat' dir='ltr'><strong>intelligi</strong></span> <span class='ocrx_word' id='word_1_410' title='bbox 1579 801 1706 833; x_wconf 85' lang='lat' dir='ltr'><strong>possunt.</strong></span> 
     </span>
    </p>
   </div>
   <div class='ocr_carea' id='block_1_62' title="bbox 918 841 1708 883">
    <p class='ocr_par' dir='ltr' id='par_1_62' title="bbox 918 841 1708 883">
     <span class='ocr_line' id='line_1_62' title="bbox 918 841 1708 883; baseline -0.009 -8"><span class='ocrx_word' id='word_1_411' title='bbox 918 849 953 875; x_wconf 88' lang='lat' dir='ltr'><strong>At</strong></span> <span class='ocrx_word' id='word_1_412' title='bbox 967 847 1140 883; x_wconf 82' lang='lat' dir='ltr'><strong>Hipparchus</strong></span> <span class='ocrx_word' id='word_1_413' title='bbox 1157 846 1184 874; x_wconf 91' lang='lat' dir='ltr'><strong>id</strong></span> <span class='ocrx_word' id='word_1_414' title='bbox 1204 855 1237 873; x_wconf 83' lang='lat' dir='ltr'><strong>ex</strong></span> <span class='ocrx_word' id='word_1_415' title='bbox 1251 854 1283 873; x_wconf 92' lang='lat' dir='ltr'><strong>eo</strong></span> <span class='ocrx_word' id='word_1_416' title='bbox 1297 845 1406 879; x_wconf 80' lang='lat' dir='ltr'><strong>refellit,</strong></span> <span class='ocrx_word' id='word_1_417' title='bbox 1429 843 1501 879; x_wconf 88' lang='lat' dir='ltr'><strong>quod</strong></span> <span class='ocrx_word' id='word_1_418' title='bbox 1523 846 1606 878; x_wconf 87' lang='lat' dir='ltr'><strong>caput</strong></span> <span class='ocrx_word' id='word_1_419' title='bbox 1630 841 1708 869; x_wconf 54' lang='lat' dir='ltr'><strong>Ursae</strong></span> 
     </span>
    </p>
   </div>
   <div class='ocr_carea' id='block_1_63' title="bbox 882 888 1706 928">
    <p class='ocr_par' dir='ltr' id='par_1_63' title="bbox 882 888 1706 928">
     <span class='ocr_line' id='line_1_63' title="bbox 882 888 1706 928; baseline -0.006 -9"><span class='ocrx_word' id='word_1_420' title='bbox 882 888 903 919; x_wconf 81' lang='grc' dir='ltr'><strong>Β</strong></span> <span class='ocrx_word' id='word_1_421' title='bbox 918 894 952 921; x_wconf 90' lang='lat' dir='ltr'><strong>sit</strong></span> <span class='ocrx_word' id='word_1_422' title='bbox 967 894 994 920; x_wconf 92' lang='lat' dir='ltr'><strong>in</strong></span> <span class='ocrx_word' id='word_1_423' title='bbox 1009 893 1107 920; x_wconf 89' lang='lat' dir='ltr'><strong>Leonis</strong></span> <span class='ocrx_word' id='word_1_424' title='bbox 1124 897 1200 928; x_wconf 89' lang='lat' dir='ltr'><strong>parte</strong></span> <span class='ocrx_word' id='word_1_425' title='bbox 1217 892 1307 923; x_wconf 86' lang='lat' dir='ltr'><strong>tertia,</strong></span> <span class='ocrx_word' id='word_1_426' title='bbox 1321 891 1448 918; x_wconf 90' lang='lat' dir='ltr'><strong>nimirum</strong></span> <span class='ocrx_word' id='word_1_427' title='bbox 1467 890 1494 917; x_wconf 92' lang='lat' dir='ltr'><strong>in</strong></span> <span class='ocrx_word' id='word_1_428' title='bbox 1510 889 1706 916; x_wconf 86' lang='lat' dir='ltr'><strong>dodecatemo-</strong></span> 
     </span>
    </p>
   </div>
   <div class='ocr_carea' id='block_1_64' title="bbox 919 934 1705 975">
    <p class='ocr_par' dir='ltr' id='par_1_64' title="bbox 919 934 1705 975">
     <span class='ocr_line' id='line_1_64' title="bbox 919 934 1705 975; baseline -0.01 -8"><span class='ocrx_word' id='word_1_429' title='bbox 919 941 960 967; x_wconf 90' lang='lat' dir='ltr'><strong>rio</strong></span> <span class='ocrx_word' id='word_1_430' title='bbox 973 939 1081 970; x_wconf 89' lang='lat' dir='ltr'><strong>Leonis,</strong></span> <span class='ocrx_word' id='word_1_431' title='bbox 1098 938 1211 975; x_wconf 89' lang='lat' dir='ltr'><strong>quodin</strong></span> <span class='ocrx_word' id='word_1_432' title='bbox 1222 936 1406 973; x_wconf 66' lang='lat' dir='ltr'><strong>alquinoctiali</strong></span> <span class='ocrx_word' id='word_1_433' title='bbox 1429 936 1469 962; x_wconf 91' lang='lat' dir='ltr'><strong>vel</strong></span> <span class='ocrx_word' id='word_1_434' title='bbox 1485 934 1616 969; x_wconf 85' lang='lat' dir='ltr'><strong>parallclo</strong></span> <span class='ocrx_word' id='word_1_435' title='bbox 1624 941 1705 968; x_wconf 86' lang='lat' dir='ltr'><strong>repo-</strong></span> 
     </span>
    </p>
   </div>
   <div class='ocr_carea' id='block_1_65' title="bbox 920 981 1706 1018">
    <p class='ocr_par' dir='ltr' id='par_1_65' title="bbox 920 981 1706 1018">
     <span class='ocr_line' id='line_1_65' title="bbox 920 981 1706 1018; baseline -0.009 -6"><span class='ocrx_word' id='word_1_436' title='bbox 920 986 969 1012; x_wconf 90' lang='lat' dir='ltr'><strong>nit.</strong></span> <span class='ocrx_word' id='word_1_437' title='bbox 982 984 1038 1012; x_wconf 90' lang='lat' dir='ltr'><strong>Hoc</strong></span> <span class='ocrx_word' id='word_1_438' title='bbox 1052 991 1114 1012; x_wconf 92' lang='lat' dir='ltr'><strong>vero</strong></span> <span class='ocrx_word' id='word_1_439' title='bbox 1129 982 1336 1018; x_wconf 78' lang='lat' dir='ltr'><strong>argumentandi</strong></span> <span class='ocrx_word' id='word_1_440' title='bbox 1356 989 1443 1017; x_wconf 82' lang='lat' dir='ltr'><strong>genus</strong></span> <span class='ocrx_word' id='word_1_441' title='bbox 1463 981 1581 1008; x_wconf 88' lang='lat' dir='ltr'><strong>alienum</strong></span> <span class='ocrx_word' id='word_1_442' title='bbox 1601 983 1654 1012; x_wconf 87' lang='lat' dir='ltr'><strong>est,</strong></span> <span class='ocrx_word' id='word_1_443' title='bbox 1679 984 1706 1005; x_wconf 89' lang='lat' dir='ltr'><strong>et</strong></span> 
     </span>
    </p>
   </div>
   <div class='ocr_carea' id='block_1_66' title="bbox 920 1026 1707 1067">
    <p class='ocr_par' dir='ltr' id='par_1_66' title="bbox 920 1026 1707 1067">
     <span class='ocr_line' id='line_1_66' title="bbox 920 1026 1707 1067; baseline -0.009 -9"><span class='ocrx_word' id='word_1_444' title='bbox 920 1032 948 1059; x_wconf 90' lang='lat' dir='ltr'><strong>in</strong></span> <span class='ocrx_word' id='word_1_445' title='bbox 959 1031 1102 1067; x_wconf 80' lang='grc' dir='ltr'><strong>ὁμωνυμίᾳ</strong></span> <span class='ocrx_word' id='word_1_446' title='bbox 1116 1030 1295 1057; x_wconf 83' lang='lat' dir='ltr'><strong>conflictatur.</strong></span> <span class='ocrx_word' id='word_1_447' title='bbox 1312 1028 1365 1056; x_wconf 90' lang='lat' dir='ltr'><strong>Sed</strong></span> <span class='ocrx_word' id='word_1_448' title='bbox 1377 1028 1410 1055; x_wconf 92' lang='lat' dir='ltr'><strong>de</strong></span> <span class='ocrx_word' id='word_1_449' title='bbox 1427 1027 1477 1054; x_wconf 92' lang='lat' dir='ltr'><strong>hoc</strong></span> <span class='ocrx_word' id='word_1_450' title='bbox 1488 1026 1635 1061; x_wconf 89' lang='lat' dir='ltr'><strong>Hipparchi</strong></span> <span class='ocrx_word' id='word_1_451' title='bbox 1646 1026 1707 1053; x_wconf 90' lang='lat' dir='ltr'><strong>loco</strong></span> 
     </span>
    </p>
   </div>
   <div class='ocr_carea' id='block_1_67' title="bbox 921 1073 1538 1113">
    <p class='ocr_par' dir='ltr' id='par_1_67' title="bbox 921 1073 1538 1113">
     <span class='ocr_line' id='line_1_67' title="bbox 921 1073 1538 1113; baseline -0.008 -9"><span class='ocrx_word' id='word_1_452' title='bbox 921 1077 1046 1113; x_wconf 82' lang='lat' dir='ltr'><strong>pluribus</strong></span> <span class='ocrx_word' id='word_1_453' title='bbox 1057 1080 1153 1112; x_wconf 78' lang='lat' dir='ltr'><strong>agetur</strong></span> <span class='ocrx_word' id='word_1_454' title='bbox 1172 1075 1262 1111; x_wconf 90' lang='lat' dir='ltr'><strong>capite</strong></span> <span class='ocrx_word' id='word_1_455' title='bbox 1278 1075 1358 1102; x_wconf 88' lang='lat' dir='ltr'><strong>tertio</strong></span> <span class='ocrx_word' id='word_1_456' title='bbox 1373 1073 1434 1101; x_wconf 81' lang='lat' dir='ltr'><strong>libri</strong></span> <span class='ocrx_word' id='word_1_457' title='bbox 1455 1073 1538 1100; x_wconf 90' lang='lat' dir='ltr'><strong>tertii.</strong></span> 
     </span>
    </p>
   </div>
   <div class='ocr_carea' id='block_1_68' title="bbox 953 1117 1707 1155">
    <p class='ocr_par' dir='ltr' id='par_1_68' title="bbox 953 1117 1707 1155">
     <span class='ocr_line' id='line_1_68' title="bbox 953 1117 1707 1155; baseline -0.008 -5"><span class='ocrx_word' id='word_1_458' title='bbox 953 1122 994 1150; x_wconf 88' lang='lat' dir='ltr'><strong>Ad</strong></span> <span class='ocrx_word' id='word_1_459' title='bbox 1005 1122 1264 1150; x_wconf 74' lang='lat' dir='ltr'><strong>extremumsimilis</strong></span> <span class='ocrx_word' id='word_1_460' title='bbox 1275 1121 1438 1155; x_wconf 82' lang='lat' dir='ltr'><strong>ambiguitas</strong></span> <span class='ocrx_word' id='word_1_461' title='bbox 1452 1119 1543 1146; x_wconf 91' lang='lat' dir='ltr'><strong>fucum</strong></span> <span class='ocrx_word' id='word_1_462' title='bbox 1559 1118 1653 1146; x_wconf 90' lang='lat' dir='ltr'><strong>Servio</strong></span> <span class='ocrx_word' id='word_1_463' title='bbox 1669 1117 1707 1144; x_wconf 83' lang='lat' dir='ltr'><strong>fr.-</strong></span> 
     </span>
    </p>
   </div>
   <div class='ocr_carea' id='block_1_69' title="bbox 920 1166 1707 1205">
    <p class='ocr_par' dir='ltr' id='par_1_69' title="bbox 920 1166 1707 1205">
     <span class='ocr_line' id='line_1_69' title="bbox 920 1166 1707 1205; baseline -0.004 -10"><span class='ocrx_word' id='word_1_464' title='bbox 920 1168 957 1195; x_wconf 92' lang='lat' dir='ltr'><strong>cit</strong></span> <span class='ocrx_word' id='word_1_465' title='bbox 974 1168 1001 1195; x_wconf 90' lang='lat' dir='ltr'><strong>in</strong></span> <span class='ocrx_word' id='word_1_466' title='bbox 1012 1168 1220 1195; x_wconf 85' lang='lat' dir='ltr'><strong>Commentariis</strong></span> <span class='ocrx_word' id='word_1_467' title='bbox 1230 1166 1281 1194; x_wconf 85' lang='lat' dir='ltr'><strong>adl</strong></span> <span class='ocrx_word' id='word_1_468' title='bbox 1295 1166 1425 1200; x_wconf 61' lang='lat' dir='ltr'><strong>Georgia,</strong></span> <span class='ocrx_word' id='word_1_469' title='bbox 1437 1166 1483 1193; x_wconf 89' lang='lat' dir='ltr'><strong>ubi</strong></span> <span class='ocrx_word' id='word_1_470' title='bbox 1494 1166 1554 1205; x_wconf 47' lang='lat' dir='ltr'><strong>haec</strong></span> <span class='ocrx_word' id='word_1_471' title='bbox 1564 1172 1707 1198; x_wconf 77' lang='lat' dir='ltr'><strong>cnarrans,</strong></span> 
     </span>
    </p>
   </div>
   <div class='ocr_carea' id='block_1_70' title="bbox 952 1211 1670 1248">
    <p class='ocr_par' dir='ltr' id='par_1_70' title="bbox 952 1211 1670 1248">
     <span class='ocr_line' id='line_1_70' title="bbox 952 1211 1670 1248; baseline -0.006 -7"><span class='ocrx_word' id='word_1_472' title='bbox 952 1213 1012 1247; x_wconf 82' lang='lat' dir='ltr'><strong>Qua</strong></span> <span class='ocrx_word' id='word_1_473' title='bbox 1027 1214 1098 1241; x_wconf 82' lang='lat' dir='ltr'><strong>locus</strong></span> <span class='ocrx_word' id='word_1_474' title='bbox 1114 1213 1254 1248; x_wconf 85' lang='lat' dir='ltr'><strong>Erigonem</strong></span> <span class='ocrx_word' id='word_1_475' title='bbox 1269 1213 1347 1245; x_wconf 79' lang='lat' dir='ltr'><strong>inter,</strong></span> <span class='ocrx_word' id='word_1_476' title='bbox 1367 1211 1512 1246; x_wconf 78' lang='lat' dir='ltr'><strong>Chelasque</strong></span> <span class='ocrx_word' id='word_1_477' title='bbox 1527 1216 1670 1246; x_wconf 75' lang='lat' dir='ltr'><strong>sequentes,</strong></span> 
     </span>
    </p>
   </div>
   <div class='ocr_carea' id='block_1_71' title="bbox 921 1248 1708 1296">
    <p class='ocr_par' dir='ltr' id='par_1_71' title="bbox 921 1248 1708 1296">
     <span class='ocr_line' id='line_1_71' title="bbox 921 1248 1708 1296; baseline -0.006 -9"><span class='ocrx_word' id='word_1_478' title='bbox 921 1260 1043 1296; x_wconf 75' lang='lat' dir='ltr'><strong>quaedam</strong></span> <span class='ocrx_word' id='word_1_479' title='bbox 1065 1248 1187 1291; x_wconf 64' lang='lat' dir='ltr'><strong>adnotat,</strong></span> <span class='ocrx_word' id='word_1_480' title='bbox 1210 1266 1270 1294; x_wconf 69' lang='lat' dir='ltr'><strong>qua:</strong></span> <span class='ocrx_word' id='word_1_481' title='bbox 1297 1258 1340 1285; x_wconf 90' lang='lat' dir='ltr'><strong>hic</strong></span> <span class='ocrx_word' id='word_1_482' title='bbox 1365 1257 1469 1285; x_wconf 89' lang='lat' dir='ltr'><strong>referre</strong></span> <span class='ocrx_word' id='word_1_483' title='bbox 1490 1257 1588 1284; x_wconf 87' lang='lat' dir='ltr'><strong>melius</strong></span> <span class='ocrx_word' id='word_1_484' title='bbox 1614 1256 1708 1283; x_wconf 87' lang='lat' dir='ltr'><strong>fuerit.</strong></span> 
     </span>
    </p>
   </div>
   <div class='ocr_carea' id='block_1_72' title="bbox 924 1302 1705 1341">
    <p class='ocr_par' dir='ltr' id='par_1_72' title="bbox 924 1302 1705 1341">
     <span class='ocr_line' id='line_1_72' title="bbox 924 1302 1705 1341; baseline -0.004 -8"><span class='ocrx_word' id='word_1_485' title='bbox 924 1315 933 1332; x_wconf 79' lang='grc' dir='ltr'>ι</span> <span class='ocrx_word' id='word_1_486' title='bbox 948 1305 1078 1341; x_wconf 68' lang='grc' dir='ltr'><strong>Αἰεγριίἰ,</strong></span> <span class='ocrx_word' id='word_1_487' title='bbox 1093 1305 1190 1340; x_wconf 90' lang='lat' dir='ltr'><strong>inquit,</strong></span> <span class='ocrx_word' id='word_1_488' title='bbox 1204 1304 1347 1332; x_wconf 84' lang='lat' dir='ltr'><strong>duodecim</strong></span> <span class='ocrx_word' id='word_1_489' title='bbox 1368 1311 1429 1331; x_wconf 86' lang='lat' dir='ltr'><strong>esse</strong></span> <span class='ocrx_word' id='word_1_490' title='bbox 1453 1306 1582 1330; x_wconf 86' lang='lat' dir='ltr'><strong>asserunt</strong></span> <span class='ocrx_word' id='word_1_491' title='bbox 1604 1302 1680 1337; x_wconf 82' lang='lat' dir='ltr'><strong>signa</strong></span> <span class='ocrx_word' id='word_1_492' title='bbox 1698 1312 1705 1330; x_wconf 92' lang='lat'>:</span> 
     </span>
    </p>
   </div>
   <div class='ocr_carea' id='block_1_73' title="bbox 920 1346 1708 1383">
    <p class='ocr_par' dir='ltr' id='par_1_73' title="bbox 920 1346 1708 1383">
     <span class='ocr_line' id='line_1_73' title="bbox 920 1346 1708 1383; baseline -0.006 -5"><span class='ocrx_word' id='word_1_493' title='bbox 920 1350 1038 1378; x_wconf 68' lang='lat' dir='ltr'><strong>Chaldaei</strong></span> <span class='ocrx_word' id='word_1_494' title='bbox 1056 1358 1119 1377; x_wconf 91' lang='lat' dir='ltr'><strong>vero</strong></span> <span class='ocrx_word' id='word_1_495' title='bbox 1135 1349 1270 1377; x_wconf 88' lang='lat' dir='ltr'><strong>undecim.</strong></span> <span class='ocrx_word' id='word_1_496' title='bbox 1298 1348 1366 1375; x_wconf 85' lang='lat' dir='ltr'><strong>Nam</strong></span> <span class='ocrx_word' id='word_1_497' title='bbox 1384 1348 1527 1383; x_wconf 85' lang='lat' dir='ltr'><strong>Scorpium</strong></span> <span class='ocrx_word' id='word_1_498' title='bbox 1553 1350 1581 1374; x_wconf 85' lang='lat' dir='ltr'><strong>et</strong></span> <span class='ocrx_word' id='word_1_499' title='bbox 1598 1346 1708 1374; x_wconf 83' lang='lat' dir='ltr'><strong>Libram</strong></span> 
     </span>
    </p>
   </div>
   <div class='ocr_carea' id='block_1_74' title="bbox 921 1392 1707 1431">
    <p class='ocr_par' dir='ltr' id='par_1_74' title="bbox 921 1392 1707 1431">
     <span class='ocr_line' id='line_1_74' title="bbox 921 1392 1707 1431; baseline -0.005 -7"><span class='ocrx_word' id='word_1_500' title='bbox 921 1404 1006 1424; x_wconf 87' lang='lat' dir='ltr'><strong>unum</strong></span> <span class='ocrx_word' id='word_1_501' title='bbox 1018 1396 1125 1431; x_wconf 83' lang='lat' dir='ltr'><strong>signum</strong></span> <span class='ocrx_word' id='word_1_502' title='bbox 1137 1395 1282 1429; x_wconf 86' lang='lat' dir='ltr'><strong>accipiunt.</strong></span> <span class='ocrx_word' id='word_1_503' title='bbox 1294 1393 1383 1421; x_wconf 79' lang='lat' dir='ltr'><strong>Glicia:</strong></span> <span class='ocrx_word' id='word_1_504' title='bbox 1392 1394 1463 1421; x_wconf 90' lang='lat' dir='ltr'><strong>enim</strong></span> <span class='ocrx_word' id='word_1_505' title='bbox 1479 1392 1585 1428; x_wconf 86' lang='lat' dir='ltr'><strong>Scorpii</strong></span> <span class='ocrx_word' id='word_1_506' title='bbox 1598 1392 1707 1420; x_wconf 85' lang='lat' dir='ltr'><strong>Libram</strong></span> 
     </span>
    </p>
   </div>
   <div class='ocr_carea' id='block_1_75' title="bbox 922 1439 1708 1475">
    <p class='ocr_par' dir='ltr' id='par_1_75' title="bbox 922 1439 1708 1475">
     <span class='ocr_line' id='line_1_75' title="bbox 922 1439 1708 1475; baseline -0.005 -5"><span class='ocrx_word' id='word_1_507' title='bbox 922 1443 1036 1471; x_wconf 81' lang='lat' dir='ltr'><strong>faciunt.</strong></span> <span class='ocrx_word' id='word_1_508' title='bbox 1054 1442 1135 1470; x_wconf 88' lang='lat' dir='ltr'><strong>Iidem</strong></span> <span class='ocrx_word' id='word_1_509' title='bbox 1152 1441 1271 1469; x_wconf 71' lang='lat' dir='ltr'><strong>Chaldaei</strong></span> <span class='ocrx_word' id='word_1_510' title='bbox 1287 1441 1380 1468; x_wconf 88' lang='lat' dir='ltr'><strong>volunt</strong></span> <span class='ocrx_word' id='word_1_511' title='bbox 1396 1439 1514 1475; x_wconf 58' lang='lat' dir='ltr'><strong>aequales</strong></span> <span class='ocrx_word' id='word_1_512' title='bbox 1531 1447 1592 1467; x_wconf 89' lang='lat' dir='ltr'><strong>esse</strong></span> <span class='ocrx_word' id='word_1_513' title='bbox 1617 1443 1708 1474; x_wconf 82' lang='lat' dir='ltr'><strong>partes</strong></span> 
     </span>
    </p>
   </div>
   <div class='ocr_carea' id='block_1_76' title="bbox 921 1486 1707 1523">
    <p class='ocr_par' dir='ltr' id='par_1_76' title="bbox 921 1486 1707 1523">
     <span class='ocr_line' id='line_1_76' title="bbox 921 1486 1707 1523; baseline -0.006 -6"><span class='ocrx_word' id='word_1_514' title='bbox 921 1490 949 1518; x_wconf 91' lang='lat' dir='ltr'><strong>in</strong></span> <span class='ocrx_word' id='word_1_515' title='bbox 963 1489 1090 1517; x_wconf 89' lang='lat' dir='ltr'><strong>omnibus</strong></span> <span class='ocrx_word' id='word_1_516' title='bbox 1104 1488 1190 1522; x_wconf 77' lang='lat' dir='ltr'><strong>signis</strong></span> <span class='ocrx_word' id='word_1_517' title='bbox 1204 1497 1210 1514; x_wconf 87' lang='lat'><strong>:</strong></span> <span class='ocrx_word' id='word_1_518' title='bbox 1226 1487 1272 1515; x_wconf 78' lang='lat' dir='ltr'><strong>sed</strong></span> <span class='ocrx_word' id='word_1_519' title='bbox 1282 1495 1330 1523; x_wconf 93' lang='lat' dir='ltr'><strong>pro</strong></span> <span class='ocrx_word' id='word_1_520' title='bbox 1344 1487 1474 1521; x_wconf 82' lang='lat' dir='ltr'><strong>qualitate</strong></span> <span class='ocrx_word' id='word_1_521' title='bbox 1492 1486 1547 1517; x_wconf 91' lang='lat' dir='ltr'><strong>sui,</strong></span> <span class='ocrx_word' id='word_1_522' title='bbox 1572 1486 1646 1513; x_wconf 89' lang='lat' dir='ltr'><strong>aliud</strong></span> <span class='ocrx_word' id='word_1_523' title='bbox 1668 1486 1707 1513; x_wconf 89' lang='lat' dir='ltr'><strong>si-</strong></span> 
     </span>
    </p>
   </div>
   <div class='ocr_carea' id='block_1_77' title="bbox 921 1532 1707 1572">
    <p class='ocr_par' dir='ltr' id='par_1_77' title="bbox 921 1532 1707 1572">
     <span class='ocr_line' id='line_1_77' title="bbox 921 1532 1707 1572; baseline -0.006 -8"><span class='ocrx_word' id='word_1_524' title='bbox 921 1544 1004 1572; x_wconf 73' lang='lat' dir='ltr'><strong>gnum</strong></span> <span class='ocrx_word' id='word_1_525' title='bbox 1019 1544 1066 1568; x_wconf 79' lang='lat' dir='ltr'><strong>xx,</strong></span> <span class='ocrx_word' id='word_1_526' title='bbox 1091 1534 1164 1562; x_wconf 91' lang='lat' dir='ltr'><strong>aliud</strong></span> <span class='ocrx_word' id='word_1_527' title='bbox 1180 1541 1213 1560; x_wconf 81' lang='lat' dir='ltr'><strong>xi.</strong></span> <span class='ocrx_word' id='word_1_528' title='bbox 1231 1533 1329 1560; x_wconf 80' lang='lat' dir='ltr'><strong>habere</strong></span> <span class='ocrx_word' id='word_1_529' title='bbox 1346 1543 1352 1560; x_wconf 93' lang='lat'>:</span> <span class='ocrx_word' id='word_1_530' title='bbox 1367 1540 1429 1560; x_wconf 91' lang='lat' dir='ltr'><strong>cum</strong></span> <span class='ocrx_word' id='word_1_531' title='bbox 1443 1532 1563 1569; x_wconf 70' lang='lat' dir='ltr'><strong>[Egyptii</strong></span> <span class='ocrx_word' id='word_1_532' title='bbox 1589 1533 1707 1560; x_wconf 83' lang='lat' dir='ltr'><strong>tricenas</strong></span> 
     </span>
    </p>
   </div>
   <div class='ocr_carea' id='block_1_78' title="bbox 920 1577 1707 1617">
    <p class='ocr_par' dir='ltr' id='par_1_78' title="bbox 920 1577 1707 1617">
     <span class='ocr_line' id='line_1_78' title="bbox 920 1577 1707 1617; baseline -0.008 -7"><span class='ocrx_word' id='word_1_533' title='bbox 920 1590 982 1610; x_wconf 87' lang='lat' dir='ltr'><strong>esse</strong></span> <span class='ocrx_word' id='word_1_534' title='bbox 996 1585 1087 1617; x_wconf 82' lang='lat' dir='ltr'><strong>partes</strong></span> <span class='ocrx_word' id='word_1_535' title='bbox 1103 1580 1131 1607; x_wconf 93' lang='lat' dir='ltr'><strong>in</strong></span> <span class='ocrx_word' id='word_1_536' title='bbox 1146 1580 1271 1607; x_wconf 75' lang='lat' dir='ltr'><strong>(minibus</strong></span> <span class='ocrx_word' id='word_1_537' title='bbox 1281 1579 1372 1606; x_wconf 85' lang='lat' dir='ltr'><strong>velint.</strong></span> <span class='ocrx_word' id='word_1_538' title='bbox 1387 1577 1465 1605; x_wconf 82' lang='lat' dir='ltr'><strong>Modo</strong></span> <span class='ocrx_word' id='word_1_539' title='bbox 1479 1586 1544 1614; x_wconf 71' lang='lat' dir='ltr'><strong>ergo</strong></span> <span class='ocrx_word' id='word_1_540' title='bbox 1557 1579 1707 1606; x_wconf 91' lang='lat' dir='ltr'><strong>secundum</strong></span> 
     </span>
    </p>
   </div>
   <div class='ocr_carea' id='block_1_79' title="bbox 920 1624 1708 1659">
    <p class='ocr_par' dir='ltr' id='par_1_79' title="bbox 920 1624 1708 1659">
     <span class='ocr_line' id='line_1_79' title="bbox 920 1624 1708 1659; baseline -0.004 -3"><span class='ocrx_word' id='word_1_541' title='bbox 920 1628 1064 1656; x_wconf 65' lang='lat' dir='ltr'><strong>Chaldmos</strong></span> <span class='ocrx_word' id='word_1_542' title='bbox 1092 1627 1202 1654; x_wconf 87' lang='lat' dir='ltr'><strong>locutus</strong></span> <span class='ocrx_word' id='word_1_543' title='bbox 1220 1630 1271 1658; x_wconf 89' lang='lat' dir='ltr'><strong>est,</strong></span> <span class='ocrx_word' id='word_1_544' title='bbox 1295 1625 1389 1652; x_wconf 87' lang='lat' dir='ltr'><strong>dicens</strong></span> <span class='ocrx_word' id='word_1_545' title='bbox 1412 1632 1493 1659; x_wconf 90' lang='lat' dir='ltr'><strong>posse</strong></span> <span class='ocrx_word' id='word_1_546' title='bbox 1516 1632 1577 1652; x_wconf 89' lang='lat' dir='ltr'><strong>eum</strong></span> <span class='ocrx_word' id='word_1_547' title='bbox 1609 1624 1708 1653; x_wconf 87' lang='lat' dir='ltr'><strong>habere</strong></span> 
     </span>
    </p>
   </div>
   <div class='ocr_carea' id='block_1_80' title="bbox 921 1669 1708 1707">
    <p class='ocr_par' dir='ltr' id='par_1_80' title="bbox 921 1669 1708 1707">
     <span class='ocr_line' id='line_1_80' title="bbox 921 1669 1708 1707; baseline -0.006 -6"><span class='ocrx_word' id='word_1_548' title='bbox 921 1675 1010 1701; x_wconf 91' lang='lat' dir='ltr'><strong>locum</strong></span> <span class='ocrx_word' id='word_1_549' title='bbox 1030 1673 1100 1700; x_wconf 87' lang='lat' dir='ltr'><strong>inter</strong></span> <span class='ocrx_word' id='word_1_550' title='bbox 1118 1671 1261 1707; x_wconf 89' lang='lat' dir='ltr'><strong>Scorpium</strong></span> <span class='ocrx_word' id='word_1_551' title='bbox 1278 1675 1305 1698; x_wconf 87' lang='lat' dir='ltr'><strong>et</strong></span> <span class='ocrx_word' id='word_1_552' title='bbox 1318 1669 1467 1703; x_wconf 77' lang='lat' dir='ltr'><strong>Virginem.</strong></span> <span class='ocrx_word' id='word_1_553' title='bbox 1485 1679 1494 1695; x_wconf 75' lang='grc' dir='ltr'><strong><em>ι</em></strong></span> <span class='ocrx_word' id='word_1_554' title='bbox 1518 1669 1601 1705; x_wconf 70' lang='lat' dir='ltr'><strong>Signa</strong></span> <span class='ocrx_word' id='word_1_555' title='bbox 1617 1670 1708 1705; x_wconf 87' lang='lat' dir='ltr'><strong>dupli-</strong></span> 
     </span>
    </p>
   </div>
   <div class='ocr_carea' id='block_1_81' title="bbox 920 1714 1708 1752">
    <p class='ocr_par' dir='ltr' id='par_1_81' title="bbox 920 1714 1708 1752">
     <span class='ocr_line' id='line_1_81' title="bbox 920 1714 1708 1752; baseline -0.008 -6"><span class='ocrx_word' id='word_1_556' title='bbox 920 1719 987 1746; x_wconf 85' lang='lat' dir='ltr'><strong>citer</strong></span> <span class='ocrx_word' id='word_1_557' title='bbox 1011 1721 1190 1752; x_wconf 83' lang='lat' dir='ltr'><strong>usurpantur.</strong></span> <span class='ocrx_word' id='word_1_558' title='bbox 1215 1715 1270 1742; x_wconf 91' lang='lat' dir='ltr'><strong>Aut</strong></span> <span class='ocrx_word' id='word_1_559' title='bbox 1296 1715 1369 1742; x_wconf 89' lang='lat' dir='ltr'><strong>enim</strong></span> <span class='ocrx_word' id='word_1_560' title='bbox 1393 1714 1611 1742; x_wconf 87' lang='lat' dir='ltr'><strong>dodccatcmoria</strong></span> <span class='ocrx_word' id='word_1_561' title='bbox 1644 1719 1708 1743; x_wconf 83' lang='lat' dir='ltr'><strong>sunt</strong></span> 
     </span>
    </p>
   </div>
   <div class='ocr_carea' id='block_1_82' title="bbox 920 1760 1707 1800">
    <p class='ocr_par' dir='ltr' id='par_1_82' title="bbox 920 1760 1707 1800">
     <span class='ocr_line' id='line_1_82' title="bbox 920 1760 1707 1800; baseline -0.006 -8"><span class='ocrx_word' id='word_1_562' title='bbox 920 1763 1119 1800; x_wconf 66' lang='lat' dir='ltr'><strong>aequinoctialis</strong></span> <span class='ocrx_word' id='word_1_563' title='bbox 1141 1763 1182 1790; x_wconf 90' lang='lat' dir='ltr'><strong>vel</strong></span> <span class='ocrx_word' id='word_1_564' title='bbox 1197 1760 1312 1793; x_wconf 84' lang='lat' dir='ltr'><strong>zodiaci,</strong></span> <span class='ocrx_word' id='word_1_565' title='bbox 1332 1764 1379 1788; x_wconf 89' lang='lat' dir='ltr'><strong>aut</strong></span> <span class='ocrx_word' id='word_1_566' title='bbox 1390 1760 1538 1792; x_wconf 85' lang='lat' dir='ltr'><strong>asterismi,</strong></span> <span class='ocrx_word' id='word_1_567' title='bbox 1551 1767 1611 1795; x_wconf 75' lang='lat' dir='ltr'><strong>qua:</strong></span> <span class='ocrx_word' id='word_1_568' title='bbox 1627 1761 1707 1796; x_wconf 79' lang='grc' dir='ltr'>ἠστε-</span> 
     </span>
    </p>
   </div>
   <div class='ocr_carea' id='block_1_83' title="bbox 923 1807 1707 1849">
    <p class='ocr_par' dir='ltr' id='par_1_83' title="bbox 923 1807 1707 1849">
     <span class='ocr_line' id='line_1_83' title="bbox 923 1807 1707 1849; baseline -0.003 -11"><span class='ocrx_word' id='word_1_569' title='bbox 923 1811 1036 1849; x_wconf 79' lang='grc' dir='ltr'><strong>ρισμένα.</strong></span> <span class='ocrx_word' id='word_1_570' title='bbox 1052 1809 1136 1843; x_wconf 72' lang='grc' dir='ltr'><strong>ζῴδια</strong></span> <span class='ocrx_word' id='word_1_571' title='bbox 1148 1812 1228 1836; x_wconf 90' lang='lat' dir='ltr'><strong>vocat</strong></span> <span class='ocrx_word' id='word_1_572' title='bbox 1250 1807 1432 1843; x_wconf 86' lang='lat' dir='ltr'><strong>Hipparchus.</strong></span> <span class='ocrx_word' id='word_1_573' title='bbox 1456 1807 1559 1834; x_wconf 88' lang='lat' dir='ltr'><strong>Horum</strong></span> <span class='ocrx_word' id='word_1_574' title='bbox 1583 1807 1707 1842; x_wconf 72' lang='lat' dir='ltr'><strong>qumdam</strong></span> 
     </span>
    </p>
   </div>
   <div class='ocr_carea' id='block_1_84' title="bbox 922 1852 1707 1888">
    <p class='ocr_par' dir='ltr' id='par_1_84' title="bbox 922 1852 1707 1888">
     <span class='ocr_line' id='line_1_84' title="bbox 922 1852 1707 1888; baseline -0.01 -2"><span class='ocrx_word' id='word_1_575' title='bbox 922 1857 1140 1886; x_wconf 82' lang='lat' dir='ltr'><strong>dodecatemorio</strong></span> <span class='ocrx_word' id='word_1_576' title='bbox 1153 1863 1204 1883; x_wconf 91' lang='lat' dir='ltr'><strong>suo</strong></span> <span class='ocrx_word' id='word_1_577' title='bbox 1229 1855 1345 1886; x_wconf 90' lang='lat' dir='ltr'><strong>minora,</strong></span> <span class='ocrx_word' id='word_1_578' title='bbox 1362 1852 1485 1888; x_wconf 67' lang='lat' dir='ltr'><strong>quaedam</strong></span> <span class='ocrx_word' id='word_1_579' title='bbox 1503 1854 1607 1888; x_wconf 87' lang='lat' dir='ltr'><strong>majora</strong></span> <span class='ocrx_word' id='word_1_580' title='bbox 1631 1859 1707 1886; x_wconf 84' lang='lat' dir='ltr'><strong>sum,</strong></span> 
     </span>
    </p>
   </div>
   <div class='ocr_carea' id='block_1_85' title="bbox 921 1897 1706 1934">
    <p class='ocr_par' dir='ltr' id='par_1_85' title="bbox 921 1897 1706 1934">
     <span class='ocr_line' id='line_1_85' title="bbox 921 1897 1706 1934; baseline -0.009 -3"><span class='ocrx_word' id='word_1_581' title='bbox 921 1904 986 1931; x_wconf 90' lang='lat' dir='ltr'><strong>etin</strong></span> <span class='ocrx_word' id='word_1_582' title='bbox 1002 1903 1090 1930; x_wconf 84' lang='lat' dir='ltr'><strong>vicina</strong></span> <span class='ocrx_word' id='word_1_583' title='bbox 1105 1901 1269 1933; x_wconf 82' lang='lat' dir='ltr'><strong>redundant,</strong></span> <span class='ocrx_word' id='word_1_584' title='bbox 1283 1904 1311 1927; x_wconf 93' lang='lat' dir='ltr'><strong>ut</strong></span> <span class='ocrx_word' id='word_1_585' title='bbox 1325 1907 1405 1934; x_wconf 87' lang='lat' dir='ltr'><strong>supra</strong></span> <span class='ocrx_word' id='word_1_586' title='bbox 1418 1899 1547 1927; x_wconf 78' lang='lat' dir='ltr'><strong>diximus.</strong></span> <span class='ocrx_word' id='word_1_587' title='bbox 1571 1897 1632 1926; x_wconf 65' lang='lat' dir='ltr'><strong>Haec</strong></span> <span class='ocrx_word' id='word_1_588' title='bbox 1645 1906 1706 1926; x_wconf 88' lang='lat' dir='ltr'><strong>cum</strong></span> 
     </span>
    </p>
   </div>
   <div class='ocr_carea' id='block_1_86' title="bbox 922 1944 1707 1984">
    <p class='ocr_par' dir='ltr' id='par_1_86' title="bbox 922 1944 1707 1984">
     <span class='ocr_line' id='line_1_86' title="bbox 922 1944 1707 1984; baseline -0.009 -7"><span class='ocrx_word' id='word_1_589' title='bbox 922 1950 1033 1984; x_wconf 80' lang='lat' dir='ltr'><strong>legisset</strong></span> <span class='ocrx_word' id='word_1_590' title='bbox 1049 1948 1150 1975; x_wconf 83' lang='lat' dir='ltr'><strong>alicubi</strong></span> <span class='ocrx_word' id='word_1_591' title='bbox 1166 1947 1371 1982; x_wconf 77' lang='lat' dir='ltr'><strong>grammaticus,</strong></span> <span class='ocrx_word' id='word_1_592' title='bbox 1398 1945 1538 1980; x_wconf 81' lang='lat' dir='ltr'><strong>signorum</strong></span> <span class='ocrx_word' id='word_1_593' title='bbox 1553 1951 1652 1979; x_wconf 76' lang='lat' dir='ltr'><strong>genera</strong></span> <span class='ocrx_word' id='word_1_594' title='bbox 1662 1944 1707 1971; x_wconf 89' lang='lat' dir='ltr'><strong>illa</strong></span> 
     </span>
    </p>
   </div>
   <div class='ocr_carea' id='block_1_87' title="bbox 921 1991 1706 2031">
    <p class='ocr_par' dir='ltr' id='par_1_87' title="bbox 921 1991 1706 2031">
     <span class='ocr_line' id='line_1_87' title="bbox 921 1991 1706 2031; baseline -0.009 -7"><span class='ocrx_word' id='word_1_595' title='bbox 921 1997 976 2024; x_wconf 92' lang='lat' dir='ltr'><strong>duo</strong></span> <span class='ocrx_word' id='word_1_596' title='bbox 991 1995 1164 2031; x_wconf 87' lang='lat' dir='ltr'><strong>permiscuit,</strong></span> <span class='ocrx_word' id='word_1_597' title='bbox 1178 1998 1204 2021; x_wconf 91' lang='lat' dir='ltr'><strong>et</strong></span> <span class='ocrx_word' id='word_1_598' title='bbox 1219 2001 1275 2020; x_wconf 89' lang='lat' dir='ltr'><strong>rem</strong></span> <span class='ocrx_word' id='word_1_599' title='bbox 1292 2001 1404 2028; x_wconf 88' lang='lat' dir='ltr'><strong>prorsus</strong></span> <span class='ocrx_word' id='word_1_600' title='bbox 1421 1991 1568 2019; x_wconf 82' lang='lat' dir='ltr'><strong>absurdam</strong></span> <span class='ocrx_word' id='word_1_601' title='bbox 1588 1995 1614 2018; x_wconf 87' lang='lat' dir='ltr'><strong>et</strong></span> <span class='ocrx_word' id='word_1_602' title='bbox 1629 1991 1706 2017; x_wconf 81' lang='lat' dir='ltr'><strong>inex-</strong></span> 
     </span>
    </p>
   </div>
   <div class='ocr_carea' id='block_1_88' title="bbox 922 2037 1707 2073">
    <p class='ocr_par' dir='ltr' id='par_1_88' title="bbox 922 2037 1707 2073">
     <span class='ocr_line' id='line_1_88' title="bbox 922 2037 1707 2073; baseline -0.006 -5"><span class='ocrx_word' id='word_1_603' title='bbox 922 2041 1073 2068; x_wconf 85' lang='lat' dir='ltr'><strong>tricabilem</strong></span> <span class='ocrx_word' id='word_1_604' title='bbox 1099 2040 1202 2070; x_wconf 91' lang='lat' dir='ltr'><strong>docuit,</strong></span> <span class='ocrx_word' id='word_1_605' title='bbox 1221 2039 1298 2073; x_wconf 80' lang='lat' dir='ltr'><strong>signa</strong></span> <span class='ocrx_word' id='word_1_606' title='bbox 1319 2038 1410 2065; x_wconf 90' lang='lat' dir='ltr'><strong>omnia</strong></span> <span class='ocrx_word' id='word_1_607' title='bbox 1432 2037 1583 2072; x_wconf 72' lang='lat' dir='ltr'><strong>aequalibus</strong></span> <span class='ocrx_word' id='word_1_608' title='bbox 1602 2037 1707 2064; x_wconf 86' lang='lat' dir='ltr'><strong>descri-</strong></span> 
     </span>
    </p>
   </div>
   <div class='ocr_carea' id='block_1_89' title="bbox 921 2082 1707 2122">
    <p class='ocr_par' dir='ltr' id='par_1_89' title="bbox 921 2082 1707 2122">
     <span class='ocr_line' id='line_1_89' title="bbox 921 2082 1707 2122; baseline -0.008 -8"><span class='ocrx_word' id='word_1_609' title='bbox 921 2091 966 2122; x_wconf 78' lang='lat' dir='ltr'><strong>pta</strong></span> <span class='ocrx_word' id='word_1_610' title='bbox 980 2095 1041 2114; x_wconf 84' lang='lat' dir='ltr'><strong>esse</strong></span> <span class='ocrx_word' id='word_1_611' title='bbox 1052 2085 1184 2122; x_wconf 85' lang='lat' dir='ltr'><strong>partibus,</strong></span> <span class='ocrx_word' id='word_1_612' title='bbox 1194 2089 1220 2112; x_wconf 93' lang='lat' dir='ltr'><strong>et</strong></span> <span class='ocrx_word' id='word_1_613' title='bbox 1232 2089 1320 2111; x_wconf 87' lang='lat' dir='ltr'><strong>tamen</strong></span> <span class='ocrx_word' id='word_1_614' title='bbox 1329 2083 1402 2111; x_wconf 89' lang='lat' dir='ltr'><strong>aliud</strong></span> <span class='ocrx_word' id='word_1_615' title='bbox 1414 2083 1538 2114; x_wconf 88' lang='lat' dir='ltr'><strong>tricenis,</strong></span> <span class='ocrx_word' id='word_1_616' title='bbox 1550 2082 1624 2109; x_wconf 88' lang='lat' dir='ltr'><strong>aliud</strong></span> <span class='ocrx_word' id='word_1_617' title='bbox 1640 2090 1707 2117; x_wconf 81' lang='lat' dir='ltr'><strong>qua-</strong></span> 
     </span>
    </p>
   </div>
   <div class='ocr_carea' id='block_1_90' title="bbox 922 2127 1707 2168">
    <p class='ocr_par' dir='ltr' id='par_1_90' title="bbox 922 2127 1707 2168">
     <span class='ocr_line' id='line_1_90' title="bbox 922 2127 1707 2168; baseline -0.008 -7"><span class='ocrx_word' id='word_1_618' title='bbox 922 2132 1051 2168; x_wconf 81' lang='lat' dir='ltr'><strong>dragenis</strong></span> <span class='ocrx_word' id='word_1_619' title='bbox 1068 2142 1077 2158; x_wconf 71' lang='grc' dir='ltr'>ι</span> <span class='ocrx_word' id='word_1_620' title='bbox 1092 2139 1141 2167; x_wconf 90' lang='lat' dir='ltr'><strong>pro</strong></span> <span class='ocrx_word' id='word_1_621' title='bbox 1153 2131 1285 2166; x_wconf 90' lang='lat' dir='ltr'><strong>qualitate</strong></span> <span class='ocrx_word' id='word_1_622' title='bbox 1297 2130 1338 2158; x_wconf 90' lang='lat' dir='ltr'><strong>sui</strong></span> <span class='ocrx_word' id='word_1_623' title='bbox 1353 2139 1362 2155; x_wconf 76' lang='grc' dir='ltr'><strong><em>ι</em></strong></span> <span class='ocrx_word' id='word_1_624' title='bbox 1373 2132 1510 2156; x_wconf 86' lang='lat' dir='ltr'><strong>constare.</strong></span> <span class='ocrx_word' id='word_1_625' title='bbox 1523 2127 1617 2155; x_wconf 76' lang='lat' dir='ltr'><strong>Priore</strong></span> <span class='ocrx_word' id='word_1_626' title='bbox 1627 2129 1707 2155; x_wconf 88' lang='lat' dir='ltr'><strong>modo</strong></span> 
     </span>
    </p>
   </div>
   <div class='ocr_carea' id='block_1_91' title="bbox 923 2173 1706 2215">
    <p class='ocr_par' dir='ltr' id='par_1_91' title="bbox 923 2173 1706 2215">
     <span class='ocr_line' id='line_1_91' title="bbox 923 2173 1706 2215; baseline -0.009 -9"><span class='ocrx_word' id='word_1_627' title='bbox 923 2179 1000 2215; x_wconf 82' lang='lat' dir='ltr'><strong>signa</strong></span> <span class='ocrx_word' id='word_1_628' title='bbox 1025 2181 1089 2205; x_wconf 89' lang='lat' dir='ltr'><strong>sunt</strong></span> <span class='ocrx_word' id='word_1_629' title='bbox 1116 2176 1353 2207; x_wconf 85' lang='lat' dir='ltr'><strong>dodecatemoria;</strong></span> <span class='ocrx_word' id='word_1_630' title='bbox 1376 2174 1537 2209; x_wconf 82' lang='lat' dir='ltr'><strong>posteriore.</strong></span> <span class='ocrx_word' id='word_1_631' title='bbox 1558 2173 1706 2205; x_wconf 86' lang='lat' dir='ltr'><strong>asterismi,</strong></span> 
     </span>
    </p>
   </div>
   <div class='ocr_carea' id='block_1_92' title="bbox 81 2221 1704 2261">
    <p class='ocr_par' dir='ltr' id='par_1_92' title="bbox 81 2221 1704 2261">
     <span class='ocr_line' id='line_1_92' title="bbox 81 2221 1704 2261; baseline -0.006 -6"><span class='ocrx_word' id='word_1_632' title='bbox 81 2228 132 2255; x_wconf 84' lang='lat' dir='ltr'><strong>ubi</strong></span> <span class='ocrx_word' id='word_1_633' title='bbox 146 2228 221 2255; x_wconf 90' lang='lat' dir='ltr'><strong>Arati</strong></span> <span class='ocrx_word' id='word_1_634' title='bbox 243 2232 270 2254; x_wconf 88' lang='lat' dir='ltr'><strong>et</strong></span> <span class='ocrx_word' id='word_1_635' title='bbox 280 2228 384 2255; x_wconf 79' lang='lat' dir='ltr'><strong>Eudoxi</strong></span> <span class='ocrx_word' id='word_1_636' title='bbox 406 2229 440 2255; x_wconf 88' lang='lat' dir='ltr'><strong>de</strong></span> <span class='ocrx_word' id='word_1_637' title='bbox 466 2229 652 2256; x_wconf 86' lang='lat' dir='ltr'><strong>cardiualibus</strong></span> <span class='ocrx_word' id='word_1_638' title='bbox 671 2230 738 2257; x_wconf 89' lang='lat' dir='ltr'><strong>iisce</strong></span> <span class='ocrx_word' id='word_1_639' title='bbox 767 2228 872 2261; x_wconf 78' lang='grc' dir='ltr'><strong>ζωδίοις</strong></span> <span class='ocrx_word' id='word_1_640' title='bbox 887 2230 910 2260; x_wconf 86' lang='lat' dir='ltr'><strong>D</strong></span> <span class='ocrx_word' id='word_1_641' title='bbox 923 2233 1038 2261; x_wconf 90' lang='lat' dir='ltr'><strong>quorum</strong></span> <span class='ocrx_word' id='word_1_642' title='bbox 1051 2224 1096 2251; x_wconf 88' lang='lat' dir='ltr'><strong>alii</strong></span> <span class='ocrx_word' id='word_1_643' title='bbox 1111 2223 1267 2259; x_wconf 89' lang='lat' dir='ltr'><strong>pauciores,</strong></span> <span class='ocrx_word' id='word_1_644' title='bbox 1284 2221 1330 2249; x_wconf 91' lang='lat' dir='ltr'><strong>alii</strong></span> <span class='ocrx_word' id='word_1_645' title='bbox 1345 2221 1437 2256; x_wconf 88' lang='lat' dir='ltr'><strong>plures</strong></span> <span class='ocrx_word' id='word_1_646' title='bbox 1452 2226 1586 2255; x_wconf 78' lang='lat' dir='ltr'><strong>oecupant</strong></span> <span class='ocrx_word' id='word_1_647' title='bbox 1604 2224 1704 2255; x_wconf 79' lang='lat' dir='ltr'><strong>partes.</strong></span> 
     </span>
    </p>
   </div>
   <div class='ocr_carea' id='block_1_93' title="bbox 81 2275 868 2310">
    <p class='ocr_par' dir='ltr' id='par_1_93' title="bbox 81 2275 868 2310">
     <span class='ocr_line' id='line_1_93' title="bbox 81 2275 868 2310; baseline 0 -8"><span class='ocrx_word' id='word_1_648' title='bbox 81 2276 193 2303; x_wconf 87' lang='lat' dir='ltr'><strong>decreta</strong></span> <span class='ocrx_word' id='word_1_649' title='bbox 211 2275 317 2309; x_wconf 81' lang='lat' dir='ltr'><strong>probat.</strong></span> <span class='ocrx_word' id='word_1_650' title='bbox 332 2280 444 2310; x_wconf 80' lang='lat' dir='ltr'><strong>excepto</strong></span> <span class='ocrx_word' id='word_1_651' title='bbox 456 2276 526 2310; x_wconf 87' lang='lat' dir='ltr'><strong>quod</strong></span> <span class='ocrx_word' id='word_1_652' title='bbox 545 2275 578 2303; x_wconf 87' lang='lat' dir='ltr'><strong>de</strong></span> <span class='ocrx_word' id='word_1_653' title='bbox 592 2276 792 2304; x_wconf 86' lang='lat' dir='ltr'><strong>Arietedictum</strong></span> <span class='ocrx_word' id='word_1_654' title='bbox 809 2280 868 2304; x_wconf 88' lang='lat' dir='ltr'><strong>est:</strong></span> 
     </span>
    </p>
   </div>
   <div class='ocr_carea' id='block_1_94' title="bbox 82 2321 870 2358">
    <p class='ocr_par' dir='ltr' id='par_1_94' title="bbox 82 2321 870 2358">
     <span class='ocr_line' id='line_1_94' title="bbox 82 2321 870 2358; baseline 0.001 -10"><span class='ocrx_word' id='word_1_655' title='bbox 82 2321 131 2358; x_wconf 88' lang='lat' dir='ltr'><strong>qui</strong></span> <span class='ocrx_word' id='word_1_656' title='bbox 152 2325 224 2349; x_wconf 87' lang='lat' dir='ltr'><strong>totus</strong></span> <span class='ocrx_word' id='word_1_657' title='bbox 253 2321 434 2356; x_wconf 63' lang='lat' dir='ltr'><strong>aequinoctiali</strong></span> <span class='ocrx_word' id='word_1_658' title='bbox 463 2322 567 2349; x_wconf 85' lang='lat' dir='ltr'><strong>circulo</strong></span> <span class='ocrx_word' id='word_1_659' title='bbox 591 2321 727 2349; x_wconf 86' lang='lat' dir='ltr'><strong>borealior</strong></span> <span class='ocrx_word' id='word_1_660' title='bbox 749 2327 802 2350; x_wconf 88' lang='lat' dir='ltr'><strong>est.</strong></span> <span class='ocrx_word' id='word_1_661' title='bbox 835 2322 870 2349; x_wconf 87' lang='lat' dir='ltr'><strong>At</strong></span> 
     </span>
    </p>
   </div>
   <div class='ocr_carea' id='block_1_95' title="bbox 82 2367 870 2403">
    <p class='ocr_par' dir='ltr' id='par_1_95' title="bbox 82 2367 870 2403">
     <span class='ocr_line' id='line_1_95' title="bbox 82 2367 870 2403; baseline 0.001 -9"><span class='ocrx_word' id='word_1_662' title='bbox 82 2368 219 2395; x_wconf 79' lang='lat' dir='ltr'><strong>Cancrum</strong></span> <span class='ocrx_word' id='word_1_663' title='bbox 228 2373 255 2395; x_wconf 86' lang='lat' dir='ltr'><strong>et</strong></span> <span class='ocrx_word' id='word_1_664' title='bbox 262 2367 378 2395; x_wconf 83' lang='lat' dir='ltr'><strong>Leonem</strong></span> <span class='ocrx_word' id='word_1_665' title='bbox 394 2368 497 2395; x_wconf 84' lang='lat' dir='ltr'><strong>medios</strong></span> <span class='ocrx_word' id='word_1_666' title='bbox 514 2367 602 2402; x_wconf 90' lang='lat' dir='ltr'><strong>trajici</strong></span> <span class='ocrx_word' id='word_1_667' title='bbox 614 2368 648 2394; x_wconf 89' lang='lat' dir='ltr'><strong>ab</strong></span> <span class='ocrx_word' id='word_1_668' title='bbox 657 2368 752 2396; x_wconf 66' lang='lat' dir='ltr'><strong>aestivo</strong></span> <span class='ocrx_word' id='word_1_669' title='bbox 764 2368 870 2403; x_wconf 89' lang='lat' dir='ltr'><strong>tropico</strong></span> 
     </span>
    </p>
   </div>
   <div class='ocr_carea' id='block_1_96' title="bbox 81 2413 868 2448">
    <p class='ocr_par' dir='ltr' id='par_1_96' title="bbox 81 2413 868 2448">
     <span class='ocr_line' id='line_1_96' title="bbox 81 2413 868 2448; baseline -0.001 -7"><span class='ocrx_word' id='word_1_670' title='bbox 81 2417 160 2441; x_wconf 83' lang='lat' dir='ltr'><strong>recte</strong></span> <span class='ocrx_word' id='word_1_671' title='bbox 176 2413 236 2441; x_wconf 85' lang='lat' dir='ltr'><strong>illos</strong></span> <span class='ocrx_word' id='word_1_672' title='bbox 248 2414 350 2441; x_wconf 84' lang='lat' dir='ltr'><strong>sentire</strong></span> <span class='ocrx_word' id='word_1_673' title='bbox 364 2414 473 2441; x_wconf 82' lang='lat' dir='ltr'><strong>asserit.</strong></span> <span class='ocrx_word' id='word_1_674' title='bbox 502 2413 570 2440; x_wconf 88' lang='lat' dir='ltr'><strong>Vide</strong></span> <span class='ocrx_word' id='word_1_675' title='bbox 587 2414 689 2448; x_wconf 89' lang='lat' dir='ltr'><strong>reliqua</strong></span> <span class='ocrx_word' id='word_1_676' title='bbox 707 2413 780 2441; x_wconf 87' lang='lat' dir='ltr'><strong>illius</strong></span> <span class='ocrx_word' id='word_1_677' title='bbox 805 2414 868 2446; x_wconf 89' lang='lat' dir='ltr'><strong>loci,</strong></span> 
     </span>
    </p>
   </div>
   <div class='ocr_carea' id='block_1_97' title="bbox 83 2459 869 2496">
    <p class='ocr_par' dir='ltr' id='par_1_97' title="bbox 83 2459 869 2496">
     <span class='ocr_line' id='line_1_97' title="bbox 83 2459 869 2496; baseline -0.001 -10"><span class='ocrx_word' id='word_1_678' title='bbox 83 2460 114 2486; x_wconf 89' lang='lat' dir='ltr'><strong>in</strong></span> <span class='ocrx_word' id='word_1_679' title='bbox 127 2460 236 2494; x_wconf 86' lang='lat' dir='ltr'><strong>quibus,</strong></span> <span class='ocrx_word' id='word_1_680' title='bbox 249 2460 324 2496; x_wconf 61' lang='lat' dir='ltr'><strong>quod</strong></span> <span class='ocrx_word' id='word_1_681' title='bbox 343 2460 419 2486; x_wconf 89' lang='lat' dir='ltr'><strong>valde</strong></span> <span class='ocrx_word' id='word_1_682' title='bbox 440 2459 539 2486; x_wconf 90' lang='lat' dir='ltr'><strong>mirum</strong></span> <span class='ocrx_word' id='word_1_683' title='bbox 560 2463 612 2491; x_wconf 91' lang='lat' dir='ltr'><strong>est,</strong></span> <span class='ocrx_word' id='word_1_684' title='bbox 638 2460 812 2494; x_wconf 83' lang='lat' dir='ltr'><strong>apertissime</strong></span> <span class='ocrx_word' id='word_1_685' title='bbox 830 2459 869 2486; x_wconf 85' lang='lat' dir='ltr'><strong>si-</strong></span> 
     </span>
    </p>
   </div>
   <div class='ocr_carea' id='block_1_98' title="bbox 84 2504 870 2541">
    <p class='ocr_par' dir='ltr' id='par_1_98' title="bbox 84 2504 870 2541">
     <span class='ocr_line' id='line_1_98' title="bbox 84 2504 870 2541; baseline -0.003 -8"><span class='ocrx_word' id='word_1_686' title='bbox 84 2506 197 2541; x_wconf 72' lang='lat' dir='ltr'><strong>gnificat</strong></span> <span class='ocrx_word' id='word_1_687' title='bbox 207 2513 222 2532; x_wconf 89' lang='lat' dir='ltr'><strong>a</strong></span> <span class='ocrx_word' id='word_1_688' title='bbox 234 2514 263 2534; x_wconf 86' lang='lat' dir='ltr'><strong>se</strong></span> <span class='ocrx_word' id='word_1_689' title='bbox 274 2505 377 2533; x_wconf 84' lang='lat' dir='ltr'><strong>Eudoxi</strong></span> <span class='ocrx_word' id='word_1_690' title='bbox 392 2505 524 2540; x_wconf 85' lang='lat' dir='ltr'><strong>Aratique</strong></span> <span class='ocrx_word' id='word_1_691' title='bbox 539 2504 612 2532; x_wconf 86' lang='lat' dir='ltr'><strong>dicta</strong></span> <span class='ocrx_word' id='word_1_692' title='bbox 631 2505 664 2532; x_wconf 88' lang='lat' dir='ltr'><strong>ad</strong></span> <span class='ocrx_word' id='word_1_693' title='bbox 683 2505 804 2532; x_wconf 86' lang='lat' dir='ltr'><strong>stellatas</strong></span> <span class='ocrx_word' id='word_1_694' title='bbox 830 2505 870 2532; x_wconf 87' lang='lat' dir='ltr'><strong>ef-</strong></span> 
     </span>
    </p>
   </div>
   <div class='ocr_carea' id='block_1_99' title="bbox 85 2552 315 2587">
    <p class='ocr_par' dir='ltr' id='par_1_99' title="bbox 85 2552 315 2587">
     <span class='ocr_line' id='line_1_99' title="bbox 85 2552 315 2587; baseline 0.004 -8"><span class='ocrx_word' id='word_1_695' title='bbox 85 2552 164 2586; x_wconf 81' lang='lat' dir='ltr'><strong>figies</strong></span> <span class='ocrx_word' id='word_1_696' title='bbox 176 2553 315 2587; x_wconf 85' lang='lat' dir='ltr'><strong>applicari.</strong></span> 
     </span>
    </p>
   </div>
   <div class='ocr_carea' id='block_1_100' title="bbox 123 2595 872 2634">
    <p class='ocr_par' dir='ltr' id='par_1_100' title="bbox 123 2595 872 2634">
     <span class='ocr_line' id='line_1_100' title="bbox 123 2595 872 2634; baseline -0.004 -9"><span class='ocrx_word' id='word_1_697' title='bbox 123 2598 242 2634; x_wconf 84' lang='lat' dir='ltr'><strong>Denique</strong></span> <span class='ocrx_word' id='word_1_698' title='bbox 256 2600 313 2626; x_wconf 86' lang='lat' dir='ltr'><strong>sive</strong></span> <span class='ocrx_word' id='word_1_699' title='bbox 329 2599 356 2626; x_wconf 94' lang='lat' dir='ltr'><strong>in</strong></span> <span class='ocrx_word' id='word_1_700' title='bbox 374 2596 562 2633; x_wconf 82' lang='lat' dir='ltr'><strong>a-quinoctiali</strong></span> <span class='ocrx_word' id='word_1_701' title='bbox 578 2597 636 2623; x_wconf 89' lang='lat' dir='ltr'><strong>sive</strong></span> <span class='ocrx_word' id='word_1_702' title='bbox 653 2596 680 2622; x_wconf 90' lang='lat' dir='ltr'><strong>in</strong></span> <span class='ocrx_word' id='word_1_703' title='bbox 698 2595 812 2623; x_wconf 84' lang='lat' dir='ltr'><strong>zodiaco</strong></span> <span class='ocrx_word' id='word_1_704' title='bbox 837 2596 872 2622; x_wconf 81' lang='lat' dir='ltr'><strong>si-</strong></span> 
     </span>
    </p>
   </div>
   <div class='ocr_carea' id='block_1_101' title="bbox 84 2641 871 2680">
    <p class='ocr_par' dir='ltr' id='par_1_101' title="bbox 84 2641 871 2680">
     <span class='ocr_line' id='line_1_101' title="bbox 84 2641 871 2680; baseline -0.004 -10"><span class='ocrx_word' id='word_1_705' title='bbox 84 2651 138 2680; x_wconf 72' lang='lat' dir='ltr'><strong>gna</strong></span> <span class='ocrx_word' id='word_1_706' title='bbox 153 2645 274 2672; x_wconf 63' lang='lat' dir='ltr'><strong>coelestia</strong></span> <span class='ocrx_word' id='word_1_707' title='bbox 288 2643 460 2671; x_wconf 83' lang='lat' dir='ltr'><strong>constituerit</strong></span> <span class='ocrx_word' id='word_1_708' title='bbox 479 2641 608 2669; x_wconf 76' lang='lat' dir='ltr'><strong>Eudoxus</strong></span> <span class='ocrx_word' id='word_1_709' title='bbox 619 2660 626 2672; x_wconf 87' lang='lat'><strong>,</strong></span> <span class='ocrx_word' id='word_1_710' title='bbox 642 2641 675 2668; x_wconf 88' lang='lat' dir='ltr'><strong>de</strong></span> <span class='ocrx_word' id='word_1_711' title='bbox 697 2649 749 2675; x_wconf 92' lang='lat' dir='ltr'><strong>qua</strong></span> <span class='ocrx_word' id='word_1_712' title='bbox 773 2649 802 2668; x_wconf 91' lang='lat' dir='ltr'><strong>re</strong></span> <span class='ocrx_word' id='word_1_713' title='bbox 825 2648 871 2668; x_wconf 88' lang='lat' dir='ltr'><strong>ca—</strong></span> 
     </span>
    </p>
   </div>
   <div class='ocr_carea' id='block_1_102' title="bbox 85 2685 870 2728">
    <p class='ocr_par' dir='ltr' id='par_1_102' title="bbox 85 2685 870 2728">
     <span class='ocr_line' id='line_1_102' title="bbox 85 2685 870 2728; baseline -0.006 -10"><span class='ocrx_word' id='word_1_714' title='bbox 85 2693 142 2728; x_wconf 80' lang='lat' dir='ltr'><strong>pite</strong></span> <span class='ocrx_word' id='word_1_715' title='bbox 153 2690 285 2725; x_wconf 89' lang='lat' dir='ltr'><strong>superiori</strong></span> <span class='ocrx_word' id='word_1_716' title='bbox 300 2689 403 2716; x_wconf 84' lang='lat' dir='ltr'><strong>dictum</strong></span> <span class='ocrx_word' id='word_1_717' title='bbox 419 2692 462 2716; x_wconf 91' lang='lat' dir='ltr'><strong>est</strong></span> <span class='ocrx_word' id='word_1_718' title='bbox 479 2696 486 2715; x_wconf 94' lang='lat'>:</span> <span class='ocrx_word' id='word_1_719' title='bbox 501 2695 589 2722; x_wconf 88' lang='lat' dir='ltr'><strong>neque</strong></span> <span class='ocrx_word' id='word_1_720' title='bbox 606 2687 633 2714; x_wconf 94' lang='lat' dir='ltr'><strong>in</strong></span> <span class='ocrx_word' id='word_1_721' title='bbox 654 2687 740 2721; x_wconf 85' lang='lat' dir='ltr'><strong>ipsius</strong></span> <span class='ocrx_word' id='word_1_722' title='bbox 765 2685 870 2713; x_wconf 85' lang='lat' dir='ltr'><strong>Eudoxi</strong></span> 
     </span>
    </p>
   </div>
   <div class='ocr_carea' id='block_1_103' title="bbox 87 2733 870 2771">
    <p class='ocr_par' dir='ltr' id='par_1_103' title="bbox 87 2733 870 2771">
     <span class='ocr_line' id='line_1_103' title="bbox 87 2733 870 2771; baseline -0.008 -6"><span class='ocrx_word' id='word_1_723' title='bbox 87 2738 176 2766; x_wconf 79' lang='lat' dir='ltr'><strong>allatis</strong></span> <span class='ocrx_word' id='word_1_724' title='bbox 191 2737 224 2764; x_wconf 88' lang='lat' dir='ltr'><strong>ab</strong></span> <span class='ocrx_word' id='word_1_725' title='bbox 239 2736 392 2771; x_wconf 86' lang='lat' dir='ltr'><strong>Hipparcho</strong></span> <span class='ocrx_word' id='word_1_726' title='bbox 409 2735 499 2766; x_wconf 81' lang='lat' dir='ltr'><strong>verbis</strong></span> <span class='ocrx_word' id='word_1_727' title='bbox 512 2754 520 2766; x_wconf 89' lang='lat'><strong>,</strong></span> <span class='ocrx_word' id='word_1_728' title='bbox 545 2741 632 2768; x_wconf 80' lang='lat' dir='ltr'><strong>neque</strong></span> <span class='ocrx_word' id='word_1_729' title='bbox 654 2733 724 2768; x_wconf 83' lang='lat' dir='ltr'><strong>apud</strong></span> <span class='ocrx_word' id='word_1_730' title='bbox 748 2734 870 2766; x_wconf 90' lang='lat' dir='ltr'><strong>Aratum,</strong></span> 
     </span>
    </p>
   </div>
   <div class='ocr_carea' id='block_1_104' title="bbox 35 2779 871 2815">
    <p class='ocr_par' dir='ltr' id='par_1_104' title="bbox 35 2779 871 2815">
     <span class='ocr_line' id='line_1_104' title="bbox 35 2779 871 2815; baseline -0.01 -3"><span class='ocrx_word' id='word_1_731' title='bbox 35 2781 55 2805; x_wconf 68' lang='grc' dir='ltr'><strong>ἶ)</strong></span> <span class='ocrx_word' id='word_1_732' title='bbox 87 2784 176 2815; x_wconf 82' lang='lat' dir='ltr'><strong>Aries,</strong></span> <span class='ocrx_word' id='word_1_733' title='bbox 197 2783 312 2813; x_wconf 84' lang='lat' dir='ltr'><strong>Cancer.</strong></span> <span class='ocrx_word' id='word_1_734' title='bbox 332 2781 433 2813; x_wconf 73' lang='lat' dir='ltr'><strong>Chelaz,</strong></span> <span class='ocrx_word' id='word_1_735' title='bbox 454 2780 650 2815; x_wconf 83' lang='lat' dir='ltr'><strong>Capricornus.</strong></span> <span class='ocrx_word' id='word_1_736' title='bbox 681 2779 714 2806; x_wconf 89' lang='lat' dir='ltr'><strong>de</strong></span> <span class='ocrx_word' id='word_1_737' title='bbox 732 2779 818 2813; x_wconf 79' lang='lat' dir='ltr'><strong>signis</strong></span> <span class='ocrx_word' id='word_1_738' title='bbox 839 2786 871 2809; x_wconf 77' lang='lat' dir='ltr'><strong>ac</strong></span> 
     </span>
    </p>
   </div>
   <div class='ocr_carea' id='block_1_105' title="bbox 88 2824 871 2862">
    <p class='ocr_par' dir='ltr' id='par_1_105' title="bbox 88 2824 871 2862">
     <span class='ocr_line' id='line_1_105' title="bbox 88 2824 871 2862; baseline -0.01 -4"><span class='ocrx_word' id='word_1_739' title='bbox 88 2828 314 2858; x_wconf 75' lang='lat' dir='ltr'><strong>dodocatemori-is</strong></span> <span class='ocrx_word' id='word_1_740' title='bbox 331 2827 460 2862; x_wconf 87' lang='lat' dir='ltr'><strong>explicari</strong></span> <span class='ocrx_word' id='word_1_741' title='bbox 478 2830 590 2861; x_wconf 88' lang='lat' dir='ltr'><strong>queunt.</strong></span> <span class='ocrx_word' id='word_1_742' title='bbox 608 2824 673 2851; x_wconf 86' lang='lat' dir='ltr'><strong>Nam</strong></span> <span class='ocrx_word' id='word_1_743' title='bbox 695 2825 718 2852; x_wconf 85' lang='lat' dir='ltr'><strong>si</strong></span> <span class='ocrx_word' id='word_1_744' title='bbox 741 2825 768 2851; x_wconf 86' lang='lat' dir='ltr'><strong>in</strong></span> <span class='ocrx_word' id='word_1_745' title='bbox 786 2825 871 2859; x_wconf 67' lang='lat' dir='ltr'><strong>aequi-</strong></span> 
     </span>
    </p>
   </div>
   <div class='ocr_carea' id='block_1_106' title="bbox 89 2871 870 2910">
    <p class='ocr_par' dir='ltr' id='par_1_106' title="bbox 89 2871 870 2910">
     <span class='ocr_line' id='line_1_106' title="bbox 89 2871 870 2910; baseline -0.009 -5"><span class='ocrx_word' id='word_1_746' title='bbox 89 2877 198 2906; x_wconf 79' lang='lat' dir='ltr'><strong>noctiali</strong></span> <span class='ocrx_word' id='word_1_747' title='bbox 214 2876 401 2910; x_wconf 76' lang='lat' dir='ltr'><strong>designentur,</strong></span> <span class='ocrx_word' id='word_1_748' title='bbox 423 2877 519 2902; x_wconf 83' lang='lat' dir='ltr'><strong>neuter</strong></span> <span class='ocrx_word' id='word_1_749' title='bbox 534 2872 700 2908; x_wconf 88' lang='lat' dir='ltr'><strong>tropicorum</strong></span> <span class='ocrx_word' id='word_1_750' title='bbox 715 2879 746 2899; x_wconf 88' lang='lat' dir='ltr'><strong>ea</strong></span> <span class='ocrx_word' id='word_1_751' title='bbox 762 2871 870 2899; x_wconf 86' lang='lat' dir='ltr'><strong>contin-</strong></span> 
     </span>
    </p>
   </div>
   <div class='ocr_carea' id='block_1_107' title="bbox 923 2266 1704 2304">
    <p class='ocr_par' dir='ltr' id='par_1_107' title="bbox 923 2266 1704 2304">
     <span class='ocr_line' id='line_1_107' title="bbox 923 2266 1704 2304; baseline -0.01 -4"><span class='ocrx_word' id='word_1_752' title='bbox 923 2272 968 2300; x_wconf 91' lang='lat' dir='ltr'><strong>Sic</strong></span> <span class='ocrx_word' id='word_1_753' title='bbox 982 2270 1117 2299; x_wconf 83' lang='lat' dir='ltr'><strong>asterismi</strong></span> <span class='ocrx_word' id='word_1_754' title='bbox 1127 2269 1233 2304; x_wconf 89' lang='lat' dir='ltr'><strong>Scorpii</strong></span> <span class='ocrx_word' id='word_1_755' title='bbox 1247 2275 1312 2303; x_wconf 89' lang='lat' dir='ltr'><strong>pars</strong></span> <span class='ocrx_word' id='word_1_756' title='bbox 1322 2271 1363 2297; x_wconf 72' lang='grc' dir='ltr'><strong>ρει</strong></span> <span class='ocrx_word' id='word_1_757' title='bbox 1373 2266 1520 2294; x_wconf 88' lang='lat' dir='ltr'><strong>Chelarum</strong></span> <span class='ocrx_word' id='word_1_758' title='bbox 1531 2266 1704 2296; x_wconf 83' lang='lat' dir='ltr'><strong>asterismus,</strong></span> 
     </span>
    </p>
   </div>
   <div class='ocr_carea' id='block_1_108' title="bbox 920 2312 1702 2347">
    <p class='ocr_par' dir='ltr' id='par_1_108' title="bbox 920 2312 1702 2347">
     <span class='ocr_line' id='line_1_108' title="bbox 920 2312 1702 2347; baseline -0.01 -2"><span class='ocrx_word' id='word_1_759' title='bbox 920 2322 951 2346; x_wconf 92' lang='lat' dir='ltr'><strong>ut</strong></span> <span class='ocrx_word' id='word_1_760' title='bbox 972 2318 1023 2345; x_wconf 86' lang='lat' dir='ltr'><strong>hac</strong></span> <span class='ocrx_word' id='word_1_761' title='bbox 1040 2316 1145 2344; x_wconf 85' lang='lat' dir='ltr'><strong>ratione</strong></span> <span class='ocrx_word' id='word_1_762' title='bbox 1163 2315 1288 2342; x_wconf 90' lang='lat' dir='ltr'><strong>undecim</strong></span> <span class='ocrx_word' id='word_1_763' title='bbox 1315 2312 1504 2341; x_wconf 86' lang='lat' dir='ltr'><strong>tantummodo</strong></span> <span class='ocrx_word' id='word_1_764' title='bbox 1522 2312 1578 2339; x_wconf 89' lang='lat' dir='ltr'><strong>sint</strong></span> <span class='ocrx_word' id='word_1_765' title='bbox 1599 2312 1702 2347; x_wconf 70' lang='grc' dir='ltr'><strong>ἠστερι-</strong></span> 
     </span>
    </p>
   </div>
   <div class='ocr_carea' id='block_1_109' title="bbox 921 2356 1705 2400">
    <p class='ocr_par' dir='ltr' id='par_1_109' title="bbox 921 2356 1705 2400">
     <span class='ocr_line' id='line_1_109' title="bbox 921 2356 1705 2400; baseline -0.01 -9"><span class='ocrx_word' id='word_1_766' title='bbox 921 2364 1006 2400; x_wconf 65' lang='lat' dir='ltr'><strong>opisve</strong></span> <span class='ocrx_word' id='word_1_767' title='bbox 1015 2363 1106 2395; x_wconf 83' lang='grc' dir='ltr'><strong>ζώδισι,</strong></span> <span class='ocrx_word' id='word_1_768' title='bbox 1115 2370 1162 2390; x_wconf 82' lang='lat' dir='ltr'><strong>seu</strong></span> <span class='ocrx_word' id='word_1_769' title='bbox 1174 2361 1266 2397; x_wconf 69' lang='lat' dir='ltr'><strong>figurae</strong></span> <span class='ocrx_word' id='word_1_770' title='bbox 1275 2360 1388 2388; x_wconf 76' lang='lat' dir='ltr'><strong>stellata:</strong></span> <span class='ocrx_word' id='word_1_771' title='bbox 1396 2358 1467 2394; x_wconf 89' lang='lat' dir='ltr'><strong>apud</strong></span> <span class='ocrx_word' id='word_1_772' title='bbox 1478 2357 1628 2386; x_wconf 67' lang='lat' dir='ltr'><strong>Chaldaeos.</strong></span> <span class='ocrx_word' id='word_1_773' title='bbox 1638 2356 1705 2384; x_wconf 82' lang='lat' dir='ltr'><strong>Nam</strong></span> 
     </span>
    </p>
   </div>
   <div class='ocr_carea' id='block_1_110' title="bbox 920 2403 1707 2446">
    <p class='ocr_par' dir='ltr' id='par_1_110' title="bbox 920 2403 1707 2446">
     <span class='ocr_line' id='line_1_110' title="bbox 920 2403 1707 2446; baseline -0.011 -8"><span class='ocrx_word' id='word_1_774' title='bbox 920 2410 1051 2446; x_wconf 63' lang='lat' dir='ltr'><strong>Egyptii,</strong></span> <span class='ocrx_word' id='word_1_775' title='bbox 1069 2409 1116 2445; x_wconf 86' lang='lat' dir='ltr'><strong>qui</strong></span> <span class='ocrx_word' id='word_1_776' title='bbox 1132 2415 1181 2444; x_wconf 90' lang='lat' dir='ltr'><strong>pro</strong></span> <span class='ocrx_word' id='word_1_777' title='bbox 1203 2407 1295 2435; x_wconf 86' lang='lat' dir='ltr'><strong>Chelis</strong></span> <span class='ocrx_word' id='word_1_778' title='bbox 1320 2405 1430 2433; x_wconf 87' lang='lat' dir='ltr'><strong>Libram</strong></span> <span class='ocrx_word' id='word_1_779' title='bbox 1457 2407 1620 2439; x_wconf 88' lang='lat' dir='ltr'><strong>posuerunt,</strong></span> <span class='ocrx_word' id='word_1_780' title='bbox 1643 2403 1707 2437; x_wconf 72' lang='lat' dir='ltr'><strong>legi-</strong></span> 
     </span>
    </p>
   </div>
   <div class='ocr_carea' id='block_1_111' title="bbox 921 2451 1706 2487">
    <p class='ocr_par' dir='ltr' id='par_1_111' title="bbox 921 2451 1706 2487">
     <span class='ocr_line' id='line_1_111' title="bbox 921 2451 1706 2487; baseline -0.013 -2"><span class='ocrx_word' id='word_1_781' title='bbox 921 2458 1016 2485; x_wconf 88' lang='lat' dir='ltr'><strong>timum</strong></span> <span class='ocrx_word' id='word_1_782' title='bbox 1036 2462 1180 2484; x_wconf 89' lang='lat' dir='ltr'><strong>numerum</strong></span> <span class='ocrx_word' id='word_1_783' title='bbox 1203 2453 1363 2482; x_wconf 85' lang='lat' dir='ltr'><strong>obtinebant</strong></span> <span class='ocrx_word' id='word_1_784' title='bbox 1382 2461 1389 2480; x_wconf 90' lang='lat'><strong>:</strong></span> <span class='ocrx_word' id='word_1_785' title='bbox 1409 2452 1486 2487; x_wconf 84' lang='lat' dir='ltr'><strong>signa</strong></span> <span class='ocrx_word' id='word_1_786' title='bbox 1506 2451 1617 2486; x_wconf 87' lang='lat' dir='ltr'><strong>quidem</strong></span> <span class='ocrx_word' id='word_1_787' title='bbox 1639 2451 1706 2476; x_wconf 79' lang='lat' dir='ltr'><strong>utri-</strong></span> 
     </span>
    </p>
   </div>
   <div class='ocr_carea' id='block_1_112' title="bbox 921 2496 1706 2539">
    <p class='ocr_par' dir='ltr' id='par_1_112' title="bbox 921 2496 1706 2539">
     <span class='ocr_line' id='line_1_112' title="bbox 921 2496 1706 2539; baseline -0.015 -7"><span class='ocrx_word' id='word_1_788' title='bbox 921 2512 974 2539; x_wconf 89' lang='lat' dir='ltr'><strong>que</strong></span> <span class='ocrx_word' id='word_1_789' title='bbox 988 2503 1132 2531; x_wconf 87' lang='lat' dir='ltr'><strong>duodecim</strong></span> <span class='ocrx_word' id='word_1_790' title='bbox 1149 2501 1341 2528; x_wconf 88' lang='lat' dir='ltr'><strong>adhibuerunt.</strong></span> <span class='ocrx_word' id='word_1_791' title='bbox 1356 2498 1489 2526; x_wconf 71' lang='lat' dir='ltr'><strong>Ca&#39;terum</strong></span> <span class='ocrx_word' id='word_1_792' title='bbox 1503 2496 1622 2531; x_wconf 71' lang='lat' dir='ltr'><strong>Virginis</strong></span> <span class='ocrx_word' id='word_1_793' title='bbox 1637 2499 1706 2522; x_wconf 47' lang='grc' dir='ltr'><strong>δειρῆς</strong></span> 
     </span>
    </p>
   </div>
   <div class='ocr_carea' id='block_1_113' title="bbox 921 2541 1703 2580">
    <p class='ocr_par' dir='ltr' id='par_1_113' title="bbox 921 2541 1703 2580">
     <span class='ocr_line' id='line_1_113' title="bbox 921 2541 1703 2580; baseline -0.015 -2"><span class='ocrx_word' id='word_1_794' title='bbox 921 2551 1022 2578; x_wconf 85' lang='lat' dir='ltr'><strong>rismus</strong></span> <span class='ocrx_word' id='word_1_795' title='bbox 1036 2550 1100 2576; x_wconf 94' lang='lat' dir='ltr'><strong>olim</strong></span> <span class='ocrx_word' id='word_1_796' title='bbox 1116 2548 1215 2576; x_wconf 88' lang='lat' dir='ltr'><strong>Leonis</strong></span> <span class='ocrx_word' id='word_1_797' title='bbox 1229 2551 1256 2574; x_wconf 89' lang='lat' dir='ltr'><strong>et</strong></span> <span class='ocrx_word' id='word_1_798' title='bbox 1271 2546 1360 2573; x_wconf 65' lang='lat' dir='ltr'><strong>Libra:</strong></span> <span class='ocrx_word' id='word_1_799' title='bbox 1372 2549 1474 2580; x_wconf 86' lang='lat' dir='ltr'><strong>partes,</strong></span> <span class='ocrx_word' id='word_1_800' title='bbox 1493 2547 1590 2578; x_wconf 60' lang='lat' dir='ltr'><strong>praeter</strong></span> <span class='ocrx_word' id='word_1_801' title='bbox 1601 2541 1703 2576; x_wconf 82' lang='lat' dir='ltr'><strong>justam</strong></span> 
     </span>
    </p>
   </div>
   <div class='ocr_carea' id='block_1_114' title="bbox 920 2586 1705 2630">
    <p class='ocr_par' dir='ltr' id='par_1_114' title="bbox 920 2586 1705 2630">
     <span class='ocr_line' id='line_1_114' title="bbox 920 2586 1705 2630; baseline -0.014 -8"><span class='ocrx_word' id='word_1_802' title='bbox 920 2597 1084 2630; x_wconf 88' lang='lat' dir='ltr'><strong>portionem,</strong></span> <span class='ocrx_word' id='word_1_803' title='bbox 1103 2593 1264 2628; x_wconf 86' lang='lat' dir='ltr'><strong>occupabat.</strong></span> <span class='ocrx_word' id='word_1_804' title='bbox 1287 2591 1360 2620; x_wconf 85' lang='lat' dir='ltr'><strong>Inter</strong></span> <span class='ocrx_word' id='word_1_805' title='bbox 1381 2591 1452 2617; x_wconf 88' lang='lat' dir='ltr'><strong>hanc</strong></span> <span class='ocrx_word' id='word_1_806' title='bbox 1473 2595 1538 2616; x_wconf 83' lang='lat' dir='ltr'><strong>vero</strong></span> <span class='ocrx_word' id='word_1_807' title='bbox 1561 2591 1588 2614; x_wconf 92' lang='lat' dir='ltr'><strong>et</strong></span> <span class='ocrx_word' id='word_1_808' title='bbox 1607 2586 1705 2614; x_wconf 81' lang='lat' dir='ltr'><strong>Chelas</strong></span> 
     </span>
    </p>
   </div>
   <div class='ocr_carea' id='block_1_115' title="bbox 922 2632 1703 2674">
    <p class='ocr_par' dir='ltr' id='par_1_115' title="bbox 922 2632 1703 2674">
     <span class='ocr_line' id='line_1_115' title="bbox 922 2632 1703 2674; baseline -0.013 -7"><span class='ocrx_word' id='word_1_809' title='bbox 922 2640 1037 2674; x_wconf 87' lang='lat' dir='ltr'><strong>Scorpii,</strong></span> <span class='ocrx_word' id='word_1_810' title='bbox 1052 2647 1112 2674; x_wconf 64' lang='lat' dir='ltr'><strong>qua:</strong></span> <span class='ocrx_word' id='word_1_811' title='bbox 1124 2640 1150 2666; x_wconf 93' lang='lat' dir='ltr'><strong>in</strong></span> <span class='ocrx_word' id='word_1_812' title='bbox 1164 2639 1252 2667; x_wconf 66' lang='lat' dir='ltr'><strong>Librae</strong></span> <span class='ocrx_word' id='word_1_813' title='bbox 1272 2635 1491 2666; x_wconf 88' lang='lat' dir='ltr'><strong>dodecatemorio</strong></span> <span class='ocrx_word' id='word_1_814' title='bbox 1513 2632 1703 2663; x_wconf 85' lang='lat' dir='ltr'><strong>versabantur,</strong></span> 
     </span>
    </p>
   </div>
   <div class='ocr_carea' id='block_1_116' title="bbox 921 2676 1704 2718">
    <p class='ocr_par' dir='ltr' id='par_1_116' title="bbox 921 2676 1704 2718">
     <span class='ocr_line' id='line_1_116' title="bbox 921 2676 1704 2718; baseline -0.017 -3"><span class='ocrx_word' id='word_1_815' title='bbox 921 2694 1036 2715; x_wconf 85' lang='lat' dir='ltr'><strong>vacuum</strong></span> <span class='ocrx_word' id='word_1_816' title='bbox 1051 2690 1094 2713; x_wconf 89' lang='lat' dir='ltr'><strong>est</strong></span> <span class='ocrx_word' id='word_1_817' title='bbox 1109 2685 1292 2717; x_wconf 85' lang='lat' dir='ltr'><strong>intervallum,</strong></span> <span class='ocrx_word' id='word_1_818' title='bbox 1304 2682 1378 2718; x_wconf 89' lang='lat' dir='ltr'><strong>quod</strong></span> <span class='ocrx_word' id='word_1_819' title='bbox 1391 2682 1424 2708; x_wconf 86' lang='lat' dir='ltr'><strong>ad</strong></span> <span class='ocrx_word' id='word_1_820' title='bbox 1437 2680 1507 2708; x_wconf 89' lang='lat' dir='ltr'><strong>idem</strong></span> <span class='ocrx_word' id='word_1_821' title='bbox 1520 2679 1607 2706; x_wconf 72' lang='lat' dir='ltr'><strong>Libra:</strong></span> <span class='ocrx_word' id='word_1_822' title='bbox 1622 2676 1704 2704; x_wconf 62' lang='lat' dir='ltr'><strong>dode,</strong></span> 
     </span>
    </p>
   </div>
   <div class='ocr_carea' id='block_1_117' title="bbox 921 2722 1705 2766">
    <p class='ocr_par' dir='ltr' id='par_1_117' title="bbox 921 2722 1705 2766">
     <span class='ocr_line' id='line_1_117' title="bbox 921 2722 1705 2766; baseline -0.017 -5"><span class='ocrx_word' id='word_1_823' title='bbox 921 2732 1088 2761; x_wconf 86' lang='lat' dir='ltr'><strong>catemorion</strong></span> <span class='ocrx_word' id='word_1_824' title='bbox 1108 2731 1259 2766; x_wconf 85' lang='lat' dir='ltr'><strong>pertinebat</strong></span> <span class='ocrx_word' id='word_1_825' title='bbox 1275 2739 1281 2757; x_wconf 95' lang='lat'>:</span> <span class='ocrx_word' id='word_1_826' title='bbox 1297 2737 1352 2765; x_wconf 92' lang='lat' dir='ltr'><strong>quo</strong></span> <span class='ocrx_word' id='word_1_827' title='bbox 1378 2728 1405 2755; x_wconf 82' lang='lat' dir='ltr'><strong>in</strong></span> <span class='ocrx_word' id='word_1_828' title='bbox 1419 2726 1507 2762; x_wconf 86' lang='lat' dir='ltr'><strong>spatio</strong></span> <span class='ocrx_word' id='word_1_829' title='bbox 1529 2724 1620 2753; x_wconf 88' lang='lat' dir='ltr'><strong>sedem</strong></span> <span class='ocrx_word' id='word_1_830' title='bbox 1635 2722 1705 2750; x_wconf 91' lang='lat' dir='ltr'><strong>indi-</strong></span> 
     </span>
    </p>
   </div>
   <div class='ocr_carea' id='block_1_118' title="bbox 920 2771 1705 2815">
    <p class='ocr_par' dir='ltr' id='par_1_118' title="bbox 920 2771 1705 2815">
     <span class='ocr_line' id='line_1_118' title="bbox 920 2771 1705 2815; baseline -0.011 -9"><span class='ocrx_word' id='word_1_831' title='bbox 920 2779 974 2815; x_wconf 73' lang='lat' dir='ltr'><strong>geti</strong></span> <span class='ocrx_word' id='word_1_832' title='bbox 998 2777 1122 2813; x_wconf 76' lang='lat' dir='ltr'><strong>Augusto</strong></span> <span class='ocrx_word' id='word_1_833' title='bbox 1145 2775 1264 2803; x_wconf 83' lang='lat' dir='ltr'><strong>destinat</strong></span> <span class='ocrx_word' id='word_1_834' title='bbox 1286 2774 1427 2809; x_wconf 78' lang='lat' dir='ltr'><strong>Virgilius.</strong></span> <span class='ocrx_word' id='word_1_835' title='bbox 1457 2771 1494 2799; x_wconf 85' lang='lat' dir='ltr'><strong>Ea</strong></span> <span class='ocrx_word' id='word_1_836' title='bbox 1521 2778 1597 2798; x_wconf 84' lang='lat' dir='ltr'><strong>mens</strong></span> <span class='ocrx_word' id='word_1_837' title='bbox 1618 2772 1705 2804; x_wconf 55' lang='lat' dir='ltr'><strong>poetas</strong></span> 
     </span>
    </p>
   </div>
   <div class='ocr_carea' id='block_1_119' title="bbox 921 2816 1705 2860">
    <p class='ocr_par' dir='ltr' id='par_1_119' title="bbox 921 2816 1705 2860">
     <span class='ocr_line' id='line_1_119' title="bbox 921 2816 1705 2860; baseline -0.015 -7"><span class='ocrx_word' id='word_1_838' title='bbox 921 2825 981 2858; x_wconf 82' lang='lat' dir='ltr'><strong>fuit,</strong></span> <span class='ocrx_word' id='word_1_839' title='bbox 997 2831 1079 2860; x_wconf 90' lang='lat' dir='ltr'><strong>quam</strong></span> <span class='ocrx_word' id='word_1_840' title='bbox 1104 2829 1160 2850; x_wconf 89' lang='lat' dir='ltr'><strong>non</strong></span> <span class='ocrx_word' id='word_1_841' title='bbox 1183 2821 1337 2856; x_wconf 79' lang='lat' dir='ltr'><strong>assequitur</strong></span> <span class='ocrx_word' id='word_1_842' title='bbox 1357 2819 1479 2847; x_wconf 84' lang='lat' dir='ltr'><strong>Servius.</strong></span> <span class='ocrx_word' id='word_1_843' title='bbox 1499 2817 1534 2845; x_wconf 86' lang='lat' dir='ltr'><strong>At</strong></span> <span class='ocrx_word' id='word_1_844' title='bbox 1555 2816 1705 2844; x_wconf 77' lang='lat' dir='ltr'><strong>Martianus</strong></span> 
     </span>
    </p>
   </div>
   <div class='ocr_carea' id='block_1_120' title="bbox 920 2861 1704 2906">
    <p class='ocr_par' dir='ltr' id='par_1_120' title="bbox 920 2861 1704 2906">
     <span class='ocr_line' id='line_1_120' title="bbox 920 2861 1704 2906; baseline -0.014 -7"><span class='ocrx_word' id='word_1_845' title='bbox 920 2870 1031 2906; x_wconf 82' lang='lat' dir='ltr'><strong>Capella</strong></span> <span class='ocrx_word' id='word_1_846' title='bbox 1044 2869 1113 2897; x_wconf 87' lang='lat' dir='ltr'><strong>libro</strong></span> <span class='ocrx_word' id='word_1_847' title='bbox 1122 2866 1190 2902; x_wconf 83' lang='lat' dir='ltr'><strong>Vill,</strong></span> <span class='ocrx_word' id='word_1_848' title='bbox 1212 2873 1272 2902; x_wconf 86' lang='lat' dir='ltr'><strong>cap.</strong></span> <span class='ocrx_word' id='word_1_849' title='bbox 1289 2866 1323 2895; x_wconf 86' lang='lat' dir='ltr'><strong>de</strong></span> <span class='ocrx_word' id='word_1_850' title='bbox 1348 2866 1410 2894; x_wconf 83' lang='lat' dir='ltr'><strong>lixis</strong></span> <span class='ocrx_word' id='word_1_851' title='bbox 1428 2865 1523 2900; x_wconf 73' lang='lat' dir='ltr'><strong>signis,</strong></span> <span class='ocrx_word' id='word_1_852' title='bbox 1545 2867 1619 2891; x_wconf 84' lang='lat' dir='ltr'><strong>recte</strong></span> <span class='ocrx_word' id='word_1_853' title='bbox 1641 2861 1704 2893; x_wconf 84' lang='lat' dir='ltr'><strong>hoc.</strong></span> 
     </span>
    </p>
   </div>
  </div>
