1900 3137
198 162 263 194 1351

695 159 740 189 A-o
760 157 893 190 EUSEBII
913 154 1110 188 CHRONICON
1131 158 1308 188 APFENDIX.

1755 158 1768 183 1
1774 155 1828 183 552

197 221 270 258 quod
282 221 435 253 docuimus,
459 221 576 256 explicat
598 219 640 247 his
665 220 777 247 verbis':
801 228 810 244 ι
832 218 892 245 Haec
920 218 979 245 dis-
993 220 1015 248 Α
1030 226 1094 245 num
1111 226 1189 246 suum
1204 226 1264 246 esse
1276 218 1439 245 translatum
1456 217 1568 252 perinde
1578 216 1826 243 omnessentiunt-

198 267 286 294 cernit
318 266 465 293 zodiacus:
481 265 527 299 qui
556 263 664 298 quidem
687 262 805 298 aequales
831 261 975 289 duodecim

200 313 337 348 signorum
357 312 471 346 integrat
497 310 645 345 portiones.
671 308 724 336 Sed
746 308 871 336 undecim
896 307 978 334 habet

200 360 287 393 signa.
305 358 433 393 Scorpius
444 358 516 384 enim
542 360 596 383 tam
615 363 694 383 suum
717 355 836 389 spatium
861 356 977 388 occupat

199 411 321 438 corpore,
337 409 419 438 quam
435 401 527 429 Chelis
541 404 657 435 occupat
673 400 769 427 Librae.

499 456 613 485 CAPUT
632 455 677 484 Ν.

198 515 237 542 De
250 518 362 542 veterum
374 515 491 547 opinione
509 521 586 547 super
603 513 697 540 annuis
722 512 786 539 solis
808 510 973 547 cardinibus,

231 556 256 577 et
271 559 322 585 qua
333 546 433 585 ratione
448 549 511 575 alibi
524 546 601 584 quam
614 548 695 585 initiis
709 548 843 585 signorum
856 546 978 585 collocati

233 580 340 619 fuerint.
356 584 501 612 Columella
516 580 632 610 notatur.
657 580 787 610 Sol/tilica:
809 580 908 616 periodi
934 581 977 607 in-

231 621 312 655 signis
325 620 431 654 epocha.

232 677 364 710 Quoniam
376 675 471 703 mediis
487 676 514 703 in
528 675 613 710 signis
629 675 662 702 ab
679 673 790 701 Eudoxo
815 673 979 700 constitutos

197 731 258 752 esse
271 723 395 751 cardines
415 725 597 756 nequaquam,
619 724 648 748 ut
665 720 769 755 ptttavit
790 716 974 754 Hipparchus,

197 778 229 796 ex
248 770 320 796 illius
336 768 425 796 verbis
445 766 597 799 coniicitur,
619 767 789 801 inquiramus
810 765 891 792 modo
915 772 979 800 qua-

198 823 259 843 nam
275 815 302 842 in
319 818 394 850 parte
407 813 544 847 deﬁxerit;
559 818 616 840 tum
632 816 692 847 q‘uaa
704 813 772 838 ratio
788 811 823 839 ab
838 811 892 838 illis
913 811 979 838 inita

198 861 243 892 sit,
260 860 305 895 qui
320 859 393 892 alibi,
413 867 495 894 quam
519 859 546 886 in
565 858 651 886 initiis
674 858 826 893 signorum,
852 856 977 884 cardines

199 906 259 933 illos
272 913 333 933 esse
347 905 497 931 sciverunt.
698 911 703 915 ’

231 950 362 978 Geminius
377 950 465 984 capite
481 947 549 980 XVI,
566 951 663 983 quarto
677 947 731 980 die,
744 954 824 982 quam
841 946 868 973 in
883 945 978 981 Capri-

196 1003 309 1024 cornum
321 994 362 1022 sol
376 996 418 1022 est
433 995 582 1030 ingressus,
607 993 753 1021 solstitium
775 992 918 1019 hibernum
946 998 978 1019 ex

197 1041 312 1068 Eudoxo
327 1040 384 1067 ﬁeri
396 1035 491 1067 scribit
505 1059 512 1071 ,
537 1045 650 1065 vernum
665 1042 756 1064 autem
775 1037 980 1071 aequinOctium,

197 1089 274 1112 sexto
290 1083 334 1111 die
348 1079 393 1110 τοῦ
410 1082 541 1118 Κριῶνος.
557 1081 628 1109 Idem
649 1087 742 1108 auctor
758 1089 791 1109 ex
807 1081 980 1108 Euctemonis

196 1123 331 1157 sententia
357 1128 503 1155 solstitium
517 1128 657 1159 hibernum
676 1127 764 1161 primo
786 1125 830 1153 die
848 1126 980 1153 committi

197 1175 297 1204 refert:
314 1181 418 1202 necnon
434 1173 588 1201 autumnale
604 1173 806 1208 mquinoctium.
821 1171 860 1198 Ex
868 1171 981 1206 Calippo

196 1220 459 1255 veroquatuoripsos
468 1218 591 1246 cardines
599 1218 759 1245 nominatim
776 1217 914 1253 signorum
929 1217 982 1244 ini-

196 1265 392 1294 tiiscontiiteri.
403 1263 500 1291 Verum
509 1263 657 1291 Columella
665 1263 711 1290 lib.
723 1262 768 1295 IX,
778 1270 837 1297 cap.
847 1261 917 1294 XIV,
927 1262 982 1289 Me-

196 1316 285 1339 tonetn
301 1315 328 1338 et
341 1309 491 1343 Eudoxum,
501 1317 533 1336 ac
542 1313 647 1337 veteres
656 1312 829 1336 astronomos
837 1308 933 1335 scribit
953 1308 980 1335 in

195 1357 298 1384 octavis
307 1356 429 1391 partibus
439 1355 576 1390 signorum
585 1354 701 1382 solstitia
711 1359 737 1381 et
752 1354 914 1389 aequinoctia
932 1361 981 1388 po-

196 1403 296 1435 suisse;
310 1401 503 1437 Hipparchum,
514 1404 617 1427 mutata
625 1401 739 1432 ratione,
746 1400 775 1426 in
783 1400 921 1435 signorum
929 1399 981 1426 ini‘

195 1448 233 1474 tia
244 1447 404 1475 contulisse.
417 1455 426 1472 ‹
442 1445 495 1474 Nec
514 1453 556 1473 tne
572 1445 648 1478 fallit,
663 1444 920 1480 inquit,-Hipparchi
938 1453 980 1471 ra-

195 1493 244 1525 tio,
259 1500 318 1528 qure
333 1492 410 1520 docet
418 1492 533 1519 solstitia
541 1495 569 1519 et
580 1491 741 1526 aequinoctia
749 1498 802 1518 non
810 1491 924 1522 octavis,
933 1490 980 1518 sed

195 1539 291 1573 primis
304 1538 441 1572 signorum
453 1537 576 1572 partibus
584 1536 690 1564 conﬁci.
700 1535 799 1564 Verum
808 1537 834 1563 in
843 1536 894 1563 hac
909 1536 980 1564 ruris

195 1584 339 1618 disciplina
351 1588 528 1618 sequornunc
546 1582 648 1610 Eudoxi
663 1587 690 1610 et
706 1581 831 1614 Metonis,
852 1581 979 1616 antiquo-

195 1637 311 1664 rumque
320 1628 405 1657 fastus
414 1630 611 1664 astrologorum
621 1628 681 1663 ,qui
694 1632 759 1656 sunt
771 1628 854 1663 aptati
863 1628 979 1662 publicis

196 1675 338 1703 sacriﬁciis
346 1695 355 1707 .
365 1676 428 1710 quia
436 1679 463 1702 et
474 1675 564 1702 notior
575 1678 617 1701 est
627 1674 679 1702 ista
688 1677 765 1701 vetus
775 1673 903 1709 agricolis
914 1680 980 1700 con-

195 1724 273 1755 cepta
287 1721 388 1756 opinio.
398 1720 452 1747 Nec
461 1725 548 1747 tamen
557 1719 703 1754 Hipparchi
711 1718 847 1746 subtilitas
856 1718 980 1754 pinguio-

195 1766 282 1798 ribtts,
293 1770 322 1792 ut
337 1766 423 1799 aiunt,
436 1765 599 1793 rusticorum
615 1765 713 1792 litteris
726 1765 880 1792 necessaria
895 1769 947 1791 est.
967 1774 977 1790 ι

195 1809 378 1846 Hipparchum
399 1817 463 1838 ecce
478 1809 543 1836 l'acit
558 1813 696 1836 auctorem
704 1809 763 1844 ejus
773 1809 981 1844 instituti,quod

195 1853 336 1890 principiis
346 1854 485 1889 signorum
494 1853 620 1880 cardines
628 1853 829 1886 accommodat,
838 1861 899 1881 cum
908 1859 981 1881 vete-

195 1900 349 1927 :esoctavis
361 1900 483 1934 partibus
497 1899 671 1927 ascriberent.
679 1899 707 1926 lu
721 1907 775 1934 quo
782 1900 880 1934 partim
889 1900 922 1927 ab
929 1900 981 1927 Ge-

195 1946 279 1977 mino,
289 1946 387 1980 partim
400 1946 434 1973 ab
446 1945 598 1981 Hipparcho
608 1945 804 1980 ipsodissidet;
818 1953 879 1973 nam
889 1946 981 1973 Genti-

195 1999 247 2018 nus
257 1998 390 2026 nusquam
398 1991 423 2018 itt
433 1994 527 2018 octava
544 1991 704 2026 cujusquam
717 1991 786 2026 signi
797 1996 872 2026 parte
879 1992 982 2018 consti-

196 2040 270 2063 tutos
283 2044 344 2064 esse
357 2036 483 2063 cardines
497 2037 535 2062 ait
548 2045 555 2069 ;
572 2035 744 2071 Hipparchus
763 2041 865 2069 autem,
891 2042 921 2063 ut
936 2045 982 2064 su-

195 2082 294 2116 periori
305 2083 394 2117 capite
407 2082 536 2114 vidimus,
561 2083 595 2109 ab
606 2082 700 2116 Arato,
730 2086 757 2110 et
782 2083 904 2117 antiquis
926 2083 981 2110 fere

196 2129 323 2156 omnibus
347 2129 545 2156 mathematicis
570 2130 597 2155 in
625 2129 764 2164 signorum
788 2129 866 2156 initia
898 2130 982 2156 colla-

196 2177 239 2200 tos
256 2181 317 2201 esse
331 2173 431 2201 docuit.
447 2173 505 2201 Non
521 2174 615 2201 dubito
637 2175 702 2209 quin
724 2174 869 2209 Hipparchi
892 2176 982 2210 potior

1027 265 1104 298 Quod
1123 265 1351 300 quemadmodum
1380 265 1414 291 ab
1432 264 1465 290 iis
1484 264 1644 290 institutum
1670 261 1774 292 fuerit,
1797 266 1825 287 et

1027 319 1080 345 qua
1100 311 1204 338 ratione
1218 311 1287 337 inter
1302 318 1331 337 se
1343 309 1485 336 conciliari
1506 308 1678 343 scriptorum
1696 307 1745 333 illa
1766 306 1826 333 dis-

1027 357 1095 384 sldia
1112 357 1226 392 possint,
1243 356 1372 390 deinceps
1386 355 1550 390 aperiemus.

1064 396 1176 430 Duobus
1190 402 1302 429 omnino
1318 401 1407 428 modis
1425 401 1482 428 lteri
1504 400 1626 427 arbitror
1640 399 1780 434 potuisse,
1793 400 1823 424 ut

1028 447 1062 475 ab
1085 447 1204 482 antiquis
1226 446 1427 474 mathematicis
1452 445 1618 480 aequinoctia
1648 447 1677 472 et
1699 444 1825 472 solstitia

1028 493 1108 525 alibi,
1127 501 1208 528 quam
1225 494 1251 520 in
1267 493 1334 528 ipsis
1350 493 1492 528 signorum
1508 491 1642 523 exordiis,
1665 491 1824 517 constituta

1029 540 1140 568 fuerint.
1155 539 1221 566 Nam
1239 543 1286 566 aut
1302 539 1402 574 reipsa,
1419 542 1447 566 et
1468 545 1501 565 ex
1522 541 1581 564 arte
1596 537 1764 572 judicioque
1785 536 1823 562 ξμς

1029 585 1239 620 pronuntiarunt
1254 594 1260 611 :
1277 589 1323 612 aut
1338 589 1400 611 cum
1415 583 1595 611 deexactiore
1605 583 1755 609 cardinum
1767 585 1823 609 situ

1029 630 1107 656 aliter
1117 629 1304 657 existimarent
1315 650 1323 662 ,
1340 629 1501 664 populorum
1519 627 1615 655 usibus
1640 634 1674 654 ac
1690 627 1822 654 sensibus

1029 674 1143 701 alterum
1158 672 1223 700 illud
1237 673 1327 700 minus
1340 677 1500 699 accuratum
1514 671 1657 699 cardinum
1673 679 1766 706 genus
1778 672 1821 698 iu-

1029 718 1179 746 dulserunt.
1200 717 1234 744 Ut
1247 725 1262 744 a
1280 718 1371 752 priore
1397 717 1500 749 ordiar,
1521 716 1668 750 repetenda
1687 716 1736 743 illa
1756 722 1819 743 sunt

1030 763 1172 799 imprimis,
1195 771 1255 798 quac
1284 762 1317 790 de
1341 762 1474 790 Chaldaeis
1494 766 1521 789 et
1546 761 1684 797 [Egyptiis
1700 761 1819 788 tradidi-

1029 817 1091 837 mus
1105 809 1192 844 capite
1204 809 1310 843 primo;
1324 815 1441 843 quanam
1456 808 1583 835 videlicet
1601 807 1709 834 ratione
1723 808 1820 842 signo-

1031 863 1090 883 rum
1106 855 1258 882 ctelestium
1277 855 1451 890 partitionem
1476 854 1658 881 instituerint.
1677 853 1820 888 Insignem

1029 900 1100 928 enim
1115 900 1268 934 quampiam
1284 903 1413 926 notarunt
1425 899 1452 926 in
1468 899 1539 926 caelo
1557 899 1676 931 stellam,
1696 907 1711 925 a
1736 899 1820 933 cujus

1029 947 1180 974 emersione
1191 947 1306 981 primum
1322 946 1572 973 dodecatemorium
1590 946 1618 972 in
1629 946 1821 980 aequinoctiali

1029 992 1132 1019 circulo
1147 992 1334 1027 designarent.
1351 991 1410 1024 Quo
1424 991 1501 1018 initio
1509 991 1671 1024 constituto,
1682 990 1816 1025 deinpr

1030 1038 1123 1066 circuli
1135 1038 1219 1065 totius
1235 1037 1429 1072 anaphoricum
1442 1041 1549 1072 tempus
1561 1037 1691 1063 horarum
1700 1041 1821 1072 quatuor

1029 1090 1056 1111 et
1067 1084 1173 1119 viginti,
1189 1084 1331 1111 duodecim
1348 1084 1376 1110 in
1393 1087 1484 1118 partes
1497 1091 1530 1110 ex
1544 1091 1624 1118 aequo
1641 1083 1797 1110 diviserunt
1811 1093 1818 1110 :

1029 1135 1144 1162 quarum
1156 1128 1277 1163 singulas
1293 1128 1354 1156 aliis
1366 1128 1458 1155 itidem
1474 1128 1561 1155 stellis
1578 1128 1636 1155 sive
1652 1128 1680 1154 in
1692 1128 1818 1159 zodiaco,

1031 1174 1087 1201 sive
1100 1178 1177 1201 extra
1193 1174 1280 1208 ipsum
1297 1173 1404 1208 positis,
1420 1179 1447 1200 et
1460 1173 1556 1202 iisdem
1567 1175 1713 1201 momentis
1727 1176 1820 1201 orien-

1031 1220 1114 1251 tibus,
1127 1220 1199 1247 velut
1213 1220 1298 1254 signis
1333 1227 1364 1246 ac
1381 1220 1513 1248 limitibus
1538 1220 1759 1255 descripserunt.
1781 1220 1819 1246 Ita

1030 1267 1129 1302 quippe
1143 1266 1240 1294 Sextus
1254 1265 1406 1301 Empiricus
1421 1266 1511 1298 docet,
1525 1266 1605 1301 primi
1622 1266 1819 1293 dodecatcmo-

1031 1313 1064 1340 rii
1087 1312 1227 1348 designato
1255 1312 1399 1347 principio,
1422 1317 1520 1339 caetera
1545 1312 1673 1346 aequabili
1698 1312 1818 1346 partietur

1030 1358 1227 1393 aequinoctialis
1256 1358 1390 1386 divisione
1411 1365 1472 1386 esse
1496 1363 1649 1386 numerata.
1677 1358 1820 1391 Quarnols~

1030 1411 1089 1440 rem
1118 1403 1163 1438 qui
1187 1403 1257 1430 bona
1274 1403 1325 1430 [ide
1348 1410 1379 1430 ac
1393 1403 1464 1430 serio
1473 1403 1600 1431 cardines
1619 1403 1647 1430 in
1662 1403 1764 1430 mediis
1778 1404 1820 1430 si-

1032 1448 1102 1483 gnis,
1122 1448 1164 1476 vel
1181 1448 1296 1479 Octavis,
1311 1448 1426 1483 aliisque
1445 1449 1570 1483 partibus
1589 1449 1721 1478 ﬁxerunt.
1747 1449 1820 1476 veri-

1031 1492 1119 1520 simile
1131 1496 1173 1520 est
1182 1500 1230 1520 eos
1245 1493 1352 1520 initium
1373 1493 1455 1527 primi
1474 1492 1688 1520 dodecatemorii
1706 1500 1763 1520 non
1785 1495 1821 1520 ab

1031 1536 1088 1571 ipsa
1102 1537 1299 1572 aequinoctialis
1323 1541 1350 1564 et
1365 1537 1468 1564 zodiaci
1484 1538 1678 1566 intersectione
1694 1539 1819 1573 cepisse;

1030 1584 1079 1611 sed
1095 1584 1234 1618 aliquanto
1246 1587 1310 1611 ante
1325 1583 1413 1618 spatio
1434 1592 1441 1610 :
1457 1583 1530 1618 quod
1545 1584 1572 1610 in
1587 1584 1702 1619 reliquis
1720 1585 1819 1612 deinde

1030 1633 1167 1657 servatum
1184 1632 1235 1656 est.
1251 1628 1320 1656 Cum
1342 1634 1431 1656 autem
1445 1628 1480 1656 ab
1506 1628 1606 1663 insigni
1628 1629 1722 1663 aliqua
1739 1630 1820 1656 stella

1029 1682 1119 1702 vernae
1134 1675 1302 1709 tempestatis
1319 1675 1425 1701 initium
1443 1674 1577 1708 auspicati
1601 1674 1667 1706 sint,
1684 1675 1725 1701 uti
1747 1675 1819 1701 dixi-

1030 1728 1101 1753 mus,
1116 1720 1232 1754 eligatur
1243 1719 1321 1747 stella
1341 1719 1396 1751 illa,
1412 1726 1472 1753 quae
1491 1718 1519 1745 in
1538 1718 1710 1752 praecedente
1731 1726 1818 1745 cornu

1030 1770 1071 1792 est
1085 1764 1194 1792 Arietis.
1211 1763 1247 1790 Ea
1258 1771 1289 1791 ex
1307 1762 1513 1790 accuratissima
1525 1761 1664 1796 Tychonis
1686 1761 1818 1788 observa-

1031 1811 1104 1838 tione
1118 1817 1190 1837 anno
1203 1809 1304 1837 Christi
1326 1816 1377 1836 IDC
1400 1808 1452 1836 sita
1476 1813 1536 1835 erat
1558 1809 1585 1834 in
1606 1807 1693 1842 gradu
1718 1807 1819 1834 Arietis

1029 1857 1075 1890 27,
1088 1857 1140 1887 56',
1167 1856 1246 1890 cujus
1259 1855 1373 1882 latitudo
1394 1854 1526 1890 graduum
1544 1858 1585 1880 est
1601 1853 1626 1884 7,
1640 1853 1819 1886 8'.Quoniam

1033 1910 1098 1930 vero
1116 1902 1240 1930 stellatus
1261 1901 1336 1929 orbis
1362 1901 1390 1928 in
1417 1899 1610 1934 consequentia
1636 1904 1774 1929 movetur.
1794 1903 1820 1925 et

1031 1948 1112 1976 annis
1126 1948 1236 1975 circiter
1246 1947 1353 1974 duobus
1364 1950 1391 1973 et
1408 1946 1576 1981 septuaginta
1595 1944 1713 1980 gradum
1728 1938 1820 1971 absola

1031 1996 1070 2022 vit
1097 2002 1192 2026 unum,
1222 1993 1284 2020 inde
1310 1993 1433 2028 sequitur
1453 1996 1516 2019 ante
1539 1992 1643 2026 aliquot
1670 1991 1774 2018 saecula
1793 1991 1818 2017 in

1032 2041 1120 2076 ipsum
1146 2047 1236 2067 vernae
1257 2038 1386 2066 sectionis
1411 2042 1539 2072 punctum
1564 2035 1695 2063 incidisse
1711 2036 1819 2062 stellam

1032 2087 1122 2118 istam,
1143 2093 1175 2112 ac
1190 2092 1284 2112 rursus
1306 2083 1507 2118 antiquioribus
1527 2082 1635 2110 smculis
1656 2081 1725 2108 illud
1742 2086 1819 2108 ante—

1032 2132 1148 2159 venisse.
1171 2130 1270 2158 Verum
1282 2138 1336 2156 non
1350 2134 1403 2156 tam
1419 2129 1471 2155 loci
1486 2129 1582 2163 ipsius,
1598 2128 1644 2162 qui
1665 2128 1691 2154 in
1705 2127 1819 2154 zodiaca

1033 2179 1116 2206 stellae
1127 2177 1263 2212 competit,
1279 2176 1380 2211 quique
1395 2174 1546 2202 latitudinis
1563 2174 1670 2200 circulo
1691 2174 1820 2208 designa-

197 2219 248 2245 hac
261 2219 288 2245 in
302 2226 340 2250 re,
356 2227 436 2254 quam
447 2219 602 2247 Columellas
613 2220 648 2247 sit
660 2219 742 2252 ﬁdes;
763 2225 791 2246 ut
803 2221 848 2254 qui
866 2225 941 2247 tanto
953 2225 978 2247 et

1032 2229 1086 2256 tur,
1099 2231 1180 2258 quam
1197 2222 1366 2250 ascensionis
1378 2221 1450 2248 illitts
1470 2221 1586 2255 obliquae
1605 2219 1731 2247 ducenda
1750 2220 1819 2246 ratio

197 2264 342 2299 antiquior,
363 2269 390 2292 et
413 2265 508 2292 harum
537 2273 628 2293 rerum
655 2265 850 2300 intelligentior
867 2287 874 2300 ,
897 2270 924 2293 ct
949 2268 976 2294 in

197 2312 414 2336 astronomorum
445 2314 564 2338 veterum
589 2312 706 2339 lectione
733 2311 868 2344 detritior,
895 2320 976 2348 quam

196 2354 355 2386 Columella,
371 2355 461 2382 fuerit.
478 2355 509 2383 Et
524 2361 614 2384 tamen
624 2357 705 2391 hujus
718 2358 881 2385 auctoritate
893 2359 978 2393 pleriu

195 2407 249 2434 que
269 2406 363 2426 omnes
381 2399 551 2427 adducuntur
566 2401 655 2433 hodie,
672 2407 700 2429 ut
713 2403 910 2438 antiquissimis
929 2411 978 2431 sata

196 2445 265 2472 culis
288 2444 443 2472 existiment
462 2446 565 2474 octavis
589 2448 711 2482 partibus
733 2449 872 2484 signorum
893 2449 977 2485 aqui-

195 2492 286 2519 noctia
296 2496 323 2519 et
332 2492 448 2519 solstitia
457 2493 490 2519 ab
498 2495 660 2521 astronomis
668 2495 788 2522 mandari
798 2496 887 2522 solita.
900 2495 977 2528 Quod

196 2545 251 2572 pra:
264 2538 369 2565 caeteris
383 2537 463 2564 enixe
476 2541 567 2564 tuetur
585 2537 706 2573 Scaliger
728 2549 734 2566 :
754 2541 807 2566 imo
822 2540 933 2567 unicum
951 2541 978 2568 id

196 2582 241 2609 ille
253 2582 456 2609 fundamentum
474 2582 498 2609 ei
517 2582 646 2609 doctrinae
666 2584 810 2616 substruit,
841 2593 921 2619 quam
944 2585 978 2613 de

195 2627 350 2654 Graecorum
362 2632 573 2663 caeterorumque
584 2629 743 2664 populorum
762 2631 840 2658 annis
855 2631 977 2666 explicata

195 2675 243 2700 vit.
260 2675 311 2702 Sed
333 2683 420 2711 neque
447 2675 568 2703 funditus
584 2676 736 2710 negaverim
752 2676 845 2710 fuisse,
858 2678 975 2712 quiante

195 2719 376 2755 Hipparchum
393 2722 518 2749 cardines
533 2723 596 2753 alio,
612 2730 691 2757 quam
708 2723 735 2749 in
749 2723 888 2757 signorum
899 2724 977 2750 initia

195 2766 359 2794 contulerint
378 2777 384 2794 :
401 2768 472 2803 quod
503 2768 645 2800 Geminus,
669 2769 832 2800 Columella,
856 2770 975 2797 Achilles

195 2811 301 2844 Tatius,
311 2813 410 2848 aliique
432 2814 606 2847 conﬁrmant;
627 2818 655 2841 ct
672 2822 686 2841 a
703 2810 775 2842 Iulio
790 2814 912 2847 Casarc,
941 2823 974 2842 es

196 2859 331 2884 communi
346 2858 439 2893 utique
464 2867 494 2886 ac
510 2865 616 2895 recepta
636 2861 780 2894 sententia,
799 2861 869 2889 idem
885 2861 913 2888 in
930 2869 978 2889 an-

1031 2274 1084 2301 est,
1101 2275 1132 2297 ut
1145 2277 1225 2304 quant
1243 2269 1270 2296 in
1286 2273 1389 2303 partem
1401 2266 1614 2295 dodecatemorii
1622 2265 1818 2301 aequinoctium

1029 2315 1186 2347 incurrerit,
1198 2315 1333 2342 aestimare
1349 2313 1496 2349 possimus.

1064 2361 1203 2388 Scribebat
1218 2359 1252 2386 ad
1264 2366 1307 2386 me
1315 2357 1477 2385 Godefridus
1491 2356 1669 2389 Vendelinus,
1677 2356 1720 2383 vir
1731 2360 1818 2383 astro-

1028 2407 1126 2433 nomiae
1139 2404 1300 2439 cumprimis
1319 2403 1434 2438 peritus.
1451 2403 1524 2430 circa
1535 2410 1636 2429 annum
1654 2406 1719 2429 ante
1739 2402 1818 2428 Chri-

1028 2451 1063 2479 sti
1081 2459 1162 2478 aerant
1187 2451 1266 2481 1‘263,
1284 2449 1330 2484 qui
1355 2453 1397 2476 est
1409 2449 1513 2484 periodi
1537 2448 1601 2475 Julii
1624 2449 1705 2479 5450,
1734 2449 1816 2476 videri

1029 2502 1134 2532 tempus
1162 2496 1228 2523 illud
1254 2495 1351 2528 fuisse,
1375 2503 1429 2529 quo
1450 2495 1576 2522 ascensio
1601 2495 1696 2529 primae
1717 2495 1817 2522 Arietis

1028 2544 1112 2572 stellae
1128 2543 1283 2578 quindecim
1294 2542 1424 2577 gradibus
1437 2541 1613 2568 antecedebat
1623 2541 1816 2577 aequinoctium

1029 2597 1151 2616 vernum.
1171 2587 1233 2621 Quo
1253 2588 1335 2616 etiam
1359 2591 1481 2622 tempore
1500 2587 1650 2614 Ncomenia
1675 2586 1776 2618 Thntb,
1791 2592 1816 2614 ct

1028 2639 1104 2662 ortus
1128 2634 1268 2666 canicttlat,
1295 2637 1322 2660 et
1345 2633 1505 2664 solstitium,
1530 2640 1563 2659 ac
1589 2633 1763 2659 novilnnimn
1790 2634 1815 2659 in

1027 2679 1151 2707 eumdem
1164 2679 1235 2706 diem
1264 2678 1429 2710 inciderunt,
1454 2678 1499 2713 qui
1521 2683 1581 2704 erat
1600 2676 1666 2704 Julii
1694 2678 1813 2713 quintus,

1029 2725 1110 2760 idque
1124 2726 1151 2752 in
1168 2724 1366 2759 Heliopolitano
1388 2727 1478 2750 tractu
1495 2733 1500 2750 :
1517 2723 1590 2758 quod
1606 2723 1639 2750 ad
1656 2723 1813 2751 memoriam

1029 2770 1197 2805 posteritatis
1213 2769 1318 2803 insigne
1332 2769 1438 2796 illitiqu
1453 2769 1528 2796 dedit
1546 2768 1685 2796 Sothiacze
1695 2769 1812 2804 periodo.

1029 2817 1107 2851 cujus
1122 2816 1243 2843 meminit
1256 2816 1380 2843 Clemens
1394 2815 1596 2848 Alexandrinus
1618 2815 1721 2843 Stram.
1737 2816 1758 2846 l.
1771 2815 1813 2842 ulti

1030 2861 1158 2890 trecentis
1169 2860 1351 2899 quadraginta
1365 2861 1485 2895 quinque
1502 2861 1583 2888 annis
1600 2865 1663 2895 post
1679 2860 1815 2896 migratiot
