1900 3137
45 163 120 191 1555

469 162 698 192 DISSERTATIO
718 164 762 191 DE
781 163 874 193 ORTU
895 164 938 192 ΕΤ
958 164 1093 194 OCCASU
1117 164 1280 193 SIDERUM.

1607 166 1676 194 1558

45 228 112 247 nem
132 220 325 248 lsraelitarum
339 229 371 249 ex
385 221 511 257 rEgypto,
535 223 675 258 periodum
695 224 765 251 hanc
786 231 842 251 coe-
856 227 879 255 Λ
893 224 1017 252 cardines
1031 225 1057 252 in
1066 225 1188 252 eamdem
1196 224 1480 252 dodecatemoriorum
1492 231 1604 252 suorum
1612 233 1677 260 par-

47 265 126 300 pisse
155 267 268 293 scribit.
287 267 325 294 ita
343 267 370 293 in
386 267 491 296 Grteeo.
512 268 547 295 At
562 268 697 304 interpres
714 269 844 304 quadrin-

47 314 151 345 gentos
176 312 281 346 posuit.
294 312 346 340 Per
360 312 429 340 idem
455 319 561 349 tempus
584 319 641 342 erat
661 315 747 350 prima
768 316 845 343 stella

48 357 161 385 Arietis
179 357 209 384 in
228 358 313 392 gradu
330 358 448 386 Piscium
469 360 511 391 17,
537 360 587 393 12’,
613 366 640 387 et
658 361 846 396 a‘quinoctiale

48 407 194 437 punctum
212 404 390 433 antecedebat
402 405 531 439 gradibus
545 406 587 437 1‘2,
597 407 648 439 218',
663 407 714 434 hoc
727 412 767 435 est
778 411 846 434 tem-

49 447 175 482 poribus
200 450 434 478 ascensionalibus
448 452 612 486 quindecim.
634 453 773 481 Sane’isto
787 454 846 488 ipso

49 501 127 521 anno
144 494 264 529 primam
278 494 378 523 Arietis
393 505 425 524 ex
441 498 567 525 methodo
584 502 677 526 nostra
692 499 845 534 deprehen-

49 541 148 568 dimus
165 541 196 567 in
214 540 332 569 Piscium
346 543 390 575 l7,
408 543 449 570 50’
466 553 473 571 :
488 545 613 572 ascensio
627 548 700 572 recta
715 546 845 580 graduum

49 586 123 618 ἕως
139 586 255 620 obliqua
271 595 334 614 vero
347 587 474 623 Memphi,
498 594 544 616 aut
557 589 698 625 Heliopoli,
713 591 846 626 graduum

49 631 122 663 513,
147 631 185 662 6',
212 632 248 658 ita
274 636 303 659 ut
329 633 482 668 quindecim
502 635 631 670 gradibus
654 637 844 671 atquinoctium

51 677 213 705 antecedat.
226 677 399 706 N0vilunium
415 687 508 707 verum
523 681 550 707 in
566 682 660 708 eodem
674 686 762 709 tractu
776 690 848 710 eom-

54 722 182 750 missum
203 728 244 751 est
254 723 317 751 Julii
336 733 372 755 IV,
386 725 451 751 hora
463 725 506 758 12,
521 726 573 756 46'.
594 735 656 754 cum
674 728 749 756 locus
765 736 846 756 verus

51 768 124 796 solis
138 773 217 796 esset
234 770 262 796 in
287 769 462 798 Geminorum
483 772 527 805 29,
549 772 600 800 19'.
619 773 708 806 Quare
723 776 845 809 sequenti

53 813 110 852 die,
130 813 204 841 hora
218 814 312 849 quinta
330 817 460 844 matutina
485 817 512 844 in
531 818 590 853 ipso
609 819 706 847 Cancri
730 821 846 848 solstitio

52 858 118 886 fuit.
132 858 164 886 In
190 860 287 887 eodem
309 861 408 888 Caneri
430 862 515 897 gradu
538 864 625 898 primo
643 865 802 893 versabatur
819 871 845 894 ct

895 273 948 296 tem
965 269 1119 301 inciderint,
1136 273 1247 304 quotam
1267 269 1295 296 in
1322 270 1410 305 primo
1434 269 1535 298 Arietis
1555 272 1676 306 aequino-

895 313 979 340 ctium
993 322 1105 342 vernum
1119 319 1276 349 occuparat.

900 376 915 380 --
931 359 987 387 Sub
1000 361 1106 387 initium
1124 369 1184 388 aera:
1196 360 1392 394 Nabonassari,
1408 369 1468 389 eum
1481 360 1582 390 Arietis
1598 363 1677 390 stella

895 405 922 432 in
940 404 1059 432 Piscium
1081 406 1165 440 gradu
1192 406 1244 433 sita
1265 411 1337 433 esset
1355 406 1400 438 25,
1426 407 1453 433 in
1476 406 1676 442 Heliopolitano

896 454 985 478 tractu
1006 451 1115 485 obliqua
1131 450 1181 478 fuit
1203 452 1329 479 ascensio
1351 451 1482 486 graduum
1499 452 1560 485 550,
1575 461 1607 480 ac
1629 453 1677 481 de-

896 503 955 523 cem
968 496 1097 531 gradibus
1108 496 1271 531 :equinoctio
1287 500 1346 524 erat
1360 498 1490 525 anterior.
1507 498 1570 533 Cyri
1583 506 1674 533 porro.

896 549 928 568 ac
947 541 1069 569 Thaletis
1091 542 1201 574 saeculo,
1224 542 1252 569 in
1268 543 1364 570 eodem
1388 544 1453 575 situ,
1475 542 1575 571 Arietis
1598 545 1677 572 stella

895 587 950 622 jam
976 588 1009 615 ad
1025 588 1145 616 Piscium
1164 588 1199 616 28
1216 596 1372 624 progressa,
1396 590 1521 617 ascensio
1537 590 1587 618 fuit
1607 591 1678 619 obli-

897 641 950 668 qua
963 633 1095 668 graduum
1116 633 1178 666 552,
1195 637 1276 668 atque
1295 635 1322 661 in
1337 638 1433 662 octavo
1448 635 1532 669 gradu
1552 635 1678 663 commit-

897 679 1005 706 tebatur
1019 679 1223 714 aequinoctium.
1239 678 1301 706 Hmc
1317 680 1343 706 in
1364 680 1448 707 certis
1462 680 1602 715 signorum
1615 688 1678 716 par-

896 723 970 752 tibus
984 724 1188 752 statuendoruin
1204 724 1345 752 cardinum
1361 724 1431 752 ratio
1443 724 1589 752 identidem
1600 725 1679 753 adhi-

896 769 954 796 beri
977 769 1075 804 potuit,
1094 771 1244 798 secundum
1266 778 1297 798 ea
1315 778 1376 806 qua
1393 778 1409 797 e
1432 767 1516 798 Sexto
1541 770 1678 806 Empirico

897 823 957 850 cap.
973 815 981 841 1
996 815 1206 843 declaravimus.

933 857 985 888 Sed
1010 869 1064 888 non
1090 862 1181 889 minus
1200 865 1227 889 et
1244 857 1288 888 illa
1312 858 1460 897 probabilis
1485 866 1545 895 est,
1568 870 1628 897 qum
1644 870 1678 890 ex

51 905 159 938 Sirius,
178 906 295 940 quitum
317 911 407 934 ortum
425 909 585 937 matutinum
609 918 669 938 eum
682 911 740 939 sole
762 911 845 940 facie-
859 905 1049 941 BHiPPaFChO
1071 906 1225 942 conititur.
1250 907 1277 934 ίη
1301 914 1355 942 qua
1385 908 1524 935 Stellarum
1552 908 1621 936 είῐιιε
1648 908 1678 935 ίιι

53 950 103 978 bat
119 952 213 986 prima
229 952 272 980 die
283 952 383 985 Thotb,
401 962 460 989 quae
474 956 500 982 in
516 956 639 983 eumdem
657 957 752 985 incidit
764 958 844 986 diem.

88 998 152 1026 Non
167 999 283 1026 dubium
298 1005 340 1028 est
354 1001 420 1036 quin
440 1001 608 1031 admirabilis
620 1003 663 1030 hic
680 1011 769 1032 rerum
780 1012 848 1040 qua-

52 1049 118 1071 tuor
137 1044 167 1071 in
187 1044 258 1072 idem
273 1049 381 1081 tempus
397 1055 560 1080 concursus,
573 1048 728 1077 Neomeniaa
746 1050 845 1082 Thotb,

52 1090 129 1118 luna;
150 1090 252 1125 ipsius,
268 1095 345 1119 ortus
360 1092 426 1120 Sirii
443 1098 469 1121 et
481 1095 601 1127 solstitii,
617 1096 687 1130 apud
704 1095 846 1131 (Egyptios

52 1137 228 1171 singularem
250 1137 465 1165 observationem
489 1141 628 1173 meruerit,
657 1145 687 1168 ut
708 1141 765 1168 haec
783 1149 847 1176 pro-

53 1181 254 1217 indeinsignis
266 1183 369 1218 cpocha
395 1183 487 1216 fuerit,
510 1186 619 1212 tametsi
641 1187 714 1213 nulla
734 1186 794 1221 ejus
818 1186 846 1213 in

53 1227 248 1255 monumentis
261 1233 381 1255 veterum
396 1230 527 1256 memoria
547 1231 676 1265 supersit.
700 1232 787 1266 Atque
800 1232 846 1259 ille

55 1273 169 1300 demum
188 1281 276 1301 annus
287 1278 350 1302 ante
363 1274 509 1309 Troianum
519 1276 654 1303 excidium
662 1277 844 1310 centesimus;

53 1323 119 1352 post
132 1319 325 1353 migrationem
340 1327 372 1347 ex
398 1319 524 1355 Egyplo,
548 1321 752 1350 dueentesimus
773 1322 847 1350 vice-

54 1363 145 1391 simus
173 1364 307 1399 septimus
336 1368 445 1399 putatur
459 1366 487 1392 in
512 1370 605 1394 nOstra
621 1367 810 1403 Chronologia,
830 1376 846 1396 a

54 1414 112 1443 quo
124 1409 192 1443 jure
208 1409 317 1444 quidem
335 1409 459 1438 Sothiaca
475 1412 602 1446 periodus
612 1413 734 1441 inchoari
747 1414 844 1449 potuit.

94 1455 167 1483 Hinc
187 1455 254 1483 illud
276 1455 420 1492 Porphyrii
442 1457 512 1484 libro
521 1458 560 1485 De
581 1463 656 1485 antro
675 1460 847 1494 nympharum

55 1502 129 1529 idem
162 1501 332 1530 Vendelinus
361 1503 481 1538 exponit,
514 1511 575 1531 cum
605 1505 641 1531 ait
666 1505 808 1541 Egyptios
832 1513 847 1533 τι

56 1548 178 1581 Cancro,
192 1548 231 1574 uti
254 1547 391 1576 Romanos
419 1556 434 1575 a
457 1549 634 1584 Capricorno,
654 1559 753 1578 annum
779 1552 848 1579 inci-

56 1600 141 1627 pere,
157 1597 241 1627 atque
261 1593 295 1620 ab
323 1597 418 1621 exortu
443 1580 561 1622 Sothios.
593 1580 749 1630 Αἱῆυπτὶοις
774 1597 845 1632 ἀρχὴ
860 1580 881 1609 C

59 1637 139 1670 ἔτους
156 1638 206 1672 οὐχ
223 1637 373 1673 Ὑδροχόος,
391 1638 428 1670 ὡς
449 1639 600 1675 Ῥωμαίοις,
617 1640 683 1667 ἀλλὰ
699 1641 844 1676 Καρκίνος.

56 1683 135 1719 Πρὸς
149 1683 205 1720 γὰρ
218 1683 257 1718 τῷ
272 1683 400 1719 Καρκίνῳ
416 1685 432 1719 ἡ
449 1685 544 1718 Σῶθις,
556 1686 588 1721 ἣν
605 1686 691 1718 Κυνδς
709 1687 810 1722 ἀστέρα
822 1687 847 1714 οἱ

57 1731 193 1767 Ἔλληνές
215 1740 290 1766 φασι.
307 1732 448 1767 Νουμηνία
465 1733 487 1759 δ’
509 1734 598 1765 αὐτοῖς
615 1735 631 1769 ὴ
656 1734 768 1766 Σώθεως
784 1736 848 1762 ἀνα.-

57 1777 133 1813 τολὴ,
165 1777 298 1811 γενέσεως
325 1777 496 1813 κατάρχουσα
519 1779 567 1813 τῆς
595 1780 635 1811 εἰς
660 1779 704 1806 τὸν
735 1780 845 1815 κόσμον.

64 1822 215 1858 clAEgyptii
231 1830 331 1849 annum
347 1823 491 1850 ordiuntur
506 1832 559 1851 non
573 1825 606 1851 ab
614 1825 780 1859 Aquario,ut
793 1825 848 1853 Ro-

59 1869 154 1901 mani;
167 1869 214 1895 sed
227 1876 241 1895 a
250 1868 363 1896 Cancro.
371 1868 439 1896 Huic
446 1870 516 1896 enim
527 1870 603 1896 allisa
611 1869 700 1898 Sothis
706 1875 756 1904 est,
766 1879 847 1906 quam

60 1913 144 1942 Canis
163 1914 270 1941 stellam
284 1915 369 1942 Graeci
384 1915 593 1943 nominant.Est
601 1920 691 1944 autem
704 1917 770 1951 ipsis
780 1917 848 1944 Neo-

60 1961 152 1987 menia
170 1959 286 1988 Sotheos
308 1965 431 1993 exortus,
448 1969 508 1996 qum
530 1962 631 1989 mundo
652 1963 847 1997 procreationis

59 2003 172 2032 initium
183 2006 266 2033 dedit.
285 2017 294 2032 ι
313 2006 362 2034 Hie
377 2007 410 2034 de
425 2007 504 2034 initio
519 2007 618 2034 Cancri
636 2008 710 2043 loqui
725 2008 845 2036 videtur.

61 2049 154 2082 Quare
172 2054 276 2086 tempus
285 2052 349 2078 illud
361 2052 531 2086 potissimum
550 2052 684 2088 intelligit,
696 2060 751 2087 quo
763 2057 842 2081 ortus

62 2099 202 2124 cosmicus
217 2097 280 2124 Sirii
296 2097 321 2124 in
334 2098 432 2124 Cancri
451 2097 615 2132 principium
632 2098 758 2125 incurrit.
781 2098 850 2131 Quo-

63 2143 136 2170 circa
152 2163 160 2175 ,
179 2143 211 2175 si,
233 2147 262 2170 ut
284 2143 382 2171 Sextus
403 2143 557 2178 Empiricus
577 2147 604 2171 et
630 2143 783 2171 Macrobius
801 2145 849 2171 do-

65 2193 140 2220 cent,
158 2188 375 2217 dodecatemoria
383 2189 498 2224 primum
514 2197 547 2216 ex
563 2189 750 2217 observatione
765 2189 850 2217 stellae

63 2234 229 2269 cujuspiam,
245 2239 271 2263 et
283 2235 493 2263 succedentibus
505 2235 697 2263 ascensionum
717 2235 846 2271 gradibus
860 2247 885 2275 ι)

63 2279 190 2314 aequabili
205 2280 351 2314 partitione
362 2281 511 2308 constituta
519 2284 592 2312 sunt,
606 2281 645 2308 uti
660 2281 750 2316 capite
758 2281 847 2316 primo

63 2324 251 2357 meminimus,
271 2326 359 2360 potuit
382 2334 430 2360 per
449 2325 516 2352 illud
536 2329 643 2361 tempus
660 2327 693 2354 ab
711 2326 846 2362 Egyptiis

63 2370 153 2403 prima
164 2370 210 2397 illa
234 2371 322 2398 notari
342 2371 419 2398 stella
438 2371 555 2403 'Arietis,
577 2372 611 2399 ab
624 2379 709 2407 eaque
726 2380 849 2408 segmen-

63 2418 155 2442 torum
183 2416 280 2444 divisio
315 2417 475 2451 procedere;
515 2425 546 2444 ac
580 2421 636 2445 tum
673 2418 701 2445 in
730 2418 848 2445 medium

64 2462 147 2494 primi
165 2461 374 2489 dodecatemorii
398 2470 510 2490 vernum
532 2463 724 2498 aequinoctium
747 2463 849 2491 incide-

63 2512 125 2536 ret:
143 2510 225 2544 quod,
243 2510 326 2538 semel
339 2510 373 2537 ab
393 2510 448 2538 illis
462 2511 611 2544 decretum,
628 2512 661 2538 ad
681 2512 783 2547 aliquot
798 2520 849 2540 sm-

64 2554 127 2582 cula
158 2560 334 2591 propagatum
359 2555 452 2588 fuerit,
470 2557 557 2584 donec
577 2558 748 2592 μετάπ-τωσις
766 2559 850 2585 stella:

65 2599 146 2628 istius
163 2601 190 2627 in
215 2601 411 2636 consequentia
433 2602 552 2629 discerni
574 2603 702 2630 sensibus
727 2607 820 2637 posset
840 2612 848 2630 :

65 2651 97 2672 ac
109 2646 267 2680 singillatim
279 2646 434 2679 duodecim,
449 2651 521 2679 octo,
539 2655 596 2680 sex,
610 2651 762 2682 quatuorve
777 2652 849 2674 tem-

65 2692 178 2725 poribus
187 2692 558 2728 dwatpoptxoigaaquinoctium
570 2696 763 2721 anteverteret.
773 2693 850 2721 Unde

65 2738 185 2764 varietas
198 2737 242 2764 illa
256 2737 454 2764 sententiarum
471 2746 553 2773 super
572 2738 716 2765 cardinum
730 2747 850 2766 momen-

67 2782 102 2809 tis
130 2788 218 2810 ortnm
244 2783 370 2810 habuerit
387 2784 504 2811 :etenim
528 2785 609 2819 primi
637 2784 849 2812 dodecatemorii

69 2827 145 2856 initio
160 2829 318 2861 constituto,
338 2833 436 2857 caetera
461 2830 591 2865 deinceps
616 2831 743 2865 aequabili
764 2831 849 2865 parti-

70 2873 141 2902 tione
156 2875 282 2902 distincta
294 2878 378 2906 sunt;
396 2883 428 2902 ex
446 2883 500 2910 quo
516 2875 618 2902 factum
640 2881 691 2909 est,
707 2875 803 2910 reliqui
820 2880 850 2902 ut

207 2922 338 2951 Pnuot.
354 2922 412 2951 Gn.
427 2922 510 2953 ΧΙΧ.

895 952 1078 987 :equinoctiali
1093 953 1135 980 vel
1147 953 1338 988 tequidistante
1346 950 1450 981 circulo
1459 954 1618 989 designatur
1629 963 1678 990 per

896 999 1006 1025 coluros
1019 1005 1034 1025 a
1044 997 1139 1025 mundi
1154 999 1217 1033 polo
1233 1007 1281 1033 per
1301 1003 1426 1026 centrum
1450 1000 1535 1027 stella:
1549 1000 1677 1035 trajectos

896 1044 930 1070 ad
955 1044 1184 1078 aequinoctialem.
1212 1043 1287 1071 Hanc
1310 1045 1334 1072 si
1361 1045 1512 1079 sequimur,
1539 1045 1678 1080 aliquanto

896 1089 978 1116 etiam
994 1089 1164 1118 commodius
1177 1088 1289 1123 incidet,
1303 1095 1411 1117 utanno
1426 1091 1483 1123 illo,
1501 1098 1581 1126 quem
1596 1098 1679 1126 supra

897 1134 1069 1162 definivimus
1100 1139 1139 1163 tot
1167 1143 1258 1163 rerum
1285 1143 1422 1164 concursu
1455 1137 1677 1169 memorabilem,

895 1182 1086 1216 aequinoctium
1107 1181 1134 1208 in
1156 1187 1232 1216 parte
1249 1181 1282 1208 15
1297 1180 1447 1216 contingat.
1465 1181 1532 1210 Nam
1555 1183 1678 1210 ascensio

896 1230 970 1254 recta
980 1227 1096 1262 partium
1110 1227 1245 1253 invenitur
1262 1227 1322 1259 546,
1335 1235 1406 1254 anno
1417 1227 1519 1262 periodi
1529 1225 1583 1256 Jul.
1595 1228 1676 1261 3450,

896 1273 933 1300 ita
948 1277 977 1300 ut
994 1273 1183 1308 aequinoctium
1197 1273 1309 1308 praecise
1326 1273 1353 1300 in
1369 1273 1482 1309 gradum
1496 1274 1530 1301 15
1543 1274 1677 1303 incurrat.

896 1317 976 1345 Anno
997 1325 1061 1345 vero
1080 1314 1264 1345 Nabonassari
1288 1318 1376 1352 primo
1397 1314 1501 1352 periodi
1524 1317 1578 1345 Jul.
1595 1319 1676 1352 5967,

897 1364 1023 1392 ascensio
1048 1368 1121 1391 recta
1147 1364 1265 1398 partium
1291 1367 1349 1391 erat
1370 1363 1431 1397 552,
1453 1363 1511 1397 ὄιές
1527 1367 1678 1400 octavoque

897 1410 961 1437 inde
976 1409 1059 1444 gradu
1075 1409 1265 1444 aequinoctium
1281 1409 1370 1437 ﬁebat.

932 1455 995 1484 Haec
1010 1456 1144 1491 posterior
1157 1456 1300 1484 methodus
1315 1457 1399 1488 priori
1411 1465 1464 1484 non
1479 1461 1513 1485 80'
1527 1458 1613 1486 solum
1627 1465 1679 1486 no.

897 1502 971 1530 mine
985 1502 1154 1537 prxefercnda
1169 1503 1252 1534 venit,
1270 1503 1343 1538 quod
1355 1503 1476 1531 eamdem
1489 1512 1550 1531 eum
1568 1504 1614 1531 illa
1627 1512 1678 1540 op-

898 1549 1093 1583 portunitatem
1107 1547 1232 1579 aﬂ‘erens,
1255 1548 1307 1577 hoc
1325 1549 1406 1577 habet
1425 1546 1546 1585 insuper,
1564 1555 1593 1578 ut
1612 1550 1679 1585 Hip-

898 1594 991 1629 parchi
1007 1598 1193 1628 veterumque,
1219 1600 1253 1620 eo
1276 1599 1361 1627 teste,
1384 1595 1482 1622 rationi
1509 1595 1595 1631 magis
1615 1603 1678 1622 eon-

898 1644 1027 1668 seutanea
1040 1641 1088 1672 sit,
1103 1641 1150 1668 sed
1162 1641 1242 1668 etiam
1258 1641 1331 1677 quod
1346 1640 1410 1668 illud
1427 1641 1545 1672 exhibet.
1563 1646 1591 1668 ut
1604 1642 1678 1668 circa

897 1685 1080 1714 Nabonassari
1107 1688 1237 1722 epocham
1265 1688 1293 1714 in
1316 1690 1437 1714 octavam
1466 1687 1678 1714 dodecatemorii

898 1737 1001 1767 partem
1013 1734 1206 1768 aequinoctium
1220 1736 1363 1768 competat.
1379 1727 1442 1761 Haec
1455 1730 1526 1760 enim
1544 1740 1577 1760 cx
1589 1733 1678 1760 omni-

898 1777 950 1805 bus
963 1777 1063 1804 usitata
1083 1778 1200 1806 maxime
1215 1786 1247 1805 ac
1261 1778 1368 1813 longius
1389 1777 1422 1804 ad
1437 1778 1560 1812 posteros
1579 1785 1678 1812 propa-

899 1828 959 1858 gata
973 1823 1080 1851 videtur
1092 1824 1195 1865 opinio.
1210 1831 1270 1859 qum
1283 1824 1408 1851 cardines
1418 1823 1522 1850 octavis
1537 1823 1678 1858 signorum

898 1869 1022 1903 partibus
1038 1869 1158 1904 illigabat
1175 1870 1265 1905 :quod
1283 1865 1350 1897 adeo
1363 1866 1413 1896 sub
1436 1868 1576 1896 exordium
1599 1868 1680 1900 nobi-

898 1914 1009 1942 lissimae
1019 1915 1092 1943 illius
1104 1923 1164 1943 terre
1178 1917 1354 1943 constitutum
1370 1924 1384 1942 a
1400 1915 1531 1943 Chaldaeis
1547 1914 1575 1942 in
1590 1913 1679 1950 Babyg

898 1960 972 1987 lonia
987 1960 1073 1989 fuisse
1090 1961 1152 1996 jure
1168 1962 1302 1997 suspicari
1324 1962 1396 1994 licet,
1420 1962 1536 1996 indeque
1551 1961 1585 1988 ad
1600 1964 1680 1989 caate-

898 2013 945 2034 τος
961 2013 1098 2034 manasse.

933 2051 1091 2079 Ammianus
1113 2051 1286 2079 Marcellinus
1309 2053 1378 2080 libro
1391 2049 1484 2086 XXVI,
1504 2052 1550 2079 ubi
1566 2051 1600 2079 de
1615 2051 1680 2079 bis—

899 2100 977 2123 sexto
990 2096 1055 2130 agit,
1067 2097 1187 2125 indicare
1197 2098 1305 2125 videtur
1319 2098 1347 2125 in
1361 2098 1462 2125 Arietis
1473 2097 1593 2125 secunda
1603 2100 1680 2132 parte

899 2141 1036 2169 cardinem
1055 2145 1181 2169 constare
1195 2151 1227 2170 ex
1245 2146 1466 2170 astronomorum
1483 2146 1604 2169 veterum
1617 2150 1680 2170 sen-

900 2186 1000 2219 tentia;
1016 2194 1078 2213 nam
1100 2186 1242 2220 Metonem,
1262 2187 1463 2220 Euctemonem,
1482 2187 1679 2222 Hipparchum,

899 2236 926 2259 et
951 2232 1139 2260 Archimedem
1168 2234 1311 2265 recenset,
1342 2237 1368 2260 et
1395 2241 1496 2260 annum
1530 2237 1681 2260 vertentem

898 2277 1031 2311 explicat,
1056 2287 1064 2303 ι
1079 2282 1108 2304 ut
1131 2278 1213 2305 verbo
1230 2282 1326 2311 tenus,
1354 2279 1377 2305 si
1410 2286 1425 2305 a
1444 2277 1565 2306 secunda
1591 2277 1681 2305 elatus

898 2322 997 2359 Arietis
1020 2323 1053 2350 ad
1074 2332 1133 2351 eam
1160 2324 1329 2352 dimensione
1356 2324 1467 2352 redierit
1491 2323 1647 2356 terminata,
1667 2331 1678 2349 ι

898 2376 978 2404 quem
1000 2370 1140 2398 cardinem
1156 2371 1278 2406 proxime
1301 2375 1365 2399 ante
1391 2370 1555 2398 nominarat.
1577 2368 1681 2397 Circuli

899 2415 969 2450 apud
987 2416 1115 2451 antiquos
1130 2417 1158 2444 in
1170 2421 1261 2452 partes
1279 2417 1419 2452 sexaginta
1434 2415 1638 2446 dividebantur,
1650 2418 1681 2440 ut

899 2469 982 2496 supra
999 2463 1158 2490 memoravi.
1172 2463 1242 2498 Ergo
1258 2463 1374 2498 singulis
1390 2461 1616 2490 dodecatemoriis
1629 2460 1681 2486 im-

899 2512 1000 2542 putata:
1016 2513 1081 2535 sunt
1096 2508 1234 2543 quinque,
1260 2516 1374 2544 quarum
1396 2514 1565 2542 unaquaeque
1580 2505 1681 2540 gradus

900 2553 1047 2582 hodiernos
1071 2555 1187 2582 habebat
1206 2563 1263 2582 sex.
1286 2555 1377 2590 Itaque
1404 2558 1517 2582 octavus
1540 2552 1681 2587 signorum

900 2600 999 2634 gradus
1022 2600 1056 2627 ad
1082 2601 1230 2628 secundam
1255 2601 1417 2637 pertinebat.
1436 2599 1492 2627 Hoc
1511 2602 1602 2626 utrum
1627 2596 1682 2625 sibi

899 2645 1016 2673 voluerit
1033 2647 1204 2679 Ammianus,
1220 2648 1393 2683 cogitandum
1409 2646 1526 2680 amplius
1540 2648 1591 2671 est.

935 2694 1019 2721 Porro
1033 2693 1147 2721 Metonis
1161 2697 1188 2720 et
1201 2693 1304 2720 Eudoxi
1317 2699 1447 2727 tempore,
1465 2698 1527 2718 eum
1536 2689 1592 2723 jam
1604 2688 1682 2716 stella

901 2738 987 2774 prima
1003 2738 1103 2766 Arietis
1117 2738 1236 2766 Piscium
1253 2737 1384 2773 graduum
1399 2735 1445 2768 29,
1460 2741 1546 2769 eoque
1561 2733 1680 2768 amplius

901 2784 1045 2819 attigisset,
1060 2785 1111 2811 hoc
1133 2789 1174 2811 est
1193 2783 1360 2810 tricesimum
1378 2781 1442 2813 fere,
1461 2779 1586 2807 ascensio
1604 2781 1679 2805 recta

901 2830 1033 2864 graduum
1056 2834 1115 2857 erat
1135 2830 1187 2857 557
1204 2830 1260 2858 fere
1274 2840 1281 2857 -.
1295 2829 1335 2856 sic
1361 2832 1391 2854 ut
1415 2827 1442 2853 in
1468 2830 1595 2860 quartum
1620 2823 1684 2850 inde

901 2876 1013 2911 gradum
1029 2877 1219 2912 aequinoctium
1232 2876 1350 2904 caderet.
1366 2873 1496 2901 Ascensio
1508 2875 1599 2898 autem
1614 2869 1685 2896 obli-

1526 2919 1564 2949 lt3
