1900 3137
232 129 305 158 I355

721 131 766 158 AD
785 131 920 159 EUSEBH
937 130 1136 159 CHRONICON
1155 131 1336 160 APPENDIX.

1788 133 1850 162 1558

233 196 288 223 qua
305 188 419 216 Athenis
432 187 488 216 fere
498 188 561 221 552,
579 188 710 224 Heliopoli
724 189 776 216 555
791 190 919 218 circiter:
934 195 1015 224 atque
1027 194 1052 222 Α
1066 191 1209 218 collocavit
1225 191 1272 218 :in
1295 198 1382 226 eoque
1402 190 1568 226 pertinacius
1589 190 1732 218 obluctari
1755 192 1850 220 institit

233 234 286 262 hoc
303 238 382 270 pacto
399 234 442 262 vel
461 234 489 260 in
509 238 607 269 quarto
625 235 710 270 gradu
725 236 835 269 Arietis,
859 237 901 264 vel
924 237 951 264 in
970 245 1014 264 se-

234 281 328 315 ptimo,
343 281 400 315 latnt
423 284 520 314 octavo
542 281 671 308 collocari
697 281 783 316 potuit
809 282 1012 317 aequinoctium.

233 325 354 358 Quarum
372 325 529 360 opinionum
549 327 661 362 vestigia
689 327 716 354 in
738 328 921 363 scriptoribus
943 329 1014 355 anti-

233 374 294 407 quis
309 376 337 399 et
354 373 590 407 parapegmatibus
609 378 767 401 occurrunt.

267 417 387 445 Tandem
410 418 542 453 singulari
564 420 739 447 astronomiae
754 420 826 448 bono
841 419 1012 455 Hipparchus

231 464 337 491 exstitit
350 472 357 491 :
369 464 448 499 cujus
463 468 584 499 tempore
606 465 684 493 stella
700 465 794 493 eadem
811 465 911 493 Arietis
924 466 1012 500 prima

231 509 260 536 in
271 509 484 537 dodecatemorii
496 510 576 545 primi
588 511 693 538 zodiaci
708 515 785 546 parte
800 512 917 547 amplius
930 512 1011 539 tertia

230 556 394 584 versabatur
411 566 417 583 :
433 556 566 592 siquidem
593 564 664 584 anno
679 558 782 593 periodi
797 557 851 585 Jul.
869 558 939 585 4552
954 561 1012 586 erat

231 601 260 630 in
276 602 377 630 Arietis
391 602 418 635 3,
433 602 456 632 9'
467 602 587 635 circiter,
601 604 726 631 ascensio
740 608 813 631 recta
829 604 856 631 in
871 605 930 638 ipso
942 611 1011 639 prae-

231 649 288 676 cise
296 652 398 684 puncto
409 657 499 676 verna:
507 650 646 682 sectionis,
657 658 754 685 nempe
764 650 880 685 partium
888 650 949 681 359,
958 649 1010 677 58'.

230 695 302 731 Ergo
317 696 361 723 ille
377 703 431 730 pra:
446 696 551 723 caeteris
564 697 661 724 solaris
677 696 866 724 conversionis
886 696 1012 723 cardines

231 742 298 776 ipsis
318 742 555 777 aequinoctialibus
580 741 818 776 intersectionibus
841 750 873 769 ac
895 742 1012 770 circulo-

230 795 290 814 rum
319 787 490 815 contactibus
522 788 640 815 asseruit
666 798 672 815 :
698 788 770 823 quod
795 788 885 822 idem,
916 787 1011 823 paucis

230 834 359 868 exceptis,
384 833 592 861 mathematicos
616 841 712 861 omnes
736 833 865 868 antiquos
889 833 1011 861 tenuisse

230 879 390 912 conﬁrmat;
415 885 508 908 contra
535 887 616 914 quam
637 880 760 915 plerique
787 887 820 907 ex
840 880 899 914 ipsa
927 879 1009 907 etiam

229 924 390 959 antiquitate
405 925 536 951 sentiunt.
555 924 587 950 At
607 925 643 951 illi
660 925 723 959 ipsi,
739 925 785 960 qni
802 925 866 951 alibi
884 931 964 958 quam
982 923 1009 950 in

229 970 369 1005 signorum
384 969 470 998 initiis
487 970 613 997 cardines
625 970 836 1002 constituerunt,
852 977 907 997 non
919 970 966 1002 ita,
979 973 1010 996 ut

231 1015 351 1050 Scaliger
372 1015 519 1045 arbitratur
541 1015 584 1050 (de
605 1023 659 1051 quo
684 1023 734 1042 nos
750 1019 843 1050 postea
864 1015 1008 1048 dicemus),

230 1069 286 1089 rem
299 1061 371 1088 illam
384 1061 620 1093 administrarunt,
637 1066 666 1088 ut
682 1065 779 1088 octavo
792 1061 878 1089 aliove
893 1063 955 1096 post
969 1060 1010 1086 in-

230 1106 406 1133 tersectiones
428 1106 470 1133 vel
487 1109 629 1133 contactus
652 1105 737 1141 gradu
761 1106 818 1133 ﬁeri
836 1105 1008 1140 aequinoctia,

231 1152 272 1179 vel
287 1151 403 1180 solstitia
420 1151 565 1184 sentirent,
581 1151 629 1179 sed
647 1152 695 1184 ita,
713 1155 744 1179 ut
764 1152 874 1180 eosdem
896 1152 1008 1187 gradus,

229 1205 299 1233 quos
321 1198 366 1226 alii
388 1198 667 1226 dodecatemoriorum
689 1197 793 1233 primos
816 1205 877 1225 esse
900 1197 1007 1230 vellent,

229 1244 280 1278 ipsi
298 1247 409 1272 octavos
425 1251 440 1270 a
456 1243 555 1279 primo,
575 1243 692 1278 exempli
711 1251 806 1276 causa,
826 1243 1006 1270 nominarent.

230 1289 343 1324 Utrique
356 1297 419 1317 vero
439 1297 494 1317 non
515 1288 590 1322 alibi,
616 1297 696 1324 quam
720 1289 748 1316 in
763 1289 926 1315 circulorum
948 1296 1009 1314 συν-

229 1337 321 1370 αφαῖς,
337 1340 363 1363 et
374 1335 620 1367 commissionibus,
634 1334 857 1371 a3quinoctiorum
873 1341 904 1360 ac
918 1334 1008 1361 solsti—

230 1381 329 1409 tiorum
341 1385 442 1417 puncta
456 1381 583 1409 ﬁxerunt.

228 1451 231 1453 λ
266 1428 305 1456 Ex
319 1436 373 1463 quo
390 1428 428 1460 id,
444 1428 550 1462 opinor,
572 1427 682 1460 accidit,
704 1430 733 1454 nt
749 1426 782 1453 ab
798 1426 922 1461 ingressu
944 1425 1009 1453 solis

229 1477 257 1504 in
269 1476 346 1511 signa
357 1473 550 1509 aequinoctium
562 1477 589 1500 et
602 1473 748 1501 solstitium
761 1477 904 1508 utrumque
915 1477 1008 1508 postea

229 1521 450 1556 distingueretur.
469 1518 508 1546 ita
524 1518 595 1546 enim
613 1518 682 1553 apud
696 1517 856 1550 Varronem,
872 1517 1008 1545 Colunicl-
1023 1538 1045 1569 ο

230 1567 294 1598 lam,
308 1565 438 1597 Plinium,
453 1563 591 1596 Ovidium,
612 1567 639 1591 et
655 1563 683 1591 in
697 1563 868 1591 Kalendariis
888 1564 1007 1598 antiquis

230 1612 398 1643 observabis,
424 1615 504 1645 atque
521 1610 548 1637 in
563 1617 595 1637 eo
606 1609 679 1645 quod
693 1617 726 1637 ex
746 1609 800 1637 illis
813 1609 1007 1636 concinnatum

229 1658 373 1689 edidimus,
390 1657 441 1684 hoc
455 1657 482 1684 in
495 1663 575 1692 opere
586 1657 659 1691 (pag.
675 1654 732 1690 60).
743 1653 782 1682 lbi
798 1654 870 1682 enirn
885 1654 952 1682 solis
963 1655 1007 1682 in-

230 1704 329 1733 troitus
346 1704 373 1730 in
387 1702 463 1738 signa
489 1702 639 1730 cardinalia
660 1705 756 1729 octavo
779 1701 890 1728 circiter
906 1700 950 1729 die
963 1707 1008 1736 po-

230 1750 303 1782 nitur
316 1752 380 1777 ante
397 1748 563 1784 aequinoctia
587 1747 771 1784 solstitiaque;
787 1751 845 1774 tum
856 1746 949 1774 eadem
965 1754 1009 1774 ra-

229 1795 303 1822 tione
317 1794 420 1829 reliqua
433 1793 461 1820 in
476 1794 553 1828 signa
569 1793 634 1820 solis
657 1793 798 1828 ingessus
817 1792 1006 1820 antevertitur.

228 1840 306 1873 Quod
327 1840 406 1868 etiam
433 1839 577 1874 rhapsodia
602 1839 648 1866 illa
671 1839 793 1874 sequitur
821 1839 872 1867 sub
899 1838 1009 1866 nomine

231 1886 364 1914 Ptolemzei
386 1892 402 1913 a
425 1885 543 1913 Leonico
558 1885 654 1913 Latine
675 1886 792 1920 primum
812 1885 895 1918 edita,
910 1885 940 1912 itt
955 1891 1008 1919 qua

230 1937 320 1959 tamen
337 1931 406 1959 inter
417 1931 569 1966 ingressum
584 1930 661 1962 solis,
678 1934 704 1958 et
720 1930 885 1965 aequinoctia
901 1936 934 1956 ac
955 1929 1009 1956 sol-

229 1979 313 2012 stitia,
332 1985 388 2005 non
408 1977 480 2004 idem
503 1980 662 2006 constanter
675 1976 849 2004 intervallum
867 1975 1006 2002 statuitur.

229 2025 264 2052 At
287 2025 313 2051 in
330 2031 363 2052 eo
382 2022 518 2051 Ptolemaei
538 2022 609 2051 libro
623 2022 693 2058 (pag.
707 2022 763 2056 52),
786 2029 866 2057 quem
891 2022 1008 2056 primum

229 2070 372 2102 edidimus,
387 2068 543 2096 uniusmodi
557 2059 699 2095 cardinum
716 2075 802 2103 genus
824 2072 865 2095 est
882 2067 915 2093 ad
930 2074 1009 2094 accu.

229 2116 357 2142 ratioretn
373 2117 593 2142 astronomorum
608 2112 741 2140 calculum
757 2116 891 2143 exactum,
904 2116 931 2139 ct
944 2110 1009 2138 Pto-

229 2160 314 2188 lemaei
332 2160 430 2187 szeculo
443 2166 607 2194 congruens.

265 2204 363 2232 \‘crum
379 2209 409 2231 ut
422 2204 455 2231 ab
468 2203 669 2239 antiquioribus
684 2202 848 2230 astronomis
864 2206 938 2229 recte
952 2202 1006 2228 ista
1022 2206 1045 2233 ι)

230 2251 300 2285 ipsa.
321 2257 403 2284 quam
421 2250 608 2285 exposuimus,
632 2247 759 2276 tnethodo
773 2248 912 2283 signorum
930 2247 1007 2274 initia

230 2301 294 2323 ante
318 2294 465 2322 cardinalia
489 2298 588 2329 puncta
622 2294 728 2322 deﬁniri
751 2296 898 2328 potuerunt
927 2292 961 2328 (si
982 2291 1008 2319 id

230 2345 322 2368 tatnen
336 2347 401 2367 verc
414 2339 448 2366 ab
467 2339 521 2366 illis
536 2340 690 2367 institutum
704 2339 769 2372 fuit;
785 2339 819 2366 de
838 2346 891 2373 quo
912 2338 1008 2365 dubios

230 2393 281 2413 nos
297 2383 443 2419 Hipparchi
464 2384 614 2412 auctoritas
639 2384 736 2420 facit):
759 2384 796 2411 ita
822 2387 882 2418 post
897 2382 1010 2418 Hippar-

230 2432 310 2459 chum
334 2429 473 2464 deinceps,
492 2437 526 2456 ex
552 2437 643 2457 errore
668 2430 867 2465 imper-iliaque,
885 2429 955 2456 idem
980 2428 1009 2456 in

229 2478 303 2513 vulgi
317 2484 372 2504 usu
394 2482 426 2503 ac
440 2475 574 2503 sententia
588 2469 699 2503 resedit.
720 2475 788 2503 Cum
804 2475 875 2503 enim
894 2474 1008 2510 Hippar-

231 2524 298 2552 chus
314 2522 476 2558 zequinoctia
498 2522 525 2549 in
549 2522 649 2549 mutuis
672 2523 837 2550 sectionibus
857 2522 961 2549 zodiaci
984 2525 1010 2549 ct

230 2571 430 2607 aequinoctialis
450 2570 544 2600 circuli
566 2570 677 2602 ﬁxiSset,
704 2571 819 2598 solstitia
843 2572 870 2597 in
894 2570 1008 2601 zodiaci,

230 2618 452 2653 tropicorumqne
479 2616 667 2649 contactibus,
694 2625 748 2643 una
776 2625 837 2644 cum
870 2617 1009 2652 signorum

231 2664 410 2692 cardinaliunt
432 2663 584 2698 principiis,
606 2662 673 2689 adeo
689 2666 718 2689 ut
737 2662 897 2698 atquinoctia
919 2663 946 2689 in
963 2670 1010 2690 eos

231 2709 290 2737 dies
317 2709 466 2741 caderent,
503 2709 550 2744 qui
579 2707 668 2735 Martii
701 2716 784 2739 xxiv,
819 2712 846 2735 et
885 2707 1009 2742 Septem—

231 2755 288 2782 bris
313 2764 386 2783 xxvrt
403 2756 617 2791 respondebant;
636 2755 754 2783 solstitia
768 2762 832 2781 vero
843 2753 916 2781 Junii
933 2762 1008 2787 xxvr,

231 2804 258 2827 et
280 2800 434 2829 Decembris
458 2809 540 2835 xxiv;
562 2802 659 2836 Vulgus
684 2804 738 2828 tam
764 2800 900 2828 scctiones
924 2801 1008 2836 ipsas,

232 2851 312 2881 quam
337 2846 413 2875 initia
433 2847 582 2885 signorum,
601 2851 663 2876 ante
689 2846 747 2875 dies
767 2851 830 2875 octo
845 2850 1010 2882 praepostere

1066 236 1196 265 adversus
1219 236 1367 272 Hipparchi
1390 237 1620 271 astronomiaeque
1643 237 1768 272 placita:
1787 239 1850 266 adeo

1064 283 1185 318 quidem,
1204 288 1234 310 ut
1249 283 1325 310 Beda:
1337 291 1446 318 quoque
1459 284 1643 318 temporibus,
1658 291 1693 310 ac
1707 283 1848 320 deinceps,

1064 328 1135 356 idem
1152 329 1332 363 perseverarit
1350 336 1438 361 error,
1461 328 1533 363 quod
1557 329 1633 357 illius
1651 329 1848 358 Kalendarium

1062 375 1151 407 docet,
1172 375 1199 402 in
1215 383 1269 410 quo
1282 381 1343 402 octo
1357 375 1413 403 fere
1433 375 1529 403 diebus
1549 379 1612 403 ante
1626 375 1807 410 azquinoetia,
1824 380 1848 404 et

1063 421 1179 448 solstitia
1200 421 1266 449 solis
1284 421 1311 448 in
1327 421 1404 455 signa
1423 421 1551 449 introitus
1574 422 1738 449 ascribitur.
1761 422 1847 457 Atque

1061 465 1118 492 haec
1131 469 1173 493 est
1186 473 1201 493 e
1215 466 1321 493 duabus
1333 466 1417 494 altera
1426 467 1496 494 ratio
1508 467 1658 494 secundum
1675 475 1762 502 quam
1777 470 1846 495 acci-

1061 511 1126 538 dere
1146 512 1269 546 potnisse
1290 512 1419 544 diximus,
1439 516 1468 538 ut
1490 512 1525 540 ab
1554 513 1732 540 astronomiae
1753 514 1845 548 peritis

1062 557 1115 583 alio
1139 557 1166 583 in
1186 557 1283 592 gradu,
1299 565 1379 592 quam
1392 559 1419 583 in
1440 557 1528 591 primo
1548 557 1842 587 dodecatemoriorum.

1061 602 1188 630 cardines
1203 601 1283 629 deﬁxi
1300 603 1363 629 sint.
1381 601 1528 637 Postquam
1541 602 1614 629 enim
1627 607 1653 629 et
1672 609 1705 645 ex
1726 603 1843 637 plurium

1061 647 1246 682 antiquorum,
1266 651 1296 674 ut
1307 647 1475 682 Hipparchus
1489 651 1638 678 asseverat.
1653 647 1801 679 sententia,
1817 651 1843 674 et

1061 693 1208 728 Hipparchi
1224 693 1310 728 ipsius
1327 694 1488 721 auctoritate
1504 694 1653 720 constituta
1670 701 1715 721 res
1737 698 1789 725 est,
1804 694 1840 720 uti

1062 741 1202 776 signorum
1216 740 1395 767 cardinalium
1413 740 1490 767 initia
1505 740 1539 767 ab
1560 740 1734 775 :equinoctiis
1753 741 1841 768 solsti-

1060 786 1163 821 tiisque
1179 785 1354 818 ducerentur,
1371 792 1432 813 cum
1446 786 1472 813 id
1487 789 1576 813 tamen
1588 785 1661 821 vulgi
1678 793 1710 814 ac
1726 787 1841 813 rustico.

1062 839 1121 858 rum
1136 839 1169 858 ex
1184 824 1281 859 animis
1297 831 1452 866 extorqueri
1466 840 1519 859 non
1536 837 1638 867 posset,
1654 833 1721 867 quin
1741 833 1840 859 octavis

1061 877 1087 903 in
1104 877 1237 912 partibus,
1256 881 1303 903 aut
1321 877 1393 908 aliis,
1413 884 1494 912 quam
1509 877 1535 904 in
1555 877 1662 912 primis,
1679 878 1839 912 aequinoctia

1059 927 1086 949 et
1098 922 1214 950 solstitia
1229 923 1359 950 cemmitti
1375 923 1525 956 crederent,
1543 923 1670 950 nonnihil
1682 923 1716 949 ab
1728 923 1837 950 artiﬁci-

1060 969 1111 996 bus
1126 968 1258 1004 indulgeri
1278 969 1399 1003 opinioni
1414 969 1451 996 illi
1464 969 1562 1004 potuit.
1576 969 1711 1002 Quocirca
1733 970 1782 1004 qui
1794 978 1838 996 ru-

1060 1015 1173 1042 sticanis
1207 1015 1362 1044 hominibus
1397 1016 1582 1051 ephemeridas
1617 1019 1646 1044 et
1678 1015 1838 1043 Kalendaria

1060 1061 1230 1095 scribebant,
1252 1065 1282 1089 ut
1303 1069 1396 1089 eorum
1423 1062 1515 1097 captui
1535 1066 1617 1096 atque
1643 1062 1742 1089 usibus
1764 1063 1839 1089 otiise-

1061 1111 1218 1141 querentur,
1242 1112 1302 1134 ante
1318 1108 1377 1134 dies
1398 1107 1470 1141 illos,
1487 1115 1555 1143 quos
1578 1109 1650 1136 veris
1673 1112 1721 1135 aut
1744 1108 1838 1135 mediis

1060 1153 1216 1181 cardinibus
1238 1153 1433 1184 attribuerent,
1460 1154 1588 1182 introitus
1611 1154 1639 1180 in
1666 1154 1746 1189 signa
1775 1154 1837 1181 solis

1060 1199 1205 1226 adnotasse
1215 1199 1349 1227 videntur.
1364 1201 1452 1235 Atque
1464 1201 1514 1227 hoc
1530 1200 1563 1227 de
1576 1201 1710 1235 Sosigene
1724 1208 1837 1235 praeser-

1059 1243 1106 1270 tim
1131 1245 1263 1279 suspicari
1287 1246 1526 1281 convcnit:cujus
1550 1254 1583 1274 ex
1609 1245 1688 1273 fastis
1715 1246 1837 1273 hausisse

1060 1294 1170 1325 apparet
1189 1291 1235 1317 illa
1256 1289 1417 1324 Varronem,
1433 1291 1577 1327 Hyginum,
1599 1291 1739 1324 Ovidium,
1760 1291 1838 1319 Culu-

1059 1336 1177 1367 mellam,
1196 1341 1222 1363 et
1234 1336 1360 1370 Plinium,
1377 1344 1435 1371 quae
1447 1342 1508 1364 cu‘m
1523 1337 1662 1364 communi
1682 1337 1746 1368 ista,
1760 1345 1839 1372 quam

1060 1380 1126 1412 dixi,
1144 1382 1321 1415 persuasione
1344 1382 1377 1409 ab
1394 1381 1490 1409 iisdem
1512 1386 1697 1409 consentanea
1718 1382 1839 1417 produn-

1059 1430 1113 1453 tur.
1130 1426 1181 1453 Sed
1194 1435 1281 1462 neque
1290 1427 1446 1463 Sosigenes,
1459 1435 1547 1463 neque
1558 1431 1682 1455 veterum
1694 1429 1838 1464 quisquam

1060 1479 1093 1498 eo
1107 1472 1197 1504 modo,
1213 1478 1292 1507 quem
1309 1472 1394 1506 ﬁnxit,
1412 1481 1444 1500 ac
1459 1474 1597 1501 nonnullis
1611 1474 1738 1509 probavit
1752 1474 1838 1501 Scali-

1060 1523 1116 1551 ger,
1134 1517 1368 1552 tequinoctiorum,
1384 1518 1616 1554 solstitiorutnque
1639 1525 1779 1547 momenta
1797 1520 1838 1546 di-

1061 1562 1142 1589 vulsit
1165 1563 1199 1589 ab
1225 1563 1364 1598 signoruni
1393 1564 1572 1599 ingressibus,
1605 1568 1635 1592 ut
1656 1564 1708 1592 hos
1734 1566 1840 1592 scilicet

1059 1612 1222 1642 praepostere
1243 1613 1305 1635 ante
1324 1609 1369 1635 illa
1384 1614 1504 1643 poneret.
1525 1609 1603 1641 Quod
1619 1613 1650 1636 ut
1668 1617 1725 1637 non
1745 1610 1839 1640 semel.

1058 1653 1094 1680 ita
1109 1661 1164 1680 non
1176 1654 1285 1688 sapius,
1300 1662 1381 1689 quam
1395 1662 1507 1682 necesse
1526 1660 1577 1687 est,
1594 1655 1637 1683 his
1654 1657 1683 1682 in
1699 1656 1778 1682 libris
1796 1663 1839 1682 re-

1057 1698 1191 1733 petimus;
1208 1707 1239 1726 ac
1248 1707 1281 1727 ne
1297 1699 1361 1735 quid
1374 1700 1502 1735 deinceps
1516 1701 1699 1729 lizcsitationis
1718 1708 1765 1730 aut
1777 1711 1840 1730 con-

1057 1745 1195 1773 troversiae
1216 1750 1308 1780 restet,
1330 1747 1452 1781 sequenti
1474 1747 1563 1782 capite
1582 1748 1736 1784 pleniorem
1759 1749 1838 1783 hujus

1057 1791 1095 1818 rei
1114 1791 1202 1818 ideam
1215 1790 1304 1819 facere
1320 1792 1491 1819 conabimur.

1364 1849 1478 1876 CAPUT
1496 1848 1529 1876 ν.

1060 1892 1234 1930 Illustranlur
1246 1894 1349 1921 uberius
1366 1896 1531 1930 antiquorum
1547 1897 1685 1922 sententiis
1703 1897 1735 1923 de
1750 1897 1837 1922 tardi-

1092 1929 1167 1956 nibus
1180 1930 1274 1966 annuis
1283 1937 1291 1960 ,'
1300 1938 1340 1966 iac
1351 1930 1457 1956 docetur
1468 1935 1559 1956 contra
1574 1930 1753 1966 Scaligerum,
1774 1940 1838 1957 nstri-

1092 1971 1172 1999 quam
1185 1965 1216 1990 ab
1230 1965 1262 1991 iis
1278 1964 1351 1996 alibi,
1364 1973 1442 1999 quam
1459 1965 1485 1991 in
1499 1964 1659 1992 circulorum
1674 1967 1838 1993 commissio-

1094 1999 1180 2036 nibus,
1193 1999 1257 2036 ξιιοδ
1273 2007 1327 2036 esse
1336 2001 1508 2036 constitutos;
1526 2005 1579 2026 tum
1592 2001 1623 2027 de
1639 2000 1787 2036 Sosigenis,
1803 2004 1838 2027 ret

1094 2033 1163 2060 Julii
1186 2034 1301 2061 Ctesaris
1325 2035 1488 2070 a’quinoctiis
1516 2043 1546 2061 ac
1569 2033 1713 2063 solstitiis:
1733 2036 1838 2063 Senius

1094 2073 1224 2110 notatur._
1239 2070 1332 2102 Varro,
1358 2070 1464 2096 Plinius
1487 2070 1622 2103 explicati.
1640 2072 1779 2106 Sosigenis
1801 2073 1839 2097 in-

1094 2109 1253 2132 constantia.

1093 2159 1132 2186 Ex
1148 2160 1181 2188 iis
1201 2168 1260 2195 quae
1282 2160 1314 2188 de
1334 2161 1432 2188 annuis
1449 2164 1568 2188 veterum
1591 2161 1753 2189 cardinibus
1773 2163 1841 2189 satis

1059 2206 1148 2241 longa,
1160 2208 1206 2233 scd
1219 2208 1372 2234 necessaria
1388 2208 1570 2242 disputatione
1582 2209 1719 2243 complexi
1733 2217 1838 2239 sumus,

1057 2260 1164 2281 summa
1180 2252 1231 2280 ista
1242 2253 1386 2280 conﬁcitur
1400 2263 1406 2280 :
1419 2254 1544 2288 antiquos
1555 2258 1731 2282 astronomos
1742 2256 1838 2289 majori

1057 2307 1091 2327 ex
1110 2302 1187 2333 parte
1213 2299 1328 2326 solstitia
1354 2303 1381 2326 ct
1407 2299 1566 2334 aequinoctia
1590 2300 1658 2334 ipsis
1681 2301 1841 2335 assignasse

1058 2345 1337 2372 dodecatemoriorum
1356 2345 1508 2380 principiis,
1522 2349 1577 2371 tam
1595 2345 1622 2372 in
1638 2346 1839 2380 aequinoctiali,

1060 2390 1119 2417 sive
1139 2390 1267 2425 parallclo
1282 2389 1397 2421 circulo,
1416 2397 1496 2424 quam
1514 2391 1541 2417 in
1560 2391 1683 2420 zodiaco.
1699 2395 1731 2417 ut
1745 2397 1841 2418 auctor

1058 2440 1099 2462 est
1114 2435 1239 2470 princeps
1253 2435 1313 2469 ejus
1329 2435 1395 2462 artis
1410 2434 1579 2470 Hipparchus
1592 2436 1666 2470 (pag.
1685 2435 1750 2467 104,
1767 2436 1839 2469 105).

1058 2480 1219 2516 Quicunque
1238 2488 1319 2515 porro
1337 2481 1433 2508 mediis
1456 2481 1552 2515 signis,
1568 2481 1609 2507 vel
1627 2481 1734 2508 octavis
1757 2482 1841 2517 parti-

1058 2527 1121 2557 bus,
1136 2534 1168 2553 ac
1184 2527 1300 2557 ueteris,
1316 2526 1442 2553 cardines
1461 2526 1655 2558 attribuerunt,
1675 2534 1725 2554 eos
1745 2535 1840 2554 omnes

1059 2572 1095 2598 ita
1114 2572 1231 2599 circulos
1256 2563 1316 2599 esse
1331 2572 1455 2606 partitos,
1481 2575 1511 2598 tit
1524 2572 1734 2600 intcrsectioncs
1754 2572 1839 2607 atqui-
1875 2571 1876 2582 ‘

1060 2612 1142 2645 noctii
1158 2621 1184 2645 et
1198 2618 1312 2650 zodiaci,
1328 2617 1369 2645 vel
1380 2617 1461 2652 hujus
1472 2621 1498 2643 et
1513 2618 1682 2652 tropicoruni
1694 2623 1838 2645 contactus

1060 2664 1093 2690 iis
1111 2664 1138 2690 in
1161 2663 1299 2697 signorum
1317 2662 1446 2698 gradibus
1464 2663 1568 2694 ﬁerent,
1593 2667 1696 2698 quotes
1717 2664 1838 2698 παιήω-

1059 2709 1121 2735 ctiis
1140 2708 1317 2742 solstitiisque
1331 2707 1511 2742 pra'ﬁserant.
1533 2707 1612 2739 Quod
1635 2713 1728 2735 autem
1749 2713 1838 2735 astro-

1060 2753 1133 2781 nomi
1148 2762 1252 2786 omnes,
1267 2754 1314 2789 qui
1332 2753 1440 2788 quidem
1460 2753 1522 2780 alibi
1539 2761 1622 2788 quam
1639 2754 1728 2782 initiis
1747 2754 1838 2788 signo-

1059 2808 1120 2828 rum
1133 2801 1259 2828 cardines
1273 2800 1444 2835 aﬂingebant,
1456 2804 1517 2826 ante
1532 2800 1671 2828 sectiones
1684 2804 1838 2827 contactus-

1060 2854 1113 2882 que
1138 2846 1312 2879 circulorum,
1338 2846 1389 2874 hoc
1410 2849 1453 2874 est
1476 2845 1642 2881 aequinoctia
1676 2850 1704 2874 et
1726 2845 1838 2874 solstitia
