1900 3137
64 176 142 203 155Ἱ
462 172 688 201 DISSERTATIO
700 173 744 200 DE
762 172 856 201 OR'I‘U

64 233 184 270 ἀκριϐῆ,
202 233 480 261 dodecatemoriorum
500 240 611 260 suorum
625 233 758 267 principia
774 239 854 266 cape-

66 284 146 311 rent,
172 280 341 307 demonstrat
367 279 537 314 Hipparchus
565 279 611 305 lib.
634 279 656 309 I.
682 286 797 305 numero
818 277 853 309 Χ,

69 325 121 352 ubi
135 326 323 353 australiorem
336 325 537 352 succedentium
554 324 582 351 in
597 325 728 351 laterculo
743 323 854 358 majoris

73 371 153 398 Ursa':
175 371 255 398 sitam
281 372 318 398 ait
343 379 403 399 esse
426 378 459 398 ex
486 370 604 406 legitima
626 371 765 405 signorum
786 370 856 396 divi-

70 417 161 450 sione,
178 424 238 452 qua:
258 418 373 452 tropica,
396 420 423 444 ct
436 416 635 451 aequinoctialia
649 420 749 450 puncta
771 415 797 442 in
815 415 854 442 si-

70 470 190 497 gnorum
206 463 282 490 initia
300 462 415 496 confert,
431 464 458 490 in
478 462 576 490 Leonis
587 467 664 497 parte
677 462 722 494 25,
747 466 855 489 antece-

70 508 171 535 dentes
192 512 281 534 autem
303 507 331 534 in
348 507 443 534 eodem
468 506 598 534 laterculo
612 507 639 534 in
660 506 760 534 Leonis
777 509 854 541 parte

69 554 157 588 paulo
182 553 274 580 minus
296 553 388 584 tertia,
411 557 438 580 at
463 552 613 580 secundum
636 552 747 579 alteram
768 552 854 579 ratio-

70 607 150 630 nem,
179 607 238 634 qua:
263 599 290 626 in
316 599 411 626 mediis
439 599 524 634 signis
548 599 673 626 cardines
700 598 854 631 constituit,

69 645 195 679 priorem
215 645 242 671 in
257 643 376 679 Virginis
396 648 473 679 parte
497 644 617 677 decima;
635 646 799 679 posteriores
827 645 855 672 in

69 691 198 725 ejusdem
217 690 337 726 Virginis
352 691 455 718 decima
474 694 568 718 octava
584 691 686 726 reponi.
704 689 748 717 Sic
766 696 855 718 extre-

69 743 148 762 mam
172 735 198 762 in
221 735 307 763 cauda
331 735 441 769 majoris
465 733 552 765 Ursze.
574 743 608 763 ex
632 737 770 763 communi
790 735 856 763 divi-

69 781 164 814 sione,
181 781 209 811 in
225 780 313 809 Libra:
323 785 420 816 quarta
436 787 530 816 parte:
546 789 578 808 ex
595 783 750 816 posteriori,
762 786 788 810 et
800 781 855 809 Ειι-

67 827 164 854 doxea
179 827 206 854 in
223 827 409 854 decimauoua.

112 885 218 912 Rursus
231 880 305 912 nuin.
324 885 371 912 XII
389 885 483 913 scribit
499 889 664 921 postremam
676 890 702 912 et
718 885 854 913 lucidissi-

70 937 161 962 mam,
176 937 236 966 quae
251 934 292 958 est
310 930 337 957 in
351 934 471 958 extrema
486 931 572 958 cauda
586 931 699 958 minoris
715 930 801 962 Ursae,
818 931 855 958 si-

70 979 133 1002 tam
152 975 251 1003 essein
271 975 354 1010 gradu
372 975 490 1003 Piscium
507 976 549 1008 l8,
566 979 595 1003 ut
610 979 700 1003 autem
716 975 855 1002 zodiacum

71 1020 174 1047 dividit
195 1020 333 1053 Eudoxus,
349 1020 375 1047 in
391 1020 489 1048 Arietis
510 1021 593 1055 gradu
609 1022 699 1049 tertio.
716 1021 799 1056 Igitur
818 1022 856 1048 si—

73 1075 194 1103 gnorum
220 1067 298 1094 initia
318 1067 445 1096 Eudoxus
473 1068 572 1103 aliique
597 1072 702 1096 veteres
725 1067 858 1103 anticipa-

72 1113 156 1141 bant.
172 1112 199 1140 In
213 1113 264 1141 hoc
279 1112 426 1148 Hipparchi
438 1113 498 1140 loco
515 1113 641 1140 mendum
664 1117 715 1145 est,
731 1113 803 1148 quod
823 1121 856 1141 ex

75 1159 232 1188 certissima
260 1159 416 1194 conjectura
450 1159 620 1187 sustulimus.
648 1158 758 1194 Legitur
785 1159 858 1186 enim

76 1210 136 1233 tam
160 1205 187 1232 in
213 1212 332 1236 excuso,
360 1212 441 1240 quam
467 1205 494 1231 in
517 1204 744 1239 scripto,codice
762 1214 768 1231 :
787 1204 817 1230 '0
830 1204 859 1231 δὲ

75 1251 193 1283 Εὖδοξος
205 1251 302 1287 διαιρεῖ
314 1251 359 1277 τὸν
374 1249 503 1282 ζωδιακὸν
516 1250 613 1277 κύκλον
629 1250 699 1277 κατὰ
711 1251 758 1285 τὴν
769 1253 792 1284 γ’
803 1250 858 1285 μοι.

77 1297 128 1323 τοῦ
151 1296 252 1332 Κρίου,
268 1304 317 1332 pro
334 1297 431 1331 quibus
455 1296 658 1324 rescribendum
677 1299 773 1324 merito
795 1304 861 1324 cen-

79 1343 188 1370 suimus
202 1352 209 1370 :
222 1342 259 1374 ὡς
270 1342 298 1369 δὲ
310 1342 420 1376 Εὔδοξος
434 1342 531 1377 διαιρεῖ
542 1342 586 1368 τὸν
605 1342 734 1374 ζωδιακὸν
745 1342 858 1369 κύκλον·

79 1389 163 1420 κατά,
176 1393 240 1421 ete.,
254 1389 326 1423 quod
340 1388 483 1416 manifeste
497 1389 631 1415 sententia
649 1388 741 1423 exigit.
754 1388 861 1416 Gradus

78 1433 203 1461 Piscium
228 1433 350 1461 decimus
373 1439 496 1467 octavus,
521 1439 562 1461 est
582 1433 681 1461 Arietis
705 1434 813 1467 tertius,
837 1434 861 1463 si

79 1479 184 1508 Arietis
208 1479 315 1516 signum
346 1488 362 1507 a
388 1480 589 1515 quintodecimo
620 1484 683 1508 ante
714 1481 862 1509 sectionem

81 1529 171 1565 gradu
185 1533 343 1565 computare
358 1530 484 1565 cceperis.

117 1587 181 1616 Haec
195 1596 248 1616 non
261 1588 377 1616 obscure
387 1591 531 1620 testantur,
543 1587 718 1622 aequinoctia,
733 1593 759 1615 et
771 1587 862 1615 solsti-

84 1635 124 1662 tia
147 1641 286 1669 nunquam
310 1634 373 1661 alibi
398 1634 432 1660 ab
458 1633 657 1668 antiquioribus
684 1634 860 1666 astronomis,

85 1688 169 1716 quam
185 1681 212 1707 in
233 1680 334 1708 mutuis
347 1679 510 1707 circulorum
527 1679 703 1713 sectionibus,
723 1683 749 1706 et
766 1679 863 1706 tactio-

85 1726 169 1754 nibus
192 1727 324 1754 collocata
347 1725 442 1758 fuisse,
468 1732 537 1760 quas
559 1730 660 1752 octavae
686 1726 728 1753 vel
752 1725 863 1753 decima

83 1772 189 1808 quinta}
209 1772 349 1807 signorum
371 1772 452 1806 parti,
472 1771 515 1798 vel
529 1771 591 1798 aliis
614 1772 864 1806 imputabantznec

85 1822 197 1845 octavas
213 1817 284 1848 illas,
299 1821 446 1845 caeterasve
461 1820 551 1851 partes
568 1817 601 1843 ab
617 1816 863 1851 a-quinoctialibus,

86 1868 135 1891 aut
162 1864 348 1891 solstitialibus
372 1863 479 1897 punctis
506 1870 567 1890 esse
593 1867 759 1890 numeratos.
785 1862 864 1895 Quod

87 1907 238 1944 Scaligero,
257 1913 284 1935 et
301 1908 436 1943 plerisque
452 1908 512 1935 aliis
525 1908 632 1942 placere
651 1907 745 1942 video;
768 1916 800 1935 ac
817 1915 865 1943 pro

87 1962 228 1991 comperto
238 1956 341 1991 passim
358 1956 464 1983 haberi.
480 1955 550 1983 Hinc
563 1955 635 1983 enim
649 1954 806 1991 Sosigenem
818 1955 866 1983 Ju-

87 2003 210 2037 Iiumque
225 2002 359 2030 Caesarem
379 2002 546 2029 arbitrantur
560 2002 588 2028 in
603 2006 713 2029 octavos
734 2001 867 2029 Kalenda-

87 2056 150 2076 rum
165 2048 223 2075 dies
243 2048 307 2075 anni
326 2047 368 2074 sui
392 2047 543 2081 conjecisse
566 2047 707 2080 cardines;
723 2051 750 2074 ut
767 2047 794 2074 in
811 2046 866 2073 Ka-

88 2093 184 2121 lendas
202 2095 274 2128 ipsas
288 2093 489 2121 succedentium
502 2092 634 2120 mensium
650 2096 751 2120 octava:
768 2093 867 2127 signo—

89 2145 151 2165 rum
169 2142 258 2173 partes
272 2137 431 2169 inciderent,
451 2137 478 2164 in
493 2137 593 2172 quibus
619 2138 790 2172 aequinoctia,
809 2137 865 2165 sol-

89 2185 218 2219 stitiaque
237 2183 370 2211 committi
395 2183 479 2218 prisci
503 2190 599 2210 omnes
623 2183 740 2210 artiﬁces
764 2182 867 2218 opinati

89 2234 164 2258 sunt.
177 2229 234 2256 Dici
252 2229 303 2256 hoc
317 2236 332 2256 a
344 2229 437 2256 multis
454 2229 586 2264 intelligo,
600 2236 615 2255 a
634 2236 688 2263 quo
700 2232 726 2256 et
745 2236 794 2256 nos
812 2228 864 2263 ipsi

89 2273 236 2310 aliquando
254 2281 308 2301 non
332 2274 533 2302 abborruimus.
557 2274 609 2301 Sed
634 2273 661 2301 id
683 2274 792 2301 minime
807 2281 867 2302 esse

89 2329 185 2349 verum
209 2329 242 2348 ex
265 2321 397 2356 superiori
420 2321 494 2348 omni
510 2320 696 2355 disputatione
718 2320 864 2355 colligitur.

90 2370 151 2398 Non
174 2370 246 2398 enim
261 2375 370 2397 octavas
389 2374 481 2405 partes
500 2370 546 2404 qui
563 2370 626 2397 olim
654 2370 691 2397 ita
715 2370 868 2398 sentiebant

92 2420 154 2452 post
169 2416 305 2452 signorum
325 2416 459 2448 cardines,
477 2416 523 2443 sed
537 2416 564 2443 in
578 2415 645 2450 ipsis
659 2415 816 2443 cardinibus
832 2417 868 2443 Io-

92 2463 207 2495 cabant;
221 2462 295 2488 initia
307 2469 370 2488 vero
385 2461 523 2496 signorum
535 2466 631 2488 octavo
644 2465 706 2488 ante
719 2461 816 2494 gradu.
830 2461 869 2488 Ac

92 2508 125 2536 de
136 2506 244 2534 Juliano
258 2506 365 2542 quidem
386 2513 457 2532 anno
470 2506 613 2540 perspicua
627 2513 670 2533 res
687 2506 751 2538 erit,
769 2507 792 2534 si
806 2507 867 2542 quis

93 2555 165 2582 illius
180 2553 293 2580 formam
309 2561 341 2580 ex
356 2552 462 2585 Ovidio,
479 2552 638 2584 Columella,
655 2551 753 2583 Plinio,
770 2559 801 2579 ae
816 2559 867 2580 cae-

92 2602 157 2630 teris
170 2601 303 2629 aestimare
318 2600 390 2631 velit,
404 2607 419 2626 a
429 2599 526 2634 quibus
536 2602 578 2627 est
589 2599 653 2626 anni
665 2599 724 2633 ejus
739 2606 867 2633 expressa

92 2648 171 2674 ratio.
188 2646 292 2680 Quippe
309 2645 459 2680 ingressum
478 2643 544 2671 solis
560 2644 587 2671 in
602 2644 820 2671 dodecatemoria
834 2644 868 2671 ad

91 2697 216 2721 octavum
233 2691 341 2719 circiter
357 2694 419 2717 ante
441 2691 558 2718 solstitia
575 2694 602 2717 et
616 2689 776 2724 aequinoctia
796 2689 866 2717 diem

92 2740 248 2774 apponunt;
264 2743 352 2770 neque
367 2734 449 2762 fando
463 2739 505 2762 est
527 2735 658 2762 hactenus
674 2735 806 2765 auditum,
828 2735 868 2762 ci-

91 2786 141 2811 vile
162 2782 352 2817 azquinoctium
375 2785 422 2808 aut
438 2781 584 2808 solstitium
601 2781 627 2808 in
641 2780 773 2808 Kalendas
794 2781 867 2808 inse-

93 2829 228 2865 quentium
255 2829 387 2855 mensium
420 2835 434 2854 a
459 2827 586 2862 Sosigene
609 2827 650 2854 vel
672 2827 779 2854 Czesarc
805 2834 866 2854 esse

92 2879 230 2914 rejectum.
244 2877 320 2912 Quod
331 2877 441 2905 omnino
460 2884 570 2905 necesse
583 2875 644 2909 fuit,
660 2876 683 2903 si
699 2879 746 2903 aut
758 2879 864 2903 veteres

877 172 919 199 ET
936 170 1070 200 OCCASU
1091 169 1254 198 SIDERUM.
1609 170 1678 199 I558

868 234 890 262 Α
905 229 1023 258 artiﬁces
1043 230 1079 257 ita
1100 232 1315 261 consueverant;
1333 231 1380 254 aut
1402 235 1495 255 eorum
1511 227 1634 263 exempla
1651 228 1680 255 in

904 283 1004 302 annum
1018 283 1097 303 suum
1112 274 1260 302 transferre
1275 273 1313 300 illi
1332 272 1493 300 voluissent.

936 325 973 359 De
987 330 1144 366 liujusmodi
1157 329 1230 358 aditu
1247 329 1314 357 solis
1333 328 1366 356 ad
1381 328 1458 364 signa
1470 336 1524 355 non
1537 327 1631 355 eodem
1646 327 1681 354 ab

904 377 1030 405 omnibus
1047 379 1166 410 tempore
1182 374 1270 401 delixo
1292 373 1497 408 imperitissime
1520 372 1632 399 Servius
1653 372 1680 398 in

904 422 1106 450 Commentario
1125 421 1158 448 ad
1181 420 1202 447 II
1233 419 1332 455 Georg.
1355 428 1364 444 ι
1380 418 1452 446 Sane
1471 419 1621 448 sciendum,
1644 418 1682 444 in-

904 469 972 503 quit,
996 474 1091 494 omnes
1114 465 1265 500 astrologos
1279 471 1327 499 pro
1344 464 1448 491 ratione
1466 463 1605 491 climatum
1623 462 1680 489 dis-

905 515 1007 542 sentire
1027 513 1054 540 in
1071 516 1131 540 ortu
1155 512 1275 540 siderum
1290 521 1297 537 :
1314 511 1361 538 sed
1382 511 1441 545 ipsa
1459 509 1595 537 dissensio
1611 508 1682 535 ultra

906 563 1009 594 septem
1024 558 1082 585 dies
1096 565 1152 584 non
1174 556 1314 591 procedit;
1331 559 1435 590 septem
1451 554 1523 581 enim
1543 556 1607 580 sttnt
1623 553 1682 587 ipsa

906 605 1025 632 climata.
1046 603 1116 630 Ilinc
1129 606 1171 630 est
1183 601 1257 637 quod
1270 601 1353 629 solem
1370 600 1402 627 ad
1415 598 1626 634 unumquodque
1644 598 1683 626 si—

905 659 987 686 gnum
1004 650 1050 676 alii
1061 648 1264 684 quintodecimo
1281 647 1395 674 Kalend.
1411 647 1455 674 die
1468 646 1562 674 dicunt
1574 645 1681 678 venire,

907 697 951 724 alii
973 695 1193 731 quartodecimo,
1221 694 1265 720 alii
1286 691 1355 720 in'l'ra
1380 700 1466 727 usque
1490 691 1523 718 ad
1541 695 1682 723 octavum;

906 751 956 770 nec
971 742 1112 777 quisquam
1131 740 1252 776 procedit
1272 739 1407 766 ulterius:
1425 748 1433 764 ι
1452 746 1511 773 qua:
1526 741 1590 766 sunt
1605 737 1684 764 bona:

905 789 1006 815 utentis
1022 787 1189 814 inanissima.

935 843 972 871 Ut
986 843 1020 871 de
1041 850 1113 870 anno
1125 841 1233 869 Juliano
1254 841 1325 876 quod
1344 839 1532 876 explicandum
1559 841 1683 874 superest

870 907 891 933 Β
907 889 1055 921 absolvam,
1067 889 1176 923 quinam
1191 888 1249 914 dies
1264 886 1389 914 ineundis
1402 894 1416 913 a
1432 885 1488 913 sole
1499 885 1683 922 cardinalibus

908 935 993 970 signis
1004 943 1038 962 ex
1049 933 1114 961 Julii
1125 933 1252 964 Caesaris,
1269 931 1327 959 sive
1345 931 1486 966 Sosigenis
1500 931 1608 958 decreto
1619 936 1685 964 pm-

908 982 994 1009 stituti
1011 980 1066 1008 sint
1087 980 1115 1007 in
1137 979 1301 1006 Kalendario
1316 977 1435 1010 Juliano,
1455 984 1509 1003 non
1531 979 1586 1003 tam
1606 975 1686 1002 facile

908 1027 983 1054 dictu
1004 1029 1058 1058 est,
1078 1033 1159 1061 quam
1175 1025 1270 1052 haberi
1283 1024 1364 1057 vulgo
1376 1024 1463 1049 video.
1481 1021 1548 1048 Nam
1562 1020 1685 1055 plerique

910 1072 998 1099 Martii
1012 1079 1066 1099 xxv
1088 1070 1282 1106 aequinoctium
1303 1076 1415 1096 vernum
1434 1075 1448 1094 a
1464 1067 1570 1094 Caesare
1587 1065 1686 1092 consti-

910 1121 998 1145 tutum
1011 1124 1073 1144 esse
1083 1119 1214 1144 censent:
1229 1114 1376 1143 solstitium
1388 1113 1512 1140 :rstivum
1525 1119 1587 1139 xxiv
1596 1111 1686 1144 Junii;

909 1162 1101 1199 aequinoctium
1115 1161 1271 1188 autumnale
1284 1167 1348 1187 xxtv
1363 1158 1549 1194 Septembris;
1567 1156 1688 1184 brumale

910 1209 1027 1244 denique
1042 1207 1189 1235 solstitium
1209 1214 1262 1233 xxv
1278 1205 1443 1236 Decembris,
1458 1204 1550 1231 omnia
1565 1203 1592 1230 in
1612 1206 1688 1229 octa-

909 1255 952 1283 vis
967 1253 1111 1281 Kalendas.
1133 1251 1173 1280 lta
1196 1259 1229 1280 ex
1252 1250 1400 1278 Columella
1417 1250 1463 1277 lib.
1480 1248 1525 1280 IX,
1542 1256 1602 1283 cap.
1616 1247 1687 1279 XIV,

911 1304 937 1328 et
956 1300 1003 1328 lib.
1018 1299 1065 1331 XI,
1083 1306 1143 1334 cap.
1157 1298 1178 1325 II
1202 1297 1355 1332 colligitur;
1376 1295 1478 1322 diserte
1502 1302 1567 1320 vero
1582 1294 1686 1321 Plinius

912 1346 957 1373 lib.
976 1343 1060 1372 XVIII
1087 1351 1147 1379 cap.
1169 1343 1241 1371 XXV
1261 1347 1288 1369 et
1310 1340 1414 1368 XXVIII
1441 1339 1466 1368 id
1490 1339 1614 1368 aﬂirmat.
1631 1338 1688 1366 Hoc

911 1391 993 1420 modo
1016 1390 1186 1418 intervallum
1210 1389 1244 1416 ab
1262 1387 1424 1423 aaquiuoctio
1440 1394 1524 1414 verno
1549 1387 1582 1413 ad
1601 1385 1679 1414 solsti

913 1439 991 1470 tium,
1007 1437 1111 1464 dierum
1127 1439 1169 1463 est.
1183 1436 1328 1470 xcrgaltero
1343 1435 1459 1462 termino
1472 1434 1593 1464 excluso,
1608 1441 1623 1460 a
1635 1432 1688 1460 sol-

914 1485 988 1513 stitio
1009 1484 1043 1511 ad
1068 1482 1259 1518 requinoctium
1279 1481 1448 1510 autumnale.
1464 1488 1530 1511 xcu.
1545 1479 1579 1507 ab
1604 1477 1684 1513 tequi-

914 1530 1005 1558 noctio
1015 1528 1164 1556 autumnali
1178 1527 1269 1554 itidem
1281 1535 1334 1554 xctt
1352 1526 1384 1554 ad
1400 1526 1520 1554 brumale
1533 1525 1687 1553 solstitium.

880 1570 902 1599 C
917 1575 986 1603 Hinc
1009 1575 1042 1602 ad
1066 1581 1179 1601 vernum
1201 1573 1409 1607 aequinoctium,
1431 1571 1490 1600 dies
1512 1579 1554 1598 xc.
1572 1570 1609 1598 Ita
1631 1570 1689 1598 dies

913 1622 1079 1657 colliguntur
1093 1620 1158 1648 anui
1174 1620 1257 1648 totius
1272 1610 1390 1647 cccuv:

947 1687 1030 1723 Atqui
1050 1686 1109 1714 hate
1126 1685 1184 1720 ipsa
1211 1683 1353 1712 cardinum
1375 1683 1515 1710 intervalla
1531 1690 1585 1709 non
1604 1681 1688 1709 Varro

914 1735 1013 1764 solum.
1031 1733 1090 1765 sed,
1105 1731 1178 1767 quod
1197 1731 1295 1758 mirum
1321 1733 1372 1762 est,
1394 1729 1499 1756 Plinius
1525 1729 1580 1762 ipse
1603 1727 1689 1762 capite

914 1781 960 1807 illo
973 1778 1044 1806 XXV
1064 1779 1125 1806 libri
1141 1776 1223 1805 XVIII
1239 1777 1317 1811 longe
1334 1775 1413 1803 aliter
1427 1775 1542 1810 partitus
1558 1778 1608 1801 est.
1622 1773 1655 1800 Ut
1675 1781 1688 1799 a

915 1825 1037 1853 Varrone
1064 1824 1174 1855 ordiar,
1207 1823 1253 1850 hic
1281 1823 1307 1850 in
1334 1820 1431 1848 librol
1456 1820 1494 1847 De
1520 1828 1547 1846 re
1573 1820 1690 1849 rustica.

914 1879 975 1906 cap.
999 1869 1124 1902 XXVIII,
1147 1869 1181 1896 de
1201 1876 1272 1895 anno
1293 1867 1402 1895 Iuliano
1416 1867 1544 1901 loquens,
1572 1865 1623 1892 hoc
1647 1867 1690 1891 cst

918 1926 926 1942 α
942 1916 1048 1948 diebus,
1065 1925 1074 1940 ι
1095 1914 1194 1950 inquit,
1213 1922 1222 1939 ι
1237 1913 1374 1944 civilibus,
1387 1911 1433 1946 qui
1453 1918 1526 1938 nunc
1541 1913 1614 1941 sunt,
1631 1918 1640 1935 ι
1655 1911 1690 1936 ab

915 1960 1078 1997 :equinoctio
1092 1967 1176 1987 verno
1193 1958 1227 1985 ad
1243 1957 1390 1986 solstitium
1411 1959 1536 1984 numerat
1552 1955 1610 1982 dies
1621 1962 1691 1987 xctt;

915 2009 978 2035 hinc
991 2007 1025 2034 ad
1037 2005 1192 2033 autumnale
1206 2003 1408 2039 aequinoctium,
1424 2002 1482 2029 dies
1496 2008 1555 2028 xcvr
1569 2010 1576 2028 :
1593 2000 1626 2026 ab
1640 1999 1692 2026 hoe

916 2053 948 2080 ad
962 2052 1083 2080 brumale
1098 2049 1257 2082 solstitium,
1272 2049 1330 2076 dies
1346 2055 1457 2075 Lxxxix.
1474 2046 1538 2074 Inde
1559 2045 1593 2072 ad
1607 2045 1691 2080 azqui-

915 2099 1035 2127 noctium
1058 2104 1171 2125 vernum
1194 2096 1252 2123 dies
1276 2102 1373 2122 Lxxxv.
1404 2093 1507 2120 Desunt
1532 2092 1565 2119 ad
1591 2099 1692 2118 annum

916 2143 1106 2180 complendum
1125 2142 1183 2170 dies
1202 2145 1267 2169 tres.
1288 2140 1347 2167 Jam
1372 2147 1435 2166 vero
1455 2138 1477 2166 si
1501 2137 1692 2173 aequinoctium

918 2198 1030 2218 vernum
1050 2190 1197 2217 collocetur
1212 2189 1238 2215 in
1261 2196 1310 2214 vui
1333 2186 1393 2214 Kal.
1410 2186 1486 2220 Apr.,
1501 2186 1552 2212 hoc
1566 2189 1607 2212 est
1622 2184 1693 2211 Mar-

881 2232 902 2259 D
917 2238 947 2264 tii
961 2245 1024 2268 xxv.
1043 2235 1229 2269 addanturque
1244 2233 1301 2261 dies
1319 2240 1382 2264 xcu,
1404 2231 1525 2259 calculus
1543 2230 1649 2258 desinet
1664 2229 1693 2257 in

917 2291 954 2310 vu
967 2282 1026 2310 Kal.
1041 2281 1137 2313 Iulias,
1149 2279 1222 2307 Junii
1236 2287 1303 2311 xxv;
1320 2282 1375 2305 tum
1386 2277 1501 2311 adjectis
1511 2277 1608 2304 diebus
1620 2283 1691 2308 xcvi,

918 2329 1017 2356 incidet
1039 2326 1231 2362 aequinoctium
1256 2325 1284 2352 in
1309 2323 1475 2359 Septembris
1495 2331 1576 2355 xxtx;
1602 2322 1693 2349 solsti-

918 2373 985 2402 tium
1001 2377 1090 2400 autem
1110 2370 1242 2403 brumale,
1263 2369 1362 2397 additis
1377 2376 1476 2395 Lxxxtx
1492 2368 1598 2399 diebus,
1615 2367 1693 2395 cadet

917 2420 946 2447 in
960 2426 1034 2446 xxvii
1051 2417 1222 2449 Decembris;
1240 2415 1338 2450 reliqui
1355 2417 1435 2442 erunt
1450 2413 1484 2440 ad
1498 2420 1599 2440 annum
1615 2419 1693 2439 com-

917 2465 1043 2502 plendum
1054 2464 1112 2491 dies
1127 2470 1258 2490 Lxxxvut.
1272 2461 1307 2488 At
1320 2460 1405 2488 Varro
1423 2467 1438 2487 a
1448 2460 1545 2487 bruma
1558 2457 1590 2484 ad
1607 2457 1692 2484 Favo-

916 2512 992 2539 nium
1008 2510 1066 2538 dies
1080 2517 1141 2541 va,
1156 2515 1171 2535 a
1189 2507 1308 2534 Favonio
1323 2507 1357 2533 ad
1374 2505 1565 2541 :equinoctium
1579 2511 1690 2531 vernum

917 2557 975 2584 dies
989 2564 1023 2583 Il.
1044 2553 1262 2590 computat:qui
1287 2560 1342 2580 non
1365 2552 1456 2586 plures
1478 2549 1593 2580 collecti,
1609 2555 1693 2583 quam

917 2602 1036 2637 quinque
1059 2604 1086 2628 et
1106 2600 1243 2635 octoginta
1268 2598 1379 2626 faciunt.
1407 2595 1461 2623 Sed
1478 2594 1636 2622 mendosum
1653 2593 1693 2620 vi-

917 2648 997 2676 detur
1016 2647 1186 2675 intervallum
1214 2646 1248 2675 ab
1272 2644 1389 2672 Solstitio
1409 2642 1502 2669 aestivo
1518 2641 1550 2668 ad
1571 2639 1692 2674 :equino-

917 2696 1000 2722 ctium
1012 2694 1151 2725 autumni;
1168 2692 1240 2727 quod
1255 2695 1350 2726 prmter
1363 2689 1476 2716 aliorum
1488 2686 1610 2714 omnium
1623 2692 1691 2712 con—

917 2747 1026 2767 sensum
1045 2740 1140 2766 diebus
1154 2745 1213 2764 xcvt
1229 2737 1336 2768 linitur;
1352 2738 1409 2761 tum
1422 2733 1503 2760 etiam
1516 2732 1641 2763 alterum,
1656 2731 1691 2756 ab

918 2785 1032 2812 hiberno
1051 2784 1168 2811 solstitio
1191 2782 1224 2808 ad
1245 2787 1357 2808 vernum
1370 2798 1377 2809 ,
1400 2777 1471 2812 quod
1487 2777 1562 2811 justo
1580 2775 1691 2802 brevius

917 2834 968 2857 est.
984 2830 1017 2856 At
1030 2838 1092 2858 ecce
1104 2830 1195 2856 turbat
1210 2828 1307 2854 iterum
1320 2825 1416 2857 Varro,
1426 2824 1472 2859 qui
1485 2822 1578 2850 eodem
1604 2821 1693 2856 capite

917 2882 1000 2902 verno
1024 2875 1138 2908 tempori
1163 2873 1256 2900 tribuit
1281 2872 1340 2899 dies
1361 2877 1416 2902 xei,
1442 2868 1528 2897 aestati
1551 2874 1623 2898 xciv,
1646 2872 1698 2902 au-V
