1900 3137
208 186 277 216 ηδε)

709 182 753 209 AD
773 179 904 208 EUSl-IBII
925 176 1120 206 CllRO‘NlCON
1141 177 1318 205 APPENDIX.

1767 173 1838 201 17.60

209 250 305 273 tuinno
319 250 373 275 XCI,
386 242 467 269 hiemi
478 246 603 273 lxxxix;
619 248 686 274 quas
710 239 818 274 quidem
840 240 986 271 tempesta-
1000 237 1023 265 Δ
1072 234 1094 260 Α
1109 234 1227 261 solstitio
1244 234 1276 260 ad
1290 231 1482 267 aequinoctium
1501 230 1669 258 autumnale
1683 230 1749 257 dies
1768 237 1836 263 xcn,

209 294 252 318 tes
267 292 328 316 ante
345 287 470 315 cardines
486 286 559 320 ipsos
573 285 666 319 incipit
681 294 687 311 τ
702 291 747 310 ver
762 291 776 309 a
792 282 920 312 Favonio,
938 279 985 314 qui

211 335 315 369 spirare
332 332 426 366 incipit
448 339 481 358 ex
499 338 524 357 a.
552 330 580 356 d.
607 337 644 356 vu
665 329 704 356 ld.
727 327 807 355 Febr.
832 327 867 354 ad
882 334 919 353 vu
945 325 983 352 ld.

212 380 290 411 Maii;
322 381 443 404 aestatem
474 375 536 402 inde
557 375 589 401 ad
624 375 693 401 diem
721 381 757 399 vu
784 372 820 399 ld.
850 371 985 403 Sextiles;

212 429 370 452 autumnum
395 423 429 449 ab
452 422 504 448 hoc
528 421 572 448 die
587 420 620 447 ad
642 428 668 446 iv
689 419 727 445 ιιι.
750 418 835 449 Nov.;
853 417 986 451 reliquum

213 470 293 498 hiemi
309 470 433 503 imputat.
449 467 511 493 H‘JEC
533 466 673 493 intervalla
696 465 718 492 si
739 463 897 499 singillatim
913 469 987 489 com-

212 520 299 550 putes,
314 514 434 541 exclusis
454 513 591 548 prioribus
612 511 747 543 terminis,
762 509 882 536 invenies
903 507 988 543 priori

212 564 270 591 dies
285 566 440 597 competere
455 568 498 587 xct
513 581 520 593 _.
534 559 621 586 testati
633 557 691 585 dies
707 564 738 583 xc
753 566 760 589 ;
778 560 908 582 autumno
930 554 987 580 dies

211 618 280 643 xcv;
295 609 378 636 hiemi
396 614 505 635 Lxxxix.
523 605 632 632 Minime
650 605 740 638 itaque
751 603 802 630 sibi
812 601 988 629 consentiens

212 661 254 684 est
270 655 366 682 Varro.

246 711 351 739 Plinius
365 718 427 739 vero
443 711 527 738 nihilo
543 709 628 745 magis
643 715 758 735 concors
779 710 819 734 est
838 713 941 738 secum,
962 710 990 733 et

213 760 273 792 ejus
288 758 364 785 locus
385 756 608 784 manifestissimo
618 754 716 781 mendo
732 756 848 780 tenetur.
865 761 874 777 ι
888 751 988 783 Cardo,

215 804 313 838 inquit,
332 807 485 837 temporum
506 801 706 836 quadripartito
731 799 796 826 anni
816 798 991 826 distinctione

215 853 323 876 constat
353 856 401 883 per
433 848 600 875 incrementa
633 846 712 873 lucis.
738 845 860 880 Augetur
889 845 946 872 haec
976 852 991 871 a

215 895 322 926 bruma,
350 898 376 922 et
403 899 527 929 :equatur
550 892 678 919 noctibus
705 899 789 919 verno
817 891 990 926 mquinoctio,
1008 899 1029 927 Β

214 941 311 968 diebus
335 947 383 970 xc,
407 939 481 966 horis
500 947 540 966 ιιι.
574 938 675 965 Deinde
694 941 805 972 superat
836 942 929 964 noctes
959 936 993 964 ad

216 986 362 1013 solstitium
376 985 472 1012 diebus
496 991 570 1015 xcui,
589 983 664 1010 horis
676 990 725 1016 xu,
748 990 834 1016 usque
854 981 887 1009 ad
908 981 992 1016 atqui-

216 1032 335 1059 noctium
358 1030 490 1057 autumni.
510 1029 541 1056 Et
556 1034 613 1056 tum
636 1032 740 1063 aequata
757 1028 801 1055 die
822 1028 943 1063 procedit
958 1035 992 1055 ex

216 1084 249 1103 eo
274 1076 306 1101 ad
331 1075 455 1102 brumam
479 1074 575 1101 diebus
592 1081 703 1106 Lxxxrx,
721 1072 796 1100 horis
812 1081 853 1099 tu.
871 1083 880 1100 ›
899 1072 930 1100 ln
949 1073 992 1101 his

217 1121 307 1148 verbis
328 1120 497 1148 desideratur
513 1120 648 1147 intervalli
665 1120 896 1155 circumscriptio,
919 1119 992 1155 quod

218 1168 252 1194 ab
272 1167 388 1194 solstitio
405 1166 499 1193 aestivo
519 1166 551 1192 ad
578 1167 734 1193 autumnale
751 1167 876 1201 pertinet.
891 1166 993 1201 Legen-

217 1213 281 1240 dum
297 1213 390 1246 itaque
400 1216 471 1246 post,
490 1220 499 1237 t
516 1211 590 1239 horis
604 1219 653 1245 xu,
669 1221 678 1237 ι
695 1212 748 1239 hoc
763 1212 819 1240 fere
829 1212 919 1245 modo,
939 1222 948 1239 ι
965 1216 992 1240 et

218 1259 279 1286 inde
303 1258 398 1286 diebus
412 1266 478 1290 xcu,
497 1258 571 1285 horis
586 1265 624 1284 xu
647 1266 733 1293 usque
752 1258 786 1285 ad
801 1258 992 1293 aequinoctium

218 1305 352 1332 autumni.
369 1314 378 1330 ι
396 1303 462 1330 Nam
484 1304 536 1330 tria
564 1304 705 1331 intervalla
723 1304 768 1331 hic
784 1312 914 1339 expressa
934 1305 992 1332 dies

217 1351 365 1378 conﬁciunt
379 1358 496 1381 chxxn,
510 1350 592 1377 horas
603 1357 681 1377 xvui.
699 1349 736 1376 Ea
752 1350 872 1378 detracta
888 1350 921 1378 de
935 1351 992 1378 die-

218 1397 269 1424 bus
292 1404 392 1424 ccccxv
415 1397 475 1431 l/l,
501 1395 625 1423 residuos
646 1396 748 1423 iaciunt
769 1396 827 1423 dies
853 1404 906 1423 xcu
930 1396 990 1430 ιβ.

219 1443 308 1476 Quare
332 1450 363 1468 ex
382 1447 470 1468 mente
494 1441 572 1468 Plinii
596 1440 684 1468 Julius
706 1441 797 1468 Caesar
821 1441 878 1468 haec
903 1449 992 1468 annua

219 1488 360 1515 intervalla
375 1487 530 1521 descripsit.

1035 280 1118 306 horas
1133 287 1182 306 xu.

1069 325 1109 351 Ab
1118 324 1280 359 aequinoctio
1289 322 1440 350 autumnali
1450 321 1481 348 ad
1495 321 1626 348 brumam
1639 320 1704 347 dies
1718 327 1838 351 ιιιιῖς,

1036 369 1118 396 horas
1134 376 1174 395 ιιι.

1072 414 1094 440 Α
1122 414 1216 440 bruma
1250 412 1284 439 ad
1313 420 1427 440 vernum
1452 412 1660 447 tequinoctium
1687 410 1755 437 dies
1789 417 1836 439 xc.

1036 459 1117 485 horas
1134 466 1178 486 ιιι.

1074 504 1120 532 llis
1143 495 1357 534 animadversis,
1376 504 1398 530 si
1416 503 1609 538 aequinoctium
1634 508 1760 528 vernum
1783 504 1838 526 sla-

1037 556 1130 579 tuatnr
1146 552 1171 578 in
1185 559 1236 578 xxv
1251 550 1351 581 Martii,
1367 549 1466 576 additis
1486 548 1583 576 diebus
1599 554 1681 579 xcul,
1706 546 1836 574 calculus

1038 599 1141 626 desinet
1154 597 1181 623 in
1194 604 1256 623 xxvr
1270 595 1353 622 Junii.
1375 595 1446 621 Hinc
1463 598 1523 629 post
1536 592 1595 620 dies
1609 599 1680 623 xcn,
1695 591 1836 625 conjicie-

1039 647 1085 670 tur
1102 642 1259 669 autumnale
1278 641 1470 675 aequinoctium
1493 640 1519 666 in
1536 646 1600 665 xxvi
1622 637 1716 672 Sept.,
1738 637 1831 664 solsti-

1039 690 1105 716 tium
1118 689 1262 716 hibernum
1278 688 1305 714 in
1316 694 1379 713 xxiv
1395 685 1559 715 Decembris,
1575 687 1622 710 aut
1634 691 1704 715 xxv,
1729 687 1762 709 ut
1774 682 1835 709 inde

1040 735 1072 761 ad
1086 742 1199 762 vernum
1214 732 1407 768 aequinoctium
1419 732 1477 758 dies
1492 730 1591 765 reliqui
1608 730 1665 757 sint
1680 736 1729 755 xc.
1748 728 1833 755 Biduo

1040 781 1132 815 itaque
1149 780 1176 806 in
1195 779 1314 806 solstitio
1328 778 1433 810 aestivo,
1450 781 1477 804 et
1494 775 1646 803 autumnali
1662 775 1833 810 aequinoctio

1041 826 1146 853 Plinius
1164 832 1179 851 a
1197 825 1288 859 seipso
1304 823 1487 858 discrepabat.
1512 821 1684 849 Crediderim
1710 821 1833 855 primum

1042 878 1057 897 a
1073 869 1205 904 Sosigene
1217 869 1297 896 civile
1312 868 1457 895 solstitium
1474 867 1598 894 aestivum
1614 866 1641 893 in
1661 865 1745 893 Junii
1761 874 1832 896 xxiv,

1042 921 1069 944 et
1080 916 1272 951 aequinoctium
1289 916 1316 942 in
1333 914 1499 949 Septembris
1515 921 1579 940 xxiv
1592 920 1657 940 esse
1674 913 1814 940 collatum
1826 932 1832 943 ,

1043 961 1188 989 solstitium
1214 961 1357 988 hibernum
1372 968 1425 986 xxv
1449 959 1675 986 Decembriszul
1700 958 1733 984 in
1760 963 1834 984 octa-

1042 1015 1103 1034 vum
1120 1005 1254 1033 Kalendas
1277 1009 1394 1041 quatuor
1412 1003 1591 1031 cardinalium
1615 1003 1768 1037 signorum
1793 1002 1832 1028 in-

1043 1054 1140 1081 troitus
1157 1052 1317 1080 inciderent.

1076 1101 1105 1127 ln
1120 1097 1380 1133 Kalendario,‘quod
1401 1096 1464 1123 Julii
1480 1094 1596 1123 Caesaris
1611 1094 1730 1122 nomine
1746 1093 1833 1120 Lucas

1042 1145 1174 1172 Gauricus
1196 1143 1291 1175 edidit,
1313 1142 1506 1177 aequinoctium
1535 1149 1650 1169 vernum
1682 1141 1833 1169 ascribitur

1041 1199 1089 1220 vui
1103 1191 1163 1218 Kal.
1181 1190 1257 1226 Apr.,
1278 1197 1350 1217 nono
1365 1189 1408 1216 die
1426 1189 1460 1215 ab
1476 1189 1599 1224 ingressu
1618 1188 1690 1216 solis
1709 1188 1740 1215 in
1761 1188 1834 1215 Arie-

1041 1243 1095 1265 tem
1111 1247 1118 1265 :
1134 1241 1161 1265 et
1183 1236 1328 1264 solstitium
1346 1236 1469 1262 aestivum
1483 1242 1530 1261 vni
1556 1236 1620 1262 item
1647 1234 1712 1261 Cal.
1738 1233 1832 1265 Julias.

1043 1284 1158 1318 septimo
1169 1283 1212 1310 die
1227 1289 1306 1317 quam
1326 1281 1366 1309 sol
1384 1281 1410 1308 in
1427 1280 1562 1308 Cancrum
1575 1280 1671 1308 subiit.
1690 1280 1749 1308 Sed
1762 1281 1834 1308 valde

1042 1329 1136 1356 rudem
1150 1331 1257 1363 oportet
1271 1335 1341 1359 esse,
1355 1326 1400 1362 qui
1415 1326 1467 1353 hoc
1481 1325 1675 1352 Kalendarium
1695 1325 1764 1352 Julii
1775 1327 1833 1352 K2-

1044 1376 1113 1403 saris
1138 1382 1198 1402 esse
1226 1374 1276 1401 sibi
1298 1373 1475 1408 persuadeat,
1496 1372 1534 1399 uti
1555 1373 1627 1400 libro
1651 1371 1688 1399 VI
1707 1373 1746 1400 De
1767 1373 1832 1400 don.

1044 1425 1132 1454 tenip.,
1148 1427 1208 1454 cap.
1224 1418 1282 1450 ΧΠ,
1292 1418 1547 1446 demonstravimus.

1077 1465 1216 1492 Postremo
1231 1465 1253 1492 si
1270 1464 1331 1498 quis
1348 1471 1427 1491 veros
1437 1463 1498 1490 anni
1513 1463 1644 1491 cardines
1655 1471 1734 1490 anno
1750 1464 1833 1498 primo

1043 1510 1151 1538 Juliano
1171 1510 1241 1537 Scire
1263 1509 1348 1543 velit,|
1360 1516 1392 1536 ex
1410 1509 1533 1543 sequenti
1555 1509 1660 1536 tabella
1679 1509 1789 1541 discet;
1810 1509 1833 1534 in

255 1544 296 1571 Ab
315 1549 478 1579 aequinoctio
501 1552 584 1571 verno
606 1543 639 1571 ad
664 1544 809 1571 solstitium
831 1544 890 1572 dies
917 1552 991 1577 xcm,
1008 1567 1029 1597 α
1045 1565 1126 1594 quam
1147 1556 1249 1584 medios
1274 1563 1382 1591 quoque
1406 1555 1471 1583 sons
1485 1547 1630 1590 ingressus
1647 1555 1676 1582 in
1694 1555 1833 1582 dodecale_

220 1589 301 1617 horas
316 1597 364 1617 xu.

1048 1603 1135 1632 moria
1152 1602 1318 1638 coniecimus
1336 1609 1369 1628 ex
1385 1598 1586 1636 Diagrammate
1601 1599 1652 1628 lib.
1672 1600 1694 1633 l,
1720 1608 1782 1636 pag.
1794 1600 1832 1627 5|.

341 1676 449 1705 Tabella
463 1679 616 1711 mediorum,
631 1688 662 1707 aa
679 1688 797 1707 verorum
812 1682 874 1708 solis
891 1683 1058 1718 ingressuum
1075 1684 1103 1710 in
1123 1683 1198 1717 signa
1214 1680 1363 1708 cardinalia
1378 1687 1447 1706 anno
1467 1678 1554 1713 primo
1567 1677 1699 1705 Iuliano.

718 1737 850 1765 CARDINES
870 1746 954 1766 Ill-:Dll.

474 1792 680 1829 @qninoctium
701 1803 813 1822 vernum
835 1796 935 1829 Martii,

480 1827 630 1864 solstitium
648 1830 769 1856 aestivum
836 1831 921 1864 Junii,

478 1862 682 1901 @quinoetiuin
694 1866 818 1893 autumni
835 1866 910 1901 Sept.

481 1897 631 1925 Solstitium
647 1899 788 1927 hibernum
837 1897 899 1929 Dec.

255 1973 323 2001 llinc
348 1978 458 2009 apparet
481 1974 637 2011 Sosigenem
653 1977 756 2005 medios
770 1979 860 2013 potius
877 1979 942 2006 solis
958 1979 999 2005 in-

222 2024 332 2055 gressus
348 2021 373 2047 in
392 2020 478 2055 signa,
499 2029 581 2056 quam
595 2027 674 2050 verbs
689 2023 838 2057 exprimere
857 2025 974 2051 voluisse
990 2033 996 2051 :

221 2074 290 2100 quos
313 2065 378 2098 fere,
401 2069 578 2101 praeterquam
605 2067 631 2093 in
658 2075 712 2093 uno
735 2068 848 2095 hiberno
871 2068 997 2099 solstitio,

221 2114 385 2137 consecutus
413 2114 464 2137 est.
487 2109 612 2145 Plerique
634 2114 724 2138 tamen
751 2112 908 2147 scriptores,
932 2112 997 2139 dum

221 2159 341 2182 veterum
357 2159 574 2183 astronomorum
592 2156 718 2185 cardines
738 2156 853 2184 diversis
870 2157 998 2191 tempori-

221 2199 274 2226 bus
288 2201 450 2228 constitutos
467 2201 597 2235 relegunt,
619 2209 667 2236 per
681 2201 889 2236 imprudentiam
905 2210 951 2229 eos
969 2202 994 2229 in

973 1796 1047 1830 xxiv,
1068 1797 1121 1829 21,
1142 1797 1191 1823 Μ’.

979 1841 1052 1864 xxiv,
1088 1832 1122 1865 4,
1139 1832 1190 1858 59'.

980 1875 1059 1899 xxut,
1076 1867 1119 1897 η,
1158 1866 1191 1892 6‘.

982 1910 1060 1933 xxiii,
1079 1902 1121 1933 l9,
1140 1901 1190 1928 54⁷.

1294 1737 1429 1764 Cmomes
1447 1741 1521 1762 \‘Eltl.

1246 1794 1335 1822 Martii
1372 1789 1497 1826 xxII,§3,
1516 1789 1567 1819 47-

1244 1828 1317 1857 Junii
1372 1828 1501 1861 xxiv,23,
1534 1828 1571 1854 5'-

1246 1865 1321 1899 Scpt.
1379 1872 1445 1895 xxv,
1462 1864 1505 1899 lt,
1518 1863 1568 1899 μ’.

1253 1897 1315 1927 Dec.
1381 1906 1454 1930 xxiv,
1464 1898 1509 1929 23,
1518 1897 1568 1924 54'.

1050 1978 1165 2014 injectus
1193 1984 1207 2003 a
1239 1976 1317 2003 nobis
1344 1982 1454 2007 sermo,
1482 1973 1665 2008 Scaligeriani
1694 1973 1829 2008 cujusdam

1050 2023 1194 2051 commenti
1216 2021 1373 2049 meminisse
1391 2028 1441 2047 nos
1456 2020 1533 2054 facit,
1547 2020 1622 2054 quod
1638 2020 1667 2046 in
1683 2018 1828 2046 Manilianis

1048 2069 1121 2096 illius
1134 2067 1210 2096 Notis
1221 2066 1397 2102 legitur(pag.
1411 2065 1489 2101 15⁵1),
1505 2067 1532 2092 et
1547 2061 1574 2092 in
1587 2065 1705 2100 epistola
1719 2065 1827 2100 quadarn

1049 2114 1082 2141 ad
1104 2114 1260 2141 Mamertum
1281 2111 1467 2146 Patissonem,
1504 2119 1564 2146 qua:
1594 2116 1635 2138 est
1655 2116 1753 2146 quarta
1772 2110 1827 2137 libri

1046 2159 1127 2194 primi
1150 2158 1284 2186 editorum
1309 2164 1396 2193 nuper
1419 2153 1493 2184 illius
1507 2156 1698 2191 epistolarum.
1718 2165 1727 2181 ‹
1745 2154 1782 2182 lbi
1797 2155 1826 2181 al:

1047 2205 1114 2239 ipsis
1134 2203 1306 2231 incunabulis
1325 2202 1496 2230 astronomia:
1511 2201 1604 2234 (verba
1621 2205 1687 2229 sunt
1701 2199 1826 2236 epistolae}

221 2243 356 2270 Julianum
371 2252 470 2271 annum
487 2245 692 2272 transtulerunt.
712 2243 868 2278 Quinetiam.
886 2245 996 2282 Sasige-
1012 2251 1034 2278 D
1048 2250 1118 2277 hanc
1138 2255 1259 2277 veterum
1277 2248 1431 2276 Cra-corum
1447 2247 1601 2282 opinionem
1622 2246 1708 2273 fuisse
1730 2249 1825 2277 censet.

222 2296 271 2316 nes
293 2289 351 2323 ipse
370 2290 475 2317 videtur
493 2298 587 2325 parum
600 2291 627 2318 in
645 2291 696 2318 hac
720 2299 750 2318 re
773 2291 925 2319 definienda
947 2292 999 2319 sibi

221 2335 385 2362 constitisse.
416 2335 482 2362 Nam
511 2346 520 2362 ι
548 2337 629 2365 trinis
652 2338 927 2374 commentationibus
951 2338 999 2373 (ait

221 2380 325 2407 Plinius
347 2380 393 2406 lib.
415 2380 505 2414 XVlll,
530 2389 590 2416 cap.
614 2382 697 2418 XXV)
712 2390 868 2418 quanquam
885 2383 999 2419 diligen-

220 2427 273 2453 tior
287 2430 359 2453 esset
373 2426 488 2459 caeteris,
505 2434 557 2453 non
586 2429 703 2455 cessavit
723 2432 813 2456 tamen
828 2428 997 2460 addubitare,

220 2472 279 2507 ipse
299 2476 383 2499 semet
402 2472 571 2506 corrigendo.
600 2483 608 2498 ι
636 2473 729 2509 Itaque
750 2474 822 2506 aliis,
840 2478 922 2509 atque
936 2474 997 2503 aliis

220 2518 317 2546 diebus
344 2518 470 2545 cardines
497 2518 618 2552 illigavit,
656 2527 687 2546 ex
717 2527 770 2554 quo
799 2521 914 2547 varietas
952 2521 997 2548 illa

220 2564 382 2599 scriptorum
406 2564 433 2591 in
456 2564 652 2592 constituendis
674 2565 844 2600 aequinoctiis
858 2574 888 2592 ac
906 2566 996 2593 solsti-

219 2609 265 2636 tiis
280 2609 308 2636 in
324 2616 395 2636 anno
412 2608 518 2636 Iuliano
534 2616 659 2637 manasse
672 2610 787 2638 videtur.

522 2655 634 2682 CAPUT
653 2655 698 2683 Vl.

220 2700 258 2728 De
280 2701 349 2736 falsa
369 2702 494 2738 Scaligeri
509 2702 635 2738 sententia
652 2706 856 2738 super‘t‘elerum
876 2707 996 2730 astrono-

255 2745 356 2763 morum
372 2736 502 2764 solstitiis.
513 2737 612 2764 Contra
626 2745 700 2771 quem
725 2736 930 2768 demonstratur,
949 2746 995 2764 ne-

246 2779 301 2805 que
316 2777 463 2805 perpetuam
477 2771 524 2799 sub
540 2773 637 2806 tropico
652 2772 784 2799 meridiem
800 2772 856 2805 ﬁeri
872 2772 933 2798 illos
947 2780 995 2805 pu—

255 2810 339 2840 [955e,
368 2815 446 2840 neque
470 2807 611 2834 solstitium
640 2808 666 2834 in
698 2812 749 2834 toto
777 2806 993 2834 dodecatemorio.

256 2839 377 2867 Geminus
391 2839 545 2875 replicatur.

256 2877 304 2911 llic
320 2884 353 2912 de
371 2886 527 2914 cardinibus
547 2891 665 2916 veterum
691 2886 818 2923 opinione
838 2887 993 2914 constitutis

1049 2294 1165 2326 Eudoxi,
1188 2294 1313 2325 Metonis,
1338 2292 1492 2324 Cleostrati,
1512 2296 1539 2320 et
1562 2290 1750 2322 Euctemonis;
1771 2297 1824 2316 om-

1048 2341 1123 2368 nium
1149 2341 1266 2376 denique
1290 2341 1323 2368 ad
1346 2340 1569 2372 Eratosthenem,
1596 2342 1623 2365 et
1647 2337 1824 2373 Hipparchum

1048 2396 1152 2423 usque;
1179 2391 1335 2422 perpetuam
1367 2385 1537 2422 μεσημϐρίαν
1563 2384 1614 2412 sub
1642 2383 1747 2419 tropico
1771 2382 1822 2410 ﬁeri

1047 2439 1228 2468 :eternamque
1250 2432 1330 2459 diem.
1354 2431 1417 2458 Item
1438 2430 1583 2458 solstitium
1606 2437 1661 2456 non
1685 2429 1712 2455 in
1729 2431 1822 2462 puncto

1048 2479 1117 2514 λόγῳ
1136 2476 1264 2514 θεωρητῷ
1291 2476 1400 2508 Cancri,
1417 2476 1458 2503 vel
1484 2475 1661 2510 Capricorni,
1678 2473 1724 2501 sed
1741 2473 1766 2499 in
1785 2473 1821 2499 ie-

1046 2530 1121 2555 tegro
1144 2523 1362 2551 dodecatemorio
1384 2521 1526 2549 committi.
1544 2520 1645 2547 llorum
1668 2519 1743 2554 prius
1761 2518 1820 2544 illuc

1047 2575 1073 2606 in‘
1095 2568 1240 2598 novissima
1263 2569 1382 2597 editione
1402 2567 1503 2594 Manilii
1524 2567 1611 2602 legere
1628 2573 1682 2593 non
1695 2564 1820 2592 memini':

1047 2615 1181 2650 posteriUS
1203 2616 1291 2641 autem
1317 2613 1345 2640 in
1366 2612 1443 2640 Notis
1467 2614 1555 2639 exstat
1571 2611 1603 2638 ad
1620 2611 1668 2637 lib.
1685 2608 1695 2635 l
1711 2608 1821 2644 lsagogi-

1046 2668 1118 2693 cum,
1134 2660 1179 2687 ubi
1196 2659 1229 2687 de
1240 2658 1370 2686 Antisciis
1384 2658 1448 2693 agit.
1465 2656 1615 2691 Utrumque
1632 2664 1697 2684 vero
1712 2663 1762 2682 non
1781 2661 1813 2681 so

1046 2705 1100 2732 lum
1125 2705 1269 2732 ridiculum
1291 2707 1343 2737 est,
1370 2703 1417 2731 sed
1443 2703 1511 2730 falso
1531 2702 1611 2729 etiam
1638 2701 1754 2736 antiquis
1770 2699 1817 2726 illi:

1046 2752 1209 2780 astronomis
1223 2751 1368 2786 attingitur.
1383 2750 1486 2785 Quippe
1501 2750 1613 2776 alterum
1632 2757 1665 2776 ex
1687 2747 1816 2778 ambobus,

1045 2798 1078 2825 de
1100 2802 1228 2833 perpetua
1250 2797 1311 2824 luce
1330 2796 1381 2823 sub
1396 2796 1509 2830 tropico,
1532 2802 1585 2822 non
1600 2795 1680 2822 aliter
1694 2798 1761 2821 stare
1775 2798 1818 2826 po-

1044 2848 1107 2875 test,
1130 2842 1182 2870 nisi
1199 2842 1324 2877 antiquos
1339 2841 1401 2869 illos
1415 2845 1525 2875 putasse
1538 2840 1653 2867 velimus
1670 2837 1816 2875 parallelum

1045 2887 1125 2915 istum
1147 2895 1228 2923 supra
1257 2887 1400 2919 ﬁnitorcm,
1420 2891 1536 2922 quantus
1551 2889 1669 2921 quantus
1691 2888 1741 2918 est,
1771 2890 1814 2910 ex-
