1900 3137
73 194 149 222 1561

484 194 712 222 DlSSEltTATlO
734 195 777 223 DE.
800 195 893 223 ORTU
914 195 958 223 ET
977 195 1110 223 (lCCASU
1132 194 1294 223 SIDERUM.

73 257 157 282 stare
168 256 264 283 totum,
276 259 326 279 nec
338 252 424 287 ipsius
437 252 518 279 ullam
534 256 637 287 partem
651 253 701 280 sub
718 256 790 280 terra
805 260 865 280 esse
881 257 904 284 Α
917 252 951 280 ill
968 254 1040 289 (pag.
1055 253 1089 279 62
1110 252 1156 280 Gr.
1175 252 1261 288 edit.),
1279 252 1374 280 scribit
1389 252 1590 279 observationes
1609 251 1700 278 solsti-

72 298 230 327 conditam.
246 299 327 333 Atqui
341 298 369 325 id
385 298 482 326 falsum
499 303 550 326 est.
567 298 695 327 Eudoxus
711 305 783 327 certe
797 299 868 334 apud

74 342 268 378 Hipparchum
289 343 334 370 lib.
362 342 369 369 l
391 344 463 379 (pag.
486 343 513 377 6)
536 344 677 371 asserebat
698 345 792 379 tropici
816 345 870 371 cir~

73 390 139 416 culi
159 389 187 416 in
203 388 307 416 Graecia
334 393 439 424 partem
464 390 549 422 illam,
576 397 636 425 quae
662 398 744 425 supra
769 394 869 418 terram

75 435 207 470 emergit,
219 434 327 462 ad.eam
342 443 403 470 qua:
417 435 488 462 infra
503 440 601 463 terram
618 436 695 468 latet,
711 443 771 463 eam
786 436 871 464 ratio.

77 488 147 508 nem
171 480 279 511 habere,
304 488 363 515 qua:
385 485 426 508 est
447 481 592 508 duodecim
616 481 650 508 ad
677 486 790 517 septem.
816 482 871 510 Hoc

79 535 141 553 nun
164 526 252 562 potuit
273 526 401 554 Eudoxus
426 529 516 554 animo
540 528 693 562 concipere,
717 528 769 555 nisi
789 528 871 555 talem

79 573 141 600 sibi
160 573 271 608 sphaerae
282 573 400 607 positum
426 574 549 608 lingeret,
573 578 603 601 ut
626 582 680 609 quo
704 575 815 609 propius
838 575 871 601 ad

78 618 302 654 aequinoctialem
328 618 488 654 accediturt
502 627 534 647 eo
560 620 646 655 major
667 620 763 655 tropici
786 620 872 648 aestivi

79 672 152 700 pars
172 665 223 692 sub
238 669 338 692 terram
353 664 546 698 descenderet;
572 666 661 693 minor
677 670 766 693 autem
784 674 872 693 emer-

80 716 172 746 geret,
187 711 273 738 donec
289 718 321 738 eo
336 715 444 738 ventum
462 715 543 743 esset,
560 711 604 738 ubi
619 720 651 739 ex
667 720 744 748 aequo
755 712 873 740 circulus

81 758 134 785 ille
160 757 195 784 ab
216 757 356 784 horizonle
382 757 521 785 dividitur.
539 758 693 785 Absurdum
715 762 757 785 est
783 758 874 793 itaque

80 802 253 838 persuadere
268 802 329 834 sibi,
345 803 387 830 vel
406 802 556 835 Eudoxum,
575 803 750 838 vel,a:qualis
762 803 807 838 qui
825 803 875 830 fuit

82 850 160 884 ejus,
181 849 325 880 Melonem,
348 854 394 876 aut
413 849 496 876 alium
511 850 668 884 quemlibet,
686 850 731 885 qui
749 853 875 876 astrono-

84 896 128 922 mi
147 903 246 923 nomen
260 899 398 930 utcunque
415 899 545 929 tueretur,
560 896 628 923 adeo
649 895 763 923 stolidos
778 895 873 927 fuisse,

84 945 121 969 ut
139 945 301 977 perpetuum
323 925 481 977 in-Egypti
504 925 590 969 limite
612 941 682 969 diem
704 948 765 969 esse
785 925 877 968 crede-
892 925 913 955 Β

83 993 167 1017 rent:
187 996 250 1015 nam
273 988 372 1023 syene,
394 996 454 1023 qua:
471 988 522 1016 sub
542 988 647 1024 tropico
664 988 715 1015 sita
728 991 780 1019 est,
801 987 827 1013 in
845 995 878 1014 eo

85 1038 182 1062 tractu
205 1034 323 1069 ponitur.
346 1033 438 1069 Neque
462 1042 527 1061 vero
551 1034 744 1069 comprehendi
772 1034 878 1060 ratione

85 1082 148 1109 ulla
160 1084 258 1116 potest,
277 1081 373 1112 solem,
393 1088 455 1108 cum
478 1082 511 1108 ad
526 1082 662 1117 tropicum
680 1081 813 1116 pervenit,
832 1088 878 1115 pe-

84 1133 207 1153 rennem
231 1126 290 1153 sine
311 1130 391 1153 nocte
410 1126 500 1153 facere
522 1126 622 1158 lucem,
640 1126 694 1153 nisi
714 1126 878 1152 immobilem

87 1172 130 1199 ibi
158 1172 308 1200 consistere
321 1178 447 1207 putemus
463 1181 469 1198 :
485 1172 564 1207 quod
574 1175 745 1199 astronomos
755 1171 815 1198 illas
832 1179 879 1198 su-

87 1216 212 1252 spicatos
223 1224 284 1244 esse
293 1216 401 1244 defendi
413 1225 467 1244 non
476 1220 573 1251 potest.
597 1218 662 1251 quin
681 1216 789 1244 eosdem
815 1216 879 1243 veli-

89 1271 156 1291 mus
165 1263 231 1291 etin
253 1262 368 1296 Graecia,
383 1263 467 1296 etibi,
489 1263 533 1290 ubi
557 1268 644 1295 erant,
659 1263 804 1290 arbitratos
819 1270 880 1290 esse

92 1309 171 1337 nulla
200 1309 380 1344 interruptum
407 1315 485 1336 nocte
515 1313 572 1336 tum
598 1317 658 1337 esse
680 1309 762 1336 diem.
781 1308 880 1342 Quam-

90 1355 201 1387 obrem,
221 1359 251 1382 ut
265 1355 298 1382 de
313 1355 419 1382 caeteris
434 1355 514 1382 modo
531 1358 646 1386 taceam,
664 1360 735 1382 certe
752 1354 786 1382 de
803 1354 880 1382 Cleo-

92 1404 194 1432 strato,
211 1400 325 1434 Metone,
348 1400 524 1433 Euctemone,
539 1400 662 1432 Eudoxo,
701 1401 821 1436 adeoque
836 1409 882 1428 ve-

92 1446 258 1475 tustioribus
285 1447 367 1474 etiam
392 1446 601 1477 mathematicis,
632 1454 746 1481 quorum
771 1447 881 1482 quidem

92 1493 200 1520 mentio
222 1496 321 1525 exstet,
346 1501 426 1520 nemo
454 1493 507 1520 tale
531 1492 689 1527 quidquam,
708 1493 761 1520 nisi
787 1493 882 1522 absur-

94 1539 222 1571 dissime,
237 1539 357 1575 cogitare
372 1543 470 1574 potest.

919 301 951 327 tii
967 309 982 327 a
999 295 1105 327 Metoné
1132 303 1158 326 et
1182 299 1346 326 Euctemone
1371 298 1456 325 factas
1474 297 1507 324 ad
1525 305 1616 324 verum
1634 297 1700 324 solis

920 346 1114 382 designandum
1132 345 1278 373 circuitum
1293 344 1415 371 utiliores
1433 343 1611 379 ilipparcheis
1632 342 1699 373 fore,

920 392 973 419 nisi
995 391 1227 427 ὁλοσχερέστερον,
1253 389 1280 417 id
1304 395 1346 417 est
1367 389 1477 416 rudiore
1492 388 1611 415 Minerva
1635 387 1702 415 deli-

921 442 1006 466 nealaa
1024 437 1122 469 forent,
1156 445 1188 464 ac
1204 437 1256 463 nisi
1272 439 1401 471 pra‘terea
1417 434 1594 462 solstitiorum
1609 440 1701 460 moro-

922 484 978 511 sior
998 489 1069 511 esset
1090 491 1121 511 ac
1143 483 1276 510 difﬁcilior
1294 481 1501 509 animadversio.
1531 479 1596 513 Quae
1613 479 1703 506 Ptole-

921 530 981 557 ιιιωί
998 529 1078 557 verba
1092 529 1267 556 vanissimam
1284 528 1356 554 illam
1373 526 1501 561 Scaligcri
1517 525 1703 560 conjecturam

922 584 984 604 esse
1002 575 1142 603 evidenter
1158 579 1284 610 arguunt.

957 622 1029 649 Pene
1043 622 1186 649 omiseram
1202 620 1273 656 quod
1288 620 1321 647 ad
1340 627 1396 647 rem
1412 625 1575 655 magnopere
1589 614 1713 652 spectat,

923 677 955 696 ex
977 668 1081 700 codem,
1100 668 1179 702 cujus
1199 668 1323 702 proxime
1350 665 1535 696 meminimus,
1550 662 1705 698 Hipparcho

924 714 983 749 (lib.
1000 714 1020 746 Ι,
1037 721 1098 749 pag.
1121 713 1175 746 l8).
1193 712 1242 740 llic
1258 713 1330 740 enim
1349 715 1443 739 contra
1460 709 1579 736 Attalum
1594 708 1706 735 demon-

924 763 992 787 strat
1014 758 1230 794 aequinoctialem
1252 758 1396 789 circulum,
1418 764 1449 783 ac
1471 755 1591 789 tropicos
1616 752 1707 779 latitu-

924 805 988 832 dine
1001 813 1095 832 carere
1106 813 1139 832 ex
1153 804 1280 838 opinione
1295 803 1466 838 priscorum;
1485 807 1572 834 neque
1594 799 1621 825 in
1646 797 1707 824 aliis

925 855 1005 886 atque
1021 851 1081 878 aliis
1100 850 1237 885 parallelis
1253 848 1411 884 aaquinoctia
1433 847 1476 874 vel
1501 845 1617 879 solstitia
1634 851 1707 870 com-

927 898 996 923 mitti
1013 906 1019 923 :
1038 897 1109 931 quod
1126 896 1189 923 inde
1208 896 1316 930 probat,
1332 894 1395 929 quia
1411 894 1508 920 crebro
1523 894 1650 918 asserunt
1669 889 1707 918 illi

928 943 1069 970 zodiacum
1095 941 1262 976 ἐφάπτεσθαι
1284 940 1338 967 τῶν
1364 938 1500 975 τροπικῶν
1525 937 1583 963 καθ’
1607 936 1636 962 ἐν
1661 944 1708 970 ση-

929 990 1013 1024 μεῖον,
1040 998 1049 1013 ι
1075 988 1103 1014 in
1125 995 1179 1014 uno
1198 990 1298 1021 puncto
1317 985 1436 1012 circulos
1460 983 1580 1018 tropicos
1603 981 1709 1008 contin-

928 1042 1001 1069 gere.
1030 1043 1039 1059 ι
1062 1033 1103 1060 Ad
1126 1033 1183 1060 haec
1206 1032 1229 1059 si
1256 1030 1427 1058 latitudinem
1449 1029 1579 1056 baberent
1602 1027 1708 1058 circuli,

928 1080 1131 1116 aequinoctium,
1157 1078 1274 1112 exempli
1296 1084 1388 1108 causa,
1405 1075 1529 1111 pluribus
1544 1073 1641 1101 diebus
1662 1072 1710 1099 lie-

929 1131 991 1154 ret:
1007 1125 1079 1160 quod
1096 1132 1193 1151 sensus
1214 1124 1272 1158 ipse
1290 1118 1438 1157 redarguit.
1463 1120 1531 1147 Nam
1549 1119 1712 1154 aequinoctia

930 1164 1052 1204 facilius,
1074 1179 1156 1206 quam
1188 1169 1304 1197 solstitia
1332 1168 1527 1195 discernuntur
1553 1165 1649 1193 oculis.
1678 1164 1712 1190 At

929 1226 1001 1246 vero
1019 1217 1113 1245 eadem
1141 1217 1211 1244 ratio
1236 1219 1263 1242 et
1285 1215 1320 1242 de
1342 1213 1468 1241 solstitiis
1484 1212 1579 1243 vincit,
1595 1218 1649 1237 uno
1667 1210 1711 1236 illa

930 1263 1118 1291 tantummodo
1133 1262 1177 1289 die
1192 1260 1312 1297 ἀκριϐῶς
1338 1267 1370 1286 ac
1385 1258 1463 1293 φύσει
1478 1257 1581 1293 peragi,
1598 1255 1669 1291 quod
1686 1255 1713 1282 in

930 1318 985 1337 uno
999 1310 1087 1337 solum
1101 1311 1202 1343 puncto
1215 1309 1357 1335 contactus
1372 1305 1418 1332 fiat
1433 1304 1609 1331 circulorum.

967 1356 1043 1384 Unus
1058 1355 1092 1382 ad
1104 1353 1280 1382 divinationis
1293 1352 1373 1380 istius
1387 1350 1467 1378 fidem
1479 1350 1580 1377 citatur
1591 1356 1609 1375 a
1627 1348 1714 1376 Scali-

931 1410 994 1438 gero
1010 1401 1087 1429 testis
1103 1400 1233 1428 Geminus
1248 1409 1255 1427 :
1273 1399 1319 1433 qui
1334 1406 1394 1433 cap.
1411 1398 1421 1425 l
1436 1396 1617 1432 quorumdam
1637 1398 1713 1435 vete-

932 1454 992 1474 rum
1012 1447 1165 1481 opinionem
1188 1444 1299 1475 rel‘ellit.
1322 1444 1367 1479 qui
1382 1443 1515 1470 Cancrum
1531 1441 1713 1475 ctCapricor—

932 1500 997 1519 num
1020 1491 1131 1518 minime
1150 1490 1280 1525 putabant
1301 1496 1363 1515 cum
1383 1488 1438 1515 ullo
1458 1487 1535 1522 signo
1555 1485 1714 1520 conjugari,

933 1538 991 1564 hoc.
1001 1541 1042 1564 est
1054 1536 1158 1563 nullum
1175 1543 1245 1564 esse.
1259 1534 1332 1570 quod
1348 1534 1442 1562 eodem
1461 1534 1521 1560 loco
1534 1540 1596 1560 cum
1610 1531 1715 1559 uti-ovis

133 1585 255 1612 Alterum
271 1586 417 1613 commenti
431 1589 517 1620 caput
528 1585 628 1618 minus,
643 1593 724 1621 quam
741 1585 818 1617 illud,
841 1585 882 1612 in-
896 1595 916 1623 ο
933 1583 1036 1610 oriatur
1051 1581 1209 1609 et-occidat.
1225 1580 1282 1607 lloc
1303 1578 1406 1607 refutat
1426 1578 1566 1608 Geminus,
1587 1577 1649 1612 quia
1674 1584 1716 1604 ss-

92 1635 203 1666 optum,
215 1630 334 1658 validius
349 1636 437 1659 tamen
454 1631 596 1659 refellitur.
611 1631 678 1658 Nam
696 1631 719 1659 si
736 1631 816 1664 Meto,
833 1631 884 1659 Eu-

94 1676 197 1710 doxus,
213 1676 351 1712 Calippus,
364 1680 391 1704 et
402 1677 447 1704 alii
462 1680 525 1704 ante
538 1676 720 1712 Hipparchum
727 1676 783 1704 fere
792 1676 883 1704 solsti-

96 1724 138 1750 tia
155 1723 183 1749 in
199 1722 312 1758 integris
325 1722 563 1754 dodecatemoriis,
576 1731 629 1750 non
646 1723 672 1749 in
689 1727 763 1750 certa
777 1723 884 1749 illorum

98 1767 234 1802 particula
261 1767 318 1795 ﬁeri
343 1767 525 1801 censuissent,
550 1774 615 1800 non,
630 1768 737 1802 opinor,
759 1768 804 1794 illa
826 1768 884 1802 ipsa

98 1813 219 1843 solstitia
243 1813 327 1840 certis
348 1812 453 1840 dierum
476 1813 621 1840 momentis
645 1819 660 1838 a
686 1820 715 1839 se
740 1812 884 1840 observata

98 1859 259 1896 proderent,
279 1862 310 1885 ut
332 1858 412 1889 Meto,
429 1857 474 1892 qui
496 1857 642 1885 solstitium
659 1857 705 1884 illo
719 1857 762 1884 die
783 1857 883 1884 factum

99 1904 304 1936 animadvertit,
321 1904 368 1938 qui
383 1903 456 1930 Junii
472 1903 559 1930 nostri
577 1902 630 1930 diei
650 1910 723 1929 xxvu
740 1902 886 1937 responde-

100 1952 151 1978 bat
175 1960 182 1978 :
207 1954 236 1977 ut
264 1950 404 1985 Calippus,
429 1948 582 1983 exterique.
602 1955 718 1983 quorum
753 1948 779 1974 in
804 1955 885 1982 para.

101 1997 274 2032 pegmatibus
300 1996 407 2023 decreta
451 1995 634 2027 notabantur;
661 1994 886 2028 quemadmodum

101 2041 177 2076 apud
194 2041 347 2071 Geminum,
362 2044 389 2067 et
408 2040 434 2066 in
452 2039 588 2066 Ptolemaei
608 2039 677 2066 libro
692 2039 725 2065 de
742 2038 888 2065 inerranti-

105 2088 158 2114 bus
170 2087 262 2114 Graece
275 2094 290 2113 a
302 2086 380 2113 nobis
393 2085 466 2113 edito
479 2085 571 2112 videre
585 2084 659 2111 licet.
676 2084 782 2111 Etenim
796 2083 888 2111 solsti-

105 2134 174 2160 tium
189 2132 310 2160 aastivum
326 2130 454 2166 Calippus
469 2131 495 2157 in
510 2130 597 2165 prima
612 2129 709 2156 Cancri
735 2132 811 2163 parte
830 2128 887 2155 col-

106 2178 225 2210 locabat,
241 2178 278 2205 ait
294 2177 423 2205 Geminus
439 2177 510 2211 (pag.
526 2176 587 2210 15);
603 2175 746 2202 hibernum
757 2175 785 2201 in
801 2173 889 2209 prima

103 2224 266 2259 Capricorni
280 2223 397 2258 ponebat
411 2222 576 2255 Euctemon;
593 2220 764 2253 Eudoxusjn
781 2222 887 2255 quarta.

105 2271 221 2303 Verum,
237 2273 267 2297 ut
281 2269 451 2305 Hipparchus
467 2268 575 2300 asserit,
592 2267 721 2294 Eudoxus
743 2267 770 2294 in
793 2265 890 2293 mediis
905 2266 927 2293 D

106 2316 212 2352 signis,
233 2315 285 2342 hoc
308 2319 350 2343 est
371 2315 398 2342 in
423 2314 508 2350 gradu
529 2314 562 2341 15
583 2313 709 2340 cardines
744 2312 888 2344 statuebat,

106 2361 181 2397 quod
196 2361 284 2396 capite
300 2360 434 2395 superiori
450 2359 659 2394 disputavimus.
675 2359 709 2384 At
724 2365 788 2384 vero
804 2357 826 2384 si
843 2364 892 2392 per

107 2413 196 2435 totum
222 2405 458 2434 dodecatemorion
485 2405 632 2432 solstitium
658 2403 779 2431 diffundi.
795 2402 885 2430 crede-

109 2458 182 2486 rent,
207 2461 261 2481 non
283 2452 349 2479 illud
368 2452 451 2479 certis
469 2450 657 2477 tantummodo
678 2450 773 2478 diebus
789 2450 892 2485 illigas-

110 2503 182 2531 sent,
208 2502 271 2533 puta
294 2497 391 2531 primo,
408 2498 516 2530 quarto,
537 2495 579 2521 vel
598 2497 694 2521 octavo
711 2494 745 2520 ab
767 2494 891 2527 ingressu

112 2544 179 2572 solis
198 2543 224 2571 in
246 2543 363 2577 signum.
382 2540 552 2575 Hipparchus
566 2539 613 2567 lib.
628 2539 649 2566 ll
664 2540 754 2571 docet,
770 2547 804 2566 ex
818 2538 893 2565 Arati

113 2589 259 2621 sententia,
269 2587 402 2616 committi
417 2586 563 2615 solstitium
580 2586 608 2612 in
623 2586 709 2620 prima
727 2589 803 2620 parte
823 2584 894 2612 Can-

113 2636 165 2668 cri,
189 2642 304 2669 eamque
326 2631 580 2660 mathematicorum
605 2635 739 2660 veterum,
765 2634 811 2656 aut
835 2637 894 2657 om-

114 2681 201 2711 nium,
228 2682 275 2705 aut
298 2677 411 2711 majoris
434 2676 519 2711 partis
543 2675 698 2710 opinionem
725 2674 817 2701 fuisse.
851 2674 895 2700 ‘Ev

115 2724 200 2759 ταύτῃ
218 2725 251 2759 τῇ
269 2723 355 2758 τροπῇ
376 2721 464 2748 τοίνυν
476 2721 524 2756 τὴν
538 2720 624 2756 ἀρχὴν
636 2719 726 2754 ἐπέχει
738 2718 785 2744 τοῦ
797 2719 897 2754 Καρκί-

116 2780 172 2798 νου.
190 2771 245 2797 Καὶ
264 2769 316 2795 ὑπὸ
332 2768 385 2795 τῶν
402 2767 522 2803 ἀρχαίων
536 2767 564 2793 δὲ
581 2764 774 2801 μαθηματικῶν
790 2765 897 2793 πάντων

119 2817 221 2852 σχεδὸν,
233 2816 249 2852 ἢ
263 2815 316 2842 τῶν
329 2815 460 2841 πλείστων
473 2813 565 2840 τοῦτον
577 2812 622 2839 τὸν
633 2812 732 2848 τρόπον
745 2813 759 2838 ὁ
769 2811 898 2843 ζωδιακὸς

120 2864 215 2895 κύκλος
228 2863 345 2898 διῄρητο.
366 2862 470 2897 Excipit
484 2861 635 2890 Eudoxum.
655 2860 702 2895 qui
726 2859 760 2885 τὰ
782 2859 898 2895 τροπικὰ

122 2912 219 2946 σημεῖα
238 2909 306 2938 κατὰ
322 2908 391 2944 μέσα
412 2907 444 2935 τὰ
459 2907 539 2939 cum
553 2906 650 2941 τίθη-ιι.
673 2904 834 2933 Ptolomaeus
850 2903 897 2930 lib.

935 1632 1065 1664 queretur
1074 1627 1178 1663 τροπὰς
1192 1627 1219 1654 in
1233 1631 1290 1653 toto
1301 1626 1407 1653 Cancro
1421 1625 1478 1652 fieri
1496 1633 1504 1651 :
1523 1623 1595 1659 quod
1610 1631 1663 1650 non
1674 1626 1717 1650 est

936 1677 989 1709 ita;
1017 1683 1078 1703 nam
1101 1675 1128 1702 in
1146 1669 1326 1702 uno'tantum
1352 1677 1453 1708 puncto
1488 1672 1560 1707 λόγῳ
1589 1669 1718 1706 θεωρητῷ

935 1720 1073 1748 accidunt.
1098 1720 1151 1748 Sed
1172 1728 1206 1748 ex
1230 1727 1263 1747 eo
1288 1718 1393 1746 Gemini
1417 1721 1575 1753 argumento
1596 1723 1650 1743 non
1674 1719 1718 1742 est

936 1774 1116 1802 consequens,
1143 1774 1203 1795 eam
1229 1765 1354 1797 Metonis,
1380 1764 1494 1795 Eudoxi,
1523 1768 1549 1791 et
1576 1763 1602 1790 id
1630 1770 1716 1799 genus

936 1819 1153 1842 astronomorum
1179 1813 1334 1848 opinionem
1360 1812 1453 1840 fuisse.
1474 1812 1530 1839 imo
1550 1819 1624 1842 vero,
1646 1811 1717 1845 quod

936 1860 1078 1888 Eudoxum
1102 1864 1216 1896 spectat,
1241 1860 1359 1887 alienum
1374 1859 1445 1886 hunc
1466 1858 1550 1887 fuisse
1563 1858 1598 1885 ab
1609 1858 1660 1886 hoc
1675 1866 1720 1887 cr-

936 1915 1007 1940 rore,
1029 1910 1126 1942 praeter
1146 1907 1202 1938 illa,
1227 1914 1287 1941 qua:
1310 1905 1391 1940 paulo
1413 1909 1476 1936 ante
1492 1904 1645 1935 retulimus,
1665 1904 1718 1930 alio

936 1953 996 1980 loco
1017 1951 1148 1979 Geminus
1172 1950 1243 1981 idem
1268 1955 1360 1986 aperte
1386 1950 1520 1986 signiﬁcat
1545 1957 1605 1984 cap.
1632 1949 1663 1975 Vl
1686 1949 1719 1976 de

936 1999 1087 2030 mensibus,
1102 1998 1149 2026 ubi
1168 1998 1326 2033 popularem
1347 1997 1490 2032 quamdam
1507 1996 1661 2031 opinionem
1677 2003 1721 2022 ca-

938 2045 1018 2079 stigat
1040 2043 1231 2070 arbitrantium
1255 2042 1308 2069 lsia
1329 2042 1400 2077 apud
1415 2041 1558 2076 Egyptios
1573 2041 1600 2067 in
1616 2039 1720 2067 Eudoxi

938 2089 1094 2125 χειμερινὰς
1114 2088 1217 2125 τροπὰς
1238 2088 1358 2117 incidere
1375 2098 1381 2115 :
1396 2088 1468 2123 quod
1484 2091 1546 2114 ante
1566 2094 1652 2113 annos
1668 2094 1719 2113 cxx

939 2135 1087 2171 contigisse
1103 2135 1211 2170 probat.
1230 2134 1314 2170 Igitur
1330 2134 1459 2161 Eudoxus
1474 2133 1616 2161 hibernum
1634 2133 1722 2161 solsti-

939 2181 1006 2208 tium
1023 2188 1077 2207 uno
1092 2180 1184 2215 aliquo
1198 2179 1242 2207 die
1257 2177 1484 2213 circumscripsit.

975 2227 1062 2262 Atque
1073 2230 1104 2253 ut
1115 2225 1267 2261 antiquiora
1281 2232 1388 2260 quoque
1398 2228 1522 2259 tempora
1531 2223 1721 2259 perstringam,

940 2277 1013 2300 certe
1038 2271 1182 2303 Hesiodus,
1199 2272 1372 2299 astronomiae
1396 2270 1510 2297 scientia
1535 2269 1721 2300 clarissimus,

941 2315 988 2350 qui
1001 2315 1086 2343 altero
1104 2318 1166 2350 post
1179 2315 1315 2342 excidium
1331 2315 1420 2349 Troia:
1437 2314 1536 2344 saeculo
1552 2314 1653 2345 ﬂoruit,
1669 2313 1724 2341 sol-

942 2361 1046 2390 stitium
1060 2365 1207 2395 utrumque
1225 2367 1394 2399 nequaquam
1411 2359 1438 2386 in
1455 2360 1520 2387 totis
1535 2360 1724 2387 dodecatemo-

941 2407 1000 2438 riis,
1015 2415 1046 2434 ac
1065 2407 1162 2434 diebus
1177 2407 1286 2434 circiter
1301 2406 1413 2433 tricenis
1435 2406 1578 2441 utrobique
1593 2405 1724 2433 committi

943 2453 1058 2480 censuit.
1076 2452 1176 2480 Scribit
1190 2452 1262 2479 enim
1285 2451 1331 2478 lib.
1349 2451 1370 2477 ll
1401 2451 1527 2486 Operum,
1544 2454 1605 2485 post
1618 2458 1650 2477 Lx
1667 2450 1724 2477 dies

944 2508 959 2527 a
983 2499 1103 2527 solstitio
1125 2498 1239 2526 hiberno
1255 2498 1401 2525 Arcturum
1421 2498 1487 2524 oriri
1509 2503 1612 2531 :quem
1636 2496 1724 2522 locum

945 2544 1129 2580 expendemus
1143 2547 1247 2578 postea.
1263 2542 1332 2569 Tum
1347 2543 1441 2570 eodem
1460 2542 1540 2573 libro,
1558 2541 1725 2576 quinquage-

944 2592 1014 2619 simo
1030 2591 1073 2619 die
1088 2594 1149 2626 post
1163 2590 1266 2626 τροπὰς
1286 2589 1392 2617 azstivas
1417 2591 1577 2615 autumnum
1596 2586 1633 2613 ait
1655 2586 1724 2615 inci-

945 2646 1008 2673 pere
1024 2648 1030 2664 :

983 2694 1098 2728 ’Ἤματα
1114 2691 1298 2724 πεντήκοντα
1308 2690 1381 2728 peni
1396 2688 1506 2722 τροπὰς
1518 2688 1646 2728 ⁵ιιξξςλίοιρ,

988 2722 1037 2761 Ἐξ*
1046 2727 1131 2761 τέλος
1148 2722 1289 2759 ἐλθόντος
1302 2722 1400 2761 θέρεος
1413 2723 1597 2761 κᾳμιιτώδεος
1610 2722 1697 2756 ὥρης,

988 2759 1100 2798 Ὡραῒος
1115 2759 1235 2789 suam
1249 2760 1367 2795 θνητοῖς
1380 2759 1482 2791 πλόος.

984 2830 1203 2865 Quinquagesimo
1219 2828 1262 2865 die
1274 2831 1331 2860 post
1347 2825 1500 2865 solstitium,

984 2860 1048 2891 (Tum
1061 2860 1190 2897 'ad'finem
1208 2863 1272 2890 venit
1290 2862 1389 2888 (calatis
1407 2860 1538 2887 laboriosa
1563 2864 1722 2894 (erupestal,_

987 2896 1145 2933 Tempestira
1158 2904 1195 2926 est
1211 2897 1365 2925 mortalibus
1381 2896 1520 2930 navigatio.

1631 194 1733 222 Ιὸωκ
