1900 3137
205 191 275 221 Ιῗιῧδ

691 189 736 216 AD
756 189 887 217 EUSEBII
906 189 1102 219 CHRONlCON
1118 190 1297 220 APPENDIX.

1752 190 1827 219 1564

241 251 304 278 Haec
316 250 349 277 ad
356 249 565 277 convincendarn
577 247 765 284 Scaligerianaa
778 248 918 275 sententia:
933 247 982 274 fal-
994 251 1021 280 Α
1033 256 1110 283 atquo
1129 253 1232 276 remota
1245 249 1300 276 sint
1313 255 1327 274 a
1342 247 1476 276 solstitiali
1491 252 1604 284 puncto.
1621 248 1658 275 At
1678 255 1764 276 secus
1782 257 1828 276 res

202 297 324 328 sitatem,
339 299 366 323 et
385 295 479 322 idonea
503 299 577 327 sunt.
593 299 620 322 et
644 294 796 321 necessaria
812 293 931 325 fuerunt,
947 302 981 320 ne

203 342 268 377 quis
293 347 392 368 temere
416 340 573 367 stoliditatis
592 343 671 366 tanue
685 346 745 366 reos
759 342 898 373 perageret
912 338 981 365 anti-

205 394 274 422 quos
290 387 349 414 illos
363 391 549 418 astronornos;
568 386 718 420 przesertim
734 385 877 416 Metonem,
889 384 983 412 Eucte-

205 441 322 464 monem,
337 432 488 464 Eudoxum,
506 437 620 459 cmtcros
635 431 751 467 denique
770 431 803 458 ad
825 430 982 459 Eratosthe-

205 487 265 507 nem
278 483 306 506 et
321 478 514 513 Hipparchum.

500 546 613 576 CAPUT
633 546 688 574 VII.

202 606 242 633 De
269 605 420 632 cardinibus
449 609 562 632 veterum
586 605 714 631 sententia
729 609 820 631 contra
846 603 982 631 Geminum

237 641 353 675 defensa.
369 640 449 674 Signa
467 641 634 672 imperantia,
652 640 839 675 auscultantia,
856 639 979 675 ridentia,

236 673 431 705 eI'Ptolema’i,
448 675 528 702 Pauli
550 675 733 705 Alexandrini.
751 674 856 701 Manilii
872 679 896 700 et
917 673 981 700 Fir-

236 712 298 738 mici
316 710 462 737 rationibus
479 710 619 743 explicata.
638 709 708 736 Mira
727 711 754 736 in
769 710 810 736 his
827 714 851 736 et
873 709 983 736 Firmici

236 746 293 774 loco
307 745 477 772 Itallucinatio
494 744 633 780 Scaligeri.

237 802 290 830 Sed
313 807 343 830 ut
364 807 485 832 veterum
507 802 540 830 de
561 803 719 830 cardinibus
739 802 874 830 sententia
895 802 981 838 magis

202 849 363 881 illustratur,
378 852 435 875 tum
455 849 541 876 multa
557 849 590 876 ad
606 848 676 877 idem
696 850 833 884 negotium
854 852 981 883 spectan-

201 896 248 928 tia,
272 902 322 922 nec
349 894 460 929 indigna
485 894 555 921 scitu
575 894 663 922 obiter
675 895 854 930 explicentur,
874 893 981 921 Gemini

201 941 278 968 locus
298 940 344 968 ille
369 939 523 967 accuratius
546 940 722 974 explicandus
743 944 794 967 est.
819 939 981 975 Quadrupli-

201 993 260 1012 cem
284 984 423 1020 signorum
442 984 527 1017 τάξιν,
546 985 593 1011 καὶ
611 984 683 1011 θέσιν
697 992 836 1019 exponens
852 984 981 1012 Geminus

201 1029 274 1064 (pag.
290 1028 327 1064 6),
343 1034 469 1063 quartam
485 1029 601 1064 appellat
613 1036 684 1061 eam,
697 1037 757 1064 quze
771 1029 840 1056 κατὰ
853 1030 982 1064 συζυγίαν

201 1074 319 1106 dicitur;
334 1081 414 1108 quam
429 1082 523 1101 eorum
540 1074 680 1109 signorum
696 1083 757 1102 esse
772 1075 860 1107 docet,
875 1083 935 1110 qua:
949 1084 982 1103 ex

201 1119 296 1146 eodem
315 1120 441 1147 oriuntur
460 1120 529 1152 loco,
551 1125 578 1148 et
597 1121 624 1147 in
645 1121 740 1149 eodem
757 1121 885 1149 occidunt
901 1134 908 1149 ;
925 1122 982 1150 sive

202 1172 261 1199 qum
276 1164 372 1192 iisdem
386 1165 521 1200 parallclis
536 1166 723 1200 includuntur,
739 1171 769 1193 ut
789 1171 852 1194 sunt
876 1167 982 1194 Cancer

201 1213 229 1236 et
247 1208 363 1242 Gemini,
381 1209 564 1245 Capricornus
584 1215 611 1238 et
631 1211 803 1247 Sagittarius,
825 1220 856 1239 ac
873 1217 980 1246 caetera,

189 1261 262 1288 quae
273 1262 305 1282 ex
321 1262 399 1290 tequo
411 1256 513 1283 distant
524 1256 558 1283 ab
574 1257 704 1284 alterutro
716 1262 877 1292 punctorum
891 1258 982 1285 solsti-

202 1300 318 1329 tialium.
342 1301 371 1328 In
393 1309 447 1336 quo
465 1306 570 1329 veteres
587 1302 771 1337 reprehendit,
785 1303 831 1337 qui
846 1303 981 1330 Cancrum

200 1354 263 1374 cum
286 1347 361 1374 nullo
381 1348 435 1375 alio
457 1347 585 1382 συζυγίαν
603 1348 703 1376 habere
724 1349 870 1384 putabant;
895 1358 982 1385 neque

200 1391 406 1427 Capricornum,
417 1393 463 1421 sed
476 1393 570 1420 ambos
584 1395 724 1429 μοναχοὺς,
736 1398 762 1422 et
775 1394 891 1429 ἀζύγους
900 1403 960 1422 esse
973 1404 980 1422 :

200 1440 299 1474 quippe
321 1446 384 1466 cum
408 1440 494 1475 signis
517 1440 643 1468 omnibus
665 1440 801 1468 borealius
820 1441 933 1474 oriatur,
955 1445 982 1468 et

200 1485 306 1512 occidat
314 1484 433 1517 Cancer,
446 1485 629 1520 Capricornus
642 1490 732 1513 autem
744 1487 902 1514 australius.
913 1486 980 1514 Nam

200 1531 305 1558 nullum
321 1534 372 1563 est,
388 1531 460 1566 quod
474 1538 607 1566 peraeque,
621 1537 650 1559 ut
668 1531 721 1559 ista
735 1531 799 1564 duo,
816 1533 848 1560 ad
869 1533 980 1560 boream

201 1580 359 1603 austrumve
380 1575 512 1604 deﬂectat.
538 1576 630 1611 Itaque
658 1577 764 1604 duobus
789 1578 823 1605 iis
849 1579 978 1614 exceptis,
994 1592 1015 1620 ο

201 1621 306 1657 reliqua
321 1624 412 1650 decem
429 1623 465 1650 ita
480 1624 684 1658 comparabant.

996 918 1017 946 Β

351 1690 456 1727 Syzyga
475 1691 553 1728 signa
568 1691 710 1719 secundum
728 1697 834 1720 veteres.

374 1749 480 1776 Cancer

372 1783 474 1818 ἄζυγος

374 1818 482 1846 Gemini
586 1823 614 1848 et
684 1820 739 1848 Leo

374 1854 483 1891 Taurus
586 1859 613 1883 et
682 1855 765 1891 Virgo

374 1889 453 1917 Aries
589 1895 616 1918 et
686 1889 767 1918 Libra

375 1924 470 1952 Pisces
590 1930 618 1953 et
689 1925 818 1960 Scorpius

375 1960 512 1997 Aquarius
589 1965 617 1989 et
688 1961 850 1997 Sagittarius

375 1995 558 2029 Capricornus

376 2030 475 2065 ἄζυγος

336 2095 441 2132 Syzyga
455 2097 531 2132 signa
545 2094 688 2123 secundum
703 2096 848 2124 Geminum.

375 2152 483 2180 Gemini
659 2154 765 2182 Cancer

377 2187 485 2216 Taurus
660 2188 715 2216 Leo

377 2224 456 2258 Aries
662 2223 744 2258 Virgo

376 2257 470 2286 Pisces
662 2257 743 2286 Libra

376 2292 512 2329 Aquarius
665 2294 796 2329 Scorpius

377 2327 559 2362 Capricornus
666 2327 839 2364 Sagittarius.

237 2381 267 2409 in
281 2385 397 2417 utroque
410 2383 605 2419 diagrammate
617 2387 764 2415 discrimen
778 2387 830 2414 hoc
844 2388 964 2415 cernitur
973 2409 980 2420 ,

203 2428 275 2464 quod
291 2428 357 2456 illud
370 2432 491 2457 veterum
511 2434 634 2468 syzygias
649 2433 718 2462 inter
733 2441 764 2461 ca
779 2434 855 2469 signa
871 2438 980 2466 statuat,

203 2481 264 2509 qua:
286 2472 426 2510 aequaliter
448 2473 550 2502 distant
571 2483 587 2503 a
609 2478 675 2505 totis
701 2478 787 2514 signis
811 2479 932 2514 tropieis,
956 2480 982 2506 in

203 2520 290 2548 altero
311 2520 413 2555 σύζυγα
433 2521 509 2556 signa
527 2523 665 2557 aequaliter
681 2532 696 2550 a
713 2526 820 2559 punctis
843 2526 909 2560 ipsis
928 2531 983 2552 tro-

203 2565 272 2600 picis
292 2566 400 2594 absunt.
422 2566 551 2594 Geminus
576 2568 702 2604 antiquos
727 2570 835 2602 refellit.
860 2572 931 2607 quod
950 2580 982 2599 ex

203 2619 297 2639 eorum
325 2612 430 2640 ratione
456 2620 628 2649 consequens
654 2615 694 2646 ﬁt.
727 2616 843 2644 solstitia
872 2618 899 2644 in
926 2621 983 2644 toto

204 2655 423 2686 dodecatemorio
442 2658 539 2686 Cancri
560 2660 726 2695 contingere.
747 2661 813 2689 Nam
829 2671 891 2690 cum
906 2665 983 2699 signa

204 2703 341 2738 comparia
358 2705 422 2737 sint,
442 2713 503 2740 qua:
522 2713 556 2734 ex
578 2705 672 2734 eodem
695 2706 754 2735 loco
772 2713 849 2736 ortus
864 2717 928 2736 suos
943 2709 984 2736 fa-

204 2749 290 2781 ciunt,
305 2754 332 2777 et
353 2750 379 2777 in
393 2752 519 2779 eumdem
539 2752 684 2786 occidunt;
701 2757 731 2780 ut
749 2751 852 2781 Gemini
878 2761 909 2782 ac
929 2754 983 2782 Leo

206 2793 243 2820 ita
268 2802 298 2822 se
320 2795 445 2828 habeant.
468 2805 580 2826 necesse
605 2803 647 2827 est
669 2799 788 2834 aequales
803 2799 832 2826 in
856 2799 910 2827 illis
923 2808 984 2828 esse

205 2837 279 2872 dies,
298 2838 350 2868 hoc
365 2845 406 2869 est
421 2843 611 2877 paralletorum
630 2850 768 2880 segmenta
785 2854 868 2882 supra
893 2847 982 2875 ﬁnito-

206 2891 264 2912 rem
281 2884 373 2913 eadem
390 2896 397 2914 :
417 2889 487 2924 quod
509 2890 587 2918 aliter
601 2891 659 2919 ﬁeri
676 2893 779 2927 nequit,
803 2901 884 2928 quam
907 2895 929 2922 si
950 2903 982 2922 cx

1032 295 1129 329 habet;
1143 303 1206 322 nam
1217 294 1391 322 Geminorum
1405 299 1553 323 extremum
1565 300 1609 323 est
1625 296 1717 330 ipsum
1731 295 1827 323 solsti-

1032 341 1096 368 tiale
1122 345 1270 376 punctum;
1297 340 1397 368 Leonis
1420 345 1520 374 autem,
1551 341 1699 375 sexagenis
1727 341 1766 368 ab
1791 349 1826 368 αι

1031 386 1160 421 gradibus
1179 387 1272 414 distat.
1287 385 1405 421 ldipsum
1417 387 1444 413 in
1459 387 1541 414 Libra
1555 391 1583 414 et
1598 387 1695 414 Ariete
1716 387 1825 415 clarius

1031 431 1069 458 ait
1085 431 1201 464 ostendi,
1219 439 1279 467 quae
1294 432 1348 459 duo
1362 439 1460 467 syzyga
1474 432 1627 465 faciebant;
1644 433 1721 467 atqui
1738 432 1825 459 Libra

1032 476 1117 503 multo
1130 484 1211 511 quam
1226 478 1304 504 Aries
1318 477 1463 504 australius
1477 479 1574 509 oritur,
1588 481 1616 505 et
1631 477 1748 505 occidit.
1760 477 1825 505 Hac

1032 521 1170 550 Geminus.

1067 566 1165 595 Verum
1182 568 1260 603 longe
1276 568 1368 600 aliam,
1383 575 1463 603 quam
1478 567 1583 603 putavit
1596 567 1743 600 Geminus,
1761 568 1820 602 pri-

1032 619 1140 640 scorum
1163 613 1414 640 mathematicorum
1438 613 1571 641 rationem
1597 613 1701 645 fuisse,
1726 621 1820 648 neque

1031 661 1105 685 recte
1129 658 1163 684 ab
1183 658 1230 685 illo
1250 658 1430 693 reprehensos
1453 666 1513 687 esse
1530 666 1694 694 persuasum
1717 659 1819 686 habeo.

1031 702 1091 730 Non
1106 703 1179 730 enim
1194 703 1241 739 qui
1262 704 1314 731 hoc
1330 704 1488 732 asserebant
1502 704 1651 732 cardinalia
1666 708 1773 739 puncta
1792 707 1819 732 in

1031 747 1099 782 ipsis
1121 748 1260 783 signorum
1284 749 1380 782 initiis,
1404 749 1451 777 sed
1471 750 1499 776 in
1519 749 1627 782 mediis,
1651 750 1706 778 hoc
1727 754 1773 777 est
1792 751 1818 778 in

1031 794 1117 829 gradu
1138 794 1243 822 decimo
1267 795 1362 830 quinto
1382 795 1552 823 collocabant
1573 805 1580 823 :
1603 804 1687 831 quam
1711 796 1818 823 Eudoxi

1032 839 1117 867 fuisse
1143 840 1304 867 sententiam
1329 840 1499 876 Hipparchus
1522 841 1678 875 asserebat,
1705 841 1740 868 de
1766 848 1819 876 quo

1031 893 1081 913 nos
1107 892 1166 920 cap.
1193 884 1226 912 ιν
1243 885 1333 914 fusius
1351 886 1466 922 egimus.
1484 886 1572 921 Atque
1586 890 1616 913 ut
1636 886 1746 913 Eudoxi
1766 894 1820 913 non

1032 929 1123 962 fuerit,
1146 938 1240 958 eorum
1261 936 1383 959 veterum
1399 936 1473 959 certe
1496 931 1556 965 fuit,
1573 932 1620 966 qui
1643 933 1692 963 ita,
1715 936 1746 959 ut
1769 932 1820 960 Ge-

1031 977 1123 1004 minus
1145 977 1251 1009 scribit,
1264 977 1402 1012 comparia
1425 977 1496 1004 inter
1511 985 1540 1005 se
1555 978 1632 1012 signa
1655 985 1822 1012 composite.

1031 1025 1105 1049 runt.
1131 1021 1188 1048 lloc
1209 1022 1282 1049 enim
1305 1021 1385 1049 modo
1407 1023 1578 1050 verissimum
1599 1022 1662 1054 erit,
1681 1022 1757 1057 quod
1781 1022 1820 1049 illi

1031 1072 1136 1096 veteres
1161 1068 1311 1103 putabant,
1340 1076 1438 1104 syzyga
1464 1076 1525 1096 esse
1550 1069 1627 1104 signa
1653 1068 1767 1095 Libram
1794 1072 1820 1095 et

1030 1114 1160 1147 Arieteiu,
1177 1115 1250 1149 quod
1266 1123 1299 1142 ex
1311 1122 1389 1149 aequo
1400 1115 1532 1142 distarent
1544 1115 1578 1141 ab
1590 1118 1711 1149 utroque
1727 1115 1819 1141 solsti-

1030 1159 1078 1193 tio,
1101 1160 1157 1188 sive
1179 1168 1194 1187 a
1212 1160 1318 1188 decimo
1332 1161 1427 1196 quinto
1441 1160 1525 1196 gradu
1548 1159 1647 1187 Cancri
1671 1164 1700 1187 et
1722 1160 1818 1193 Capri-

1030 1207 1118 1234 corni.
1144 1207 1213 1234 Tum
1242 1208 1268 1236 id
1292 1216 1461 1244 consequens
1482 1212 1537 1241 est,
1563 1216 1708 1243 perperam
1729 1217 1764 1236 ex
1787 1216 1817 1235 ea

1029 1257 1152 1281 veterum
1164 1253 1302 1289 opinione,
1318 1263 1398 1290 quam
1413 1255 1504 1287 refert,
1519 1255 1711 1289 improbatque
1725 1255 1816 1282 Gemi-

1029 1307 1092 1330 nus.
1108 1300 1275 1327 conclusisse
1298 1300 1466 1336 Scaligerum
1481 1300 1525 1335 (In
1538 1300 1648 1333 Hanil.,
1665 1309 1729 1336 pag.
1743 1301 1816 1336 157).

1030 1345 1103 1380 quod
1132 1346 1222 1380 capite
1250 1346 1420 1374 antecedenti
1450 1347 1585 1380 diximus;
1618 1347 1727 1382 priscos
1756 1347 1818 1374 illos

1029 1391 1134 1427 τροπὰς
1156 1397 1183 1419 et
1208 1392 1325 1419 solstitia
1346 1392 1375 1419 in
1390 1393 1453 1420 totis
1471 1393 1583 1428 triginta
1598 1393 1743 1428 gradibus,
1763 1400 1818 1420 non

1029 1437 1058 1464 in
1081 1442 1182 1472 puncto
1205 1438 1297 1473 aliquo
1310 1438 1381 1474 λόγῳ
1393 1439 1521 1475 θεωρητῷ
1538 1441 1679 1473 statuisse,
1700 1441 1729 1468 id
1742 1442 1817 1468 enim

1029 1481 1099 1509 falso
1122 1483 1275 1518 suspicatus
1297 1487 1349 1516 est,
1383 1492 1470 1519 neque
1490 1492 1600 1512 causam
1624 1486 1732 1518 habuit,
1769 1494 1817 1513 cur

1030 1526 1082 1554 hoc
1108 1528 1160 1555 sibi
1186 1533 1341 1557 commento
1367 1530 1486 1565 placeret
1504 1531 1581 1563 adeo,
1600 1535 1630 1559 ut
1652 1532 1714 1566 ejus
1734 1533 1817 1560 insci-

1031 1572 1095 1599 tiam
1116 1573 1315 1601 mathematicis
1343 1575 1528 1609 exprobraret.
1551 1576 1648 1603 Mirum
1665 1585 1733 1604 vero
1757 1585 1817 1612 por-

1031 1619 1136 1644 tentum
1160 1617 1212 1644 hoc
1235 1618 1338 1646 erroris
1364 1618 1476 1648 Eudoxo
1505 1622 1540 1647 ab
1566 1621 1662 1649 eodem
1684 1622 1816 1657 impingi,

1031 1662 1085 1689 imo
1109 1667 1246 1691 auctorem
1266 1664 1338 1692 illius
1351 1664 1492 1693 Eudoxum
1512 1668 1610 1695 asseri.
1627 1667 1657 1695 ln
1675 1675 1732 1703 quo
1747 1670 1818 1696 mul-

1031 1708 1114 1744 tiplex
1136 1713 1178 1737 est
1203 1710 1363 1745 ἀπροσεξία.
1387 1711 1454 1739 Nam
1475 1713 1498 1740 si
1521 1712 1651 1742 Eudoxus
1667 1715 1695 1742 in
1711 1716 1814 1744 decim:

1030 1753 1126 1788 quinto
1144 1754 1229 1789 gradu
1246 1755 1343 1782 Cancri
1366 1757 1467 1792 τρππὰς
1485 1758 1594 1786 aestivas
1609 1759 1667 1786 ﬁeri
1693 1760 1814 1795 scripsit,

1030 1797 1158 1826 hibernas
1181 1798 1209 1827 in
1234 1799 1395 1835 Capricorni
1418 1802 1525 1830 decimo
1541 1805 1647 1838 quinto,
1670 1806 1814 1841 utrobique

1031 1844 1127 1872 mediis
1150 1845 1178 1872 in
1202 1846 1305 1880 signis,
1327 1847 1409 1882 idque
1432 1848 1518 1883 ipsius
1535 1848 1640 1878 Eudoxi
1657 1852 1815 1880 testimonio

1031 1893 1156 1916 constare
1170 1890 1241 1924 apud
1256 1889 1438 1926 Hipparchum
1455 1897 1531 1927 putat
1540 1893 1680 1929 Scaliger;
1692 1897 1815 1930 quinam,

1030 1933 1155 1965 obsecro,
1167 1941 1377 1964 consentaneum
1392 1943 1444 1970 est,
1454 1938 1481 1965 in
1493 1943 1550 1966 toto
1561 1941 1640 1975 signo
1652 1943 1816 1970 constitutas

1031 1980 1065 2007 ab
1081 1980 1126 2007 illo
1146 1981 1249 2017 τροπὰς
1268 1982 1370 2010 fuisse?
1386 1983 1426 2011 Ad
1444 1984 1502 2011 inec
1515 1985 1539 2012 si
1554 1986 1682 2022 princeps
1700 1987 1738 2014 ita
1753 1996 1815 2015 sen-

1031 2025 1067 2052 sit
1095 2025 1240 2059 Eudoxus,
1264 2035 1317 2055 non
1343 2036 1407 2064 ergo
1430 2029 1540 2063 Metoni,
1565 2038 1597 2058 ac
1618 2033 1814 2061 vetustioribus

1031 2072 1102 2104 aliis,
1118 2073 1164 2107 qui
1183 2073 1324 2101 Eudoxum
1349 2078 1564 2110 antecesserunt,
1583 2077 1635 2106 hoc
1655 2078 1746 2113 ipsum
1771 2087 1815 2107 re-

1030 2118 1071 2144 nit.
1084 2118 1111 2144 in
1125 2124 1241 2146 mentem
1257 2128 1263 2146 :
1280 2120 1351 2154 quod
1363 2125 1453 2149 tamen
1467 2121 1593 2150 universe
1605 2123 1639 2151 de
1653 2125 1814 2159 antiquitate

1030 2165 1104 2191 omni
1120 2169 1222 2193 temere
1238 2167 1432 2201 pronuntiabat
1446 2167 1574 2204 Scaliger.
1586 2169 1720 2198 Eradatur
1734 2172 1814 2207 igitur

1031 2217 1064 2238 ex
1085 2211 1158 2237 omni
1177 2211 1328 2239 litterarum
1344 2213 1475 2240 memoria
1490 2213 1642 2243 fwdissima
1665 2216 1718 2244 ista
1739 2217 1813 2245 labes

996 2261 1018 2288 ι)
1032 2254 1177 2288 opinionis,
1192 2264 1272 2291 quam
1287 2256 1331 2284 ille
1345 2257 1464 2292 ἀκρίτως
1478 2257 1506 2285 in
1525 2258 1667 2287 Eudoxum
1697 2268 1729 2289 2c
1740 2266 1814 2288 vete-

1034 2309 1079 2329 res
1102 2307 1272 2331 astronomos
1295 2312 1378 2332 ausus
1398 2310 1440 2332 est
1461 2305 1595 2333 conferre.
1615 2306 1669 2334 Sed
1687 2315 1738 2335 nec
1760 2308 1814 2336 Ge-

1034 2347 1102 2375 mini
1118 2350 1260 2384 castigatio
1281 2358 1330 2378 nos
1349 2351 1394 2378 illa
1411 2351 1542 2385 delectet;
1562 2357 1657 2379 contra
1670 2361 1752 2388 quam
1766 2362 1812 2389 pa-

1034 2394 1164 2421 trocinari
1181 2396 1300 2431 antiquis
1315 2395 1369 2424 illis
1383 2405 1464 2432 quam
1485 2397 1567 2425 facile
1583 2405 1743 2433 possumus,
1759 2404 1809 2427 tam

1034 2440 1130 2467 merito
1139 2441 1286 2469 .debemus.

1071 2485 1115 2513 Sic
1136 2487 1162 2513 in
1184 2487 1307 2515 antisciis
1322 2493 1443 2515 veterum
1458 2497 1489 2516 ex
1507 2489 1601 2516 eodem
1619 2489 1697 2518 fonte
1713 2493 1809 2520 erroris

1034 2533 1209 2566 explicandis,
1226 2541 1258 2562 ac
1271 2533 1446 2562 traducendis
1461 2534 1569 2569 impune
1584 2536 1650 2563 lusit
1670 2536 1788 2572 Scaliger
1798 2558 1806 2569 ,

1033 2585 1092 2613 qua:
1105 2578 1212 2613 quidem
1227 2583 1410 2608 consentanee
1424 2580 1457 2608 iis
1472 2589 1530 2616 quae
1545 2589 1595 2616 pro
1608 2583 1737 2616 opinione
1754 2583 1807 2610 illo-

1032 2631 1094 2650 rum
1107 2623 1281 2656 adduximus,
1292 2624 1425 2652 veriorem
1440 2626 1473 2652 ad
1488 2633 1595 2652 sensum
1609 2627 1807 2654 accommodare

1033 2669 1106 2697 licet.
1126 2669 1203 2702 Quod
1222 2674 1251 2697 ut
1267 2670 1384 2698 breviter
1399 2671 1454 2704 ﬁat,
1475 2672 1556 2706 paulo
1569 2672 1651 2699 altius
1665 2674 1805 2708 repetenda

1033 2722 1078 2742 res
1097 2715 1158 2742 erit.

1067 2760 1108 2787 Ex
1129 2761 1276 2789 vanissima
1295 2762 1348 2789 τῶν
1364 2763 1616 2798 ἀποτελεσματικῶν
1633 2764 1748 2794 ratione.
1763 2763 1804 2791 do-

1033 2804 1212 2834 decatemoria
1237 2807 1339 2835 zodiaci
1362 2809 1452 2837 varias
1471 2809 1541 2837 inter
1561 2817 1590 2837 se
1618 2810 1736 2845 σχέσεις,
1755 2810 1804 2837 sive

1035 2853 1239 2887 σχηματισμοὺς
1261 2853 1371 2886 habent,
1393 2862 1462 2888 quos
1482 2859 1607 2890 aspertus
1625 2855 1706 2890 vulgo
1724 2855 1803 2882 nomi-

1035 2901 1108 2923 nant.
1125 2897 1163 2924 Ex
1183 2898 1281 2932 quibus
1295 2905 1341 2926 eos
1353 2899 1483 2926 duntaxat
1501 2899 1552 2926 hoc
1575 2899 1634 2927 loco
1653 2900 1802 2935 seligemus.
