  <div class='ocr_page' id='page_1' title='image "/cluster/home/n/w/nwhite01/storage/ocr_20150623/19/njp.32101077772463/760.png"; bbox 0 0 1900 3137; ppageno 0'>
   <div class='ocr_carea' id='block_1_1' title="bbox 81 196 164 231">
    <p class='ocr_par' dir='ltr' id='par_1_1' title="bbox 81 196 164 231">
     <span class='ocr_line' id='line_1_1' title="bbox 81 196 164 231; baseline -0.024 0"><span class='ocrx_word' id='word_1_1' title='bbox 81 200 108 231; x_wconf 73' lang='grc'><strong>1</strong></span> <span class='ocrx_word' id='word_1_2' title='bbox 113 196 164 230; x_wconf 74' lang='lat'><strong>365</strong></span> 
     </span>
    </p>
   </div>
   <div class='ocr_carea' id='block_1_2' title="bbox 497 183 1290 222">
    <p class='ocr_par' dir='ltr' id='par_1_2' title="bbox 497 183 1290 222">
     <span class='ocr_line' id='line_1_2' title="bbox 497 183 1290 222; baseline -0.016 0"><span class='ocrx_word' id='word_1_3' title='bbox 497 192 723 222; x_wconf 76' lang='lat' dir='ltr'><strong>DISSERTATIO</strong></span> <span class='ocrx_word' id='word_1_4' title='bbox 740 191 786 218; x_wconf 85' lang='lat' dir='ltr'><strong>DE</strong></span> <span class='ocrx_word' id='word_1_5' title='bbox 802 188 895 218; x_wconf 78' lang='lat' dir='ltr'><strong>OBTU</strong></span> <span class='ocrx_word' id='word_1_6' title='bbox 911 187 954 215; x_wconf 82' lang='lat' dir='ltr'><strong>ET</strong></span> <span class='ocrx_word' id='word_1_7' title='bbox 974 184 1108 215; x_wconf 84' lang='lat' dir='ltr'><strong>OCCASU</strong></span> <span class='ocrx_word' id='word_1_8' title='bbox 1128 183 1290 213; x_wconf 82' lang='lat' dir='ltr'><strong>SIDERUM.</strong></span> 
     </span>
    </p>
   </div>
   <div class='ocr_carea' id='block_1_3' title="bbox 1628 179 1698 208">
    <p class='ocr_par' dir='ltr' id='par_1_3' title="bbox 1628 179 1698 208">
     <span class='ocr_line' id='line_1_3' title="bbox 1628 179 1698 208; baseline 0 0"><span class='ocrx_word' id='word_1_9' title='bbox 1628 179 1698 208; x_wconf 73' lang='lat' dir='ltr'><strong>I366</strong></span> 
     </span>
    </p>
   </div>
   <div class='ocr_carea' id='block_1_4' title="bbox 83 239 1697 298">
    <p class='ocr_par' dir='ltr' id='par_1_4' title="bbox 83 239 1697 298">
     <span class='ocr_line' id='line_1_4' title="bbox 83 239 1697 298; baseline -0.014 -9"><span class='ocrx_word' id='word_1_10' title='bbox 83 262 141 298; x_wconf 84' lang='lat' dir='ltr'><strong>qui</strong></span> <span class='ocrx_word' id='word_1_11' title='bbox 157 261 191 288; x_wconf 91' lang='lat' dir='ltr'><strong>ad</strong></span> <span class='ocrx_word' id='word_1_12' title='bbox 210 259 345 295; x_wconf 72' lang='lat' dir='ltr'><strong>negotium</strong></span> <span class='ocrx_word' id='word_1_13' title='bbox 358 261 481 285; x_wconf 85' lang='lat' dir='ltr'><strong>nostrum</strong></span> <span class='ocrx_word' id='word_1_14' title='bbox 495 255 639 291; x_wconf 89' lang='lat' dir='ltr'><strong>pertinent,</strong></span> <span class='ocrx_word' id='word_1_15' title='bbox 656 252 813 280; x_wconf 82' lang='lat' dir='ltr'><strong>auctoribus</strong></span> <span class='ocrx_word' id='word_1_16' title='bbox 825 251 873 278; x_wconf 70' lang='lat' dir='ltr'><strong>ad-</strong></span> <span class='ocrx_word' id='word_1_17' title='bbox 888 255 910 283; x_wconf 73' lang='grc' dir='ltr'>Α</span> <span class='ocrx_word' id='word_1_18' title='bbox 924 248 1036 298; x_wconf 48' lang='lat' dir='ltr'><strong>deme:</strong></span> <span class='ocrx_word' id='word_1_19' title='bbox 1051 245 1200 298; x_wconf 71' lang='lat' dir='ltr'><strong>horizontis</strong></span> <span class='ocrx_word' id='word_1_20' title='bbox 1217 239 1339 298; x_wconf 67' lang='lat' dir='ltr'><strong>partibus</strong></span> <span class='ocrx_word' id='word_1_21' title='bbox 1361 243 1539 298; x_wconf 45' lang='lat' dir='ltr'><strong>oriantur,&#39;et~</strong></span> <span class='ocrx_word' id='word_1_22' title='bbox 1556 240 1585 268; x_wconf 79' lang='lat' dir='ltr'><strong>in</strong></span> <span class='ocrx_word' id='word_1_23' title='bbox 1602 240 1697 298; x_wconf 49' lang='lat' dir='ltr'><strong>lismdem</strong></span> 
     </span>
    </p>
   </div>
   <div class='ocr_carea' id='block_1_5' title="bbox 86 297 872 335">
    <p class='ocr_par' dir='ltr' id='par_1_5' title="bbox 86 297 872 335">
     <span class='ocr_line' id='line_1_5' title="bbox 86 297 872 335; baseline -0.015 0"><span class='ocrx_word' id='word_1_24' title='bbox 86 297 188 334; x_wconf 60' lang='lat' dir='ltr'><strong>laibitis</strong></span> <span class='ocrx_word' id='word_1_25' title='bbox 210 305 354 332; x_wconf 72' lang='lat' dir='ltr'><strong>Ptolemaeo</strong></span> <span class='ocrx_word' id='word_1_26' title='bbox 376 304 402 330; x_wconf 94' lang='lat' dir='ltr'><strong>in</strong></span> <span class='ocrx_word' id='word_1_27' title='bbox 425 301 574 329; x_wconf 81' lang='lat' dir='ltr'><strong>Tetrubiblo</strong></span> <span class='ocrx_word' id='word_1_28' title='bbox 588 300 644 335; x_wconf 91' lang='lat' dir='ltr'><strong>(lib.</strong></span> <span class='ocrx_word' id='word_1_29' title='bbox 664 299 696 334; x_wconf 86' lang='lat' dir='ltr'><strong>l),</strong></span> <span class='ocrx_word' id='word_1_30' title='bbox 711 298 795 325; x_wconf 87' lang='lat' dir='ltr'><strong>Paulo</strong></span> <span class='ocrx_word' id='word_1_31' title='bbox 809 297 872 324; x_wconf 79' lang='lat' dir='ltr'><strong>Ale-</strong></span> 
     </span>
    </p>
   </div>
   <div class='ocr_carea' id='block_1_6' title="bbox 89 344 875 383">
    <p class='ocr_par' dir='ltr' id='par_1_6' title="bbox 89 344 875 383">
     <span class='ocr_line' id='line_1_6' title="bbox 89 344 875 383; baseline -0.013 -3"><span class='ocrx_word' id='word_1_32' title='bbox 89 352 241 383; x_wconf 80' lang='lat' dir='ltr'><strong>xandrino,</strong></span> <span class='ocrx_word' id='word_1_33' title='bbox 268 349 387 380; x_wconf 82' lang='lat' dir='ltr'><strong>Manilio,</strong></span> <span class='ocrx_word' id='word_1_34' title='bbox 422 352 449 375; x_wconf 83' lang='lat' dir='ltr'><strong>et</strong></span> <span class='ocrx_word' id='word_1_35' title='bbox 473 347 602 374; x_wconf 82' lang='lat' dir='ltr'><strong>Firmico.</strong></span> <span class='ocrx_word' id='word_1_36' title='bbox 630 345 714 380; x_wconf 79' lang='lat' dir='ltr'><strong>Igitur</strong></span> <span class='ocrx_word' id='word_1_37' title='bbox 736 344 812 378; x_wconf 81' lang='lat' dir='ltr'><strong>signa</strong></span> <span class='ocrx_word' id='word_1_38' title='bbox 828 347 875 370; x_wconf 91' lang='lat' dir='ltr'><strong>aut</strong></span> 
     </span>
    </p>
   </div>
   <div class='ocr_carea' id='block_1_7' title="bbox 88 393 874 430">
    <p class='ocr_par' dir='ltr' id='par_1_7' title="bbox 88 393 874 430">
     <span class='ocr_line' id='line_1_7' title="bbox 88 393 874 430; baseline -0.014 -3"><span class='ocrx_word' id='word_1_39' title='bbox 88 403 161 427; x_wconf 86' lang='lat' dir='ltr'><strong>sunt</strong></span> <span class='ocrx_word' id='word_1_40' title='bbox 184 399 280 430; x_wconf 71' lang='grc' dir='ltr'>οἰκεῖα,</span> <span class='ocrx_word' id='word_1_41' title='bbox 307 405 317 422; x_wconf 85' lang='grc'><strong>‹</strong></span> <span class='ocrx_word' id='word_1_42' title='bbox 335 395 488 427; x_wconf 81' lang='lat' dir='ltr'><strong>familiaria,</strong></span> <span class='ocrx_word' id='word_1_43' title='bbox 505 403 514 419; x_wconf 77' lang='grc' dir='ltr'><strong>ι</strong></span> <span class='ocrx_word' id='word_1_44' title='bbox 535 393 592 421; x_wconf 87' lang='lat' dir='ltr'><strong>sive</strong></span> <span class='ocrx_word' id='word_1_45' title='bbox 619 402 628 418; x_wconf 77' lang='grc' dir='ltr'><strong>ε</strong></span> <span class='ocrx_word' id='word_1_46' title='bbox 648 395 776 427; x_wconf 83' lang='lat' dir='ltr'><strong>cognata;</strong></span> <span class='ocrx_word' id='word_1_47' title='bbox 798 400 806 417; x_wconf 83' lang='lat' dir='ltr'><strong>I</strong></span> <span class='ocrx_word' id='word_1_48' title='bbox 827 393 874 417; x_wconf 89' lang='lat' dir='ltr'><strong>aut</strong></span> 
     </span>
    </p>
   </div>
   <div class='ocr_carea' id='block_1_8' title="bbox 88 435 874 475">
    <p class='ocr_par' dir='ltr' id='par_1_8' title="bbox 88 435 874 475">
     <span class='ocr_line' id='line_1_8' title="bbox 88 435 874 475; baseline -0.011 -4"><span class='ocrx_word' id='word_1_49' title='bbox 88 444 237 474; x_wconf 78' lang='grc' dir='ltr'><strong>ἀσύνδετα,</strong></span> <span class='ocrx_word' id='word_1_50' title='bbox 261 452 270 468; x_wconf 84' lang='grc'><strong>(</strong></span> <span class='ocrx_word' id='word_1_51' title='bbox 295 441 479 475; x_wconf 81' lang='lat' dir='ltr'><strong>inconjuncta,</strong></span> <span class='ocrx_word' id='word_1_52' title='bbox 501 449 511 466; x_wconf 64' lang='grc' dir='ltr'><em>θ</em></span> <span class='ocrx_word' id='word_1_53' title='bbox 534 442 560 466; x_wconf 88' lang='lat' dir='ltr'><strong>et</strong></span> <span class='ocrx_word' id='word_1_54' title='bbox 586 448 595 464; x_wconf 83' lang='grc'><strong><em>‹</em></strong></span> <span class='ocrx_word' id='word_1_55' title='bbox 621 438 719 465; x_wconf 86' lang='lat' dir='ltr'><strong>aliena.</strong></span> <span class='ocrx_word' id='word_1_56' title='bbox 746 446 755 463; x_wconf 78' lang='grc' dir='ltr'><strong><em>ι</em></strong></span> <span class='ocrx_word' id='word_1_57' title='bbox 779 435 874 463; x_wconf 80' lang='lat' dir='ltr'><strong>Priora</strong></span> 
     </span>
    </p>
   </div>
   <div class='ocr_carea' id='block_1_9' title="bbox 89 482 873 524">
    <p class='ocr_par' dir='ltr' id='par_1_9' title="bbox 89 482 873 524">
     <span class='ocr_line' id='line_1_9' title="bbox 89 482 873 524; baseline -0.011 -7"><span class='ocrx_word' id='word_1_58' title='bbox 89 491 234 520; x_wconf 86' lang='lat' dir='ltr'><strong>dicuntur,</strong></span> <span class='ocrx_word' id='word_1_59' title='bbox 245 496 305 524; x_wconf 70' lang='lat' dir='ltr'><strong>qua:</strong></span> <span class='ocrx_word' id='word_1_60' title='bbox 317 487 508 515; x_wconf 81' lang='lat' dir='ltr'><strong>scltematismo</strong></span> <span class='ocrx_word' id='word_1_61' title='bbox 520 485 621 520; x_wconf 90' lang='lat' dir='ltr'><strong>aliquo,</strong></span> <span class='ocrx_word' id='word_1_62' title='bbox 634 485 676 512; x_wconf 89' lang='lat' dir='ltr'><strong>vel</strong></span> <span class='ocrx_word' id='word_1_63' title='bbox 685 482 817 510; x_wconf 69' lang='grc' dir='ltr'>οἰκειώσει</span> <span class='ocrx_word' id='word_1_64' title='bbox 834 482 873 509; x_wconf 86' lang='lat' dir='ltr'><strong>in-</strong></span> 
     </span>
    </p>
   </div>
   <div class='ocr_carea' id='block_1_10' title="bbox 90 529 876 568">
    <p class='ocr_par' dir='ltr' id='par_1_10' title="bbox 90 529 876 568">
     <span class='ocr_line' id='line_1_10' title="bbox 90 529 876 568; baseline -0.011 -5"><span class='ocrx_word' id='word_1_65' title='bbox 90 541 139 563; x_wconf 76' lang='lat' dir='ltr'><strong>ter</strong></span> <span class='ocrx_word' id='word_1_66' title='bbox 157 543 186 563; x_wconf 91' lang='lat' dir='ltr'><strong>se</strong></span> <span class='ocrx_word' id='word_1_67' title='bbox 204 535 328 562; x_wconf 87' lang='lat' dir='ltr'><strong>devincta</strong></span> <span class='ocrx_word' id='word_1_68' title='bbox 346 536 422 566; x_wconf 89' lang='lat' dir='ltr'><strong>sunt;</strong></span> <span class='ocrx_word' id='word_1_69' title='bbox 442 532 601 568; x_wconf 71' lang='lat' dir='ltr'><strong>posteriora,</strong></span> <span class='ocrx_word' id='word_1_70' title='bbox 623 538 682 565; x_wconf 60' lang='lat' dir='ltr'><strong>qua</strong></span> <span class='ocrx_word' id='word_1_71' title='bbox 701 530 804 556; x_wconf 91' lang='lat' dir='ltr'><strong>nullum</strong></span> <span class='ocrx_word' id='word_1_72' title='bbox 827 529 876 555; x_wconf 79' lang='lat' dir='ltr'><strong>ha-</strong></span> 
     </span>
    </p>
   </div>
   <div class='ocr_carea' id='block_1_11' title="bbox 89 575 876 616">
    <p class='ocr_par' dir='ltr' id='par_1_11' title="bbox 89 575 876 616">
     <span class='ocr_line' id='line_1_11' title="bbox 89 575 876 616; baseline -0.01 -6"><span class='ocrx_word' id='word_1_73' title='bbox 89 583 163 610; x_wconf 81' lang='lat' dir='ltr'><strong>bent</strong></span> <span class='ocrx_word' id='word_1_74' title='bbox 176 589 210 609; x_wconf 85' lang='lat' dir='ltr'><strong>ex</strong></span> <span class='ocrx_word' id='word_1_75' title='bbox 225 581 268 613; x_wconf 87' lang='lat' dir='ltr'><strong>iis,</strong></span> <span class='ocrx_word' id='word_1_76' title='bbox 284 587 353 616; x_wconf 86' lang='lat' dir='ltr'><strong>quos</strong></span> <span class='ocrx_word' id='word_1_77' title='bbox 365 579 562 614; x_wconf 73' lang='lat' dir='ltr'><strong>astrologorum</strong></span> <span class='ocrx_word' id='word_1_78' title='bbox 575 585 641 605; x_wconf 92' lang='lat' dir='ltr'><strong>usus</strong></span> <span class='ocrx_word' id='word_1_79' title='bbox 655 576 778 604; x_wconf 80' lang='lat' dir='ltr'><strong>adscivit.</strong></span> <span class='ocrx_word' id='word_1_80' title='bbox 795 575 876 602; x_wconf 85' lang='lat' dir='ltr'><strong>Sche-</strong></span> 
     </span>
    </p>
   </div>
   <div class='ocr_carea' id='block_1_12' title="bbox 91 620 873 659">
    <p class='ocr_par' dir='ltr' id='par_1_12' title="bbox 91 620 873 659">
     <span class='ocr_line' id='line_1_12' title="bbox 91 620 873 659; baseline -0.012 -4"><span class='ocrx_word' id='word_1_81' title='bbox 91 628 240 655; x_wconf 87' lang='lat' dir='ltr'><strong>matismus</strong></span> <span class='ocrx_word' id='word_1_82' title='bbox 253 626 294 654; x_wconf 88' lang='lat' dir='ltr'><strong>vel</strong></span> <span class='ocrx_word' id='word_1_83' title='bbox 308 630 350 653; x_wconf 89' lang='lat' dir='ltr'><strong>est</strong></span> <span class='ocrx_word' id='word_1_84' title='bbox 363 624 432 652; x_wconf 81' lang='grc' dir='ltr'>κατὰ</span> <span class='ocrx_word' id='word_1_85' title='bbox 446 625 599 659; x_wconf 80' lang='grc' dir='ltr'>διάμετρον,</span> <span class='ocrx_word' id='word_1_86' title='bbox 614 626 643 649; x_wconf 88' lang='lat' dir='ltr'><strong>ut</strong></span> <span class='ocrx_word' id='word_1_87' title='bbox 653 622 731 649; x_wconf 82' lang='lat' dir='ltr'><strong>Aries</strong></span> <span class='ocrx_word' id='word_1_88' title='bbox 741 624 768 648; x_wconf 89' lang='lat' dir='ltr'><strong>et</strong></span> <span class='ocrx_word' id='word_1_89' title='bbox 781 620 873 652; x_wconf 83' lang='lat' dir='ltr'><strong>Libra,</strong></span> 
     </span>
    </p>
   </div>
   <div class='ocr_carea' id='block_1_13' title="bbox 89 666 876 707">
    <p class='ocr_par' dir='ltr' id='par_1_13' title="bbox 89 666 876 707">
     <span class='ocr_line' id='line_1_13' title="bbox 89 666 876 707; baseline -0.01 -7"><span class='ocrx_word' id='word_1_90' title='bbox 89 674 141 700; x_wconf 79' lang='lat' dir='ltr'><strong>vel</strong></span> <span class='ocrx_word' id='word_1_91' title='bbox 168 672 236 699; x_wconf 79' lang='grc' dir='ltr'>κατὰ</span> <span class='ocrx_word' id='word_1_92' title='bbox 256 672 395 707; x_wconf 72' lang='grc' dir='ltr'>τρίγωνον,</span> <span class='ocrx_word' id='word_1_93' title='bbox 411 671 454 698; x_wconf 87' lang='lat' dir='ltr'><strong>vel</strong></span> <span class='ocrx_word' id='word_1_94' title='bbox 472 670 542 697; x_wconf 77' lang='grc' dir='ltr'>κατὰ</span> <span class='ocrx_word' id='word_1_95' title='bbox 558 669 734 704; x_wconf 83' lang='grc' dir='ltr'>τετράγωνον,</span> <span class='ocrx_word' id='word_1_96' title='bbox 746 667 788 695; x_wconf 85' lang='lat' dir='ltr'><strong>vel</strong></span> <span class='ocrx_word' id='word_1_97' title='bbox 805 666 876 693; x_wconf 77' lang='grc' dir='ltr'>κατὰ</span> 
     </span>
    </p>
   </div>
   <div class='ocr_carea' id='block_1_14' title="bbox 91 713 874 753">
    <p class='ocr_par' dir='ltr' id='par_1_14' title="bbox 91 713 874 753">
     <span class='ocr_line' id='line_1_14' title="bbox 91 713 874 753; baseline -0.009 -8"><span class='ocrx_word' id='word_1_98' title='bbox 91 719 249 753; x_wconf 74' lang='grc' dir='ltr'>ἑξάγωνον,</span> <span class='ocrx_word' id='word_1_99' title='bbox 267 718 301 745; x_wconf 94' lang='lat' dir='ltr'><strong>de</strong></span> <span class='ocrx_word' id='word_1_100' title='bbox 324 717 422 752; x_wconf 87' lang='lat' dir='ltr'><strong>quibus</strong></span> <span class='ocrx_word' id='word_1_101' title='bbox 443 716 572 743; x_wconf 88' lang='lat' dir='ltr'><strong>Geminus</strong></span> <span class='ocrx_word' id='word_1_102' title='bbox 593 722 653 749; x_wconf 91' lang='lat' dir='ltr'><strong>cap.</strong></span> <span class='ocrx_word' id='word_1_103' title='bbox 676 714 700 746; x_wconf 89' lang='lat' dir='ltr'><strong>l,</strong></span> <span class='ocrx_word' id='word_1_104' title='bbox 721 717 748 741; x_wconf 92' lang='lat' dir='ltr'><strong>et</strong></span> <span class='ocrx_word' id='word_1_105' title='bbox 769 719 818 741; x_wconf 89' lang='lat' dir='ltr'><strong>nos</strong></span> <span class='ocrx_word' id='word_1_106' title='bbox 841 713 874 739; x_wconf 90' lang='lat' dir='ltr'><strong>ad</strong></span> 
     </span>
    </p>
   </div>
   <div class='ocr_carea' id='block_1_15' title="bbox 90 760 874 797">
    <p class='ocr_par' dir='ltr' id='par_1_15' title="bbox 90 760 874 797">
     <span class='ocr_line' id='line_1_15' title="bbox 90 760 874 797; baseline -0.009 -5"><span class='ocrx_word' id='word_1_107' title='bbox 90 765 223 793; x_wconf 80' lang='lat' dir='ltr'><strong>eumdem</strong></span> <span class='ocrx_word' id='word_1_108' title='bbox 248 763 274 790; x_wconf 92' lang='lat' dir='ltr'><strong>in</strong></span> <span class='ocrx_word' id='word_1_109' title='bbox 293 762 370 790; x_wconf 88' lang='lat' dir='ltr'><strong>Notis</strong></span> <span class='ocrx_word' id='word_1_110' title='bbox 386 761 508 797; x_wconf 68' lang='lat' dir='ltr'><strong>qumdam</strong></span> <span class='ocrx_word' id='word_1_111' title='bbox 524 761 737 789; x_wconf 87' lang='lat' dir='ltr'><strong>observavimus.</strong></span> <span class='ocrx_word' id='word_1_112' title='bbox 753 760 874 788; x_wconf 86' lang='lat' dir='ltr'><strong>Alterum</strong></span> 
     </span>
    </p>
   </div>
   <div class='ocr_carea' id='block_1_16' title="bbox 91 806 877 844">
    <p class='ocr_par' dir='ltr' id='par_1_16' title="bbox 91 806 877 844">
     <span class='ocr_line' id='line_1_16' title="bbox 91 806 877 844; baseline -0.006 -7"><span class='ocrx_word' id='word_1_113' title='bbox 91 817 183 844; x_wconf 77' lang='lat' dir='ltr'><strong>genus</strong></span> <span class='ocrx_word' id='word_1_114' title='bbox 203 808 373 841; x_wconf 80' lang='grc' dir='ltr'>οἰκειώσεως,</span> <span class='ocrx_word' id='word_1_115' title='bbox 389 807 538 835; x_wconf 89' lang='lat' dir='ltr'><strong>secundum</strong></span> <span class='ocrx_word' id='word_1_116' title='bbox 552 807 623 842; x_wconf 90' lang='lat' dir='ltr'><strong>quod</strong></span> <span class='ocrx_word' id='word_1_117' title='bbox 645 807 723 842; x_wconf 84' lang='lat' dir='ltr'><strong>signa</strong></span> <span class='ocrx_word' id='word_1_118' title='bbox 745 806 797 833; x_wconf 87' lang='lat' dir='ltr'><strong>alia</strong></span> <span class='ocrx_word' id='word_1_119' title='bbox 814 810 877 833; x_wconf 90' lang='lat' dir='ltr'><strong>sunt</strong></span> 
     </span>
    </p>
   </div>
   <div class='ocr_carea' id='block_1_17' title="bbox 92 851 874 890">
    <p class='ocr_par' dir='ltr' id='par_1_17' title="bbox 92 851 874 890">
     <span class='ocr_line' id='line_1_17' title="bbox 92 851 874 890; baseline -0.005 -9"><span class='ocrx_word' id='word_1_120' title='bbox 92 855 310 890; x_wconf 73' lang='grc' dir='ltr'><strong>προστάσσοντα,</strong></span> <span class='ocrx_word' id='word_1_121' title='bbox 338 863 346 878; x_wconf 83' lang='grc' dir='ltr'><strong>ι</strong></span> <span class='ocrx_word' id='word_1_122' title='bbox 375 852 544 889; x_wconf 84' lang='lat' dir='ltr'><strong>imperantia,</strong></span> <span class='ocrx_word' id='word_1_123' title='bbox 575 862 583 878; x_wconf 83' lang='lat' dir='ltr'><strong>I</strong></span> <span class='ocrx_word' id='word_1_124' title='bbox 614 852 665 879; x_wconf 89' lang='lat' dir='ltr'><strong>alia</strong></span> <span class='ocrx_word' id='word_1_125' title='bbox 695 851 874 883; x_wconf 73' lang='grc' dir='ltr'><strong>ὑπακούοντα,</strong></span> 
     </span>
    </p>
   </div>
   <div class='ocr_carea' id='block_1_18' title="bbox 96 896 877 933">
    <p class='ocr_par' dir='ltr' id='par_1_18' title="bbox 96 896 877 933">
     <span class='ocr_line' id='line_1_18' title="bbox 96 896 877 933; baseline -0.003 -7"><span class='ocrx_word' id='word_1_126' title='bbox 96 910 109 926; x_wconf 75' lang='grc' dir='ltr'>ι</span> <span class='ocrx_word' id='word_1_127' title='bbox 133 899 314 928; x_wconf 84' lang='lat' dir='ltr'><strong>auscultantia</strong></span> <span class='ocrx_word' id='word_1_128' title='bbox 340 908 347 925; x_wconf 87' lang='lat'>:</span> <span class='ocrx_word' id='word_1_129' title='bbox 376 908 385 924; x_wconf 76' lang='grc' dir='ltr'><strong>ι</strong></span> <span class='ocrx_word' id='word_1_130' title='bbox 413 905 472 933; x_wconf 80' lang='lat' dir='ltr'><strong>quae</strong></span> <span class='ocrx_word' id='word_1_131' title='bbox 495 897 575 925; x_wconf 89' lang='lat' dir='ltr'><strong>ambo</strong></span> <span class='ocrx_word' id='word_1_132' title='bbox 601 897 737 924; x_wconf 91' lang='lat' dir='ltr'><strong>communi</strong></span> <span class='ocrx_word' id='word_1_133' title='bbox 767 896 877 924; x_wconf 81' lang='lat' dir='ltr'><strong>nomine</strong></span> 
     </span>
    </p>
   </div>
   <div class='ocr_carea' id='block_1_19' title="bbox 923 285 1698 325">
    <p class='ocr_par' dir='ltr' id='par_1_19' title="bbox 923 285 1698 325">
     <span class='ocr_line' id='line_1_19' title="bbox 923 285 1698 325; baseline -0.012 -5"><span class='ocrx_word' id='word_1_134' title='bbox 923 292 1058 320; x_wconf 89' lang='lat' dir='ltr'><strong>occidant.</strong></span> <span class='ocrx_word' id='word_1_135' title='bbox 1080 291 1167 325; x_wconf 89' lang='lat' dir='ltr'><strong>Atque</strong></span> <span class='ocrx_word' id='word_1_136' title='bbox 1192 289 1248 316; x_wconf 76' lang='lat' dir='ltr'><strong>haec</strong></span> <span class='ocrx_word' id='word_1_137' title='bbox 1273 291 1335 316; x_wconf 85' lang='lat' dir='ltr'><strong>sunt</strong></span> <span class='ocrx_word' id='word_1_138' title='bbox 1359 286 1462 321; x_wconf 71' lang='grc' dir='ltr'>σύζυγα</span> <span class='ocrx_word' id='word_1_139' title='bbox 1483 285 1570 321; x_wconf 78' lang='lat' dir='ltr'><strong>signa,</strong></span> <span class='ocrx_word' id='word_1_140' title='bbox 1586 291 1646 319; x_wconf 67' lang='lat' dir='ltr'><strong>quae</strong></span> <span class='ocrx_word' id='word_1_141' title='bbox 1665 292 1698 312; x_wconf 74' lang='lat' dir='ltr'><strong>ex</strong></span> 
     </span>
    </p>
   </div>
   <div class='ocr_carea' id='block_1_20' title="bbox 923 331 1698 371">
    <p class='ocr_par' dir='ltr' id='par_1_20' title="bbox 923 331 1698 371">
     <span class='ocr_line' id='line_1_20' title="bbox 923 331 1698 371; baseline -0.01 -6"><span class='ocrx_word' id='word_1_142' title='bbox 923 337 1035 365; x_wconf 88' lang='lat' dir='ltr'><strong>Gemino</strong></span> <span class='ocrx_word' id='word_1_143' title='bbox 1052 335 1178 371; x_wconf 77' lang='lat' dir='ltr'><strong>superius</strong></span> <span class='ocrx_word' id='word_1_144' title='bbox 1189 333 1395 369; x_wconf 75' lang='lat' dir='ltr'><strong>explicavimus,</strong></span> <span class='ocrx_word' id='word_1_145' title='bbox 1411 336 1440 359; x_wconf 93' lang='lat' dir='ltr'><strong>ut</strong></span> <span class='ocrx_word' id='word_1_146' title='bbox 1454 331 1569 363; x_wconf 83' lang='lat' dir='ltr'><strong>Gemini,</strong></span> <span class='ocrx_word' id='word_1_147' title='bbox 1582 331 1698 362; x_wconf 85' lang='lat' dir='ltr'><strong>Cancer.</strong></span> 
     </span>
    </p>
   </div>
   <div class='ocr_carea' id='block_1_21' title="bbox 923 375 1700 414">
    <p class='ocr_par' dir='ltr' id='par_1_21' title="bbox 923 375 1700 414">
     <span class='ocr_line' id='line_1_21' title="bbox 923 375 1700 414; baseline -0.008 -4"><span class='ocrx_word' id='word_1_148' title='bbox 923 383 1040 414; x_wconf 82' lang='lat' dir='ltr'><strong>Taurus,</strong></span> <span class='ocrx_word' id='word_1_149' title='bbox 1055 381 1119 414; x_wconf 85' lang='lat' dir='ltr'><strong>Leo,</strong></span> <span class='ocrx_word' id='word_1_150' title='bbox 1134 385 1160 408; x_wconf 94' lang='lat' dir='ltr'><strong>ct</strong></span> <span class='ocrx_word' id='word_1_151' title='bbox 1179 386 1287 411; x_wconf 73' lang='lat' dir='ltr'><strong>caetera,</strong></span> <span class='ocrx_word' id='word_1_152' title='bbox 1304 379 1338 406; x_wconf 88' lang='lat' dir='ltr'><strong>de</strong></span> <span class='ocrx_word' id='word_1_153' title='bbox 1357 377 1455 412; x_wconf 85' lang='lat' dir='ltr'><strong>quibus</strong></span> <span class='ocrx_word' id='word_1_154' title='bbox 1472 377 1500 404; x_wconf 90' lang='lat' dir='ltr'><strong>in</strong></span> <span class='ocrx_word' id='word_1_155' title='bbox 1511 375 1587 404; x_wconf 84' lang='lat' dir='ltr'><strong>Notis</strong></span> <span class='ocrx_word' id='word_1_156' title='bbox 1600 377 1633 404; x_wconf 89' lang='lat' dir='ltr'><strong>ad</strong></span> <span class='ocrx_word' id='word_1_157' title='bbox 1646 375 1700 404; x_wconf 81' lang='lat' dir='ltr'><strong>Ge-</strong></span> 
     </span>
    </p>
   </div>
   <div class='ocr_carea' id='block_1_22' title="bbox 923 426 1276 461">
    <p class='ocr_par' dir='ltr' id='par_1_22' title="bbox 923 426 1276 461">
     <span class='ocr_line' id='line_1_22' title="bbox 923 426 1276 461; baseline -0.008 -5"><span class='ocrx_word' id='word_1_158' title='bbox 923 429 1026 456; x_wconf 91' lang='lat' dir='ltr'><strong>minum</strong></span> <span class='ocrx_word' id='word_1_159' title='bbox 1043 427 1134 461; x_wconf 88' lang='lat' dir='ltr'><strong>aliqua</strong></span> <span class='ocrx_word' id='word_1_160' title='bbox 1147 426 1276 453; x_wconf 82' lang='lat' dir='ltr'><strong>diximus.</strong></span> 
     </span>
    </p>
   </div>
   <div class='ocr_carea' id='block_1_23' title="bbox 950 468 1701 506">
    <p class='ocr_par' dir='ltr' id='par_1_23' title="bbox 950 468 1701 506">
     <span class='ocr_line' id='line_1_23' title="bbox 950 468 1701 506; baseline -0.004 -6"><span class='ocrx_word' id='word_1_161' title='bbox 950 472 1106 500; x_wconf 61' lang='grc' dir='ltr'>ηἈσύνδετα</span> <span class='ocrx_word' id='word_1_162' title='bbox 1134 476 1161 499; x_wconf 90' lang='lat' dir='ltr'><strong>et</strong></span> <span class='ocrx_word' id='word_1_163' title='bbox 1189 468 1448 506; x_wconf 79' lang='grc' dir='ltr'>ἀπηλλοτριωμένα,</span> <span class='ocrx_word' id='word_1_164' title='bbox 1478 469 1646 503; x_wconf 76' lang='lat' dir='ltr'><strong>inconjuncta</strong></span> <span class='ocrx_word' id='word_1_165' title='bbox 1672 473 1701 497; x_wconf 71' lang='lat' dir='ltr'><strong>et</strong></span> 
     </span>
    </p>
   </div>
   <div class='ocr_carea' id='block_1_24' title="bbox 924 514 1708 553">
    <p class='ocr_par' dir='ltr' id='par_1_24' title="bbox 924 514 1708 553">
     <span class='ocr_line' id='line_1_24' title="bbox 924 514 1708 553; baseline -0.008 -7"><span class='ocrx_word' id='word_1_166' title='bbox 924 519 1010 546; x_wconf 78' lang='lat' dir='ltr'><strong>aliena</strong></span> <span class='ocrx_word' id='word_1_167' title='bbox 1030 519 1105 553; x_wconf 77' lang='lat' dir='ltr'><strong>signa</strong></span> <span class='ocrx_word' id='word_1_168' title='bbox 1126 517 1264 548; x_wconf 87' lang='lat' dir='ltr'><strong>dicuntur,</strong></span> <span class='ocrx_word' id='word_1_169' title='bbox 1279 522 1339 550; x_wconf 62' lang='lat' dir='ltr'><strong>quae</strong></span> <span class='ocrx_word' id='word_1_170' title='bbox 1354 516 1455 542; x_wconf 86' lang='lat' dir='ltr'><strong>nullius</strong></span> <span class='ocrx_word' id='word_1_171' title='bbox 1470 514 1653 542; x_wconf 89' lang='lat' dir='ltr'><strong>schematismi</strong></span> <span class='ocrx_word' id='word_1_172' title='bbox 1667 522 1708 542; x_wconf 19' lang='lat' dir='ltr'><strong>ex,</strong></span> 
     </span>
    </p>
   </div>
   <div class='ocr_carea' id='block_1_25' title="bbox 924 559 1701 591">
    <p class='ocr_par' dir='ltr' id='par_1_25' title="bbox 924 559 1701 591">
     <span class='ocr_line' id='line_1_25' title="bbox 924 559 1701 591; baseline -0.004 0"><span class='ocrx_word' id='word_1_173' title='bbox 924 563 1148 591; x_wconf 76' lang='lat' dir='ltr'><strong>antecedentibus</strong></span> <span class='ocrx_word' id='word_1_174' title='bbox 1164 562 1224 590; x_wconf 84' lang='lat' dir='ltr'><strong>istis</strong></span> <span class='ocrx_word' id='word_1_175' title='bbox 1241 561 1397 589; x_wconf 84' lang='lat' dir='ltr'><strong>societatem</strong></span> <span class='ocrx_word' id='word_1_176' title='bbox 1414 565 1513 588; x_wconf 87' lang='lat' dir='ltr'><strong>coeunt</strong></span> <span class='ocrx_word' id='word_1_177' title='bbox 1526 560 1650 587; x_wconf 86' lang='lat' dir='ltr'><strong>invicem.</strong></span> <span class='ocrx_word' id='word_1_178' title='bbox 1662 559 1701 588; x_wconf 75' lang='lat' dir='ltr'><strong>ita</strong></span> 
     </span>
    </p>
   </div>
   <div class='ocr_carea' id='block_1_26' title="bbox 924 610 1095 637">
    <p class='ocr_par' dir='ltr' id='par_1_26' title="bbox 924 610 1095 637">
     <span class='ocr_line' id='line_1_26' title="bbox 924 610 1095 637; baseline -0.006 0"><span class='ocrx_word' id='word_1_179' title='bbox 924 610 1095 637; x_wconf 63' lang='lat' dir='ltr'><strong>Ptolemaeus.</strong></span> 
     </span>
    </p>
   </div>
   <div class='ocr_carea' id='block_1_27' title="bbox 959 649 1703 687">
    <p class='ocr_par' dir='ltr' id='par_1_27' title="bbox 959 649 1703 687">
     <span class='ocr_line' id='line_1_27' title="bbox 959 649 1703 687; baseline -0.009 -4"><span class='ocrx_word' id='word_1_180' title='bbox 959 656 994 683; x_wconf 81' lang='lat' dir='ltr'><strong>At</strong></span> <span class='ocrx_word' id='word_1_181' title='bbox 1018 655 1144 687; x_wconf 80' lang='lat' dir='ltr'><strong>Manilius</strong></span> <span class='ocrx_word' id='word_1_182' title='bbox 1165 657 1192 681; x_wconf 87' lang='lat' dir='ltr'><strong>et</strong></span> <span class='ocrx_word' id='word_1_183' title='bbox 1220 653 1321 681; x_wconf 81' lang='lat' dir='ltr'><strong>Paulus</strong></span> <span class='ocrx_word' id='word_1_184' title='bbox 1344 651 1542 680; x_wconf 71' lang='lat' dir='ltr'><strong>Alexandrinus</strong></span> <span class='ocrx_word' id='word_1_185' title='bbox 1566 649 1703 678; x_wconf 81' lang='lat' dir='ltr'><strong>audientia</strong></span> 
     </span>
    </p>
   </div>
   <div class='ocr_carea' id='block_1_28' title="bbox 925 695 1703 735">
    <p class='ocr_par' dir='ltr' id='par_1_28' title="bbox 925 695 1703 735">
     <span class='ocr_line' id='line_1_28' title="bbox 925 695 1703 735; baseline -0.009 -6"><span class='ocrx_word' id='word_1_186' title='bbox 925 706 953 730; x_wconf 86' lang='lat' dir='ltr'><strong>et</strong></span> <span class='ocrx_word' id='word_1_187' title='bbox 975 701 1093 728; x_wconf 84' lang='lat' dir='ltr'><strong>videntia</strong></span> <span class='ocrx_word' id='word_1_188' title='bbox 1111 700 1187 735; x_wconf 81' lang='lat' dir='ltr'><strong>signa</strong></span> <span class='ocrx_word' id='word_1_189' title='bbox 1207 699 1285 726; x_wconf 87' lang='lat' dir='ltr'><strong>aliter</strong></span> <span class='ocrx_word' id='word_1_190' title='bbox 1309 698 1456 732; x_wconf 80' lang='lat' dir='ltr'><strong>explicant.</strong></span> <span class='ocrx_word' id='word_1_191' title='bbox 1475 696 1542 723; x_wconf 83' lang='lat' dir='ltr'><strong>Nam</strong></span> <span class='ocrx_word' id='word_1_192' title='bbox 1563 695 1634 730; x_wconf 86' lang='lat' dir='ltr'><strong>apud</strong></span> <span class='ocrx_word' id='word_1_193' title='bbox 1655 703 1703 723; x_wconf 76' lang='lat' dir='ltr'><strong>eos</strong></span> 
     </span>
    </p>
   </div>
   <div class='ocr_carea' id='block_1_29' title="bbox 927 744 1703 783">
    <p class='ocr_par' dir='ltr' id='par_1_29' title="bbox 927 744 1703 783">
     <span class='ocr_line' id='line_1_29' title="bbox 927 744 1703 783; baseline -0.009 -8"><span class='ocrx_word' id='word_1_194' title='bbox 927 748 1076 776; x_wconf 86' lang='lat' dir='ltr'><strong>videntium</strong></span> <span class='ocrx_word' id='word_1_195' title='bbox 1102 747 1177 783; x_wconf 87' lang='lat' dir='ltr'><strong>paria</strong></span> <span class='ocrx_word' id='word_1_196' title='bbox 1192 748 1319 773; x_wconf 83' lang='lat' dir='ltr'><strong>constant</strong></span> <span class='ocrx_word' id='word_1_197' title='bbox 1341 745 1374 771; x_wconf 79' lang='lat' dir='ltr'><strong>iis</strong></span> <span class='ocrx_word' id='word_1_198' title='bbox 1395 744 1479 778; x_wconf 81' lang='lat' dir='ltr'><strong>signis</strong></span> <span class='ocrx_word' id='word_1_199' title='bbox 1496 750 1555 778; x_wconf 66' lang='lat' dir='ltr'><strong>quae</strong></span> <span class='ocrx_word' id='word_1_200' title='bbox 1571 750 1604 770; x_wconf 76' lang='lat' dir='ltr'><strong>ex</strong></span> <span class='ocrx_word' id='word_1_201' title='bbox 1626 749 1703 777; x_wconf 67' lang='lat' dir='ltr'><strong>aequo</strong></span> 
     </span>
    </p>
   </div>
   <div class='ocr_carea' id='block_1_30' title="bbox 926 787 1702 827">
    <p class='ocr_par' dir='ltr' id='par_1_30' title="bbox 926 787 1702 827">
     <span class='ocr_line' id='line_1_30' title="bbox 926 787 1702 827; baseline -0.009 -6"><span class='ocrx_word' id='word_1_202' title='bbox 926 793 1026 821; x_wconf 89' lang='lat' dir='ltr'><strong>distant</strong></span> <span class='ocrx_word' id='word_1_203' title='bbox 1049 801 1064 820; x_wconf 91' lang='lat' dir='ltr'><strong>a</strong></span> <span class='ocrx_word' id='word_1_204' title='bbox 1080 793 1145 820; x_wconf 90' lang='lat' dir='ltr'><strong>totis</strong></span> <span class='ocrx_word' id='word_1_205' title='bbox 1158 791 1242 827; x_wconf 82' lang='lat' dir='ltr'><strong>signis</strong></span> <span class='ocrx_word' id='word_1_206' title='bbox 1254 790 1364 826; x_wconf 75' lang='lat' dir='ltr'><strong>tropicis</strong></span> <span class='ocrx_word' id='word_1_207' title='bbox 1375 793 1404 817; x_wconf 80' lang='lat' dir='ltr'><strong>ut.</strong></span> <span class='ocrx_word' id='word_1_208' title='bbox 1418 793 1481 817; x_wconf 89' lang='lat' dir='ltr'><strong>sunt</strong></span> <span class='ocrx_word' id='word_1_209' title='bbox 1496 788 1611 820; x_wconf 86' lang='lat' dir='ltr'><strong>Gemini,</strong></span> <span class='ocrx_word' id='word_1_210' title='bbox 1631 787 1702 818; x_wconf 84' lang='lat' dir='ltr'><strong>Leo.</strong></span> 
     </span>
    </p>
   </div>
   <div class='ocr_carea' id='block_1_31' title="bbox 927 833 1703 874">
    <p class='ocr_par' dir='ltr' id='par_1_31' title="bbox 927 833 1703 874">
     <span class='ocr_line' id='line_1_31' title="bbox 927 833 1703 874; baseline -0.008 -8"><span class='ocrx_word' id='word_1_211' title='bbox 927 839 1043 871; x_wconf 74' lang='lat' dir='ltr'><strong>Taurus,</strong></span> <span class='ocrx_word' id='word_1_212' title='bbox 1056 838 1150 874; x_wconf 85' lang='lat' dir='ltr'><strong>Virgo,</strong></span> <span class='ocrx_word' id='word_1_213' title='bbox 1168 846 1199 865; x_wconf 86' lang='lat' dir='ltr'><strong>ac</strong></span> <span class='ocrx_word' id='word_1_214' title='bbox 1223 838 1344 872; x_wconf 86' lang='lat' dir='ltr'><strong>reliqua;</strong></span> <span class='ocrx_word' id='word_1_215' title='bbox 1364 843 1425 870; x_wconf 64' lang='lat' dir='ltr'><strong>quae</strong></span> <span class='ocrx_word' id='word_1_216' title='bbox 1438 835 1573 869; x_wconf 87' lang='lat' dir='ltr'><strong>descripta</strong></span> <span class='ocrx_word' id='word_1_217' title='bbox 1596 838 1659 861; x_wconf 82' lang='lat' dir='ltr'><strong>sum</strong></span> <span class='ocrx_word' id='word_1_218' title='bbox 1675 833 1703 860; x_wconf 88' lang='lat' dir='ltr'><strong>in</strong></span> 
     </span>
    </p>
   </div>
   <div class='ocr_carea' id='block_1_32' title="bbox 927 880 1704 915">
    <p class='ocr_par' dir='ltr' id='par_1_32' title="bbox 927 880 1704 915">
     <span class='ocr_line' id='line_1_32' title="bbox 927 880 1704 915; baseline -0.008 -4"><span class='ocrx_word' id='word_1_219' title='bbox 927 884 1013 910; x_wconf 84' lang='lat' dir='ltr'><strong>altero</strong></span> <span class='ocrx_word' id='word_1_220' title='bbox 1027 883 1162 910; x_wconf 85' lang='lat' dir='ltr'><strong>schemate</strong></span> <span class='ocrx_word' id='word_1_221' title='bbox 1173 882 1226 908; x_wconf 84' lang='grc' dir='ltr'>τῶν</span> <span class='ocrx_word' id='word_1_222' title='bbox 1242 880 1376 915; x_wconf 75' lang='grc' dir='ltr'>συζύγων,</span> <span class='ocrx_word' id='word_1_223' title='bbox 1392 880 1539 908; x_wconf 88' lang='lat' dir='ltr'><strong>secundum</strong></span> <span class='ocrx_word' id='word_1_224' title='bbox 1550 882 1665 910; x_wconf 85' lang='lat' dir='ltr'><strong>veteres,</strong></span> <span class='ocrx_word' id='word_1_225' title='bbox 1675 882 1704 906; x_wconf 82' lang='lat' dir='ltr'><strong>ut</strong></span> 
     </span>
    </p>
   </div>
   <div class='ocr_carea' id='block_1_33' title="bbox 92 923 878 978">
    <p class='ocr_par' dir='ltr' id='par_1_33' title="bbox 92 923 876 978">
     <span class='ocr_line' id='line_1_33' title="bbox 99 923 858 933; baseline -0.003 -7"><span class='ocrx_word' id='word_1_226' title='bbox 99 923 109 926; x_wconf 87' lang='lat'>_</span> <span class='ocrx_word' id='word_1_227' title='bbox 134 923 314 928; x_wconf 37' lang='lat'><strong>,__-_.,_._._._</strong></span> <span class='ocrx_word' id='word_1_228' title='bbox 341 923 346 925; x_wconf 96' lang='lat'>_</span> <span class='ocrx_word' id='word_1_229' title='bbox 376 923 381 924; x_wconf 32' lang='grc' dir='ltr'><em>γ</em></span> <span class='ocrx_word' id='word_1_230' title='bbox 417 923 471 933; x_wconf 49' lang='grc' dir='ltr'><strong>τη</strong></span> <span class='ocrx_word' id='word_1_231' title='bbox 606 923 629 924; x_wconf 54' lang='grc' dir='ltr'><em>η</em></span> <span class='ocrx_word' id='word_1_232' title='bbox 653 923 659 924; x_wconf 61' lang='lat'><strong><em>,</em></strong></span> <span class='ocrx_word' id='word_1_233' title='bbox 768 923 783 924; x_wconf 52' lang='grc' dir='ltr'><em>η</em></span> 
     </span>
     <span class='ocr_line' id='line_1_34' title="bbox 92 943 876 978; baseline -0.005 -5"><span class='ocrx_word' id='word_1_234' title='bbox 92 946 260 978; x_wconf 83' lang='grc' dir='ltr'><strong>ἀκουόντων,</strong></span> <span class='ocrx_word' id='word_1_235' title='bbox 279 953 288 971; x_wconf 75' lang='grc' dir='ltr'><strong>ι</strong></span> <span class='ocrx_word' id='word_1_236' title='bbox 306 944 484 975; x_wconf 89' lang='lat' dir='ltr'><strong>audientium,</strong></span> <span class='ocrx_word' id='word_1_237' title='bbox 504 953 514 970; x_wconf 75' lang='grc' dir='ltr'><strong>ι</strong></span> <span class='ocrx_word' id='word_1_238' title='bbox 539 943 640 970; x_wconf 86' lang='lat' dir='ltr'><strong>Paulus</strong></span> <span class='ocrx_word' id='word_1_239' title='bbox 665 943 876 976; x_wconf 84' lang='lat' dir='ltr'><strong>Alexandrinus,</strong></span> 
     </span>
    </p>
   </div>
   <div class='ocr_carea' id='block_1_34' title="bbox 933 923 1704 978">
    <p class='ocr_par' dir='ltr' id='par_1_34' title="bbox 933 923 1704 961">
     <span class='ocr_line' id='line_1_35' title="bbox 933 923 1704 961; baseline -0.008 -5"><span class='ocrx_word' id='word_1_240' title='bbox 933 937 1021 956; x_wconf 67' lang='lat' dir='ltr'><strong>eorum</strong></span> <span class='ocrx_word' id='word_1_241' title='bbox 1047 933 1163 956; x_wconf 87' lang='lat' dir='ltr'><strong>mentem</strong></span> <span class='ocrx_word' id='word_1_242' title='bbox 1186 928 1381 961; x_wconf 86' lang='lat' dir='ltr'><strong>interpretatus</strong></span> <span class='ocrx_word' id='word_1_243' title='bbox 1393 930 1435 954; x_wconf 86' lang='lat' dir='ltr'><strong>est</strong></span> <span class='ocrx_word' id='word_1_244' title='bbox 1450 925 1590 953; x_wconf 88' lang='lat' dir='ltr'><strong>Geminus.</strong></span> <span class='ocrx_word' id='word_1_245' title='bbox 1610 923 1704 959; x_wconf 82' lang='lat' dir='ltr'><strong>Itaque</strong></span> 
     </span>
    </p>
   </div>
   <div class='ocr_carea' id='block_1_35' title="bbox 92 988 877 1025">
    <p class='ocr_par' dir='ltr' id='par_1_35' title="bbox 92 988 877 1025">
     <span class='ocr_line' id='line_1_36' title="bbox 92 988 877 1025; baseline -0.006 -6"><span class='ocrx_word' id='word_1_246' title='bbox 92 996 124 1019; x_wconf 87' lang='lat' dir='ltr'><strong>et</strong></span> <span class='ocrx_word' id='word_1_247' title='bbox 143 990 269 1018; x_wconf 84' lang='lat' dir='ltr'><strong>Manilius</strong></span> <span class='ocrx_word' id='word_1_248' title='bbox 292 990 453 1025; x_wconf 83' lang='lat' dir='ltr'><strong>intelligunt.</strong></span> <span class='ocrx_word' id='word_1_249' title='bbox 468 989 587 1016; x_wconf 87' lang='lat' dir='ltr'><strong>Tertium</strong></span> <span class='ocrx_word' id='word_1_250' title='bbox 608 996 693 1024; x_wconf 84' lang='lat' dir='ltr'><strong>genus</strong></span> <span class='ocrx_word' id='word_1_251' title='bbox 716 988 877 1019; x_wconf 82' lang='grc' dir='ltr'><strong>οἰκειώσεως</strong></span> 
     </span>
    </p>
   </div>
   <div class='ocr_carea' id='block_1_36' title="bbox 92 1034 878 1072">
    <p class='ocr_par' dir='ltr' id='par_1_36' title="bbox 92 1034 878 1072">
     <span class='ocr_line' id='line_1_37' title="bbox 92 1034 878 1072; baseline -0.005 -7"><span class='ocrx_word' id='word_1_252' title='bbox 92 1041 140 1065; x_wconf 88' lang='lat' dir='ltr'><strong>est</strong></span> <span class='ocrx_word' id='word_1_253' title='bbox 157 1037 210 1064; x_wconf 85' lang='grc' dir='ltr'>τῶν</span> <span class='ocrx_word' id='word_1_254' title='bbox 227 1037 387 1072; x_wconf 80' lang='grc' dir='ltr'>βλεπόντων,</span> <span class='ocrx_word' id='word_1_255' title='bbox 406 1043 470 1064; x_wconf 85' lang='lat' dir='ltr'><strong>sese</strong></span> <span class='ocrx_word' id='word_1_256' title='bbox 481 1039 575 1062; x_wconf 89' lang='lat' dir='ltr'><strong>mutuo</strong></span> <span class='ocrx_word' id='word_1_257' title='bbox 590 1035 824 1070; x_wconf 86' lang='lat' dir='ltr'><strong>conspicientium.</strong></span> <span class='ocrx_word' id='word_1_258' title='bbox 841 1034 878 1062; x_wconf 88' lang='lat' dir='ltr'><strong>Ut</strong></span> 
     </span>
    </p>
   </div>
   <div class='ocr_carea' id='block_1_37' title="bbox 93 1082 649 1119">
    <p class='ocr_par' dir='ltr' id='par_1_37' title="bbox 93 1082 649 1119">
     <span class='ocr_line' id='line_1_38' title="bbox 93 1082 649 1119; baseline -0.007 -7"><span class='ocrx_word' id='word_1_259' title='bbox 93 1084 132 1112; x_wconf 86' lang='lat' dir='ltr'><strong>de</strong></span> <span class='ocrx_word' id='word_1_260' title='bbox 147 1083 342 1119; x_wconf 83' lang='lat' dir='ltr'><strong>posterioribus</strong></span> <span class='ocrx_word' id='word_1_261' title='bbox 358 1083 399 1110; x_wconf 89' lang='lat' dir='ltr'><strong>his</strong></span> <span class='ocrx_word' id='word_1_262' title='bbox 415 1082 546 1110; x_wconf 87' lang='lat' dir='ltr'><strong>ambobus</strong></span> <span class='ocrx_word' id='word_1_263' title='bbox 561 1089 649 1117; x_wconf 83' lang='lat' dir='ltr'><strong>agam.</strong></span> 
     </span>
    </p>
   </div>
   <div class='ocr_carea' id='block_1_38' title="bbox 133 1126 877 1164">
    <p class='ocr_par' dir='ltr' id='par_1_38' title="bbox 133 1126 877 1164">
     <span class='ocr_line' id='line_1_39' title="bbox 133 1126 877 1164; baseline -0.004 -8"><span class='ocrx_word' id='word_1_264' title='bbox 133 1129 294 1156; x_wconf 69' lang='lat' dir='ltr'><strong>Ptolemaeus</strong></span> <span class='ocrx_word' id='word_1_265' title='bbox 318 1127 533 1164; x_wconf 78' lang='grc' dir='ltr'><strong>προστάσσοντα,</strong></span> <span class='ocrx_word' id='word_1_266' title='bbox 557 1133 585 1155; x_wconf 88' lang='lat' dir='ltr'><strong>et</strong></span> <span class='ocrx_word' id='word_1_267' title='bbox 605 1127 774 1154; x_wconf 78' lang='grc' dir='ltr'><strong>ὑπακούοντα</strong></span> <span class='ocrx_word' id='word_1_268' title='bbox 800 1126 877 1161; x_wconf 84' lang='lat' dir='ltr'><strong>signa</strong></span> 
     </span>
    </p>
   </div>
   <div class='ocr_carea' id='block_1_39' title="bbox 92 1172 878 1209">
    <p class='ocr_par' dir='ltr' id='par_1_39' title="bbox 92 1172 878 1209">
     <span class='ocr_line' id='line_1_40' title="bbox 92 1172 878 1209; baseline -0.006 -6"><span class='ocrx_word' id='word_1_269' title='bbox 92 1179 189 1209; x_wconf 65' lang='lat' dir='ltr'><strong>vocat,</strong></span> <span class='ocrx_word' id='word_1_270' title='bbox 207 1175 242 1202; x_wconf 81' lang='grc' dir='ltr'>τὰ</span> <span class='ocrx_word' id='word_1_271' title='bbox 259 1175 318 1202; x_wconf 82' lang='grc' dir='ltr'>κατ’</span> <span class='ocrx_word' id='word_1_272' title='bbox 335 1175 395 1209; x_wconf 74' lang='grc' dir='ltr'>ἴσην</span> <span class='ocrx_word' id='word_1_273' title='bbox 411 1174 547 1200; x_wconf 80' lang='grc' dir='ltr'>διάστασιν</span> <span class='ocrx_word' id='word_1_274' title='bbox 560 1173 614 1199; x_wconf 75' lang='grc' dir='ltr'>ἀπὸ</span> <span class='ocrx_word' id='word_1_275' title='bbox 628 1172 674 1199; x_wconf 77' lang='grc' dir='ltr'>τοῦ</span> <span class='ocrx_word' id='word_1_276' title='bbox 691 1172 783 1203; x_wconf 79' lang='grc' dir='ltr'>αὑτοῦ,</span> <span class='ocrx_word' id='word_1_277' title='bbox 798 1173 814 1207; x_wconf 84' lang='grc' dir='ltr'>ἢ</span> <span class='ocrx_word' id='word_1_278' title='bbox 831 1172 878 1198; x_wconf 76' lang='grc' dir='ltr'>καὶ</span> 
     </span>
    </p>
   </div>
   <div class='ocr_carea' id='block_1_40' title="bbox 93 1219 876 1258">
    <p class='ocr_par' dir='ltr' id='par_1_40' title="bbox 93 1219 876 1258">
     <span class='ocr_line' id='line_1_41' title="bbox 93 1219 876 1258; baseline -0.006 -9"><span class='ocrx_word' id='word_1_279' title='bbox 93 1222 226 1258; x_wconf 81' lang='grc' dir='ltr'><strong>ὁποτέρου</strong></span> <span class='ocrx_word' id='word_1_280' title='bbox 248 1222 301 1248; x_wconf 82' lang='grc' dir='ltr'><strong>τῶν</strong></span> <span class='ocrx_word' id='word_1_281' title='bbox 327 1220 490 1257; x_wconf 82' lang='grc' dir='ltr'>ἰσημερινῶν</span> <span class='ocrx_word' id='word_1_282' title='bbox 508 1219 626 1255; x_wconf 81' lang='grc' dir='ltr'>σημείων</span> <span class='ocrx_word' id='word_1_283' title='bbox 646 1219 876 1254; x_wconf 77' lang='grc' dir='ltr'><strong>σχηματιζόμενα,</strong></span> 
     </span>
    </p>
   </div>
   <div class='ocr_carea' id='block_1_41' title="bbox 94 1265 877 1303">
    <p class='ocr_par' dir='ltr' id='par_1_41' title="bbox 94 1265 877 1303">
     <span class='ocr_line' id='line_1_42' title="bbox 94 1265 877 1303; baseline -0.003 -8"><span class='ocrx_word' id='word_1_284' title='bbox 94 1268 141 1295; x_wconf 84' lang='grc' dir='ltr'><strong>διὰ</strong></span> <span class='ocrx_word' id='word_1_285' title='bbox 158 1269 188 1295; x_wconf 77' lang='grc' dir='ltr'><strong>τὺ</strong></span> <span class='ocrx_word' id='word_1_286' title='bbox 199 1269 228 1295; x_wconf 75' lang='grc' dir='ltr'>ἐν</span> <span class='ocrx_word' id='word_1_287' title='bbox 239 1269 294 1300; x_wconf 86' lang='grc' dir='ltr'>τοῖς</span> <span class='ocrx_word' id='word_1_288' title='bbox 307 1268 374 1300; x_wconf 82' lang='grc' dir='ltr'>ι’σοις</span> <span class='ocrx_word' id='word_1_289' title='bbox 386 1268 491 1303; x_wconf 82' lang='grc' dir='ltr'><strong>χρόνοις</strong></span> <span class='ocrx_word' id='word_1_290' title='bbox 505 1265 686 1301; x_wconf 73' lang='grc' dir='ltr'>ἀναφέρεσθαι</span> <span class='ocrx_word' id='word_1_291' title='bbox 696 1266 742 1292; x_wconf 71' lang='grc' dir='ltr'><strong>καὶ</strong></span> <span class='ocrx_word' id='word_1_292' title='bbox 754 1265 799 1292; x_wconf 76' lang='grc' dir='ltr'><strong>ἐπὶ</strong></span> <span class='ocrx_word' id='word_1_293' title='bbox 814 1266 877 1293; x_wconf 79' lang='grc' dir='ltr'>ἴσων</span> 
     </span>
    </p>
   </div>
   <div class='ocr_carea' id='block_1_42' title="bbox 96 1310 878 1350">
    <p class='ocr_par' dir='ltr' id='par_1_42' title="bbox 96 1310 878 1350">
     <span class='ocr_line' id='line_1_43' title="bbox 96 1310 878 1350; baseline -0.005 -9"><span class='ocrx_word' id='word_1_294' title='bbox 96 1314 287 1350; x_wconf 82' lang='grc' dir='ltr'>παραλλήλων.</span> <span class='ocrx_word' id='word_1_295' title='bbox 309 1323 318 1340; x_wconf 76' lang='grc' dir='ltr'><strong>ι</strong></span> <span class='ocrx_word' id='word_1_296' title='bbox 334 1313 399 1347; x_wconf 70' lang='lat' dir='ltr'><strong>Quae</strong></span> <span class='ocrx_word' id='word_1_297' title='bbox 420 1313 477 1348; x_wconf 85' lang='lat' dir='ltr'><strong>pari</strong></span> <span class='ocrx_word' id='word_1_298' title='bbox 500 1312 642 1340; x_wconf 87' lang='lat' dir='ltr'><strong>intervallo</strong></span> <span class='ocrx_word' id='word_1_299' title='bbox 665 1311 699 1338; x_wconf 91' lang='lat' dir='ltr'><strong>ab</strong></span> <span class='ocrx_word' id='word_1_300' title='bbox 723 1310 816 1338; x_wconf 88' lang='lat' dir='ltr'><strong>eodem</strong></span> <span class='ocrx_word' id='word_1_301' title='bbox 835 1311 878 1338; x_wconf 87' lang='lat' dir='ltr'><strong>vel</strong></span> 
     </span>
    </p>
   </div>
   <div class='ocr_carea' id='block_1_43' title="bbox 97 1360 880 1397">
    <p class='ocr_par' dir='ltr' id='par_1_43' title="bbox 97 1360 880 1397">
     <span class='ocr_line' id='line_1_44' title="bbox 97 1360 880 1397; baseline -0.005 -7"><span class='ocrx_word' id='word_1_302' title='bbox 97 1363 230 1391; x_wconf 87' lang='lat' dir='ltr'><strong>alterutro</strong></span> <span class='ocrx_word' id='word_1_303' title='bbox 246 1366 406 1397; x_wconf 85' lang='lat' dir='ltr'><strong>punctorum</strong></span> <span class='ocrx_word' id='word_1_304' title='bbox 419 1361 650 1397; x_wconf 75' lang='lat' dir='ltr'><strong>mquinoctialium</strong></span> <span class='ocrx_word' id='word_1_305' title='bbox 660 1360 798 1392; x_wconf 85' lang='lat' dir='ltr'><strong>distantia,</strong></span> <span class='ocrx_word' id='word_1_306' title='bbox 810 1360 880 1395; x_wconf 75' lang='lat' dir='ltr'><strong>rigu-</strong></span> 
     </span>
    </p>
   </div>
   <div class='ocr_carea' id='block_1_44' title="bbox 95 1405 878 1440">
    <p class='ocr_par' dir='ltr' id='par_1_44' title="bbox 95 1405 878 1440">
     <span class='ocr_line' id='line_1_45' title="bbox 95 1405 878 1440; baseline -0.003 -7"><span class='ocrx_word' id='word_1_307' title='bbox 95 1413 178 1438; x_wconf 90' lang='lat' dir='ltr'><strong>ram,</strong></span> <span class='ocrx_word' id='word_1_308' title='bbox 206 1413 253 1433; x_wconf 90' lang='lat' dir='ltr'><strong>seu</strong></span> <span class='ocrx_word' id='word_1_309' title='bbox 277 1409 454 1440; x_wconf 79' lang='lat' dir='ltr'><strong>conspectum</strong></span> <span class='ocrx_word' id='word_1_310' title='bbox 481 1405 608 1432; x_wconf 87' lang='lat' dir='ltr'><strong>habent:</strong></span> <span class='ocrx_word' id='word_1_311' title='bbox 629 1405 702 1440; x_wconf 90' lang='lat' dir='ltr'><strong>quod</strong></span> <span class='ocrx_word' id='word_1_312' title='bbox 730 1405 878 1439; x_wconf 77' lang='lat' dir='ltr'><strong>aequalibus</strong></span> 
     </span>
    </p>
   </div>
   <div class='ocr_carea' id='block_1_45' title="bbox 95 1450 876 1486">
    <p class='ocr_par' dir='ltr' id='par_1_45' title="bbox 95 1450 876 1486">
     <span class='ocr_line' id='line_1_46' title="bbox 95 1450 876 1486; baseline -0.003 -8"><span class='ocrx_word' id='word_1_313' title='bbox 95 1451 267 1486; x_wconf 89' lang='lat' dir='ltr'><strong>temporibus</strong></span> <span class='ocrx_word' id='word_1_314' title='bbox 287 1452 419 1484; x_wconf 88' lang='lat' dir='ltr'><strong>oriantur,</strong></span> <span class='ocrx_word' id='word_1_315' title='bbox 436 1455 462 1478; x_wconf 87' lang='lat' dir='ltr'><strong>et</strong></span> <span class='ocrx_word' id='word_1_316' title='bbox 482 1450 509 1478; x_wconf 93' lang='lat' dir='ltr'><strong>in</strong></span> <span class='ocrx_word' id='word_1_317' title='bbox 528 1450 676 1486; x_wconf 75' lang='lat' dir='ltr'><strong>aequalibus</strong></span> <span class='ocrx_word' id='word_1_318' title='bbox 697 1450 844 1485; x_wconf 84' lang='lat' dir='ltr'><strong>parallelis.</strong></span> <span class='ocrx_word' id='word_1_319' title='bbox 865 1459 876 1476; x_wconf 68' lang='grc' dir='ltr'><strong>ι</strong></span> 
     </span>
    </p>
   </div>
   <div class='ocr_carea' id='block_1_46' title="bbox 96 1495 879 1532">
    <p class='ocr_par' dir='ltr' id='par_1_46' title="bbox 96 1495 879 1532">
     <span class='ocr_line' id='line_1_47' title="bbox 96 1495 879 1532; baseline -0.004 -7"><span class='ocrx_word' id='word_1_320' title='bbox 96 1497 233 1525; x_wconf 84' lang='lat' dir='ltr'><strong>Zodiacus</strong></span> <span class='ocrx_word' id='word_1_321' title='bbox 247 1497 366 1524; x_wconf 84' lang='lat' dir='ltr'><strong>circulus</strong></span> <span class='ocrx_word' id='word_1_322' title='bbox 380 1497 415 1524; x_wconf 89' lang='lat' dir='ltr'><strong>ab</strong></span> <span class='ocrx_word' id='word_1_323' title='bbox 429 1496 611 1532; x_wconf 78' lang='lat' dir='ltr'><strong>aequinoctiali</strong></span> <span class='ocrx_word' id='word_1_324' title='bbox 627 1495 754 1523; x_wconf 78' lang='lat' dir='ltr'><strong>bifariam</strong></span> <span class='ocrx_word' id='word_1_325' title='bbox 771 1500 879 1524; x_wconf 83' lang='lat' dir='ltr'><strong>secatur</strong></span> 
     </span>
    </p>
   </div>
   <div class='ocr_carea' id='block_1_47' title="bbox 96 1541 880 1578">
    <p class='ocr_par' dir='ltr' id='par_1_47' title="bbox 96 1541 880 1578">
     <span class='ocr_line' id='line_1_48' title="bbox 96 1541 880 1578; baseline -0.004 -7"><span class='ocrx_word' id='word_1_326' title='bbox 96 1543 128 1571; x_wconf 87' lang='lat' dir='ltr'><strong>in</strong></span> <span class='ocrx_word' id='word_1_327' title='bbox 144 1542 252 1578; x_wconf 90' lang='lat' dir='ltr'><strong>punctis</strong></span> <span class='ocrx_word' id='word_1_328' title='bbox 265 1542 508 1577; x_wconf 69' lang='lat' dir='ltr'><strong>atquinoctialibus.</strong></span> <span class='ocrx_word' id='word_1_329' title='bbox 524 1541 593 1576; x_wconf 74' lang='lat' dir='ltr'><strong>Hinc</strong></span> <span class='ocrx_word' id='word_1_330' title='bbox 608 1541 796 1570; x_wconf 87' lang='lat' dir='ltr'><strong>semicirculus</strong></span> <span class='ocrx_word' id='word_1_331' title='bbox 812 1541 880 1568; x_wconf 85' lang='lat' dir='ltr'><strong>alter</strong></span> 
     </span>
    </p>
   </div>
   <div class='ocr_carea' id='block_1_48' title="bbox 96 1587 915 1628">
    <p class='ocr_par' dir='ltr' id='par_1_48' title="bbox 96 1587 915 1628">
     <span class='ocr_line' id='line_1_49' title="bbox 96 1587 915 1628; baseline -0.002 -12"><span class='ocrx_word' id='word_1_332' title='bbox 96 1589 220 1617; x_wconf 87' lang='lat' dir='ltr'><strong>borealis</strong></span> <span class='ocrx_word' id='word_1_333' title='bbox 242 1588 352 1620; x_wconf 76' lang='lat' dir='ltr'><strong>dicitur,</strong></span> <span class='ocrx_word' id='word_1_334' title='bbox 378 1588 481 1616; x_wconf 83' lang='lat' dir='ltr'><strong>habens</strong></span> <span class='ocrx_word' id='word_1_335' title='bbox 505 1588 581 1624; x_wconf 80' lang='lat' dir='ltr'><strong>signa</strong></span> <span class='ocrx_word' id='word_1_336' title='bbox 602 1587 722 1616; x_wconf 86' lang='lat' dir='ltr'><strong>borealia</strong></span> <span class='ocrx_word' id='word_1_337' title='bbox 741 1595 800 1618; x_wconf 78' lang='lat' dir='ltr'><strong>sex,</strong></span> <span class='ocrx_word' id='word_1_338' title='bbox 819 1595 915 1628; x_wconf 61' lang='lat' dir='ltr'><strong>quac</strong></span> 
     </span>
    </p>
   </div>
   <div class='ocr_carea' id='block_1_49' title="bbox 98 1632 877 1667">
    <p class='ocr_par' dir='ltr' id='par_1_49' title="bbox 98 1632 877 1667">
     <span class='ocr_line' id='line_1_50' title="bbox 98 1632 877 1667; baseline -0.004 -5"><span class='ocrx_word' id='word_1_339' title='bbox 98 1637 166 1662; x_wconf 85' lang='lat' dir='ltr'><strong>sunt</strong></span> <span class='ocrx_word' id='word_1_340' title='bbox 184 1633 273 1666; x_wconf 80' lang='lat' dir='ltr'><strong>Aries,</strong></span> <span class='ocrx_word' id='word_1_341' title='bbox 293 1633 411 1666; x_wconf 86' lang='lat' dir='ltr'><strong>Taurus,</strong></span> <span class='ocrx_word' id='word_1_342' title='bbox 428 1633 544 1666; x_wconf 90' lang='lat' dir='ltr'><strong>Gemini,</strong></span> <span class='ocrx_word' id='word_1_343' title='bbox 563 1633 675 1667; x_wconf 89' lang='lat' dir='ltr'><strong>Cancer,</strong></span> <span class='ocrx_word' id='word_1_344' title='bbox 690 1632 754 1665; x_wconf 85' lang='lat' dir='ltr'><strong>Leo,</strong></span> <span class='ocrx_word' id='word_1_345' title='bbox 776 1632 877 1667; x_wconf 80' lang='lat' dir='ltr'><strong>Virgo;</strong></span> 
     </span>
    </p>
   </div>
   <div class='ocr_carea' id='block_1_50' title="bbox 97 1679 878 1714">
    <p class='ocr_par' dir='ltr' id='par_1_50' title="bbox 97 1679 878 1714">
     <span class='ocr_line' id='line_1_51' title="bbox 97 1679 878 1714; baseline -0.001 -8"><span class='ocrx_word' id='word_1_346' title='bbox 97 1680 170 1707; x_wconf 79' lang='lat' dir='ltr'><strong>alter</strong></span> <span class='ocrx_word' id='word_1_347' title='bbox 186 1679 313 1707; x_wconf 90' lang='lat' dir='ltr'><strong>australis</strong></span> <span class='ocrx_word' id='word_1_348' title='bbox 333 1679 443 1707; x_wconf 88' lang='lat' dir='ltr'><strong>totidem</strong></span> <span class='ocrx_word' id='word_1_349' title='bbox 464 1679 549 1714; x_wconf 79' lang='lat' dir='ltr'><strong>signis</strong></span> <span class='ocrx_word' id='word_1_350' title='bbox 570 1679 710 1714; x_wconf 60' lang='lat' dir='ltr'><strong>praditus,</strong></span> <span class='ocrx_word' id='word_1_351' title='bbox 726 1686 786 1714; x_wconf 69' lang='lat' dir='ltr'><strong>quae</strong></span> <span class='ocrx_word' id='word_1_352' title='bbox 805 1682 878 1711; x_wconf 87' lang='lat' dir='ltr'><strong>sunt,</strong></span> 
     </span>
    </p>
   </div>
   <div class='ocr_carea' id='block_1_51' title="bbox 97 1724 880 1766">
    <p class='ocr_par' dir='ltr' id='par_1_51' title="bbox 97 1724 880 1766">
     <span class='ocr_line' id='line_1_52' title="bbox 97 1724 880 1766; baseline -0.001 -14"><span class='ocrx_word' id='word_1_353' title='bbox 97 1725 193 1758; x_wconf 86' lang='lat' dir='ltr'><strong>Libra,</strong></span> <span class='ocrx_word' id='word_1_354' title='bbox 207 1724 345 1760; x_wconf 87' lang='lat' dir='ltr'><strong>Scorpius,</strong></span> <span class='ocrx_word' id='word_1_355' title='bbox 368 1724 540 1766; x_wconf 73' lang='lat' dir='ltr'><strong>Sagittarius,</strong></span> <span class='ocrx_word' id='word_1_356' title='bbox 566 1725 759 1760; x_wconf 83' lang='lat' dir='ltr'><strong>Capricornus,</strong></span> <span class='ocrx_word' id='word_1_357' title='bbox 786 1724 880 1760; x_wconf 88' lang='lat' dir='ltr'><strong>Aqua-</strong></span> 
     </span>
    </p>
   </div>
   <div class='ocr_carea' id='block_1_52' title="bbox 98 1771 879 1806">
    <p class='ocr_par' dir='ltr' id='par_1_52' title="bbox 98 1771 879 1806">
     <span class='ocr_line' id='line_1_53' title="bbox 98 1771 879 1806; baseline -0.001 -8"><span class='ocrx_word' id='word_1_358' title='bbox 98 1772 171 1805; x_wconf 83' lang='lat' dir='ltr'><strong>rius,</strong></span> <span class='ocrx_word' id='word_1_359' title='bbox 194 1771 303 1804; x_wconf 84' lang='lat' dir='ltr'><strong>Pisces;</strong></span> <span class='ocrx_word' id='word_1_360' title='bbox 333 1771 452 1798; x_wconf 88' lang='lat' dir='ltr'><strong>borealia</strong></span> <span class='ocrx_word' id='word_1_361' title='bbox 477 1772 554 1806; x_wconf 84' lang='lat' dir='ltr'><strong>signa</strong></span> <span class='ocrx_word' id='word_1_362' title='bbox 576 1775 639 1798; x_wconf 91' lang='lat' dir='ltr'><strong>sunt</strong></span> <span class='ocrx_word' id='word_1_363' title='bbox 661 1771 879 1806; x_wconf 73' lang='grc' dir='ltr'>προστάσσοντας</span> 
     </span>
    </p>
   </div>
   <div class='ocr_carea' id='block_1_53' title="bbox 99 1814 880 1852">
    <p class='ocr_par' dir='ltr' id='par_1_53' title="bbox 99 1814 880 1852">
     <span class='ocr_line' id='line_1_54' title="bbox 99 1814 880 1852; baseline -0.003 -7"><span class='ocrx_word' id='word_1_364' title='bbox 99 1814 231 1846; x_wconf 86' lang='lat' dir='ltr'><strong>australia</strong></span> <span class='ocrx_word' id='word_1_365' title='bbox 246 1824 309 1845; x_wconf 84' lang='lat' dir='ltr'><strong>vero</strong></span> <span class='ocrx_word' id='word_1_366' title='bbox 323 1817 500 1844; x_wconf 81' lang='grc' dir='ltr'>ὑπακούοντα.</span> <span class='ocrx_word' id='word_1_367' title='bbox 522 1817 606 1852; x_wconf 86' lang='lat' dir='ltr'><strong>Cuius</strong></span> <span class='ocrx_word' id='word_1_368' title='bbox 623 1816 662 1844; x_wconf 85' lang='lat' dir='ltr'><strong>rei</strong></span> <span class='ocrx_word' id='word_1_369' title='bbox 676 1824 786 1844; x_wconf 90' lang='lat' dir='ltr'><strong>causam</strong></span> <span class='ocrx_word' id='word_1_370' title='bbox 802 1816 880 1844; x_wconf 79' lang='lat' dir='ltr'><strong>aﬁ&#39;ert</strong></span> 
     </span>
    </p>
   </div>
   <div class='ocr_carea' id='block_1_54' title="bbox 98 1862 880 1898">
    <p class='ocr_par' dir='ltr' id='par_1_54' title="bbox 98 1862 880 1898">
     <span class='ocr_line' id='line_1_55' title="bbox 98 1862 880 1898; baseline -0.003 -6"><span class='ocrx_word' id='word_1_371' title='bbox 98 1864 263 1892; x_wconf 77' lang='lat' dir='ltr'><strong>Ptolemaeus</strong></span> <span class='ocrx_word' id='word_1_372' title='bbox 277 1863 349 1898; x_wconf 90' lang='lat' dir='ltr'><strong>quod</strong></span> <span class='ocrx_word' id='word_1_373' title='bbox 363 1863 391 1890; x_wconf 89' lang='lat' dir='ltr'><strong>in</strong></span> <span class='ocrx_word' id='word_1_374' title='bbox 409 1863 562 1890; x_wconf 82' lang='lat' dir='ltr'><strong>borealibus</strong></span> <span class='ocrx_word' id='word_1_375' title='bbox 577 1863 661 1898; x_wconf 81' lang='lat' dir='ltr'><strong>signis</strong></span> <span class='ocrx_word' id='word_1_376' title='bbox 679 1862 808 1898; x_wconf 88' lang='lat' dir='ltr'><strong>paulatim</strong></span> <span class='ocrx_word' id='word_1_377' title='bbox 822 1863 880 1890; x_wconf 90' lang='lat' dir='ltr'><strong>dies</strong></span> 
     </span>
    </p>
   </div>
   <div class='ocr_carea' id='block_1_55' title="bbox 99 1907 881 1945">
    <p class='ocr_par' dir='ltr' id='par_1_55' title="bbox 99 1907 881 1945">
     <span class='ocr_line' id='line_1_56' title="bbox 99 1907 881 1945; baseline -0.001 -8"><span class='ocrx_word' id='word_1_378' title='bbox 99 1913 252 1945; x_wconf 78' lang='lat' dir='ltr'><strong>augeantur</strong></span> <span class='ocrx_word' id='word_1_379' title='bbox 262 1930 268 1942; x_wconf 94' lang='lat'><strong>,</strong></span> <span class='ocrx_word' id='word_1_380' title='bbox 291 1909 317 1936; x_wconf 92' lang='lat' dir='ltr'><strong>in</strong></span> <span class='ocrx_word' id='word_1_381' title='bbox 332 1909 417 1937; x_wconf 87' lang='lat' dir='ltr'><strong>altero</strong></span> <span class='ocrx_word' id='word_1_382' title='bbox 428 1909 634 1937; x_wconf 88' lang='lat' dir='ltr'><strong>contrahantur.</strong></span> <span class='ocrx_word' id='word_1_383' title='bbox 647 1907 688 1936; x_wconf 92' lang='lat' dir='ltr'><strong>0b</strong></span> <span class='ocrx_word' id='word_1_384' title='bbox 702 1909 728 1935; x_wconf 91' lang='lat' dir='ltr'><strong>id</strong></span> <span class='ocrx_word' id='word_1_385' title='bbox 747 1909 881 1944; x_wconf 86' lang='lat' dir='ltr'><strong>imperare</strong></span> 
     </span>
    </p>
   </div>
   <div class='ocr_carea' id='block_1_56' title="bbox 99 1954 879 1991">
    <p class='ocr_par' dir='ltr' id='par_1_56' title="bbox 99 1954 879 1991">
     <span class='ocr_line' id='line_1_57' title="bbox 99 1954 879 1991; baseline -0.001 -7"><span class='ocrx_word' id='word_1_386' title='bbox 99 1956 142 1984; x_wconf 90' lang='lat' dir='ltr'><strong>illi</strong></span> <span class='ocrx_word' id='word_1_387' title='bbox 154 1956 260 1988; x_wconf 87' lang='lat' dir='ltr'><strong>debent,</strong></span> <span class='ocrx_word' id='word_1_388' title='bbox 275 1956 320 1983; x_wconf 87' lang='lat' dir='ltr'><strong>isti</strong></span> <span class='ocrx_word' id='word_1_389' title='bbox 333 1963 438 1991; x_wconf 85' lang='lat' dir='ltr'><strong>parere,</strong></span> <span class='ocrx_word' id='word_1_390' title='bbox 449 1963 484 1983; x_wconf 78' lang='lat' dir='ltr'><strong>ex</strong></span> <span class='ocrx_word' id='word_1_391' title='bbox 498 1955 564 1982; x_wconf 88' lang='lat' dir='ltr'><strong>artis</strong></span> <span class='ocrx_word' id='word_1_392' title='bbox 576 1955 749 1990; x_wconf 70' lang='lat' dir='ltr'><strong>ineptissime:</strong></span> <span class='ocrx_word' id='word_1_393' title='bbox 760 1954 879 1983; x_wconf 86' lang='lat' dir='ltr'><strong>decreto.</strong></span> 
     </span>
    </p>
   </div>
   <div class='ocr_carea' id='block_1_57' title="bbox 100 2001 748 2037">
    <p class='ocr_par' dir='ltr' id='par_1_57' title="bbox 100 2001 748 2037">
     <span class='ocr_line' id='line_1_58' title="bbox 100 2001 748 2037; baseline -0.002 -8"><span class='ocrx_word' id='word_1_394' title='bbox 100 2001 160 2029; x_wconf 80' lang='lat' dir='ltr'><strong>Hac</strong></span> <span class='ocrx_word' id='word_1_395' title='bbox 171 2003 275 2030; x_wconf 83' lang='lat' dir='ltr'><strong>ratione</strong></span> <span class='ocrx_word' id='word_1_396' title='bbox 290 2002 367 2037; x_wconf 86' lang='lat' dir='ltr'><strong>signa</strong></span> <span class='ocrx_word' id='word_1_397' title='bbox 381 2001 427 2029; x_wconf 84' lang='lat' dir='ltr'><strong>illa</strong></span> <span class='ocrx_word' id='word_1_398' title='bbox 441 2001 513 2028; x_wconf 86' lang='lat' dir='ltr'><strong>inter</strong></span> <span class='ocrx_word' id='word_1_399' title='bbox 528 2008 557 2028; x_wconf 90' lang='lat' dir='ltr'><strong>se</strong></span> <span class='ocrx_word' id='word_1_400' title='bbox 571 2001 748 2036; x_wconf 81' lang='lat' dir='ltr'><strong>pariabimus.</strong></span> 
     </span>
    </p>
   </div>
   <div class='ocr_carea' id='block_1_58' title="bbox 448 2055 540 2092">
    <p class='ocr_par' dir='ltr' id='par_1_58' title="bbox 448 2055 540 2092">
     <span class='ocr_line' id='line_1_59' title="bbox 448 2055 540 2092; baseline -0.011 -8"><span class='ocrx_word' id='word_1_401' title='bbox 448 2055 540 2092; x_wconf 82' lang='lat' dir='ltr'><strong>Signa.</strong></span> 
     </span>
    </p>
   </div>
   <div class='ocr_carea' id='block_1_59' title="bbox 103 2112 882 2151">
    <p class='ocr_par' dir='ltr' id='par_1_59' title="bbox 103 2112 882 2151">
     <span class='ocr_line' id='line_1_60' title="bbox 103 2112 882 2151; baseline -0.001 -8"><span class='ocrx_word' id='word_1_402' title='bbox 103 2115 280 2151; x_wconf 80' lang='lat' dir='ltr'><strong>lmperantia.</strong></span> <span class='ocrx_word' id='word_1_403' title='bbox 681 2112 882 2142; x_wconf 79' lang='lat' dir='ltr'><strong>Auscultantia.</strong></span> 
     </span>
    </p>
   </div>
   <div class='ocr_carea' id='block_1_60' title="bbox 162 2169 709 2202">
    <p class='ocr_par' dir='ltr' id='par_1_60' title="bbox 162 2169 709 2202">
     <span class='ocr_line' id='line_1_61' title="bbox 162 2169 709 2202; baseline -0.005 -2"><span class='ocrx_word' id='word_1_404' title='bbox 162 2173 241 2202; x_wconf 83' lang='lat' dir='ltr'><strong>Aries</strong></span> <span class='ocrx_word' id='word_1_405' title='bbox 616 2169 709 2198; x_wconf 85' lang='lat' dir='ltr'><strong>Pisces</strong></span> 
     </span>
    </p>
   </div>
   <div class='ocr_carea' id='block_1_61' title="bbox 162 2205 754 2240">
    <p class='ocr_par' dir='ltr' id='par_1_61' title="bbox 162 2205 754 2240">
     <span class='ocr_line' id='line_1_62' title="bbox 162 2205 754 2240; baseline -0.007 -5"><span class='ocrx_word' id='word_1_406' title='bbox 162 2208 269 2237; x_wconf 88' lang='lat' dir='ltr'><strong>Taurus</strong></span> <span class='ocrx_word' id='word_1_407' title='bbox 617 2205 754 2240; x_wconf 84' lang='lat' dir='ltr'><strong>Aquarius</strong></span> 
     </span>
    </p>
   </div>
   <div class='ocr_carea' id='block_1_62' title="bbox 163 2240 801 2275">
    <p class='ocr_par' dir='ltr' id='par_1_62' title="bbox 163 2240 801 2275">
     <span class='ocr_line' id='line_1_63' title="bbox 163 2240 801 2275; baseline -0.003 -5"><span class='ocrx_word' id='word_1_408' title='bbox 163 2243 269 2271; x_wconf 82' lang='lat' dir='ltr'><strong>Gemini</strong></span> <span class='ocrx_word' id='word_1_409' title='bbox 617 2240 801 2275; x_wconf 87' lang='lat' dir='ltr'><strong>Capricornus</strong></span> 
     </span>
    </p>
   </div>
   <div class='ocr_carea' id='block_1_63' title="bbox 162 2275 782 2310">
    <p class='ocr_par' dir='ltr' id='par_1_63' title="bbox 162 2275 782 2310">
     <span class='ocr_line' id='line_1_64' title="bbox 162 2275 782 2310; baseline -0.005 -6"><span class='ocrx_word' id='word_1_410' title='bbox 162 2277 266 2306; x_wconf 86' lang='lat' dir='ltr'><strong>Cancer</strong></span> <span class='ocrx_word' id='word_1_411' title='bbox 620 2275 782 2310; x_wconf 75' lang='lat' dir='ltr'><strong>Sagittarius</strong></span> 
     </span>
    </p>
   </div>
   <div class='ocr_carea' id='block_1_64' title="bbox 163 2311 750 2346">
    <p class='ocr_par' dir='ltr' id='par_1_64' title="bbox 163 2311 750 2346">
     <span class='ocr_line' id='line_1_65' title="bbox 163 2311 750 2346; baseline -0.003 -6"><span class='ocrx_word' id='word_1_412' title='bbox 163 2312 216 2340; x_wconf 89' lang='lat' dir='ltr'><strong>Leo</strong></span> <span class='ocrx_word' id='word_1_413' title='bbox 621 2311 750 2346; x_wconf 86' lang='lat' dir='ltr'><strong>Scorpius</strong></span> 
     </span>
    </p>
   </div>
   <div class='ocr_carea' id='block_1_65' title="bbox 162 2345 702 2384">
    <p class='ocr_par' dir='ltr' id='par_1_65' title="bbox 162 2345 702 2384">
     <span class='ocr_line' id='line_1_66' title="bbox 162 2345 702 2384; baseline -0.006 -9"><span class='ocrx_word' id='word_1_414' title='bbox 162 2347 244 2384; x_wconf 81' lang='lat' dir='ltr'><strong>Virgo</strong></span> <span class='ocrx_word' id='word_1_415' title='bbox 620 2345 702 2373; x_wconf 79' lang='lat' dir='ltr'><strong>Libra</strong></span> 
     </span>
    </p>
   </div>
   <div class='ocr_carea' id='block_1_66' title="bbox 142 2402 884 2440">
    <p class='ocr_par' dir='ltr' id='par_1_66' title="bbox 142 2402 884 2440">
     <span class='ocr_line' id='line_1_67' title="bbox 142 2402 884 2440; baseline -0.004 -8"><span class='ocrx_word' id='word_1_416' title='bbox 142 2403 205 2432; x_wconf 83' lang='lat' dir='ltr'><strong>Haec</strong></span> <span class='ocrx_word' id='word_1_417' title='bbox 232 2405 302 2432; x_wconf 91' lang='lat' dir='ltr'><strong>enim</strong></span> <span class='ocrx_word' id='word_1_418' title='bbox 331 2405 408 2440; x_wconf 83' lang='lat' dir='ltr'><strong>signa</strong></span> <span class='ocrx_word' id='word_1_419' title='bbox 431 2407 495 2432; x_wconf 86' lang='lat' dir='ltr'><strong>sunt</strong></span> <span class='ocrx_word' id='word_1_420' title='bbox 513 2403 673 2439; x_wconf 81' lang='grc' dir='ltr'>ῐσανάφορα,</span> <span class='ocrx_word' id='word_1_421' title='bbox 690 2407 716 2430; x_wconf 89' lang='lat' dir='ltr'><strong>et</strong></span> <span class='ocrx_word' id='word_1_422' title='bbox 740 2402 884 2439; x_wconf 72' lang='grc' dir='ltr'>ἰσοπαράλ-</span> 
     </span>
    </p>
   </div>
   <div class='ocr_carea' id='block_1_67' title="bbox 105 2448 884 2487">
    <p class='ocr_par' dir='ltr' id='par_1_67' title="bbox 105 2448 884 2487">
     <span class='ocr_line' id='line_1_68' title="bbox 105 2448 884 2487; baseline -0.004 -9"><span class='ocrx_word' id='word_1_423' title='bbox 105 2451 186 2487; x_wconf 80' lang='grc' dir='ltr'>ληλα,</span> <span class='ocrx_word' id='word_1_424' title='bbox 201 2453 273 2486; x_wconf 87' lang='lat' dir='ltr'><strong>quod</strong></span> <span class='ocrx_word' id='word_1_425' title='bbox 292 2450 431 2486; x_wconf 62' lang='lat' dir='ltr'><strong>aequaliter</strong></span> <span class='ocrx_word' id='word_1_426' title='bbox 446 2449 548 2477; x_wconf 89' lang='lat' dir='ltr'><strong>distent</strong></span> <span class='ocrx_word' id='word_1_427' title='bbox 564 2449 598 2476; x_wconf 89' lang='lat' dir='ltr'><strong>ab</strong></span> <span class='ocrx_word' id='word_1_428' title='bbox 617 2448 747 2475; x_wconf 85' lang='lat' dir='ltr'><strong>ambobus</strong></span> <span class='ocrx_word' id='word_1_429' title='bbox 762 2450 884 2483; x_wconf 70' lang='lat' dir='ltr'><strong>aequino-</strong></span> 
     </span>
    </p>
   </div>
   <div class='ocr_carea' id='block_1_68' title="bbox 105 2494 883 2530">
    <p class='ocr_par' dir='ltr' id='par_1_68' title="bbox 105 2494 883 2530">
     <span class='ocr_line' id='line_1_69' title="bbox 105 2494 883 2530; baseline -0.004 -7"><span class='ocrx_word' id='word_1_430' title='bbox 105 2496 233 2523; x_wconf 83' lang='lat' dir='ltr'><strong>ctialibus</strong></span> <span class='ocrx_word' id='word_1_431' title='bbox 246 2496 364 2530; x_wconf 89' lang='lat' dir='ltr'><strong>punctis.</strong></span> <span class='ocrx_word' id='word_1_432' title='bbox 379 2494 518 2529; x_wconf 67' lang='lat' dir='ltr'><strong>Equales,</strong></span> <span class='ocrx_word' id='word_1_433' title='bbox 537 2494 659 2528; x_wconf 89' lang='lat' dir='ltr'><strong>inquam,</strong></span> <span class='ocrx_word' id='word_1_434' title='bbox 676 2494 818 2527; x_wconf 86' lang='lat' dir='ltr'><strong>parallelos</strong></span> <span class='ocrx_word' id='word_1_435' title='bbox 833 2494 883 2520; x_wconf 90' lang='lat' dir='ltr'><strong>ha-</strong></span> 
     </span>
    </p>
   </div>
   <div class='ocr_carea' id='block_1_69' title="bbox 107 2539 884 2573">
    <p class='ocr_par' dir='ltr' id='par_1_69' title="bbox 107 2539 884 2573">
     <span class='ocr_line' id='line_1_70' title="bbox 107 2539 884 2573; baseline -0.005 -4"><span class='ocrx_word' id='word_1_436' title='bbox 107 2542 181 2573; x_wconf 83' lang='lat' dir='ltr'><strong>bent,</strong></span> <span class='ocrx_word' id='word_1_437' title='bbox 196 2550 249 2568; x_wconf 94' lang='lat' dir='ltr'><strong>non</strong></span> <span class='ocrx_word' id='word_1_438' title='bbox 270 2541 389 2573; x_wconf 87' lang='lat' dir='ltr'><strong>eosdem,</strong></span> <span class='ocrx_word' id='word_1_439' title='bbox 406 2545 436 2567; x_wconf 90' lang='lat' dir='ltr'><strong>ut</strong></span> <span class='ocrx_word' id='word_1_440' title='bbox 452 2539 626 2567; x_wconf 84' lang='lat' dir='ltr'><strong>Camerarius</strong></span> <span class='ocrx_word' id='word_1_441' title='bbox 649 2539 739 2566; x_wconf 88' lang='lat' dir='ltr'><strong>vertit.</strong></span> <span class='ocrx_word' id='word_1_442' title='bbox 763 2539 792 2566; x_wconf 91' lang='lat' dir='ltr'><strong>ld</strong></span> <span class='ocrx_word' id='word_1_443' title='bbox 812 2540 884 2566; x_wconf 87' lang='lat' dir='ltr'><strong>enim</strong></span> 
     </span>
    </p>
   </div>
   <div class='ocr_carea' id='block_1_70' title="bbox 107 2584 886 2622">
    <p class='ocr_par' dir='ltr' id='par_1_70' title="bbox 107 2584 886 2622">
     <span class='ocr_line' id='line_1_71' title="bbox 107 2584 886 2622; baseline -0.006 -7"><span class='ocrx_word' id='word_1_444' title='bbox 107 2587 193 2622; x_wconf 82' lang='lat' dir='ltr'><strong>signis</strong></span> <span class='ocrx_word' id='word_1_445' title='bbox 210 2587 367 2614; x_wconf 90' lang='lat' dir='ltr'><strong>videntibus</strong></span> <span class='ocrx_word' id='word_1_446' title='bbox 384 2586 521 2618; x_wconf 86' lang='lat' dir='ltr'><strong>convenit,</strong></span> <span class='ocrx_word' id='word_1_447' title='bbox 537 2593 597 2620; x_wconf 62' lang='lat' dir='ltr'><strong>qua:</strong></span> <span class='ocrx_word' id='word_1_448' title='bbox 611 2593 625 2611; x_wconf 93' lang='lat' dir='ltr'><strong>a</strong></span> <span class='ocrx_word' id='word_1_449' title='bbox 642 2585 754 2619; x_wconf 89' lang='lat' dir='ltr'><strong>tropicis</strong></span> <span class='ocrx_word' id='word_1_450' title='bbox 776 2584 886 2619; x_wconf 88' lang='lat' dir='ltr'><strong>punctis</strong></span> 
     </span>
    </p>
   </div>
   <div class='ocr_carea' id='block_1_71' title="bbox 106 2629 883 2666">
    <p class='ocr_par' dir='ltr' id='par_1_71' title="bbox 106 2629 883 2666">
     <span class='ocr_line' id='line_1_72' title="bbox 106 2629 883 2666; baseline -0.004 -8"><span class='ocrx_word' id='word_1_451' title='bbox 106 2639 140 2658; x_wconf 81' lang='lat' dir='ltr'><strong>ex</strong></span> <span class='ocrx_word' id='word_1_452' title='bbox 153 2635 231 2666; x_wconf 60' lang='grc' dir='ltr'><strong>πᾳυο</strong></span> <span class='ocrx_word' id='word_1_453' title='bbox 242 2631 344 2658; x_wconf 86' lang='lat' dir='ltr'><strong>distant</strong></span> <span class='ocrx_word' id='word_1_454' title='bbox 354 2630 401 2658; x_wconf 86' lang='lat' dir='ltr'><strong>:de</strong></span> <span class='ocrx_word' id='word_1_455' title='bbox 416 2631 514 2665; x_wconf 84' lang='lat' dir='ltr'><strong>quibus</strong></span> <span class='ocrx_word' id='word_1_456' title='bbox 527 2631 582 2665; x_wconf 85' lang='lat' dir='ltr'><strong>agit</strong></span> <span class='ocrx_word' id='word_1_457' title='bbox 597 2630 696 2657; x_wconf 89' lang='lat' dir='ltr'><strong>ibidem</strong></span> <span class='ocrx_word' id='word_1_458' title='bbox 714 2629 883 2656; x_wconf 66' lang='lat' dir='ltr'><strong>Ptolemaeus.</strong></span> 
     </span>
    </p>
   </div>
   <div class='ocr_carea' id='block_1_72' title="bbox 144 2675 886 2712">
    <p class='ocr_par' dir='ltr' id='par_1_72' title="bbox 144 2675 886 2712">
     <span class='ocr_line' id='line_1_73' title="bbox 144 2675 886 2712; baseline -0.004 -9"><span class='ocrx_word' id='word_1_459' title='bbox 144 2677 229 2712; x_wconf 86' lang='lat' dir='ltr'><strong>lgitur</strong></span> <span class='ocrx_word' id='word_1_460' title='bbox 249 2677 364 2703; x_wconf 89' lang='lat' dir='ltr'><strong>alterum</strong></span> <span class='ocrx_word' id='word_1_461' title='bbox 384 2683 468 2711; x_wconf 83' lang='lat' dir='ltr'><strong>genus</strong></span> <span class='ocrx_word' id='word_1_462' title='bbox 482 2675 644 2706; x_wconf 76' lang='grc' dir='ltr'><strong>οἰκειώσεως</strong></span> <span class='ocrx_word' id='word_1_463' title='bbox 660 2678 701 2702; x_wconf 86' lang='lat' dir='ltr'><strong>est</strong></span> <span class='ocrx_word' id='word_1_464' title='bbox 716 2681 808 2701; x_wconf 87' lang='lat' dir='ltr'><strong>eorum</strong></span> <span class='ocrx_word' id='word_1_465' title='bbox 824 2680 886 2708; x_wconf 74' lang='lat' dir='ltr'><strong>quae</strong></span> 
     </span>
    </p>
   </div>
   <div class='ocr_carea' id='block_1_73' title="bbox 109 2719 886 2758">
    <p class='ocr_par' dir='ltr' id='par_1_73' title="bbox 109 2719 886 2758">
     <span class='ocr_line' id='line_1_74' title="bbox 109 2719 886 2758; baseline -0.004 -9"><span class='ocrx_word' id='word_1_466' title='bbox 109 2722 250 2758; x_wconf 81' lang='grc' dir='ltr'>βλέποντα,</span> <span class='ocrx_word' id='word_1_467' title='bbox 257 2721 525 2757; x_wconf 76' lang='lat' dir='ltr'><strong>videntia,dicuntur,</strong></span> <span class='ocrx_word' id='word_1_468' title='bbox 533 2725 558 2749; x_wconf 85' lang='lat' dir='ltr'><strong>et</strong></span> <span class='ocrx_word' id='word_1_469' title='bbox 568 2719 783 2755; x_wconf 70' lang='grc' dir='ltr'>ἰσοδυναμοῦντα,</span> <span class='ocrx_word' id='word_1_470' title='bbox 790 2719 886 2754; x_wconf 74' lang='lat' dir='ltr'><strong>wquali</strong></span> 
     </span>
    </p>
   </div>
   <div class='ocr_carea' id='block_1_74' title="bbox 109 2766 885 2804">
    <p class='ocr_par' dir='ltr' id='par_1_74' title="bbox 109 2766 885 2804">
     <span class='ocr_line' id='line_1_75' title="bbox 109 2766 885 2804; baseline -0.005 -8"><span class='ocrx_word' id='word_1_471' title='bbox 109 2772 235 2804; x_wconf 78' lang='lat' dir='ltr'><strong>potestate</strong></span> <span class='ocrx_word' id='word_1_472' title='bbox 261 2767 383 2802; x_wconf 72' lang='lat' dir='ltr'><strong>prardita.</strong></span> <span class='ocrx_word' id='word_1_473' title='bbox 414 2768 483 2795; x_wconf 89' lang='lat' dir='ltr'><strong>Sunt</strong></span> <span class='ocrx_word' id='word_1_474' title='bbox 507 2774 597 2795; x_wconf 81' lang='lat' dir='ltr'><strong>autem</strong></span> <span class='ocrx_word' id='word_1_475' title='bbox 619 2766 762 2801; x_wconf 87' lang='lat' dir='ltr'><strong>ejusmodi,</strong></span> <span class='ocrx_word' id='word_1_476' title='bbox 779 2774 838 2801; x_wconf 69' lang='lat' dir='ltr'><strong>qua:</strong></span> <span class='ocrx_word' id='word_1_477' title='bbox 851 2773 885 2793; x_wconf 76' lang='lat' dir='ltr'><strong>ex</strong></span> 
     </span>
    </p>
   </div>
   <div class='ocr_carea' id='block_1_75' title="bbox 109 2810 885 2850">
    <p class='ocr_par' dir='ltr' id='par_1_75' title="bbox 109 2810 885 2850">
     <span class='ocr_line' id='line_1_76' title="bbox 109 2810 885 2850; baseline -0.006 -9"><span class='ocrx_word' id='word_1_478' title='bbox 109 2821 188 2850; x_wconf 74' lang='lat' dir='ltr'><strong>teque</strong></span> <span class='ocrx_word' id='word_1_479' title='bbox 202 2813 304 2840; x_wconf 89' lang='lat' dir='ltr'><strong>distant</strong></span> <span class='ocrx_word' id='word_1_480' title='bbox 320 2813 354 2840; x_wconf 89' lang='lat' dir='ltr'><strong>ab</strong></span> <span class='ocrx_word' id='word_1_481' title='bbox 370 2813 502 2840; x_wconf 87' lang='lat' dir='ltr'><strong>alterutro</strong></span> <span class='ocrx_word' id='word_1_482' title='bbox 513 2812 624 2840; x_wconf 91' lang='lat' dir='ltr'><strong>solstitii</strong></span> <span class='ocrx_word' id='word_1_483' title='bbox 638 2816 747 2846; x_wconf 88' lang='lat' dir='ltr'><strong>puncto.</strong></span> <span class='ocrx_word' id='word_1_484' title='bbox 756 2810 792 2837; x_wconf 84' lang='lat' dir='ltr'><strong>Ea</strong></span> <span class='ocrx_word' id='word_1_485' title='bbox 804 2817 885 2845; x_wconf 92' lang='lat' dir='ltr'><strong>porro</strong></span> 
     </span>
    </p>
   </div>
   <div class='ocr_carea' id='block_1_76' title="bbox 112 2855 884 2892">
    <p class='ocr_par' dir='ltr' id='par_1_76' title="bbox 112 2855 884 2892">
     <span class='ocr_line' id='line_1_77' title="bbox 112 2855 884 2892; baseline -0.004 -6"><span class='ocrx_word' id='word_1_486' title='bbox 112 2862 205 2886; x_wconf 89' lang='lat' dir='ltr'><strong>mutuo</strong></span> <span class='ocrx_word' id='word_1_487' title='bbox 216 2866 245 2886; x_wconf 88' lang='lat' dir='ltr'><strong>se</strong></span> <span class='ocrx_word' id='word_1_488' title='bbox 258 2857 351 2886; x_wconf 83' lang='lat' dir='ltr'><strong>videre</strong></span> <span class='ocrx_word' id='word_1_489' title='bbox 366 2858 495 2885; x_wconf 84' lang='lat' dir='ltr'><strong>dicuntur</strong></span> <span class='ocrx_word' id='word_1_490' title='bbox 509 2857 569 2885; x_wconf 91' lang='lat' dir='ltr'><strong>ideo</strong></span> <span class='ocrx_word' id='word_1_491' title='bbox 581 2857 652 2892; x_wconf 89' lang='lat' dir='ltr'><strong>quod</strong></span> <span class='ocrx_word' id='word_1_492' title='bbox 670 2860 697 2883; x_wconf 92' lang='lat' dir='ltr'><strong>et</strong></span> <span class='ocrx_word' id='word_1_493' title='bbox 708 2856 765 2884; x_wconf 87' lang='lat' dir='ltr'><strong>dies</strong></span> <span class='ocrx_word' id='word_1_494' title='bbox 779 2855 884 2888; x_wconf 87' lang='lat' dir='ltr'><strong>diebus,</strong></span> 
     </span>
    </p>
   </div>
   <div class='ocr_carea' id='block_1_77' title="bbox 111 2900 882 2939">
    <p class='ocr_par' dir='ltr' id='par_1_77' title="bbox 111 2900 882 2939">
     <span class='ocr_line' id='line_1_78' title="bbox 111 2900 882 2939; baseline -0.005 -8"><span class='ocrx_word' id='word_1_495' title='bbox 111 2905 139 2931; x_wconf 79' lang='lat' dir='ltr'><strong>et</strong></span> <span class='ocrx_word' id='word_1_496' title='bbox 151 2907 245 2931; x_wconf 85' lang='lat' dir='ltr'><strong>noctes</strong></span> <span class='ocrx_word' id='word_1_497' title='bbox 258 2903 384 2933; x_wconf 86' lang='lat' dir='ltr'><strong>noctibus</strong></span> <span class='ocrx_word' id='word_1_498' title='bbox 406 2902 522 2939; x_wconf 68' lang='lat' dir='ltr'><strong>aequales</strong></span> <span class='ocrx_word' id='word_1_499' title='bbox 538 2902 654 2935; x_wconf 83' lang='lat' dir='ltr'><strong>faciant;</strong></span> <span class='ocrx_word' id='word_1_500' title='bbox 669 2906 725 2930; x_wconf 91' lang='lat' dir='ltr'><strong>tum</strong></span> <span class='ocrx_word' id='word_1_501' title='bbox 746 2900 816 2936; x_wconf 89' lang='lat' dir='ltr'><strong>quod</strong></span> <span class='ocrx_word' id='word_1_502' title='bbox 832 2900 882 2928; x_wconf 86' lang='lat' dir='ltr'><strong>iis-</strong></span> 
     </span>
    </p>
   </div>
   <div class='ocr_carea' id='block_1_78' title="bbox 928 970 1701 1008">
    <p class='ocr_par' dir='ltr' id='par_1_78' title="bbox 928 970 1701 1008">
     <span class='ocr_line' id='line_1_79' title="bbox 928 970 1701 1008; baseline -0.008 -6"><span class='ocrx_word' id='word_1_503' title='bbox 928 975 1033 1003; x_wconf 88' lang='lat' dir='ltr'><strong>Cancer</strong></span> <span class='ocrx_word' id='word_1_504' title='bbox 1046 977 1072 1001; x_wconf 85' lang='lat' dir='ltr'><strong>et</strong></span> <span class='ocrx_word' id='word_1_505' title='bbox 1089 973 1272 1008; x_wconf 86' lang='lat' dir='ltr'><strong>Capricornus</strong></span> <span class='ocrx_word' id='word_1_506' title='bbox 1293 971 1420 998; x_wconf 82' lang='grc' dir='ltr'>ἆὸλεπτοι</span> <span class='ocrx_word' id='word_1_507' title='bbox 1447 975 1511 998; x_wconf 90' lang='lat' dir='ltr'><strong>sunt</strong></span> <span class='ocrx_word' id='word_1_508' title='bbox 1535 974 1562 998; x_wconf 91' lang='lat' dir='ltr'><strong>et</strong></span> <span class='ocrx_word' id='word_1_509' title='bbox 1582 970 1701 1005; x_wconf 66' lang='grc' dir='ltr'>μοναχά,</span> 
     </span>
    </p>
   </div>
   <div class='ocr_carea' id='block_1_79' title="bbox 926 1019 1424 1053">
    <p class='ocr_par' dir='ltr' id='par_1_79' title="bbox 926 1019 1424 1053">
     <span class='ocr_line' id='line_1_80' title="bbox 926 1019 1424 1053; baseline -0.01 -4"><span class='ocrx_word' id='word_1_510' title='bbox 926 1029 977 1050; x_wconf 88' lang='lat' dir='ltr'><strong>nec</strong></span> <span class='ocrx_word' id='word_1_511' title='bbox 990 1021 1055 1053; x_wconf 88' lang='lat' dir='ltr'><strong>alia,</strong></span> <span class='ocrx_word' id='word_1_512' title='bbox 1072 1020 1119 1047; x_wconf 87' lang='lat' dir='ltr'><strong>sed</strong></span> <span class='ocrx_word' id='word_1_513' title='bbox 1133 1027 1162 1047; x_wconf 88' lang='lat' dir='ltr'><strong>se</strong></span> <span class='ocrx_word' id='word_1_514' title='bbox 1177 1019 1234 1046; x_wconf 93' lang='lat' dir='ltr'><strong>sola</strong></span> <span class='ocrx_word' id='word_1_515' title='bbox 1249 1022 1424 1045; x_wconf 86' lang='lat' dir='ltr'><strong>contuentur.</strong></span> 
     </span>
    </p>
   </div>
   <div class='ocr_carea' id='block_1_80' title="bbox 961 1060 1705 1099">
    <p class='ocr_par' dir='ltr' id='par_1_80' title="bbox 961 1060 1705 1099">
     <span class='ocr_line' id='line_1_81' title="bbox 961 1060 1705 1099; baseline -0.009 -6"><span class='ocrx_word' id='word_1_516' title='bbox 961 1065 1068 1093; x_wconf 70' lang='lat' dir='ltr'><strong>Rursus</strong></span> <span class='ocrx_word' id='word_1_517' title='bbox 1080 1063 1238 1099; x_wconf 85' lang='lat' dir='ltr'><strong>imperantia</strong></span> <span class='ocrx_word' id='word_1_518' title='bbox 1254 1063 1331 1097; x_wconf 84' lang='lat' dir='ltr'><strong>signa</strong></span> <span class='ocrx_word' id='word_1_519' title='bbox 1344 1066 1372 1089; x_wconf 91' lang='lat' dir='ltr'><strong>et</strong></span> <span class='ocrx_word' id='word_1_520' title='bbox 1388 1060 1569 1089; x_wconf 85' lang='lat' dir='ltr'><strong>auscultantia</strong></span> <span class='ocrx_word' id='word_1_521' title='bbox 1584 1063 1705 1087; x_wconf 80' lang='lat' dir='ltr'><strong>statuunt</strong></span> 
     </span>
    </p>
   </div>
   <div class='ocr_carea' id='block_1_81' title="bbox 927 1106 1706 1146">
    <p class='ocr_par' dir='ltr' id='par_1_81' title="bbox 927 1106 1706 1146">
     <span class='ocr_line' id='line_1_82' title="bbox 927 1106 1706 1146; baseline -0.008 -7"><span class='ocrx_word' id='word_1_522' title='bbox 927 1112 1019 1143; x_wconf 79' lang='lat' dir='ltr'><strong>iidem,</strong></span> <span class='ocrx_word' id='word_1_523' title='bbox 1032 1118 1093 1146; x_wconf 85' lang='lat' dir='ltr'><strong>quae</strong></span> <span class='ocrx_word' id='word_1_524' title='bbox 1107 1117 1142 1137; x_wconf 73' lang='lat' dir='ltr'><strong>ex</strong></span> <span class='ocrx_word' id='word_1_525' title='bbox 1154 1117 1232 1144; x_wconf 70' lang='lat' dir='ltr'><strong>aequo</strong></span> <span class='ocrx_word' id='word_1_526' title='bbox 1247 1109 1351 1136; x_wconf 89' lang='lat' dir='ltr'><strong>distant</strong></span> <span class='ocrx_word' id='word_1_527' title='bbox 1368 1108 1404 1136; x_wconf 88' lang='lat' dir='ltr'><strong>ab</strong></span> <span class='ocrx_word' id='word_1_528' title='bbox 1414 1106 1649 1142; x_wconf 69' lang='lat' dir='ltr'><strong>mquinoctialibus</strong></span> <span class='ocrx_word' id='word_1_529' title='bbox 1662 1107 1706 1133; x_wconf 60' lang='lat' dir='ltr'><strong>ina</strong></span> 
     </span>
    </p>
   </div>
   <div class='ocr_carea' id='block_1_82' title="bbox 927 1152 1706 1193">
    <p class='ocr_par' dir='ltr' id='par_1_82' title="bbox 927 1152 1706 1193">
     <span class='ocr_line' id='line_1_83' title="bbox 927 1152 1706 1193; baseline -0.009 -8"><span class='ocrx_word' id='word_1_530' title='bbox 927 1157 1010 1193; x_wconf 77' lang='lat' dir='ltr'><strong>tegris</strong></span> <span class='ocrx_word' id='word_1_531' title='bbox 1023 1157 1118 1191; x_wconf 84' lang='lat' dir='ltr'><strong>signis,</strong></span> <span class='ocrx_word' id='word_1_532' title='bbox 1132 1156 1170 1182; x_wconf 76' lang='lat' dir='ltr'><strong>ita.</strong></span> <span class='ocrx_word' id='word_1_533' title='bbox 1183 1159 1212 1181; x_wconf 90' lang='lat' dir='ltr'><strong>ut</strong></span> <span class='ocrx_word' id='word_1_534' title='bbox 1228 1154 1319 1189; x_wconf 88' lang='lat' dir='ltr'><strong>priora</strong></span> <span class='ocrx_word' id='word_1_535' title='bbox 1330 1153 1465 1185; x_wconf 84' lang='lat' dir='ltr'><strong>borealia,</strong></span> <span class='ocrx_word' id='word_1_536' title='bbox 1482 1152 1634 1187; x_wconf 83' lang='lat' dir='ltr'><strong>posteriora</strong></span> <span class='ocrx_word' id='word_1_537' title='bbox 1650 1152 1706 1179; x_wconf 82' lang='lat' dir='ltr'><strong>sint</strong></span> 
     </span>
    </p>
   </div>
   <div class='ocr_carea' id='block_1_83' title="bbox 927 1196 1705 1236">
    <p class='ocr_par' dir='ltr' id='par_1_83' title="bbox 927 1196 1705 1236">
     <span class='ocr_line' id='line_1_84' title="bbox 927 1196 1705 1236; baseline -0.009 -6"><span class='ocrx_word' id='word_1_538' title='bbox 927 1202 1065 1230; x_wconf 87' lang='lat' dir='ltr'><strong>australia.</strong></span> <span class='ocrx_word' id='word_1_539' title='bbox 1080 1201 1150 1236; x_wconf 84' lang='lat' dir='ltr'><strong>Ergo</strong></span> <span class='ocrx_word' id='word_1_540' title='bbox 1170 1204 1247 1227; x_wconf 78' lang='lat' dir='ltr'><strong>extra</strong></span> <span class='ocrx_word' id='word_1_541' title='bbox 1264 1203 1365 1226; x_wconf 88' lang='lat' dir='ltr'><strong>sortem</strong></span> <span class='ocrx_word' id='word_1_542' title='bbox 1388 1202 1453 1224; x_wconf 88' lang='lat' dir='ltr'><strong>sunt</strong></span> <span class='ocrx_word' id='word_1_543' title='bbox 1465 1197 1543 1224; x_wconf 81' lang='lat' dir='ltr'><strong>Aries</strong></span> <span class='ocrx_word' id='word_1_544' title='bbox 1569 1201 1596 1224; x_wconf 90' lang='lat' dir='ltr'><strong>et</strong></span> <span class='ocrx_word' id='word_1_545' title='bbox 1611 1196 1705 1229; x_wconf 82' lang='lat' dir='ltr'><strong>Libra.</strong></span> 
     </span>
    </p>
   </div>
   <div class='ocr_carea' id='block_1_84' title="bbox 927 1242 1706 1282">
    <p class='ocr_par' dir='ltr' id='par_1_84' title="bbox 927 1242 1706 1282">
     <span class='ocr_line' id='line_1_85' title="bbox 927 1242 1706 1282; baseline -0.008 -7"><span class='ocrx_word' id='word_1_546' title='bbox 927 1256 1014 1282; x_wconf 91' lang='lat' dir='ltr'><strong>neque</strong></span> <span class='ocrx_word' id='word_1_547' title='bbox 1030 1255 1059 1274; x_wconf 91' lang='lat' dir='ltr'><strong>se</strong></span> <span class='ocrx_word' id='word_1_548' title='bbox 1070 1247 1184 1274; x_wconf 88' lang='lat' dir='ltr'><strong>invicem</strong></span> <span class='ocrx_word' id='word_1_549' title='bbox 1199 1245 1328 1276; x_wconf 89' lang='lat' dir='ltr'><strong>audiunt,</strong></span> <span class='ocrx_word' id='word_1_550' title='bbox 1344 1251 1432 1278; x_wconf 80' lang='lat' dir='ltr'><strong>neque</strong></span> <span class='ocrx_word' id='word_1_551' title='bbox 1461 1244 1529 1276; x_wconf 88' lang='lat' dir='ltr'><strong>alia;</strong></span> <span class='ocrx_word' id='word_1_552' title='bbox 1546 1243 1594 1270; x_wconf 91' lang='lat' dir='ltr'><strong>sed</strong></span> <span class='ocrx_word' id='word_1_553' title='bbox 1612 1242 1706 1270; x_wconf 86' lang='lat' dir='ltr'><strong>solita-</strong></span> 
     </span>
    </p>
   </div>
   <div class='ocr_carea' id='block_1_85' title="bbox 927 1287 1705 1327">
    <p class='ocr_par' dir='ltr' id='par_1_85' title="bbox 927 1287 1705 1327">
     <span class='ocr_line' id='line_1_86' title="bbox 927 1287 1705 1327; baseline -0.01 -6"><span class='ocrx_word' id='word_1_554' title='bbox 927 1293 968 1320; x_wconf 83' lang='lat' dir='ltr'><strong>ria</strong></span> <span class='ocrx_word' id='word_1_555' title='bbox 983 1297 1056 1326; x_wconf 89' lang='lat' dir='ltr'><strong>sunt,</strong></span> <span class='ocrx_word' id='word_1_556' title='bbox 1071 1300 1103 1320; x_wconf 88' lang='lat' dir='ltr'><strong>ac</strong></span> <span class='ocrx_word' id='word_1_557' title='bbox 1115 1291 1261 1327; x_wconf 74' lang='grc' dir='ltr'>μονόζωνα,</span> <span class='ocrx_word' id='word_1_558' title='bbox 1270 1294 1366 1318; x_wconf 65' lang='lat' dir='ltr'><strong>caetera</strong></span> <span class='ocrx_word' id='word_1_559' title='bbox 1379 1287 1511 1324; x_wconf 79' lang='grc' dir='ltr'>ὸμόζωνα.</span> <span class='ocrx_word' id='word_1_560' title='bbox 1522 1287 1559 1314; x_wconf 84' lang='lat' dir='ltr'><strong>Ea</strong></span> <span class='ocrx_word' id='word_1_561' title='bbox 1568 1287 1705 1315; x_wconf 76' lang='lat' dir='ltr'><strong>intabella</strong></span> 
     </span>
    </p>
   </div>
   <div class='ocr_carea' id='block_1_86' title="bbox 928 1337 1257 1375">
    <p class='ocr_par' dir='ltr' id='par_1_86' title="bbox 928 1337 1257 1375">
     <span class='ocr_line' id='line_1_87' title="bbox 928 1337 1257 1375; baseline -0.009 -8"><span class='ocrx_word' id='word_1_562' title='bbox 928 1339 1051 1375; x_wconf 88' lang='lat' dir='ltr'><strong>sequenti</strong></span> <span class='ocrx_word' id='word_1_563' title='bbox 1066 1339 1129 1366; x_wconf 83' lang='lat' dir='ltr'><strong>licet</strong></span> <span class='ocrx_word' id='word_1_564' title='bbox 1146 1337 1257 1365; x_wconf 87' lang='lat' dir='ltr'><strong>intueri.</strong></span> 
     </span>
    </p>
   </div>
   <div class='ocr_carea' id='block_1_87' title="bbox 1147 1389 1479 1430">
    <p class='ocr_par' dir='ltr' id='par_1_87' title="bbox 1147 1389 1479 1430">
     <span class='ocr_line' id='line_1_88' title="bbox 1147 1389 1479 1430; baseline -0.012 -9"><span class='ocrx_word' id='word_1_565' title='bbox 1147 1393 1230 1430; x_wconf 77' lang='lat' dir='ltr'><strong>Signa</strong></span> <span class='ocrx_word' id='word_1_566' title='bbox 1244 1392 1347 1420; x_wconf 81' lang='lat' dir='ltr'><strong>Manilii</strong></span> <span class='ocrx_word' id='word_1_567' title='bbox 1361 1395 1388 1420; x_wconf 90' lang='lat' dir='ltr'><strong>et</strong></span> <span class='ocrx_word' id='word_1_568' title='bbox 1403 1389 1479 1418; x_wconf 80' lang='lat' dir='ltr'><strong>Pauli</strong></span> 
     </span>
    </p>
   </div>
   <div class='ocr_carea' id='block_1_88' title="bbox 927 1423 1704 1466">
    <p class='ocr_par' dir='ltr' id='par_1_88' title="bbox 927 1423 1704 1466">
     <span class='ocr_line' id='line_1_89' title="bbox 927 1423 1704 1466; baseline -0.006 -9"><span class='ocrx_word' id='word_1_569' title='bbox 927 1429 1090 1466; x_wconf 81' lang='lat' dir='ltr'><strong>lmperantia</strong></span> <span class='ocrx_word' id='word_1_570' title='bbox 1178 1423 1192 1430; x_wconf 75' lang='grc'><strong>’⁷</strong></span> <span class='ocrx_word' id='word_1_571' title='bbox 1249 1464 1254 1466; x_wconf 73' lang='lat'><strong><em>_</em></strong></span> <span class='ocrx_word' id='word_1_572' title='bbox 1281 1464 1286 1466; x_wconf 87' lang='lat'>_</span> <span class='ocrx_word' id='word_1_573' title='bbox 1518 1423 1704 1452; x_wconf 85' lang='lat' dir='ltr'><strong>Ausculantia.</strong></span> 
     </span>
    </p>
   </div>
   <div class='ocr_carea' id='block_1_89' title="bbox 1241 1464 1319 1491">
    <p class='ocr_par' dir='ltr' id='par_1_89' title="bbox 1241 1464 1319 1491">
     <span class='ocr_line' id='line_1_90' title="bbox 1241 1464 1319 1491; baseline 0 -1"><span class='ocrx_word' id='word_1_574' title='bbox 1241 1464 1319 1491; x_wconf 83' lang='lat' dir='ltr'><strong>Aries</strong></span> 
     </span>
    </p>
   </div>
   <div class='ocr_carea' id='block_1_90' title="bbox 1242 1499 1341 1534">
    <p class='ocr_par' dir='ltr' id='par_1_90' title="bbox 1242 1499 1341 1534">
     <span class='ocr_line' id='line_1_91' title="bbox 1242 1499 1341 1534; baseline -0.01 -8"><span class='ocrx_word' id='word_1_575' title='bbox 1242 1499 1341 1534; x_wconf 76' lang='grc' dir='ltr'>ἄζυγος</span> 
     </span>
    </p>
   </div>
   <div class='ocr_carea' id='block_1_91' title="bbox 987 1534 1540 1563">
    <p class='ocr_par' dir='ltr' id='par_1_91' title="bbox 987 1534 1540 1563">
     <span class='ocr_line' id='line_1_92' title="bbox 987 1534 1540 1563; baseline 0.002 -1"><span class='ocrx_word' id='word_1_576' title='bbox 987 1534 1104 1562; x_wconf 85' lang='lat' dir='ltr'><strong>Taurus.</strong></span> <span class='ocrx_word' id='word_1_577' title='bbox 1448 1535 1540 1563; x_wconf 86' lang='lat' dir='ltr'><strong>Pisces</strong></span> 
     </span>
    </p>
   </div>
   <div class='ocr_carea' id='block_1_92' title="bbox 986 1569 1585 1605">
    <p class='ocr_par' dir='ltr' id='par_1_92' title="bbox 986 1569 1585 1605">
     <span class='ocr_line' id='line_1_93' title="bbox 986 1569 1585 1605; baseline 0 -7"><span class='ocrx_word' id='word_1_578' title='bbox 986 1569 1092 1598; x_wconf 88' lang='lat' dir='ltr'><strong>Gemini</strong></span> <span class='ocrx_word' id='word_1_579' title='bbox 1448 1570 1585 1605; x_wconf 82' lang='lat' dir='ltr'><strong>Aquarius</strong></span> 
     </span>
    </p>
   </div>
   <div class='ocr_carea' id='block_1_93' title="bbox 986 1605 1631 1641">
    <p class='ocr_par' dir='ltr' id='par_1_93' title="bbox 986 1605 1631 1641">
     <span class='ocr_line' id='line_1_94' title="bbox 986 1605 1631 1641; baseline 0.002 -9"><span class='ocrx_word' id='word_1_580' title='bbox 986 1605 1091 1641; x_wconf 81' lang='lat' dir='ltr'><strong>Cancer</strong></span> <span class='ocrx_word' id='word_1_581' title='bbox 1448 1605 1631 1641; x_wconf 79' lang='lat' dir='ltr'><strong>Capricornus</strong></span> 
     </span>
    </p>
   </div>
   <div class='ocr_carea' id='block_1_94' title="bbox 986 1639 1614 1676">
    <p class='ocr_par' dir='ltr' id='par_1_94' title="bbox 986 1639 1614 1676">
     <span class='ocr_line' id='line_1_95' title="bbox 986 1639 1614 1676; baseline 0.003 -9"><span class='ocrx_word' id='word_1_582' title='bbox 986 1640 1040 1676; x_wconf 65' lang='lat' dir='ltr'><strong>Leo</strong></span> <span class='ocrx_word' id='word_1_583' title='bbox 1450 1639 1614 1676; x_wconf 59' lang='lat' dir='ltr'><strong>§agittarius</strong></span> 
     </span>
    </p>
   </div>
   <div class='ocr_carea' id='block_1_95' title="bbox 986 1673 1580 1711">
    <p class='ocr_par' dir='ltr' id='par_1_95' title="bbox 986 1673 1580 1711">
     <span class='ocr_line' id='line_1_96' title="bbox 986 1673 1580 1711; baseline 0.002 -9"><span class='ocrx_word' id='word_1_584' title='bbox 986 1674 1074 1711; x_wconf 75' lang='lat' dir='ltr'><strong>Virgo.</strong></span> <span class='ocrx_word' id='word_1_585' title='bbox 1243 1709 1255 1711; x_wconf 82' lang='lat'><strong><em>_</em></strong></span> <span class='ocrx_word' id='word_1_586' title='bbox 1266 1709 1281 1711; x_wconf 40' lang='grc' dir='ltr'>η</span> <span class='ocrx_word' id='word_1_587' title='bbox 1451 1673 1580 1709; x_wconf 79' lang='lat' dir='ltr'><strong>Scorpius</strong></span> 
     </span>
    </p>
   </div>
   <div class='ocr_carea' id='block_1_96' title="bbox 1243 1709 1323 1736">
    <p class='ocr_par' dir='ltr' id='par_1_96' title="bbox 1243 1709 1323 1736">
     <span class='ocr_line' id='line_1_97' title="bbox 1243 1709 1323 1736; baseline -0.013 0"><span class='ocrx_word' id='word_1_588' title='bbox 1243 1709 1323 1736; x_wconf 89' lang='lat' dir='ltr'><strong>Libra</strong></span> 
     </span>
    </p>
   </div>
   <div class='ocr_carea' id='block_1_97' title="bbox 1244 1744 1352 1779">
    <p class='ocr_par' dir='ltr' id='par_1_97' title="bbox 1244 1744 1352 1779">
     <span class='ocr_line' id='line_1_98' title="bbox 1244 1744 1352 1779; baseline 0.009 -8"><span class='ocrx_word' id='word_1_589' title='bbox 1244 1744 1352 1779; x_wconf 77' lang='grc' dir='ltr'><strong>ἄζυγος.</strong></span> 
     </span>
    </p>
   </div>
   <div class='ocr_carea' id='block_1_98' title="bbox 964 1789 1711 1827">
    <p class='ocr_par' dir='ltr' id='par_1_98' title="bbox 964 1789 1711 1827">
     <span class='ocr_line' id='line_1_99' title="bbox 964 1789 1711 1827; baseline 0.001 -9"><span class='ocrx_word' id='word_1_590' title='bbox 964 1791 1042 1819; x_wconf 89' lang='lat' dir='ltr'><strong>Aries</strong></span> <span class='ocrx_word' id='word_1_591' title='bbox 1056 1793 1147 1827; x_wconf 89' lang='lat' dir='ltr'><strong>itaque</strong></span> <span class='ocrx_word' id='word_1_592' title='bbox 1161 1789 1312 1826; x_wconf 85' lang='lat' dir='ltr'><strong>imperandi</strong></span> <span class='ocrx_word' id='word_1_593' title='bbox 1320 1790 1363 1818; x_wconf 90' lang='lat' dir='ltr'><strong>vel</strong></span> <span class='ocrx_word' id='word_1_594' title='bbox 1376 1790 1546 1818; x_wconf 88' lang='lat' dir='ltr'><strong>auscultandi</strong></span> <span class='ocrx_word' id='word_1_595' title='bbox 1558 1798 1619 1818; x_wconf 91' lang='lat' dir='ltr'><strong>cum</strong></span> <span class='ocrx_word' id='word_1_596' title='bbox 1632 1791 1711 1820; x_wconf 73' lang='lat' dir='ltr'><strong>nullo</strong></span> 
     </span>
    </p>
   </div>
   <div class='ocr_carea' id='block_1_99' title="bbox 931 1836 1707 1870">
    <p class='ocr_par' dir='ltr' id='par_1_99' title="bbox 931 1836 1707 1870">
     <span class='ocr_line' id='line_1_100' title="bbox 931 1836 1707 1870; baseline 0.001 -6"><span class='ocrx_word' id='word_1_597' title='bbox 931 1838 1124 1865; x_wconf 89' lang='lat' dir='ltr'><strong>commercium</strong></span> <span class='ocrx_word' id='word_1_598' title='bbox 1150 1836 1241 1869; x_wconf 84' lang='lat' dir='ltr'><strong>habet,</strong></span> <span class='ocrx_word' id='word_1_599' title='bbox 1270 1836 1378 1864; x_wconf 88' lang='lat' dir='ltr'><strong>Libram</strong></span> <span class='ocrx_word' id='word_1_600' title='bbox 1404 1840 1494 1864; x_wconf 88' lang='lat' dir='ltr'><strong>autem</strong></span> <span class='ocrx_word' id='word_1_601' title='bbox 1522 1837 1604 1870; x_wconf 88' lang='lat' dir='ltr'><strong>videt,</strong></span> <span class='ocrx_word' id='word_1_602' title='bbox 1628 1842 1657 1864; x_wconf 86' lang='lat' dir='ltr'><strong>ut</strong></span> <span class='ocrx_word' id='word_1_603' title='bbox 1678 1841 1707 1865; x_wconf 87' lang='lat' dir='ltr'><strong>et</strong></span> 
     </span>
    </p>
   </div>
   <div class='ocr_carea' id='block_1_100' title="bbox 930 1882 1150 1911">
    <p class='ocr_par' dir='ltr' id='par_1_100' title="bbox 930 1882 1150 1911">
     <span class='ocr_line' id='line_1_101' title="bbox 930 1882 1150 1911; baseline 0.005 -2"><span class='ocrx_word' id='word_1_604' title='bbox 930 1883 1048 1911; x_wconf 87' lang='lat' dir='ltr'><strong>Arietem</strong></span> <span class='ocrx_word' id='word_1_605' title='bbox 1059 1882 1150 1911; x_wconf 84' lang='lat' dir='ltr'><strong>Libra.</strong></span> 
     </span>
    </p>
   </div>
   <div class='ocr_carea' id='block_1_101' title="bbox 931 1937 1705 2000">
    <p class='ocr_par' dir='ltr' id='par_1_101' title="bbox 931 1937 1705 2000">
     <span class='ocr_line' id='line_1_102' title="bbox 931 1937 1705 2000; baseline -0.003 -34"><span class='ocrx_word' id='word_1_606' title='bbox 931 1938 1075 1967; x_wconf 75' lang='lat' dir='ltr'><strong>Consilium</strong></span> <span class='ocrx_word' id='word_1_607' title='bbox 1080 1938 1138 2000; x_wconf 49' lang='lat' dir='ltr'><strong>ipse</strong></span> <span class='ocrx_word' id='word_1_608' title='bbox 1147 1946 1223 1965; x_wconf 78' lang='lat' dir='ltr'><strong>suum</strong></span> <span class='ocrx_word' id='word_1_609' title='bbox 1233 1942 1271 1965; x_wconf 76' lang='lat' dir='ltr'><strong>est</strong></span> <span class='ocrx_word' id='word_1_610' title='bbox 1280 1938 1370 1966; x_wconf 75' lang='lat' dir='ltr'><strong>Aries:</strong></span> <span class='ocrx_word' id='word_1_611' title='bbox 1380 1943 1408 1965; x_wconf 85' lang='lat' dir='ltr'><strong>ut</strong></span> <span class='ocrx_word' id='word_1_612' title='bbox 1418 1939 1533 1973; x_wconf 67' lang='lat' dir='ltr'><strong>principe</strong></span> <span class='ocrx_word' id='word_1_613' title='bbox 1541 1937 1646 1972; x_wconf 77' lang='lat' dir='ltr'><strong>dignum</strong></span> <span class='ocrx_word' id='word_1_614' title='bbox 1655 1941 1705 1970; x_wconf 80' lang='lat' dir='ltr'><strong>eu,</strong></span> 
     </span>
     <span class='ocr_line' id='line_1_103' title="bbox 931 1973 1324 2000; baseline -0.003 0"><span class='ocrx_word' id='word_1_615' title='bbox 931 1973 1009 2000; x_wconf 76' lang='lat' dir='ltr'><strong>Audit</strong></span> <span class='ocrx_word' id='word_1_616' title='bbox 1028 1981 1064 2000; x_wconf 60' lang='lat' dir='ltr'><strong>se;</strong></span> <span class='ocrx_word' id='word_1_617' title='bbox 1102 1974 1235 2000; x_wconf 79' lang='lat' dir='ltr'><strong>ibramaue</strong></span> <span class='ocrx_word' id='word_1_618' title='bbox 1247 1973 1324 2000; x_wconf 78' lang='lat' dir='ltr'><strong>videt.</strong></span> 
     </span>
    </p>
   </div>
   <div class='ocr_carea' id='block_1_102' title="bbox 929 1973 1324 2008">
    <p class='ocr_par' dir='ltr' id='par_1_102' title="bbox 929 1973 1324 2008">
     <span class='ocr_line' id='line_1_104' title="bbox 929 1973 1324 2008; baseline -0.008 -6"><span class='ocrx_word' id='word_1_619' title='bbox 929 1973 1009 2002; x_wconf 77' lang='lat' dir='ltr'><strong>Audit</strong></span> <span class='ocrx_word' id='word_1_620' title='bbox 1028 1981 1064 2006; x_wconf 69' lang='lat' dir='ltr'><strong>se,</strong></span> <span class='ocrx_word' id='word_1_621' title='bbox 1080 1973 1235 2008; x_wconf 79' lang='lat' dir='ltr'><strong>Libramque</strong></span> <span class='ocrx_word' id='word_1_622' title='bbox 1247 1973 1324 2005; x_wconf 78' lang='lat' dir='ltr'><strong>videt,</strong></span> 
     </span>
    </p>
   </div>
   <div class='ocr_carea' id='block_1_103' title="bbox 931 2027 1707 2063">
    <p class='ocr_par' dir='ltr' id='par_1_103' title="bbox 931 2027 1707 2063">
     <span class='ocr_line' id='line_1_105' title="bbox 931 2027 1707 2063; baseline -0.001 -7"><span class='ocrx_word' id='word_1_623' title='bbox 931 2029 969 2056; x_wconf 90' lang='lat' dir='ltr'><strong>ait</strong></span> <span class='ocrx_word' id='word_1_624' title='bbox 983 2028 1119 2056; x_wconf 81' lang='lat' dir='ltr'><strong>Manilius.</strong></span> <span class='ocrx_word' id='word_1_625' title='bbox 1141 2027 1247 2055; x_wconf 86' lang='lat' dir='ltr'><strong>Taurus</strong></span> <span class='ocrx_word' id='word_1_626' title='bbox 1272 2027 1409 2063; x_wconf 80' lang='lat' dir='ltr'><strong>Virginem</strong></span> <span class='ocrx_word' id='word_1_627' title='bbox 1426 2027 1509 2061; x_wconf 89' lang='lat' dir='ltr'><strong>videt,</strong></span> <span class='ocrx_word' id='word_1_628' title='bbox 1530 2033 1557 2055; x_wconf 92' lang='lat' dir='ltr'><strong>et</strong></span> <span class='ocrx_word' id='word_1_629' title='bbox 1583 2027 1707 2055; x_wconf 83' lang='lat' dir='ltr'><strong>Piscibus</strong></span> 
     </span>
    </p>
   </div>
   <div class='ocr_carea' id='block_1_104' title="bbox 931 2073 1708 2110">
    <p class='ocr_par' dir='ltr' id='par_1_104' title="bbox 931 2073 1708 2110">
     <span class='ocr_line' id='line_1_106' title="bbox 931 2073 1708 2110; baseline -0.003 -9"><span class='ocrx_word' id='word_1_630' title='bbox 931 2075 1062 2110; x_wconf 85' lang='lat' dir='ltr'><strong>imperat;</strong></span> <span class='ocrx_word' id='word_1_631' title='bbox 1077 2073 1169 2101; x_wconf 86' lang='lat' dir='ltr'><strong>Pisces</strong></span> <span class='ocrx_word' id='word_1_632' title='bbox 1187 2073 1329 2108; x_wconf 89' lang='lat' dir='ltr'><strong>Scorpium</strong></span> <span class='ocrx_word' id='word_1_633' title='bbox 1346 2074 1446 2106; x_wconf 87' lang='lat' dir='ltr'><strong>vident,</strong></span> <span class='ocrx_word' id='word_1_634' title='bbox 1466 2078 1493 2101; x_wconf 90' lang='lat' dir='ltr'><strong>et</strong></span> <span class='ocrx_word' id='word_1_635' title='bbox 1513 2074 1626 2100; x_wconf 85' lang='lat' dir='ltr'><strong>audiunt</strong></span> <span class='ocrx_word' id='word_1_636' title='bbox 1637 2073 1708 2100; x_wconf 87' lang='lat' dir='ltr'><strong>Tau-</strong></span> 
     </span>
    </p>
   </div>
   <div class='ocr_carea' id='block_1_105' title="bbox 932 2118 1707 2154">
    <p class='ocr_par' dir='ltr' id='par_1_105' title="bbox 932 2118 1707 2154">
     <span class='ocr_line' id='line_1_107' title="bbox 932 2118 1707 2154; baseline -0.004 -6"><span class='ocrx_word' id='word_1_637' title='bbox 932 2128 1003 2154; x_wconf 83' lang='lat' dir='ltr'><strong>rum,</strong></span> <span class='ocrx_word' id='word_1_638' title='bbox 1019 2124 1045 2148; x_wconf 89' lang='lat' dir='ltr'><strong>et</strong></span> <span class='ocrx_word' id='word_1_639' title='bbox 1061 2120 1101 2148; x_wconf 90' lang='lat' dir='ltr'><strong>sic</strong></span> <span class='ocrx_word' id='word_1_640' title='bbox 1117 2120 1233 2154; x_wconf 87' lang='lat' dir='ltr'><strong>reliqua.</strong></span> <span class='ocrx_word' id='word_1_641' title='bbox 1249 2120 1284 2145; x_wconf 81' lang='lat' dir='ltr'><strong>At</strong></span> <span class='ocrx_word' id='word_1_642' title='bbox 1303 2118 1477 2154; x_wconf 88' lang='lat' dir='ltr'><strong>Demophilus</strong></span> <span class='ocrx_word' id='word_1_643' title='bbox 1494 2118 1707 2154; x_wconf 83' lang='grc' dir='ltr'>προστάσσοντα,</span> 
     </span>
    </p>
   </div>
   <div class='ocr_carea' id='block_1_106' title="bbox 932 2164 1719 2200">
    <p class='ocr_par' dir='ltr' id='par_1_106' title="bbox 932 2164 1719 2200">
     <span class='ocr_line' id='line_1_108' title="bbox 932 2164 1719 2200; baseline -0.004 -6"><span class='ocrx_word' id='word_1_644' title='bbox 932 2172 959 2195; x_wconf 91' lang='lat' dir='ltr'><strong>et</strong></span> <span class='ocrx_word' id='word_1_645' title='bbox 973 2166 1144 2194; x_wconf 77' lang='grc' dir='ltr'>ὑπακούοντα</span> <span class='ocrx_word' id='word_1_646' title='bbox 1158 2165 1252 2193; x_wconf 90' lang='lat' dir='ltr'><strong>eodem</strong></span> <span class='ocrx_word' id='word_1_647' title='bbox 1271 2172 1326 2200; x_wconf 90' lang='lat' dir='ltr'><strong>quo</strong></span> <span class='ocrx_word' id='word_1_648' title='bbox 1339 2164 1465 2192; x_wconf 86' lang='lat' dir='ltr'><strong>Manilius</strong></span> <span class='ocrx_word' id='word_1_649' title='bbox 1478 2168 1505 2192; x_wconf 92' lang='lat' dir='ltr'><strong>et</strong></span> <span class='ocrx_word' id='word_1_650' title='bbox 1515 2164 1615 2192; x_wconf 88' lang='lat' dir='ltr'><strong>Paulus</strong></span> <span class='ocrx_word' id='word_1_651' title='bbox 1628 2164 1719 2191; x_wconf 76' lang='lat' dir='ltr'><strong>modo.</strong></span> 
     </span>
    </p>
   </div>
   <div class='ocr_carea' id='block_1_107' title="bbox 932 2209 1709 2245">
    <p class='ocr_par' dir='ltr' id='par_1_107' title="bbox 932 2209 1709 2245">
     <span class='ocr_line' id='line_1_109' title="bbox 932 2209 1709 2245; baseline -0.005 -5"><span class='ocrx_word' id='word_1_652' title='bbox 932 2212 1100 2244; x_wconf 88' lang='lat' dir='ltr'><strong>describens,</strong></span> <span class='ocrx_word' id='word_1_653' title='bbox 1117 2211 1168 2238; x_wconf 88' lang='lat' dir='ltr'><strong>hoc</strong></span> <span class='ocrx_word' id='word_1_654' title='bbox 1187 2217 1241 2238; x_wconf 90' lang='lat' dir='ltr'><strong>uno</strong></span> <span class='ocrx_word' id='word_1_655' title='bbox 1256 2210 1361 2243; x_wconf 80' lang='lat' dir='ltr'><strong>diﬁ‘ert,</strong></span> <span class='ocrx_word' id='word_1_656' title='bbox 1378 2210 1452 2245; x_wconf 88' lang='lat' dir='ltr'><strong>quod</strong></span> <span class='ocrx_word' id='word_1_657' title='bbox 1478 2209 1596 2237; x_wconf 87' lang='lat' dir='ltr'><strong>Arietem</strong></span> <span class='ocrx_word' id='word_1_658' title='bbox 1623 2210 1709 2244; x_wconf 83' lang='lat' dir='ltr'><strong>impe-</strong></span> 
     </span>
    </p>
   </div>
   <div class='ocr_carea' id='block_1_108' title="bbox 896 2255 1709 2289">
    <p class='ocr_par' dir='ltr' id='par_1_108' title="bbox 896 2255 1709 2289">
     <span class='ocr_line' id='line_1_110' title="bbox 896 2255 1709 2289; baseline -0.002 -3"><span class='ocrx_word' id='word_1_659' title='bbox 896 2261 1038 2289; x_wconf 87' lang='lat' dir='ltr'><strong>Drantem</strong></span> <span class='ocrx_word' id='word_1_660' title='bbox 1070 2257 1157 2285; x_wconf 74' lang='lat' dir='ltr'><strong>lerae</strong></span> <span class='ocrx_word' id='word_1_661' title='bbox 1185 2257 1290 2289; x_wconf 86' lang='lat' dir='ltr'><strong>statuit,</strong></span> <span class='ocrx_word' id='word_1_662' title='bbox 1317 2260 1343 2284; x_wconf 84' lang='lat' dir='ltr'><strong>et</strong></span> <span class='ocrx_word' id='word_1_663' title='bbox 1373 2255 1483 2283; x_wconf 86' lang='lat' dir='ltr'><strong>Libram</strong></span> <span class='ocrx_word' id='word_1_664' title='bbox 1512 2256 1709 2284; x_wconf 89' lang='lat' dir='ltr'><strong>auscultantem</strong></span> 
     </span>
    </p>
   </div>
   <div class='ocr_carea' id='block_1_109' title="bbox 931 2305 1027 2332">
    <p class='ocr_par' dir='ltr' id='par_1_109' title="bbox 931 2305 1027 2332">
     <span class='ocr_line' id='line_1_111' title="bbox 931 2305 1027 2332; baseline -0.01 0"><span class='ocrx_word' id='word_1_665' title='bbox 931 2305 1027 2332; x_wconf 86' lang='lat' dir='ltr'><strong>Arieti.</strong></span> 
     </span>
    </p>
   </div>
   <div class='ocr_carea' id='block_1_110' title="bbox 966 2345 1709 2382">
    <p class='ocr_par' dir='ltr' id='par_1_110' title="bbox 966 2345 1709 2382">
     <span class='ocr_line' id='line_1_112' title="bbox 966 2345 1709 2382; baseline -0.005 -6"><span class='ocrx_word' id='word_1_666' title='bbox 966 2348 1055 2377; x_wconf 84' lang='lat' dir='ltr'><strong>Julius</strong></span> <span class='ocrx_word' id='word_1_667' title='bbox 1067 2349 1203 2376; x_wconf 87' lang='lat' dir='ltr'><strong>Firmicus</strong></span> <span class='ocrx_word' id='word_1_668' title='bbox 1214 2348 1262 2374; x_wconf 89' lang='lat' dir='ltr'><strong>lib.</strong></span> <span class='ocrx_word' id='word_1_669' title='bbox 1274 2345 1308 2377; x_wconf 81' lang='lat' dir='ltr'><strong>ll,</strong></span> <span class='ocrx_word' id='word_1_670' title='bbox 1320 2354 1380 2382; x_wconf 85' lang='lat' dir='ltr'><strong>cap.</strong></span> <span class='ocrx_word' id='word_1_671' title='bbox 1389 2345 1621 2379; x_wconf 76' lang='lat' dir='ltr'><strong>XXXll,videntia</strong></span> <span class='ocrx_word' id='word_1_672' title='bbox 1633 2346 1709 2381; x_wconf 84' lang='lat' dir='ltr'><strong>signa</strong></span> 
     </span>
    </p>
   </div>
   <div class='ocr_carea' id='block_1_111' title="bbox 932 2388 1716 2427">
    <p class='ocr_par' dir='ltr' id='par_1_111' title="bbox 932 2388 1716 2427">
     <span class='ocr_line' id='line_1_113' title="bbox 932 2388 1716 2427; baseline -0.005 -5"><span class='ocrx_word' id='word_1_673' title='bbox 932 2395 1026 2423; x_wconf 89' lang='lat' dir='ltr'><strong>eadem</strong></span> <span class='ocrx_word' id='word_1_674' title='bbox 1051 2403 1112 2422; x_wconf 90' lang='lat' dir='ltr'><strong>cum</strong></span> <span class='ocrx_word' id='word_1_675' title='bbox 1128 2394 1312 2426; x_wconf 86' lang='lat' dir='ltr'><strong>Ptolemaicis,</strong></span> <span class='ocrx_word' id='word_1_676' title='bbox 1329 2397 1356 2420; x_wconf 86' lang='lat' dir='ltr'><strong>et</strong></span> <span class='ocrx_word' id='word_1_677' title='bbox 1376 2391 1500 2427; x_wconf 75' lang='grc' dir='ltr'>συζύγοις</span> <span class='ocrx_word' id='word_1_678' title='bbox 1514 2392 1619 2420; x_wconf 90' lang='lat' dir='ltr'><strong>Gemini</strong></span> <span class='ocrx_word' id='word_1_679' title='bbox 1633 2388 1716 2424; x_wconf 46' lang='lat' dir='ltr'><strong>facit,</strong></span> 
     </span>
    </p>
   </div>
   <div class='ocr_carea' id='block_1_112' title="bbox 932 2436 1711 2477">
    <p class='ocr_par' dir='ltr' id='par_1_112' title="bbox 932 2436 1711 2477">
     <span class='ocr_line' id='line_1_114' title="bbox 932 2436 1711 2477; baseline -0.006 -8"><span class='ocrx_word' id='word_1_680' title='bbox 932 2449 1018 2477; x_wconf 91' lang='lat' dir='ltr'><strong>caque</strong></span> <span class='ocrx_word' id='word_1_681' title='bbox 1044 2450 1073 2468; x_wconf 82' lang='lat' dir='ltr'><strong>se</strong></span> <span class='ocrx_word' id='word_1_682' title='bbox 1096 2449 1129 2468; x_wconf 81' lang='lat' dir='ltr'><strong>ex</strong></span> <span class='ocrx_word' id='word_1_683' title='bbox 1151 2441 1305 2472; x_wconf 64' lang='lat' dir='ltr'><strong>Ptolemaeo,</strong></span> <span class='ocrx_word' id='word_1_684' title='bbox 1319 2439 1464 2472; x_wconf 85' lang='lat' dir='ltr'><strong>Antiocho,</strong></span> <span class='ocrx_word' id='word_1_685' title='bbox 1479 2443 1507 2466; x_wconf 86' lang='lat' dir='ltr'><strong>et</strong></span> <span class='ocrx_word' id='word_1_686' title='bbox 1520 2438 1653 2466; x_wconf 84' lang='lat' dir='ltr'><strong>Dorotheo</strong></span> <span class='ocrx_word' id='word_1_687' title='bbox 1667 2436 1711 2464; x_wconf 89' lang='lat' dir='ltr'><strong>Si-</strong></span> 
     </span>
    </p>
   </div>
   <div class='ocr_carea' id='block_1_113' title="bbox 933 2481 1709 2521">
    <p class='ocr_par' dir='ltr' id='par_1_113' title="bbox 933 2481 1709 2521">
     <span class='ocr_line' id='line_1_115' title="bbox 933 2481 1709 2521; baseline -0.009 -6"><span class='ocrx_word' id='word_1_688' title='bbox 933 2488 1016 2515; x_wconf 82' lang='lat' dir='ltr'><strong>donio</strong></span> <span class='ocrx_word' id='word_1_689' title='bbox 1042 2486 1195 2514; x_wconf 88' lang='lat' dir='ltr'><strong>describere</strong></span> <span class='ocrx_word' id='word_1_690' title='bbox 1220 2486 1374 2521; x_wconf 88' lang='lat' dir='ltr'><strong>proﬁtetur,</strong></span> <span class='ocrx_word' id='word_1_691' title='bbox 1397 2488 1478 2519; x_wconf 88' lang='lat' dir='ltr'><strong>atque</strong></span> <span class='ocrx_word' id='word_1_692' title='bbox 1493 2484 1607 2511; x_wconf 87' lang='lat' dir='ltr'><strong>antiscia</strong></span> <span class='ocrx_word' id='word_1_693' title='bbox 1622 2481 1709 2509; x_wconf 91' lang='lat' dir='ltr'><strong>nomi-</strong></span> 
     </span>
    </p>
   </div>
   <div class='ocr_carea' id='block_1_114' title="bbox 933 2528 1709 2566">
    <p class='ocr_par' dir='ltr' id='par_1_114' title="bbox 933 2528 1709 2566">
     <span class='ocr_line' id='line_1_116' title="bbox 933 2528 1709 2566; baseline -0.006 -8"><span class='ocrx_word' id='word_1_694' title='bbox 933 2538 991 2564; x_wconf 85' lang='lat' dir='ltr'><strong>nat,</strong></span> <span class='ocrx_word' id='word_1_695' title='bbox 1002 2532 1130 2558; x_wconf 88' lang='lat' dir='ltr'><strong>nimirum</strong></span> <span class='ocrx_word' id='word_1_696' title='bbox 1142 2531 1213 2566; x_wconf 91' lang='lat' dir='ltr'><strong>quod</strong></span> <span class='ocrx_word' id='word_1_697' title='bbox 1232 2531 1343 2558; x_wconf 88' lang='lat' dir='ltr'><strong>umbras</strong></span> <span class='ocrx_word' id='word_1_698' title='bbox 1357 2538 1391 2558; x_wconf 76' lang='lat' dir='ltr'><strong>ex</strong></span> <span class='ocrx_word' id='word_1_699' title='bbox 1403 2537 1481 2564; x_wconf 73' lang='lat' dir='ltr'><strong>aequo</strong></span> <span class='ocrx_word' id='word_1_700' title='bbox 1503 2528 1709 2563; x_wconf 83' lang='lat' dir='ltr'><strong>respondentes,</strong></span> 
     </span>
    </p>
   </div>
   <div class='ocr_carea' id='block_1_115' title="bbox 933 2572 1710 2609">
    <p class='ocr_par' dir='ltr' id='par_1_115' title="bbox 933 2572 1710 2609">
     <span class='ocr_line' id='line_1_117' title="bbox 933 2572 1710 2609; baseline -0.008 -5"><span class='ocrx_word' id='word_1_701' title='bbox 933 2582 961 2606; x_wconf 87' lang='lat' dir='ltr'><strong>et</strong></span> <span class='ocrx_word' id='word_1_702' title='bbox 988 2576 1101 2609; x_wconf 70' lang='grc' dir='ltr'>ἐναλλὰξ</span> <span class='ocrx_word' id='word_1_703' title='bbox 1128 2576 1240 2603; x_wconf 81' lang='lat' dir='ltr'><strong>faciant.</strong></span> <span class='ocrx_word' id='word_1_704' title='bbox 1273 2575 1340 2603; x_wconf 83' lang='lat' dir='ltr'><strong>Nam</strong></span> <span class='ocrx_word' id='word_1_705' title='bbox 1360 2577 1388 2602; x_wconf 93' lang='lat' dir='ltr'><strong>in</strong></span> <span class='ocrx_word' id='word_1_706' title='bbox 1414 2574 1533 2602; x_wconf 89' lang='lat' dir='ltr'><strong>Geminis</strong></span> <span class='ocrx_word' id='word_1_707' title='bbox 1556 2577 1582 2600; x_wconf 88' lang='lat' dir='ltr'><strong>et</strong></span> <span class='ocrx_word' id='word_1_708' title='bbox 1604 2572 1710 2599; x_wconf 85' lang='lat' dir='ltr'><strong>Cancro</strong></span> 
     </span>
    </p>
   </div>
   <div class='ocr_carea' id='block_1_116' title="bbox 934 2617 1710 2658">
    <p class='ocr_par' dir='ltr' id='par_1_116' title="bbox 934 2617 1710 2658">
     <span class='ocr_line' id='line_1_118' title="bbox 934 2617 1710 2658; baseline -0.008 -8"><span class='ocrx_word' id='word_1_709' title='bbox 934 2623 1051 2658; x_wconf 71' lang='lat' dir='ltr'><strong>aequales</strong></span> <span class='ocrx_word' id='word_1_710' title='bbox 1067 2627 1130 2650; x_wconf 90' lang='lat' dir='ltr'><strong>sunt</strong></span> <span class='ocrx_word' id='word_1_711' title='bbox 1150 2627 1255 2654; x_wconf 84' lang='lat' dir='ltr'><strong>noctes,</strong></span> <span class='ocrx_word' id='word_1_712' title='bbox 1274 2621 1321 2649; x_wconf 88' lang='lat' dir='ltr'><strong>sed</strong></span> <span class='ocrx_word' id='word_1_713' title='bbox 1346 2621 1454 2648; x_wconf 88' lang='lat' dir='ltr'><strong>inverso</strong></span> <span class='ocrx_word' id='word_1_714' title='bbox 1473 2620 1568 2646; x_wconf 90' lang='lat' dir='ltr'><strong>ordine</strong></span> <span class='ocrx_word' id='word_1_715' title='bbox 1586 2628 1593 2646; x_wconf 84' lang='lat'><strong>:</strong></span> <span class='ocrx_word' id='word_1_716' title='bbox 1611 2617 1710 2652; x_wconf 83' lang='lat' dir='ltr'><strong>quippe</strong></span> 
     </span>
    </p>
   </div>
   <div class='ocr_carea' id='block_1_117' title="bbox 936 2663 1712 2700">
    <p class='ocr_par' dir='ltr' id='par_1_117' title="bbox 936 2663 1712 2700">
     <span class='ocr_line' id='line_1_119' title="bbox 936 2663 1712 2700; baseline -0.006 -5"><span class='ocrx_word' id='word_1_717' title='bbox 936 2670 1042 2696; x_wconf 66' lang='lat' dir='ltr'><strong>initium</strong></span> <span class='ocrx_word' id='word_1_718' title='bbox 1055 2669 1137 2696; x_wconf 88' lang='lat' dir='ltr'><strong>unius</strong></span> <span class='ocrx_word' id='word_1_719' title='bbox 1148 2667 1194 2695; x_wconf 86' lang='lat' dir='ltr'><strong>ﬁni</strong></span> <span class='ocrx_word' id='word_1_720' title='bbox 1208 2668 1321 2695; x_wconf 91' lang='lat' dir='ltr'><strong>alterius</strong></span> <span class='ocrx_word' id='word_1_721' title='bbox 1337 2667 1472 2700; x_wconf 83' lang='lat' dir='ltr'><strong>congruit.</strong></span> <span class='ocrx_word' id='word_1_722' title='bbox 1486 2663 1566 2692; x_wconf 88' lang='lat' dir='ltr'><strong>Initio</strong></span> <span class='ocrx_word' id='word_1_723' title='bbox 1582 2663 1712 2690; x_wconf 87' lang='lat' dir='ltr'><strong>Gemino-</strong></span> 
     </span>
    </p>
   </div>
   <div class='ocr_carea' id='block_1_118' title="bbox 937 2708 1713 2748">
    <p class='ocr_par' dir='ltr' id='par_1_118' title="bbox 937 2708 1713 2748">
     <span class='ocr_line' id='line_1_120' title="bbox 937 2708 1713 2748; baseline -0.009 -7"><span class='ocrx_word' id='word_1_724' title='bbox 937 2722 995 2741; x_wconf 89' lang='lat' dir='ltr'><strong>rum</strong></span> <span class='ocrx_word' id='word_1_725' title='bbox 1018 2714 1076 2741; x_wconf 90' lang='lat' dir='ltr'><strong>dics</strong></span> <span class='ocrx_word' id='word_1_726' title='bbox 1092 2716 1241 2748; x_wconf 85' lang='lat' dir='ltr'><strong>noctesque</strong></span> <span class='ocrx_word' id='word_1_727' title='bbox 1266 2712 1342 2747; x_wconf 85' lang='lat' dir='ltr'><strong>paria</strong></span> <span class='ocrx_word' id='word_1_728' title='bbox 1360 2711 1464 2737; x_wconf 77' lang='lat' dir='ltr'><strong>faciunt</strong></span> <span class='ocrx_word' id='word_1_729' title='bbox 1479 2716 1540 2736; x_wconf 89' lang='lat' dir='ltr'><strong>cum</strong></span> <span class='ocrx_word' id='word_1_730' title='bbox 1555 2708 1661 2739; x_wconf 86' lang='lat' dir='ltr'><strong>diebus,</strong></span> <span class='ocrx_word' id='word_1_731' title='bbox 1679 2714 1713 2734; x_wconf 86' lang='lat' dir='ltr'><strong>ac</strong></span> 
     </span>
    </p>
   </div>
   <div class='ocr_carea' id='block_1_119' title="bbox 936 2753 1712 2788">
    <p class='ocr_par' dir='ltr' id='par_1_119' title="bbox 936 2753 1712 2788">
     <span class='ocr_line' id='line_1_121' title="bbox 936 2753 1712 2788; baseline -0.012 0"><span class='ocrx_word' id='word_1_732' title='bbox 936 2761 1063 2788; x_wconf 90' lang='lat' dir='ltr'><strong>noctibus</strong></span> <span class='ocrx_word' id='word_1_733' title='bbox 1092 2760 1119 2787; x_wconf 92' lang='lat' dir='ltr'><strong>in</strong></span> <span class='ocrx_word' id='word_1_734' title='bbox 1150 2759 1203 2786; x_wconf 91' lang='lat' dir='ltr'><strong>ﬁne</strong></span> <span class='ocrx_word' id='word_1_735' title='bbox 1225 2758 1334 2786; x_wconf 86' lang='lat' dir='ltr'><strong>Cancri.</strong></span> <span class='ocrx_word' id='word_1_736' title='bbox 1352 2756 1390 2783; x_wconf 90' lang='lat' dir='ltr'><strong>Ita</strong></span> <span class='ocrx_word' id='word_1_737' title='bbox 1410 2755 1516 2783; x_wconf 84' lang='lat' dir='ltr'><strong>initium</strong></span> <span class='ocrx_word' id='word_1_738' title='bbox 1540 2753 1623 2781; x_wconf 88' lang='lat' dir='ltr'><strong>Tauri</strong></span> <span class='ocrx_word' id='word_1_739' title='bbox 1648 2759 1712 2780; x_wconf 88' lang='lat' dir='ltr'><strong>cum</strong></span> 
     </span>
    </p>
   </div>
   <div class='ocr_carea' id='block_1_120' title="bbox 937 2798 1712 2839">
    <p class='ocr_par' dir='ltr' id='par_1_120' title="bbox 937 2798 1712 2839">
     <span class='ocr_line' id='line_1_122' title="bbox 937 2798 1712 2839; baseline -0.014 -4"><span class='ocrx_word' id='word_1_740' title='bbox 937 2808 989 2835; x_wconf 91' lang='lat' dir='ltr'><strong>ﬁne</strong></span> <span class='ocrx_word' id='word_1_741' title='bbox 1012 2806 1126 2839; x_wconf 86' lang='lat' dir='ltr'><strong>Leonis;</strong></span> <span class='ocrx_word' id='word_1_742' title='bbox 1141 2805 1202 2832; x_wconf 89' lang='lat' dir='ltr'><strong>ﬁnis</strong></span> <span class='ocrx_word' id='word_1_743' title='bbox 1214 2804 1289 2831; x_wconf 88' lang='lat' dir='ltr'><strong>illius</strong></span> <span class='ocrx_word' id='word_1_744' title='bbox 1306 2809 1367 2829; x_wconf 88' lang='lat' dir='ltr'><strong>cum</strong></span> <span class='ocrx_word' id='word_1_745' title='bbox 1386 2800 1468 2836; x_wconf 89' lang='lat' dir='ltr'><strong>hujus</strong></span> <span class='ocrx_word' id='word_1_746' title='bbox 1483 2799 1559 2827; x_wconf 88' lang='lat' dir='ltr'><strong>initio</strong></span> <span class='ocrx_word' id='word_1_747' title='bbox 1574 2798 1712 2826; x_wconf 85' lang='lat' dir='ltr'><strong>convenit.</strong></span> 
     </span>
    </p>
   </div>
   <div class='ocr_carea' id='block_1_121' title="bbox 938 2841 1714 2883">
    <p class='ocr_par' dir='ltr' id='par_1_121' title="bbox 938 2841 1714 2883">
     <span class='ocr_line' id='line_1_123' title="bbox 938 2841 1714 2883; baseline -0.013 -4"><span class='ocrx_word' id='word_1_748' title='bbox 938 2851 984 2879; x_wconf 88' lang='lat' dir='ltr'><strong>Sic</strong></span> <span class='ocrx_word' id='word_1_749' title='bbox 1009 2850 1117 2878; x_wconf 91' lang='lat' dir='ltr'><strong>antiscii</strong></span> <span class='ocrx_word' id='word_1_750' title='bbox 1148 2851 1176 2877; x_wconf 87' lang='lat' dir='ltr'><strong>in</strong></span> <span class='ocrx_word' id='word_1_751' title='bbox 1199 2848 1304 2883; x_wconf 65' lang='lat' dir='ltr'><strong>sphaera</strong></span> <span class='ocrx_word' id='word_1_752' title='bbox 1320 2846 1447 2873; x_wconf 90' lang='lat' dir='ltr'><strong>dicuntur</strong></span> <span class='ocrx_word' id='word_1_753' title='bbox 1459 2851 1514 2872; x_wconf 91' lang='lat' dir='ltr'><strong>non</strong></span> <span class='ocrx_word' id='word_1_754' title='bbox 1531 2844 1619 2871; x_wconf 89' lang='lat' dir='ltr'><strong>solum</strong></span> <span class='ocrx_word' id='word_1_755' title='bbox 1640 2841 1714 2878; x_wconf 84' lang='lat' dir='ltr'><strong>quod</strong></span> 
     </span>
    </p>
   </div>
   <div class='ocr_carea' id='block_1_122' title="bbox 940 2886 1715 2930">
    <p class='ocr_par' dir='ltr' id='par_1_122' title="bbox 940 2886 1715 2930">
     <span class='ocr_line' id='line_1_124' title="bbox 940 2886 1715 2930; baseline -0.015 -4"><span class='ocrx_word' id='word_1_756' title='bbox 940 2899 1050 2926; x_wconf 89' lang='lat' dir='ltr'><strong>umbras</strong></span> <span class='ocrx_word' id='word_1_757' title='bbox 1066 2897 1094 2925; x_wconf 93' lang='lat' dir='ltr'><strong>in</strong></span> <span class='ocrx_word' id='word_1_758' title='bbox 1110 2897 1231 2924; x_wconf 81' lang='lat' dir='ltr'><strong>diversas</strong></span> <span class='ocrx_word' id='word_1_759' title='bbox 1245 2892 1462 2930; x_wconf 75' lang='lat' dir='ltr'><strong>partesjaciant,</strong></span> <span class='ocrx_word' id='word_1_760' title='bbox 1475 2890 1522 2920; x_wconf 80' lang='lat' dir='ltr'><strong>sed</strong></span> <span class='ocrx_word' id='word_1_761' title='bbox 1544 2889 1626 2918; x_wconf 90' lang='lat' dir='ltr'><strong>etiam</strong></span> <span class='ocrx_word' id='word_1_762' title='bbox 1641 2886 1715 2924; x_wconf 82' lang='lat' dir='ltr'><strong>quod</strong></span> 
     </span>
    </p>
   </div>
  </div>
