  <div class='ocr_page' id='page_1' title='image "/cluster/home/n/w/nwhite01/storage/ocr_20150623/19/njp.32101077772463/761.png"; bbox 0 0 1900 3137; ppageno 0'>
   <div class='ocr_carea' id='block_1_1' title="bbox 190 158 259 186">
    <p class='ocr_par' dir='ltr' id='par_1_1' title="bbox 190 158 259 186">
     <span class='ocr_line' id='line_1_1' title="bbox 190 158 259 186; baseline -0.029 0"><span class='ocrx_word' id='word_1_1' title='bbox 190 158 259 186; x_wconf 73' lang='lat' dir='ltr'><strong>i567</strong></span> 
     </span>
    </p>
   </div>
   <div class='ocr_carea' id='block_1_2' title="bbox 679 153 1296 197">
    <p class='ocr_par' dir='ltr' id='par_1_2' title="bbox 679 153 1296 197">
     <span class='ocr_line' id='line_1_2' title="bbox 679 153 1296 197; baseline 0.002 -10"><span class='ocrx_word' id='word_1_2' title='bbox 679 159 725 187; x_wconf 82' lang='lat' dir='ltr'><strong>AD</strong></span> <span class='ocrx_word' id='word_1_3' title='bbox 744 159 878 189; x_wconf 85' lang='lat' dir='ltr'><strong>EUSEBll</strong></span> <span class='ocrx_word' id='word_1_4' title='bbox 892 161 1092 190; x_wconf 77' lang='lat' dir='ltr'><strong>CHRONICON</strong></span> <span class='ocrx_word' id='word_1_5' title='bbox 1110 153 1296 197; x_wconf 51' lang='lat' dir='ltr'><strong>APPENDIXQ</strong></span> 
     </span>
    </p>
   </div>
   <div class='ocr_carea' id='block_1_3' title="bbox 1737 158 1821 189">
    <p class='ocr_par' dir='ltr' id='par_1_3' title="bbox 1737 158 1821 189">
     <span class='ocr_line' id='line_1_3' title="bbox 1737 158 1821 189; baseline 0.012 -1"><span class='ocrx_word' id='word_1_6' title='bbox 1737 158 1821 189; x_wconf 77' lang='grc'><strong>’1368</strong></span> 
     </span>
    </p>
   </div>
   <div class='ocr_carea' id='block_1_4' title="bbox 190 209 1821 254">
    <p class='ocr_par' dir='ltr' id='par_1_4' title="bbox 190 209 1821 254">
     <span class='ocr_line' id='line_1_4' title="bbox 190 209 1821 254; baseline 0.001 -11"><span class='ocrx_word' id='word_1_7' title='bbox 190 215 304 251; x_wconf 83' lang='lat' dir='ltr'><strong>alternis</strong></span> <span class='ocrx_word' id='word_1_8' title='bbox 317 219 344 244; x_wconf 89' lang='lat' dir='ltr'><strong>et</strong></span> <span class='ocrx_word' id='word_1_9' title='bbox 358 216 493 244; x_wconf 88' lang='lat' dir='ltr'><strong>contrario</strong></span> <span class='ocrx_word' id='word_1_10' title='bbox 505 216 585 244; x_wconf 91' lang='lat' dir='ltr'><strong>modo</strong></span> <span class='ocrx_word' id='word_1_11' title='bbox 601 218 718 253; x_wconf 75' lang='lat' dir='ltr'><strong>aequales</strong></span> <span class='ocrx_word' id='word_1_12' title='bbox 730 218 971 251; x_wconf 88' lang='lat' dir='ltr'><strong>habeant;etenim</strong></span> <span class='ocrx_word' id='word_1_13' title='bbox 987 224 1009 253; x_wconf 77' lang='grc' dir='ltr'>Α</span> <span class='ocrx_word' id='word_1_14' title='bbox 1024 219 1142 248; x_wconf 86' lang='lat' dir='ltr'><strong>Arietem</strong></span> <span class='ocrx_word' id='word_1_15' title='bbox 1165 218 1234 246; x_wconf 92' lang='lat' dir='ltr'><strong>dixit</strong></span> <span class='ocrx_word' id='word_1_16' title='bbox 1259 223 1315 246; x_wconf 84' lang='lat' dir='ltr'><strong>non</strong></span> <span class='ocrx_word' id='word_1_17' title='bbox 1334 217 1426 246; x_wconf 76' lang='lat' dir='ltr'><strong>videre</strong></span> <span class='ocrx_word' id='word_1_18' title='bbox 1440 209 1548 246; x_wconf 74' lang='lat' dir='ltr'><strong>Libram</strong></span> <span class='ocrx_word' id='word_1_19' title='bbox 1563 221 1677 254; x_wconf 83' lang='lat' dir='ltr'><strong>propter</strong></span> <span class='ocrx_word' id='word_1_20' title='bbox 1698 219 1821 253; x_wconf 85' lang='lat' dir='ltr'><strong>interje-</strong></span> 
     </span>
    </p>
   </div>
   <div class='ocr_carea' id='block_1_5' title="bbox 191 263 969 297">
    <p class='ocr_par' dir='ltr' id='par_1_5' title="bbox 191 263 969 297">
     <span class='ocr_line' id='line_1_5' title="bbox 191 263 969 297; baseline 0.004 -8"><span class='ocrx_word' id='word_1_21' title='bbox 191 263 293 290; x_wconf 73' lang='lat' dir='ltr'><strong>antteci</strong></span> <span class='ocrx_word' id='word_1_22' title='bbox 315 263 412 294; x_wconf 90' lang='lat' dir='ltr'><strong>nostri,</strong></span> <span class='ocrx_word' id='word_1_23' title='bbox 434 270 495 289; x_wconf 90' lang='lat' dir='ltr'><strong>cum</strong></span> <span class='ocrx_word' id='word_1_24' title='bbox 509 267 552 291; x_wconf 91' lang='lat' dir='ltr'><strong>est</strong></span> <span class='ocrx_word' id='word_1_25' title='bbox 566 263 654 291; x_wconf 86' lang='lat' dir='ltr'><strong>hiems</strong></span> <span class='ocrx_word' id='word_1_26' title='bbox 670 265 759 297; x_wconf 86' lang='lat' dir='ltr'><strong>nobis,</strong></span> <span class='ocrx_word' id='word_1_27' title='bbox 776 265 899 292; x_wconf 84' lang='lat' dir='ltr'><strong>umbram</strong></span> <span class='ocrx_word' id='word_1_28' title='bbox 922 266 969 292; x_wconf 87' lang='lat' dir='ltr'><strong>ha-</strong></span> 
     </span>
    </p>
   </div>
   <div class='ocr_carea' id='block_1_6' title="bbox 190 307 968 345">
    <p class='ocr_par' dir='ltr' id='par_1_6' title="bbox 190 307 968 345">
     <span class='ocr_line' id='line_1_6' title="bbox 190 307 968 345; baseline 0.005 -11"><span class='ocrx_word' id='word_1_29' title='bbox 190 308 257 338; x_wconf 81' lang='lat' dir='ltr'><strong>bent</strong></span> <span class='ocrx_word' id='word_1_30' title='bbox 283 307 451 341; x_wconf 83' lang='lat' dir='ltr'><strong>breviorem;</strong></span> <span class='ocrx_word' id='word_1_31' title='bbox 467 315 517 336; x_wconf 94' lang='lat' dir='ltr'><strong>nos</strong></span> <span class='ocrx_word' id='word_1_32' title='bbox 539 316 604 336; x_wconf 91' lang='lat' dir='ltr'><strong>vero</strong></span> <span class='ocrx_word' id='word_1_33' title='bbox 619 309 805 345; x_wconf 78' lang='lat' dir='ltr'><strong>longissimam</strong></span> <span class='ocrx_word' id='word_1_34' title='bbox 824 320 830 338; x_wconf 90' lang='lat'><strong>:</strong></span> <span class='ocrx_word' id='word_1_35' title='bbox 847 311 968 338; x_wconf 77' lang='lat' dir='ltr'><strong>vicissim</strong></span> 
     </span>
    </p>
   </div>
   <div class='ocr_carea' id='block_1_7' title="bbox 191 356 968 390">
    <p class='ocr_par' dir='ltr' id='par_1_7' title="bbox 191 356 968 390">
     <span class='ocr_line' id='line_1_7' title="bbox 191 356 968 390; baseline 0.004 -8"><span class='ocrx_word' id='word_1_36' title='bbox 191 359 292 388; x_wconf 85' lang='lat' dir='ltr'><strong>autem,</strong></span> <span class='ocrx_word' id='word_1_37' title='bbox 307 363 368 382; x_wconf 92' lang='lat' dir='ltr'><strong>cum</strong></span> <span class='ocrx_word' id='word_1_38' title='bbox 390 358 512 382; x_wconf 60' lang='lat' dir='ltr'><strong>aestatem</strong></span> <span class='ocrx_word' id='word_1_39' title='bbox 531 356 674 390; x_wconf 85' lang='lat' dir='ltr'><strong>habemus,</strong></span> <span class='ocrx_word' id='word_1_40' title='bbox 691 358 794 385; x_wconf 72' lang='lat' dir='ltr'><strong>umbra:</strong></span> <span class='ocrx_word' id='word_1_41' title='bbox 809 362 874 386; x_wconf 89' lang='lat' dir='ltr'><strong>sunt</strong></span> <span class='ocrx_word' id='word_1_42' title='bbox 890 359 968 385; x_wconf 81' lang='lat' dir='ltr'><strong>nobis</strong></span> 
     </span>
    </p>
   </div>
   <div class='ocr_carea' id='block_1_8' title="bbox 189 400 968 438">
    <p class='ocr_par' dir='ltr' id='par_1_8' title="bbox 189 400 968 438">
     <span class='ocr_line' id='line_1_8' title="bbox 189 400 968 438; baseline 0.003 -10"><span class='ocrx_word' id='word_1_43' title='bbox 189 400 370 430; x_wconf 68' lang='lat' dir='ltr'><strong>brevissimae.</strong></span> <span class='ocrx_word' id='word_1_44' title='bbox 388 401 441 429; x_wconf 87' lang='lat' dir='ltr'><strong>illis</strong></span> <span class='ocrx_word' id='word_1_45' title='bbox 459 401 633 436; x_wconf 71' lang='lat' dir='ltr'><strong>longissimte.</strong></span> <span class='ocrx_word' id='word_1_46' title='bbox 645 403 713 430; x_wconf 90' lang='lat' dir='ltr'><strong>Tum</strong></span> <span class='ocrx_word' id='word_1_47' title='bbox 736 403 890 438; x_wconf 62' lang='lat' dir='ltr'><strong>prapositio</strong></span> <span class='ocrx_word' id='word_1_48' title='bbox 908 404 968 430; x_wconf 73' lang='grc' dir='ltr'>ἀντὶ</span> 
     </span>
    </p>
   </div>
   <div class='ocr_carea' id='block_1_9' title="bbox 190 447 967 484">
    <p class='ocr_par' dir='ltr' id='par_1_9' title="bbox 190 447 967 484">
     <span class='ocr_line' id='line_1_9' title="bbox 190 447 967 484; baseline 0.004 -12"><span class='ocrx_word' id='word_1_49' title='bbox 190 453 386 480; x_wconf 89' lang='lat' dir='ltr'><strong>nonnunquam</strong></span> <span class='ocrx_word' id='word_1_50' title='bbox 412 447 595 482; x_wconf 60' lang='lat' dir='ltr'><strong>aequalitatem</strong></span> <span class='ocrx_word' id='word_1_51' title='bbox 621 448 766 484; x_wconf 72' lang='lat' dir='ltr'><strong>signiﬁcat,</strong></span> <span class='ocrx_word' id='word_1_52' title='bbox 781 452 811 476; x_wconf 93' lang='lat' dir='ltr'><strong>ut</strong></span> <span class='ocrx_word' id='word_1_53' title='bbox 835 449 967 482; x_wconf 74' lang='grc' dir='ltr'><strong>ἀντίθεος,</strong></span> 
     </span>
    </p>
   </div>
   <div class='ocr_carea' id='block_1_10' title="bbox 189 492 966 526">
    <p class='ocr_par' dir='ltr' id='par_1_10' title="bbox 189 492 966 526">
     <span class='ocr_line' id='line_1_10' title="bbox 189 492 966 526; baseline 0.005 -8"><span class='ocrx_word' id='word_1_54' title='bbox 189 492 262 526; x_wconf 92' lang='lat' dir='ltr'><strong>quod</strong></span> <span class='ocrx_word' id='word_1_55' title='bbox 278 493 382 520; x_wconf 89' lang='lat' dir='ltr'><strong>notavit</strong></span> <span class='ocrx_word' id='word_1_56' title='bbox 395 493 514 522; x_wconf 82' lang='lat' dir='ltr'><strong>Achilles</strong></span> <span class='ocrx_word' id='word_1_57' title='bbox 531 494 625 522; x_wconf 88' lang='lat' dir='ltr'><strong>Tatius</strong></span> <span class='ocrx_word' id='word_1_58' title='bbox 641 495 674 522; x_wconf 91' lang='lat' dir='ltr'><strong>ad</strong></span> <span class='ocrx_word' id='word_1_59' title='bbox 690 495 765 522; x_wconf 80' lang='lat' dir='ltr'><strong>Arati</strong></span> <span class='ocrx_word' id='word_1_60' title='bbox 781 495 966 523; x_wconf 79' lang='lat' dir='ltr'><strong>Pha&#39;nomena.</strong></span> 
     </span>
    </p>
   </div>
   <div class='ocr_carea' id='block_1_11' title="bbox 188 537 967 573">
    <p class='ocr_par' dir='ltr' id='par_1_11' title="bbox 188 537 967 573">
     <span class='ocr_line' id='line_1_11' title="bbox 188 537 967 573; baseline 0.005 -9"><span class='ocrx_word' id='word_1_61' title='bbox 188 537 218 564; x_wconf 90' lang='lat' dir='ltr'><strong>In</strong></span> <span class='ocrx_word' id='word_1_62' title='bbox 233 537 284 565; x_wconf 89' lang='lat' dir='ltr'><strong>hac</strong></span> <span class='ocrx_word' id='word_1_63' title='bbox 298 538 475 566; x_wconf 89' lang='lat' dir='ltr'><strong>antisciorum</strong></span> <span class='ocrx_word' id='word_1_64' title='bbox 493 541 608 573; x_wconf 89' lang='lat' dir='ltr'><strong>ratione,</strong></span> <span class='ocrx_word' id='word_1_65' title='bbox 628 548 659 568; x_wconf 91' lang='lat' dir='ltr'><strong>ac</strong></span> <span class='ocrx_word' id='word_1_66' title='bbox 671 541 730 569; x_wconf 93' lang='lat' dir='ltr'><strong>loco</strong></span> <span class='ocrx_word' id='word_1_67' title='bbox 744 541 854 569; x_wconf 83' lang='lat' dir='ltr'><strong>Firmici</strong></span> <span class='ocrx_word' id='word_1_68' title='bbox 870 542 967 568; x_wconf 91' lang='lat' dir='ltr'><strong>imma-</strong></span> 
     </span>
    </p>
   </div>
   <div class='ocr_carea' id='block_1_12' title="bbox 187 583 968 620">
    <p class='ocr_par' dir='ltr' id='par_1_12' title="bbox 187 583 968 620">
     <span class='ocr_line' id='line_1_12' title="bbox 187 583 968 620; baseline 0.006 -11"><span class='ocrx_word' id='word_1_69' title='bbox 187 585 260 610; x_wconf 82' lang='lat' dir='ltr'><strong>niter</strong></span> <span class='ocrx_word' id='word_1_70' title='bbox 280 583 416 620; x_wconf 87' lang='lat' dir='ltr'><strong>aberravit</strong></span> <span class='ocrx_word' id='word_1_71' title='bbox 429 585 470 611; x_wconf 92' lang='lat' dir='ltr'><strong>vir</strong></span> <span class='ocrx_word' id='word_1_72' title='bbox 487 586 630 616; x_wconf 80' lang='lat' dir='ltr'><strong>maximus,</strong></span> <span class='ocrx_word' id='word_1_73' title='bbox 649 590 678 612; x_wconf 92' lang='lat' dir='ltr'><strong>ut</strong></span> <span class='ocrx_word' id='word_1_74' title='bbox 701 586 760 620; x_wconf 88' lang='lat' dir='ltr'><strong>ejus</strong></span> <span class='ocrx_word' id='word_1_75' title='bbox 782 586 853 614; x_wconf 91' lang='lat' dir='ltr'><strong>simii</strong></span> <span class='ocrx_word' id='word_1_76' title='bbox 878 587 968 614; x_wconf 84' lang='lat' dir='ltr'><strong>verbis</strong></span> 
     </span>
    </p>
   </div>
   <div class='ocr_carea' id='block_1_13' title="bbox 188 630 968 668">
    <p class='ocr_par' dir='ltr' id='par_1_13' title="bbox 188 630 968 668">
     <span class='ocr_line' id='line_1_13' title="bbox 188 630 968 668; baseline 0.006 -13"><span class='ocrx_word' id='word_1_77' title='bbox 188 632 259 662; x_wconf 79' lang='lat' dir='ltr'><strong>utar,</strong></span> <span class='ocrx_word' id='word_1_78' title='bbox 277 630 323 664; x_wconf 88' lang='lat' dir='ltr'><strong>qui</strong></span> <span class='ocrx_word' id='word_1_79' title='bbox 347 631 415 658; x_wconf 87' lang='lat' dir='ltr'><strong>nihil</strong></span> <span class='ocrx_word' id='word_1_80' title='bbox 430 639 463 658; x_wconf 82' lang='lat' dir='ltr'><strong>ex</strong></span> <span class='ocrx_word' id='word_1_81' title='bbox 484 632 546 664; x_wconf 87' lang='lat' dir='ltr'><strong>isto,</strong></span> <span class='ocrx_word' id='word_1_82' title='bbox 564 632 616 659; x_wconf 91' lang='lat' dir='ltr'><strong>nisi</strong></span> <span class='ocrx_word' id='word_1_83' title='bbox 633 631 733 660; x_wconf 89' lang='lat' dir='ltr'><strong>fastum</strong></span> <span class='ocrx_word' id='word_1_84' title='bbox 760 637 787 660; x_wconf 88' lang='lat' dir='ltr'><strong>et</strong></span> <span class='ocrx_word' id='word_1_85' title='bbox 801 633 968 668; x_wconf 61' lang='lat' dir='ltr'><strong>praecipitem</strong></span> 
     </span>
    </p>
   </div>
   <div class='ocr_carea' id='block_1_14' title="bbox 187 675 968 712">
    <p class='ocr_par' dir='ltr' id='par_1_14' title="bbox 187 675 968 712">
     <span class='ocr_line' id='line_1_14' title="bbox 187 675 968 712; baseline 0.005 -10"><span class='ocrx_word' id='word_1_86' title='bbox 187 675 378 704; x_wconf 84' lang='lat' dir='ltr'><strong>conﬁdentiam</strong></span> <span class='ocrx_word' id='word_1_87' title='bbox 388 678 532 712; x_wconf 86' lang='lat' dir='ltr'><strong>expressit.</strong></span> <span class='ocrx_word' id='word_1_88' title='bbox 546 678 614 705; x_wconf 81' lang='lat' dir='ltr'><strong>Nam</strong></span> <span class='ocrx_word' id='word_1_89' title='bbox 631 679 658 706; x_wconf 85' lang='lat' dir='ltr'><strong>in</strong></span> <span class='ocrx_word' id='word_1_90' title='bbox 674 678 839 710; x_wconf 85' lang='lat' dir='ltr'><strong>Manilianis,</strong></span> <span class='ocrx_word' id='word_1_91' title='bbox 855 679 968 706; x_wconf 88' lang='lat' dir='ltr'><strong>antiscia</strong></span> 
     </span>
    </p>
   </div>
   <div class='ocr_carea' id='block_1_15' title="bbox 187 722 970 759">
    <p class='ocr_par' dir='ltr' id='par_1_15' title="bbox 187 722 970 759">
     <span class='ocr_line' id='line_1_15' title="bbox 187 722 970 759; baseline 0.004 -11"><span class='ocrx_word' id='word_1_92' title='bbox 187 728 218 749; x_wconf 82' lang='lat' dir='ltr'><strong>se</strong></span> <span class='ocrx_word' id='word_1_93' title='bbox 231 725 351 749; x_wconf 85' lang='lat' dir='ltr'><strong>veterum</strong></span> <span class='ocrx_word' id='word_1_94' title='bbox 367 722 500 751; x_wconf 89' lang='lat' dir='ltr'><strong>hactenus</strong></span> <span class='ocrx_word' id='word_1_95' title='bbox 511 724 601 759; x_wconf 74' lang='lat' dir='ltr'><strong>ignota</strong></span> <span class='ocrx_word' id='word_1_96' title='bbox 615 724 731 758; x_wconf 87' lang='lat' dir='ltr'><strong>primum</strong></span> <span class='ocrx_word' id='word_1_97' title='bbox 749 724 870 751; x_wconf 91' lang='lat' dir='ltr'><strong>omnium</strong></span> <span class='ocrx_word' id='word_1_98' title='bbox 886 724 970 759; x_wconf 83' lang='lat' dir='ltr'><strong>expli-</strong></span> 
     </span>
    </p>
   </div>
   <div class='ocr_carea' id='block_1_16' title="bbox 188 767 967 805">
    <p class='ocr_par' dir='ltr' id='par_1_16' title="bbox 188 767 967 805">
     <span class='ocr_line' id='line_1_16' title="bbox 188 767 967 805; baseline 0.004 -10"><span class='ocrx_word' id='word_1_99' title='bbox 188 774 267 795; x_wconf 84' lang='lat' dir='ltr'><strong>casse</strong></span> <span class='ocrx_word' id='word_1_100' title='bbox 279 767 363 802; x_wconf 88' lang='lat' dir='ltr'><strong>jactat</strong></span> <span class='ocrx_word' id='word_1_101' title='bbox 374 768 411 804; x_wconf 86' lang='lat' dir='ltr'><strong>(p.</strong></span> <span class='ocrx_word' id='word_1_102' title='bbox 425 769 476 796; x_wconf 66' lang='lat'><strong>155</strong></span> <span class='ocrx_word' id='word_1_103' title='bbox 489 769 596 805; x_wconf 68' lang='lat' dir='ltr'><strong>et159),</strong></span> <span class='ocrx_word' id='word_1_104' title='bbox 607 773 634 797; x_wconf 87' lang='lat' dir='ltr'><strong>et</strong></span> <span class='ocrx_word' id='word_1_105' title='bbox 649 770 853 798; x_wconf 87' lang='lat' dir='ltr'><strong>mathematicos</strong></span> <span class='ocrx_word' id='word_1_106' title='bbox 863 778 967 803; x_wconf 86' lang='lat' dir='ltr'><strong>omnes,</strong></span> 
     </span>
    </p>
   </div>
   <div class='ocr_carea' id='block_1_17' title="bbox 192 813 969 851">
    <p class='ocr_par' dir='ltr' id='par_1_17' title="bbox 192 813 969 851">
     <span class='ocr_line' id='line_1_17' title="bbox 192 813 969 851; baseline 0.006 -12"><span class='ocrx_word' id='word_1_107' title='bbox 192 813 266 847; x_wconf 89' lang='lat' dir='ltr'><strong>quod</strong></span> <span class='ocrx_word' id='word_1_108' title='bbox 288 814 446 842; x_wconf 87' lang='lat' dir='ltr'><strong>nesciebant</strong></span> <span class='ocrx_word' id='word_1_109' title='bbox 455 815 591 843; x_wconf 89' lang='lat' dir='ltr'><strong>docuisse.</strong></span> <span class='ocrx_word' id='word_1_110' title='bbox 603 815 686 851; x_wconf 80' lang='lat' dir='ltr'><strong>Igitur</strong></span> <span class='ocrx_word' id='word_1_111' title='bbox 700 817 816 844; x_wconf 90' lang='lat' dir='ltr'><strong>antiscia</strong></span> <span class='ocrx_word' id='word_1_112' title='bbox 832 817 969 845; x_wconf 79' lang='lat' dir='ltr'><strong>veteribus</strong></span> 
     </span>
    </p>
   </div>
   <div class='ocr_carea' id='block_1_18' title="bbox 188 859 969 898">
    <p class='ocr_par' dir='ltr' id='par_1_18' title="bbox 188 859 969 898">
     <span class='ocr_line' id='line_1_18' title="bbox 188 859 969 898; baseline 0.006 -13"><span class='ocrx_word' id='word_1_113' title='bbox 188 859 267 893; x_wconf 83' lang='lat' dir='ltr'><strong>signa</strong></span> <span class='ocrx_word' id='word_1_114' title='bbox 276 859 321 886; x_wconf 90' lang='lat' dir='ltr'><strong>illa</strong></span> <span class='ocrx_word' id='word_1_115' title='bbox 331 859 415 891; x_wconf 83' lang='lat' dir='ltr'><strong>fuisse</strong></span> <span class='ocrx_word' id='word_1_116' title='bbox 425 860 500 894; x_wconf 86' lang='lat' dir='ltr'><strong>dicit,</strong></span> <span class='ocrx_word' id='word_1_117' title='bbox 509 869 568 896; x_wconf 88' lang='lat' dir='ltr'><strong>quae</strong></span> <span class='ocrx_word' id='word_1_118' title='bbox 577 869 592 888; x_wconf 89' lang='lat' dir='ltr'><strong>a</strong></span> <span class='ocrx_word' id='word_1_119' title='bbox 602 862 709 897; x_wconf 89' lang='lat' dir='ltr'><strong>punctis</strong></span> <span class='ocrx_word' id='word_1_120' title='bbox 718 867 833 898; x_wconf 82' lang='lat' dir='ltr'><strong>quatuor</strong></span> <span class='ocrx_word' id='word_1_121' title='bbox 842 863 969 890; x_wconf 89' lang='lat' dir='ltr'><strong>cardina-</strong></span> 
     </span>
    </p>
   </div>
   <div class='ocr_carea' id='block_1_19' title="bbox 191 899 1003 944">
    <p class='ocr_par' dir='ltr' id='par_1_19' title="bbox 191 899 1003 944">
     <span class='ocr_line' id='line_1_19' title="bbox 191 899 1003 944; baseline 0.006 -13"><span class='ocrx_word' id='word_1_122' title='bbox 191 905 263 933; x_wconf 88' lang='lat' dir='ltr'><strong>libus</strong></span> <span class='ocrx_word' id='word_1_123' title='bbox 274 913 307 933; x_wconf 88' lang='lat' dir='ltr'><strong>ex</strong></span> <span class='ocrx_word' id='word_1_124' title='bbox 320 913 398 942; x_wconf 72' lang='lat' dir='ltr'><strong>aequo</strong></span> <span class='ocrx_word' id='word_1_125' title='bbox 412 906 528 942; x_wconf 84' lang='lat' dir='ltr'><strong>distant;</strong></span> <span class='ocrx_word' id='word_1_126' title='bbox 539 908 590 935; x_wconf 91' lang='lat' dir='ltr'><strong>hoc</strong></span> <span class='ocrx_word' id='word_1_127' title='bbox 604 912 647 936; x_wconf 80' lang='lat' dir='ltr'><strong>est</strong></span> <span class='ocrx_word' id='word_1_128' title='bbox 659 913 712 936; x_wconf 91' lang='lat' dir='ltr'><strong>tam</strong></span> <span class='ocrx_word' id='word_1_129' title='bbox 729 909 964 944; x_wconf 85' lang='lat' dir='ltr'><strong>audientia,quam</strong></span> <span class='ocrx_word' id='word_1_130' title='bbox 980 899 1003 927; x_wconf 76' lang='grc' dir='ltr'><strong>Β</strong></span> 
     </span>
    </p>
   </div>
   <div class='ocr_carea' id='block_1_20' title="bbox 186 951 966 990">
    <p class='ocr_par' dir='ltr' id='par_1_20' title="bbox 186 951 966 990">
     <span class='ocr_line' id='line_1_20' title="bbox 186 951 966 990; baseline 0.005 -12"><span class='ocrx_word' id='word_1_131' title='bbox 186 951 319 978; x_wconf 82' lang='lat' dir='ltr'><strong>videntia.</strong></span> <span class='ocrx_word' id='word_1_132' title='bbox 333 951 418 979; x_wconf 84' lang='lat' dir='ltr'><strong>Porro</strong></span> <span class='ocrx_word' id='word_1_133' title='bbox 447 960 509 979; x_wconf 90' lang='lat' dir='ltr'><strong>cum</strong></span> <span class='ocrx_word' id='word_1_134' title='bbox 535 953 616 981; x_wconf 91' lang='lat' dir='ltr'><strong>iidem</strong></span> <span class='ocrx_word' id='word_1_135' title='bbox 635 958 740 982; x_wconf 84' lang='lat' dir='ltr'><strong>veteres</strong></span> <span class='ocrx_word' id='word_1_136' title='bbox 754 955 924 990; x_wconf 66' lang='lat' dir='ltr'><strong>aequinoctia.</strong></span> <span class='ocrx_word' id='word_1_137' title='bbox 939 959 966 982; x_wconf 91' lang='lat' dir='ltr'><strong>et</strong></span> 
     </span>
    </p>
   </div>
   <div class='ocr_carea' id='block_1_21' title="bbox 186 995 964 1026">
    <p class='ocr_par' dir='ltr' id='par_1_21' title="bbox 186 995 964 1026">
     <span class='ocr_line' id='line_1_21' title="bbox 186 995 964 1026; baseline 0.005 -4"><span class='ocrx_word' id='word_1_138' title='bbox 186 995 305 1023; x_wconf 80' lang='lat' dir='ltr'><strong>solstitia</strong></span> <span class='ocrx_word' id='word_1_139' title='bbox 316 996 448 1023; x_wconf 88' lang='lat' dir='ltr'><strong>committi</strong></span> <span class='ocrx_word' id='word_1_140' title='bbox 463 996 606 1024; x_wconf 85' lang='lat' dir='ltr'><strong>crederent</strong></span> <span class='ocrx_word' id='word_1_141' title='bbox 616 998 644 1024; x_wconf 93' lang='lat' dir='ltr'><strong>in</strong></span> <span class='ocrx_word' id='word_1_142' title='bbox 653 999 718 1026; x_wconf 89' lang='lat' dir='ltr'><strong>totis</strong></span> <span class='ocrx_word' id='word_1_143' title='bbox 729 998 964 1026; x_wconf 87' lang='lat' dir='ltr'><strong>dodecatemoriis.</strong></span> 
     </span>
    </p>
   </div>
   <div class='ocr_carea' id='block_1_22' title="bbox 186 1040 964 1076">
    <p class='ocr_par' dir='ltr' id='par_1_22' title="bbox 186 1040 964 1076">
     <span class='ocr_line' id='line_1_22' title="bbox 186 1040 964 1076; baseline 0.004 -9"><span class='ocrx_word' id='word_1_144' title='bbox 186 1040 354 1075; x_wconf 86' lang='lat' dir='ltr'><strong>tricenisque</strong></span> <span class='ocrx_word' id='word_1_145' title='bbox 368 1041 508 1076; x_wconf 76' lang='lat' dir='ltr'><strong>gradibus,</strong></span> <span class='ocrx_word' id='word_1_146' title='bbox 525 1042 588 1070; x_wconf 85' lang='lat' dir='ltr'><strong>inde</strong></span> <span class='ocrx_word' id='word_1_147' title='bbox 609 1043 756 1075; x_wconf 84' lang='lat' dir='ltr'><strong>accidisse,</strong></span> <span class='ocrx_word' id='word_1_148' title='bbox 770 1048 800 1070; x_wconf 91' lang='lat' dir='ltr'><strong>ut</strong></span> <span class='ocrx_word' id='word_1_149' title='bbox 810 1050 836 1070; x_wconf 91' lang='lat' dir='ltr'><strong>et</strong></span> <span class='ocrx_word' id='word_1_150' title='bbox 851 1043 964 1070; x_wconf 85' lang='lat' dir='ltr'><strong>audien-</strong></span> 
     </span>
    </p>
   </div>
   <div class='ocr_carea' id='block_1_23' title="bbox 185 1085 965 1123">
    <p class='ocr_par' dir='ltr' id='par_1_23' title="bbox 185 1085 965 1123">
     <span class='ocr_line' id='line_1_23' title="bbox 185 1085 965 1123; baseline 0.004 -11"><span class='ocrx_word' id='word_1_151' title='bbox 185 1085 225 1112; x_wconf 84' lang='lat' dir='ltr'><strong>tia</strong></span> <span class='ocrx_word' id='word_1_152' title='bbox 236 1086 282 1113; x_wconf 87' lang='lat' dir='ltr'><strong>illa</strong></span> <span class='ocrx_word' id='word_1_153' title='bbox 295 1086 425 1119; x_wconf 81' lang='lat' dir='ltr'><strong>facerent,</strong></span> <span class='ocrx_word' id='word_1_154' title='bbox 444 1095 504 1122; x_wconf 79' lang='lat' dir='ltr'><strong>quae</strong></span> <span class='ocrx_word' id='word_1_155' title='bbox 518 1095 551 1115; x_wconf 86' lang='lat' dir='ltr'><strong>ex</strong></span> <span class='ocrx_word' id='word_1_156' title='bbox 566 1096 643 1123; x_wconf 79' lang='lat' dir='ltr'><strong>aequo</strong></span> <span class='ocrx_word' id='word_1_157' title='bbox 658 1088 760 1116; x_wconf 86' lang='lat' dir='ltr'><strong>distant</strong></span> <span class='ocrx_word' id='word_1_158' title='bbox 771 1089 805 1116; x_wconf 93' lang='lat' dir='ltr'><strong>ab</strong></span> <span class='ocrx_word' id='word_1_159' title='bbox 820 1089 911 1117; x_wconf 86' lang='lat' dir='ltr'><strong>Ariete</strong></span> <span class='ocrx_word' id='word_1_160' title='bbox 924 1088 965 1116; x_wconf 90' lang='lat' dir='ltr'><strong>vel</strong></span> 
     </span>
    </p>
   </div>
   <div class='ocr_carea' id='block_1_24' title="bbox 185 1130 965 1170">
    <p class='ocr_par' dir='ltr' id='par_1_24' title="bbox 185 1130 965 1170">
     <span class='ocr_line' id='line_1_24' title="bbox 185 1130 965 1170; baseline 0.006 -13"><span class='ocrx_word' id='word_1_161' title='bbox 185 1130 279 1163; x_wconf 88' lang='lat' dir='ltr'><strong>Libra,</strong></span> <span class='ocrx_word' id='word_1_162' title='bbox 295 1135 322 1159; x_wconf 90' lang='lat' dir='ltr'><strong>et</strong></span> <span class='ocrx_word' id='word_1_163' title='bbox 345 1132 473 1165; x_wconf 83' lang='lat' dir='ltr'><strong>videntia,</strong></span> <span class='ocrx_word' id='word_1_164' title='bbox 496 1141 556 1168; x_wconf 63' lang='lat' dir='ltr'><strong>quae</strong></span> <span class='ocrx_word' id='word_1_165' title='bbox 573 1133 607 1161; x_wconf 89' lang='lat' dir='ltr'><strong>ab</strong></span> <span class='ocrx_word' id='word_1_166' title='bbox 629 1133 736 1162; x_wconf 88' lang='lat' dir='ltr'><strong>Cancro</strong></span> <span class='ocrx_word' id='word_1_167' title='bbox 750 1137 778 1161; x_wconf 85' lang='lat' dir='ltr'><strong>et</strong></span> <span class='ocrx_word' id='word_1_168' title='bbox 798 1134 965 1170; x_wconf 86' lang='lat' dir='ltr'><strong>Capricorno</strong></span> 
     </span>
    </p>
   </div>
   <div class='ocr_carea' id='block_1_25' title="bbox 185 1175 966 1213">
    <p class='ocr_par' dir='ltr' id='par_1_25' title="bbox 185 1175 966 1213">
     <span class='ocr_line' id='line_1_25' title="bbox 185 1175 966 1213; baseline 0.005 -10"><span class='ocrx_word' id='word_1_169' title='bbox 185 1175 252 1204; x_wconf 85' lang='lat' dir='ltr'><strong>totis</strong></span> <span class='ocrx_word' id='word_1_170' title='bbox 270 1184 302 1205; x_wconf 82' lang='lat' dir='ltr'><strong>ex</strong></span> <span class='ocrx_word' id='word_1_171' title='bbox 321 1185 398 1213; x_wconf 65' lang='lat' dir='ltr'><strong>atquo</strong></span> <span class='ocrx_word' id='word_1_172' title='bbox 414 1183 517 1206; x_wconf 86' lang='lat' dir='ltr'><strong>remota</strong></span> <span class='ocrx_word' id='word_1_173' title='bbox 533 1184 606 1207; x_wconf 88' lang='lat' dir='ltr'><strong>sunt.</strong></span> <span class='ocrx_word' id='word_1_174' title='bbox 635 1179 697 1207; x_wconf 84' lang='lat' dir='ltr'><strong>Haec</strong></span> <span class='ocrx_word' id='word_1_175' title='bbox 722 1188 738 1207; x_wconf 70' lang='grc' dir='ltr'><strong>ιι</strong></span> <span class='ocrx_word' id='word_1_176' title='bbox 770 1180 886 1208; x_wconf 81' lang='lat' dir='ltr'><strong>veritate</strong></span> <span class='ocrx_word' id='word_1_177' title='bbox 902 1184 966 1208; x_wconf 89' lang='lat' dir='ltr'><strong>sunt</strong></span> 
     </span>
    </p>
   </div>
   <div class='ocr_carea' id='block_1_26' title="bbox 186 1221 966 1260">
    <p class='ocr_par' dir='ltr' id='par_1_26' title="bbox 186 1221 966 1260">
     <span class='ocr_line' id='line_1_26' title="bbox 186 1221 966 1260; baseline 0.005 -12"><span class='ocrx_word' id='word_1_178' title='bbox 186 1221 364 1250; x_wconf 88' lang='lat' dir='ltr'><strong>alienissima.</strong></span> <span class='ocrx_word' id='word_1_179' title='bbox 392 1222 502 1251; x_wconf 83' lang='lat' dir='ltr'><strong>Falsum</strong></span> <span class='ocrx_word' id='word_1_180' title='bbox 518 1228 561 1252; x_wconf 87' lang='lat' dir='ltr'><strong>est</strong></span> <span class='ocrx_word' id='word_1_181' title='bbox 582 1225 708 1260; x_wconf 87' lang='lat' dir='ltr'><strong>antiquos</strong></span> <span class='ocrx_word' id='word_1_182' title='bbox 737 1225 851 1253; x_wconf 88' lang='lat' dir='ltr'><strong>antiscia</strong></span> <span class='ocrx_word' id='word_1_183' title='bbox 878 1225 966 1252; x_wconf 82' lang='lat' dir='ltr'><strong>nomi-</strong></span> 
     </span>
    </p>
   </div>
   <div class='ocr_carea' id='block_1_27' title="bbox 185 1269 966 1307">
    <p class='ocr_par' dir='ltr' id='par_1_27' title="bbox 185 1269 966 1307">
     <span class='ocr_line' id='line_1_27' title="bbox 185 1269 966 1307; baseline 0.005 -12"><span class='ocrx_word' id='word_1_184' title='bbox 185 1275 268 1297; x_wconf 87' lang='lat' dir='ltr'><strong>nasse</strong></span> <span class='ocrx_word' id='word_1_185' title='bbox 281 1269 357 1304; x_wconf 74' lang='lat' dir='ltr'><strong>signa</strong></span> <span class='ocrx_word' id='word_1_186' title='bbox 373 1270 506 1305; x_wconf 78' lang='lat' dir='ltr'><strong>ulla,quae</strong></span> <span class='ocrx_word' id='word_1_187' title='bbox 515 1271 549 1298; x_wconf 91' lang='lat' dir='ltr'><strong>ab</strong></span> <span class='ocrx_word' id='word_1_188' title='bbox 559 1271 671 1306; x_wconf 74' lang='lat' dir='ltr'><strong>integris</strong></span> <span class='ocrx_word' id='word_1_189' title='bbox 683 1271 866 1299; x_wconf 87' lang='lat' dir='ltr'><strong>cardinalibus</strong></span> <span class='ocrx_word' id='word_1_190' title='bbox 880 1271 966 1307; x_wconf 78' lang='lat' dir='ltr'><strong>signis</strong></span> 
     </span>
    </p>
   </div>
   <div class='ocr_carea' id='block_1_28' title="bbox 185 1315 965 1352">
    <p class='ocr_par' dir='ltr' id='par_1_28' title="bbox 185 1315 965 1352">
     <span class='ocr_line' id='line_1_28' title="bbox 185 1315 965 1352; baseline 0.004 -11"><span class='ocrx_word' id='word_1_191' title='bbox 185 1315 282 1349; x_wconf 66' lang='lat' dir='ltr'><strong>mquali</strong></span> <span class='ocrx_word' id='word_1_192' title='bbox 301 1315 390 1350; x_wconf 87' lang='lat' dir='ltr'><strong>spatio</strong></span> <span class='ocrx_word' id='word_1_193' title='bbox 413 1316 558 1349; x_wconf 87' lang='lat' dir='ltr'><strong>distarent,</strong></span> <span class='ocrx_word' id='word_1_194' title='bbox 580 1317 714 1352; x_wconf 82' lang='lat' dir='ltr'><strong>siquidem</strong></span> <span class='ocrx_word' id='word_1_195' title='bbox 742 1317 809 1352; x_wconf 87' lang='lat' dir='ltr'><strong>ipsis</strong></span> <span class='ocrx_word' id='word_1_196' title='bbox 827 1318 965 1352; x_wconf 78' lang='lat' dir='ltr'><strong>signorum</strong></span> 
     </span>
    </p>
   </div>
   <div class='ocr_carea' id='block_1_29' title="bbox 185 1359 966 1396">
    <p class='ocr_par' dir='ltr' id='par_1_29' title="bbox 185 1359 966 1396">
     <span class='ocr_line' id='line_1_29' title="bbox 185 1359 966 1396; baseline 0.003 -10"><span class='ocrx_word' id='word_1_197' title='bbox 185 1359 273 1387; x_wconf 88' lang='lat' dir='ltr'><strong>initiis</strong></span> <span class='ocrx_word' id='word_1_198' title='bbox 303 1360 430 1388; x_wconf 86' lang='lat' dir='ltr'><strong>cardines</strong></span> <span class='ocrx_word' id='word_1_199' title='bbox 465 1360 613 1396; x_wconf 74' lang='lat' dir='ltr'><strong>aﬂigerent.</strong></span> <span class='ocrx_word' id='word_1_200' title='bbox 642 1360 710 1390; x_wconf 89' lang='lat' dir='ltr'><strong>Tum</strong></span> <span class='ocrx_word' id='word_1_201' title='bbox 737 1361 764 1394; x_wconf 83' lang='lat' dir='ltr'><strong>in</strong></span> <span class='ocrx_word' id='word_1_202' title='bbox 789 1362 966 1388; x_wconf 90' lang='lat' dir='ltr'><strong>antisciorum</strong></span> 
     </span>
    </p>
   </div>
   <div class='ocr_carea' id='block_1_30' title="bbox 186 1403 966 1440">
    <p class='ocr_par' dir='ltr' id='par_1_30' title="bbox 186 1403 966 1440">
     <span class='ocr_line' id='line_1_30' title="bbox 186 1403 966 1440; baseline 0.001 -10"><span class='ocrx_word' id='word_1_203' title='bbox 186 1403 320 1432; x_wconf 74' lang='grc' dir='ltr'><strong>οἰκειώσει</strong></span> <span class='ocrx_word' id='word_1_204' title='bbox 335 1405 393 1432; x_wconf 91' lang='lat' dir='ltr'><strong>sola</strong></span> <span class='ocrx_word' id='word_1_205' title='bbox 408 1410 509 1440; x_wconf 90' lang='lat' dir='ltr'><strong>puncta</strong></span> <span class='ocrx_word' id='word_1_206' title='bbox 527 1406 683 1433; x_wconf 87' lang='lat' dir='ltr'><strong>solstitialia</strong></span> <span class='ocrx_word' id='word_1_207' title='bbox 701 1406 789 1433; x_wconf 92' lang='lat' dir='ltr'><strong>locum</strong></span> <span class='ocrx_word' id='word_1_208' title='bbox 804 1406 966 1440; x_wconf 83' lang='lat' dir='ltr'><strong>habuerunt,</strong></span> 
     </span>
    </p>
   </div>
   <div class='ocr_carea' id='block_1_31' title="bbox 186 1451 967 1487">
    <p class='ocr_par' dir='ltr' id='par_1_31' title="bbox 186 1451 967 1487">
     <span class='ocr_line' id='line_1_31' title="bbox 186 1451 967 1487; baseline -0.001 -9"><span class='ocrx_word' id='word_1_209' title='bbox 186 1458 242 1478; x_wconf 92' lang='lat' dir='ltr'><strong>non</strong></span> <span class='ocrx_word' id='word_1_210' title='bbox 257 1451 474 1486; x_wconf 69' lang='lat' dir='ltr'><strong>aaquinoctialia;</strong></span> <span class='ocrx_word' id='word_1_211' title='bbox 489 1459 576 1487; x_wconf 90' lang='lat' dir='ltr'><strong>neque</strong></span> <span class='ocrx_word' id='word_1_212' title='bbox 601 1455 657 1479; x_wconf 91' lang='lat' dir='ltr'><strong>tota</strong></span> <span class='ocrx_word' id='word_1_213' title='bbox 683 1453 741 1487; x_wconf 85' lang='lat' dir='ltr'><strong>ipsa</strong></span> <span class='ocrx_word' id='word_1_214' title='bbox 765 1451 862 1479; x_wconf 85' lang='lat' dir='ltr'><strong>Cancri</strong></span> <span class='ocrx_word' id='word_1_215' title='bbox 877 1455 904 1478; x_wconf 90' lang='lat' dir='ltr'><strong>et</strong></span> <span class='ocrx_word' id='word_1_216' title='bbox 915 1451 967 1478; x_wconf 86' lang='lat' dir='ltr'><strong>Ca-</strong></span> 
     </span>
    </p>
   </div>
   <div class='ocr_carea' id='block_1_32' title="bbox 185 1496 967 1532">
    <p class='ocr_par' dir='ltr' id='par_1_32' title="bbox 185 1496 967 1532">
     <span class='ocr_line' id='line_1_32' title="bbox 185 1496 967 1532; baseline -0.001 -8"><span class='ocrx_word' id='word_1_217' title='bbox 185 1497 308 1532; x_wconf 91' lang='lat' dir='ltr'><strong>pricorni</strong></span> <span class='ocrx_word' id='word_1_218' title='bbox 327 1497 554 1529; x_wconf 89' lang='lat' dir='ltr'><strong>dodecatemoria,</strong></span> <span class='ocrx_word' id='word_1_219' title='bbox 567 1497 613 1525; x_wconf 89' lang='lat' dir='ltr'><strong>sed</strong></span> <span class='ocrx_word' id='word_1_220' title='bbox 629 1497 675 1524; x_wconf 92' lang='lat' dir='ltr'><strong>illa</strong></span> <span class='ocrx_word' id='word_1_221' title='bbox 690 1498 748 1532; x_wconf 91' lang='lat' dir='ltr'><strong>ipsa</strong></span> <span class='ocrx_word' id='word_1_222' title='bbox 764 1501 864 1532; x_wconf 82' lang='lat' dir='ltr'><strong>puncta</strong></span> <span class='ocrx_word' id='word_1_223' title='bbox 877 1496 967 1524; x_wconf 86' lang='lat' dir='ltr'><strong>solsti-</strong></span> 
     </span>
    </p>
   </div>
   <div class='ocr_carea' id='block_1_33' title="bbox 186 1542 964 1578">
    <p class='ocr_par' dir='ltr' id='par_1_33' title="bbox 186 1542 964 1578">
     <span class='ocr_line' id='line_1_33' title="bbox 186 1542 964 1578; baseline 0.001 -9"><span class='ocrx_word' id='word_1_224' title='bbox 186 1542 298 1570; x_wconf 86' lang='lat' dir='ltr'><strong>tiorum.</strong></span> <span class='ocrx_word' id='word_1_225' title='bbox 319 1542 428 1570; x_wconf 86' lang='lat' dir='ltr'><strong>Nullum</strong></span> <span class='ocrx_word' id='word_1_226' title='bbox 444 1543 599 1570; x_wconf 65' lang='lat' dir='ltr'><strong>vanissimas</strong></span> <span class='ocrx_word' id='word_1_227' title='bbox 620 1543 756 1578; x_wconf 89' lang='lat' dir='ltr'><strong>opinionis</strong></span> <span class='ocrx_word' id='word_1_228' title='bbox 776 1547 964 1578; x_wconf 79' lang='lat' dir='ltr'><strong>argumentum</strong></span> 
     </span>
    </p>
   </div>
   <div class='ocr_carea' id='block_1_34' title="bbox 187 1569 998 1622">
    <p class='ocr_par' dir='ltr' id='par_1_34' title="bbox 187 1569 998 1622">
     <span class='ocr_line' id='line_1_34' title="bbox 187 1569 998 1622; baseline 0 -8"><span class='ocrx_word' id='word_1_229' title='bbox 187 1586 262 1618; x_wconf 84' lang='lat' dir='ltr'><strong>aliud</strong></span> <span class='ocrx_word' id='word_1_230' title='bbox 283 1569 404 1622; x_wconf 73' lang='lat' dir='ltr'><strong>scaliger</strong></span> <span class='ocrx_word' id='word_1_231' title='bbox 430 1569 532 1620; x_wconf 69' lang='lat' dir='ltr'><strong>attulit,</strong></span> <span class='ocrx_word' id='word_1_232' title='bbox 550 1569 604 1615; x_wconf 77' lang='lat' dir='ltr'><strong>nisi</strong></span> <span class='ocrx_word' id='word_1_233' title='bbox 624 1569 841 1615; x_wconf 21' lang='lat' dir='ltr'><strong>Firmicirlocu‘ni</strong></span> <span class='ocrx_word' id='word_1_234' title='bbox 929 1586 962 1617; x_wconf 82' lang='lat' dir='ltr'><strong>ll.</strong></span> <span class='ocrx_word' id='word_1_235' title='bbox 978 1569 998 1601; x_wconf 59' lang='grc' dir='ltr'>ϐ</span> 
     </span>
    </p>
   </div>
   <div class='ocr_carea' id='block_1_35' title="bbox 186 1630 964 1670">
    <p class='ocr_par' dir='ltr' id='par_1_35' title="bbox 186 1630 964 1670">
     <span class='ocr_line' id='line_1_35' title="bbox 186 1630 964 1670; baseline -0.004 -10"><span class='ocrx_word' id='word_1_236' title='bbox 186 1639 213 1661; x_wconf 80' lang='lat' dir='ltr'><strong>c.</strong></span> <span class='ocrx_word' id='word_1_237' title='bbox 231 1631 350 1667; x_wconf 77' lang='lat' dir='ltr'><strong>XXXII),</strong></span> <span class='ocrx_word' id='word_1_238' title='bbox 367 1639 447 1670; x_wconf 80' lang='lat' dir='ltr'><strong>quem</strong></span> <span class='ocrx_word' id='word_1_239' title='bbox 476 1631 592 1666; x_wconf 88' lang='lat' dir='ltr'><strong>pessime</strong></span> <span class='ocrx_word' id='word_1_240' title='bbox 616 1632 810 1666; x_wconf 89' lang='lat' dir='ltr'><strong>interpretatus</strong></span> <span class='ocrx_word' id='word_1_241' title='bbox 832 1635 883 1658; x_wconf 88' lang='lat' dir='ltr'><strong>est.</strong></span> <span class='ocrx_word' id='word_1_242' title='bbox 898 1630 964 1664; x_wconf 88' lang='lat' dir='ltr'><strong>Ejus</strong></span> 
     </span>
    </p>
   </div>
   <div class='ocr_carea' id='block_1_36' title="bbox 187 1670 965 1712">
    <p class='ocr_par' dir='ltr' id='par_1_36' title="bbox 187 1670 965 1712">
     <span class='ocr_line' id='line_1_36' title="bbox 187 1670 965 1712; baseline -0.005 -6"><span class='ocrx_word' id='word_1_243' title='bbox 187 1677 330 1712; x_wconf 83' lang='lat' dir='ltr'><strong>scriptoris</strong></span> <span class='ocrx_word' id='word_1_244' title='bbox 347 1670 428 1705; x_wconf 73' lang='lat' dir='ltr'><strong>verba</strong></span> <span class='ocrx_word' id='word_1_245' title='bbox 445 1682 509 1705; x_wconf 91' lang='lat' dir='ltr'><strong>sunt</strong></span> <span class='ocrx_word' id='word_1_246' title='bbox 527 1686 533 1704; x_wconf 91' lang='lat'>:</span> <span class='ocrx_word' id='word_1_247' title='bbox 555 1685 564 1702; x_wconf 85' lang='grc'><strong><em>‹</em></strong></span> <span class='ocrx_word' id='word_1_248' title='bbox 582 1676 714 1709; x_wconf 86' lang='lat' dir='ltr'><strong>Antiscia,</strong></span> <span class='ocrx_word' id='word_1_249' title='bbox 730 1676 885 1703; x_wconf 67' lang='lat' dir='ltr'><strong>Graecorum</strong></span> <span class='ocrx_word' id='word_1_250' title='bbox 901 1678 965 1702; x_wconf 87' lang='lat' dir='ltr'><strong>sunt</strong></span> 
     </span>
    </p>
   </div>
   <div class='ocr_carea' id='block_1_37' title="bbox 186 1722 966 1760">
    <p class='ocr_par' dir='ltr' id='par_1_37' title="bbox 186 1722 966 1760">
     <span class='ocr_line' id='line_1_37' title="bbox 186 1722 966 1760; baseline -0.003 -9"><span class='ocrx_word' id='word_1_251' title='bbox 186 1723 267 1751; x_wconf 89' lang='lat' dir='ltr'><strong>nobis</strong></span> <span class='ocrx_word' id='word_1_252' title='bbox 282 1724 440 1760; x_wconf 69' lang='lat' dir='ltr'><strong>magisterio</strong></span> <span class='ocrx_word' id='word_1_253' title='bbox 463 1723 572 1751; x_wconf 89' lang='lat' dir='ltr'><strong>tradita.</strong></span> <span class='ocrx_word' id='word_1_254' title='bbox 587 1722 654 1750; x_wconf 87' lang='lat' dir='ltr'><strong>Nolo</strong></span> <span class='ocrx_word' id='word_1_255' title='bbox 666 1723 739 1750; x_wconf 89' lang='lat' dir='ltr'><strong>enim</strong></span> <span class='ocrx_word' id='word_1_256' title='bbox 753 1723 852 1758; x_wconf 87' lang='lat' dir='ltr'><strong>aliquis</strong></span> <span class='ocrx_word' id='word_1_257' title='bbox 876 1723 966 1757; x_wconf 90' lang='lat' dir='ltr'><strong>suspi-</strong></span> 
     </span>
    </p>
   </div>
   <div class='ocr_carea' id='block_1_38' title="bbox 187 1769 964 1805">
    <p class='ocr_par' dir='ltr' id='par_1_38' title="bbox 187 1769 964 1805">
     <span class='ocr_line' id='line_1_38' title="bbox 187 1769 964 1805; baseline -0.001 -8"><span class='ocrx_word' id='word_1_258' title='bbox 187 1773 274 1802; x_wconf 86' lang='lat' dir='ltr'><strong>cetur,</strong></span> <span class='ocrx_word' id='word_1_259' title='bbox 291 1770 364 1805; x_wconf 88' lang='lat' dir='ltr'><strong>quod</strong></span> <span class='ocrx_word' id='word_1_260' title='bbox 392 1777 448 1797; x_wconf 92' lang='lat' dir='ltr'><strong>non</strong></span> <span class='ocrx_word' id='word_1_261' title='bbox 476 1770 512 1797; x_wconf 88' lang='lat' dir='ltr'><strong>sit</strong></span> <span class='ocrx_word' id='word_1_262' title='bbox 535 1769 606 1805; x_wconf 88' lang='lat' dir='ltr'><strong>apud</strong></span> <span class='ocrx_word' id='word_1_263' title='bbox 623 1769 730 1797; x_wconf 59' lang='lat' dir='ltr'><strong>Gnaeos</strong></span> <span class='ocrx_word' id='word_1_264' title='bbox 752 1769 804 1797; x_wconf 83' lang='lat' dir='ltr'><strong>iste</strong></span> <span class='ocrx_word' id='word_1_265' title='bbox 820 1772 964 1796; x_wconf 87' lang='lat' dir='ltr'><strong>tractatus.</strong></span> 
     </span>
    </p>
   </div>
   <div class='ocr_carea' id='block_1_39' title="bbox 187 1815 965 1851">
    <p class='ocr_par' dir='ltr' id='par_1_39' title="bbox 187 1815 965 1851">
     <span class='ocr_line' id='line_1_39' title="bbox 187 1815 965 1851; baseline -0.001 -8"><span class='ocrx_word' id='word_1_266' title='bbox 187 1815 256 1844; x_wconf 85' lang='lat' dir='ltr'><strong>Nam</strong></span> <span class='ocrx_word' id='word_1_267' title='bbox 270 1817 294 1844; x_wconf 85' lang='lat' dir='ltr'><strong>si</strong></span> <span class='ocrx_word' id='word_1_268' title='bbox 306 1816 467 1845; x_wconf 58' lang='lat' dir='ltr'><strong>Ptolemaeus</strong></span> <span class='ocrx_word' id='word_1_269' title='bbox 475 1817 576 1844; x_wconf 90' lang='lat' dir='ltr'><strong>nullam</strong></span> <span class='ocrx_word' id='word_1_270' title='bbox 589 1816 668 1843; x_wconf 88' lang='lat' dir='ltr'><strong>aliam</strong></span> <span class='ocrx_word' id='word_1_271' title='bbox 684 1816 816 1844; x_wconf 90' lang='lat' dir='ltr'><strong>rationem</strong></span> <span class='ocrx_word' id='word_1_272' title='bbox 832 1816 965 1851; x_wconf 86' lang='lat' dir='ltr'><strong>sequitur,</strong></span> 
     </span>
    </p>
   </div>
   <div class='ocr_carea' id='block_1_40' title="bbox 187 1861 966 1896">
    <p class='ocr_par' dir='ltr' id='par_1_40' title="bbox 187 1861 966 1896">
     <span class='ocr_line' id='line_1_40' title="bbox 187 1861 966 1896; baseline 0 -8"><span class='ocrx_word' id='word_1_273' title='bbox 187 1861 242 1889; x_wconf 87' lang='lat' dir='ltr'><strong>nisi</strong></span> <span class='ocrx_word' id='word_1_274' title='bbox 268 1862 457 1894; x_wconf 86' lang='lat' dir='ltr'><strong>antisciorum,</strong></span> <span class='ocrx_word' id='word_1_275' title='bbox 478 1866 506 1889; x_wconf 91' lang='lat' dir='ltr'><strong>et</strong></span> <span class='ocrx_word' id='word_1_276' title='bbox 531 1861 692 1894; x_wconf 85' lang='lat' dir='ltr'><strong>Antiochus,</strong></span> <span class='ocrx_word' id='word_1_277' title='bbox 709 1869 772 1889; x_wconf 87' lang='lat' dir='ltr'><strong>cum</strong></span> <span class='ocrx_word' id='word_1_278' title='bbox 799 1861 866 1889; x_wconf 90' lang='lat' dir='ltr'><strong>dicit</strong></span> <span class='ocrx_word' id='word_1_279' title='bbox 894 1861 966 1896; x_wconf 92' lang='lat' dir='ltr'><strong>quod</strong></span> 
     </span>
    </p>
   </div>
   <div class='ocr_carea' id='block_1_41' title="bbox 187 1907 966 1944">
    <p class='ocr_par' dir='ltr' id='par_1_41' title="bbox 187 1907 966 1944">
     <span class='ocr_line' id='line_1_41' title="bbox 187 1907 966 1944; baseline 0.001 -10"><span class='ocrx_word' id='word_1_280' title='bbox 187 1907 270 1936; x_wconf 89' lang='lat' dir='ltr'><strong>Libra</strong></span> <span class='ocrx_word' id='word_1_281' title='bbox 282 1907 401 1942; x_wconf 86' lang='lat' dir='ltr'><strong>Arietem</strong></span> <span class='ocrx_word' id='word_1_282' title='bbox 415 1912 525 1944; x_wconf 84' lang='lat' dir='ltr'><strong>propter</strong></span> <span class='ocrx_word' id='word_1_283' title='bbox 539 1911 651 1942; x_wconf 79' lang='lat' dir='ltr'><strong>terram,</strong></span> <span class='ocrx_word' id='word_1_284' title='bbox 666 1915 727 1943; x_wconf 66' lang='lat' dir='ltr'><strong>qua:</strong></span> <span class='ocrx_word' id='word_1_285' title='bbox 744 1907 831 1937; x_wconf 83' lang='lat' dir='ltr'><strong>inedia</strong></span> <span class='ocrx_word' id='word_1_286' title='bbox 846 1912 897 1941; x_wconf 89' lang='lat' dir='ltr'><strong>est,</strong></span> <span class='ocrx_word' id='word_1_287' title='bbox 912 1915 966 1935; x_wconf 92' lang='lat' dir='ltr'><strong>non</strong></span> 
     </span>
    </p>
   </div>
   <div class='ocr_carea' id='block_1_42' title="bbox 188 1952 967 1989">
    <p class='ocr_par' dir='ltr' id='par_1_42' title="bbox 188 1952 967 1989">
     <span class='ocr_line' id='line_1_42' title="bbox 188 1952 967 1989; baseline 0.001 -10"><span class='ocrx_word' id='word_1_288' title='bbox 188 1952 295 1987; x_wconf 85' lang='lat' dir='ltr'><strong>videat;</strong></span> <span class='ocrx_word' id='word_1_289' title='bbox 311 1953 388 1988; x_wconf 89' lang='lat' dir='ltr'><strong>quasi</strong></span> <span class='ocrx_word' id='word_1_290' title='bbox 406 1961 454 1988; x_wconf 88' lang='lat' dir='ltr'><strong>per</strong></span> <span class='ocrx_word' id='word_1_291' title='bbox 467 1953 606 1989; x_wconf 86' lang='lat' dir='ltr'><strong>speculum</strong></span> <span class='ocrx_word' id='word_1_292' title='bbox 622 1954 732 1989; x_wconf 92' lang='lat' dir='ltr'><strong>quidem</strong></span> <span class='ocrx_word' id='word_1_293' title='bbox 750 1954 882 1981; x_wconf 85' lang='lat' dir='ltr'><strong>rationem</strong></span> <span class='ocrx_word' id='word_1_294' title='bbox 897 1954 967 1981; x_wconf 88' lang='lat' dir='ltr'><strong>anti-</strong></span> 
     </span>
    </p>
   </div>
   <div class='ocr_carea' id='block_1_43' title="bbox 189 1999 966 2037">
    <p class='ocr_par' dir='ltr' id='par_1_43' title="bbox 189 1999 966 2037">
     <span class='ocr_line' id='line_1_43' title="bbox 189 1999 966 2037; baseline -0.003 -9"><span class='ocrx_word' id='word_1_295' title='bbox 189 2001 309 2029; x_wconf 90' lang='lat' dir='ltr'><strong>sciorum</strong></span> <span class='ocrx_word' id='word_1_296' title='bbox 328 2002 446 2037; x_wconf 77' lang='lat' dir='ltr'><strong>attingit.</strong></span> <span class='ocrx_word' id='word_1_297' title='bbox 468 2012 478 2031; x_wconf 74' lang='grc' dir='ltr'><strong><em>ι</em></strong></span> <span class='ocrx_word' id='word_1_298' title='bbox 496 2001 611 2037; x_wconf 77' lang='lat' dir='ltr'><strong>Suhjicit</strong></span> <span class='ocrx_word' id='word_1_299' title='bbox 626 2002 669 2030; x_wconf 90' lang='lat' dir='ltr'><strong>his</strong></span> <span class='ocrx_word' id='word_1_300' title='bbox 689 2000 823 2031; x_wconf 85' lang='lat' dir='ltr'><strong>Firmicus</strong></span> <span class='ocrx_word' id='word_1_301' title='bbox 835 1999 966 2029; x_wconf 86' lang='lat' dir='ltr'><strong>antiscio-</strong></span> 
     </span>
    </p>
   </div>
   <div class='ocr_carea' id='block_1_44' title="bbox 188 2045 967 2084">
    <p class='ocr_par' dir='ltr' id='par_1_44' title="bbox 188 2045 967 2084">
     <span class='ocr_line' id='line_1_44' title="bbox 188 2045 967 2084; baseline -0.005 -9"><span class='ocrx_word' id='word_1_302' title='bbox 188 2055 250 2076; x_wconf 90' lang='lat' dir='ltr'><strong>rum</strong></span> <span class='ocrx_word' id='word_1_303' title='bbox 277 2048 488 2084; x_wconf 78' lang='lat' dir='ltr'><strong>descriptionem</strong></span> <span class='ocrx_word' id='word_1_304' title='bbox 508 2056 541 2076; x_wconf 88' lang='lat' dir='ltr'><strong>ex</strong></span> <span class='ocrx_word' id='word_1_305' title='bbox 568 2047 703 2077; x_wconf 89' lang='lat' dir='ltr'><strong>Dorotheo</strong></span> <span class='ocrx_word' id='word_1_306' title='bbox 722 2046 845 2078; x_wconf 87' lang='lat' dir='ltr'><strong>Sidonio,</strong></span> <span class='ocrx_word' id='word_1_307' title='bbox 861 2045 967 2080; x_wconf 82' lang='lat' dir='ltr'><strong>qualem</strong></span> 
     </span>
    </p>
   </div>
   <div class='ocr_carea' id='block_1_45' title="bbox 188 2090 969 2131">
    <p class='ocr_par' dir='ltr' id='par_1_45' title="bbox 188 2090 969 2131">
     <span class='ocr_line' id='line_1_45' title="bbox 188 2090 969 2131; baseline -0.004 -11"><span class='ocrx_word' id='word_1_308' title='bbox 188 2101 240 2121; x_wconf 88' lang='lat' dir='ltr'><strong>nos</strong></span> <span class='ocrx_word' id='word_1_309' title='bbox 268 2097 346 2121; x_wconf 86' lang='lat' dir='ltr'><strong>antea</strong></span> <span class='ocrx_word' id='word_1_310' title='bbox 374 2093 555 2131; x_wconf 82' lang='lat' dir='ltr'><strong>reddidimus,</strong></span> <span class='ocrx_word' id='word_1_311' title='bbox 573 2093 699 2123; x_wconf 81' lang='lat' dir='ltr'><strong>videlicet</strong></span> <span class='ocrx_word' id='word_1_312' title='bbox 715 2093 742 2129; x_wconf 82' lang='lat' dir='ltr'><strong>in</strong></span> <span class='ocrx_word' id='word_1_313' title='bbox 762 2099 814 2128; x_wconf 85' lang='lat' dir='ltr'><strong>qua</strong></span> <span class='ocrx_word' id='word_1_314' title='bbox 835 2092 912 2126; x_wconf 78' lang='lat' dir='ltr'><strong>signa</strong></span> <span class='ocrx_word' id='word_1_315' title='bbox 928 2090 969 2118; x_wconf 82' lang='lat' dir='ltr'><strong>di-</strong></span> 
     </span>
    </p>
   </div>
   <div class='ocr_carea' id='block_1_46' title="bbox 190 2137 967 2172">
    <p class='ocr_par' dir='ltr' id='par_1_46' title="bbox 190 2137 967 2172">
     <span class='ocr_line' id='line_1_46' title="bbox 190 2137 967 2172; baseline -0.005 -7"><span class='ocrx_word' id='word_1_316' title='bbox 190 2141 263 2169; x_wconf 81' lang='lat' dir='ltr'><strong>stant</strong></span> <span class='ocrx_word' id='word_1_317' title='bbox 277 2138 417 2172; x_wconf 65' lang='lat' dir='ltr'><strong>aequaliter</strong></span> <span class='ocrx_word' id='word_1_318' title='bbox 436 2145 451 2164; x_wconf 87' lang='lat' dir='ltr'><strong>a</strong></span> <span class='ocrx_word' id='word_1_319' title='bbox 471 2137 580 2172; x_wconf 89' lang='lat' dir='ltr'><strong>punctis</strong></span> <span class='ocrx_word' id='word_1_320' title='bbox 595 2137 706 2172; x_wconf 85' lang='lat' dir='ltr'><strong>tropicis</strong></span> <span class='ocrx_word' id='word_1_321' title='bbox 721 2147 727 2164; x_wconf 91' lang='lat'>:</span> <span class='ocrx_word' id='word_1_322' title='bbox 743 2145 802 2172; x_wconf 69' lang='lat' dir='ltr'><strong>quae</strong></span> <span class='ocrx_word' id='word_1_323' title='bbox 818 2137 897 2168; x_wconf 86' lang='lat' dir='ltr'><strong>unica</strong></span> <span class='ocrx_word' id='word_1_324' title='bbox 914 2139 967 2167; x_wconf 84' lang='lat' dir='ltr'><strong>est,</strong></span> 
     </span>
    </p>
   </div>
   <div class='ocr_carea' id='block_1_47' title="bbox 190 2180 966 2215">
    <p class='ocr_par' dir='ltr' id='par_1_47' title="bbox 190 2180 966 2215">
     <span class='ocr_line' id='line_1_47' title="bbox 190 2180 966 2215; baseline -0.001 -5"><span class='ocrx_word' id='word_1_325' title='bbox 190 2186 217 2210; x_wconf 90' lang='lat' dir='ltr'><strong>et</strong></span> <span class='ocrx_word' id='word_1_326' title='bbox 230 2182 371 2215; x_wconf 78' lang='lat' dir='ltr'><strong>verissima</strong></span> <span class='ocrx_word' id='word_1_327' title='bbox 386 2181 456 2213; x_wconf 80' lang='lat' dir='ltr'><strong>ratio</strong></span> <span class='ocrx_word' id='word_1_328' title='bbox 468 2181 521 2208; x_wconf 77' lang='grc' dir='ltr'>τῶν</span> <span class='ocrx_word' id='word_1_329' title='bbox 538 2181 694 2214; x_wconf 75' lang='grc' dir='ltr'><strong>ἀντισκίων,</strong></span> <span class='ocrx_word' id='word_1_330' title='bbox 706 2182 833 2214; x_wconf 84' lang='lat' dir='ltr'><strong>vetustati</strong></span> <span class='ocrx_word' id='word_1_331' title='bbox 848 2180 966 2214; x_wconf 72' lang='lat' dir='ltr'><strong>cognita.</strong></span> 
     </span>
    </p>
   </div>
   <div class='ocr_carea' id='block_1_48' title="bbox 1019 263 1820 300">
    <p class='ocr_par' dir='ltr' id='par_1_48' title="bbox 1019 263 1820 300">
     <span class='ocr_line' id='line_1_48' title="bbox 1019 263 1820 300; baseline -0.001 -8"><span class='ocrx_word' id='word_1_332' title='bbox 1019 269 1092 292; x_wconf 88' lang='lat' dir='ltr'><strong>ctam</strong></span> <span class='ocrx_word' id='word_1_333' title='bbox 1122 268 1234 295; x_wconf 87' lang='lat' dir='ltr'><strong>terram.</strong></span> <span class='ocrx_word' id='word_1_334' title='bbox 1249 264 1353 297; x_wconf 87' lang='lat' dir='ltr'><strong>Quibus</strong></span> <span class='ocrx_word' id='word_1_335' title='bbox 1378 263 1504 291; x_wconf 90' lang='lat' dir='ltr'><strong>nimirum</strong></span> <span class='ocrx_word' id='word_1_336' title='bbox 1533 265 1723 300; x_wconf 68' lang='lat' dir='ltr'><strong>signiﬁcabat,</strong></span> <span class='ocrx_word' id='word_1_337' title='bbox 1741 265 1820 293; x_wconf 86' lang='lat' dir='ltr'><strong>aliud</strong></span> 
     </span>
    </p>
   </div>
   <div class='ocr_carea' id='block_1_49' title="bbox 1019 309 1819 346">
    <p class='ocr_par' dir='ltr' id='par_1_49' title="bbox 1019 309 1819 346">
     <span class='ocr_line' id='line_1_49' title="bbox 1019 309 1819 346; baseline -0.001 -7"><span class='ocrx_word' id='word_1_338' title='bbox 1019 318 1080 340; x_wconf 87' lang='lat' dir='ltr'><strong>esse</strong></span> <span class='ocrx_word' id='word_1_339' title='bbox 1107 311 1225 346; x_wconf 73' lang='lat' dir='ltr'><strong>signum,</strong></span> <span class='ocrx_word' id='word_1_340' title='bbox 1238 310 1310 345; x_wconf 92' lang='lat' dir='ltr'><strong>quod</strong></span> <span class='ocrx_word' id='word_1_341' title='bbox 1326 310 1404 338; x_wconf 84' lang='lat' dir='ltr'><strong>Aries</strong></span> <span class='ocrx_word' id='word_1_342' title='bbox 1423 309 1505 342; x_wconf 88' lang='lat' dir='ltr'><strong>videt,</strong></span> <span class='ocrx_word' id='word_1_343' title='bbox 1519 310 1572 337; x_wconf 90' lang='lat' dir='ltr'><strong>hoc</strong></span> <span class='ocrx_word' id='word_1_344' title='bbox 1596 315 1640 337; x_wconf 87' lang='lat' dir='ltr'><strong>est</strong></span> <span class='ocrx_word' id='word_1_345' title='bbox 1654 310 1819 345; x_wconf 70' lang='lat' dir='ltr'><strong>Virginem.</strong></span> 
     </span>
    </p>
   </div>
   <div class='ocr_carea' id='block_1_50' title="bbox 1022 355 1820 389">
    <p class='ocr_par' dir='ltr' id='par_1_50' title="bbox 1022 355 1820 389">
     <span class='ocr_line' id='line_1_50' title="bbox 1022 355 1820 389; baseline 0.001 -7"><span class='ocrx_word' id='word_1_346' title='bbox 1022 355 1097 388; x_wconf 85' lang='lat' dir='ltr'><strong>Quid</strong></span> <span class='ocrx_word' id='word_1_347' title='bbox 1125 356 1272 384; x_wconf 89' lang='lat' dir='ltr'><strong>absurdius</strong></span> <span class='ocrx_word' id='word_1_348' title='bbox 1298 355 1480 389; x_wconf 80' lang='lat' dir='ltr'><strong>Scaligeriana</strong></span> <span class='ocrx_word' id='word_1_349' title='bbox 1502 356 1554 383; x_wconf 91' lang='lat' dir='ltr'><strong>ista</strong></span> <span class='ocrx_word' id='word_1_350' title='bbox 1573 357 1692 387; x_wconf 81' lang='lat' dir='ltr'><strong>ratione,</strong></span> <span class='ocrx_word' id='word_1_351' title='bbox 1710 355 1770 382; x_wconf 90' lang='lat' dir='ltr'><strong>dici</strong></span> <span class='ocrx_word' id='word_1_352' title='bbox 1786 357 1820 383; x_wconf 90' lang='lat' dir='ltr'><strong>ah</strong></span> 
     </span>
    </p>
   </div>
   <div class='ocr_carea' id='block_1_51' title="bbox 1024 401 1820 436">
    <p class='ocr_par' dir='ltr' id='par_1_51' title="bbox 1024 401 1820 436">
     <span class='ocr_line' id='line_1_51' title="bbox 1024 401 1820 436; baseline 0 -8"><span class='ocrx_word' id='word_1_353' title='bbox 1024 401 1159 429; x_wconf 88' lang='lat' dir='ltr'><strong>Antiocho</strong></span> <span class='ocrx_word' id='word_1_354' title='bbox 1174 402 1290 430; x_wconf 88' lang='lat' dir='ltr'><strong>Arietem</strong></span> <span class='ocrx_word' id='word_1_355' title='bbox 1304 409 1336 429; x_wconf 90' lang='lat' dir='ltr'><strong>ac</strong></span> <span class='ocrx_word' id='word_1_356' title='bbox 1346 401 1454 429; x_wconf 86' lang='lat' dir='ltr'><strong>Libram</strong></span> <span class='ocrx_word' id='word_1_357' title='bbox 1468 401 1582 428; x_wconf 82' lang='lat' dir='ltr'><strong>antiscia</strong></span> <span class='ocrx_word' id='word_1_358' title='bbox 1600 402 1692 436; x_wconf 82' lang='lat' dir='ltr'><strong>signa,</strong></span> <span class='ocrx_word' id='word_1_359' title='bbox 1707 401 1764 428; x_wconf 88' lang='lat' dir='ltr'><strong>hoc</strong></span> <span class='ocrx_word' id='word_1_360' title='bbox 1778 407 1820 429; x_wconf 82' lang='lat' dir='ltr'><strong>est</strong></span> 
     </span>
    </p>
   </div>
   <div class='ocr_carea' id='block_1_52' title="bbox 1024 447 1819 482">
    <p class='ocr_par' dir='ltr' id='par_1_52' title="bbox 1024 447 1819 482">
     <span class='ocr_line' id='line_1_52' title="bbox 1024 447 1819 482; baseline 0 -8"><span class='ocrx_word' id='word_1_361' title='bbox 1024 447 1154 480; x_wconf 89' lang='lat' dir='ltr'><strong>videntia,</strong></span> <span class='ocrx_word' id='word_1_362' title='bbox 1170 451 1200 474; x_wconf 91' lang='lat' dir='ltr'><strong>ut</strong></span> <span class='ocrx_word' id='word_1_363' title='bbox 1226 456 1259 475; x_wconf 83' lang='lat' dir='ltr'><strong>ex</strong></span> <span class='ocrx_word' id='word_1_364' title='bbox 1283 447 1427 475; x_wconf 67' lang='lat' dir='ltr'><strong>Ptolemaeo</strong></span> <span class='ocrx_word' id='word_1_365' title='bbox 1452 447 1608 479; x_wconf 84' lang='lat' dir='ltr'><strong>docuimus,</strong></span> <span class='ocrx_word' id='word_1_366' title='bbox 1633 454 1699 482; x_wconf 64' lang='lat' dir='ltr'><strong>qua:</strong></span> <span class='ocrx_word' id='word_1_367' title='bbox 1726 454 1759 474; x_wconf 87' lang='lat' dir='ltr'><strong>se</strong></span> <span class='ocrx_word' id='word_1_368' title='bbox 1784 447 1819 474; x_wconf 91' lang='lat' dir='ltr'><strong>ob</strong></span> 
     </span>
    </p>
   </div>
   <div class='ocr_carea' id='block_1_53' title="bbox 1019 492 1818 529">
    <p class='ocr_par' dir='ltr' id='par_1_53' title="bbox 1019 492 1818 529">
     <span class='ocr_line' id='line_1_53' title="bbox 1019 492 1818 529; baseline -0.001 -9"><span class='ocrx_word' id='word_1_369' title='bbox 1019 496 1120 520; x_wconf 89' lang='lat' dir='ltr'><strong>terram</strong></span> <span class='ocrx_word' id='word_1_370' title='bbox 1147 494 1317 528; x_wconf 86' lang='lat' dir='ltr'><strong>interjectam</strong></span> <span class='ocrx_word' id='word_1_371' title='bbox 1344 494 1434 521; x_wconf 87' lang='lat' dir='ltr'><strong>videre</strong></span> <span class='ocrx_word' id='word_1_372' title='bbox 1457 501 1511 521; x_wconf 93' lang='lat' dir='ltr'><strong>non</strong></span> <span class='ocrx_word' id='word_1_373' title='bbox 1533 493 1671 529; x_wconf 85' lang='lat' dir='ltr'><strong>possunt?</strong></span> <span class='ocrx_word' id='word_1_374' title='bbox 1697 492 1730 520; x_wconf 91' lang='lat' dir='ltr'><strong>Si</strong></span> <span class='ocrx_word' id='word_1_375' title='bbox 1755 494 1818 528; x_wconf 76' lang='grc' dir='ltr'><strong>βλέ-</strong></span> 
     </span>
    </p>
   </div>
   <div class='ocr_carea' id='block_1_54' title="bbox 1019 539 1817 574">
    <p class='ocr_par' dir='ltr' id='par_1_54' title="bbox 1019 539 1817 574">
     <span class='ocr_line' id='line_1_54' title="bbox 1019 539 1817 574; baseline 0.003 -9"><span class='ocrx_word' id='word_1_376' title='bbox 1019 547 1103 565; x_wconf 82' lang='grc' dir='ltr'><strong>ποντα</strong></span> <span class='ocrx_word' id='word_1_377' title='bbox 1117 543 1191 571; x_wconf 87' lang='lat' dir='ltr'><strong>sunt,</strong></span> <span class='ocrx_word' id='word_1_378' title='bbox 1204 539 1359 573; x_wconf 84' lang='lat' dir='ltr'><strong>cujusmodi</strong></span> <span class='ocrx_word' id='word_1_379' title='bbox 1378 539 1434 567; x_wconf 86' lang='lat' dir='ltr'><strong>sola</strong></span> <span class='ocrx_word' id='word_1_380' title='bbox 1450 543 1516 566; x_wconf 88' lang='lat' dir='ltr'><strong>sunt</strong></span> <span class='ocrx_word' id='word_1_381' title='bbox 1531 540 1649 566; x_wconf 89' lang='lat' dir='ltr'><strong>antiscia</strong></span> <span class='ocrx_word' id='word_1_382' title='bbox 1659 559 1667 571; x_wconf 83' lang='lat'><strong>,</strong></span> <span class='ocrx_word' id='word_1_383' title='bbox 1685 539 1817 574; x_wconf 81' lang='lat' dir='ltr'><strong>profecto</strong></span> 
     </span>
    </p>
   </div>
   <div class='ocr_carea' id='block_1_55' title="bbox 1018 584 1818 617">
    <p class='ocr_par' dir='ltr' id='par_1_55' title="bbox 1018 584 1818 617">
     <span class='ocr_line' id='line_1_55' title="bbox 1018 584 1818 617; baseline 0.001 -6"><span class='ocrx_word' id='word_1_384' title='bbox 1018 584 1110 612; x_wconf 83' lang='lat' dir='ltr'><strong>videre</strong></span> <span class='ocrx_word' id='word_1_385' title='bbox 1126 592 1155 612; x_wconf 91' lang='lat' dir='ltr'><strong>se</strong></span> <span class='ocrx_word' id='word_1_386' title='bbox 1171 590 1267 614; x_wconf 87' lang='lat' dir='ltr'><strong>mutuo</strong></span> <span class='ocrx_word' id='word_1_387' title='bbox 1283 585 1390 612; x_wconf 88' lang='lat' dir='ltr'><strong>debent.</strong></span> <span class='ocrx_word' id='word_1_388' title='bbox 1406 585 1500 613; x_wconf 76' lang='lat' dir='ltr'><strong>Caecus</strong></span> <span class='ocrx_word' id='word_1_389' title='bbox 1516 585 1665 613; x_wconf 89' lang='lat' dir='ltr'><strong>admodum</strong></span> <span class='ocrx_word' id='word_1_390' title='bbox 1687 585 1757 617; x_wconf 85' lang='lat' dir='ltr'><strong>fuit,</strong></span> <span class='ocrx_word' id='word_1_391' title='bbox 1774 586 1818 612; x_wconf 90' lang='lat' dir='ltr'><strong>ni-</strong></span> 
     </span>
    </p>
   </div>
   <div class='ocr_carea' id='block_1_56' title="bbox 1019 630 1816 668">
    <p class='ocr_par' dir='ltr' id='par_1_56' title="bbox 1019 630 1816 668">
     <span class='ocr_line' id='line_1_56' title="bbox 1019 630 1816 668; baseline 0.003 -12"><span class='ocrx_word' id='word_1_392' title='bbox 1019 630 1159 665; x_wconf 83' lang='lat' dir='ltr'><strong>miumque</strong></span> <span class='ocrx_word' id='word_1_393' title='bbox 1177 638 1406 665; x_wconf 86' lang='lat' dir='ltr'><strong>properans,cum</strong></span> <span class='ocrx_word' id='word_1_394' title='bbox 1416 631 1489 665; x_wconf 84' lang='lat' dir='ltr'><strong>hunc</strong></span> <span class='ocrx_word' id='word_1_395' title='bbox 1501 631 1613 658; x_wconf 81' lang='lat' dir='ltr'><strong>Eirmici</strong></span> <span class='ocrx_word' id='word_1_396' title='bbox 1630 632 1731 659; x_wconf 85' lang='lat' dir='ltr'><strong>locum</strong></span> <span class='ocrx_word' id='word_1_397' title='bbox 1742 632 1816 668; x_wconf 79' lang='lat' dir='ltr'><strong>lege-</strong></span> 
     </span>
    </p>
   </div>
   <div class='ocr_carea' id='block_1_57' title="bbox 1018 676 1814 712">
    <p class='ocr_par' dir='ltr' id='par_1_57' title="bbox 1018 676 1814 712">
     <span class='ocr_line' id='line_1_57' title="bbox 1018 676 1814 712; baseline 0.003 -9"><span class='ocrx_word' id='word_1_398' title='bbox 1018 679 1070 708; x_wconf 88' lang='lat' dir='ltr'><strong>ret,</strong></span> <span class='ocrx_word' id='word_1_399' title='bbox 1083 676 1130 712; x_wconf 92' lang='lat' dir='ltr'><strong>qui</strong></span> <span class='ocrx_word' id='word_1_400' title='bbox 1142 680 1197 704; x_wconf 91' lang='lat' dir='ltr'><strong>tam</strong></span> <span class='ocrx_word' id='word_1_401' title='bbox 1215 681 1337 712; x_wconf 88' lang='lat' dir='ltr'><strong>apertum</strong></span> <span class='ocrx_word' id='word_1_402' title='bbox 1351 677 1506 704; x_wconf 83' lang='lat' dir='ltr'><strong>conﬂictum</strong></span> <span class='ocrx_word' id='word_1_403' title='bbox 1522 678 1667 705; x_wconf 80' lang='lat' dir='ltr'><strong>sententiae</strong></span> <span class='ocrx_word' id='word_1_404' title='bbox 1681 685 1746 705; x_wconf 66' lang='lat' dir='ltr'><strong>sua:</strong></span> <span class='ocrx_word' id='word_1_405' title='bbox 1761 686 1814 705; x_wconf 90' lang='lat' dir='ltr'><strong>non</strong></span> 
     </span>
    </p>
   </div>
   <div class='ocr_carea' id='block_1_58' title="bbox 1019 721 1814 758">
    <p class='ocr_par' dir='ltr' id='par_1_58' title="bbox 1019 721 1814 758">
     <span class='ocr_line' id='line_1_58' title="bbox 1019 721 1814 758; baseline 0.003 -10"><span class='ocrx_word' id='word_1_406' title='bbox 1019 721 1219 749; x_wconf 87' lang='lat' dir='ltr'><strong>animadvertit.</strong></span> <span class='ocrx_word' id='word_1_407' title='bbox 1244 722 1277 750; x_wconf 89' lang='lat' dir='ltr'><strong>Et</strong></span> <span class='ocrx_word' id='word_1_408' title='bbox 1299 726 1391 750; x_wconf 88' lang='lat' dir='ltr'><strong>tamen</strong></span> <span class='ocrx_word' id='word_1_409' title='bbox 1415 723 1515 758; x_wconf 60' lang='lat' dir='ltr'><strong>saepius</strong></span> <span class='ocrx_word' id='word_1_410' title='bbox 1535 722 1569 751; x_wconf 90' lang='lat' dir='ltr'><strong>de</strong></span> <span class='ocrx_word' id='word_1_411' title='bbox 1585 723 1720 751; x_wconf 87' lang='lat' dir='ltr'><strong>antisciis</strong></span> <span class='ocrx_word' id='word_1_412' title='bbox 1738 727 1814 750; x_wconf 71' lang='lat' dir='ltr'><strong>vete-</strong></span> 
     </span>
    </p>
   </div>
   <div class='ocr_carea' id='block_1_59' title="bbox 1018 767 1815 803">
    <p class='ocr_par' dir='ltr' id='par_1_59' title="bbox 1018 767 1815 803">
     <span class='ocr_line' id='line_1_59' title="bbox 1018 767 1815 803; baseline 0.003 -10"><span class='ocrx_word' id='word_1_413' title='bbox 1018 774 1080 794; x_wconf 89' lang='lat' dir='ltr'><strong>rum</strong></span> <span class='ocrx_word' id='word_1_414' title='bbox 1091 774 1106 793; x_wconf 94' lang='lat' dir='ltr'><strong>a</strong></span> <span class='ocrx_word' id='word_1_415' title='bbox 1120 774 1149 794; x_wconf 84' lang='lat' dir='ltr'><strong>se</strong></span> <span class='ocrx_word' id='word_1_416' title='bbox 1165 767 1281 802; x_wconf 90' lang='lat' dir='ltr'><strong>primum</strong></span> <span class='ocrx_word' id='word_1_417' title='bbox 1297 768 1438 803; x_wconf 80' lang='lat' dir='ltr'><strong>explicatis</strong></span> <span class='ocrx_word' id='word_1_418' title='bbox 1454 772 1481 795; x_wconf 91' lang='lat' dir='ltr'><strong>et</strong></span> <span class='ocrx_word' id='word_1_419' title='bbox 1496 767 1642 803; x_wconf 84' lang='lat' dir='ltr'><strong>patefactis</strong></span> <span class='ocrx_word' id='word_1_420' title='bbox 1657 768 1815 803; x_wconf 79' lang='lat' dir='ltr'><strong>triumphat</strong></span> 
     </span>
    </p>
   </div>
   <div class='ocr_carea' id='block_1_60' title="bbox 1020 812 1628 849">
    <p class='ocr_par' dir='ltr' id='par_1_60' title="bbox 1020 812 1628 849">
     <span class='ocr_line' id='line_1_60' title="bbox 1020 812 1628 849; baseline 0.002 -10"><span class='ocrx_word' id='word_1_421' title='bbox 1020 812 1140 847; x_wconf 73' lang='lat' dir='ltr'><strong>scaliger</strong></span> <span class='ocrx_word' id='word_1_422' title='bbox 1157 821 1164 839; x_wconf 87' lang='lat'>:</span> <span class='ocrx_word' id='word_1_423' title='bbox 1184 813 1212 846; x_wconf 87' lang='lat' dir='ltr'><strong>in</strong></span> <span class='ocrx_word' id='word_1_424' title='bbox 1225 813 1324 849; x_wconf 88' lang='lat' dir='ltr'><strong>quibus</strong></span> <span class='ocrx_word' id='word_1_425' title='bbox 1339 813 1406 840; x_wconf 90' lang='lat' dir='ltr'><strong>nihil</strong></span> <span class='ocrx_word' id='word_1_426' title='bbox 1421 813 1486 840; x_wconf 90' lang='lat' dir='ltr'><strong>vidit</strong></span> <span class='ocrx_word' id='word_1_427' title='bbox 1505 813 1628 843; x_wconf 91' lang='lat' dir='ltr'><strong>omnino.</strong></span> 
     </span>
    </p>
   </div>
   <div class='ocr_carea' id='block_1_61' title="bbox 1054 857 1815 888">
    <p class='ocr_par' dir='ltr' id='par_1_61' title="bbox 1054 857 1815 888">
     <span class='ocr_line' id='line_1_61' title="bbox 1054 857 1815 888; baseline 0.004 -3"><span class='ocrx_word' id='word_1_428' title='bbox 1054 857 1195 886; x_wconf 88' lang='lat' dir='ltr'><strong>Postremo</strong></span> <span class='ocrx_word' id='word_1_429' title='bbox 1219 864 1249 887; x_wconf 90' lang='lat' dir='ltr'><strong>ut</strong></span> <span class='ocrx_word' id='word_1_430' title='bbox 1278 858 1312 886; x_wconf 93' lang='lat' dir='ltr'><strong>ad</strong></span> <span class='ocrx_word' id='word_1_431' title='bbox 1336 858 1438 886; x_wconf 86' lang='lat' dir='ltr'><strong>Manilii</strong></span> <span class='ocrx_word' id='word_1_432' title='bbox 1466 863 1493 886; x_wconf 85' lang='lat' dir='ltr'><strong>et</strong></span> <span class='ocrx_word' id='word_1_433' title='bbox 1520 858 1599 886; x_wconf 87' lang='lat' dir='ltr'><strong>Pauli</strong></span> <span class='ocrx_word' id='word_1_434' title='bbox 1628 859 1815 888; x_wconf 78' lang='lat' dir='ltr'><strong>Alexandrini</strong></span> 
     </span>
    </p>
   </div>
   <div class='ocr_carea' id='block_1_62' title="bbox 1016 904 1814 940">
    <p class='ocr_par' dir='ltr' id='par_1_62' title="bbox 1016 904 1814 940">
     <span class='ocr_line' id='line_1_62' title="bbox 1016 904 1814 940; baseline 0.001 -8"><span class='ocrx_word' id='word_1_435' title='bbox 1016 904 1137 934; x_wconf 87' lang='lat' dir='ltr'><strong>videntia</strong></span> <span class='ocrx_word' id='word_1_436' title='bbox 1151 904 1330 937; x_wconf 75' lang='lat' dir='ltr'><strong>etaudientia</strong></span> <span class='ocrx_word' id='word_1_437' title='bbox 1346 904 1423 940; x_wconf 79' lang='lat' dir='ltr'><strong>signa</strong></span> <span class='ocrx_word' id='word_1_438' title='bbox 1436 904 1529 932; x_wconf 86' lang='lat' dir='ltr'><strong>redeat</strong></span> <span class='ocrx_word' id='word_1_439' title='bbox 1544 905 1644 937; x_wconf 78' lang='lat' dir='ltr'><strong>oratio,</strong></span> <span class='ocrx_word' id='word_1_440' title='bbox 1658 905 1814 933; x_wconf 78' lang='lat' dir='ltr'><strong>verisimile</strong></span> 
     </span>
    </p>
   </div>
   <div class='ocr_carea' id='block_1_63' title="bbox 1015 949 1811 984">
    <p class='ocr_par' dir='ltr' id='par_1_63' title="bbox 1015 949 1811 984">
     <span class='ocr_line' id='line_1_63' title="bbox 1015 949 1811 984; baseline -0.001 -8"><span class='ocrx_word' id='word_1_441' title='bbox 1015 953 1058 976; x_wconf 89' lang='lat' dir='ltr'><strong>est</strong></span> <span class='ocrx_word' id='word_1_442' title='bbox 1085 949 1156 976; x_wconf 90' lang='lat' dir='ltr'><strong>hanc</strong></span> <span class='ocrx_word' id='word_1_443' title='bbox 1186 949 1295 980; x_wconf 84' lang='lat' dir='ltr'><strong>illorum</strong></span> <span class='ocrx_word' id='word_1_444' title='bbox 1318 949 1464 982; x_wconf 85' lang='lat' dir='ltr'><strong>rationem,</strong></span> <span class='ocrx_word' id='word_1_445' title='bbox 1481 956 1542 984; x_wconf 70' lang='lat' dir='ltr'><strong>quae</strong></span> <span class='ocrx_word' id='word_1_446' title='bbox 1558 949 1637 984; x_wconf 86' lang='lat' dir='ltr'><strong>paria</strong></span> <span class='ocrx_word' id='word_1_447' title='bbox 1663 949 1811 984; x_wconf 83' lang='lat' dir='ltr'><strong>signorum</strong></span> 
     </span>
    </p>
   </div>
   <div class='ocr_carea' id='block_1_64' title="bbox 1015 994 1811 1031">
    <p class='ocr_par' dir='ltr' id='par_1_64' title="bbox 1015 994 1811 1031">
     <span class='ocr_line' id='line_1_64' title="bbox 1015 994 1811 1031; baseline -0.001 -9"><span class='ocrx_word' id='word_1_448' title='bbox 1015 995 1134 1031; x_wconf 81' lang='lat' dir='ltr'><strong>instituit</strong></span> <span class='ocrx_word' id='word_1_449' title='bbox 1148 994 1295 1030; x_wconf 83' lang='lat' dir='ltr'><strong>ejusmodi,</strong></span> <span class='ocrx_word' id='word_1_450' title='bbox 1305 1002 1366 1030; x_wconf 71' lang='lat' dir='ltr'><strong>quae</strong></span> <span class='ocrx_word' id='word_1_451' title='bbox 1379 1002 1433 1022; x_wconf 92' lang='lat' dir='ltr'><strong>non</strong></span> <span class='ocrx_word' id='word_1_452' title='bbox 1455 1002 1470 1021; x_wconf 89' lang='lat' dir='ltr'><strong>a</strong></span> <span class='ocrx_word' id='word_1_453' title='bbox 1482 995 1592 1030; x_wconf 88' lang='lat' dir='ltr'><strong>punctis</strong></span> <span class='ocrx_word' id='word_1_454' title='bbox 1603 994 1811 1027; x_wconf 86' lang='lat' dir='ltr'><strong>cardinalibus,</strong></span> 
     </span>
    </p>
   </div>
   <div class='ocr_carea' id='block_1_65' title="bbox 1015 1040 1810 1076">
    <p class='ocr_par' dir='ltr' id='par_1_65' title="bbox 1015 1040 1810 1076">
     <span class='ocr_line' id='line_1_65' title="bbox 1015 1040 1810 1076; baseline -0.001 -8"><span class='ocrx_word' id='word_1_455' title='bbox 1015 1040 1063 1068; x_wconf 83' lang='lat' dir='ltr'><strong>sed</strong></span> <span class='ocrx_word' id='word_1_456' title='bbox 1084 1040 1125 1075; x_wconf 65' lang='lat' dir='ltr'><strong>abj</strong></span> <span class='ocrx_word' id='word_1_457' title='bbox 1140 1040 1255 1076; x_wconf 73' lang='lat' dir='ltr'><strong>integris</strong></span> <span class='ocrx_word' id='word_1_458' title='bbox 1271 1048 1366 1068; x_wconf 91' lang='lat' dir='ltr'><strong>eorum</strong></span> <span class='ocrx_word' id='word_1_459' title='bbox 1384 1040 1613 1068; x_wconf 89' lang='lat' dir='ltr'><strong>dodecatemoriis</strong></span> <span class='ocrx_word' id='word_1_460' title='bbox 1634 1041 1698 1076; x_wconf 88' lang='lat' dir='ltr'><strong>pari</strong></span> <span class='ocrx_word' id='word_1_461' title='bbox 1723 1042 1810 1076; x_wconf 80' lang='lat' dir='ltr'><strong>spatio</strong></span> 
     </span>
    </p>
   </div>
   <div class='ocr_carea' id='block_1_66' title="bbox 1015 1085 1803 1122">
    <p class='ocr_par' dir='ltr' id='par_1_66' title="bbox 1015 1085 1803 1122">
     <span class='ocr_line' id='line_1_66' title="bbox 1015 1085 1803 1122; baseline 0.001 -10"><span class='ocrx_word' id='word_1_462' title='bbox 1015 1085 1127 1118; x_wconf 83' lang='lat' dir='ltr'><strong>distant,</strong></span> <span class='ocrx_word' id='word_1_463' title='bbox 1144 1094 1178 1116; x_wconf 74' lang='lat' dir='ltr'><strong>ex</strong></span> <span class='ocrx_word' id='word_1_464' title='bbox 1191 1086 1238 1112; x_wconf 92' lang='lat' dir='ltr'><strong>illa</strong></span> <span class='ocrx_word' id='word_1_465' title='bbox 1251 1090 1383 1118; x_wconf 86' lang='lat' dir='ltr'><strong>veterum,</strong></span> <span class='ocrx_word' id='word_1_466' title='bbox 1395 1093 1475 1122; x_wconf 91' lang='lat' dir='ltr'><strong>quam</strong></span> <span class='ocrx_word' id='word_1_467' title='bbox 1490 1093 1573 1120; x_wconf 89' lang='lat' dir='ltr'><strong>supra</strong></span> <span class='ocrx_word' id='word_1_468' title='bbox 1585 1085 1803 1117; x_wconf 84' lang='lat' dir='ltr'><strong>declaravimus,</strong></span> 
     </span>
    </p>
   </div>
   <div class='ocr_carea' id='block_1_67' title="bbox 1015 1129 1809 1167">
    <p class='ocr_par' dir='ltr' id='par_1_67' title="bbox 1015 1129 1809 1167">
     <span class='ocr_line' id='line_1_67' title="bbox 1015 1129 1809 1167; baseline 0.001 -9"><span class='ocrx_word' id='word_1_469' title='bbox 1015 1130 1145 1166; x_wconf 86' lang='lat' dir='ltr'><strong>opinione</strong></span> <span class='ocrx_word' id='word_1_470' title='bbox 1171 1133 1393 1167; x_wconf 56' lang='lat' dir='ltr'><strong>manassefqute</strong></span> <span class='ocrx_word' id='word_1_471' title='bbox 1415 1134 1517 1166; x_wconf 88' lang='lat' dir='ltr'><strong>puncta</strong></span> <span class='ocrx_word' id='word_1_472' title='bbox 1530 1129 1627 1157; x_wconf 88' lang='lat' dir='ltr'><strong>eadem</strong></span> <span class='ocrx_word' id='word_1_473' title='bbox 1645 1137 1706 1157; x_wconf 79' lang='lat' dir='ltr'><strong>non</strong></span> <span class='ocrx_word' id='word_1_474' title='bbox 1722 1130 1809 1159; x_wconf 75' lang='lat' dir='ltr'><strong>initiis</strong></span> 
     </span>
    </p>
   </div>
   <div class='ocr_carea' id='block_1_68' title="bbox 1016 1175 1809 1212">
    <p class='ocr_par' dir='ltr' id='par_1_68' title="bbox 1016 1175 1809 1212">
     <span class='ocr_line' id='line_1_68' title="bbox 1016 1175 1809 1212; baseline -0.003 -8"><span class='ocrx_word' id='word_1_475' title='bbox 1016 1177 1169 1212; x_wconf 78' lang='lat' dir='ltr'><strong>signorum,</strong></span> <span class='ocrx_word' id='word_1_476' title='bbox 1190 1177 1237 1205; x_wconf 90' lang='lat' dir='ltr'><strong>sed</strong></span> <span class='ocrx_word' id='word_1_477' title='bbox 1257 1177 1355 1205; x_wconf 89' lang='lat' dir='ltr'><strong>mediis</strong></span> <span class='ocrx_word' id='word_1_478' title='bbox 1369 1176 1436 1212; x_wconf 87' lang='lat' dir='ltr'><strong>ipsis</strong></span> <span class='ocrx_word' id='word_1_479' title='bbox 1451 1176 1628 1211; x_wconf 86' lang='lat' dir='ltr'><strong>ascripserat.</strong></span> <span class='ocrx_word' id='word_1_480' title='bbox 1643 1175 1686 1202; x_wconf 88' lang='lat' dir='ltr'><strong>lta</strong></span> <span class='ocrx_word' id='word_1_481' title='bbox 1708 1177 1809 1211; x_wconf 86' lang='lat' dir='ltr'><strong>quippe</strong></span> 
     </span>
    </p>
   </div>
   <div class='ocr_carea' id='block_1_69' title="bbox 1015 1214 1807 1258">
    <p class='ocr_par' dir='ltr' id='par_1_69' title="bbox 1015 1214 1807 1258">
     <span class='ocr_line' id='line_1_69' title="bbox 1015 1214 1807 1258; baseline -0.003 -8"><span class='ocrx_word' id='word_1_482' title='bbox 1015 1226 1072 1250; x_wconf 90' lang='lat' dir='ltr'><strong>tam</strong></span> <span class='ocrx_word' id='word_1_483' title='bbox 1100 1222 1262 1258; x_wconf 84' lang='lat' dir='ltr'><strong>imperantia</strong></span> <span class='ocrx_word' id='word_1_484' title='bbox 1291 1226 1317 1250; x_wconf 90' lang='lat' dir='ltr'><strong>et</strong></span> <span class='ocrx_word' id='word_1_485' title='bbox 1344 1214 1528 1250; x_wconf 80' lang='lat' dir='ltr'><strong>auscultantia</strong></span> <span class='ocrx_word' id='word_1_486' title='bbox 1542 1221 1648 1249; x_wconf 85' lang='lat' dir='ltr'><strong>distant</strong></span> <span class='ocrx_word' id='word_1_487' title='bbox 1663 1222 1807 1257; x_wconf 60' lang='lat' dir='ltr'><strong>mqualiter</strong></span> 
     </span>
    </p>
   </div>
   <div class='ocr_carea' id='block_1_70' title="bbox 1017 1268 1807 1304">
    <p class='ocr_par' dir='ltr' id='par_1_70' title="bbox 1017 1268 1807 1304">
     <span class='ocr_line' id='line_1_70' title="bbox 1017 1268 1807 1304; baseline -0.003 -8"><span class='ocrx_word' id='word_1_488' title='bbox 1017 1269 1052 1296; x_wconf 89' lang='lat' dir='ltr'><strong>ab</strong></span> <span class='ocrx_word' id='word_1_489' title='bbox 1075 1269 1312 1304; x_wconf 69' lang='lat' dir='ltr'><strong>aequinoctialibus</strong></span> <span class='ocrx_word' id='word_1_490' title='bbox 1336 1268 1455 1304; x_wconf 88' lang='lat' dir='ltr'><strong>punctis,</strong></span> <span class='ocrx_word' id='word_1_491' title='bbox 1471 1275 1552 1304; x_wconf 84' lang='lat' dir='ltr'><strong>quam</strong></span> <span class='ocrx_word' id='word_1_492' title='bbox 1578 1275 1594 1295; x_wconf 89' lang='lat' dir='ltr'><strong>a</strong></span> <span class='ocrx_word' id='word_1_493' title='bbox 1618 1268 1739 1303; x_wconf 89' lang='lat' dir='ltr'><strong>tropicis</strong></span> <span class='ocrx_word' id='word_1_494' title='bbox 1751 1268 1807 1303; x_wconf 77' lang='grc' dir='ltr'><strong>βλέ-</strong></span> 
     </span>
    </p>
   </div>
   <div class='ocr_carea' id='block_1_71' title="bbox 1016 1313 1808 1350">
    <p class='ocr_par' dir='ltr' id='par_1_71' title="bbox 1016 1313 1808 1350">
     <span class='ocr_line' id='line_1_71' title="bbox 1016 1313 1808 1350; baseline 0 -10"><span class='ocrx_word' id='word_1_495' title='bbox 1016 1323 1116 1348; x_wconf 84' lang='grc' dir='ltr'>ποντα;</span> <span class='ocrx_word' id='word_1_496' title='bbox 1151 1315 1264 1342; x_wconf 89' lang='lat' dir='ltr'><strong>anliscia</strong></span> <span class='ocrx_word' id='word_1_497' title='bbox 1277 1322 1341 1347; x_wconf 86' lang='lat' dir='ltr'><strong>vero</strong></span> <span class='ocrx_word' id='word_1_498' title='bbox 1355 1314 1491 1350; x_wconf 85' lang='lat' dir='ltr'><strong>nominari</strong></span> <span class='ocrx_word' id='word_1_499' title='bbox 1504 1314 1562 1349; x_wconf 77' lang='lat' dir='ltr'><strong>sola</strong></span> <span class='ocrx_word' id='word_1_500' title='bbox 1577 1313 1636 1341; x_wconf 72' lang='lat' dir='ltr'><strong>haec</strong></span> <span class='ocrx_word' id='word_1_501' title='bbox 1651 1314 1808 1348; x_wconf 85' lang='lat' dir='ltr'><strong>posteriora</strong></span> 
     </span>
    </p>
   </div>
   <div class='ocr_carea' id='block_1_72' title="bbox 1016 1359 1807 1394">
    <p class='ocr_par' dir='ltr' id='par_1_72' title="bbox 1016 1359 1807 1394">
     <span class='ocr_line' id='line_1_72' title="bbox 1016 1359 1807 1394; baseline -0.001 -7"><span class='ocrx_word' id='word_1_502' title='bbox 1016 1360 1125 1387; x_wconf 89' lang='lat' dir='ltr'><strong>debent.</strong></span> <span class='ocrx_word' id='word_1_503' title='bbox 1148 1359 1186 1387; x_wconf 85' lang='lat' dir='ltr'><strong>De</strong></span> <span class='ocrx_word' id='word_1_504' title='bbox 1211 1360 1287 1387; x_wconf 88' lang='lat' dir='ltr'><strong>hisce</strong></span> <span class='ocrx_word' id='word_1_505' title='bbox 1309 1359 1372 1394; x_wconf 80' lang='lat' dir='ltr'><strong>vide</strong></span> <span class='ocrx_word' id='word_1_506' title='bbox 1398 1359 1579 1388; x_wconf 85' lang='lat' dir='ltr'><strong>Mirandulani</strong></span> <span class='ocrx_word' id='word_1_507' title='bbox 1591 1359 1807 1394; x_wconf 82' lang='lat' dir='ltr'><strong>disputationem</strong></span> 
     </span>
    </p>
   </div>
   <div class='ocr_carea' id='block_1_73' title="bbox 1016 1404 1479 1440">
    <p class='ocr_par' dir='ltr' id='par_1_73' title="bbox 1016 1404 1479 1440">
     <span class='ocr_line' id='line_1_73' title="bbox 1016 1404 1479 1440; baseline -0.004 -7"><span class='ocrx_word' id='word_1_508' title='bbox 1016 1406 1063 1433; x_wconf 93' lang='lat' dir='ltr'><strong>lib.</strong></span> <span class='ocrx_word' id='word_1_509' title='bbox 1077 1405 1111 1432; x_wconf 82' lang='lat' dir='ltr'><strong>Vl</strong></span> <span class='ocrx_word' id='word_1_510' title='bbox 1124 1409 1220 1432; x_wconf 89' lang='lat' dir='ltr'><strong>contra</strong></span> <span class='ocrx_word' id='word_1_511' title='bbox 1236 1405 1328 1433; x_wconf 88' lang='lat' dir='ltr'><strong>astrol.</strong></span> <span class='ocrx_word' id='word_1_512' title='bbox 1343 1413 1403 1440; x_wconf 88' lang='lat' dir='ltr'><strong>cap.</strong></span> <span class='ocrx_word' id='word_1_513' title='bbox 1420 1404 1479 1432; x_wconf 84' lang='grc' dir='ltr'><strong>ΧΠ.</strong></span> 
     </span>
    </p>
   </div>
   <div class='ocr_carea' id='block_1_74' title="bbox 1296 1461 1499 1491">
    <p class='ocr_par' dir='ltr' id='par_1_74' title="bbox 1296 1461 1499 1491">
     <span class='ocr_line' id='line_1_74' title="bbox 1296 1461 1499 1491; baseline -0.01 -1"><span class='ocrx_word' id='word_1_514' title='bbox 1296 1461 1409 1491; x_wconf 86' lang='lat' dir='ltr'><strong>CAPUT</strong></span> <span class='ocrx_word' id='word_1_515' title='bbox 1432 1461 1499 1489; x_wconf 83' lang='lat' dir='ltr'><strong>Vlll.</strong></span> 
     </span>
    </p>
   </div>
   <div class='ocr_carea' id='block_1_75' title="bbox 1017 1508 1807 1544">
    <p class='ocr_par' dir='ltr' id='par_1_75' title="bbox 1017 1508 1807 1544">
     <span class='ocr_line' id='line_1_75' title="bbox 1017 1508 1807 1544; baseline 0.001 -9"><span class='ocrx_word' id='word_1_516' title='bbox 1017 1508 1057 1536; x_wconf 84' lang='lat' dir='ltr'><strong>De</strong></span> <span class='ocrx_word' id='word_1_517' title='bbox 1069 1508 1251 1542; x_wconf 78' lang='lat' dir='ltr'><strong>dignoscendis</strong></span> <span class='ocrx_word' id='word_1_518' title='bbox 1264 1508 1401 1535; x_wconf 76' lang='lat' dir='ltr'><strong>stellarum</strong></span> <span class='ocrx_word' id='word_1_519' title='bbox 1416 1508 1517 1544; x_wconf 66' lang='lat' dir='ltr'><strong>artitvm</strong></span> <span class='ocrx_word' id='word_1_520' title='bbox 1540 1512 1565 1535; x_wconf 83' lang='lat' dir='ltr'><strong>et</strong></span> <span class='ocrx_word' id='word_1_521' title='bbox 1581 1509 1733 1540; x_wconf 72' lang='lat' dir='ltr'><strong>occasibus,</strong></span> <span class='ocrx_word' id='word_1_522' title='bbox 1745 1517 1807 1544; x_wconf 45' lang='lat' dir='ltr'><strong>quae</strong></span> 
     </span>
    </p>
   </div>
   <div class='ocr_carea' id='block_1_76' title="bbox 1053 1543 1803 1578">
    <p class='ocr_par' dir='ltr' id='par_1_76' title="bbox 1053 1543 1803 1578">
     <span class='ocr_line' id='line_1_76' title="bbox 1053 1543 1803 1578; baseline 0 -8"><span class='ocrx_word' id='word_1_523' title='bbox 1053 1552 1112 1570; x_wconf 82' lang='lat' dir='ltr'><strong>rum</strong></span> <span class='ocrx_word' id='word_1_524' title='bbox 1123 1543 1193 1578; x_wconf 82' lang='lat' dir='ltr'><strong>apud</strong></span> <span class='ocrx_word' id='word_1_525' title='bbox 1207 1548 1326 1570; x_wconf 76' lang='lat' dir='ltr'><strong>auctores</strong></span> <span class='ocrx_word' id='word_1_526' title='bbox 1342 1544 1439 1578; x_wconf 71' lang='lat' dir='ltr'><strong>mentio</strong></span> <span class='ocrx_word' id='word_1_527' title='bbox 1459 1543 1498 1578; x_wconf 52' lang='lat' dir='ltr'><strong>ﬁt</strong></span> <span class='ocrx_word' id='word_1_528' title='bbox 1509 1551 1518 1569; x_wconf 87' lang='lat'><em>:</em></span> <span class='ocrx_word' id='word_1_529' title='bbox 1538 1551 1596 1578; x_wconf 71' lang='lat' dir='ltr'><strong>qum</strong></span> <span class='ocrx_word' id='word_1_530' title='bbox 1610 1551 1651 1570; x_wconf 75' lang='lat' dir='ltr'><strong>res</strong></span> <span class='ocrx_word' id='word_1_531' title='bbox 1667 1545 1748 1570; x_wconf 73' lang='lat' dir='ltr'><strong>certis</strong></span> <span class='ocrx_word' id='word_1_532' title='bbox 1762 1553 1803 1571; x_wconf 75' lang='lat' dir='ltr'><strong>re-</strong></span> 
     </span>
    </p>
   </div>
   <div class='ocr_carea' id='block_1_77' title="bbox 1048 1577 1800 1614">
    <p class='ocr_par' dir='ltr' id='par_1_77' title="bbox 1048 1577 1800 1614">
     <span class='ocr_line' id='line_1_77' title="bbox 1048 1577 1800 1614; baseline -0.001 -9"><span class='ocrx_word' id='word_1_533' title='bbox 1048 1580 1127 1614; x_wconf 70' lang='lat' dir='ltr'><strong>gulis,</strong></span> <span class='ocrx_word' id='word_1_534' title='bbox 1135 1583 1160 1605; x_wconf 91' lang='lat' dir='ltr'><strong>et</strong></span> <span class='ocrx_word' id='word_1_535' title='bbox 1174 1579 1298 1614; x_wconf 66' lang='lat' dir='ltr'><strong>exemplis</strong></span> <span class='ocrx_word' id='word_1_536' title='bbox 1310 1577 1470 1614; x_wconf 57' lang='lat' dir='ltr'><strong>instruitur;</strong></span> <span class='ocrx_word' id='word_1_537' title='bbox 1479 1577 1687 1614; x_wconf 61' lang='lat' dir='ltr'><strong>Theophrastus,</strong></span> <span class='ocrx_word' id='word_1_538' title='bbox 1708 1578 1800 1610; x_wconf 68' lang='lat' dir='ltr'><strong>Varro,</strong></span> 
     </span>
    </p>
   </div>
   <div class='ocr_carea' id='block_1_78' title="bbox 1055 1612 1805 1647">
    <p class='ocr_par' dir='ltr' id='par_1_78' title="bbox 1055 1612 1805 1647">
     <span class='ocr_line' id='line_1_78' title="bbox 1055 1612 1805 1647; baseline 0 -7"><span class='ocrx_word' id='word_1_539' title='bbox 1055 1612 1175 1645; x_wconf 75' lang='lat' dir='ltr'><strong>Plinius,</strong></span> <span class='ocrx_word' id='word_1_540' title='bbox 1195 1613 1353 1644; x_wconf 81' lang='lat' dir='ltr'><strong>Columella,</strong></span> <span class='ocrx_word' id='word_1_541' title='bbox 1370 1612 1540 1644; x_wconf 77' lang='lat' dir='ltr'><strong>Ptolemwus,</strong></span> <span class='ocrx_word' id='word_1_542' title='bbox 1558 1613 1656 1647; x_wconf 80' lang='lat' dir='ltr'><strong>aliique</strong></span> <span class='ocrx_word' id='word_1_543' title='bbox 1675 1614 1717 1639; x_wconf 73' lang='lat' dir='ltr'><strong>vel</strong></span> <span class='ocrx_word' id='word_1_544' title='bbox 1742 1614 1805 1640; x_wconf 70' lang='lat' dir='ltr'><strong>illu-</strong></span> 
     </span>
    </p>
   </div>
   <div class='ocr_carea' id='block_1_79' title="bbox 1055 1648 1804 1682">
    <p class='ocr_par' dir='ltr' id='par_1_79' title="bbox 1055 1648 1804 1682">
     <span class='ocr_line' id='line_1_79' title="bbox 1055 1648 1804 1682; baseline 0 -7"><span class='ocrx_word' id='word_1_545' title='bbox 1055 1649 1146 1679; x_wconf 82' lang='lat' dir='ltr'><strong>strati,</strong></span> <span class='ocrx_word' id='word_1_546' title='bbox 1163 1649 1202 1674; x_wconf 79' lang='lat' dir='ltr'><strong>uel</strong></span> <span class='ocrx_word' id='word_1_547' title='bbox 1219 1648 1366 1679; x_wconf 81' lang='lat' dir='ltr'><strong>emendati;</strong></span> <span class='ocrx_word' id='word_1_548' title='bbox 1382 1656 1440 1682; x_wconf 72' lang='lat' dir='ltr'><strong>qua:</strong></span> <span class='ocrx_word' id='word_1_549' title='bbox 1452 1648 1485 1674; x_wconf 72' lang='lat' dir='ltr'><strong>sit</strong></span> <span class='ocrx_word' id='word_1_550' title='bbox 1501 1648 1652 1674; x_wconf 63' lang='lat' dir='ltr'><strong>admissura</strong></span> <span class='ocrx_word' id='word_1_551' title='bbox 1672 1653 1804 1682; x_wconf 73' lang='lat' dir='ltr'><strong>tempora-</strong></span> 
     </span>
    </p>
   </div>
   <div class='ocr_carea' id='block_1_80' title="bbox 1051 1682 1681 1717">
    <p class='ocr_par' dir='ltr' id='par_1_80' title="bbox 1051 1682 1681 1717">
     <span class='ocr_line' id='line_1_80' title="bbox 1051 1682 1681 1717; baseline -0.005 -6"><span class='ocrx_word' id='word_1_552' title='bbox 1051 1683 1104 1716; x_wconf 85' lang='lat' dir='ltr'><strong>ria,</strong></span> <span class='ocrx_word' id='word_1_553' title='bbox 1118 1688 1143 1710; x_wconf 88' lang='lat' dir='ltr'><strong>et</strong></span> <span class='ocrx_word' id='word_1_554' title='bbox 1161 1684 1287 1710; x_wconf 78' lang='lat' dir='ltr'><strong>serotina.</strong></span> <span class='ocrx_word' id='word_1_555' title='bbox 1303 1682 1427 1709; x_wconf 74' lang='lat' dir='ltr'><strong>Geneseos</strong></span> <span class='ocrx_word' id='word_1_556' title='bbox 1445 1682 1516 1709; x_wconf 76' lang='lat' dir='ltr'><strong>locus</strong></span> <span class='ocrx_word' id='word_1_557' title='bbox 1531 1683 1681 1717; x_wconf 70' lang='lat' dir='ltr'><strong>exponitur.</strong></span> 
     </span>
    </p>
   </div>
   <div class='ocr_carea' id='block_1_81' title="bbox 1058 1727 1801 1761">
    <p class='ocr_par' dir='ltr' id='par_1_81' title="bbox 1058 1727 1801 1761">
     <span class='ocr_line' id='line_1_81' title="bbox 1058 1727 1801 1761; baseline -0.003 -6"><span class='ocrx_word' id='word_1_558' title='bbox 1058 1728 1110 1761; x_wconf 86' lang='lat' dir='ltr'><strong>Qui</strong></span> <span class='ocrx_word' id='word_1_559' title='bbox 1124 1735 1157 1755; x_wconf 84' lang='lat' dir='ltr'><strong>ex</strong></span> <span class='ocrx_word' id='word_1_560' title='bbox 1174 1727 1365 1755; x_wconf 87' lang='lat' dir='ltr'><strong>astronomicis</strong></span> <span class='ocrx_word' id='word_1_561' title='bbox 1388 1727 1488 1761; x_wconf 87' lang='lat' dir='ltr'><strong>tabulis</strong></span> <span class='ocrx_word' id='word_1_562' title='bbox 1507 1730 1701 1761; x_wconf 82' lang='lat' dir='ltr'><strong>computantur</strong></span> <span class='ocrx_word' id='word_1_563' title='bbox 1714 1730 1801 1758; x_wconf 82' lang='lat' dir='ltr'><strong>ortus,</strong></span> 
     </span>
    </p>
   </div>
   <div class='ocr_carea' id='block_1_82' title="bbox 1018 1770 1801 1807">
    <p class='ocr_par' dir='ltr' id='par_1_82' title="bbox 1018 1770 1801 1807">
     <span class='ocr_line' id='line_1_82' title="bbox 1018 1770 1801 1807; baseline -0.003 -8"><span class='ocrx_word' id='word_1_564' title='bbox 1018 1772 1167 1807; x_wconf 85' lang='lat' dir='ltr'><strong>obitusque</strong></span> <span class='ocrx_word' id='word_1_565' title='bbox 1194 1772 1344 1803; x_wconf 88' lang='lat' dir='ltr'><strong>stellarum,</strong></span> <span class='ocrx_word' id='word_1_566' title='bbox 1368 1771 1461 1806; x_wconf 89' lang='lat' dir='ltr'><strong>quales</strong></span> <span class='ocrx_word' id='word_1_567' title='bbox 1488 1770 1515 1797; x_wconf 93' lang='lat' dir='ltr'><strong>in</strong></span> <span class='ocrx_word' id='word_1_568' title='bbox 1545 1770 1599 1797; x_wconf 86' lang='lat' dir='ltr'><strong>ﬁne</strong></span> <span class='ocrx_word' id='word_1_569' title='bbox 1632 1770 1695 1797; x_wconf 90' lang='lat' dir='ltr'><strong>libri</strong></span> <span class='ocrx_word' id='word_1_570' title='bbox 1721 1770 1801 1805; x_wconf 89' lang='lat' dir='ltr'><strong>primi</strong></span> 
     </span>
    </p>
   </div>
   <div class='ocr_carea' id='block_1_83' title="bbox 1016 1817 1802 1855">
    <p class='ocr_par' dir='ltr' id='par_1_83' title="bbox 1016 1817 1802 1855">
     <span class='ocr_line' id='line_1_83' title="bbox 1016 1817 1802 1855; baseline -0.004 -9"><span class='ocrx_word' id='word_1_571' title='bbox 1016 1818 1223 1855; x_wconf 82' lang='lat' dir='ltr'><strong>descripsimus,</strong></span> <span class='ocrx_word' id='word_1_572' title='bbox 1235 1818 1254 1845; x_wconf 94' lang='lat' dir='ltr'><strong>ii</strong></span> <span class='ocrx_word' id='word_1_573' title='bbox 1267 1818 1323 1845; x_wconf 90' lang='lat' dir='ltr'><strong>veri</strong></span> <span class='ocrx_word' id='word_1_574' title='bbox 1339 1822 1412 1851; x_wconf 91' lang='lat' dir='ltr'><strong>sunt,</strong></span> <span class='ocrx_word' id='word_1_575' title='bbox 1424 1821 1450 1845; x_wconf 92' lang='lat' dir='ltr'><strong>et</strong></span> <span class='ocrx_word' id='word_1_576' title='bbox 1465 1817 1596 1853; x_wconf 78' lang='grc' dir='ltr'><strong>ἀκριϐεῖς,</strong></span> <span class='ocrx_word' id='word_1_577' title='bbox 1612 1824 1663 1844; x_wconf 89' lang='lat' dir='ltr'><strong>nec</strong></span> <span class='ocrx_word' id='word_1_578' title='bbox 1673 1817 1708 1843; x_wconf 91' lang='lat' dir='ltr'><strong>ad</strong></span> <span class='ocrx_word' id='word_1_579' title='bbox 1723 1817 1802 1852; x_wconf 87' lang='lat' dir='ltr'><strong>liqui-</strong></span> 
     </span>
    </p>
   </div>
   <div class='ocr_carea' id='block_1_84' title="bbox 1017 1862 1800 1900">
    <p class='ocr_par' dir='ltr' id='par_1_84' title="bbox 1017 1862 1800 1900">
     <span class='ocr_line' id='line_1_84' title="bbox 1017 1862 1800 1900; baseline -0.005 -8"><span class='ocrx_word' id='word_1_580' title='bbox 1017 1865 1081 1892; x_wconf 90' lang='lat' dir='ltr'><strong>dum</strong></span> <span class='ocrx_word' id='word_1_581' title='bbox 1106 1868 1277 1900; x_wconf 76' lang='lat' dir='ltr'><strong>apparentes,</strong></span> <span class='ocrx_word' id='word_1_582' title='bbox 1292 1865 1373 1891; x_wconf 89' lang='lat' dir='ltr'><strong>etiam</strong></span> <span class='ocrx_word' id='word_1_583' title='bbox 1391 1863 1504 1896; x_wconf 76' lang='lat' dir='ltr'><strong>heliaci&#39;,</strong></span> <span class='ocrx_word' id='word_1_584' title='bbox 1519 1870 1581 1897; x_wconf 85' lang='lat' dir='ltr'><strong>nam</strong></span> <span class='ocrx_word' id='word_1_585' title='bbox 1597 1863 1623 1896; x_wconf 86' lang='lat' dir='ltr'><strong>in</strong></span> <span class='ocrx_word' id='word_1_586' title='bbox 1643 1862 1696 1889; x_wconf 90' lang='lat' dir='ltr'><strong>hoc</strong></span> <span class='ocrx_word' id='word_1_587' title='bbox 1711 1867 1800 1898; x_wconf 76' lang='lat' dir='ltr'><strong>peste-</strong></span> 
     </span>
    </p>
   </div>
   <div class='ocr_carea' id='block_1_85' title="bbox 1017 1908 1799 1946">
    <p class='ocr_par' dir='ltr' id='par_1_85' title="bbox 1017 1908 1799 1946">
     <span class='ocr_line' id='line_1_85' title="bbox 1017 1908 1799 1946; baseline -0.003 -9"><span class='ocrx_word' id='word_1_588' title='bbox 1017 1909 1082 1937; x_wconf 91' lang='lat' dir='ltr'><strong>riori</strong></span> <span class='ocrx_word' id='word_1_589' title='bbox 1107 1918 1203 1945; x_wconf 77' lang='lat' dir='ltr'><strong>genere</strong></span> <span class='ocrx_word' id='word_1_590' title='bbox 1229 1909 1273 1946; x_wconf 88' lang='lat' dir='ltr'><strong>(de</strong></span> <span class='ocrx_word' id='word_1_591' title='bbox 1300 1909 1403 1936; x_wconf 73' lang='lat' dir='ltr'><strong>caeteris</strong></span> <span class='ocrx_word' id='word_1_592' title='bbox 1426 1909 1497 1936; x_wconf 92' lang='lat' dir='ltr'><strong>enim</strong></span> <span class='ocrx_word' id='word_1_593' title='bbox 1516 1908 1657 1943; x_wconf 81' lang='lat' dir='ltr'><strong>explorata</strong></span> <span class='ocrx_word' id='word_1_594' title='bbox 1674 1916 1721 1935; x_wconf 86' lang='lat' dir='ltr'><strong>res</strong></span> <span class='ocrx_word' id='word_1_595' title='bbox 1749 1913 1799 1940; x_wconf 90' lang='lat' dir='ltr'><strong>est,</strong></span> 
     </span>
    </p>
   </div>
   <div class='ocr_carea' id='block_1_86' title="bbox 1017 1954 1800 1994">
    <p class='ocr_par' dir='ltr' id='par_1_86' title="bbox 1017 1954 1800 1994">
     <span class='ocr_line' id='line_1_86' title="bbox 1017 1954 1800 1994; baseline -0.004 -11"><span class='ocrx_word' id='word_1_596' title='bbox 1017 1963 1188 1990; x_wconf 85' lang='lat' dir='ltr'><strong>nequaquam</strong></span> <span class='ocrx_word' id='word_1_597' title='bbox 1203 1963 1250 1983; x_wconf 88' lang='lat' dir='ltr'><strong>eos</strong></span> <span class='ocrx_word' id='word_1_598' title='bbox 1272 1956 1331 1983; x_wconf 90' lang='lat' dir='ltr'><strong>visu</strong></span> <span class='ocrx_word' id='word_1_599' title='bbox 1345 1962 1426 1990; x_wconf 88' lang='lat' dir='ltr'><strong>posse</strong></span> <span class='ocrx_word' id='word_1_600' title='bbox 1442 1954 1573 1990; x_wconf 89' lang='lat' dir='ltr'><strong>discerni)</strong></span> <span class='ocrx_word' id='word_1_601' title='bbox 1591 1954 1707 1988; x_wconf 83' lang='lat' dir='ltr'><strong>extremi</strong></span> <span class='ocrx_word' id='word_1_602' title='bbox 1718 1961 1800 1994; x_wconf 83' lang='lat' dir='ltr'><strong>appa-</strong></span> 
     </span>
    </p>
   </div>
   <div class='ocr_carea' id='block_1_87' title="bbox 1017 2000 1798 2036">
    <p class='ocr_par' dir='ltr' id='par_1_87' title="bbox 1017 2000 1798 2036">
     <span class='ocr_line' id='line_1_87' title="bbox 1017 2000 1798 2036; baseline -0.004 -7"><span class='ocrx_word' id='word_1_603' title='bbox 1017 2002 1124 2029; x_wconf 89' lang='lat' dir='ltr'><strong>ritionis</strong></span> <span class='ocrx_word' id='word_1_604' title='bbox 1139 2002 1248 2029; x_wconf 91' lang='lat' dir='ltr'><strong>termini</strong></span> <span class='ocrx_word' id='word_1_605' title='bbox 1266 2002 1446 2036; x_wconf 80' lang='lat' dir='ltr'><strong>colliguntur;</strong></span> <span class='ocrx_word' id='word_1_606' title='bbox 1463 2001 1513 2028; x_wconf 91' lang='lat' dir='ltr'><strong>hoc</strong></span> <span class='ocrx_word' id='word_1_607' title='bbox 1528 2005 1569 2028; x_wconf 88' lang='lat' dir='ltr'><strong>est</strong></span> <span class='ocrx_word' id='word_1_608' title='bbox 1579 2003 1718 2027; x_wconf 88' lang='lat' dir='ltr'><strong>momenta</strong></span> <span class='ocrx_word' id='word_1_609' title='bbox 1730 2000 1798 2035; x_wconf 79' lang='lat' dir='ltr'><strong>ipsa.</strong></span> 
     </span>
    </p>
   </div>
   <div class='ocr_carea' id='block_1_88' title="bbox 1018 2047 1799 2083">
    <p class='ocr_par' dir='ltr' id='par_1_88' title="bbox 1018 2047 1799 2083">
     <span class='ocr_line' id='line_1_88' title="bbox 1018 2047 1799 2083; baseline -0.005 -8"><span class='ocrx_word' id='word_1_610' title='bbox 1018 2048 1045 2075; x_wconf 93' lang='lat' dir='ltr'><strong>in</strong></span> <span class='ocrx_word' id='word_1_611' title='bbox 1063 2048 1163 2083; x_wconf 91' lang='lat' dir='ltr'><strong>quibus</strong></span> <span class='ocrx_word' id='word_1_612' title='bbox 1179 2048 1215 2075; x_wconf 93' lang='lat' dir='ltr'><strong>ita</strong></span> <span class='ocrx_word' id='word_1_613' title='bbox 1239 2048 1326 2083; x_wconf 89' lang='lat' dir='ltr'><strong>primo</strong></span> <span class='ocrx_word' id='word_1_614' title='bbox 1357 2052 1528 2082; x_wconf 82' lang='lat' dir='ltr'><strong>postremove</strong></span> <span class='ocrx_word' id='word_1_615' title='bbox 1542 2050 1703 2078; x_wconf 84' lang='lat' dir='ltr'><strong>cernuntur,</strong></span> <span class='ocrx_word' id='word_1_616' title='bbox 1719 2051 1749 2072; x_wconf 82' lang='lat' dir='ltr'><strong>ut</strong></span> <span class='ocrx_word' id='word_1_617' title='bbox 1762 2047 1799 2072; x_wconf 86' lang='lat' dir='ltr'><strong>ci-</strong></span> 
     </span>
    </p>
   </div>
   <div class='ocr_carea' id='block_1_89' title="bbox 1018 2091 1801 2127">
    <p class='ocr_par' dir='ltr' id='par_1_89' title="bbox 1018 2091 1801 2127">
     <span class='ocr_line' id='line_1_89' title="bbox 1018 2091 1801 2127; baseline -0.005 -6"><span class='ocrx_word' id='word_1_618' title='bbox 1018 2097 1060 2120; x_wconf 89' lang='lat' dir='ltr'><strong>tra</strong></span> <span class='ocrx_word' id='word_1_619' title='bbox 1075 2101 1106 2121; x_wconf 90' lang='lat' dir='ltr'><strong>ea</strong></span> <span class='ocrx_word' id='word_1_620' title='bbox 1120 2093 1207 2121; x_wconf 88' lang='lat' dir='ltr'><strong>videri</strong></span> <span class='ocrx_word' id='word_1_621' title='bbox 1223 2093 1358 2121; x_wconf 88' lang='lat' dir='ltr'><strong>desinant.</strong></span> <span class='ocrx_word' id='word_1_622' title='bbox 1377 2091 1558 2125; x_wconf 83' lang='lat' dir='ltr'><strong>Quamobrem</strong></span> <span class='ocrx_word' id='word_1_623' title='bbox 1575 2091 1648 2127; x_wconf 89' lang='lat' dir='ltr'><strong>quod</strong></span> <span class='ocrx_word' id='word_1_624' title='bbox 1662 2096 1721 2119; x_wconf 89' lang='lat' dir='ltr'><strong>tum</strong></span> <span class='ocrx_word' id='word_1_625' title='bbox 1738 2099 1801 2126; x_wconf 56' lang='lat' dir='ltr'><strong>pro.</strong></span> 
     </span>
    </p>
   </div>
   <div class='ocr_carea' id='block_1_90' title="bbox 1018 2137 1798 2174">
    <p class='ocr_par' dir='ltr' id='par_1_90' title="bbox 1018 2137 1798 2174">
     <span class='ocr_line' id='line_1_90' title="bbox 1018 2137 1798 2174; baseline -0.003 -8"><span class='ocrx_word' id='word_1_626' title='bbox 1018 2139 1080 2174; x_wconf 89' lang='lat' dir='ltr'><strong>pius</strong></span> <span class='ocrx_word' id='word_1_627' title='bbox 1104 2139 1264 2173; x_wconf 76' lang='lat' dir='ltr'><strong>contingunt</strong></span> <span class='ocrx_word' id='word_1_628' title='bbox 1282 2138 1450 2167; x_wconf 83' lang='lat' dir='ltr'><strong>horizontem</strong></span> <span class='ocrx_word' id='word_1_629' title='bbox 1461 2158 1468 2169; x_wconf 92' lang='lat'><strong>,</strong></span> <span class='ocrx_word' id='word_1_630' title='bbox 1483 2141 1510 2164; x_wconf 93' lang='lat' dir='ltr'><strong>et</strong></span> <span class='ocrx_word' id='word_1_631' title='bbox 1525 2137 1677 2172; x_wconf 83' lang='lat' dir='ltr'><strong>interjectis</strong></span> <span class='ocrx_word' id='word_1_632' title='bbox 1690 2137 1798 2164; x_wconf 87' lang='lat' dir='ltr'><strong>nebulis</strong></span> 
     </span>
    </p>
   </div>
   <div class='ocr_carea' id='block_1_91' title="bbox 1023 2182 1798 2220">
    <p class='ocr_par' dir='ltr' id='par_1_91' title="bbox 1023 2182 1798 2220">
     <span class='ocr_line' id='line_1_91' title="bbox 1023 2182 1798 2220; baseline -0.005 -8"><span class='ocrx_word' id='word_1_633' title='bbox 1023 2193 1055 2213; x_wconf 89' lang='lat' dir='ltr'><strong>ac</strong></span> <span class='ocrx_word' id='word_1_634' title='bbox 1063 2185 1209 2220; x_wconf 89' lang='lat' dir='ltr'><strong>vaporibus</strong></span> <span class='ocrx_word' id='word_1_635' title='bbox 1225 2185 1382 2219; x_wconf 88' lang='lat' dir='ltr'><strong>plerumque</strong></span> <span class='ocrx_word' id='word_1_636' title='bbox 1394 2184 1477 2210; x_wconf 89' lang='lat' dir='ltr'><strong>latent</strong></span> <span class='ocrx_word' id='word_1_637' title='bbox 1488 2182 1622 2214; x_wconf 89' lang='lat' dir='ltr'><strong>adhuc,et</strong></span> <span class='ocrx_word' id='word_1_638' title='bbox 1636 2182 1798 2218; x_wconf 77' lang='lat' dir='ltr'><strong>intuentium</strong></span> 
     </span>
    </p>
   </div>
   <div class='ocr_carea' id='block_1_92' title="bbox 189 2226 1801 2267">
    <p class='ocr_par' dir='ltr' id='par_1_92' title="bbox 189 2226 1801 2267">
     <span class='ocr_line' id='line_1_92' title="bbox 189 2226 1801 2267; baseline -0.005 -6"><span class='ocrx_word' id='word_1_639' title='bbox 189 2228 225 2255; x_wconf 80' lang='grc' dir='ltr'><strong>Ᾱι</strong></span> <span class='ocrx_word' id='word_1_640' title='bbox 241 2228 362 2263; x_wconf 78' lang='lat' dir='ltr'><strong>Scaliger</strong></span> <span class='ocrx_word' id='word_1_641' title='bbox 373 2236 404 2255; x_wconf 74' lang='lat' dir='ltr'><strong>ex</strong></span> <span class='ocrx_word' id='word_1_642' title='bbox 417 2228 471 2258; x_wconf 84' lang='lat' dir='ltr'><strong>illis</strong></span> <span class='ocrx_word' id='word_1_643' title='bbox 487 2227 598 2259; x_wconf 81' lang='lat' dir='ltr'><strong>Firmici</strong></span> <span class='ocrx_word' id='word_1_644' title='bbox 613 2228 704 2255; x_wconf 78' lang='lat' dir='ltr'><strong>verbis</strong></span> <span class='ocrx_word' id='word_1_645' title='bbox 723 2227 824 2263; x_wconf 77' lang='lat' dir='ltr'><strong>colligit</strong></span> <span class='ocrx_word' id='word_1_646' title='bbox 838 2226 966 2262; x_wconf 75' lang='lat' dir='ltr'><strong>primum.</strong></span> <span class='ocrx_word' id='word_1_647' title='bbox 983 2234 1005 2262; x_wconf 82' lang='lat' dir='ltr'><strong>D</strong></span> <span class='ocrx_word' id='word_1_648' title='bbox 1021 2230 1186 2267; x_wconf 81' lang='lat' dir='ltr'><strong>frustrantur</strong></span> <span class='ocrx_word' id='word_1_649' title='bbox 1208 2229 1319 2262; x_wconf 82' lang='lat' dir='ltr'><strong>oculos,</strong></span> <span class='ocrx_word' id='word_1_650' title='bbox 1336 2229 1400 2255; x_wconf 92' lang='lat' dir='ltr'><strong>hinc</strong></span> <span class='ocrx_word' id='word_1_651' title='bbox 1415 2227 1485 2263; x_wconf 87' lang='lat' dir='ltr'><strong>apud</strong></span> <span class='ocrx_word' id='word_1_652' title='bbox 1507 2228 1656 2262; x_wconf 88' lang='lat' dir='ltr'><strong>scriptores</strong></span> <span class='ocrx_word' id='word_1_653' title='bbox 1678 2235 1740 2255; x_wconf 88' lang='lat' dir='ltr'><strong>raro</strong></span> <span class='ocrx_word' id='word_1_654' title='bbox 1754 2227 1801 2259; x_wconf 72' lang='lat' dir='ltr'><strong>illa</strong></span> 
     </span>
    </p>
   </div>
   <div class='ocr_carea' id='block_1_93' title="bbox 189 2271 968 2309">
    <p class='ocr_par' dir='ltr' id='par_1_93' title="bbox 189 2271 968 2309">
     <span class='ocr_line' id='line_1_93' title="bbox 189 2271 968 2309; baseline -0.003 -9"><span class='ocrx_word' id='word_1_655' title='bbox 189 2274 225 2301; x_wconf 84' lang='grc' dir='ltr'><strong>τὰ</strong></span> <span class='ocrx_word' id='word_1_656' title='bbox 239 2275 443 2309; x_wconf 81' lang='grc' dir='ltr'><strong>προστάσσοντα</strong></span> <span class='ocrx_word' id='word_1_657' title='bbox 462 2279 573 2307; x_wconf 87' lang='lat' dir='ltr'><strong>tantum,</strong></span> <span class='ocrx_word' id='word_1_658' title='bbox 589 2277 616 2302; x_wconf 89' lang='lat' dir='ltr'><strong>et</strong></span> <span class='ocrx_word' id='word_1_659' title='bbox 639 2273 806 2300; x_wconf 82' lang='grc' dir='ltr'><strong>ὑπακούοντα</strong></span> <span class='ocrx_word' id='word_1_660' title='bbox 826 2281 834 2298; x_wconf 84' lang='lat' dir='ltr'><strong>t</strong></span> <span class='ocrx_word' id='word_1_661' title='bbox 854 2271 968 2299; x_wconf 86' lang='lat' dir='ltr'><strong>antiscia</strong></span> 
     </span>
    </p>
   </div>
   <div class='ocr_carea' id='block_1_94' title="bbox 189 2317 969 2350">
    <p class='ocr_par' dir='ltr' id='par_1_94' title="bbox 189 2317 969 2350">
     <span class='ocr_line' id='line_1_94' title="bbox 189 2317 969 2350; baseline -0.004 -3"><span class='ocrx_word' id='word_1_662' title='bbox 189 2320 282 2347; x_wconf 75' lang='lat' dir='ltr'><strong>vocari</strong></span> <span class='ocrx_word' id='word_1_663' title='bbox 302 2329 311 2346; x_wconf 75' lang='grc' dir='ltr'>ι</span> <span class='ocrx_word' id='word_1_664' title='bbox 331 2327 346 2345; x_wconf 90' lang='lat' dir='ltr'><strong>a</strong></span> <span class='ocrx_word' id='word_1_665' title='bbox 374 2318 490 2347; x_wconf 84' lang='lat' dir='ltr'><strong>Firmico</strong></span> <span class='ocrx_word' id='word_1_666' title='bbox 509 2330 514 2347; x_wconf 94' lang='lat'>:</span> <span class='ocrx_word' id='word_1_667' title='bbox 530 2325 585 2348; x_wconf 91' lang='lat' dir='ltr'><strong>tum</strong></span> <span class='ocrx_word' id='word_1_668' title='bbox 611 2319 725 2349; x_wconf 81' lang='lat' dir='ltr'><strong>antiscia</strong></span> <span class='ocrx_word' id='word_1_669' title='bbox 749 2318 873 2346; x_wconf 83' lang='lat' dir='ltr'><strong>Antiochi</strong></span> <span class='ocrx_word' id='word_1_670' title='bbox 901 2317 969 2350; x_wconf 83' lang='lat' dir='ltr'><strong>falso</strong></span> 
     </span>
    </p>
   </div>
   <div class='ocr_carea' id='block_1_95' title="bbox 190 2364 968 2399">
    <p class='ocr_par' dir='ltr' id='par_1_95' title="bbox 190 2364 968 2399">
     <span class='ocr_line' id='line_1_95' title="bbox 190 2364 968 2399; baseline -0.005 -5"><span class='ocrx_word' id='word_1_671' title='bbox 190 2373 253 2399; x_wconf 77' lang='lat' dir='ltr'><strong>cum</strong></span> <span class='ocrx_word' id='word_1_672' title='bbox 268 2364 440 2396; x_wconf 81' lang='lat' dir='ltr'><strong>Ptolemaicis</strong></span> <span class='ocrx_word' id='word_1_673' title='bbox 457 2366 596 2398; x_wconf 86' lang='lat' dir='ltr'><strong>confundi,</strong></span> <span class='ocrx_word' id='word_1_674' title='bbox 617 2373 678 2392; x_wconf 88' lang='lat' dir='ltr'><strong>cum</strong></span> <span class='ocrx_word' id='word_1_675' title='bbox 695 2365 749 2396; x_wconf 85' lang='lat' dir='ltr'><strong>sint</strong></span> <span class='ocrx_word' id='word_1_676' title='bbox 763 2365 886 2395; x_wconf 86' lang='lat' dir='ltr'><strong>diversa;</strong></span> <span class='ocrx_word' id='word_1_677' title='bbox 905 2371 968 2390; x_wconf 86' lang='lat' dir='ltr'><strong>nam</strong></span> 
     </span>
    </p>
   </div>
   <div class='ocr_carea' id='block_1_96' title="bbox 189 2410 968 2445">
    <p class='ocr_par' dir='ltr' id='par_1_96' title="bbox 189 2410 968 2445">
     <span class='ocr_line' id='line_1_96' title="bbox 189 2410 968 2445; baseline -0.004 -7"><span class='ocrx_word' id='word_1_678' title='bbox 189 2411 317 2438; x_wconf 79' lang='lat' dir='ltr'><strong>Antiochi</strong></span> <span class='ocrx_word' id='word_1_679' title='bbox 330 2410 445 2440; x_wconf 80' lang='lat' dir='ltr'><strong>antiscia</strong></span> <span class='ocrx_word' id='word_1_680' title='bbox 459 2415 522 2438; x_wconf 91' lang='lat' dir='ltr'><strong>sunt</strong></span> <span class='ocrx_word' id='word_1_681' title='bbox 536 2411 581 2439; x_wconf 84' lang='lat' dir='ltr'><strong>illa</strong></span> <span class='ocrx_word' id='word_1_682' title='bbox 596 2415 726 2442; x_wconf 83' lang='lat' dir='ltr'><strong>veterum,</strong></span> <span class='ocrx_word' id='word_1_683' title='bbox 742 2411 767 2443; x_wconf 91' lang='lat' dir='ltr'><strong>i_n</strong></span> <span class='ocrx_word' id='word_1_684' title='bbox 783 2410 880 2445; x_wconf 85' lang='lat' dir='ltr'><strong>quibus</strong></span> <span class='ocrx_word' id='word_1_685' title='bbox 892 2416 968 2436; x_wconf 88' lang='lat' dir='ltr'><strong>com-</strong></span> 
     </span>
    </p>
   </div>
   <div class='ocr_carea' id='block_1_97' title="bbox 190 2455 968 2492">
    <p class='ocr_par' dir='ltr' id='par_1_97' title="bbox 190 2455 968 2492">
     <span class='ocr_line' id='line_1_97' title="bbox 190 2455 968 2492; baseline -0.003 -8"><span class='ocrx_word' id='word_1_686' title='bbox 190 2458 267 2492; x_wconf 87' lang='lat' dir='ltr'><strong>paria</strong></span> <span class='ocrx_word' id='word_1_687' title='bbox 282 2456 359 2492; x_wconf 74' lang='lat' dir='ltr'><strong>signa</strong></span> <span class='ocrx_word' id='word_1_688' title='bbox 372 2456 406 2484; x_wconf 90' lang='lat' dir='ltr'><strong>ab</strong></span> <span class='ocrx_word' id='word_1_689' title='bbox 417 2455 529 2490; x_wconf 76' lang='lat' dir='ltr'><strong>integris</strong></span> <span class='ocrx_word' id='word_1_690' title='bbox 546 2456 772 2484; x_wconf 84' lang='lat' dir='ltr'><strong>dodecatemoriis</strong></span> <span class='ocrx_word' id='word_1_691' title='bbox 784 2455 968 2486; x_wconf 80' lang='lat' dir='ltr'><strong>cardinalibus</strong></span> 
     </span>
    </p>
   </div>
   <div class='ocr_carea' id='block_1_98' title="bbox 190 2500 968 2538">
    <p class='ocr_par' dir='ltr' id='par_1_98' title="bbox 190 2500 968 2538">
     <span class='ocr_line' id='line_1_98' title="bbox 190 2500 968 2538; baseline -0.003 -8"><span class='ocrx_word' id='word_1_692' title='bbox 190 2511 222 2535; x_wconf 68' lang='lat' dir='ltr'><strong>ex</strong></span> <span class='ocrx_word' id='word_1_693' title='bbox 235 2510 314 2538; x_wconf 64' lang='lat' dir='ltr'><strong>aequo</strong></span> <span class='ocrx_word' id='word_1_694' title='bbox 329 2504 513 2533; x_wconf 86' lang='lat' dir='ltr'><strong>removentur,</strong></span> <span class='ocrx_word' id='word_1_695' title='bbox 529 2505 559 2528; x_wconf 91' lang='lat' dir='ltr'><strong>ut</strong></span> <span class='ocrx_word' id='word_1_696' title='bbox 577 2504 640 2528; x_wconf 87' lang='lat' dir='ltr'><strong>sunt</strong></span> <span class='ocrx_word' id='word_1_697' title='bbox 654 2501 733 2529; x_wconf 82' lang='lat' dir='ltr'><strong>Aries</strong></span> <span class='ocrx_word' id='word_1_698' title='bbox 754 2505 781 2529; x_wconf 93' lang='lat' dir='ltr'><strong>et</strong></span> <span class='ocrx_word' id='word_1_699' title='bbox 799 2501 890 2534; x_wconf 83' lang='lat' dir='ltr'><strong>Libra.</strong></span> <span class='ocrx_word' id='word_1_700' title='bbox 906 2500 968 2528; x_wconf 57' lang='lat' dir='ltr'><strong>Hauc</strong></span> 
     </span>
    </p>
   </div>
   <div class='ocr_carea' id='block_1_99' title="bbox 192 2547 968 2584">
    <p class='ocr_par' dir='ltr' id='par_1_99' title="bbox 192 2547 968 2584">
     <span class='ocr_line' id='line_1_99' title="bbox 192 2547 968 2584; baseline -0.004 -8"><span class='ocrx_word' id='word_1_701' title='bbox 192 2548 323 2584; x_wconf 70' lang='lat' dir='ltr'><strong>Scaliger.</strong></span> <span class='ocrx_word' id='word_1_702' title='bbox 348 2547 378 2577; x_wconf 89' lang='lat' dir='ltr'><strong>ln</strong></span> <span class='ocrx_word' id='word_1_703' title='bbox 393 2548 492 2583; x_wconf 91' lang='lat' dir='ltr'><strong>quibus</strong></span> <span class='ocrx_word' id='word_1_704' title='bbox 513 2551 566 2575; x_wconf 86' lang='lat' dir='ltr'><strong>tam</strong></span> <span class='ocrx_word' id='word_1_705' title='bbox 585 2547 619 2574; x_wconf 87' lang='lat' dir='ltr'><strong>ab</strong></span> <span class='ocrx_word' id='word_1_706' title='bbox 641 2547 679 2574; x_wconf 87' lang='lat' dir='ltr'><strong>rei</strong></span> <span class='ocrx_word' id='word_1_707' title='bbox 706 2547 827 2579; x_wconf 88' lang='lat' dir='ltr'><strong>veritate,</strong></span> <span class='ocrx_word' id='word_1_708' title='bbox 854 2554 935 2582; x_wconf 84' lang='lat' dir='ltr'><strong>quam</strong></span> <span class='ocrx_word' id='word_1_709' title='bbox 952 2554 968 2573; x_wconf 91' lang='lat' dir='ltr'><strong>a</strong></span> 
     </span>
    </p>
   </div>
   <div class='ocr_carea' id='block_1_100' title="bbox 191 2592 969 2625">
    <p class='ocr_par' dir='ltr' id='par_1_100' title="bbox 191 2592 969 2625">
     <span class='ocr_line' id='line_1_100' title="bbox 191 2592 969 2625; baseline -0.003 -4"><span class='ocrx_word' id='word_1_710' title='bbox 191 2599 282 2622; x_wconf 88' lang='lat' dir='ltr'><strong>mente</strong></span> <span class='ocrx_word' id='word_1_711' title='bbox 304 2594 416 2625; x_wconf 81' lang='lat' dir='ltr'><strong>Firmici</strong></span> <span class='ocrx_word' id='word_1_712' title='bbox 448 2597 523 2623; x_wconf 90' lang='lat' dir='ltr'><strong>totus</strong></span> <span class='ocrx_word' id='word_1_713' title='bbox 553 2593 671 2624; x_wconf 78' lang='lat' dir='ltr'><strong>aberrat.</strong></span> <span class='ocrx_word' id='word_1_714' title='bbox 696 2592 830 2620; x_wconf 89' lang='lat' dir='ltr'><strong>Firmicus</strong></span> <span class='ocrx_word' id='word_1_715' title='bbox 854 2593 969 2621; x_wconf 88' lang='lat' dir='ltr'><strong>antiscia</strong></span> 
     </span>
    </p>
   </div>
   <div class='ocr_carea' id='block_1_101' title="bbox 192 2638 968 2676">
    <p class='ocr_par' dir='ltr' id='par_1_101' title="bbox 192 2638 968 2676">
     <span class='ocr_line' id='line_1_101' title="bbox 192 2638 968 2676; baseline -0.004 -8"><span class='ocrx_word' id='word_1_716' title='bbox 192 2641 250 2668; x_wconf 88' lang='lat' dir='ltr'><strong>sola</strong></span> <span class='ocrx_word' id='word_1_717' title='bbox 273 2640 318 2668; x_wconf 87' lang='lat' dir='ltr'><strong>illa</strong></span> <span class='ocrx_word' id='word_1_718' title='bbox 335 2641 411 2676; x_wconf 82' lang='lat' dir='ltr'><strong>signa</strong></span> <span class='ocrx_word' id='word_1_719' title='bbox 430 2639 565 2673; x_wconf 83' lang='lat' dir='ltr'><strong>nominat.</strong></span> <span class='ocrx_word' id='word_1_720' title='bbox 579 2646 639 2674; x_wconf 73' lang='lat' dir='ltr'><strong>qnze</strong></span> <span class='ocrx_word' id='word_1_721' title='bbox 652 2638 812 2667; x_wconf 78' lang='lat' dir='ltr'><strong>Ptolemaeus</strong></span> <span class='ocrx_word' id='word_1_722' title='bbox 827 2639 968 2673; x_wconf 77' lang='grc' dir='ltr'><strong>βλέποντα,</strong></span> 
     </span>
    </p>
   </div>
   <div class='ocr_carea' id='block_1_102' title="bbox 191 2683 970 2719">
    <p class='ocr_par' dir='ltr' id='par_1_102' title="bbox 191 2683 970 2719">
     <span class='ocr_line' id='line_1_102' title="bbox 191 2683 970 2719; baseline 0 -9"><span class='ocrx_word' id='word_1_723' title='bbox 191 2691 247 2710; x_wconf 84' lang='lat' dir='ltr'><strong>non</strong></span> <span class='ocrx_word' id='word_1_724' title='bbox 264 2684 434 2719; x_wconf 89' lang='lat' dir='ltr'><strong>imperantia,</strong></span> <span class='ocrx_word' id='word_1_725' title='bbox 448 2684 576 2712; x_wconf 91' lang='lat' dir='ltr'><strong>nimirum</strong></span> <span class='ocrx_word' id='word_1_726' title='bbox 588 2691 618 2711; x_wconf 86' lang='lat' dir='ltr'><strong>ea</strong></span> <span class='ocrx_word' id='word_1_727' title='bbox 634 2683 843 2718; x_wconf 69' lang='lat' dir='ltr'><strong>duntaxat,qua&gt;.</strong></span> <span class='ocrx_word' id='word_1_728' title='bbox 867 2691 881 2710; x_wconf 87' lang='lat' dir='ltr'><strong>a</strong></span> <span class='ocrx_word' id='word_1_729' title='bbox 902 2692 970 2718; x_wconf 93' lang='lat' dir='ltr'><strong>pun-</strong></span> 
     </span>
    </p>
   </div>
   <div class='ocr_carea' id='block_1_103' title="bbox 193 2728 969 2764">
    <p class='ocr_par' dir='ltr' id='par_1_103' title="bbox 193 2728 969 2764">
     <span class='ocr_line' id='line_1_103' title="bbox 193 2728 969 2764; baseline -0.001 -9"><span class='ocrx_word' id='word_1_730' title='bbox 193 2729 246 2755; x_wconf 86' lang='lat' dir='ltr'><strong>ctis</strong></span> <span class='ocrx_word' id='word_1_731' title='bbox 269 2729 459 2757; x_wconf 83' lang='lat' dir='ltr'><strong>solstitialibus</strong></span> <span class='ocrx_word' id='word_1_732' title='bbox 486 2729 628 2764; x_wconf 63' lang='lat' dir='ltr'><strong>aequaliter</strong></span> <span class='ocrx_word' id='word_1_733' title='bbox 648 2728 768 2762; x_wconf 80' lang='lat' dir='ltr'><strong>distant;</strong></span> <span class='ocrx_word' id='word_1_734' title='bbox 786 2735 836 2755; x_wconf 85' lang='lat' dir='ltr'><strong>nec</strong></span> <span class='ocrx_word' id='word_1_735' title='bbox 851 2732 914 2758; x_wconf 88' lang='lat' dir='ltr'><strong>sunt</strong></span> <span class='ocrx_word' id='word_1_736' title='bbox 927 2729 969 2755; x_wconf 88' lang='lat' dir='ltr'><strong>di-</strong></span> 
     </span>
    </p>
   </div>
   <div class='ocr_carea' id='block_1_104' title="bbox 193 2773 971 2809">
    <p class='ocr_par' dir='ltr' id='par_1_104' title="bbox 193 2773 971 2809">
     <span class='ocr_line' id='line_1_104' title="bbox 193 2773 971 2809; baseline 0.001 -10"><span class='ocrx_word' id='word_1_737' title='bbox 193 2780 282 2806; x_wconf 84' lang='lat' dir='ltr'><strong>versa,</strong></span> <span class='ocrx_word' id='word_1_738' title='bbox 301 2782 362 2809; x_wconf 72' lang='lat' dir='ltr'><strong>qua:</strong></span> <span class='ocrx_word' id='word_1_739' title='bbox 383 2774 534 2802; x_wconf 87' lang='lat' dir='ltr'><strong>Antiochus</strong></span> <span class='ocrx_word' id='word_1_740' title='bbox 549 2774 699 2805; x_wconf 86' lang='lat' dir='ltr'><strong>astruebat,</strong></span> <span class='ocrx_word' id='word_1_741' title='bbox 717 2774 751 2800; x_wconf 93' lang='lat' dir='ltr'><strong>ab</strong></span> <span class='ocrx_word' id='word_1_742' title='bbox 766 2773 889 2801; x_wconf 87' lang='lat' dir='ltr'><strong>antisciis</strong></span> <span class='ocrx_word' id='word_1_743' title='bbox 908 2773 971 2800; x_wconf 82' lang='lat' dir='ltr'><strong>Pto-</strong></span> 
     </span>
    </p>
   </div>
   <div class='ocr_carea' id='block_1_105' title="bbox 194 2818 971 2848">
    <p class='ocr_par' dir='ltr' id='par_1_105' title="bbox 194 2818 971 2848">
     <span class='ocr_line' id='line_1_105' title="bbox 194 2818 971 2848; baseline 0.003 -4"><span class='ocrx_word' id='word_1_744' title='bbox 194 2818 281 2845; x_wconf 69' lang='lat' dir='ltr'><strong>lemaei</strong></span> <span class='ocrx_word' id='word_1_745' title='bbox 303 2824 349 2846; x_wconf 88' lang='lat' dir='ltr'><strong>aut</strong></span> <span class='ocrx_word' id='word_1_746' title='bbox 372 2819 493 2848; x_wconf 79' lang='lat' dir='ltr'><strong>Firmici.</strong></span> <span class='ocrx_word' id='word_1_747' title='bbox 511 2820 673 2847; x_wconf 78' lang='lat' dir='ltr'><strong>Antiochum</strong></span> <span class='ocrx_word' id='word_1_748' title='bbox 696 2819 733 2846; x_wconf 87' lang='lat' dir='ltr'><strong>ait</strong></span> <span class='ocrx_word' id='word_1_749' title='bbox 752 2818 886 2848; x_wconf 87' lang='lat' dir='ltr'><strong>Firmicus</strong></span> <span class='ocrx_word' id='word_1_750' title='bbox 901 2820 971 2846; x_wconf 89' lang='lat' dir='ltr'><strong>anti-</strong></span> 
     </span>
    </p>
   </div>
   <div class='ocr_carea' id='block_1_106' title="bbox 194 2863 970 2900">
    <p class='ocr_par' dir='ltr' id='par_1_106' title="bbox 194 2863 970 2900">
     <span class='ocr_line' id='line_1_106' title="bbox 194 2863 970 2900; baseline 0.004 -10"><span class='ocrx_word' id='word_1_751' title='bbox 194 2863 314 2895; x_wconf 79' lang='lat' dir='ltr'><strong>sciorum</strong></span> <span class='ocrx_word' id='word_1_752' title='bbox 345 2865 462 2893; x_wconf 86' lang='lat' dir='ltr'><strong>obscure</strong></span> <span class='ocrx_word' id='word_1_753' title='bbox 488 2866 644 2895; x_wconf 87' lang='lat' dir='ltr'><strong>meminisse</strong></span> <span class='ocrx_word' id='word_1_754' title='bbox 667 2865 757 2893; x_wconf 87' lang='lat' dir='ltr'><strong>verbis</strong></span> <span class='ocrx_word' id='word_1_755' title='bbox 779 2865 850 2898; x_wconf 88' lang='lat' dir='ltr'><strong>illis,</strong></span> <span class='ocrx_word' id='word_1_756' title='bbox 872 2866 970 2900; x_wconf 89' lang='lat' dir='ltr'><strong>quibus</strong></span> 
     </span>
    </p>
   </div>
   <div class='ocr_carea' id='block_1_107' title="bbox 1018 2273 1798 2310">
    <p class='ocr_par' dir='ltr' id='par_1_107' title="bbox 1018 2273 1798 2310">
     <span class='ocr_line' id='line_1_107' title="bbox 1018 2273 1798 2310; baseline -0.006 -7"><span class='ocrx_word' id='word_1_757' title='bbox 1018 2276 1115 2303; x_wconf 88' lang='lat' dir='ltr'><strong>eadem</strong></span> <span class='ocrx_word' id='word_1_758' title='bbox 1131 2275 1322 2310; x_wconf 86' lang='lat' dir='ltr'><strong>exprimuntur</strong></span> <span class='ocrx_word' id='word_1_759' title='bbox 1346 2278 1477 2308; x_wconf 88' lang='lat' dir='ltr'><strong>tempora,</strong></span> <span class='ocrx_word' id='word_1_760' title='bbox 1494 2281 1553 2308; x_wconf 66' lang='lat' dir='ltr'><strong>quae</strong></span> <span class='ocrx_word' id='word_1_761' title='bbox 1575 2273 1730 2300; x_wconf 87' lang='lat' dir='ltr'><strong>tabularum</strong></span> <span class='ocrx_word' id='word_1_762' title='bbox 1744 2280 1798 2299; x_wconf 78' lang='lat' dir='ltr'><strong>me.</strong></span> 
     </span>
    </p>
   </div>
   <div class='ocr_carea' id='block_1_108' title="bbox 1019 2319 1796 2354">
    <p class='ocr_par' dir='ltr' id='par_1_108' title="bbox 1019 2319 1796 2354">
     <span class='ocr_line' id='line_1_108' title="bbox 1019 2319 1796 2354; baseline -0.005 -6"><span class='ocrx_word' id='word_1_763' title='bbox 1019 2321 1119 2348; x_wconf 87' lang='lat' dir='ltr'><strong>thodus</strong></span> <span class='ocrx_word' id='word_1_764' title='bbox 1135 2320 1258 2354; x_wconf 78' lang='lat' dir='ltr'><strong>exhibet;</strong></span> <span class='ocrx_word' id='word_1_765' title='bbox 1274 2319 1321 2348; x_wconf 91' lang='lat' dir='ltr'><strong>sed</strong></span> <span class='ocrx_word' id='word_1_766' title='bbox 1337 2320 1474 2354; x_wconf 88' lang='lat' dir='ltr'><strong>aliquanto</strong></span> <span class='ocrx_word' id='word_1_767' title='bbox 1493 2323 1564 2350; x_wconf 84' lang='lat' dir='ltr'><strong>ante,</strong></span> <span class='ocrx_word' id='word_1_768' title='bbox 1579 2319 1620 2345; x_wconf 85' lang='lat' dir='ltr'><strong>vel</strong></span> <span class='ocrx_word' id='word_1_769' title='bbox 1637 2322 1742 2353; x_wconf 88' lang='lat' dir='ltr'><strong>postea,</strong></span> <span class='ocrx_word' id='word_1_770' title='bbox 1754 2325 1796 2345; x_wconf 88' lang='lat' dir='ltr'><strong>or-</strong></span> 
     </span>
    </p>
   </div>
   <div class='ocr_carea' id='block_1_109' title="bbox 1019 2363 1796 2401">
    <p class='ocr_par' dir='ltr' id='par_1_109' title="bbox 1019 2363 1796 2401">
     <span class='ocr_line' id='line_1_109' title="bbox 1019 2363 1796 2401; baseline -0.008 -6"><span class='ocrx_word' id='word_1_771' title='bbox 1019 2371 1065 2395; x_wconf 89' lang='lat' dir='ltr'><strong>tus</strong></span> <span class='ocrx_word' id='word_1_772' title='bbox 1076 2372 1103 2395; x_wconf 92' lang='lat' dir='ltr'><strong>et</strong></span> <span class='ocrx_word' id='word_1_773' title='bbox 1113 2373 1228 2394; x_wconf 85' lang='lat' dir='ltr'><strong>occasus</strong></span> <span class='ocrx_word' id='word_1_774' title='bbox 1243 2366 1281 2393; x_wconf 91' lang='lat' dir='ltr'><strong>illi</strong></span> <span class='ocrx_word' id='word_1_775' title='bbox 1297 2366 1462 2393; x_wconf 86' lang='lat' dir='ltr'><strong>referuntur.</strong></span> <span class='ocrx_word' id='word_1_776' title='bbox 1476 2365 1514 2401; x_wconf 78' lang='lat' dir='ltr'><strong>Ac</strong></span> <span class='ocrx_word' id='word_1_777' title='bbox 1530 2367 1594 2391; x_wconf 90' lang='lat' dir='ltr'><strong>sunt</strong></span> <span class='ocrx_word' id='word_1_778' title='bbox 1607 2371 1638 2391; x_wconf 90' lang='lat' dir='ltr'><strong>ea</strong></span> <span class='ocrx_word' id='word_1_779' title='bbox 1654 2363 1796 2398; x_wconf 86' lang='lat' dir='ltr'><strong>repetenda</strong></span> 
     </span>
    </p>
   </div>
   <div class='ocr_carea' id='block_1_110' title="bbox 1019 2409 1798 2447">
    <p class='ocr_par' dir='ltr' id='par_1_110' title="bbox 1019 2409 1798 2447">
     <span class='ocr_line' id='line_1_110' title="bbox 1019 2409 1798 2447; baseline -0.006 -8"><span class='ocrx_word' id='word_1_780' title='bbox 1019 2413 1160 2445; x_wconf 90' lang='lat' dir='ltr'><strong>memoria,</strong></span> <span class='ocrx_word' id='word_1_781' title='bbox 1179 2419 1239 2447; x_wconf 57' lang='lat' dir='ltr'><strong>qua).</strong></span> <span class='ocrx_word' id='word_1_782' title='bbox 1253 2420 1286 2439; x_wconf 81' lang='lat' dir='ltr'><strong>ex</strong></span> <span class='ocrx_word' id='word_1_783' title='bbox 1303 2411 1416 2438; x_wconf 88' lang='lat' dir='ltr'><strong>Gemino</strong></span> <span class='ocrx_word' id='word_1_784' title='bbox 1430 2411 1498 2446; x_wconf 89' lang='lat' dir='ltr'><strong>(cap.</strong></span> <span class='ocrx_word' id='word_1_785' title='bbox 1512 2409 1558 2441; x_wconf 77' lang='lat' dir='ltr'><strong>Xl,</strong></span> <span class='ocrx_word' id='word_1_786' title='bbox 1570 2417 1631 2444; x_wconf 74' lang='lat' dir='ltr'><strong>pag.</strong></span> <span class='ocrx_word' id='word_1_787' title='bbox 1646 2409 1692 2443; x_wconf 74' lang='lat'><strong>28)</strong></span> <span class='ocrx_word' id='word_1_788' title='bbox 1711 2409 1798 2443; x_wconf 84' lang='lat' dir='ltr'><strong>capite</strong></span> 
     </span>
    </p>
   </div>
   <div class='ocr_carea' id='block_1_111' title="bbox 1019 2456 1794 2492">
    <p class='ocr_par' dir='ltr' id='par_1_111' title="bbox 1019 2456 1794 2492">
     <span class='ocr_line' id='line_1_111' title="bbox 1019 2456 1794 2492; baseline -0.006 -8"><span class='ocrx_word' id='word_1_789' title='bbox 1019 2457 1101 2492; x_wconf 88' lang='lat' dir='ltr'><strong>hujus</strong></span> <span class='ocrx_word' id='word_1_790' title='bbox 1111 2458 1172 2484; x_wconf 90' lang='lat' dir='ltr'><strong>libri</strong></span> <span class='ocrx_word' id='word_1_791' title='bbox 1184 2457 1265 2484; x_wconf 87' lang='lat' dir='ltr'><strong>tertio</strong></span> <span class='ocrx_word' id='word_1_792' title='bbox 1275 2456 1454 2489; x_wconf 88' lang='lat' dir='ltr'><strong>tradidimus;</strong></span> <span class='ocrx_word' id='word_1_793' title='bbox 1469 2459 1545 2482; x_wconf 85' lang='lat' dir='ltr'><strong>ortus</strong></span> <span class='ocrx_word' id='word_1_794' title='bbox 1559 2462 1728 2488; x_wconf 87' lang='lat' dir='ltr'><strong>occasusque</strong></span> <span class='ocrx_word' id='word_1_795' title='bbox 1740 2461 1794 2480; x_wconf 86' lang='lat' dir='ltr'><strong>ma-</strong></span> 
     </span>
    </p>
   </div>
   <div class='ocr_carea' id='block_1_112' title="bbox 1019 2499 1792 2537">
    <p class='ocr_par' dir='ltr' id='par_1_112' title="bbox 1019 2499 1792 2537">
     <span class='ocr_line' id='line_1_112' title="bbox 1019 2499 1792 2537; baseline -0.006 -7"><span class='ocrx_word' id='word_1_796' title='bbox 1019 2504 1122 2530; x_wconf 88' lang='lat' dir='ltr'><strong>tutinos</strong></span> <span class='ocrx_word' id='word_1_797' title='bbox 1152 2511 1241 2535; x_wconf 89' lang='lat' dir='ltr'><strong>veros,</strong></span> <span class='ocrx_word' id='word_1_798' title='bbox 1258 2503 1315 2530; x_wconf 85' lang='lat' dir='ltr'><strong>sive</strong></span> <span class='ocrx_word' id='word_1_799' title='bbox 1336 2510 1390 2535; x_wconf 88' lang='lat' dir='ltr'><strong>non</strong></span> <span class='ocrx_word' id='word_1_800' title='bbox 1415 2505 1586 2537; x_wconf 85' lang='lat' dir='ltr'><strong>apparentes,</strong></span> <span class='ocrx_word' id='word_1_801' title='bbox 1604 2499 1710 2534; x_wconf 87' lang='lat' dir='ltr'><strong>priores</strong></span> <span class='ocrx_word' id='word_1_802' title='bbox 1736 2505 1792 2526; x_wconf 86' lang='lat' dir='ltr'><strong>esse</strong></span> 
     </span>
    </p>
   </div>
   <div class='ocr_carea' id='block_1_113' title="bbox 1020 2546 1792 2584">
    <p class='ocr_par' dir='ltr' id='par_1_113' title="bbox 1020 2546 1792 2584">
     <span class='ocr_line' id='line_1_113' title="bbox 1020 2546 1792 2584; baseline -0.006 -9"><span class='ocrx_word' id='word_1_803' title='bbox 1020 2549 1201 2584; x_wconf 80' lang='grc' dir='ltr'><strong>φαινομένοις,</strong></span> <span class='ocrx_word' id='word_1_804' title='bbox 1219 2548 1245 2575; x_wconf 86' lang='lat' dir='ltr'><strong>id</strong></span> <span class='ocrx_word' id='word_1_805' title='bbox 1258 2550 1300 2575; x_wconf 86' lang='lat' dir='ltr'><strong>est</strong></span> <span class='ocrx_word' id='word_1_806' title='bbox 1317 2556 1326 2576; x_wconf 80' lang='lat' dir='ltr'><strong>t</strong></span> <span class='ocrx_word' id='word_1_807' title='bbox 1342 2546 1564 2582; x_wconf 66' lang='lat' dir='ltr'><strong>apparentibusu</strong></span> <span class='ocrx_word' id='word_1_808' title='bbox 1579 2549 1675 2572; x_wconf 88' lang='lat' dir='ltr'><strong>contra</strong></span> <span class='ocrx_word' id='word_1_809' title='bbox 1687 2551 1792 2578; x_wconf 85' lang='lat' dir='ltr'><strong>vesper-</strong></span> 
     </span>
    </p>
   </div>
   <div class='ocr_carea' id='block_1_114' title="bbox 1020 2588 1791 2628">
    <p class='ocr_par' dir='ltr' id='par_1_114' title="bbox 1020 2588 1791 2628">
     <span class='ocr_line' id='line_1_114' title="bbox 1020 2588 1791 2628; baseline -0.008 -7"><span class='ocrx_word' id='word_1_810' title='bbox 1020 2595 1093 2622; x_wconf 88' lang='lat' dir='ltr'><strong>tinos</strong></span> <span class='ocrx_word' id='word_1_811' title='bbox 1109 2596 1268 2628; x_wconf 86' lang='lat' dir='ltr'><strong>apparentes</strong></span> <span class='ocrx_word' id='word_1_812' title='bbox 1283 2593 1358 2627; x_wconf 89' lang='lat' dir='ltr'><strong>prius</strong></span> <span class='ocrx_word' id='word_1_813' title='bbox 1376 2592 1498 2619; x_wconf 89' lang='lat' dir='ltr'><strong>accidere</strong></span> <span class='ocrx_word' id='word_1_814' title='bbox 1511 2598 1592 2625; x_wconf 90' lang='lat' dir='ltr'><strong>quam</strong></span> <span class='ocrx_word' id='word_1_815' title='bbox 1607 2597 1687 2617; x_wconf 85' lang='lat' dir='ltr'><strong>veros</strong></span> <span class='ocrx_word' id='word_1_816' title='bbox 1703 2599 1709 2615; x_wconf 91' lang='lat'>:</span> <span class='ocrx_word' id='word_1_817' title='bbox 1725 2588 1791 2624; x_wconf 89' lang='lat' dir='ltr'><strong>quod</strong></span> 
     </span>
    </p>
   </div>
   <div class='ocr_carea' id='block_1_115' title="bbox 1019 2634 1792 2674">
    <p class='ocr_par' dir='ltr' id='par_1_115' title="bbox 1019 2634 1792 2674">
     <span class='ocr_line' id='line_1_115' title="bbox 1019 2634 1792 2674; baseline -0.009 -7"><span class='ocrx_word' id='word_1_818' title='bbox 1019 2644 1047 2668; x_wconf 88' lang='lat' dir='ltr'><strong>et</strong></span> <span class='ocrx_word' id='word_1_819' title='bbox 1065 2647 1109 2667; x_wconf 90' lang='lat' dir='ltr'><strong>res</strong></span> <span class='ocrx_word' id='word_1_820' title='bbox 1138 2640 1196 2674; x_wconf 91' lang='lat' dir='ltr'><strong>ipsa</strong></span> <span class='ocrx_word' id='word_1_821' title='bbox 1223 2638 1318 2670; x_wconf 89' lang='lat' dir='ltr'><strong>docet,</strong></span> <span class='ocrx_word' id='word_1_822' title='bbox 1332 2641 1359 2664; x_wconf 89' lang='lat' dir='ltr'><strong>et</strong></span> <span class='ocrx_word' id='word_1_823' title='bbox 1383 2645 1442 2672; x_wconf 79' lang='lat' dir='ltr'><strong>quae</strong></span> <span class='ocrx_word' id='word_1_824' title='bbox 1457 2637 1483 2664; x_wconf 93' lang='lat' dir='ltr'><strong>in</strong></span> <span class='ocrx_word' id='word_1_825' title='bbox 1499 2636 1657 2663; x_wconf 90' lang='lat' dir='ltr'><strong>laterculum</strong></span> <span class='ocrx_word' id='word_1_826' title='bbox 1683 2634 1792 2669; x_wconf 85' lang='lat' dir='ltr'><strong>conjeci-</strong></span> 
     </span>
    </p>
   </div>
   <div class='ocr_carea' id='block_1_116' title="bbox 1019 2680 1789 2720">
    <p class='ocr_par' dir='ltr' id='par_1_116' title="bbox 1019 2680 1789 2720">
     <span class='ocr_line' id='line_1_116' title="bbox 1019 2680 1789 2720; baseline -0.01 -6"><span class='ocrx_word' id='word_1_827' title='bbox 1019 2693 1081 2714; x_wconf 89' lang='lat' dir='ltr'><strong>mus</strong></span> <span class='ocrx_word' id='word_1_828' title='bbox 1107 2685 1229 2720; x_wconf 86' lang='lat' dir='ltr'><strong>exempla</strong></span> <span class='ocrx_word' id='word_1_829' title='bbox 1244 2684 1440 2720; x_wconf 84' lang='lat' dir='ltr'><strong>demonstrant.</strong></span> <span class='ocrx_word' id='word_1_830' title='bbox 1455 2682 1492 2709; x_wconf 90' lang='lat' dir='ltr'><strong>lbi</strong></span> <span class='ocrx_word' id='word_1_831' title='bbox 1512 2682 1584 2709; x_wconf 94' lang='lat' dir='ltr'><strong>enim</strong></span> <span class='ocrx_word' id='word_1_832' title='bbox 1600 2680 1699 2708; x_wconf 85' lang='lat' dir='ltr'><strong>bellaci</strong></span> <span class='ocrx_word' id='word_1_833' title='bbox 1711 2686 1789 2712; x_wconf 87' lang='lat' dir='ltr'><strong>ortus,</strong></span> 
     </span>
    </p>
   </div>
   <div class='ocr_carea' id='block_1_117' title="bbox 1021 2726 1787 2764">
    <p class='ocr_par' dir='ltr' id='par_1_117' title="bbox 1021 2726 1787 2764">
     <span class='ocr_line' id='line_1_117' title="bbox 1021 2726 1787 2764; baseline -0.007 -7"><span class='ocrx_word' id='word_1_834' title='bbox 1021 2730 1078 2757; x_wconf 89' lang='lat' dir='ltr'><strong>sive</strong></span> <span class='ocrx_word' id='word_1_835' title='bbox 1089 2729 1213 2756; x_wconf 88' lang='lat' dir='ltr'><strong>matutini</strong></span> <span class='ocrx_word' id='word_1_836' title='bbox 1228 2733 1398 2764; x_wconf 79' lang='lat' dir='ltr'><strong>apparentes,</strong></span> <span class='ocrx_word' id='word_1_837' title='bbox 1412 2727 1536 2755; x_wconf 89' lang='lat' dir='ltr'><strong>cosmicis</strong></span> <span class='ocrx_word' id='word_1_838' title='bbox 1547 2726 1713 2761; x_wconf 82' lang='lat' dir='ltr'><strong>posteriores</strong></span> <span class='ocrx_word' id='word_1_839' title='bbox 1725 2731 1787 2757; x_wconf 88' lang='lat' dir='ltr'><strong>sunt,</strong></span> 
     </span>
    </p>
   </div>
   <div class='ocr_carea' id='block_1_118' title="bbox 1021 2772 1789 2809">
    <p class='ocr_par' dir='ltr' id='par_1_118' title="bbox 1021 2772 1789 2809">
     <span class='ocr_line' id='line_1_118' title="bbox 1021 2772 1789 2809; baseline -0.008 -5"><span class='ocrx_word' id='word_1_840' title='bbox 1021 2781 1047 2804; x_wconf 91' lang='lat' dir='ltr'><strong>et</strong></span> <span class='ocrx_word' id='word_1_841' title='bbox 1063 2783 1177 2803; x_wconf 88' lang='lat' dir='ltr'><strong>occasus</strong></span> <span class='ocrx_word' id='word_1_842' title='bbox 1193 2775 1299 2807; x_wconf 84' lang='lat' dir='ltr'><strong>hcliaci,</strong></span> <span class='ocrx_word' id='word_1_843' title='bbox 1309 2775 1365 2804; x_wconf 88' lang='lat' dir='ltr'><strong>sive</strong></span> <span class='ocrx_word' id='word_1_844' title='bbox 1378 2776 1539 2809; x_wconf 84' lang='lat' dir='ltr'><strong>apparentes</strong></span> <span class='ocrx_word' id='word_1_845' title='bbox 1549 2772 1708 2807; x_wconf 85' lang='lat' dir='ltr'><strong>vespertini,</strong></span> <span class='ocrx_word' id='word_1_846' title='bbox 1722 2779 1789 2799; x_wconf 83' lang='lat' dir='ltr'><strong>acro-</strong></span> 
     </span>
    </p>
   </div>
   <div class='ocr_carea' id='block_1_119' title="bbox 1021 2817 1789 2856">
    <p class='ocr_par' dir='ltr' id='par_1_119' title="bbox 1021 2817 1789 2856">
     <span class='ocr_line' id='line_1_119' title="bbox 1021 2817 1789 2856; baseline -0.007 -8"><span class='ocrx_word' id='word_1_847' title='bbox 1021 2820 1136 2856; x_wconf 84' lang='lat' dir='ltr'><strong>nychos,</strong></span> <span class='ocrx_word' id='word_1_848' title='bbox 1151 2828 1198 2848; x_wconf 91' lang='lat' dir='ltr'><strong>seu</strong></span> <span class='ocrx_word' id='word_1_849' title='bbox 1213 2820 1382 2855; x_wconf 81' lang='lat' dir='ltr'><strong>vespertinas</strong></span> <span class='ocrx_word' id='word_1_850' title='bbox 1403 2826 1481 2846; x_wconf 86' lang='lat' dir='ltr'><strong>veros</strong></span> <span class='ocrx_word' id='word_1_851' title='bbox 1500 2818 1677 2847; x_wconf 87' lang='lat' dir='ltr'><strong>antecedunt.</strong></span> <span class='ocrx_word' id='word_1_852' title='bbox 1693 2817 1756 2844; x_wconf 75' lang='lat' dir='ltr'><strong>Tum</strong></span> <span class='ocrx_word' id='word_1_853' title='bbox 1766 2818 1789 2845; x_wconf 92' lang='lat' dir='ltr'><strong>in</strong></span> 
     </span>
    </p>
   </div>
   <div class='ocr_carea' id='block_1_120' title="bbox 1022 2864 1791 2902">
    <p class='ocr_par' dir='ltr' id='par_1_120' title="bbox 1022 2864 1791 2902">
     <span class='ocr_line' id='line_1_120' title="bbox 1022 2864 1791 2902; baseline -0.005 -9"><span class='ocrx_word' id='word_1_854' title='bbox 1022 2866 1186 2902; x_wconf 86' lang='lat' dir='ltr'><strong>vespertinis</strong></span> <span class='ocrx_word' id='word_1_855' title='bbox 1201 2866 1306 2893; x_wconf 87' lang='lat' dir='ltr'><strong>ortibus</strong></span> <span class='ocrx_word' id='word_1_856' title='bbox 1317 2870 1343 2893; x_wconf 89' lang='lat' dir='ltr'><strong>et</strong></span> <span class='ocrx_word' id='word_1_857' title='bbox 1353 2865 1492 2894; x_wconf 81' lang='lat' dir='ltr'><strong>matutinis</strong></span> <span class='ocrx_word' id='word_1_858' title='bbox 1505 2864 1658 2897; x_wconf 83' lang='lat' dir='ltr'><strong>occasibus,</strong></span> <span class='ocrx_word' id='word_1_859' title='bbox 1672 2871 1686 2890; x_wconf 90' lang='lat' dir='ltr'><strong>a</strong></span> <span class='ocrx_word' id='word_1_860' title='bbox 1703 2864 1791 2899; x_wconf 73' lang='lat' dir='ltr'><strong>quibus</strong></span> 
     </span>
    </p>
   </div>
  </div>
