1900 3137
87 175 108 203 ι
113 176 169 204 359

510 179 736 210 DISSERTATIO
754 181 799 209 DE
817 182 910 211 ΟΒΤο
925 183 969 211 ΕΤ
988 183 1123 213 OCCASU
1145 183 1305 212 SIDERUII.
1335 180 1338 181 ν
1367 179 1375 182 ”

1640 189 1707 216 1370

88 231 179 279 Ionge
193 232 293 261 absunt
306 233 416 267 heliaci,
432 235 502 263 idem
520 239 654 271 usuvenit,
671 240 710 266 uti
728 248 779 268 nos
793 241 880 276 capite
894 244 915 272 Α
930 249 1058 269 occasum
1082 242 1245 274 cosmicum,
1262 246 1289 270 et
1316 245 1406 270 ortum
1424 243 1616 279 acronychum.
1631 244 1706 278 Quod

90 278 149 306 illo
163 280 448 310 declar’avimus.Cum
461 284 533 311 enim
548 285 588 312 sol
602 289 695 313 contra
708 287 788 321 primi
804 287 877 316 orbis

88 325 229 361 impetum
240 334 335 355 versus
345 329 447 355 ortivas
464 329 524 356 cmli
536 335 627 365 partes
638 332 672 359 ab
680 333 801 360 occiduis
813 341 877 360 suo-

88 376 143 406 pte
167 376 242 399 motu
259 373 390 408 rapiatur,
407 374 522 407 stellam,
544 376 588 403 ubi
613 383 774 406 consecutus
795 382 847 410 est,
861 386 876 405 a

89 421 175 451 tergo
189 418 328 452 relinquit,
345 421 372 446 et
388 418 415 445 in
431 421 624 455 consequentia
641 422 726 457 magis
737 423 876 458 magisque

89 461 204 488 nititur.
230 461 268 488 lta
286 463 316 490 tit
340 468 379 496 ut,
407 471 469 491 cum
491 465 595 492 stellam
612 465 639 492 in
653 466 757 494 oriente
770 467 875 502 positus

89 507 267 534 occidentem
281 515 315 535 ex
329 508 444 536 adverso
464 510 585 544 respicit,
604 511 649 545 qui
668 515 710 539 cst
726 519 806 540 verus
828 520 875 539 co-

89 553 201 581 smicus
221 561 345 587 occasus,
364 554 451 582 adhuc
468 563 526 582 eam
544 557 627 584 radiis
646 557 794 584 abscondat
806 558 874 590 suis,

89 606 146 625 nec
172 598 257 626 videri
285 599 402 633 patiatur
423 608 430 626 :
456 603 526 634 post,
543 601 587 627 ubi
614 601 719 636 longius
730 601 873 634 abscessit,

89 647 158 670 ante
175 643 248 671 illius
264 639 353 671 ortum
369 645 496 679 paulatim
513 646 652 673 cadentem
663 639 871 682 prospiciamus,

88 689 167 724 quod
185 689 308 724 pluribus
336 690 433 717 deinde
456 690 551 719 diebus
575 692 684 719 accidit.
700 692 721 719 E
735 693 873 720 contrario

88 743 157 761 cum
174 735 201 762 in
214 736 353 763 occidente
369 736 409 763 sol
424 739 477 769 est,
492 737 642 771 oppositam
661 737 763 766 habens
776 745 792 766 e
815 738 873 765 dia-

87 785 181 808 metro
197 781 302 808 stellam
317 781 362 821 qui
381 786 421 809 est
436 789 516 809 verus
541 786 617 809 ortus
639 783 723 810 stella:
741 783 872 818 vesperti-

89 834 148 854 nus
159 846 167 859 ,
184 827 312 862 deinceps
327 828 449 855 eamdem
467 828 605 856 occultare
622 829 719 865 pergit,
744 830 778 857 ad
802 837 873 858 eam-

88 880 147 906 que
164 872 293 910 paulatim
309 873 422 908 adrepit.
441 872 532 909 ltaque
546 877 609 902 ante
623 879 728 910 tempus
741 875 807 903 illud
821 883 871 911 op-

929 287 952 314 si
972 291 1078 322 tempus
1094 288 1245 324 ὁλοσχερῶς
1258 289 1447 316 tantummodo
1469 290 1633 318 declaratum
1649 291 1708 319 fue-

928 333 974 364 rit,
1009 341 1042 361 ex
1070 338 1196 360 contextu
1221 335 1352 362 orationis
1377 335 1436 370 ipso
1454 335 1628 364 divinandum
1645 337 1707 369 erit,

927 385 988 405 cum
1008 386 1039 405 ea
1059 379 1185 406 cautione
1208 383 1238 406 ut
1250 387 1283 406 ex
1297 379 1404 408 duobus
1423 382 1583 416 propinquis
1601 382 1708 410 ortibus

927 427 954 450 et
968 425 1120 456 occasibus,
1128 429 1302 460 apparentem
1314 426 1405 461 potius
1415 427 1498 461 eligas
1509 435 1589 462 quam
1602 436 1706 460 verum,

926 468 979 495 nisi
1004 472 1128 504 uterque,
1147 469 1219 504 quod
1244 471 1334 498 rarius
1358 476 1409 501 est,
1428 472 1462 498 ab
1484 472 1617 507 scriptore
1631 481 1707 500 com-

926 513 1088 548 prehensum
1105 514 1204 548 fuerit;
1220 519 1277 542 tum
1288 516 1361 543 enim
1380 521 1470 544 utrum
1487 522 1549 544 utro
1564 519 1640 554 prius
1659 519 1705 551 sit,

926 566 959 586 ex
978 559 1012 587 iis
1033 567 1094 594 qua:
1117 561 1197 596 paqu
1213 568 1294 596 supra
1313 562 1543 598 praeseripsimus,
1559 564 1707 592 observan-

925 603 988 631 dum
1006 605 1067 632 erit.

961 649 990 677 Si
1016 654 1076 677 ortu
1095 651 1137 678 vel
1153 659 1253 680 occasu
1281 655 1420 688 utcunque
1438 657 1578 689 concepto,
1591 655 1624 682 de
1638 658 1710 682 tem-.

924 702 988 730 pore
1016 697 1173 731 conjectura
1195 697 1316 725 facienda
1336 702 1388 731 est,
1408 707 1441 726 ex
1471 699 1590 726 auctoris
1614 699 1709 729 verbis

925 740 1075 776 colligenda
1104 741 1208 776 species
1232 745 1372 770 est.ortus
1396 743 1481 777 ipsius
1506 747 1552 770 aut
1573 750 1704 776 occasus;

922 788 1015 819 postea
1028 790 1157 820 punctum
1173 785 1276 813 lodiaci
1301 793 1362 813 cum
1386 787 1463 814 stella
1477 787 1579 820 oriens,
1598 787 1641 814 vel
1655 787 1703 815 de-

922 831 1065 865 scendens,
1083 832 1111 859 in
1124 831 1286 859 Kalendario
1301 833 1508 867 requirendum;
1523 833 1630 860 demum
1645 833 1702 861 veri

922 883 957 903 an
975 878 1130 912 apparentis
1146 882 1253 914 tempus
1269 879 1315 910 sit,
1332 879 1437 912 itidem,
1461 883 1490 906 ut
1513 886 1606 914 supra,
1633 879 1701 906 deli-

87 918 239 953 positionis
267 919 390 954 pluribus
415 919 512 946 diebus
541 926 668 948 occasum
698 920 754 955 jam
786 911 1082 951 solcmeet-andum.

87 969 190 994 exortu
206 973 255 994 suo
273 966 349 994 stella
369 970 515 994 consecuta
533 967 629 1001 fuerat,
645 975 726 1002 quem
741 974 872 1003 apparen-

89 1015 149 1039 tem
164 1014 253 1040 ortum
268 1012 452 1047 vespertinum
469 1012 620 1039 nominant.

126 1055 198 1084 Hinc
215 1056 287 1092 apud
309 1057 456 1092 scriptores
471 1058 551 1085 etiam
566 1058 637 1090 illos,
655 1058 702 1092 qui
717 1058 871 1086 uniusmodi

89 1102 155 1130 cceli
177 1102 306 1137 positum,
323 1102 595 1138 observationemque
611 1104 697 1131 secuti
721 1108 795 1137 sunt,
812 1105 871 1140 plu—

88 1148 170 1175 ribus
184 1148 280 1176 diebus
295 1153 368 1181 ante,
383 1149 423 1176 vel
438 1153 500 1183 post
513 1153 624 1177 exortus
638 1157 728 1182 veros,
743 1157 872 1178 occasus-

89 1201 147 1229 que
157 1213 166 1226 ,
179 1194 316 1222 stellarum
333 1195 428 1228 φάσεις
443 1198 570 1221 notantur
583 1204 590 1222 :
603 1195 674 1230 quod
685 1195 723 1222 illi
738 1203 870 1230 apparen-

89 1244 134 1267 tes
150 1238 206 1267 t‘ere
224 1240 374 1268 consectati
391 1244 464 1268 sunt.
480 1239 545 1273 Quae
557 1241 618 1275 quia
635 1248 689 1268 non
703 1248 757 1268 uno
774 1241 818 1268 die
840 1248 872 1268 ac

89 1288 231 1312 momento
262 1285 405 1317 accidunt,
420 1285 480 1313 idco
502 1286 552 1313 sub
568 1285 661 1313 eadem
680 1289 801 1322 tempora
815 1287 872 1322 ple-

88 1337 211 1366 rumque
232 1335 401 1366 repetuntur,
425 1335 452 1358 et
476 1331 508 1358 ad
536 1331 594 1358 dies
618 1335 801 1366 propagantur
822 1332 872 1359 ali-

89 1381 170 1412 quot.
192 1375 245 1404 Sed
274 1377 302 1403 in
327 1377 361 1404 iis
385 1377 559 1412 designandis
580 1377 733 1412 complures
757 1378 872 1406 obscure

88 1421 252 1456 loquuntur,
270 1428 301 1448 ac
315 1421 459 1456 perplexe;
475 1423 522 1456 qui
543 1429 592 1449 nec
613 1426 721 1449 ortuum
748 1426 775 1450 et
794 1430 873 1450 occa-

89 1474 174 1495 suum
194 1470 326 1502 tempora,
341 1474 428 1501 neque
453 1467 568 1502 speciem
588 1472 679 1502 aperte
702 1467 869 1503 signiﬁcant,

89 1519 126 1539 ac
139 1511 182 1539 vix
196 1512 359 1546 conjecturae
374 1512 484 1540 lectoris
500 1512 547 1539 ulli
563 1513 630 1540 satis
640 1512 763 1540 idoneam
778 1521 871 1542 ansam

89 1557 219 1586 oti‘erunt.
237 1557 331 1593 Itaque
343 1566 394 1586 usu
411 1565 442 1585 ac
454 1558 558 1592 judicio
572 1559 731 1594 cumprimis
747 1567 817 1595 opus
830 1564 872 1588 est
884 1576 906 1606 α

90 1603 129 1631 ad
147 1610 178 1630 ea
195 1603 421 1636 discernenda,in
437 1604 536 1639 quibus
555 1604 595 1632 vel
610 1604 693 1636 nulla,
711 1605 753 1632 vel
773 1605 871 1641 exigua

89 1648 128 1675 ad
140 1647 371 1683 pronuntiandum
397 1648 505 1682 φάσεων
522 1656 608 1684 genus
631 1655 790 1685 argumenta
807 1658 872 1686 sup-

89 1697 200 1730 petunt.
220 1694 332 1722 Accedit
356 1694 477 1722 locorum
501 1695 695 1730 regionumque
718 1695 870 1729 diversitas,

90 1741 123 1767 in
139 1740 239 1775 quibus
262 1745 339 1768 ortus
362 1744 389 1768 et
403 1747 517 1768 occasus
537 1740 577 1767 illi
595 1741 711 1776 ﬁebant;
729 1742 807 1776 cujus
823 1749 871 1769 va-

90 1785 200 1817 rietatis
212 1788 336 1813 auctores
347 1792 418 1820 saepe
430 1785 536 1813 ratione
544 1785 635 1813 habita
648 1786 734 1818 nulla,
744 1794 804 1823 quae
811 1787 872 1815 aliis

91 1835 176 1866 atque
190 1831 250 1859 aliis
266 1831 408 1859 observata
424 1835 488 1859 sunt
501 1831 569 1858 locis
590 1838 622 1858 ac
642 1832 807 1867 temporibus
821 1840 872 1860 nec

92 1877 191 1906 iisdem
205 1885 237 1905 ex
252 1877 488 1913 parapegmatibus
500 1876 634 1910 confecta,
654 1878 820 1912 permiscent
831 1878 872 1906 in-

91 1925 181 1952 vicem
198 1932 204 1950 :
218 1931 278 1959 qum
296 1931 341 1951 res
353 1930 498 1956 morosam,
515 1930 547 1950 ac
559 1923 748 1958 propemodum
761 1924 872 1951 inextri-

93 1969 211 1997 cabilem
224 1969 338 1996 istarum
353 1976 444 1996 rerum
458 1969 691 2003 investigationem
709 1969 783 1997 facit.

131 2014 185 2042 Sed
199 2019 228 2042 ut
245 2015 272 2042 in
289 2015 323 2043 iis
337 2015 517 2050 inquirendis,
530 2014 619 2050 quoad
633 2014 690 2042 ﬁeri
702 2018 798 2049 potest,
812 2023 872 2043 cer-

93 2066 151 2090 tam
170 2061 273 2090 tirones
294 2062 365 2089 viam
382 2066 491 2090 teneant
507 2070 538 2090 ac
559 2063 697 2098 regulam,
720 2063 780 2096 hoc,
799 2063 870 2098 quod

94 2107 178 2139 paulo
192 2114 254 2136 ante
272 2108 400 2141 diximus,
426 2109 627 2141 animadverso,
649 2108 776 2136 nimirum
794 2117 873 2144 appa-

94 2158 188 2182 rentes
205 2155 295 2188 potius
311 2155 417 2189 φάσεις,
434 2162 514 2190 quam
534 2162 624 2187 veras,
640 2155 674 2182 ab
692 2156 871 2190 scriptoribus

95 2199 218 2227 adhiberi
243 2209 250 2226 :
274 2203 331 2227 tum
355 2208 387 2227 eo
411 2207 530 2236 quoque,
548 2205 709 2236 apparentes
739 2205 814 2229 ortus
844 2206 872 2229 et

956 967 986 994 In
1004 967 1047 995 bis
1069 967 1156 995 stellis
1171 974 1240 1002 quas
1251 966 1413 994 laterculum
1427 971 1550 994 nostrum
1565 966 1704 1002 superiore

921 1012 1001 1045 libro,
1018 1013 1107 1048 capite
1122 1018 1216 1040 octavo
1240 1013 1373 1045 continet,
1391 1013 1510 1040 laborem
1525 1013 1598 1040 hunc
1613 1013 1704 1041 subie-

921 1062 986 1085 vant
1003 1065 1133 1093 expressa
1148 1062 1256 1086 ortltum
1272 1058 1392 1085 omnium
1422 1065 1623 1094 occasuumque
1645 1065 1704 1084 mo—

921 1108 1022 1137 menta.
1036 1103 1136 1131 Verum
1161 1104 1307 1139 quoniam,
1328 1108 1357 1130 ut
1384 1103 1507 1138 proxime
1532 1101 1706 1130 antecedente

921 1149 1011 1183 capite
1041 1148 1144 1176 dictum
1179 1154 1231 1181 est,
1261 1149 1380 1176 nondum
1408 1149 1513 1184 liquido
1544 1152 1704 1184 apparentes

921 1198 997 1222 ortus
1012 1197 1039 1222 et
1054 1201 1169 1222 occasus
1196 1195 1390 1226 astronomico,
1407 1202 1487 1229 quem
1504 1194 1540 1221 ibi
1561 1194 1705 1229 persequi-

911 1247 993 1271 -mur,
1008 1240 1126 1275 calculo,
1136 1239 1334 1273 coniiciuntur,
1351 1240 1454 1268 idcirco
1468 1240 1515 1275 qui
1536 1240 1570 1267 ab
1589 1240 1706 1267 auctori—

921 1287 973 1314 bus
997 1285 1154 1315 indicantur
1179 1290 1256 1314 ortus
1267 1290 1293 1314 et
1309 1294 1436 1317 occasus,
1454 1289 1535 1321 prout
1549 1285 1647 1320 exiguo
1663 1285 1705 1312 in-

922 1331 1035 1359 tervallo
1056 1331 1099 1358 sui
1123 1339 1259 1366 quemque
1281 1331 1389 1367 generis
1412 1335 1501 1358 ortum
1522 1337 1705 1365 occasumque

921 1380 1044 1405 notatum
1065 1377 1093 1404 in
1108 1377 1201 1406 tabula
1223 1381 1407 1410 antevertuut,
1421 1380 1468 1404 aut
1489 1379 1650 1412 sequuntur,
1667 1376 1705 1403 ita

921 1422 1008 1450 eidem
1031 1421 1184 1449 ascribendi
1208 1426 1282 1449 sunt.

957 1467 1092 1505 Quoniam
1106 1475 1170 1495 vero
1184 1467 1302 1495 diversis
1311 1475 1326 1495 e
1340 1467 1587 1505 parapegmatibus,
1598 1466 1649 1494 hoc
1662 1469 1705 1494 est

921 1514 1033 1547 Italicis,
1060 1512 1162 1542 Graecis
1186 1517 1213 1541 et
1234 1512 1414 1549 Egyptiacis,
1429 1516 1476 1540 aut
1500 1512 1703 1548 interjectarum

922 1557 1072 1594 regionum,
1097 1558 1157 1586 sine
1179 1558 1235 1585 ullo
1256 1557 1392 1585 interdum
1410 1557 1580 1590 discrimine,
1597 1565 1656 1592 quae
1670 1556 1707 1584 de

922 1604 1007 1632 stellis
1020 1603 1151 1636 referunt,
1167 1604 1315 1639 scriptores
1331 1603 1498 1634 hauserunt;
1520 1603 1583 1630 hinc
1601 1602 1706 1638 judicio

921 1650 956 1677 ad
969 1657 1001 1677 ea
1020 1650 1200 1678 discernenda
1214 1657 1283 1685 opus
1300 1653 1353 1684 est,
1372 1655 1398 1678 et
1410 1649 1439 1676 in
1457 1649 1553 1680 stellis,
1568 1656 1636 1685 quas
1653 1649 1702 1675 de-

921 1694 1092 1730 scripsimus,
1106 1695 1141 1722 ad
1159 1698 1304 1730 utrumque
1318 1694 1381 1722 cmli
1403 1694 1533 1730 positum,
1549 1693 1662 1721 Romani
1676 1698 1705 1721 ct

920 1739 1107 1773 Alexandrini,
1134 1739 1282 1768 tentandus
1308 1744 1350 1768 est
1371 1739 1517 1767 calculus:
1543 1743 1704 1767 caaterorum

922 1788 1058 1812 tractuum
1073 1788 1212 1820 utcunque
1226 1793 1258 1813 ex
1276 1785 1331 1812 illis
1345 1785 1415 1812 ratio
1430 1784 1577 1812 constabit.

956 1829 1001 1857 Sic
1012 1830 1040 1857 in
1054 1830 1238 1858 anterioribus
1261 1830 1303 1857 vel
1314 1830 1511 1865 posterioribus
1524 1830 1632 1857 Juliana
1646 1829 1703 1857 edi-

920 1878 995 1905 tione
1005 1877 1122 1910 saeculis,
1137 1877 1231 1912 paucis
1247 1877 1303 1905 illic
1317 1877 1373 1905 fere
1388 1877 1531 1910 detractis;
1550 1877 1592 1904 hic
1604 1875 1704 1904 additis

921 1923 956 1951 ad
985 1922 1092 1950 Juliano
1115 1923 1231 1958 tempori
1251 1927 1443 1959 congruentem
1467 1923 1575 1950 modum
1599 1915 1702 1955 diebus,

921 1974 996 1998 ortus
1028 1978 1197 2006 occasusque
1229 1971 1370 1998 stellarum
1404 1970 1639 2005 investigabimus.
1671 1969 1702 1998 In

922 2015 1019 2050 quibus
1033 2016 1160 2043 omnibus
1173 2017 1261 2043 otiosa
1279 2020 1321 2044 est
1338 2016 1419 2043 nimis
1444 2021 1571 2043 accurata
1585 2016 1703 2050 diligen-

921 2061 969 2093 tia,
997 2061 1051 2088 imo
1067 2062 1159 2093 stulta,
1175 2069 1237 2089 cum
1252 2069 1285 2089 ne
1300 2066 1427 2090 auctores
1442 2062 1549 2097 quidem
1568 2061 1619 2094 illi,
1633 2069 1702 2096 quos

922 2106 1303 2141 assequistudemus,tantam
1318 2107 1346 2135 in
1365 2115 1397 2134 ea
1413 2107 1464 2135 sibi
1478 2115 1507 2133 re
1519 2107 1700 2143 prmstandam

921 2153 1085 2189 putaverint.

957 2198 1043 2226 Nimis
1059 2206 1091 2226 ea
1113 2198 1207 2233 jejune
1226 2206 1259 2226 ac
1279 2205 1377 2233 parum
1396 2197 1508 2225 utiliter
1522 2198 1704 2233 praescribun-

95 2254 212 2274 occasus
228 2246 376 2274 matutinos
397 2247 562 2281 posteriores
580 2255 641 2275 esse
662 2248 751 2280 veris';
768 2248 872 2283 priores
888 2241 911 2267 D
925 2249 978 2276 tur.
993 2245 1047 2272 nisi
1073 2244 1204 2279 exemplis
1228 2251 1295 2271 usus
1322 2243 1431 2271 illorum
1456 2243 1596 2278 aperiatur
1611 2253 1617 2270 ί
1631 2243 1704 2278 quod

96 2297 188 2320 autem
206 2297 367 2328 apparentes
383 2297 459 2321 ortus
473 2297 499 2322 et
519 2301 635 2322 occasus
657 2301 719 2322 esse
741 2295 874 2330 vesperti-

95 2347 148 2367 nos
171 2347 252 2374 quam
282 2346 361 2367 veros
378 2340 454 2372 :his,
482 2340 604 2375 inquam,
624 2341 748 2376 cognitis,
767 2341 873 2369 ratione

96 2385 212 2420 quadam
235 2385 311 2420 quod.
322 2386 447 2413 volumus
468 2394 653 2421 assequemur.
670 2386 806 2422 Imprimis
823 2387 873 2423 igi-

97 2436 144 2458 tur
162 2431 266 2459 zodiaci
288 2435 428 2466 punctum,
440 2439 494 2466 quo
511 2439 572 2459 cum
585 2431 722 2467 proposita
739 2432 815 2460 stella
826 2440 872 2459 su-

96 2482 146 2510 pra
171 2474 295 2510 int‘raque
326 2475 495 2502 horizontem
525 2476 657 2510 pervenit,
681 2484 715 2503 ex
743 2477 873 2505 laterculo

96 2524 207 2553 nostro,
225 2521 278 2552 vel,
300 2521 324 2548 si
342 2522 369 2548 in
382 2528 415 2548 eo
431 2528 487 2548 non
501 2521 656 2548 continetur
669 2541 676 2553 ,
695 2529 728 2549 ex
746 2523 872 2550 methodo

98 2573 233 2592 canonum
250 2566 392 2600 explorare
416 2566 551 2593 convenit.
581 2565 693 2599 Deinde,
719 2567 741 2594 si
769 2573 873 2595 certum

98 2610 161 2637 anni
182 2613 289 2645 tempus
315 2610 347 2637 ab
377 2613 489 2636 auctore
508 2609 662 2641 definiatur,
679 2610 794 2644 gradum
806 2612 873 2638 ecli-

95 2656 177 2691 pticat
193 2655 429 2687 συνανατέλλοντα,
444 2655 488 2682 vel
505 2654 722 2689 συγκαταδύοντα
738 2656 831 2684 confer
846 2657 874 2684 in

98 2699 289 2727 Kalendarium
297 2699 445 2732 Iulianum,
459 2699 487 2726 in
503 2706 588 2733 eoque
600 2700 737 2727 cmlestcm
755 2707 873 2728 mensem

99 2746 223 2776 observa,
236 2745 279 2772 cui
287 2745 387 2780 gradus
399 2745 442 2772 ille
454 2745 593 2779 competit.
609 2744 637 2771 Si
652 2745 711 2772 dies
723 2745 756 2772 ab
765 2749 876 2773 auctore

100 2792 136 2820 sit
159 2799 314 2826 expressus,
338 2791 462 2826 idemque
475 2799 538 2819 cum
562 2791 671 2818 invento
687 2791 735 2818 abs
748 2795 774 2818 te
789 2791 874 2826 gradu

100 2837 263 2869 consentiat,
292 2840 380 2864 ortum
408 2843 468 2864 esse
486 2836 651 2867 cosmicum,
677 2835 719 2862 vel
747 2842 875 2863 occasum

100 2883 282 2920 acronychum
307 2882 452 2918 intelliges.
474 2881 521 2909 Sin
541 2881 664 2917 opposita
687 2881 714 2907 in
731 2885 806 2916 parte
827 2881 873 2912 sit,

923 2291 967 2318 hic
985 2292 1012 2318 in
1028 2292 1121 2326 paucis
1135 2291 1169 2318 ad
1182 2290 1297 2317 aliorum
1310 2290 1448 2325 specimen
1468 2290 1650 2326 experiemur.
1664 2289 1702 2316 De

925 2337 995 2364 Sirio
1021 2341 1048 2364 et
1071 2336 1198 2371 Vergiliis
1223 2337 1302 2371 plura
1331 2336 1509 2371 sequentibus
1523 2336 1657 2371 capitibus
1670 2342 1704 2362 ex

923 2383 1049 2410 instituto
1075 2383 1208 2410 dicemus.
1231 2382 1324 2416 Itaque
1349 2382 1446 2409 horum
1474 2381 1555 2409 modo
1573 2381 1703 2416 exemplis

924 2427 1129 2455 abstinebimus.

957 2472 1102 2500 Arcturum
1126 2471 1327 2507 Theophrastus
1354 2471 1381 2499 in
1405 2472 1453 2500 lib.
1469 2471 1503 2499 1V
1521 2471 1702 2505 Hist.plant.,

923 2527 982 2554 cap.
1006 2518 1052 2544 XII
1074 2517 1263 2545 Boedromioni
1289 2519 1428 2552 imputat:
1450 2524 1499 2544 nec
1525 2516 1558 2543 de
1579 2519 1650 2547 ortu,
1668 2523 1703 2543 an

923 2572 1022 2593 occasu
1038 2564 1174 2599 loquatur,
1196 2563 1307 2591 indicat.
1325 2563 1378 2598 Τὴν
1394 2563 1422 2589 δὲ
1442 2561 1525 2597 τομὴν
1538 2561 1640 2597 ὡραίαν
1655 2561 1704 2595 (ait

924 2609 957 2639 de
983 2609 1087 2637 calamo
1103 2607 1198 2643 tibiali)
1221 2607 1273 2643 πρὸ
1292 2607 1466 2641 Ἀντιγενίδου
1488 2606 1546 2641 μὲν,
1564 2605 1633 2640 ἡνίκ’
1656 2604 1705 2640 ηὗ-

923 2656 984 2683 λουν
995 2655 1146 2687 ἀπλάστως,
1163 2656 1208 2682 ὑπ’
1221 2654 1383 2691 ’Δρκτούριρ,
1399 2651 1599 2688 Βοηδρομιῶνος
1610 2651 1703 2686 μηνός.

926 2710 936 2727 ‹
953 2701 1024 2728 Caedi
1039 2701 1199 2736 tempestive
1212 2701 1318 2732 solitas,
1335 2706 1423 2734 usque
1444 2698 1478 2725 ad
1501 2697 1701 2732 Antigenidam,

924 2755 986 2774 cum
1002 2747 1090 2774 adhuc
1105 2747 1257 2782 simplicius
1270 2747 1335 2774 tibia
1348 2749 1498 2777 uterentur,
1508 2743 1559 2771 sub
1573 2743 1702 2775 Arcturo,

924 2800 1018 2820 mense
1043 2792 1248 2820 Boedromione.
1271 2802 1280 2818 ι
1299 2791 1336 2819 De
1351 2795 1412 2818 ortu
1437 2795 1527 2817 tamen
1553 2788 1704 2824 intelligen-

925 2836 988 2863 dum
1004 2843 1074 2868 esse,
1089 2837 1234 2871 persuadet
1250 2836 1350 2872 gradus
1367 2835 1495 2870 Virginis,
1508 2841 1562 2869 quo
1578 2841 1639 2861 cum
1655 2832 1704 2860 Ju-

925 2881 996 2909 liano
1007 2882 1106 2909 stcculo
1118 2890 1197 2916 supra
1210 2882 1342 2910 tinitorcm
1355 2881 1536 2914 attollebatur,
1548 2887 1642 2912 nempe
1659 2879 1702 2907 Η.
