1900 3137
189 179 254 207 1371

190 237 256 265 Item
268 237 302 265 de
315 237 420 265 heliaco
436 241 463 265 et
478 242 626 273 apparentc
639 238 713 273 loqui
728 239 900 274 perspicuum
916 243 966 270 est,
983 242 1005 270 Α

190 289 248 312 tum
262 285 335 319 quod
347 288 507 319 apparentes
520 285 622 320 potius,
639 293 719 320 quam
737 292 816 312 veros
829 285 863 312 ab
876 289 969 312 aucto-

190 330 268 358 ribus
285 330 429 357 memorari
444 330 573 364 diximus,
596 335 653 357 tum
669 331 741 366 quod
758 331 786 357 in
802 330 921 366 Virginis
935 331 970 357 27

190 375 301 410 gradum
322 375 440 403 incidere
456 376 580 404 videmus
609 377 744 404 heliacum
765 380 865 408 ortum,
887 377 911 404 id
928 380 969 404 est

189 429 283 449 verum
297 426 323 449 et
336 421 496 449 cosmicum.
511 421 695 450 Parthenonis
717 430 800 457 porro
823 430 892 449 xxvn
911 423 969 450 dies

190 467 216 494 in
227 466 388 495 Kalendario
400 467 434 495 ad
450 466 617 502 Septembris
631 476 678 495 xxt
697 469 860 501 adnotatur;
881 467 970 495 Theo-

190 513 293 548 phrasti
309 521 374 542 vero
396 515 498 542 smeulo
510 515 613 549 aliquot
635 518 696 542 ante
711 514 805 542 diebus
820 514 967 542 accidebat.

190 558 310 595 Denique
330 559 554 588 Boedromionem
571 561 672 589 scimus
694 561 806 588 tertium
830 561 865 587 ab
873 560 970 588 solsti-

189 606 246 632 tiali
272 614 393 634 mensem
422 606 509 635 fuisse
539 607 674 634 lunarem.
691 606 852 634 Ptolemaeus
876 609 970 633 noster

189 655 279 678 ortum
316 651 422 680 confert
459 651 570 680 Arcturi
603 651 633 679 in
657 659 721 678 ιιι-ι
751 650 917 687 Septembris
943 655 970 678 et

189 695 317 725 Octobris
333 704 377 730 III,
392 701 476 725 recte.

223 741 327 770 Plinius
335 743 393 778 (lib.
403 743 495 777 XVIII,
504 751 529 771 c.
538 742 645 778 XXVI),
656 743 775 770 eamdem
787 742 894 769 Arcturi
906 743 970 770 stel-

190 787 244 814 lam
260 788 358 815 asserit
371 792 494 816 exortum
509 789 693 824 vespertinum
711 787 800 816 facere
815 796 852 815 νη
869 788 968 815 Kalen-

190 833 239 860 das
258 832 358 865 Martii,
372 834 520 862 Columella
536 842 601 861 vero
618 842 644 861 Ix
661 833 807 862 Kalendas.
836 835 863 860 In
890 834 970 861 later-

191 879 254 906 culo
281 883 376 907 nostro
406 881 576 916 aeronychus
604 884 714 907 exortus
744 879 854 906 Arcturi
881 879 911 907 lit
940 880 967 907 in

190 923 275 958 gradu
290 923 409 952 Piscium
434 925 478 958 14,
493 925 520 952 id
542 930 584 953 est
609 925 773 960 lehthyonos
794 933 848 957 xlv,
864 933 924 961 qua:
940 926 968 953 in

190 969 355 998 Kalendario
378 969 467 998 Martii
495 978 511 998 v
540 971 676 998 convenit.
700 969 816 1002 Verum,
840 974 870 997 ut
899 978 971 1006 saepe

191 1014 295 1042 dictum
313 1019 367 1048 est,
386 1021 463 1044 ortus
480 1016 651 1051 vespertinus
670 1023 761 1047 verus,
777 1023 856 1051 quem
879 1017 971 1043 tabula

191 1061 302 1096 prabet,
319 1062 453 1096 posterior
472 1066 514 1089 est
539 1061 690 1097 apparenti.
714 1061 776 1088 Ideo
797 1062 898 1097 aliquot
912 1062 972 1089 die-

192 1106 244 1134 bus
260 1111 321 1141 post
337 1115 464 1135 occasum
488 1108 571 1135 solem
592 1108 717 1135 exoriens
737 1109 813 1136 stella
829 1111 972 1143 prospecta

191 1155 245 1185 est,
260 1152 346 1180 donec
359 1161 451 1180 verum
477 1153 512 1180 ad
531 1158 654 1181 exortum
672 1154 833 1189 perveniret.
856 1154 890 1180 At
913 1153 973 1180 Fir-

192 1198 281 1226 micus
301 1199 347 1226 lib.
370 1198 437 1231 VIII,
464 1206 526 1234 cap.
551 1198 622 1231 XIV,
647 1199 792 1226 Arcturum
823 1200 917 1227 scribit
944 1200 972 1226 in

192 1247 268 1280 parte
297 1243 437 1280 Sagittarii
461 1246 554 1280 quinta
581 1249 671 1272 ortum
697 1245 811 1273 facere:
834 1245 905 1280 quod
930 1249 972 1273 est

193 1289 379 1317 [.ilsissimum.
396 1291 530 1319 Occasum
548 1291 731 1326 acronychum
757 1291 855 1318 alicubi
872 1291 973 1326 legerat

192 1336 220 1363 in
238 1343 270 1363 ea
284 1340 361 1371 parte
381 1336 459 1364 ﬁeri:
475 1344 524 1372 pro
539 1345 592 1371 quo
608 1337 793 1372 imprudenter
808 1340 896 1364 ortum
911 1336 972 1364 red—

191 1381 270 1424 didit.
292 1382 468 1418 Acronyehus
497 1390 613 1411 occasus
635 1383 742 1411 Juliano
772 1383 871 1410 saeculo
892 1383 973 1410 liebat

193 1426 221 1454 ln
248 1431 325 1462 parte
350 1427 488 1463 Sagittarii
517 1429 545 1461 4,
577 1429 698 1457 heliacus
726 1433 815 1457 autem
841 1429 869 1456 in
896 1433 973 1464 parte

193 1472 300 1508 Scorpii
316 1473 467 1501 undecima.
484 1473 570 1502 Porro
587 1475 730 1502 undecima
745 1475 803 1502 dies
816 1474 973 1509 Scorpionis

192 1519 280 1554 pridie
298 1518 389 1547 Nonas
403 1519 567 1548 Novembres
587 1520 614 1547 in
633 1525 728 1547 nostro
744 1520 906 1547 Iialendario
924 1528 972 1547 no-

192 1568 286 1591 tatur:
305 1565 377 1593 cirea
391 1573 471 1600 quem
488 1566 558 1594 diem
574 1574 589 1592 a
606 1565 694 1593 Plinio
714 1570 741 1593 et
763 1566 910 1593 Columella
925 1573 972 1600 po-
986 1575 1009 1606 ς

194 1609 279 1642 nitur,
300 1609 351 1637 hoc
365 1614 407 1637 est
421 1610 514 1646 paucis
537 1615 599 1638 ante
615 1611 721 1642 diebus,
738 1613 768 1637 ut
789 1618 822 1636 ex
837 1609 972 1636 Kalenda-

193 1655 246 1687 rio,
267 1661 347 1690 quem
368 1663 402 1683 ex
423 1656 556 1684 ambobus
576 1661 602 1683 et
621 1655 718 1683 Ovidio
739 1655 916 1687 confecimus,
939 1655 973 1682 li-

193 1704 268 1735 quet,
282 1701 409 1736 quoniam
424 1709 557 1737 apparens
569 1709 685 1730 OCCQSIIS
698 1701 868 1736 vespertinus
881 1709 974 1728 verum

194 1746 339 1774 antecedit.
367 1745 488 1782 Denique
515 1747 662 1775 Columella
686 1747 734 1773 lib.
761 1746 808 1779 IX,
827 1754 886 1781 cap.
905 1746 974 1780 XIV,

194 1792 291 1819 scribit
303 1792 448 1819 Arcturum
459 1793 524 1819 oriri
538 1797 598 1828 post
607 1792 861 1827 quinquagesimum
876 1800 890 1818 a
905 1792 976 1819 cani-

194 1837 256 1865 cula
270 1837 342 1865 diem
357 1846 365 1865 :
381 1837 454 1873 quod
467 1837 501 1865 de
515 1842 576 1865 ortu
591 1838 695 1865 heliaco
708 1845 801 1865 verum
814 1841 865 1865 est.
883 1836 971 1864 Sirius

194 1883 333 1910 oriebatur
347 1883 446 1911 Cmsari
459 1884 613 1911 Leontonos
630 1891 688 1915 VIII,
706 1883 731 1911 id
753 1887 794 1911 est
813 1883 925 1918 Augusti
944 1892 974 1915 ιι,

194 1927 328 1956 Arcturus
354 1927 542 1955 Parthenonos
562 1935 649 1960 xxvn,
674 1927 844 1955 intervallum
869 1928 975 1955 dierum

196 1973 394 2008 quinquaginta
408 1973 568 2001 solidorum.

229 2021 357 2049 Orionem
374 2020 575 2056 Theophrastus
586 2021 623 2048 ait
634 2020 699 2047 oriri
711 2021 739 2046 ὲν
756 2021 826 2056 ἀρχῇ
841 2020 891 2055 τῆς
906 2019 978 2046 orab-

195 2076 261 2104 ρας·
278 2068 365 2095 δύνειν
384 2068 412 2095 ἐν
429 2068 498 2103 ἀρχῇ
512 2066 558 2094 τοῦ
575 2067 716 2103 χειμῶνος,
736 2065 781 2093 ubi
803 2065 912 2101 ὀπώραν
926 2073 976 2100 pro

195 2114 344 2142 inclinante
357 2114 413 2149 jam
428 2117 521 2141 aestate
532 2114 625 2146 sumit,
645 2113 741 2140 diebus
762 2113 866 2147 aliquot
882 2120 896 2138 a
912 2119 977 2139 con-

196 2158 268 2187 tecto
290 2160 416 2187 solstitio.
441 2159 471 2186 In
492 2159 636 2192 laterculo,
658 2159 750 2186 lucida
769 2158 845 2193 pedis
869 2157 978 2185 Orionis

195 2205 330 2232 heliacum
354 2209 445 2233 ortum
471 2205 536 2232 facit
556 2205 717 2233 Carcinonis
743 2212 821 2236 xvnl,
839 2203 903 2231 Julii
926 2212 974 2231 xu.

983 913 1003 940 Β

681 180 726 208 AD
745 180 878 209 EUSEBII
893 180 1088 210 CIIBONICON
1108 179 1285 208 APPENDIX.

1742 178 1818 206 i573

1053 238 1182 274 Polybius
1200 237 1284 269 lib.ll
1306 236 1402 265 scribit
1415 236 1564 264 'Romanos
1592 235 1630 270 inf
1650 235 1778 263 Africam
1800 245 1813 264 ε

1024 285 1115 312 Sicilia
1132 284 1273 319 trajecisse
1289 284 1360 310 inter
1376 286 1464 310 ortum
1482 281 1592 310 Orionis
1615 287 1644 310 et
1669 281 1749 314 Sirii,
1769 283 1813 309 in-

1021 330 1165 357 commoda
1192 333 1360 364 tempestate.
1387 327 1481 355 Ortum
1506 328 1655 363 utrobique
1680 327 1813 362 intelligit

1020 375 1167 402 heliaeum.
1183 374 1250 401 Nam
1267 374 1355 401 Sirius
1370 368 1522 400 Leontonos
1538 380 1597 403 vin,
1619 373 1734 400 ineunte
1756 372 1814 399 Au-

1020 425 1112 455 gusto,
1126 420 1209 448 Orion
1230 421 1309 455 paulo
1327 424 1387 454 post
1403 420 1546 447 solstitium
1562 419 1629 446 oriri
1645 419 1810 453 incipiebat.

1019 466 1089 502 Ergo
1103 466 1175 494 Julio
1189 474 1281 494 mense
1295 467 1469 501 navigarunt.
1487 465 1531 492 Sic
1548 464 1686 492 Hesiodus
1709 465 1812 492 messis

1021 520 1053 540 ac
1067 514 1172 540 triturae
1185 518 1293 548 tempus
1309 513 1509 540 circumscribit
1524 511 1635 539 Orionis
1650 516 1750 538 exortu
1765 519 1775 538 :

1055 590 1062 598 .
1084 591 1091 597 .
1111 590 1118 597 .
1136 567 1204 596 Εὖτ’
1221 569 1259 595 ἂν
1275 568 1374 603 πρῶτα
1390 568 1470 603 φανῇ
1485 568 1575 603 μένος
1598 568 1754 602 Ὠρίωνος·

1019 629 1029 657 5
1054 647 1063 653 .
1082 644 1090 652 .
1112 645 1118 652 .
1138 624 1204 652 Cum
1218 625 1330 659 primum
1352 633 1475 659 apparere
1493 625 1567 659 coepit
1588 624 1670 651 robur
1686 623 1807 651 Orionis.

1053 679 1154 707 Leonis
1172 679 1200 706 in
1214 684 1323 714 pectore
1350 680 1423 707 clara
1447 679 1523 706 stella
1544 679 1646 706 occidit
1664 687 1739 706 xxvn
1763 677 1809 706 Ja-

1018 726 1120 758 nuarii,
1137 729 1167 752 ut
1186 725 1282 753 scribit
1302 724 1462 757 Columella,
1479 730 1507 751 ut
1529 724 1655 757 Ovidius,
1679 733 1758 752 xxiv.
1780 724 1809 751 In

1018 771 1151 798 laterculo
1164 775 1259 798 nostro
1273 770 1365 797 eadem
1382 770 1459 797 stella
1471 770 1615 805 Hydronos
1631 770 1715 797 tertio
1728 777 1811 796 mane

1018 817 1128 848 occidit,
1146 823 1258 851 prorsus
1275 819 1304 842 ut
1323 814 1434 842 Ovidius
1456 815 1547 846 refert,
1571 813 1698 841 Januarii
1731 822 1807 841 xxiv.

1019 861 1108 894 Quare
1123 861 1156 888 de
1172 868 1272 889 occasu
1290 860 1411 888 cosmico
1425 859 1574 894 capiendus
1594 863 1648 887 est.
1668 860 1704 886 At
1725 858 1810 886 Colu-

1018 906 1096 934 mella
1108 905 1207 934 Leonis
1223 907 1322 933 claram
1337 906 1365 932 in
1385 910 1494 940 pectore
1514 905 1621 932 stellam
1642 904 1747 938 exoriri
1768 911 1811 932 as-

1021 953 1088 981 serit
1102 961 1129 979 ix
1146 951 1278 980 Kalendas
1298 951 1410 987 Augusti
1430 955 1457 979 et
1476 951 1564 986 pridie
1577 950 1670 978 Nonas
1688 951 1810 985 Augusti

1021 998 1138 1026 Leonem
1157 998 1223 1025 oriri
1236 998 1367 1025 medium.
1385 997 1463 1030 Quod
1476 997 1509 1025 de
1524 997 1629 1024 heliaco
1645 1005 1702 1024 non
1718 1002 1809 1031 potest

1022 1044 1126 1079 accipi;
1141 1045 1187 1079 qui
1208 1043 1363 1071 Leontonos
1377 1051 1454 1074 xviii,
1479 1043 1593 1078 Augusti
1617 1051 1656 1070 xu
1676 1043 1808 1077 primitus

1021 1090 1146 1124 occmpit,
1162 1090 1195 1117 ad
1208 1097 1300 1117 verum
1319 1093 1344 1116 et
1361 1089 1508 1116 cosmicum
1523 1088 1620 1116 referri
1640 1092 1742 1123 potest.
1758 1089 1807 1114 At-

1021 1135 1066 1170 qui
1090 1135 1193 1163 Plinius
1219 1135 1267 1162 lib.
1285 1133 1385 1167 XVIII,
1405 1142 1465 1170 cap.
1488 1133 1607 1168 XXVIII,
1622 1144 1632 1160 ‹
1647 1135 1731 1162 tertio
1753 1133 1807 1161 Ka-

1021 1181 1132 1213 lendas,
1161 1181 1214 1213 ait,
1253 1181 1368 1215 Augusti
1400 1181 1500 1208 mensis
1538 1181 1613 1214 regia
1639 1180 1668 1207 in
1696 1184 1807 1215 pectore

1022 1227 1121 1254 Leonis
1132 1227 1209 1254 stella
1225 1227 1356 1253 matutino
1371 1226 1470 1253 Caesari
1492 1226 1673 1261 immergitur.
1689 1236 1700 1252 »
1719 1227 1806 1254 Matu-

1021 1273 1108 1299 tinum
1127 1279 1254 1300 Occasum
1280 1272 1337 1299 haec
1355 1272 1438 1299 verba
1464 1272 1672 1304 demonstrant,
1702 1273 1749 1307 qui
1779 1272 1806 1299 in

1022 1317 1134 1352 Aquarii
1155 1317 1241 1352 gradu
1257 1317 1347 1348 tertio,
1360 1316 1481 1344 Januarii
1493 1325 1556 1344 xxtv
1569 1317 1679 1344 accidit.
1696 1317 1808 1346 Menda-

1023 1371 1070 1392 sus
1084 1370 1148 1397 ergo
1161 1364 1237 1390 locus
1252 1368 1293 1390 est
1307 1362 1397 1395 Plinii,
1411 1370 1444 1390 ac
1466 1363 1609 1398 legendum
1631 1364 1746 1391 omnino
1765 1369 1809 1392 est

1025 1418 1035 1435 ι
1055 1408 1177 1444 emergit,
1196 1418 1204 1434 ι
1219 1409 1260 1436 vel
1274 1418 1283 1434 ε
1310 1409 1467 1444 emergitur,
1485 1418 1494 1434 ι
1513 1409 1539 1436 id
1561 1412 1604 1437 est
1630 1409 1720 1436 oritur
1745 1417 1807 1438 cum

1023 1455 1091 1483 sole.
1414 1483 1418 1486 .

1066 1501 1194 1529 Geminus
1227 1508 1353 1528 occasum
1387 1501 1486 1529 Leonis
1516 1506 1701 1529 consentanea
1733 1502 1811 1537 ponit

1024 1549 1135 1584 Aquarii
1161 1548 1290 1577 secundo.
1320 1545 1479 1576 Ptolemaeus
1507 1547 1618 1575 Leonici
1649 1549 1807 1576 basiliscum

1024 1594 1147 1622 occidere
1166 1595 1260 1622 scribit
1273 1602 1298 1621 VI
1310 1594 1444 1622 Kalendas
1462 1593 1613 1626 Februarii,
1635 1595 1693 1622 sive
1706 1594 1808 1621 Janua-

1024 1641 1058 1668 rii
1085 1649 1167 1668 xxvn.
1193 1640 1302 1668 Graecus
1332 1644 1421 1667 autem
1447 1648 1461 1667 a
1486 1640 1566 1668 nobis
1593 1641 1687 1667 editus
1714 1642 1809 1668 statuit

1024 1686 1143 1720 ejusdem
1159 1693 1286 1714 occasum
1307 1686 1334 1712 in
1346 1685 1479 1718 Januarii,
1506 1686 1549 1714 vel
1572 1685 1640 1721 Tybi
1664 1694 1744 1719 xxn;
1759 1694 1809 1714 nec

1024 1740 1077 1760 non
1094 1732 1205 1765 Mecbir,
1221 1733 1263 1760 vel
1282 1731 1423 1760 Februarii
1446 1740 1483 1760 vt.
1506 1732 1607 1760 Sextus
1623 1731 1730 1760 Mechir
1743 1740 1810 1760 con-

1024 1779 1097 1808 venit
1109 1778 1233 1806 Januarii
1247 1778 1354 1806 ultimo.

1058 1824 1131 1852 Inter
1145 1823 1251 1859 Ilyades
1265 1824 1435 1852 lucidissima
1450 1827 1502 1857 est,
1515 1831 1574 1859 qua:
1587 1824 1615 1851 in
1629 1823 1710 1851 oculo
1728 1823 1809 1851 Tauri

1024 1870 1112 1905 posita
1125 1869 1276 1897 Palilicium
1293 1870 1369 1897 sidus
1390 1877 1405 1897 a
1427 1869 1557 1897 Romanis
1582 1874 1709 1897 vocatur.
1726 1869 1810 1897 Occa-

1025 1923 1084 1942 sum
1098 1915 1220 1950 llyadum
1239 1914 1323 1943 refert
1344 1915 1479 1943 Hesiodus
1499 1916 1526 1943 in
1542 1915 1614 1943 idem
1634 1920 1745 1950 tempus
1758 1923 1810 1950 quo

1025 1960 1147 1988 Pleiades
1159 1965 1186 1988 et
1201 1961 1284 1988 Orion
1302 1961 1447 1993 occidunt;
1464 1961 1545 1996 idque
1573 1961 1693 1987 arationi
1709 1968 1808 1996 oppor-

1026 2012 1121 2034 tunum
1135 2015 1195 2035 csse
1210 2007 1306 2035 scribit
1321 2007 1349 2034 in
1367 2007 1487 2034 secundo
1497 2007 1566 2033 libro
1579 2017 1585 2034 :

1203 2082 1210 2089 .
1231 2081 1239 2089 .
1260 2082 1267 2088 .
1287 2082 1294 2089 .
1317 2081 1322 2088 .
1344 2062 1442 2096 Αὐτὰρ
1455 2061 1533 2094 ἐπὴν
1544 2061 1582 2095 δὴ

1026 2096 1172 2130 Πληϊάδες
1182 2097 1316 2130 θ”Υάδες
1331 2105 1372 2128 τε,
1388 2099 1421 2123 τό
1432 2105 1463 2123 τε
1480 2097 1588 2129 σθένος
1607 2096 1748 2131 Ὠρίωνος

1026 2133 1161 2158 Δύγωσιν
1175 2152 1182 2165 ,
1199 2133 1255 2158 τότ’
1267 2131 1356 2158 ἔπειτ’
1370 2132 1476 2166 ἀρότου
1484 2131 1674 2166 μεμνημένος
1683 2131 1770 2159 εἶναι.

1026 2199 1031 2211 "
1062 2197 1111 2224 llic
1134 2205 1261 2225 occasum
1285 2197 1448 2224 matutinum
1467 2197 1524 2224 sive
1537 2197 1688 2224 cosmicum
1706 2198 1807 2233 signiﬁ-

198 2249 252 2277 sed
270 2249 450 2285 Theophrasti
474 2251 585 2283 εκευιο,
608 2253 636 2278 οι
660 2250 774 2278 Athenis
797 2250 929 2276 maturius
951 2249 977 2276 id
992 2252 1016 2281 ι)
1029 2247 1081 2270 cat.
1097 2242 1164 2269 Nam
1179 2243 1206 2270 in
1221 2243 1353 2270 laterculo
1365 2247 1459 2270 nostro
1477 2242 1628 2270 Palilieium
1643 2251 1724 2270 mane
1739 2244 1808 2271 occi-

199 2296 289 2323 debat.
304 2294 404 2323 Verum
422 2301 483 2331 post
509 2302 586 2324 ortus
612 2296 709 2324 heliaci
732 2295 804 2323 diem
820 2303 854 2323 ex
877 2295 978 2323 tabulis

198 2341 351 2369 confectum
368 2346 528 2376 apparentes
545 2341 626 2369 iidem
649 2345 726 2369 ortus
749 2341 876 2368 matutini
902 2348 979 2375 repe-

198 2393 302 2416 tuntur.
323 2386 416 2422 Itaque
437 2391 602 2422 propagatus
626 2387 671 2414 hic
693 2392 769 2414 ortus
788 2391 830 2414 est
845 2394 930 2421 usque
945 2386 978 2413 ad

197 2433 306 2469 ὀπώρας
322 2433 439 2460 initium.
455 2432 489 2459 At
501 2434 650 2460 matutinus
669 2440 782 2460 occasus
797 2432 917 2467 ejusdem
938 2432 979 2460 lu-

199 2479 266 2507 cidtn
288 2479 401 2514 contigit
424 2477 588 2513 Scorpionos
611 2486 638 2511 v,
662 2478 788 2506 Octobris
804 2487 865 2505 χχιχ
882 2487 889 2511 ;
905 2485 980 2505 zonae

199 2526 288 2554 media
304 2524 469 2559 Scorpionos
480 2532 518 2551 xn
536 2524 647 2556 occidit,
663 2524 821 2552 Novembris
835 2533 870 2557 v;
887 2525 981 2551 hume-

199 2579 247 2599 rus
261 2571 354 2598 dexter
369 2570 535 2605 Scorpionos
550 2577 607 2602 xxt,
626 2569 787 2597 Novembris
809 2578 862 2597 xiv.
888 2570 980 2604 Itaque

198 2625 292 2646 verum
303 2623 345 2646 est
364 2617 473 2645 ineunte
487 2616 575 2644 hieme
590 2615 716 2642 Orionem
739 2615 881 2643 occidisse.
907 2616 979 2642 Con-

200 2665 311 2691 veniunt
325 2668 352 2691 et
375 2671 436 2699 quae
454 2663 488 2690 de
510 2661 619 2690 Orionis
638 2666 698 2688 ortu
723 2661 757 2688 ab
780 2660 884 2693 Ovidio,
898 2661 980 2688 Colu-

201 2709 291 2741 mella,
308 2712 335 2736 et
350 2709 439 2736 Plinio
453 2709 615 2745 produntur,
631 2711 661 2734 ut
677 2714 739 2734 cum
758 2714 854 2734 zonam
872 2707 981 2734 oriri-vi

201 2755 335 2783 Kalendas
348 2755 413 2782 Julii
429 2759 556 2783 asserunt
577 2753 689 2782 Ovidius
712 2756 740 2780 et
764 2752 880 2780 Plinius.
896 2752 982 2779 Media

203 2800 302 2834 quippe
325 2801 400 2828 stella
428 2801 508 2828 baltei
524 2801 551 2828 in
567 2799 684 2835 λεωριο
703 2798 871 2826 Carcinonos
884 2802 982 2833 quarto

204 2845 306 2873 heliace
321 2847 456 2874 oriebatur
471 2845 563 2874 Romae
580 2854 652 2879 xvn;
669 2845 717 2874 scd
733 2849 794 2873 ante
808 2844 876 2872 hanc
893 2844 920 2872 in
935 2852 981 2872 eo-

205 2889 265 2917 dem
277 2890 364 2919 balteo
381 2892 464 2920 altera
478 2893 627 2928 consurgit.

1028 2290 1067 2317 dit
1082 2290 1108 2317 in
1123 2289 1207 2324 gradu
1219 2291 1236 2317 9
1254 2289 1359 2324 Scorpii
1375 2289 1475 2321 Romae,
1491 2289 1518 2315 id
1534 2293 1575 2316 est
1593 2288 1757 2317 Novembris
1770 2290 1787 2317 2
1799 2311 1806 2321 ,

1027 2343 1082 2370 quo
1095 2334 1138 2362 die
1149 2334 1298 2362 Columella
1312 2334 1395 2361 Tauri
1410 2339 1491 2369 caput
1500 2341 1628 2361 occasum
1641 2334 1733 2362 facere
1743 2335 1808 2362 scri-

1028 2381 1077 2414 bit,
1095 2385 1124 2408 ut
1143 2384 1171 2408 et
1184 2380 1315 2408 Geminus
1339 2388 1373 2408 ex
1395 2380 1516 2415 Calippo.
1532 2381 1566 2406 At
1581 2380 1609 2407 in
1623 2379 1743 2416 Egypto
1755 2389 1808 2408 ma—

1028 2430 1134 2457 tutinus
1147 2437 1261 2457 occasus
1282 2429 1362 2457 ﬁebat
1381 2429 1409 2456 in
1424 2428 1508 2464 gradu
1530 2427 1638 2463 Scorpii
1653 2428 1806 2460 undecimo,

1028 2475 1187 2504 Novembris
1203 2484 1237 2503 Iv.
1249 2475 1332 2503 Porro
1344 2476 1415 2503 idem
1427 2475 1574 2502 Columella
1586 2474 1715 2502 Suculam
1732 2483 1806 2502 mane

1029 2522 1152 2549 occidere
1175 2521 1212 2548 ait
1236 2529 1281 2548 xxx
1305 2520 1472 2553 Novembris,
1506 2527 1612 2546 necnon
1648 2518 1806 2554 Bhapsodus

1030 2567 1075 2594 ille
1093 2567 1144 2594 sub
1165 2566 1274 2593 nomine
1294 2565 1429 2593 Ptolemaei
1442 2573 1460 2594 .a
1477 2564 1594 2592 Leonico
1617 2564 1720 2592 editus.
1744 2564 1805 2591 Nam

1030 2612 1140 2639 Graecus
1159 2616 1250 2639 noster
1266 2612 1294 2638 in
1309 2610 1479 2643 Novembris,
1494 2610 1536 2638 vel
1554 2609 1641 2645 Athyr
1658 2617 1704 2637 xvt
1725 2609 1804 2637 Sucu-

1031 2658 1117 2684 larum
1130 2661 1220 2684 ortum
1241 2657 1403 2684 matutinum
1425 2656 1545 2690 conjicit.
1565 2655 1644 2690 Apud
1666 2655 1802 2683 Geminum

1031 2702 1154 2739 Hyadum
1177 2710 1291 2730 occasus
1314 2703 1358 2730 die
1379 2702 1543 2737 Scorpionos
1564 2709 1652 2734 xxvu,
1667 2709 1700 2729 ex
1715 2701 1800 2729 Eucte-

1032 2757 1128 2783 mone;
1140 2757 1172 2777 ex
1188 2749 1309 2781 Eudoxo,
1321 2756 1386 2776 xxix
1401 2748 1543 2783 contingit,
1555 2748 1602 2782 qui
1613 2747 1681 2774 Julii
1696 2748 1800 2775 Caesaris

1032 2801 1110 2824 mtate
1119 2796 1318 2831 respondebant
1334 2795 1493 2823 Novembris
1514 2796 1550 2821 ix
1571 2798 1598 2821 et
1620 2802 1698 2827 xxn;
1715 2793 1801 2820 Eucte-

1033 2843 1120 2871 monis
1135 2851 1198 2870 vero
1209 2848 1236 2870 et
1254 2842 1356 2870 Eudoxi
1378 2842 1487 2874 szeculo,
1509 2841 1568 2868 dies
1591 2841 1654 2868 illos
1669 2839 1802 2868 antecede-

1034 2891 1109 2917 bant.
1123 2889 1171 2917 Hic
1182 2893 1223 2918 est
1236 2896 1369 2925 apparens
1383 2895 1497 2916 occasus
1510 2887 1662 2915 matutinus
1674 2886 1799 2920 Hyadum.
