1900 3137
70 190 88 216 l
95 190 149 217 575

469 187 696 216 DISSERTATIO
713 187 758 215 DE
776 187 868 216 ORTU
889 187 933 216 ET
953 189 1085 217 OCCASU
1107 181 1278 218 SIDERUM:

1614 185 1688 214 ’1574

68 247 126 283 qui
141 251 184 275 est
198 255 263 275 vero
274 248 421 282 posterior.
437 247 498 275 Ideo
521 252 584 283 post
602 249 749 276 cosmieum
765 256 858 276 verum
873 249 897 277 Δ
911 247 1004 276 Roma:
1021 249 1102 276 ﬁebat
1117 251 1145 276 in
1161 248 1245 283 gradu
1259 245 1418 282 Capricorni
1431 244 1584 276 undecimo,
1600 245 1627 272 id
1645 251 1688 273 est

70 293 113 319 ad
137 293 196 320 dies
219 293 321 328 aliquot
345 293 516 320 extenditur:
531 293 756 328 quemadmodum
781 298 857 321 ortus

69 339 252 372 vespertinus
268 345 348 365 verus
372 337 505 372 posterior
527 341 568 364 est
590 338 792 372 apparentibus,
810 338 857 371 qui

70 384 205 419 pluribus
218 384 312 411 diebus
337 387 400 410 ante
411 384 486 410 illum
505 391 576 418 stepe
594 386 755 417 repetuntur
767 383 795 409 in
808 381 859 409 Fa-

72 429 141 456 stis.
167 428 253 456 Verus
280 433 391 456 exortus
423 429 594 464 vespertinus
617 427 732 454 Palilicii
761 427 859 455 sideris

70 474 144 502 Julii
166 480 295 510 tempore,
313 474 476 510 Scorpionos
490 483 546 508 xxr,
563 474 722 502 Novembris
735 482 781 501 xiv
795 481 861 500 eon-

72 522 203 557 gruebat,
218 526 279 556 post
294 529 387 549 verum
401 529 528 549 occasum
549 521 720 548 matutinum.
739 519 792 546 Sed
811 527 861 554 ap-

72 574 179 602 parens
208 571 285 594 ortus
311 567 482 602 vespertinus
505 567 673 602 pra-cedebat
694 574 702 593 :
726 573 807 601 quem
834 573 862 595 vr

71 613 253 646 Novembris,
273 613 315 641 vel
336 613 431 649 Athyr.
453 613 576 641 Grzecum
591 611 727 640 Ptolemaei
751 618 863 646 parape—

74 667 142 694 gma
169 659 294 686 collocat.
315 658 446 686 Geminus
468 662 557 685 autem
578 658 701 694 Zygonos
724 664 792 688 xxn,
806 655 862 683 Eu-

74 704 144 732 doxi
160 705 278 738 saeculo;
296 704 398 733 Plinius
415 705 461 732 lib.
477 704 570 737 XVIII,
595 711 655 739 cap.
676 703 770 736 XXXI,
787 706 862 730 sexto

74 750 216 779 Kalendas
239 750 398 778 Novembris
423 750 538 778 Suculas
563 751 601 777 ait
626 749 727 777 exoriri
745 749 861 784 vesperi.

73 796 176 823 eodem
206 796 311 824 scilicet
338 800 484 831 apparente
508 800 580 824 ortu.
607 795 667 822 Mox
688 802 752 822 vero
776 793 863 828 pridie

74 841 217 869 Kalendas
235 841 401 870 Novembres
415 841 514 869 Caesari
525 841 591 869 dicit
607 842 709 869 exoriri
726 847 787 868 cum
806 840 864 867 sole

77 887 209 916 Suculas.
224 887 314 915 Falso.
343 888 410 915 Nam
435 888 462 915 id
492 896 576 916 verno
601 892 722 922 tempore
748 885 858 913 accidit.

76 933 199 968 Scripsit
212 937 258 960 aut
272 933 390 961 scribere
401 934 503 966 debuit,
515 943 524 959 ι
536 941 598 960 cum
613 933 670 960 sole
682 931 833 960 occidente.
846 940 855 957 ›

75 977 234 1005 Palilicium
262 978 338 1006 sidus
366 978 437 1006 idem
465 978 570 1006 Plinius
593 979 664 1005 libro
685 977 778 1009 XVIII,
798 984 858 1012 cap.

75 1023 177 1055 XXVI,
192 1023 273 1051 refert
286 1024 409 1051 occidere
429 1031 542 1058 vespere
560 1031 592 1051 ex
612 1023 728 1051 Caesaris
742 1021 859 1054 calculo,

76 1077 116 1096 xv
139 1069 275 1098 Kalendas
292 1070 385 1101 Maias,
407 1070 433 1096 id
455 1075 496 1097 est
518 1070 632 1097 Crionos
646 1076 722 1101 xxvr,
738 1075 818 1104 quem
833 1067 859 1094 in

77 1115 154 1142 diem
172 1115 293 1143 heliacus
306 1121 420 1142 occasus
442 1115 514 1143 illius
533 1122 567 1141 ex
586 1114 688 1142 nostris
708 1113 860 1141 ratiociniis

78 1160 188 1188 incidit.
206 1160 368 1195 Ptolemaeus
392 1160 501 1187 Leonici
526 1160 641 1187 Suculas
664 1160 701 1187 ait
721 1166 861 1194 emergere

78 1207 185 1241 Aprilis
195 1206 296 1234 vi.lmo
308 1207 536 1241 immergebantur
552 1207 597 1233 illo
614 1210 743 1241 tempore,
761 1211 787 1233 et
800 1209 861 1244 post

78 1260 209 1280 occasura
236 1253 321 1279 solem
347 1252 549 1283 condebantur,
581 1252 654 1287 quod
678 1251 778 1286 Aprilis
803 1258 859 1278 xvn

78 1302 220 1332 postremo
234 1297 377 1325 faciebant.
398 1297 468 1324 Hinc
489 1297 558 1332 apud
582 1296 705 1324 eumdem
725 1304 763 1324 ιιι
782 1295 861 1331 Apri-

78 1343 127 1375 lis,
141 1351 185 1374 xv,
202 1350 246 1370 xvi
260 1347 286 1370 et
301 1351 355 1370 xvu
375 1342 506 1369 occultari
528 1350 639 1377 vespere
655 1343 791 1369 dicuntur.
814 1341 862 1368 Et-

77 1389 156 1416 enim
177 1393 253 1416 ortus
276 1388 389 1416 Palilicii
406 1389 557 1416 matutinus
575 1396 709 1424 apparens
727 1389 809 1424 ccepit
832 1388 861 1416 in

77 1434 198 1462 Julianis
212 1433 301 1461 Fastis
317 1433 480 1469 Didymonos
495 1442 533 1465 xi,
546 1433 620 1461 Junii
640 1442 676 1460 iv.
691 1434 766 1462 Unde
780 1435 861 1462 casti-

79 1480 188 1515 gandus
204 1484 245 1508 cst
263 1479 421 1508 Ptolemaeus
445 1480 537 1507 Graece
561 1488 576 1506 a
600 1480 678 1508 nobis
692 1480 794 1514 editus;
815 1482 861 1516 qui

78 1526 156 1554 Junii
175 1533 204 1553 ιιι
223 1526 340 1553 lucidam
355 1525 516 1553 Sucularum
536 1526 572 1552 ait
587 1526 709 1554 occidere
727 1534 838 1561 vespere
852 1547 860 1559 ,

79 1572 156 1608 quod
170 1575 210 1599 est
224 1572 333 1599 falsum.
346 1571 406 1598 Ideo
421 1572 509 1599 statim
524 1571 596 1599 Junii
611 1579 648 1598 vn
671 1572 746 1607 ἑῷος.
763 1572 860 1607 inquit,
875 1588 897 1616 ο

82 1617 227 1644 ἐπιτέλλει.
248 1617 306 1644 Non
330 1618 420 1645 minus
443 1618 616 1652 castigandus
644 1623 685 1645 est
708 1618 839 1646 Geminus
852 1625 863 1651 ,'

83 1663 133 1698 qui
149 1662 291 1690 Tauronos
314 1663 357 1689 die
374 1670 447 1689 xxxii
472 1663 547 1697 ponit
570 1668 658 1689 ortum
679 1664 862 1698 vespertinum

83 1708 218 1744 Hyadum.
247 1707 299 1735 Pro
321 1716 374 1743 quo
398 1708 546 1735 matutinus
572 1708 778 1737 substituendus
802 1714 862 1743 est;

85 1762 165 1790 quem
180 1754 344 1789 Didymonos
360 1762 377 1781 v
392 1761 464 1786 mox,
486 1753 598 1781 Eudoxo
621 1759 740 1787 auclore,
758 1755 861 1782 statuit.

119 1801 265 1836 Capellam,
279 1808 338 1835 quae
350 1806 390 1828 est
410 1801 437 1826 in
454 1800 562 1834 Auriga:
579 1804 668 1835 tergo,
689 1801 782 1828 scribit
798 1801 863 1828 Ovi-

85 1848 159 1879 dius.
176 1851 202 1875 et
218 1847 363 1874 Columella
380 1847 478 1874 exoriri
504 1846 631 1874 Kalendis
652 1847 738 1875 Maiis.
760 1847 864 1875 Plinius

85 1901 135 1920 vm
157 1894 258 1921 mensis
278 1893 409 1928 ejusdem.
431 1892 488 1919 Iloc
511 1893 538 1918 in
565 1892 682 1927 {Egypto
701 1901 793 1920 rerum
822 1897 863 1920 est

85 1939 122 1966 de
144 1943 204 1966 ortu
220 1939 341 1971 heliaco,
360 1939 405 1974 qui
430 1939 458 1965 in
482 1938 623 1965 Tauronos
645 1939 688 1966 die
710 1947 735 1965 rx
759 1938 861 1965 incidit.

86 1985 179 2012 Romze
195 1990 294 2017 autem,
309 1985 424 2012 Crionos
438 1993 503 2015 xvn,
518 1984 618 2019 Aprilis
634 1992 692 2011 V‘Il.
703 1983 864 2013 Ptolemaeus

86 2033 180 2058 noster
194 2029 281 2056 Martii
299 2037 372 2059 xxix.
390 2033 416 2056 et
432 2029 532 2063 Aprilis
553 2036 619 2055 xvrn
644 2028 737 2064 Capra:
756 2030 865 2057 matuti-

85 2082 152 2102 num
172 2078 260 2101 ortum
276 2073 392 2101 exhibet.
410 2073 538 2100 Geminus
560 2081 593 2100 ex
616 2074 779 2103 Euctemone
796 2075 865 2102 Tau-

86 2127 171 2148 I'OIIOS
187 2128 224 2148 IX-

123 2165 282 2200 Delpliinum
298 2164 410 2194 Ovidius
430 2166 467 2193 ait
485 2175 596 2204 vespere
611 2168 677 2196 oriri
694 2176 721 2195 Iv
739 2168 800 2195 ldus
818 2168 865 2196 Ju-

86 2218 150 2238 mas
165 2220 172 2238 ζ

908 294 1029 322 Januarii
1055 303 1094 327 n;
1119 294 1289 322 Alexandriae
1323 291 1449 326 in'gradu
1472 291 1584 326 quinto.
1611 295 1688 319 sexto

909 341 1020 369 Kalend.
1044 341 1104 368 Jan.
1132 340 1292 368 Ptolemaeus
1321 338 1431 365 Gmcus
1458 336 1624 370 Decembris,
1645 343 1688 370 vc]

909 387 1008 415 Clusae
1025 395 1110 419 xxvn,
1124 390 1151 414 et
1170 393 1223 414 xxx
1237 384 1362 419 Aquilam
1375 382 1499 411 occidere
1513 382 1550 409 alt
1564 389 1689 418 vespere;

910 432 1022 460 Gemino
1047 440 1155 467 quoque
1181 431 1295 466 septimo
1319 429 1476 465 Capricorni
1502 428 1572 456 idem
1599 429 1688 456 evenit

910 482 1020 505 auctore
1042 477 1216 505 Euclcmone.
1232 475 1360 503 Eamdem
1376 482 1456 501 manc
1470 474 1536 501 oriri
1558 473 1688 501 vicesimo

910 526 986 550 sexto
1000 522 1125 550 Toxonos
1142 521 1275 549 referebat
1290 519 1427 547 Eudoxus.
1450 518 1495 546 Sic
1511 519 1539 545 in
1557 518 1688 546 laterculo

911 574 1004 596 nostro
1022 572 1098 595 ortus
1121 568 1193 594 illius
1214 567 1335 594 heliacus
1352 566 1380 593 in
1394 572 1477 592 xxvni
1502 563 1628 590 Toxonos
1645 563 1689 589 in-

912 614 1007 647 currit,
1025 614 1071 649 qui
1087 619 1128 641 est
1148 612 1303 640 Decembris
1325 619 1383 639 xxi.
1404 611 1514 638 Graecus
1529 609 1690 636 Ptolemaeus

912 661 1078 691 Decembris,
1096 660 1136 687 vel
1152 659 1253 687 Climac
1273 666 1336 685 xxv.
1357 657 1518 692 Rhapsodus
1537 663 1552 682 a
1572 654 1690 682 Leonico

912 707 1000 734 editus
1023 706 1150 733 mendose
1174 705 1254 732 habet
1277 708 1366 731 ortum
1382 702 1569 737 vespertinum
1586 699 1690 735 Aquila

912 759 940 779 xI
952 751 1063 778 Kalend.
1075 750 1185 777 Januar.
1197 749 1246 776 llic
1260 749 1330 777 enim
1342 749 1369 776 in
1379 748 1462 784 gradu
1476 746 1650 774 Geminorum
1662 753 1690 773 ix

913 797 1035 831 contigit,
1052 795 1124 823 Junii
1135 803 1165 828 ιι,
1185 795 1229 822 cui
1249 799 1276 822 et
1295 793 1442 822 Columella
1458 796 1485 820 et
1503 791 1607 819 Plinius
1625 791 1690 819 asti-

913 841 1049 877 pulantur,
1074 848 1178 868 necnon
1193 839 1315 872 Ovidius,
1338 840 1404 875 quin
1421 842 1448 866 et
1462 837 1604 873 Bapsodus
1619 837 1690 872 ipsc-

913 891 977 914 met.

944 932 1030 959 Varro
1045 930 1091 958 lib.
1113 929 1135 956 ll
1155 930 1192 957 De
1211 938 1239 957 re
1259 930 1369 961 rustica,
1387 936 1446 963 cap.
1473 927 1495 954 II
1511 937 1517 955 :
1537 936 1547 953 ι
1571 926 1689 961 Tempus

910 978 1041 1013 optimum
1058 977 1092 1004 ad
1113 975 1307 1003 admittendum
1324 975 1368 1010 (de
1390 974 1488 1002 ovibus
1511 971 1640 1008 loquitur)
1655 972 1690 999 ab

909 1024 1017 1051 Arcturi
1032 1030 1130 1050 occasu
1145 1021 1179 1049 ad
1194 1022 1298 1056 Aquila:
1313 1028 1451 1048 occasum.
1471 1028 1480 1046 ι
1499 1018 1603 1045 Plinius
1621 1025 1690 1052 quo-

909 1079 962 1106 que
973 1070 1021 1097 lib.
1039 1069 1106 1101 VIII,
1118 1077 1143 1096 c.
1155 1067 1249 1095 XLVII
1268 1077 1274 1095 :
1296 1077 1306 1093 ‹
1325 1067 1420 1095 Οοὶιιιι
1433 1065 1561 1094 omnibus
1586 1065 1620 1091 ab
1638 1065 1690 1090 Ar-

910 1116 981 1143 cturi
996 1123 1106 1147 occasu.
1119 1114 1191 1149 quod
1204 1119 1247 1142 est
1260 1122 1285 1140 a.
1303 1114 1329 1141 d.
1345 1114 1455 1141 tertium
1470 1112 1534 1140 ldus
1547 1111 1641 1143 Maias,
1655 1110 1689 1137 ad

909 1163 1012 1198 Aquila
1029 1169 1166 1193 occasum,
1183 1161 1211 1188 id
1225 1164 1267 1188 est
1281 1168 1331 1187 xm
1352 1159 1488 1187 Kalendas
1508 1158 1654 1193 Augustas.
1677 1165 1687 1182 ι

909 1207 947 1234 Ita
961 1207 1088 1242 legendus
1107 1206 1152 1234 llic
1176 1207 1264 1238 locus,
1287 1205 1334 1240 qui
1355 1205 1436 1240 vulgo
1453 1204 1615 1238 depravatus
1636 1205 1688 1229 est.

909 1253 1066 1288 Intelligunt
1080 1251 1225 1286 utrobique
1241 1251 1391 1278 cosmicum
1412 1256 1537 1276 occasum
1561 1248 1617 1275 sive
1632 1255 1690 1274 ma-

909 1299 1048 1330 tutinum;
1077 1305 1140 1325 nam
1169 1297 1304 1324 Arcturus
1333 1296 1361 1323 in
1391 1295 1565 1322 Geminorum
1593 1298 1690 1328 quarto

909 1343 996 1379 gradu
1012 1343 1159 1379 incipiebat
1177 1343 1312 1374 occidere,
1332 1342 1359 1369 id
1377 1346 1419 1369 est
1439 1341 1500 1368 Maii
1521 1348 1617 1373 xxvm,
1634 1339 1690 1366 Ro-

910 1398 976 1421 mae;
994 1389 1165 1417 Alexandria:
1187 1396 1252 1416 vero
1278 1387 1420 1415 Tauronos
1438 1394 1499 1419 xtu,
1520 1386 1546 1413 id
1571 1390 1612 1413 est
1628 1385 1690 1412 Maii

910 1441 985 1463 sexto
999 1444 1006 1462 :
1019 1435 1113 1469 Aquila
1131 1442 1208 1461 mane
1225 1434 1288 1461 item
1304 1433 1404 1461 occidit
1419 1432 1510 1459 Romae
1522 1431 1691 1458 Carcinonos

910 1489 995 1514 xxvn,
1009 1480 1035 1508 id
1049 1484 1091 1508 cst
1111 1488 1149 1507 xu
1171 1479 1306 1507 Kalendas
1328 1481 1474 1514 Augustas.
1501 1477 1558 1505 Iloc
1581 1481 1690 1512 tempus

912 1527 1068 1554 admissurae
1083 1526 1191 1553 unicum
1207 1525 1302 1553 ovibus
1317 1525 1397 1552 ambo
1411 1525 1449 1551 illi
1465 1524 1599 1552 tribuunt.
1616 1523 1692 1551 Post-

912 1579 943 1598 ea
960 1571 1083 1606 conccpti
1102 1571 1164 1606 agni
1187 1571 1299 1598 invalidi
1324 1574 1398 1603 sunt,
1414 1570 1451 1596 ait
1471 1570 1576 1598 Plinius
1594 1579 1601 1598 :
1621 1577 1691 1605 quos

917 1627 926 1643 ‹
950 1617 1047 1644 cordos
1067 1627 1075 1642 ι
1090 1616 1192 1651 antiqui
1212 1617 1353 1644 vocabant.
1368 1615 1467 1643 Verum
1487 1615 1600 1643 alterum
1621 1622 1692 1650 pra:-

914 1668 987 1692 terea
1016 1667 1122 1699 tempus
1150 1663 1242 1695 fuisse,
1264 1667 1291 1690 et
1316 1662 1424 1697 quidem
1447 1662 1639 1688 nonnullorum
1658 1669 1692 1689 ex

913 1710 1040 1744 opinione
1056 1709 1234 1741 commodius,
1249 1708 1319 1736 idem
1333 1715 1394 1735 mox
1411 1707 1516 1734 Plinius
1533 1707 1635 1734 indicat
1649 1707 1692 1735 his

912 1757 1022 1785 verbis:
1041 1765 1051 1782 ‹
1069 1756 1146 1783 Multi
1161 1755 1290 1782 hibernos
1310 1762 1393 1789 agnos
1418 1753 1564 1789 praeferunt
1578 1754 1668 1780 vernis
1683 1762 1690 1780 :

912 1803 1040 1838 quoniam
1056 1802 1142 1836 magis
1157 1801 1265 1828 intersit
1279 1805 1340 1828 ante
1361 1800 1516 1829 solstitium.
1532 1806 1612 1833 quam
1630 1804 1693 1825 ante

912 1849 1047 1879 brumam,
1063 1847 1155 1874 ﬁrmos
1166 1855 1226 1874 esse
1240 1856 1246 1873 z
1263 1847 1406 1880 solumque
1428 1845 1480 1872 hoc
1502 1844 1601 1871 animal
1618 1843 1693 1870 utili-

913 1897 954 1920 ter
967 1893 1062 1920 bruma
1076 1892 1161 1919 nasci.
1181 1901 1190 1918 ›
1207 1891 1338 1927 Virgilius
1361 1891 1384 1917 Il
1402 1890 1495 1925 Georg.
1508 1891 1580 1917 inter
1600 1888 1692 1916 Iaudes

913 1938 994 1966 Italia
1008 1946 1066 1965 eam
1082 1942 1215 1969 recenset,
1229 1937 1302 1972 quod
1317 1937 1363 1971 ibi,

947 1996 993 2023 Bis
1008 1995 1122 2031 gravida:
1137 1993 1256 2028 pecudes.

913 2054 971 2086 Quo
986 2052 1096 2080 Servius
1110 2051 1244 2086 pertinere
1257 2050 1323 2077 illud
1340 2049 1435 2077 Bucol.
1450 2048 1472 2076 ll
1483 2052 1563 2084 putat
1578 2057 1585 2076 :

947 2110 1002 2137 Lac
1017 2109 1081 2136 mihi
1096 2116 1147 2135 non
1160 2111 1251 2135 (estate
1266 2114 1372 2138 novum,
1395 2114 1446 2133 non
1461 2105 1558 2140 frigore
1571 2104 1644 2138 deﬁt.

948 2166 1127 2200 Quamobrem
1147 2165 1262 2192 feturam
1286 2163 1366 2190 aliam
1384 2163 1523 2194 aestivam,
1542 2161 1622 2188 aliam
1650 2161 1694 2188 hi-

914 2214 1025 2241 bernam
1045 2212 1128 2240 fuisse
1141 2210 1297 2246 conjectura
1311 2213 1362 2241 est,
1383 2216 1436 2236 non
1451 2208 1479 2235 in
1495 2207 1571 2234 Italia
1585 2207 1672 2235 solum
1682 2226 1691 2240 ,

125 2255 223 2295 Nqoila
235 2264 316 2295 puppe
330 2257 421 2295 sedens
443 2257 571 2292 Delphina
591 2258 743 2295 videbimus,
758 2259 850 2295 inquit,
884 2259 905 2287 Ι)
919 2259 965 2286 sed
981 2258 1062 2286 etiam
1080 2258 1108 2284 in
1123 2256 1242 2287 Oriente,
1260 2259 1291 2282 ut
1313 2255 1339 2282 in
1358 2254 1436 2291 Syria
1450 2259 1477 2282 ct
1489 2253 1692 2288 Mesopotamia.

159 2291 278 2318 Humida
292 2300 351 2319 cum
364 2293 439 2326 pulso
454 2301 505 2319 nox
516 2294 565 2320 erit
577 2298 636 2321 orta
653 2294 706 2323 die.

124 2347 303 2375 Consentinnt
332 2347 438 2376 Plinius
463 2353 490 2376 et
517 2349 674 2377 Columella.
693 2349 864 2378 Laterculum

88 2401 197 2428 quoque
227 2398 350 2421 nostrum
376 2394 542 2421 adamussim
573 2395 707 2423 convenit.
731 2395 797 2422 Nam
823 2397 864 2423 Iu-

89 2439 150 2465 cida
163 2439 255 2467 caudae
271 2439 392 2474 Delphini
408 2440 591 2475 acronyclium
605 2445 729 2468 exortum
745 2441 781 2468 ibi
801 2441 865 2469 facit

88 2483 254 2518 Didymonos
269 2492 323 2512 xvlt
341 2485 460 2519 praecise,
473 2485 518 2519 qui
533 2489 574 2512 est
589 2493 615 2512 tv
631 2485 693 2513 ldus
704 2485 807 2514 Iunias.

124 2528 232 2565 Lyram,
254 2537 302 2558 seu
326 2529 461 2557 ﬁdiculam
492 2530 615 2557 occidere
646 2539 756 2565 vespere
785 2531 866 2558 Colu-

89 2575 170 2602 mella
188 2583 245 2602 xxn
261 2574 395 2607 Januarii,
413 2575 527 2603 Ovidius
539 2584 605 2602 χχιιι
620 2577 806 2610 prodiderunt.
820 2577 866 2604 Est

90 2621 135 2648 hic
151 2621 271 2648 beliacus
285 2627 411 2652 occasus,
426 2628 480 2647 non
493 2621 672 2655 acronychus,
687 2625 716 2647 ut
730 2628 745 2647 a
756 2622 867 2656 quibus-

91 2666 153 2692 dam
169 2669 287 2692 notatur.
307 2665 374 2692 Nam
395 2666 515 2694 licliaeus
540 2673 653 2694 occasus
675 2666 750 2701 Lyra:
770 2666 866 2695 accidit

92 2711 236 2747 IIydronos
250 2719 287 2743 vi,
303 2710 423 2738 Januarii
440 2719 524 2739 xxv".

126 2757 248 2791 Aquilam
271 2765 298 2783 IV
319 2756 379 2783 Kal.
393 2757 536 2785 Januarias
558 2757 682 2785 occidere
697 2765 807 2792 vespere
819 2766 866 2785 au-

92 2805 152 2827 ctor
174 2804 216 2828 est
240 2799 387 2827 Columella
407 2801 453 2828 lib.
479 2800 514 2828 XI
529 2821 536 2833 ,
559 2809 618 2836 cap.
641 2801 671 2829 ll.
696 2801 799 2828 Plinius
818 2802 864 2829 lib.

93 2846 184 2880 XVIII,
207 2853 267 2882 cap.
293 2846 387 2880 XXVI,
412 2847 492 2875 tertio
520 2848 653 2876 Kalendas
679 2849 706 2876 in
730 2849 819 2876 Attica
840 2854 866 2877 et

95 2893 216 2922 ﬁnitimis
234 2893 310 2922 locis.
327 2892 364 2921 De
379 2900 478 2921 occasu
503 2895 606 2923 heliaco
633 2895 797 2930 loquuntur;
820 2896 866 2931 qui

916 2304 1052 2332 Geneseos
1071 2311 1132 2339 cap.
1147 2301 1231 2334 XXX,
1243 2301 1275 2328 Al
1292 2305 1318 2329 et
1332 2301 1376 2334 42,
1401 2301 1499 2335 duplex
1520 2299 1578 2327 haec
1591 2299 1695 2326 admis‘

916 2358 980 2377 sura
997 2349 1181 2385 signiﬁcatur:
1196 2355 1309 2382 quarum
1330 2353 1383 2374 una
1410 2346 1582 2381 tempestiva,
1608 2345 1694 2371 altera

917 2396 1037 2424 serotina
1052 2395 1163 2423 dicitur.
1177 2392 1270 2428 Itaque
1283 2391 1366 2419 Jacob
1381 2391 1408 2418 in
1419 2391 1566 2418 maturiore
1583 2396 1610 2418 et
1627 2395 1694 2417 tem-

916 2442 1020 2477 pestiva
1036 2440 1218 2469 decorticatas
1231 2446 1264 2466 ex
1279 2442 1355 2473 parte
1374 2438 1465 2473 virgas
1476 2437 1558 2465 alveis
1571 2436 1693 2470 impone-

917 2488 972 2519 bat,
986 2490 1016 2514 ut
1031 2487 1113 2514 variae
1133 2493 1165 2513 ac
1189 2484 1331 2512 maculosae
1353 2483 1469 2518 pecudes
1494 2485 1690 2514 nascerentur,

917 2541 977 2568 qua:
990 2533 1017 2559 in
1032 2532 1185 2560 mercedem
1203 2530 1255 2559 sibi
1270 2533 1423 2562 cesserant;
1446 2528 1516 2564 quod
1537 2527 1626 2563 priore
1645 2527 1691 2553 illa

919 2578 1005 2605 fetura
1017 2578 1165 2605 valentiora
1188 2582 1215 2605 et
1234 2575 1386 2604 robustiora
1398 2581 1496 2610 pecora
1509 2573 1690 2609 gignerentur.

918 2623 946 2650 In
969 2624 1085 2649 serotina
1106 2623 1197 2658 virgas
1210 2630 1264 2650 non
1281 2622 1406 2657 ponebat,
1422 2624 1453 2647 ut
1466 2627 1499 2648 ex
1511 2627 1543 2647 ca
1561 2623 1631 2646 naue
1645 2625 1693 2653 pe-

918 2667 1012 2699 cudes,
1035 2675 1095 2702 quae
1120 2667 1310 2697 imbecilliores
1331 2671 1427 2698 erant,
1446 2664 1562 2693 Labanis
1587 2667 1690 2692 essent.

918 2714 1003 2746 Quem
1031 2713 1064 2740 ad
1093 2713 1181 2740 locum
1204 2713 1384 2750 Hieronymus
1403 2713 1432 2740 in
1458 2711 1560 2739 Tradit.
1584 2714 1610 2738 et
1636 2708 1693 2736 Au-

919 2759 1044 2795 gustinus
1059 2758 1160 2792 Quam.
1176 2765 1225 2785 xcv
1237 2760 1264 2785 in
1279 2759 1342 2787 Gen.
1352 2760 1393 2787 bis
1406 2759 1434 2786 in
1446 2755 1646 2792 Mesopotamia,
1662 2758 1692 2781 ut

919 2809 944 2831 et
959 2805 986 2831 in
1003 2803 1088 2836 Italia,
1102 2802 1227 2838 gravidas
1247 2811 1307 2831 esse
1327 2803 1443 2838 pecudes
1465 2804 1599 2831 asserunt.
1613 2809 1623 2825 ι
1639 2798 1693 2826 Na-

918 2854 979 2876 tura
995 2854 1081 2876 autem
1104 2848 1254 2875 Italicarum
1273 2849 1374 2880 ovium,
1389 2853 1416 2876 et
1430 2846 1627 2883 Mesopotamia:
1638 2853 1691 2872 una

921 2904 982 2924 esse
1012 2895 1137 2928 traditur,
1157 2904 1165 2921 I
1185 2894 1221 2921 ait
1247 2893 1433 2930 Hieronymus.
1461 2892 1513 2922 Sed
1538 2894 1564 2921 in
1592 2891 1692 2920 consti-
