1900 3137
223 178 292 208 I375

708 179 752 206 AD
770 180 903 208 EUSEBII
920 179 1112 208 CHRONICON
1133 178 1310 207 APPENDIX‘.

1766 176 1845 209 ,1576

222 236 322 264 tuenda
348 237 507 265 admissura:
530 235 672 271 utriusque
704 241 865 272 tempestate
897 238 1000 264 variant
1016 239 1038 267 Λ
1051 244 1138 263 annus
1150 240 1193 264 est
1209 236 1276 263 dies.
1297 233 1382 269 Cujus
1402 233 1472 261 veris
1493 234 1580 261 instar
1598 237 1642 261 est
1656 239 1756 263 mane,
1772 235 1842 267 quod

223 286 357 311 auctores.
372 282 438 309 Nam
458 282 502 309 alii
520 283 706 317 tempestivam
728 291 787 310 esse
811 287 906 318 putant
927 291 997 315 eam,

222 336 283 362 qua:
305 335 367 355 vere
392 328 420 354 tit
441 337 446 354 :
467 328 630 360 serotinam,
652 329 846 357 autumnalem.
866 331 905 355 tta
925 330 999 357 Ahen

222 373 302 406 Ezra,
321 374 418 408 aliique
437 381 470 400 ex
483 373 612 406 Hebrmis,
628 382 697 408 quos
710 374 875 405 Munsterus,
889 375 998 410 Fagius,

222 417 357 446 Mercerus
381 423 541 453 sequuntur,
568 427 600 446 ex
617 420 718 447 nostris
739 420 878 448 Perrerius
898 426 925 447 et
940 420 1000 448 Del-

221 464 288 490 rius.
316 463 367 490 Alii
394 468 490 491 contra
520 469 706 499 tempestivam
738 466 916 493 admissuram
954 474 1000 493 au-

220 515 324 540 tumno,
339 510 486 537 serotinam
503 518 565 538 vere
583 511 681 538 factam
701 512 876 539 arbitrantur.
894 511 932 538 Ita
948 511 1001 539 Va-

219 556 319 583 tablus.
332 555 387 583 Nec
409 557 488 584 aliter
500 561 611 585 sanctus
638 557 817 593 Hieronymus
840 559 867 585 in
885 558 999 591 Tradit..

220 602 242 630 si
265 602 325 637 ejus
347 602 428 629 verba
448 603 590 639 diligenter
614 604 779 632 attendimus
796 614 801 631 :
820 614 829 630 ί
847 605 876 631 Si
893 605 1001 640 quando

219 655 284 675 oves
298 652 325 675 et
337 656 425 684 caprae
449 650 537 684 primo
554 653 676 685 tempore
698 650 925 682 ascendebantur,
939 651 1002 685 quia

219 695 315 722 melior
327 703 428 722 vernus
444 699 485 722 est
502 695 584 727 fetus,
602 700 666 724 ante
683 697 756 731 ipsas
772 697 889 731 ponebat
902 697 1001 731 virgas,

218 744 249 766 ut
259 740 334 767 varia
352 741 459 781 soboles
475 746 642 769 nasceretur.
661 751 669 767 ι
686 741 792 770 Vernus
811 742 880 770 fetus
898 746 940 770 est
956 743 1003 778 qui

218 793 283 814 vere
304 787 439 814 nascitur.
457 787 535 814 Hunc
561 795 626 823 ergo
651 788 739 815 hieme
763 789 881 822 ineunte,
895 789 936 816 vel
956 797 1003 816 au-

219 836 312 860 tumno
325 832 466 860 desinente
480 834 553 868 gigni
574 834 704 868 oportuit.
723 833 792 861 Oves
806 835 877 861 enim
892 839 998 862 uterum

219 876 310 904 ferunt
334 877 472 904 mensibus
492 879 620 912 quinque,
636 879 679 905 vel
696 878 792 906 diebus
810 886 862 911 CL;
884 883 914 906 ut
935 879 998 906 Ari-

1048 285 1105 308 tum
1130 290 1176 309 aer
1200 284 1364 315 temperatus
1390 280 1445 313 sit;
1472 279 1602 307 meridies
1620 279 1734 306 aestatis
1762 280 1844 306 instar

1048 331 1108 359 est;
1133 330 1263 354 autumno
1287 324 1500 359 pomeridianum
1528 328 1637 359 tempus
1666 323 1763 350 simile
1790 329 1842 357 est;

1048 371 1145 399 hiemis
1160 372 1246 399 instar
1261 371 1349 398 tristis
1363 373 1405 397 est
1426 377 1548 404 vespera,
1565 378 1592 397 es
1612 370 1689 407 quod
1712 369 1843 404 deinceps

1051 418 1185 453 sequitur.
1210 428 1219 443 ›

1085 463 1147 490 Haec
1160 466 1271 497 propter
1292 468 1419 488 occasum
1441 461 1549 487 Arcturi
1580 465 1608 488 et
1625 460 1741 495 Aquilae
1766 462 1840 495 paulo

1051 513 1115 536 sunt
1128 508 1267 543 disputata
1286 506 1384 534 fusius.
1400 506 1438 532 Ac
1452 505 1486 533 de
1502 505 1623 533 methodi
1639 514 1695 532 usu
1714 509 1744 532 et
1756 514 1840 532 exem-

1050 555 1103 589 plis
1119 554 1270 581 hactenus:
1292 559 1407 587 quorum
1427 552 1553 578 tractatio
1571 559 1634 578 cum
1659 551 1695 578 ad
1715 551 1841 579 imitatio-

1051 608 1113 627 nem
1135 599 1272 634 proposita
1289 598 1424 626 tironibus
1448 605 1509 624 esse
1523 597 1627 628 debuit,
1645 601 1709 623 tum
1730 604 1841 631 sequen-

1052 647 1124 674 tibus
1138 646 1164 673 in
1182 645 1268 678 libris,
1285 652 1316 672 ac
1331 643 1563 679 disputationibus
1580 643 1660 670 utilis
1681 647 1727 669 est
1744 641 1840 670 futura.

1354 700 1466 729 CAPUT
1486 700 1530 727 IX.

1055 758 1090 784 De
1111 762 1170 784 ortu
1188 762 1212 784 et
1233 765 1326 784 occasu
1346 756 1520 791 Vergiliarum
1545 755 1723 791 explicantur
1742 763 1839 791 redigere

1088 793 1119 818 ab
1136 793 1249 827 antiquis
1264 789 1402 827 memerita:
1412 796 1470 817 sunt
1491 791 1607 823 prodita.
1632 789 1746 827 Virgilii
1763 790 1794 827 de
1812 791 1837 815 iis

1088 828 1158 854 locus
1173 825 1372 854 inextricabilis.
1382 825 1502 860 Plerique
1515 829 1634 852 auctores
1649 825 1784 858 explicati
1799 831 1837 850 aut

1088 863 1219 897 castigati.

218 923 328 950 stoteles
351 926 445 950 auctor
464 927 505 951 est
527 924 573 951 lib.
585 923 618 950 Vl
642 924 713 951 Hist.
731 925 824 957 anim.,
844 929 870 952 et
892 925 996 953 Plinius
1012 915 1032 943 Β
1082 918 1221 953 Praecipua
1241 917 1312 952 apud
1339 917 1466 952 antiquos
1490 915 1647 944 οὒεετνεεὶο
1672 915 1730 942 fuit
1754 914 1839 950 Vere»

217 967 279 994 loco
293 967 340 994 cit.

253 1011 288 1038 Ut
302 1011 365 1039 huic
378 1013 523 1047 posteriori
540 1012 680 1040 sententiae
694 1013 796 1041 faveam
812 1015 901 1050 potius
916 1023 1006 1050 quam.

216 1057 306 1090 alteri,
321 1056 386 1084 facit
405 1057 471 1084 illud
486 1058 635 1093 imprimis,
655 1059 726 1093 quod
743 1069 752 1085 ‹
769 1061 925 1094 temporarii
944 1071 953 1087 ι
971 1065 997 1089 et

217 1112 230 1128 ‹
251 1103 362 1130 serotini
382 1113 390 1128 ι
407 1104 537 1131 vocabula
561 1105 627 1132 alias
652 1105 679 1132 in
694 1106 780 1132 sacris
800 1106 897 1134 litteris
916 1115 997 1134 usur-

214 1152 316 1182 pentur
340 1148 373 1175 ad
399 1156 460 1176 eum
488 1149 608 1182 modum,
631 1157 712 1184 quem
739 1151 784 1177 illa
810 1151 938 1179 defendit.
964 1151 997 1179 Ut

216 1200 279 1220 cum
298 1193 384 1221 imber
398 1195 579 1229 temporarius
591 1199 618 1222 et
633 1195 770 1223 serotinus
787 1196 886 1224 dicitur
901 1197 998 1225 Deute-

215 1247 277 1266 ron.
294 1247 333 1272 ιι,
346 1240 389 1271 14,
411 1239 494 1267 Hebr.
508 1233 605 1284 tmphm
623 1245 693 1273 mn,
709 1242 784 1274 ὑετὸς
802 1242 932 1277 πρώῖμος,
952 1244 997 1269 καὶ

210 1285 320 1320 «Statirae.
332 1284 416 1318 Quem
431 1286 463 1312 ad
482 1286 569 1314 locum
592 1286 625 1313 Β.
651 1286 776 1314 Selomoh
792 1292 851 1318 rm?
866 1289 997 1323 interpre-

211 1333 291 1356 tatur
303 1329 336 1356 de
349 1329 449 1364 pluvia,
468 1337 528 1365 quae
542 1334 601 1365 post
620 1335 768 1359 sementem
783 1332 881 1359 cadens
896 1336 995 1360 terram

210 1379 242 1402 vet
258 1379 334 1402 satus
349 1375 453 1410 irrigat,
466 1367 564 1418 mp5s:
577 1383 640 1403 vero
653 1376 686 1403 de
700 1383 731 1403 ea
744 1384 803 1411 qum
817 1377 868 1404 sub
881 1385 995 1405 messem

212 1421 298 1448 venit.
326 1419 376 1448 Cui
399 1424 426 1447 et
448 1420 523 1448 Aben
540 1420 608 1449 ΕΖΝ
624 1422 770 1453 consentit,
787 1429 894 1450 necnon
912 1421 995 1450 David

210 1466 338 1493 .Kimhius
368 1465 397 1493 in
418 1473 474 1500 cap.
491 1465 523 1492 11
539 1465 619 1500 Joet.,
646 1474 717 1494 cam.
741 1467 785 1499 24,
810 1467 855 1494 ubi
883 1471 996 1503 utraque

211 1511 306 1545 .pluvia
335 1515 512 1545 memoratur,
537 1519 569 1538 ac
595 1513 783 1547 tempestivam
808 1513 845 1539 ait
871 1513 994 1542 Kimhius

212 1564 308 1584 mense
322 1557 503 1584 Marcheswan
517 1558 640 1585 accidere
650 1578 658 1590 .
689 1559 835 1586 serotinam
853 1560 880 1587 in
898 1559 992 1588 Nisan.

210 1602 358 1630 Chaldaeus
375 1602 472 1630 ibidem
488 1603 633 1630 serotinam
647 1603 751 1631 confert
768 1605 796 1631 in
812 1604 906 1632 Nisan.

238 1645 319 1682 Origo
327 1647 514 1682 appellationis
521 1648 661 1683 utriusque
670 1649 778 1683 duplex,
787 1653 815 1676 ut
822 1650 927 1684 opinor,
936 1650 993 1679 fuit.

211 1691 305 1719 Prima
318 1697 345 1719 et
363 1692 551 1727 antiquissima
566 1701 599 1721 ex
614 1693 672 1728 ipsa
682 1701 771 1721 rerum
792 1698 898 1727 natura,
909 1699 937 1723 et
948 1704 995 1723 ru—

214 1738 345 1765 sticorum
358 1745 470 1773 operum
490 1747 541 1766 usu
554 1742 580 1766 et
591 1739 781 1767 commoditate
789 1741 916 1769 manavit.
928 1741 994 1769 Nam

207 1790 245 1811 ea
264 1783 422 1818 tempestiva
441 1783 495 1814 diei
524 1784 628 1817 solent,
641 1793 649 1801 τ
665 1792 725 1820 quae
746 1789 859 1819 mature,
890 1790 917 1814 et
944 1788 995 1815 sub

212 1829 301 1865 ipsum
318 1829 426 1857 initium
443 1830 590 1863 accidunt;
615 1830 747 1863 serotina,
761 1839 821 1866 qum
835 1832 949 1865 tardius,
968 1837 995 1861 et

212 1875 264 1904 sub
276 1876 388 1903 exitum.
413 1875 502 1910 Opera
529 1876 618 1903 omnis
643 1876 746 1904 rustica
768 1876 804 1904 ab
824 1878 946 1906 aratione
968 1881 995 1906 et

212 1927 333 1951 semente
350 1922 456 1957 incipit,
473 1926 501 1949 et
516 1922 546 1956 in
558 1929 675 1950 messem
690 1922 802 1951 desinit.
825 1923 890 1956 Quae
911 1924 994 1960 igitur

210 1968 301 2003 pluvia
326 1967 377 1995 sub
405 1968 493 2002 ipsum
518 1968 650 1996 arationis
676 1976 707 1996 ac
732 1970 861 1998 sementis
888 1974 993 2004 tempus

211 2013 304 2046 afﬂuit,
316 2021 348 2041 ea
363 2014 525 2048 tempestiva
539 2018 566 2052 e_t
584 2019 689 2041 matura
705 2015 759 2042 dici
776 2019 896 2043 meretur
913 2026 919 2043 :
934 2024 993 2051 qua:

210 2059 290 2094 paulo
305 2063 367 2087 ante
382 2067 508 2091 messem,
525 2059 601 2087 tarda
613 2063 640 2087 et
656 2060 785 2088 serotina.
804 2062 893 2089 Altera
910 2069 993 2090 causa

210 2105 244 2132 ab
261 2105 326 2132 anni
346 2105 435 2133 civilis
458 2105 571 2133 exordio
598 2106 700 2141 petitur
723 2114 827 2142 :quem
851 2107 935 2135 Judaei
958 2108 992 2135 ab

211 2155 342 2178 autumno
353 2155 380 2178 et
395 2151 467 2179 Tisri
481 2152 702 2187 auspicabantur.
721 2153 814 2188 Itaque
834 2155 991 2189 tempestiva

209 2199 285 2223 recte
294 2196 474 2227 vocabantur,
485 2205 545 2232 quae
557 2197 667 2224 ineunte
679 2205 750 2225 anno
762 2207 769 2231 ;
788 2198 916 2231 serotina,
932 2207 992 2234 quae

210 2239 359 2267 inclinante
374 2239 483 2268 ﬁebant.
506 2240 568 2268 Ππο
584 2240 608 2268 si
622 2248 685 2268 vera
706 2245 780 2273 sunt,
800 2242 921 2277 profecto
936 2252 990 2271 non
1006 2252 1028 2280 ι)

210 2283 264 2310 alio
281 2291 362 2311 sensu
379 2286 539 2320 tempestiva
554 2291 580 2314 et
601 2287 721 2314 serotina
739 2287 828 2314 fetura
843 2289 877 2316 ab
894 2289 989 2317 iisdem

209 2329 308 2357 Judais
325 2335 454 2364 usurpata
466 2332 583 2365 videtur,
601 2342 682 2369 quam
697 2342 752 2369 quo
766 2335 882 2369 pluviam
902 2336 991 2370 appelv

209 2375 292 2403 latam
321 2383 353 2403 ac
375 2376 531 2405 distinctam
557 2380 629 2407 inter
655 2387 750 2409 omnes
772 2380 907 2408 convenit.
928 2379 989 2411 hleo

208 2422 396 2458 tempestivam
412 2423 592 2452 admissuram
607 2427 792 2454 autumnalem
806 2446 813 2458 ,
829 2426 987 2458 serotinum.

207 2478 320 2498 vernam
333 2475 380 2498 aut
396 2471 515 2499 aestivam
530 2474 642 2509 intelligi
657 2482 707 2509 par
717 2478 769 2502 est.
792 2483 796 2486 ·

241 2516 316 2544 Alias
330 2520 429 2550 autem,
450 2524 481 2544 ac
495 2522 606 2552 propter
621 2519 720 2547 diversi
737 2520 845 2555 generis
860 2526 989 2555 opportu-p

208 2562 308 2590 nitates
323 2563 526 2598 tempestivum,
539 2563 596 2591 sive
608 2564 730 2599 πρὼῐμον
755 2565 781 2592 id
801 2565 855 2592 dici
870 2568 985 2600 poterat,

207 2607 280 2643 quod
306 2616 370 2636 vere
393 2609 513 2642 accidit;
541 2610 708 2643 serotinum,
739 2611 809 2646 quod
840 2611 987 2638 inclinante

207 2654 262 2690 iam
277 2661 358 2688 anno,
369 2656 501 2691 siquidem
517 2659 546 2683 ut
560 2656 593 2683 ad
605 2656 652 2684 lib.
667 2656 688 2683 ll
704 2656 799 2692 Odyss.
814 2657 865 2684 sub
881 2657 985 2684 initium

209 2701 333 2729 observat
347 2701 632 2738 Eustathius:Mtxpd;
646 2711 688 2734 τις
703 2703 822 2734 ἐνιαυτὸς
836 2703 938 2738 ἡμέρα·
953 2699 987 2737 ἧς

209 2743 253 2773 οἷα
275 2747 323 2782 μὲν
343 2746 391 2783 ἔαρ
405 2748 422 2783 ἡ
444 2749 533 2783 πρωῖα
550 2748 594 2775 διὰ
618 2747 649 2775 τὸ
668 2747 817 2783 τηνικαῦτα
839 2747 984 2782 εὔκρατον·

211 2791 286 2827 θέρος
299 2793 328 2819 δὲ
340 2790 394 2820 οἷον
407 2794 438 2821 τὸ
452 2795 501 2830 τῆς
513 2795 620 2830 ἡμέρας
635 2794 715 2830 μέσον
725 2803 732 2810 ³
746 2793 905 2828 φθινοπώρῳ
917 2792 944 2819 δὲ
953 2792 987 2819 τὰ

210 2837 273 2873 περὶ
291 2838 378 2874 δείλην
399 2839 483 2866 ἔοικε·
507 2840 638 2876 χειμῶνος
652 2841 680 2867 δὲ
701 2840 778 2875 δίκην
800 2838 985 2874 σκυθρωπάζει

211 2885 245 2924 ῖὰ
258 2885 324 2926 πρὸς
344 2887 471 2923 ἑσπέραν,
497 2890 551 2920 καὶ,
569 2890 736 2928 inﬁximus
754 2888 856 2922 Parvus
876 2887 984 2923 quidam
1005 2924 1008 2925 ν

1051 964 1159 996 liarum,
1187 971 1254 999 quas
1277 963 1363 990 Gnaei
1393 963 1523 993 Πλεῖάδας
1548 963 1701 991 dixerunt:
1722 961 1794 988 adeo
1814 967 1837 987 ut

1051 1009 1085 1037 ab
1098 1009 1152 1036 illis
1166 1009 1264 1036 πλειὼν
1279 1013 1393 1036 vocatus
1405 1008 1448 1035 sit.
1457 1015 1554 1038 annus,
1568 1010 1597 1034 ut
1614 1007 1703 1034 refert
1726 1006 1802 1033 Theo
1814 1006 1836 1033 in

1050 1053 1196 1082 Comment.
1220 1053 1254 1080 ad
1273 1054 1393 1080 Aratum.
1417 1052 1578 1087 Lycophron
1603 1057 1685 1080 certe
1708 1052 1837 1083 πλειῶνῡς

1047 1099 1209 1127 vocabulum
1226 1107 1274 1134 pro
1293 1106 1365 1126 anno
1381 1099 1474 1130 sumit,
1491 1098 1534 1125 his
1550 1098 1666 1126 vexbis:

1079 1156 1129 1188 Εἰς
1146 1154 1233 1181 πέντε
1249 1162 1306 1181 που
1325 1153 1472 1187 πλειῶνας
1486 1154 1606 1188 Ιμείρων·
1619 1151 1749 1189 ⁵ἆέχους.

1082 1209 1199 1245 Quinque
1215 1210 1316 1236 circiter
1330 1218 1412 1236 annos
1430 1209 1489 1236 lecti
1505 1209 1624 1243 cupidus.

1047 1265 1123 1299 Quod
1145 1270 1172 1293 et
1188 1265 1339 1301 Hesychius
1356 1265 1444 1297 habet,
1467 1266 1519 1292 etsi
1542 1265 1655 1293 alteram
1685 1265 1773 1300 hujus
1794 1274 1835 1300 ap-

1046 1311 1200 1345 pellationis
1211 1318 1321 1337 causam
1337 1309 1413 1337 affert
1432 1320 1439 1337 :
1457 1310 1522 1336 Ἀπὸ
1536 1310 1583 1336 τοῦ
1599 1311 1708 1342 πάντας
1723 1311 1775 1345 τῆς
1790 1311 1835 1345 τῆς

1046 1357 1108 1388 τοὺς
1125 1357 1247 1391 καρποὺς
1263 1356 1485 1391 συμπληροῦσθαι
1500 1367 1506 1383 :
1526 1366 1535 1382 ‹
1551 1357 1624 1391 quod
1649 1356 1765 1383 fructus
1784 1365 1836 1383 nm-

1046 1409 1093 1429 nes
1109 1405 1186 1429 terrre
1205 1402 1277 1436 pleni
1292 1409 1324 1428 eo
1351 1405 1473 1428 vertente
1492 1402 1664 1436 preveniant.
1687 1411 1697 1427 ι
1716 1401 1763 1429 Ea:
1782 1403 1835 1429 sita:

1046 1450 1109 1473 sunt
1123 1446 1150 1472 in
1169 1446 1244 1480 tergo
1256 1445 1349 1478 Tauri,
1367 1453 1481 1472 numero
1495 1453 1552 1477 sex,
1567 1445 1613 1471 ait‘
1624 1445 1773 1473 Geminus.
1788 1446 1835 1481 Hy-

1048 1493 1130 1526 ginus
1147 1501 1157 1517 ί
1175 1492 1245 1519 inter
1260 1491 1409 1518 ﬁnitionem
1431 1492 1553 1526 corporis
1569 1491 1652 1518 Tauri
1680 1496 1709 1519 et
1724 1492 1835 1519 caudam

1045 1537 1143 1565 Arietis
1163 1546 1172 1563 ι
1192 1537 1301 1565 easdem
1328 1538 1420 1570 locat;
1455 1537 1555 1564 Aratus
1578 1544 1665 1572 prope
1695 1538 1832 1565 sinistram

1007 1588 1027 1616 α
1044 1583 1197 1617 ἐπιγουνίδα
1217 1582 1325 1614 Persei,
1348 1589 1430 1617 quam
1450 1590 1543 1609 vocem
1564 1590 1641 1609 varie
1670 1583 1832 1618 interpretes

1046 1632 1219 1662 acceperunt.

1083 1683 1167 1716 ’Ἂγχι
1179 1681 1212 1707 δέ
1223 1683 1249 1708 ol
1264 1681 1373 1714 σκαιῆς
1383 1681 1569 1716 ἐπιγουνίδος
1581 1681 1673 1716 ἤλιθα
1687 1681 1785 1709 πᾶσαι

1080 1716 1228 1750 Πληῐάδες
1247 1716 1414 1750 φορέονται.

1045 1773 1140 1802 Cicero
1157 1783 1163 1801 :

1078 1830 1113 1857 At
1127 1834 1230 1865 propter
1242 1829 1333 1859 [meum
1350 1837 1415 1864 genu
1431 1829 1501 1856 omni
1515 1836 1548 1856 ea:
1566 1834 1643 1865 partr
1656 1829 1763 1856 locatas

1080 1865 1168 1892 Parva
1193 1865 1317 1901 Vergilias
1334 1865 1403 1892 tenui
1421 1872 1479 1893 cum
1495 1864 1550 1890 lucc
1569 1864 1680 1891 videbis.

1044 1910 1163 1938 Avienus
1177 1919 1184 1938 :

1079 1965 1201 1993 Pleiades
1218 1965 1324 2000 femoris
1339 1965 1437 1999 pariter
1451 1964 1498 1994 sub
1518 1964 1569 1998 [ine
1586 1965 1692 1991 sinistri

1078 2001 1191 2028 Perseus
1207 2000 1338 2036 prototlit.

1077 2057 1248 2093 Hipparchus
1267 2057 1314 2084 lib.
1334 2056 1399 2088 ΙΕἰς
1412 2056 1445 2083 τὰ
1462 2056 1612 2091 φαινόμενα
1628 2060 1715 2092 negat
1727 2056 1827 2085 vicinas

1042 2111 1103 2131 esse
1115 2111 1185 2138 genu
1198 2103 1311 2130 sinistro
1326 2101 1426 2128 Persei.
1441 2102 1534 2136 Itaque
1548 2102 1707 2135 ἐπιγουνίδα
1720 2102 1825 2136 quidam

1042 2148 1076 2178 ad
1087 2157 1151 2176 crus
1171 2149 1306 2184 integrum
1321 2148 1483 2175 retulerunt.
1504 2147 1572 2176 Vide
1588 2148 1742 2177 Theonem.
1757 2148 1823 2175 Idem

1041 2193 1212 2229 Hipparchus
1225 2195 1344 2221 Attalum
1360 2193 1545 2229 reprehendit,
1557 2194 1629 2228 quod
1643 2202 1691 2221 sex
1706 2201 1769 2222 esse
1784 2201 1824 2220 so.-

1042 2238 1082 2266 las
1097 2239 1206 2269 dixerit.
1220 2246 1282 2266 cum
1300 2239 1354 2266 sint
1377 2245 1492 2266 numero
1506 2243 1620 2273 septem,
1637 2243 1669 2265 ut
1688 2243 1716 2266 et
1729 2238 1824 2265 Aratus

1041 2283 1153 2316 cecinit;
1179 2283 1225 2310 sed
1243 2290 1324 2310 unam
1351 2283 1463 2310 minime
1486 2290 1625 2318 apparere.
1648 2282 1731 2309 Addit
1754 2282 1823 2309 Theo

1039 2329 1206 2364 triangulum
1218 2329 1279 2356 illas
1295 2328 1393 2360 facere,
1406 2329 1484 2364 cujus
1495 2329 1569 2356 basis
1586 2328 1619 2355 ad
1635 2332 1726 2355 ortum
1741 2331 1824 2364 respi-

1039 2375 1093 2407 cit;
1106 2382 1192 2409 neque
1211 2382 1309 2409 magno
1327 2375 1416 2408 spatio
1435 2374 1587 2402 contineri:
1607 2375 1708 2409 quippe
1725 2375 1752 2402 in
1769 2376 1823 2402 lon-
1845 2395 1850 2402 .

1038 2419 1186 2453 gitudinem
1203 2426 1284 2452 unum
1301 2418 1426 2452 gradum,
1443 2419 1469 2446 in
1484 2418 1654 2446 latitudinem
1666 2420 1766 2454 ἥμισυ,
1779 2421 1821 2446 καὶ

1038 2465 1138 2498 ὄγδοον,
1151 2471 1293 2498 occupare,
1305 2463 1355 2491 hoc
1368 2468 1410 2491 est
1426 2464 1607 2498 sexagesimas
1628 2463 1670 2490 δῖ’
1688 2463 1751 2499 1/2.
1765 2464 1814 2491 lla~

1038 2518 1098 2538 rum
1115 2510 1214 2542 media,
1236 2517 1295 2545 quae
1310 2513 1336 2537 et
1357 2509 1448 2539 lucida
1471 2508 1612 2536 Pleiadum
1635 2509 1748 2540 dicitur,
1766 2517 1818 2536 ma-

1037 2556 1186 2592 gnitudinis
1204 2560 1245 2583 est
1259 2556 1361 2589 tertias;
1377 2560 1480 2584 caaterae
1495 2555 1609 2589 quinta,
1631 2558 1660 2581 ct
1676 2561 1768 2582 sextae.
1783 2554 1815 2581 lta

1037 2611 1098 2631 cum
1118 2603 1222 2638 exiguae
1235 2602 1300 2633 sint,
1316 2608 1474 2636 magnarum
1497 2605 1587 2627 tamen
1610 2608 1705 2627 rerum
1721 2601 1815 2636 signiﬁ-

1038 2649 1161 2676 cationes
1175 2647 1276 2675 habere
1291 2647 1482 2675 credebantur.
1495 2646 1607 2674 Cicero:

1037 2703 1088 2730 Hm
1107 2707 1193 2730 tenues
1207 2711 1284 2736 parvo
1303 2702 1419 2729 labentes
1436 2702 1530 2728 lumine
1546 2701 1644 2730 lucent.

1037 2739 1071 2766 At
1091 2747 1212 2774 magnum
1222 2746 1313 2765 nomen
1327 2738 1395 2773 signi
1410 2738 1560 2771 clarumque
1574 2741 1697 2764 vocatur.

1071 2794 1137 2821 Nam
1152 2798 1178 2821 et
1195 2793 1308 2826 aestatis,
1326 2797 1408 2828 atque
1422 2792 1519 2819 hiemis
1535 2791 1623 2823 initia,
1637 2795 1665 2818 et
1679 2791 1811 2821 messium.

1037 2844 1118 2875 atque
1131 2840 1283 2867 arationum
1297 2843 1418 2873 tempora
1434 2837 1653 2872 distinguebant:
1670 2837 1711 2864 sic
1723 2841 1751 2871 ut
1764 2835 1813 2863 nul-

1037 2887 1092 2916 lius
1111 2886 1209 2916 sideris
1227 2885 1326 2914 clarior
1340 2885 1410 2920 apud
1427 2888 1566 2916 auctores,
1581 2888 1629 2911 aut
1649 2882 1811 2918 frequentior
