  <div class='ocr_page' id='page_1' title='image "/cluster/home/n/w/nwhite01/storage/ocr_20150623/19/njp.32101077772463/766.png"; bbox 0 0 1900 3137; ppageno 0'>
   <div class='ocr_carea' id='block_1_1' title="bbox 69 125 174 154">
    <p class='ocr_par' dir='ltr' id='par_1_1' title="bbox 69 125 174 154">
     <span class='ocr_line' id='line_1_1' title="bbox 69 125 174 154; baseline -0.01 -1"><span class='ocrx_word' id='word_1_1' title='bbox 69 125 97 153; x_wconf 69' lang='grc' dir='ltr'><strong>«ι</strong></span> <span class='ocrx_word' id='word_1_2' title='bbox 107 126 174 154; x_wconf 77' lang='lat'><strong>377</strong></span> 
     </span>
    </p>
   </div>
   <div class='ocr_carea' id='block_1_2' title="bbox 497 126 1293 155">
    <p class='ocr_par' dir='ltr' id='par_1_2' title="bbox 497 126 1293 155">
     <span class='ocr_line' id='line_1_2' title="bbox 497 126 1293 155; baseline 0.001 -2"><span class='ocrx_word' id='word_1_3' title='bbox 497 126 721 154; x_wconf 74' lang='lat' dir='ltr'><strong>DISSEIITATIO</strong></span> <span class='ocrx_word' id='word_1_4' title='bbox 740 126 784 153; x_wconf 78' lang='lat' dir='ltr'><strong>DE</strong></span> <span class='ocrx_word' id='word_1_5' title='bbox 805 126 897 155; x_wconf 78' lang='lat' dir='ltr'><strong>OllTU</strong></span> <span class='ocrx_word' id='word_1_6' title='bbox 920 127 962 154; x_wconf 86' lang='lat' dir='ltr'><strong>ET</strong></span> <span class='ocrx_word' id='word_1_7' title='bbox 978 127 1111 154; x_wconf 80' lang='lat' dir='ltr'><strong>OCCASU</strong></span> <span class='ocrx_word' id='word_1_8' title='bbox 1132 126 1293 155; x_wconf 77' lang='lat' dir='ltr'><strong>SIDERUM.</strong></span> 
     </span>
    </p>
   </div>
   <div class='ocr_carea' id='block_1_3' title="bbox 1650 129 1718 156">
    <p class='ocr_par' dir='ltr' id='par_1_3' title="bbox 1650 129 1718 156">
     <span class='ocr_line' id='line_1_3' title="bbox 1650 129 1718 156; baseline 0.015 -1"><span class='ocrx_word' id='word_1_9' title='bbox 1650 129 1718 156; x_wconf 83' lang='grc'><strong>1578</strong></span> 
     </span>
    </p>
   </div>
   <div class='ocr_carea' id='block_1_4' title="bbox 65 183 1717 220">
    <p class='ocr_par' dir='ltr' id='par_1_4' title="bbox 65 183 1717 220">
     <span class='ocr_line' id='line_1_4' title="bbox 65 183 1717 220; baseline 0.001 -10"><span class='ocrx_word' id='word_1_10' title='bbox 65 187 194 211; x_wconf 81' lang='lat' dir='ltr'><strong>exstet</strong></span> <span class='ocrx_word' id='word_1_11' title='bbox 213 183 352 211; x_wconf 83' lang='lat' dir='ltr'><strong>memoria.</strong></span> <span class='ocrx_word' id='word_1_12' title='bbox 369 183 423 211; x_wconf 84' lang='lat' dir='ltr'><strong>Nos</strong></span> <span class='ocrx_word' id='word_1_13' title='bbox 447 185 479 211; x_wconf 90' lang='lat' dir='ltr'><strong>ad</strong></span> <span class='ocrx_word' id='word_1_14' title='bbox 502 191 549 212; x_wconf 86' lang='lat' dir='ltr'><strong>eos</strong></span> <span class='ocrx_word' id='word_1_15' title='bbox 569 185 746 212; x_wconf 83' lang='lat' dir='ltr'><strong>illustrandos</strong></span> <span class='ocrx_word' id='word_1_16' title='bbox 760 185 811 213; x_wconf 81' lang='lat' dir='ltr'><strong>hoc</strong></span> <span class='ocrx_word' id='word_1_17' title='bbox 827 185 887 212; x_wconf 86' lang='lat' dir='ltr'><strong>loco</strong></span> <span class='ocrx_word' id='word_1_18' title='bbox 902 188 924 216; x_wconf 74' lang='grc' dir='ltr'><strong>Α</strong></span> <span class='ocrx_word' id='word_1_19' title='bbox 938 186 1019 213; x_wconf 84' lang='lat' dir='ltr'><strong>telcm</strong></span> <span class='ocrx_word' id='word_1_20' title='bbox 1036 186 1159 220; x_wconf 89' lang='lat' dir='ltr'><strong>sequitur</strong></span> <span class='ocrx_word' id='word_1_21' title='bbox 1176 186 1224 213; x_wconf 91' lang='lat' dir='ltr'><strong>lib.</strong></span> <span class='ocrx_word' id='word_1_22' title='bbox 1240 185 1275 212; x_wconf 77' lang='lat' dir='ltr'><strong>IX</strong></span> <span class='ocrx_word' id='word_1_23' title='bbox 1294 184 1445 219; x_wconf 78' lang='lat' dir='ltr'><strong>Hist.,cap.</strong></span> <span class='ocrx_word' id='word_1_24' title='bbox 1460 184 1516 217; x_wconf 75' lang='lat' dir='ltr'><strong>XL,</strong></span> <span class='ocrx_word' id='word_1_25' title='bbox 1528 186 1572 219; x_wconf 86' lang='lat' dir='ltr'><strong>qui</strong></span> <span class='ocrx_word' id='word_1_26' title='bbox 1588 188 1614 212; x_wconf 78' lang='lat' dir='ltr'><strong>et</strong></span> <span class='ocrx_word' id='word_1_27' title='bbox 1625 184 1672 212; x_wconf 92' lang='lat' dir='ltr'><strong>lib.</strong></span> <span class='ocrx_word' id='word_1_28' title='bbox 1684 185 1717 217; x_wconf 74' lang='grc' dir='ltr'><strong>γ,</strong></span> 
     </span>
    </p>
   </div>
   <div class='ocr_carea' id='block_1_5' title="bbox 67 229 518 270">
    <p class='ocr_par' dir='ltr' id='par_1_5' title="bbox 67 229 518 270">
     <span class='ocr_line' id='line_1_5' title="bbox 67 229 518 270; baseline 0.002 -13"><span class='ocrx_word' id='word_1_29' title='bbox 67 229 152 270; x_wconf 54' lang='grc' dir='ltr'><strong>ε]αο</strong></span> <span class='ocrx_word' id='word_1_30' title='bbox 174 229 301 265; x_wconf 62' lang='lat' dir='ltr'><strong>quaedam</strong></span> <span class='ocrx_word' id='word_1_31' title='bbox 325 230 518 265; x_wconf 76' lang='lat' dir='ltr'><strong>explicabimus</strong></span> 
     </span>
    </p>
   </div>
   <div class='ocr_carea' id='block_1_6' title="bbox 74 411 710 446">
    <p class='ocr_par' dir='ltr' id='par_1_6' title="bbox 74 411 710 446">
     <span class='ocr_line' id='line_1_6' title="bbox 74 411 710 446; baseline 0.003 -9"><span class='ocrx_word' id='word_1_32' title='bbox 74 411 209 446; x_wconf 78' lang='lat' dir='ltr'><strong>ragine,</strong></span> <span class='ocrx_word' id='word_1_33' title='bbox 225 411 253 437; x_wconf 93' lang='lat' dir='ltr'><strong>in</strong></span> <span class='ocrx_word' id='word_1_34' title='bbox 265 419 346 446; x_wconf 93' lang='lat' dir='ltr'><strong>quam</strong></span> <span class='ocrx_word' id='word_1_35' title='bbox 359 411 438 446; x_wconf 90' lang='lat' dir='ltr'><strong>paulo</strong></span> <span class='ocrx_word' id='word_1_36' title='bbox 453 415 514 446; x_wconf 91' lang='lat' dir='ltr'><strong>post</strong></span> <span class='ocrx_word' id='word_1_37' title='bbox 530 411 710 446; x_wconf 91' lang='lat' dir='ltr'><strong>inquiremus.</strong></span> 
     </span>
    </p>
   </div>
   <div class='ocr_carea' id='block_1_7' title="bbox 128 456 885 491">
    <p class='ocr_par' dir='ltr' id='par_1_7' title="bbox 128 456 885 491">
     <span class='ocr_line' id='line_1_7' title="bbox 128 456 885 491; baseline 0 -8"><span class='ocrx_word' id='word_1_38' title='bbox 128 456 174 484; x_wconf 88' lang='lat' dir='ltr'><strong>De</strong></span> <span class='ocrx_word' id='word_1_39' title='bbox 197 460 259 484; x_wconf 89' lang='lat' dir='ltr'><strong>ortu</strong></span> <span class='ocrx_word' id='word_1_40' title='bbox 280 464 433 491; x_wconf 83' lang='lat' dir='ltr'><strong>occasuque</strong></span> <span class='ocrx_word' id='word_1_41' title='bbox 448 456 584 484; x_wconf 88' lang='lat' dir='ltr'><strong>Pleiadum</strong></span> <span class='ocrx_word' id='word_1_42' title='bbox 603 457 659 483; x_wconf 90' lang='lat' dir='ltr'><strong>triti</strong></span> <span class='ocrx_word' id='word_1_43' title='bbox 683 461 756 490; x_wconf 86' lang='lat' dir='ltr'><strong>sunt,</strong></span> <span class='ocrx_word' id='word_1_44' title='bbox 772 465 822 485; x_wconf 89' lang='lat' dir='ltr'><strong>nec</strong></span> <span class='ocrx_word' id='word_1_45' title='bbox 844 460 885 483; x_wconf 89' lang='lat' dir='ltr'><strong>ta-</strong></span> 
     </span>
    </p>
   </div>
   <div class='ocr_carea' id='block_1_8' title="bbox 78 499 768 538">
    <p class='ocr_par' dir='ltr' id='par_1_8' title="bbox 78 499 768 538">
     <span class='ocr_line' id='line_1_8' title="bbox 78 499 768 538; baseline -0.001 -8"><span class='ocrx_word' id='word_1_46' title='bbox 78 510 161 530; x_wconf 84' lang='lat' dir='ltr'><strong>men</strong></span> <span class='ocrx_word' id='word_1_47' title='bbox 180 502 402 538; x_wconf 80' lang='lat' dir='ltr'><strong>praetermitten&#39;di</strong></span> <span class='ocrx_word' id='word_1_48' title='bbox 418 510 513 530; x_wconf 85' lang='lat' dir='ltr'><strong>versus</strong></span> <span class='ocrx_word' id='word_1_49' title='bbox 525 502 632 530; x_wconf 86' lang='lat' dir='ltr'><strong>Hesiodi</strong></span> <span class='ocrx_word' id='word_1_50' title='bbox 644 502 665 530; x_wconf 92' lang='lat' dir='ltr'><strong>ll</strong></span> <span class='ocrx_word' id='word_1_51' title='bbox 683 499 768 537; x_wconf 64' lang='grc' dir='ltr'><strong>Ἐργῦ</strong></span> 
     </span>
    </p>
   </div>
   <div class='ocr_carea' id='block_1_9' title="bbox 83 558 748 593">
    <p class='ocr_par' dir='ltr' id='par_1_9' title="bbox 83 558 748 593">
     <span class='ocr_line' id='line_1_9' title="bbox 83 558 748 593; baseline -0.002 -7"><span class='ocrx_word' id='word_1_52' title='bbox 83 558 267 592; x_wconf 64' lang='grc' dir='ltr'><strong>Πληὶήδων</strong></span> <span class='ocrx_word' id='word_1_53' title='bbox 290 559 482 593; x_wconf 73' lang='grc' dir='ltr'><em>Ἀτλαγενέων</em></span> <span class='ocrx_word' id='word_1_54' title='bbox 493 558 748 593; x_wconf 70' lang='grc' dir='ltr'><strong>ἐπιτελλομενάων</strong></span> 
     </span>
    </p>
   </div>
   <div class='ocr_carea' id='block_1_10' title="bbox 86 593 805 628">
    <p class='ocr_par' dir='ltr' id='par_1_10' title="bbox 86 593 805 628">
     <span class='ocr_line' id='line_1_10' title="bbox 86 593 805 628; baseline 0 -8"><span class='ocrx_word' id='word_1_55' title='bbox 86 595 245 627; x_wconf 82' lang='grc' dir='ltr'><strong>Ἀρχεσθ’</strong></span> <span class='ocrx_word' id='word_1_56' title='bbox 262 593 387 627; x_wconf 50' lang='grc' dir='ltr'><strong>ἀμητοῦ</strong></span> <span class='ocrx_word' id='word_1_57' title='bbox 404 594 519 628; x_wconf 84' lang='grc' dir='ltr'><strong>ἀρότοιο</strong></span> <span class='ocrx_word' id='word_1_58' title='bbox 533 594 566 620; x_wconf 85' lang='grc' dir='ltr'><strong>δὲ</strong></span> <span class='ocrx_word' id='word_1_59' title='bbox 580 593 805 628; x_wconf 79' lang='grc' dir='ltr'><strong>δυσσομενάων.</strong></span> 
     </span>
    </p>
   </div>
   <div class='ocr_carea' id='block_1_11' title="bbox 91 627 832 663">
    <p class='ocr_par' dir='ltr' id='par_1_11' title="bbox 91 627 832 663">
     <span class='ocr_line' id='line_1_11' title="bbox 91 627 832 663; baseline 0.001 -9"><span class='ocrx_word' id='word_1_60' title='bbox 91 628 137 655; x_wconf 73' lang='grc' dir='ltr'><strong>Αι</strong></span> <span class='ocrx_word' id='word_1_61' title='bbox 150 627 193 660; x_wconf 82' lang='grc' dir='ltr'><strong>δή</strong></span> <span class='ocrx_word' id='word_1_62' title='bbox 208 637 252 654; x_wconf 85' lang='grc' dir='ltr'><strong>τοι</strong></span> <span class='ocrx_word' id='word_1_63' title='bbox 266 629 376 663; x_wconf 58' lang='grc' dir='ltr'><em>νύκτας</em></span> <span class='ocrx_word' id='word_1_64' title='bbox 390 627 481 655; x_wconf 68' lang='lat' dir='ltr'><strong>texat</strong></span> <span class='ocrx_word' id='word_1_65' title='bbox 499 628 596 663; x_wconf 78' lang='grc' dir='ltr'><em>ἤματα</em></span> <span class='ocrx_word' id='word_1_66' title='bbox 608 627 832 662; x_wconf 71' lang='grc' dir='ltr'><em>τεσααράκοντα</em></span> 
     </span>
    </p>
   </div>
   <div class='ocr_carea' id='block_1_12' title="bbox 83 660 831 697">
    <p class='ocr_par' dir='ltr' id='par_1_12' title="bbox 83 660 831 697">
     <span class='ocr_line' id='line_1_12' title="bbox 83 660 831 697; baseline 0.001 -8"><span class='ocrx_word' id='word_1_67' title='bbox 83 664 303 697; x_wconf 67' lang='grc' dir='ltr'><strong>Κεκρύφαται*</strong></span> <span class='ocrx_word' id='word_1_68' title='bbox 319 660 403 696; x_wconf 87' lang='grc' dir='ltr'><em>αὖτις</em></span> <span class='ocrx_word' id='word_1_69' title='bbox 418 663 452 689; x_wconf 75' lang='grc' dir='ltr'><strong>δὲ</strong></span> <span class='ocrx_word' id='word_1_70' title='bbox 463 660 679 697; x_wconf 74' lang='grc' dir='ltr'><strong>περὶπλομένου</strong></span> <span class='ocrx_word' id='word_1_71' title='bbox 694 660 831 690; x_wconf 80' lang='grc' dir='ltr'><strong>ἐνιαυτοῦ</strong></span> 
     </span>
    </p>
   </div>
   <div class='ocr_carea' id='block_1_13' title="bbox 85 697 829 732">
    <p class='ocr_par' dir='ltr' id='par_1_13' title="bbox 85 697 829 732">
     <span class='ocr_line' id='line_1_13' title="bbox 85 697 829 732; baseline 0 -8"><span class='ocrx_word' id='word_1_72' title='bbox 85 699 271 730; x_wconf 73' lang='grc' dir='ltr'><em>Φαίνονται,</em></span> <span class='ocrx_word' id='word_1_73' title='bbox 285 697 420 731; x_wconf 85' lang='grc' dir='ltr'><em>ταπρῶτα</em></span> <span class='ocrx_word' id='word_1_74' title='bbox 436 698 672 732; x_wconf 75' lang='grc' dir='ltr'><strong>χαρασσομένοιο</strong></span> <span class='ocrx_word' id='word_1_75' title='bbox 694 697 829 732; x_wconf 72' lang='grc' dir='ltr'><strong>σιδήρου.</strong></span> 
     </span>
    </p>
   </div>
   <div class='ocr_carea' id='block_1_14' title="bbox 93 753 625 781">
    <p class='ocr_par' dir='ltr' id='par_1_14' title="bbox 93 753 625 781">
     <span class='ocr_line' id='line_1_14' title="bbox 93 753 625 781; baseline 0.004 -2"><span class='ocrx_word' id='word_1_76' title='bbox 93 753 264 780; x_wconf 73' lang='lat' dir='ltr'><strong>Pleiadibus</strong></span> <span class='ocrx_word' id='word_1_77' title='bbox 280 754 386 780; x_wconf 82' lang='lat' dir='ltr'><strong>Atlante</strong></span> <span class='ocrx_word' id='word_1_78' title='bbox 398 755 467 780; x_wconf 85' lang='lat' dir='ltr'><strong>natis</strong></span> <span class='ocrx_word' id='word_1_79' title='bbox 483 754 625 781; x_wconf 73' lang='lat' dir='ltr'><strong>orientibus</strong></span> 
     </span>
    </p>
   </div>
   <div class='ocr_carea' id='block_1_15' title="bbox 94 788 766 822">
    <p class='ocr_par' dir='ltr' id='par_1_15' title="bbox 94 788 766 822">
     <span class='ocr_line' id='line_1_15' title="bbox 94 788 766 822; baseline 0.006 -8"><span class='ocrx_word' id='word_1_80' title='bbox 94 788 198 822; x_wconf 83' lang='lat' dir='ltr'><strong>Incipe</strong></span> <span class='ocrx_word' id='word_1_81' title='bbox 209 797 332 820; x_wconf 77' lang='lat' dir='ltr'><strong>messem;</strong></span> <span class='ocrx_word' id='word_1_82' title='bbox 351 789 494 815; x_wconf 84' lang='lat' dir='ltr'><strong>arationem</strong></span> <span class='ocrx_word' id='word_1_83' title='bbox 510 794 568 817; x_wconf 75' lang='lat' dir='ltr'><strong>vero</strong></span> <span class='ocrx_word' id='word_1_84' title='bbox 581 790 766 818; x_wconf 74' lang='lat' dir='ltr'><strong>occidentibus.</strong></span> 
     </span>
    </p>
   </div>
   <div class='ocr_carea' id='block_1_16' title="bbox 94 823 698 865">
    <p class='ocr_par' dir='ltr' id='par_1_16' title="bbox 94 823 698 865">
     <span class='ocr_line' id='line_1_16' title="bbox 94 823 698 865; baseline 0.003 -16"><span class='ocrx_word' id='word_1_85' title='bbox 94 824 172 865; x_wconf 72' lang='lat' dir='ltr'><strong>Quae</strong></span> <span class='ocrx_word' id='word_1_86' title='bbox 182 823 294 865; x_wconf 51' lang='lat' dir='ltr'><strong>quidem</strong></span> <span class='ocrx_word' id='word_1_87' title='bbox 316 829 402 850; x_wconf 81' lang='lat' dir='ltr'><strong>noctes</strong></span> <span class='ocrx_word' id='word_1_88' title='bbox 415 829 439 850; x_wconf 86' lang='lat' dir='ltr'><strong>et</strong></span> <span class='ocrx_word' id='word_1_89' title='bbox 453 825 507 851; x_wconf 82' lang='lat' dir='ltr'><strong>dies</strong></span> <span class='ocrx_word' id='word_1_90' title='bbox 522 824 698 865; x_wconf 75' lang='lat' dir='ltr'><strong>quadraginta</strong></span> 
     </span>
    </p>
   </div>
   <div class='ocr_carea' id='block_1_17' title="bbox 541 231 887 266">
    <p class='ocr_par' dir='ltr' id='par_1_17' title="bbox 541 231 887 266">
     <span class='ocr_line' id='line_1_17' title="bbox 541 231 887 266; baseline 0.003 -8"><span class='ocrx_word' id='word_1_91' title='bbox 541 240 548 258; x_wconf 86' lang='lat'><strong>:</strong></span> <span class='ocrx_word' id='word_1_92' title='bbox 573 231 688 258; x_wconf 86' lang='lat' dir='ltr'><strong>alterum</strong></span> <span class='ocrx_word' id='word_1_93' title='bbox 714 232 748 258; x_wconf 86' lang='lat' dir='ltr'><strong>de</strong></span> <span class='ocrx_word' id='word_1_94' title='bbox 766 235 887 266; x_wconf 87' lang='lat' dir='ltr'><strong>tempore</strong></span> 
     </span>
    </p>
   </div>
   <div class='ocr_carea' id='block_1_18' title="bbox 69 275 887 311">
    <p class='ocr_par' dir='ltr' id='par_1_18' title="bbox 69 275 887 311">
     <span class='ocr_line' id='line_1_18' title="bbox 69 275 887 311; baseline 0 -8"><span class='ocrx_word' id='word_1_95' title='bbox 69 279 179 303; x_wconf 87' lang='lat' dir='ltr'><strong>ortus</strong></span> <span class='ocrx_word' id='word_1_96' title='bbox 196 275 316 307; x_wconf 89' lang='lat' dir='ltr'><strong>illarum,</strong></span> <span class='ocrx_word' id='word_1_97' title='bbox 339 280 365 303; x_wconf 89' lang='lat' dir='ltr'><strong>et</strong></span> <span class='ocrx_word' id='word_1_98' title='bbox 380 283 494 303; x_wconf 82' lang='lat' dir='ltr'><strong>occasus</strong></span> <span class='ocrx_word' id='word_1_99' title='bbox 512 297 519 308; x_wconf 90' lang='lat'><strong>,</strong></span> <span class='ocrx_word' id='word_1_100' title='bbox 536 277 649 303; x_wconf 88' lang='lat' dir='ltr'><strong>alterum</strong></span> <span class='ocrx_word' id='word_1_101' title='bbox 665 277 698 304; x_wconf 89' lang='lat' dir='ltr'><strong>de</strong></span> <span class='ocrx_word' id='word_1_102' title='bbox 718 276 781 303; x_wconf 88' lang='lat' dir='ltr'><strong>anni</strong></span> <span class='ocrx_word' id='word_1_103' title='bbox 803 277 887 311; x_wconf 57' lang='lat' dir='ltr'><strong>parti-</strong></span> 
     </span>
    </p>
   </div>
   <div class='ocr_carea' id='block_1_19' title="bbox 70 321 886 357">
    <p class='ocr_par' dir='ltr' id='par_1_19' title="bbox 70 321 886 357">
     <span class='ocr_line' id='line_1_19' title="bbox 70 321 886 357; baseline 0.001 -10"><span class='ocrx_word' id='word_1_104' title='bbox 70 322 188 354; x_wconf 77' lang='lat' dir='ltr'><strong>tione,</strong></span> <span class='ocrx_word' id='word_1_105' title='bbox 198 329 279 356; x_wconf 91' lang='lat' dir='ltr'><strong>quam</strong></span> <span class='ocrx_word' id='word_1_106' title='bbox 290 321 385 348; x_wconf 87' lang='lat' dir='ltr'><strong>iisdem</strong></span> <span class='ocrx_word' id='word_1_107' title='bbox 397 325 502 349; x_wconf 75' lang='lat' dir='ltr'><strong>veteres</strong></span> <span class='ocrx_word' id='word_1_108' title='bbox 513 322 663 357; x_wconf 79' lang='lat' dir='ltr'><strong>assignant.</strong></span> <span class='ocrx_word' id='word_1_109' title='bbox 676 321 799 349; x_wconf 76' lang='lat' dir='ltr'><strong>Totidem</strong></span> <span class='ocrx_word' id='word_1_110' title='bbox 814 322 886 349; x_wconf 92' lang='lat' dir='ltr'><strong>enim</strong></span> 
     </span>
    </p>
   </div>
   <div class='ocr_carea' id='block_1_20' title="bbox 71 364 888 400">
    <p class='ocr_par' dir='ltr' id='par_1_20' title="bbox 71 364 888 400">
     <span class='ocr_line' id='line_1_20' title="bbox 71 364 888 400; baseline 0 -8"><span class='ocrx_word' id='word_1_111' title='bbox 71 366 194 400; x_wconf 82' lang='lat' dir='ltr'><strong>capita</strong></span> <span class='ocrx_word' id='word_1_112' title='bbox 215 368 279 393; x_wconf 90' lang='lat' dir='ltr'><strong>sunt</strong></span> <span class='ocrx_word' id='word_1_113' title='bbox 298 365 324 392; x_wconf 92' lang='lat' dir='ltr'><strong>in</strong></span> <span class='ocrx_word' id='word_1_114' title='bbox 341 364 456 392; x_wconf 89' lang='lat' dir='ltr'><strong>Pliniani</strong></span> <span class='ocrx_word' id='word_1_115' title='bbox 473 366 661 393; x_wconf 88' lang='lat' dir='ltr'><strong>exercitatoris</strong></span> <span class='ocrx_word' id='word_1_116' title='bbox 677 365 817 394; x_wconf 88' lang='lat' dir='ltr'><strong>incondita</strong></span> <span class='ocrx_word' id='word_1_117' title='bbox 837 365 888 392; x_wconf 78' lang='lat' dir='ltr'><strong>far-</strong></span> 
     </span>
    </p>
   </div>
   <div class='ocr_carea' id='block_1_21' title="bbox 938 228 1718 265">
    <p class='ocr_par' dir='ltr' id='par_1_21' title="bbox 938 228 1718 265">
     <span class='ocr_line' id='line_1_21' title="bbox 938 228 1718 265; baseline -0.001 -8"><span class='ocrx_word' id='word_1_118' title='bbox 938 238 999 265; x_wconf 88' lang='lat' dir='ltr'><strong>cap.</strong></span> <span class='ocrx_word' id='word_1_119' title='bbox 1020 230 1090 257; x_wconf 78' lang='lat' dir='ltr'><strong>XXII</strong></span> <span class='ocrx_word' id='word_1_120' title='bbox 1112 230 1163 257; x_wconf 89' lang='lat' dir='ltr'><strong>mel</strong></span> <span class='ocrx_word' id='word_1_121' title='bbox 1185 234 1267 265; x_wconf 86' lang='lat' dir='ltr'><strong>negat</strong></span> <span class='ocrx_word' id='word_1_122' title='bbox 1288 229 1345 256; x_wconf 84' lang='lat' dir='ltr'><strong>ﬁeri</strong></span> <span class='ocrx_word' id='word_1_123' title='bbox 1363 233 1424 256; x_wconf 91' lang='lat' dir='ltr'><strong>ante</strong></span> <span class='ocrx_word' id='word_1_124' title='bbox 1439 228 1619 264; x_wconf 77' lang='lat' dir='ltr'><strong>Vergiliarum</strong></span> <span class='ocrx_word' id='word_1_125' title='bbox 1640 237 1718 257; x_wconf 82' lang='lat' dir='ltr'><strong>exor-</strong></span> 
     </span>
    </p>
   </div>
   <div class='ocr_carea' id='block_1_22' title="bbox 938 274 1720 304">
    <p class='ocr_par' dir='ltr' id='par_1_22' title="bbox 938 274 1720 304">
     <span class='ocr_line' id='line_1_22' title="bbox 938 274 1720 304; baseline -0.001 -2"><span class='ocrx_word' id='word_1_126' title='bbox 938 280 1006 304; x_wconf 89' lang='lat' dir='ltr'><strong>tum.</strong></span> <span class='ocrx_word' id='word_1_127' title='bbox 1031 275 1084 302; x_wconf 89' lang='lat' dir='ltr'><strong>Sed</strong></span> <span class='ocrx_word' id='word_1_128' title='bbox 1107 283 1157 302; x_wconf 88' lang='lat' dir='ltr'><strong>cur</strong></span> <span class='ocrx_word' id='word_1_129' title='bbox 1178 275 1312 302; x_wconf 85' lang='lat' dir='ltr'><strong>Pleiadem</strong></span> <span class='ocrx_word' id='word_1_130' title='bbox 1334 275 1481 302; x_wconf 82' lang='lat' dir='ltr'><strong>occidendo</strong></span> <span class='ocrx_word' id='word_1_131' title='bbox 1502 274 1606 302; x_wconf 81' lang='lat' dir='ltr'><strong>Piscem</strong></span> <span class='ocrx_word' id='word_1_132' title='bbox 1624 275 1662 302; x_wconf 90' lang='lat' dir='ltr'><strong>ait</strong></span> <span class='ocrx_word' id='word_1_133' title='bbox 1677 275 1720 302; x_wconf 82' lang='lat' dir='ltr'><strong>fu-</strong></span> 
     </span>
    </p>
   </div>
   <div class='ocr_carea' id='block_1_23' title="bbox 937 319 1718 354">
    <p class='ocr_par' dir='ltr' id='par_1_23' title="bbox 937 319 1718 354">
     <span class='ocr_line' id='line_1_23' title="bbox 937 319 1718 354; baseline 0.003 -8"><span class='ocrx_word' id='word_1_134' title='bbox 937 319 1017 354; x_wconf 88' lang='lat' dir='ltr'><strong>gere?</strong></span> <span class='ocrx_word' id='word_1_135' title='bbox 1039 319 1161 353; x_wconf 83' lang='lat' dir='ltr'><strong>Servius,</strong></span> <span class='ocrx_word' id='word_1_136' title='bbox 1185 327 1217 347; x_wconf 91' lang='lat' dir='ltr'><strong>ac</strong></span> <span class='ocrx_word' id='word_1_137' title='bbox 1236 320 1345 354; x_wconf 85' lang='lat' dir='ltr'><strong>reliqui,</strong></span> <span class='ocrx_word' id='word_1_138' title='bbox 1367 327 1436 354; x_wconf 90' lang='lat' dir='ltr'><strong>quos</strong></span> <span class='ocrx_word' id='word_1_139' title='bbox 1454 319 1521 351; x_wconf 89' lang='lat' dir='ltr'><strong>vidi,</strong></span> <span class='ocrx_word' id='word_1_140' title='bbox 1544 321 1718 354; x_wconf 75' lang='lat' dir='ltr'><strong>interpretes,</strong></span> 
     </span>
    </p>
   </div>
   <div class='ocr_carea' id='block_1_24' title="bbox 937 366 1719 400">
    <p class='ocr_par' dir='ltr' id='par_1_24' title="bbox 937 366 1719 400">
     <span class='ocr_line' id='line_1_24' title="bbox 937 366 1719 400; baseline 0.003 -9"><span class='ocrx_word' id='word_1_141' title='bbox 937 366 1082 393; x_wconf 77' lang='lat' dir='ltr'><strong>australem</strong></span> <span class='ocrx_word' id='word_1_142' title='bbox 1097 366 1202 393; x_wconf 89' lang='lat' dir='ltr'><strong>Piscem</strong></span> <span class='ocrx_word' id='word_1_143' title='bbox 1218 366 1380 400; x_wconf 81' lang='lat' dir='ltr'><strong>intelligunt,</strong></span> <span class='ocrx_word' id='word_1_144' title='bbox 1397 366 1474 399; x_wconf 91' lang='lat' dir='ltr'><strong>cujus</strong></span> <span class='ocrx_word' id='word_1_145' title='bbox 1490 366 1517 392; x_wconf 92' lang='lat' dir='ltr'><strong>in</strong></span> <span class='ocrx_word' id='word_1_146' title='bbox 1532 373 1563 393; x_wconf 91' lang='lat' dir='ltr'><strong>os</strong></span> <span class='ocrx_word' id='word_1_147' title='bbox 1581 366 1719 400; x_wconf 77' lang='lat' dir='ltr'><strong>Aquarius</strong></span> 
     </span>
    </p>
   </div>
   <div class='ocr_carea' id='block_1_25' title="bbox 937 410 1720 445">
    <p class='ocr_par' dir='ltr' id='par_1_25' title="bbox 937 410 1720 445">
     <span class='ocr_line' id='line_1_25' title="bbox 937 410 1720 445; baseline 0.003 -9"><span class='ocrx_word' id='word_1_148' title='bbox 937 418 1033 444; x_wconf 89' lang='lat' dir='ltr'><strong>aquam</strong></span> <span class='ocrx_word' id='word_1_149' title='bbox 1054 410 1186 443; x_wconf 79' lang='lat' dir='ltr'><strong>infundit;</strong></span> <span class='ocrx_word' id='word_1_150' title='bbox 1204 411 1276 438; x_wconf 87' lang='lat' dir='ltr'><strong>unde</strong></span> <span class='ocrx_word' id='word_1_151' title='bbox 1290 415 1315 438; x_wconf 89' lang='lat' dir='ltr'><strong>et</strong></span> <span class='ocrx_word' id='word_1_152' title='bbox 1338 418 1456 445; x_wconf 89' lang='lat' dir='ltr'><strong>aquosus</strong></span> <span class='ocrx_word' id='word_1_153' title='bbox 1472 411 1583 437; x_wconf 90' lang='lat' dir='ltr'><strong>dicitur.</strong></span> <span class='ocrx_word' id='word_1_154' title='bbox 1601 411 1650 437; x_wconf 88' lang='lat' dir='ltr'><strong>Hic</strong></span> <span class='ocrx_word' id='word_1_155' title='bbox 1671 419 1720 438; x_wconf 93' lang='lat' dir='ltr'><strong>au-</strong></span> 
     </span>
    </p>
   </div>
   <div class='ocr_carea' id='block_1_26' title="bbox 937 456 1719 491">
    <p class='ocr_par' dir='ltr' id='par_1_26' title="bbox 937 456 1719 491">
     <span class='ocr_line' id='line_1_26' title="bbox 937 456 1719 491; baseline 0.003 -9"><span class='ocrx_word' id='word_1_156' title='bbox 937 459 991 483; x_wconf 87' lang='lat' dir='ltr'><strong>tem</strong></span> <span class='ocrx_word' id='word_1_157' title='bbox 1008 464 1040 483; x_wconf 88' lang='lat' dir='ltr'><strong>eo</strong></span> <span class='ocrx_word' id='word_1_158' title='bbox 1055 462 1175 491; x_wconf 88' lang='lat' dir='ltr'><strong>temporc</strong></span> <span class='ocrx_word' id='word_1_159' title='bbox 1188 457 1285 489; x_wconf 87' lang='lat' dir='ltr'><strong>oritur,</strong></span> <span class='ocrx_word' id='word_1_160' title='bbox 1303 464 1356 491; x_wconf 85' lang='lat' dir='ltr'><strong>quo</strong></span> <span class='ocrx_word' id='word_1_161' title='bbox 1372 456 1493 484; x_wconf 86' lang='lat' dir='ltr'><strong>Pleiades</strong></span> <span class='ocrx_word' id='word_1_162' title='bbox 1512 457 1651 484; x_wconf 86' lang='lat' dir='ltr'><strong>occidunt.</strong></span> <span class='ocrx_word' id='word_1_163' title='bbox 1671 458 1719 484; x_wconf 76' lang='lat' dir='ltr'><strong>At-</strong></span> 
     </span>
    </p>
   </div>
   <div class='ocr_carea' id='block_1_27' title="bbox 939 501 1719 536">
    <p class='ocr_par' dir='ltr' id='par_1_27' title="bbox 939 501 1719 536">
     <span class='ocr_line' id='line_1_27' title="bbox 939 501 1719 536; baseline 0.004 -9"><span class='ocrx_word' id='word_1_164' title='bbox 939 501 988 536; x_wconf 92' lang='lat' dir='ltr'><strong>qui</strong></span> <span class='ocrx_word' id='word_1_165' title='bbox 1005 501 1105 528; x_wconf 89' lang='lat' dir='ltr'><strong>falsum</strong></span> <span class='ocrx_word' id='word_1_166' title='bbox 1123 502 1196 529; x_wconf 80' lang='lat' dir='ltr'><strong>istud</strong></span> <span class='ocrx_word' id='word_1_167' title='bbox 1218 507 1269 530; x_wconf 87' lang='lat' dir='ltr'><strong>est.</strong></span> <span class='ocrx_word' id='word_1_168' title='bbox 1286 502 1351 529; x_wconf 84' lang='lat' dir='ltr'><strong>Nam</strong></span> <span class='ocrx_word' id='word_1_169' title='bbox 1368 510 1422 536; x_wconf 93' lang='lat' dir='ltr'><strong>quo</strong></span> <span class='ocrx_word' id='word_1_170' title='bbox 1436 506 1573 530; x_wconf 82' lang='lat' dir='ltr'><strong>memento</strong></span> <span class='ocrx_word' id='word_1_171' title='bbox 1584 503 1671 530; x_wconf 83' lang='lat' dir='ltr'><strong>Pleias</strong></span> <span class='ocrx_word' id='word_1_172' title='bbox 1690 503 1719 530; x_wconf 90' lang='lat' dir='ltr'><strong>in</strong></span> 
     </span>
    </p>
   </div>
   <div class='ocr_carea' id='block_1_28' title="bbox 934 548 1719 583">
    <p class='ocr_par' dir='ltr' id='par_1_28' title="bbox 934 548 1719 583">
     <span class='ocr_line' id='line_1_28' title="bbox 934 548 1719 583; baseline 0.003 -10"><span class='ocrx_word' id='word_1_173' title='bbox 934 554 1034 574; x_wconf 87' lang='lat' dir='ltr'><strong>occasu</strong></span> <span class='ocrx_word' id='word_1_174' title='bbox 1049 548 1180 574; x_wconf 88' lang='lat' dir='ltr'><strong>matutino</strong></span> <span class='ocrx_word' id='word_1_175' title='bbox 1196 548 1247 575; x_wconf 87' lang='lat' dir='ltr'><strong>sita</strong></span> <span class='ocrx_word' id='word_1_176' title='bbox 1262 552 1303 575; x_wconf 89' lang='lat' dir='ltr'><strong>est</strong></span> <span class='ocrx_word' id='word_1_177' title='bbox 1318 549 1344 575; x_wconf 86' lang='lat' dir='ltr'><strong>in</strong></span> <span class='ocrx_word' id='word_1_178' title='bbox 1361 548 1511 575; x_wconf 89' lang='lat' dir='ltr'><strong>elevatione</strong></span> <span class='ocrx_word' id='word_1_179' title='bbox 1525 548 1590 583; x_wconf 88' lang='lat' dir='ltr'><strong>poli,</strong></span> <span class='ocrx_word' id='word_1_180' title='bbox 1603 548 1654 575; x_wconf 91' lang='lat' dir='ltr'><strong>sub</strong></span> <span class='ocrx_word' id='word_1_181' title='bbox 1665 556 1719 583; x_wconf 87' lang='lat' dir='ltr'><strong>qua</strong></span> 
     </span>
    </p>
   </div>
   <div class='ocr_carea' id='block_1_29' title="bbox 934 593 1718 633">
    <p class='ocr_par' dir='ltr' id='par_1_29' title="bbox 934 593 1718 633">
     <span class='ocr_line' id='line_1_29' title="bbox 934 593 1718 633; baseline 0.003 -14"><span class='ocrx_word' id='word_1_182' title='bbox 934 599 1012 628; x_wconf 86' lang='lat' dir='ltr'><strong>poeta</strong></span> <span class='ocrx_word' id='word_1_183' title='bbox 1037 593 1164 633; x_wconf 68' lang='lat' dir='ltr'><strong>scripsit,</strong></span> <span class='ocrx_word' id='word_1_184' title='bbox 1188 601 1219 621; x_wconf 93' lang='lat' dir='ltr'><strong>os</strong></span> <span class='ocrx_word' id='word_1_185' title='bbox 1243 593 1329 621; x_wconf 85' lang='lat' dir='ltr'><strong>Piscis</strong></span> <span class='ocrx_word' id='word_1_186' title='bbox 1345 593 1472 621; x_wconf 81' lang='lat' dir='ltr'><strong>australis</strong></span> <span class='ocrx_word' id='word_1_187' title='bbox 1493 601 1587 628; x_wconf 88' lang='lat' dir='ltr'><strong>parum</strong></span> <span class='ocrx_word' id='word_1_188' title='bbox 1609 594 1685 621; x_wconf 87' lang='lat' dir='ltr'><strong>abest</strong></span> <span class='ocrx_word' id='word_1_189' title='bbox 1702 601 1718 620; x_wconf 88' lang='lat' dir='ltr'><strong>a</strong></span> 
     </span>
    </p>
   </div>
   <div class='ocr_carea' id='block_1_30' title="bbox 933 636 1742 675">
    <p class='ocr_par' dir='ltr' id='par_1_30' title="bbox 933 636 1742 675">
     <span class='ocr_line' id='line_1_30' title="bbox 933 636 1742 675; baseline 0.001 -10"><span class='ocrx_word' id='word_1_190' title='bbox 933 638 1082 666; x_wconf 87' lang='lat' dir='ltr'><strong>meridiano</strong></span> <span class='ocrx_word' id='word_1_191' title='bbox 1093 639 1233 670; x_wconf 80' lang='lat' dir='ltr'><strong>infcriori;</strong></span> <span class='ocrx_word' id='word_1_192' title='bbox 1246 647 1331 674; x_wconf 82' lang='lat' dir='ltr'><strong>coque</strong></span> <span class='ocrx_word' id='word_1_193' title='bbox 1346 641 1400 667; x_wconf 89' lang='lat' dir='ltr'><strong>situ</strong></span> <span class='ocrx_word' id='word_1_194' title='bbox 1412 641 1534 675; x_wconf 81' lang='lat' dir='ltr'><strong>proxime</strong></span> <span class='ocrx_word' id='word_1_195' title='bbox 1547 639 1717 674; x_wconf 84' lang='lat' dir='ltr'><strong>perfunctum</strong></span> <span class='ocrx_word' id='word_1_196' title='bbox 1738 636 1742 641; x_wconf 79' lang='grc'><strong>’</strong></span> 
     </span>
    </p>
   </div>
   <div class='ocr_carea' id='block_1_31' title="bbox 933 683 1717 719">
    <p class='ocr_par' dir='ltr' id='par_1_31' title="bbox 933 683 1717 719">
     <span class='ocr_line' id='line_1_31' title="bbox 933 683 1717 719; baseline -0.001 -9"><span class='ocrx_word' id='word_1_197' title='bbox 933 688 984 715; x_wconf 87' lang='lat' dir='ltr'><strong>est,</strong></span> <span class='ocrx_word' id='word_1_198' title='bbox 1011 691 1090 719; x_wconf 90' lang='lat' dir='ltr'><strong>quem</strong></span> <span class='ocrx_word' id='word_1_199' title='bbox 1115 683 1276 710; x_wconf 79' lang='lat' dir='ltr'><strong>Plolcuueus</strong></span> <span class='ocrx_word' id='word_1_200' title='bbox 1300 685 1416 718; x_wconf 85' lang='lat' dir='ltr'><strong>appellat</strong></span> <span class='ocrx_word' id='word_1_201' title='bbox 1441 684 1506 719; x_wconf 80' lang='grc' dir='ltr'><strong>ἑῷον</strong></span> <span class='ocrx_word' id='word_1_202' title='bbox 1528 683 1717 718; x_wconf 80' lang='grc' dir='ltr'><strong>προμεσουρά-</strong></span> 
     </span>
    </p>
   </div>
   <div class='ocr_carea' id='block_1_32' title="bbox 932 729 1714 764">
    <p class='ocr_par' dir='ltr' id='par_1_32' title="bbox 932 729 1714 764">
     <span class='ocr_line' id='line_1_32' title="bbox 932 729 1714 764; baseline 0 -10"><span class='ocrx_word' id='word_1_203' title='bbox 932 736 1016 763; x_wconf 80' lang='grc' dir='ltr'><strong>νημαι.</strong></span> <span class='ocrx_word' id='word_1_204' title='bbox 1032 729 1127 756; x_wconf 74' lang='lat' dir='ltr'><strong>(.‘zrteri</strong></span> <span class='ocrx_word' id='word_1_205' title='bbox 1145 737 1252 763; x_wconf 83' lang='lat' dir='ltr'><strong>quoque</strong></span> <span class='ocrx_word' id='word_1_206' title='bbox 1270 729 1359 763; x_wconf 83' lang='lat' dir='ltr'><strong>pisces</strong></span> <span class='ocrx_word' id='word_1_207' title='bbox 1380 733 1443 756; x_wconf 90' lang='lat' dir='ltr'><strong>ante</strong></span> <span class='ocrx_word' id='word_1_208' title='bbox 1459 729 1590 764; x_wconf 77' lang='lat' dir='ltr'><strong>Vergilias</strong></span> <span class='ocrx_word' id='word_1_209' title='bbox 1614 732 1714 758; x_wconf 86' lang='lat' dir='ltr'><strong>ortum,</strong></span> 
     </span>
    </p>
   </div>
   <div class='ocr_carea' id='block_1_33' title="bbox 932 774 1714 810">
    <p class='ocr_par' dir='ltr' id='par_1_33' title="bbox 932 774 1714 810">
     <span class='ocr_line' id='line_1_33' title="bbox 932 774 1714 810; baseline -0.001 -9"><span class='ocrx_word' id='word_1_210' title='bbox 932 779 959 801; x_wconf 88' lang='lat' dir='ltr'><strong>et</strong></span> <span class='ocrx_word' id='word_1_211' title='bbox 971 782 1097 802; x_wconf 87' lang='lat' dir='ltr'><strong>occasum</strong></span> <span class='ocrx_word' id='word_1_212' title='bbox 1113 775 1226 802; x_wconf 87' lang='lat' dir='ltr'><strong>faciunt.</strong></span> <span class='ocrx_word' id='word_1_213' title='bbox 1238 774 1300 802; x_wconf 90' lang='lat' dir='ltr'><strong>Ideo</strong></span> <span class='ocrx_word' id='word_1_214' title='bbox 1315 775 1489 810; x_wconf 58' lang='lat' dir='ltr'><strong>quaerendum</strong></span> <span class='ocrx_word' id='word_1_215' title='bbox 1500 780 1552 808; x_wconf 83' lang='lat' dir='ltr'><strong>est,</strong></span> <span class='ocrx_word' id='word_1_216' title='bbox 1564 781 1618 809; x_wconf 93' lang='lat' dir='ltr'><strong>quo</strong></span> <span class='ocrx_word' id='word_1_217' title='bbox 1631 781 1714 801; x_wconf 88' lang='lat' dir='ltr'><strong>sensu</strong></span> 
     </span>
    </p>
   </div>
   <div class='ocr_carea' id='block_1_34' title="bbox 932 819 1713 855">
    <p class='ocr_par' dir='ltr' id='par_1_34' title="bbox 932 819 1713 855">
     <span class='ocr_line' id='line_1_34' title="bbox 932 819 1713 855; baseline -0.001 -9"><span class='ocrx_word' id='word_1_218' title='bbox 932 819 1021 847; x_wconf 85' lang='lat' dir='ltr'><strong>Pleias</strong></span> <span class='ocrx_word' id='word_1_219' title='bbox 1037 820 1138 855; x_wconf 90' lang='lat' dir='ltr'><strong>piscem</strong></span> <span class='ocrx_word' id='word_1_220' title='bbox 1154 821 1260 855; x_wconf 84' lang='lat' dir='ltr'><strong>fugiens</strong></span> <span class='ocrx_word' id='word_1_221' title='bbox 1275 820 1400 848; x_wconf 86' lang='lat' dir='ltr'><strong>occidere</strong></span> <span class='ocrx_word' id='word_1_222' title='bbox 1421 820 1527 847; x_wconf 81' lang='lat' dir='ltr'><strong>dicatur</strong></span> <span class='ocrx_word' id='word_1_223' title='bbox 1548 827 1563 846; x_wconf 89' lang='lat' dir='ltr'><strong>a</strong></span> <span class='ocrx_word' id='word_1_224' title='bbox 1582 819 1713 854; x_wconf 63' lang='lat' dir='ltr'><strong>Virgilio;</strong></span> 
     </span>
    </p>
   </div>
   <div class='ocr_carea' id='block_1_35' title="bbox 96 856 1715 900">
    <p class='ocr_par' dir='ltr' id='par_1_35' title="bbox 96 856 1715 900">
     <span class='ocr_line' id='line_1_35' title="bbox 96 856 1715 900; baseline 0.001 -16"><span class='ocrx_word' id='word_1_225' title='bbox 96 856 280 900; x_wconf 72' lang='lat' dir='ltr'><strong>Qccutlantur</strong></span> <span class='ocrx_word' id='word_1_226' title='bbox 291 856 721 900; x_wconf 39' lang='lat' dir='ltr'><strong>:lwrsuntverocircumvolvenw</strong></span> <span class='ocrx_word' id='word_1_227' title='bbox 735 867 760 887; x_wconf 81' lang='lat' dir='ltr'><strong>se</strong></span> <span class='ocrx_word' id='word_1_228' title='bbox 780 868 848 887; x_wconf 84' lang='lat' dir='ltr'><strong>anno</strong></span> <span class='ocrx_word' id='word_1_229' title='bbox 897 856 920 885; x_wconf 89' lang='lat' dir='ltr'><strong>B</strong></span> <span class='ocrx_word' id='word_1_230' title='bbox 934 865 1006 900; x_wconf 71' lang='lat' dir='ltr'><strong>quod</strong></span> <span class='ocrx_word' id='word_1_231' title='bbox 1028 864 1082 893; x_wconf 68' lang='lat' dir='ltr'><strong>nisi</strong></span> <span class='ocrx_word' id='word_1_232' title='bbox 1105 865 1138 893; x_wconf 76' lang='lat' dir='ltr'><strong>de</strong></span> <span class='ocrx_word' id='word_1_233' title='bbox 1160 866 1279 893; x_wconf 64' lang='lat' dir='ltr'><strong>inslame</strong></span> <span class='ocrx_word' id='word_1_234' title='bbox 1304 866 1392 894; x_wconf 68' lang='lat' dir='ltr'><strong>sidere</strong></span> <span class='ocrx_word' id='word_1_235' title='bbox 1413 866 1504 900; x_wconf 69' lang='lat' dir='ltr'><strong>aliquo</strong></span> <span class='ocrx_word' id='word_1_236' title='bbox 1518 865 1642 900; x_wconf 66' lang='lat' dir='ltr'><strong>usurpari</strong></span> <span class='ocrx_word' id='word_1_237' title='bbox 1660 871 1715 891; x_wconf 83' lang='grc' dir='ltr'><strong>ηοη</strong></span> 
     </span>
    </p>
   </div>
   <div class='ocr_carea' id='block_1_36' title="bbox 98 893 674 928">
    <p class='ocr_par' dir='ltr' id='par_1_36' title="bbox 98 893 674 928">
     <span class='ocr_line' id='line_1_36' title="bbox 98 893 674 928; baseline 0.003 -9"><span class='ocrx_word' id='word_1_238' title='bbox 98 893 254 927; x_wconf 82' lang='lat' dir='ltr'><strong>Apparent,</strong></span> <span class='ocrx_word' id='word_1_239' title='bbox 266 894 379 927; x_wconf 67' lang='lat' dir='ltr'><strong>primum</strong></span> <span class='ocrx_word' id='word_1_240' title='bbox 399 898 427 920; x_wconf 82' lang='lat' dir='ltr'><strong>ut</strong></span> <span class='ocrx_word' id='word_1_241' title='bbox 448 894 551 920; x_wconf 79' lang='lat' dir='ltr'><strong>acuitur</strong></span> <span class='ocrx_word' id='word_1_242' title='bbox 566 894 674 928; x_wconf 76' lang='lat' dir='ltr'><strong>ferrum.</strong></span> 
     </span>
    </p>
   </div>
   <div class='ocr_carea' id='block_1_37' title="bbox 136 949 883 986">
    <p class='ocr_par' dir='ltr' id='par_1_37' title="bbox 136 949 883 986">
     <span class='ocr_line' id='line_1_37' title="bbox 136 949 883 986; baseline 0.003 -10"><span class='ocrx_word' id='word_1_243' title='bbox 136 949 190 976; x_wconf 80' lang='lat' dir='ltr'><strong>Hic</strong></span> <span class='ocrx_word' id='word_1_244' title='bbox 204 949 366 977; x_wconf 85' lang='lat' dir='ltr'><strong>matutinum</strong></span> <span class='ocrx_word' id='word_1_245' title='bbox 385 954 474 977; x_wconf 91' lang='lat' dir='ltr'><strong>ortum</strong></span> <span class='ocrx_word' id='word_1_246' title='bbox 500 949 670 985; x_wconf 79' lang='grc' dir='ltr'><strong>φαινόμενον,</strong></span> <span class='ocrx_word' id='word_1_247' title='bbox 696 950 751 978; x_wconf 86' lang='lat' dir='ltr'><strong>sive</strong></span> <span class='ocrx_word' id='word_1_248' title='bbox 772 951 883 986; x_wconf 71' lang='grc' dir='ltr'><strong>ἡλιακὸν</strong></span> 
     </span>
    </p>
   </div>
   <div class='ocr_carea' id='block_1_38' title="bbox 96 994 883 1031">
    <p class='ocr_par' dir='ltr' id='par_1_38' title="bbox 96 994 883 1031">
     <span class='ocr_line' id='line_1_38' title="bbox 96 994 883 1031; baseline 0.001 -9"><span class='ocrx_word' id='word_1_249' title='bbox 96 995 265 1031; x_wconf 82' lang='lat' dir='ltr'><strong>signiﬁcari,</strong></span> <span class='ocrx_word' id='word_1_250' title='bbox 279 1003 311 1023; x_wconf 91' lang='lat' dir='ltr'><strong>ac</strong></span> <span class='ocrx_word' id='word_1_251' title='bbox 323 995 397 1022; x_wconf 85' lang='grc' dir='ltr'><strong>δύσιν</strong></span> <span class='ocrx_word' id='word_1_252' title='bbox 414 994 494 1031; x_wconf 81' lang='grc' dir='ltr'><strong>ἑῴαν,</strong></span> <span class='ocrx_word' id='word_1_253' title='bbox 511 996 567 1023; x_wconf 90' lang='lat' dir='ltr'><strong>sive</strong></span> <span class='ocrx_word' id='word_1_254' title='bbox 581 1003 708 1023; x_wconf 85' lang='lat' dir='ltr'><strong>occasum</strong></span> <span class='ocrx_word' id='word_1_255' title='bbox 724 997 883 1029; x_wconf 81' lang='lat' dir='ltr'><strong>cosniicum,</strong></span> 
     </span>
    </p>
   </div>
   <div class='ocr_carea' id='block_1_39' title="bbox 98 1033 884 1076">
    <p class='ocr_par' dir='ltr' id='par_1_39' title="bbox 98 1033 884 1076">
     <span class='ocr_line' id='line_1_39' title="bbox 98 1033 884 1076; baseline 0.003 -8"><span class='ocrx_word' id='word_1_256' title='bbox 98 1049 140 1069; x_wconf 89' lang='lat' dir='ltr'><strong>ne</strong></span> <span class='ocrx_word' id='word_1_257' title='bbox 156 1041 235 1076; x_wconf 85' lang='lat' dir='ltr'><strong>pueri</strong></span> <span class='ocrx_word' id='word_1_258' title='bbox 256 1041 364 1076; x_wconf 85' lang='lat' dir='ltr'><strong>quidem</strong></span> <span class='ocrx_word' id='word_1_259' title='bbox 382 1033 515 1069; x_wconf 86' lang='lat' dir='ltr'><strong>nesciunt.</strong></span> <span class='ocrx_word' id='word_1_260' title='bbox 546 1040 654 1069; x_wconf 89' lang='lat' dir='ltr'><strong>Hesiodi</strong></span> <span class='ocrx_word' id='word_1_261' title='bbox 676 1043 774 1070; x_wconf 76' lang='lat' dir='ltr'><strong>saeculo</strong></span> <span class='ocrx_word' id='word_1_262' title='bbox 805 1047 884 1071; x_wconf 90' lang='lat' dir='ltr'><strong>ortus</strong></span> 
     </span>
    </p>
   </div>
   <div class='ocr_carea' id='block_1_40' title="bbox 95 1086 884 1124">
    <p class='ocr_par' dir='ltr' id='par_1_40' title="bbox 95 1086 884 1124">
     <span class='ocr_line' id='line_1_40' title="bbox 95 1086 884 1124; baseline 0.004 -11"><span class='ocrx_word' id='word_1_263' title='bbox 95 1087 149 1114; x_wconf 84' lang='lat' dir='ltr'><strong>ille</strong></span> <span class='ocrx_word' id='word_1_264' title='bbox 162 1086 337 1122; x_wconf 87' lang='lat' dir='ltr'><strong>contingebat</strong></span> <span class='ocrx_word' id='word_1_265' title='bbox 351 1087 378 1114; x_wconf 86' lang='lat' dir='ltr'><strong>in</strong></span> <span class='ocrx_word' id='word_1_266' title='bbox 393 1087 492 1114; x_wconf 88' lang='lat' dir='ltr'><strong>Tauro.</strong></span> <span class='ocrx_word' id='word_1_267' title='bbox 508 1087 596 1115; x_wconf 73' lang='lat' dir='ltr'><strong>Stellae</strong></span> <span class='ocrx_word' id='word_1_268' title='bbox 610 1092 674 1115; x_wconf 87' lang='lat' dir='ltr'><strong>sunt</strong></span> <span class='ocrx_word' id='word_1_269' title='bbox 688 1088 810 1124; x_wconf 75' lang='lat' dir='ltr'><strong>Vergiliae</strong></span> <span class='ocrx_word' id='word_1_270' title='bbox 823 1090 884 1124; x_wconf 90' lang='lat' dir='ltr'><strong>plu-</strong></span> 
     </span>
    </p>
   </div>
   <div class='ocr_carea' id='block_1_41' title="bbox 95 1133 884 1170">
    <p class='ocr_par' dir='ltr' id='par_1_41' title="bbox 95 1133 884 1170">
     <span class='ocr_line' id='line_1_41' title="bbox 95 1133 884 1170; baseline 0.003 -10"><span class='ocrx_word' id='word_1_271' title='bbox 95 1140 168 1160; x_wconf 79' lang='lat' dir='ltr'><strong>res:</strong></span> <span class='ocrx_word' id='word_1_272' title='bbox 190 1141 244 1160; x_wconf 92' lang='lat' dir='ltr'><strong>una</strong></span> <span class='ocrx_word' id='word_1_273' title='bbox 258 1137 301 1161; x_wconf 86' lang='lat' dir='ltr'><strong>est</strong></span> <span class='ocrx_word' id='word_1_274' title='bbox 316 1140 348 1160; x_wconf 84' lang='lat' dir='ltr'><strong>ex</strong></span> <span class='ocrx_word' id='word_1_275' title='bbox 369 1133 403 1161; x_wconf 89' lang='lat' dir='ltr'><strong>iis</strong></span> <span class='ocrx_word' id='word_1_276' title='bbox 423 1133 538 1160; x_wconf 86' lang='lat' dir='ltr'><strong>lucidior</strong></span> <span class='ocrx_word' id='word_1_277' title='bbox 555 1134 670 1168; x_wconf 77' lang='lat' dir='ltr'><strong>caeteris,</strong></span> <span class='ocrx_word' id='word_1_278' title='bbox 690 1135 884 1170; x_wconf 77' lang='lat' dir='ltr'><strong>magnitudinis</strong></span> 
     </span>
    </p>
   </div>
   <div class='ocr_carea' id='block_1_42' title="bbox 97 1177 885 1213">
    <p class='ocr_par' dir='ltr' id='par_1_42' title="bbox 97 1177 885 1213">
     <span class='ocr_line' id='line_1_42' title="bbox 97 1177 885 1213; baseline 0.005 -9"><span class='ocrx_word' id='word_1_279' title='bbox 97 1178 202 1205; x_wconf 81' lang='lat' dir='ltr'><strong>tertiae.</strong></span> <span class='ocrx_word' id='word_1_280' title='bbox 227 1177 265 1205; x_wconf 83' lang='lat' dir='ltr'><strong>Ea</strong></span> <span class='ocrx_word' id='word_1_281' title='bbox 291 1183 409 1213; x_wconf 89' lang='lat' dir='ltr'><strong>tempore</strong></span> <span class='ocrx_word' id='word_1_282' title='bbox 437 1178 546 1206; x_wconf 85' lang='lat' dir='ltr'><strong>Hesiodi</strong></span> <span class='ocrx_word' id='word_1_283' title='bbox 566 1179 706 1207; x_wconf 86' lang='lat' dir='ltr'><strong>occidebat</strong></span> <span class='ocrx_word' id='word_1_284' title='bbox 730 1180 832 1208; x_wconf 77' lang='lat' dir='ltr'><strong>heliaco</strong></span> <span class='ocrx_word' id='word_1_285' title='bbox 856 1180 885 1208; x_wconf 92' lang='lat' dir='ltr'><strong>in</strong></span> 
     </span>
    </p>
   </div>
   <div class='ocr_carea' id='block_1_43' title="bbox 98 1224 882 1261">
    <p class='ocr_par' dir='ltr' id='par_1_43' title="bbox 98 1224 882 1261">
     <span class='ocr_line' id='line_1_43' title="bbox 98 1224 882 1261; baseline 0.004 -10"><span class='ocrx_word' id='word_1_286' title='bbox 98 1225 190 1259; x_wconf 75' lang='lat' dir='ltr'><strong>gradu</strong></span> <span class='ocrx_word' id='word_1_287' title='bbox 205 1224 304 1252; x_wconf 81' lang='lat' dir='ltr'><strong>Arietis</strong></span> <span class='ocrx_word' id='word_1_288' title='bbox 320 1224 347 1256; x_wconf 77' lang='grc'><strong>4,</strong></span> <span class='ocrx_word' id='word_1_289' title='bbox 361 1225 384 1251; x_wconf 90' lang='lat'><strong>8’</strong></span> <span class='ocrx_word' id='word_1_290' title='bbox 394 1234 402 1258; x_wconf 88' lang='lat'><strong>;</strong></span> <span class='ocrx_word' id='word_1_291' title='bbox 413 1224 550 1252; x_wconf 86' lang='lat' dir='ltr'><strong>oriebatur</strong></span> <span class='ocrx_word' id='word_1_292' title='bbox 563 1225 589 1252; x_wconf 94' lang='lat' dir='ltr'><strong>in</strong></span> <span class='ocrx_word' id='word_1_293' title='bbox 603 1225 686 1253; x_wconf 85' lang='lat' dir='ltr'><strong>Tauri</strong></span> <span class='ocrx_word' id='word_1_294' title='bbox 696 1226 779 1261; x_wconf 84' lang='lat' dir='ltr'><strong>gradu</strong></span> <span class='ocrx_word' id='word_1_295' title='bbox 791 1226 834 1258; x_wconf 79' lang='grc'><strong>11,</strong></span> <span class='ocrx_word' id='word_1_296' title='bbox 845 1226 882 1254; x_wconf 67' lang='grc' dir='ltr'><strong>ιιι.</strong></span> 
     </span>
    </p>
   </div>
   <div class='ocr_carea' id='block_1_44' title="bbox 99 1270 884 1305">
    <p class='ocr_par' dir='ltr' id='par_1_44' title="bbox 99 1270 884 1305">
     <span class='ocr_line' id='line_1_44' title="bbox 99 1270 884 1305; baseline 0.005 -9"><span class='ocrx_word' id='word_1_297' title='bbox 99 1270 139 1296; x_wconf 79' lang='lat' dir='ltr'><strong>At</strong></span> <span class='ocrx_word' id='word_1_298' title='bbox 159 1270 245 1305; x_wconf 89' lang='lat' dir='ltr'><strong>prima</strong></span> <span class='ocrx_word' id='word_1_299' title='bbox 263 1271 341 1298; x_wconf 87' lang='lat' dir='ltr'><strong>stella</strong></span> <span class='ocrx_word' id='word_1_300' title='bbox 355 1278 451 1298; x_wconf 88' lang='lat' dir='ltr'><strong>versus</strong></span> <span class='ocrx_word' id='word_1_301' title='bbox 463 1271 630 1299; x_wconf 79' lang='lat' dir='ltr'><strong>Occidentem</strong></span> <span class='ocrx_word' id='word_1_302' title='bbox 651 1280 776 1300; x_wconf 86' lang='lat' dir='ltr'><strong>occasum</strong></span> <span class='ocrx_word' id='word_1_303' title='bbox 797 1273 884 1300; x_wconf 87' lang='lat' dir='ltr'><strong>helia—</strong></span> 
     </span>
    </p>
   </div>
   <div class='ocr_carea' id='block_1_45' title="bbox 99 1314 884 1351">
    <p class='ocr_par' dir='ltr' id='par_1_45' title="bbox 99 1314 884 1351">
     <span class='ocr_line' id='line_1_45' title="bbox 99 1314 884 1351; baseline 0.004 -9"><span class='ocrx_word' id='word_1_304' title='bbox 99 1323 168 1342; x_wconf 90' lang='lat' dir='ltr'><strong>cum</strong></span> <span class='ocrx_word' id='word_1_305' title='bbox 185 1314 299 1343; x_wconf 87' lang='lat' dir='ltr'><strong>faciebat</strong></span> <span class='ocrx_word' id='word_1_306' title='bbox 316 1315 344 1342; x_wconf 91' lang='lat' dir='ltr'><strong>in</strong></span> <span class='ocrx_word' id='word_1_307' title='bbox 362 1317 448 1351; x_wconf 87' lang='lat' dir='ltr'><strong>gradu</strong></span> <span class='ocrx_word' id='word_1_308' title='bbox 469 1316 579 1349; x_wconf 86' lang='lat' dir='ltr'><strong>Arietis,</strong></span> <span class='ocrx_word' id='word_1_309' title='bbox 597 1316 624 1350; x_wconf 90' lang='lat'><strong>0,</strong></span> <span class='ocrx_word' id='word_1_310' title='bbox 645 1316 697 1343; x_wconf 73' lang='grc' dir='ltr'><strong>δί’.</strong></span> <span class='ocrx_word' id='word_1_311' title='bbox 711 1316 884 1345; x_wconf 89' lang='lat' dir='ltr'><strong>Intervallum</strong></span> 
     </span>
    </p>
   </div>
   <div class='ocr_carea' id='block_1_46' title="bbox 100 1357 885 1396">
    <p class='ocr_par' dir='ltr' id='par_1_46' title="bbox 100 1357 885 1396">
     <span class='ocr_line' id='line_1_46' title="bbox 100 1357 885 1396; baseline 0.005 -9"><span class='ocrx_word' id='word_1_312' title='bbox 100 1357 177 1388; x_wconf 81' lang='lat' dir='ltr'><strong>inter</strong></span> <span class='ocrx_word' id='word_1_313' title='bbox 197 1369 324 1389; x_wconf 87' lang='lat' dir='ltr'><strong>occasum</strong></span> <span class='ocrx_word' id='word_1_314' title='bbox 345 1362 439 1396; x_wconf 67' lang='lat' dir='ltr'><strong>prima:</strong></span> <span class='ocrx_word' id='word_1_315' title='bbox 462 1361 611 1395; x_wconf 85' lang='lat' dir='ltr'><strong>Pleiadum,</strong></span> <span class='ocrx_word' id='word_1_316' title='bbox 637 1366 663 1390; x_wconf 88' lang='lat' dir='ltr'><strong>et</strong></span> <span class='ocrx_word' id='word_1_317' title='bbox 679 1367 769 1391; x_wconf 89' lang='lat' dir='ltr'><strong>ortum</strong></span> <span class='ocrx_word' id='word_1_318' title='bbox 788 1363 885 1392; x_wconf 66' lang='lat' dir='ltr'><strong>lucida:</strong></span> 
     </span>
    </p>
   </div>
   <div class='ocr_carea' id='block_1_47' title="bbox 102 1407 884 1445">
    <p class='ocr_par' dir='ltr' id='par_1_47' title="bbox 102 1407 884 1445">
     <span class='ocr_line' id='line_1_47' title="bbox 102 1407 884 1445; baseline 0.005 -12"><span class='ocrx_word' id='word_1_319' title='bbox 102 1407 208 1442; x_wconf 68' lang='lat' dir='ltr'><strong>gradus</strong></span> <span class='ocrx_word' id='word_1_320' title='bbox 221 1407 265 1433; x_wconf 73' lang='grc'><strong>40.</strong></span> <span class='ocrx_word' id='word_1_321' title='bbox 282 1407 378 1435; x_wconf 89' lang='lat' dir='ltr'><strong>Merito</strong></span> <span class='ocrx_word' id='word_1_322' title='bbox 393 1407 482 1442; x_wconf 85' lang='lat' dir='ltr'><strong>itaque</strong></span> <span class='ocrx_word' id='word_1_323' title='bbox 502 1408 598 1436; x_wconf 89' lang='lat' dir='ltr'><strong>diebus</strong></span> <span class='ocrx_word' id='word_1_324' title='bbox 620 1409 750 1436; x_wconf 84' lang='lat' dir='ltr'><strong>abscondi</strong></span> <span class='ocrx_word' id='word_1_325' title='bbox 766 1411 884 1445; x_wconf 89' lang='lat' dir='ltr'><strong>quadra-</strong></span> 
     </span>
    </p>
   </div>
   <div class='ocr_carea' id='block_1_48' title="bbox 103 1451 884 1488">
    <p class='ocr_par' dir='ltr' id='par_1_48' title="bbox 103 1451 884 1488">
     <span class='ocr_line' id='line_1_48' title="bbox 103 1451 884 1488; baseline 0.005 -9"><span class='ocrx_word' id='word_1_326' title='bbox 103 1454 181 1488; x_wconf 72' lang='lat' dir='ltr'><strong>ginta</strong></span> <span class='ocrx_word' id='word_1_327' title='bbox 200 1451 331 1488; x_wconf 76' lang='lat' dir='ltr'><strong>Vergilias</strong></span> <span class='ocrx_word' id='word_1_328' title='bbox 345 1454 418 1481; x_wconf 87' lang='lat' dir='ltr'><strong>canit</strong></span> <span class='ocrx_word' id='word_1_329' title='bbox 433 1453 573 1482; x_wconf 81' lang='lat' dir='ltr'><strong>Hesiodus.</strong></span> <span class='ocrx_word' id='word_1_330' title='bbox 588 1454 634 1482; x_wconf 91' lang='lat' dir='ltr'><strong>Sol</strong></span> <span class='ocrx_word' id='word_1_331' title='bbox 647 1455 673 1481; x_wconf 93' lang='lat' dir='ltr'><strong>in</strong></span> <span class='ocrx_word' id='word_1_332' title='bbox 689 1455 805 1483; x_wconf 78' lang='lat' dir='ltr'><strong>Arietem</strong></span> <span class='ocrx_word' id='word_1_333' title='bbox 820 1463 884 1483; x_wconf 88' lang='lat' dir='ltr'><strong>vero</strong></span> 
     </span>
    </p>
   </div>
   <div class='ocr_carea' id='block_1_49' title="bbox 105 1498 883 1536">
    <p class='ocr_par' dir='ltr' id='par_1_49' title="bbox 105 1498 883 1536">
     <span class='ocr_line' id='line_1_49' title="bbox 105 1498 883 1536; baseline 0.004 -11"><span class='ocrx_word' id='word_1_334' title='bbox 105 1502 184 1525; x_wconf 88' lang='lat' dir='ltr'><strong>motu</strong></span> <span class='ocrx_word' id='word_1_335' title='bbox 200 1499 306 1526; x_wconf 86' lang='lat' dir='ltr'><strong>subibat</strong></span> <span class='ocrx_word' id='word_1_336' title='bbox 319 1498 428 1527; x_wconf 87' lang='lat' dir='ltr'><strong>Hesiodi</strong></span> <span class='ocrx_word' id='word_1_337' title='bbox 447 1503 568 1534; x_wconf 87' lang='lat' dir='ltr'><strong>tempore</strong></span> <span class='ocrx_word' id='word_1_338' title='bbox 588 1500 676 1527; x_wconf 82' lang='lat' dir='ltr'><strong>Martii</strong></span> <span class='ocrx_word' id='word_1_339' title='bbox 689 1508 764 1528; x_wconf 80' lang='lat' dir='ltr'><strong>xxxi.</strong></span> <span class='ocrx_word' id='word_1_340' title='bbox 780 1500 883 1536; x_wconf 86' lang='lat' dir='ltr'><strong>Quippe</strong></span> 
     </span>
    </p>
   </div>
   <div class='ocr_carea' id='block_1_50' title="bbox 104 1543 883 1574">
    <p class='ocr_par' dir='ltr' id='par_1_50' title="bbox 104 1543 883 1574">
     <span class='ocr_line' id='line_1_50' title="bbox 104 1543 883 1574; baseline 0.003 -3"><span class='ocrx_word' id='word_1_341' title='bbox 104 1551 179 1572; x_wconf 79' lang='lat' dir='ltr'><strong>anno</strong></span> <span class='ocrx_word' id='word_1_342' title='bbox 201 1544 261 1572; x_wconf 89' lang='lat' dir='ltr'><strong>Per.</strong></span> <span class='ocrx_word' id='word_1_343' title='bbox 281 1543 337 1572; x_wconf 75' lang='lat' dir='ltr'><strong>Jul.</strong></span> <span class='ocrx_word' id='word_1_344' title='bbox 360 1545 428 1572; x_wconf 75' lang='lat' dir='ltr'><strong>57M</strong></span> <span class='ocrx_word' id='word_1_345' title='bbox 451 1553 531 1572; x_wconf 87' lang='lat' dir='ltr'><strong>verus</strong></span> <span class='ocrx_word' id='word_1_346' title='bbox 551 1545 627 1573; x_wconf 88' lang='lat' dir='ltr'><strong>locus</strong></span> <span class='ocrx_word' id='word_1_347' title='bbox 648 1545 719 1574; x_wconf 88' lang='lat' dir='ltr'><strong>Solis</strong></span> <span class='ocrx_word' id='word_1_348' title='bbox 735 1546 762 1573; x_wconf 90' lang='lat' dir='ltr'><strong>in</strong></span> <span class='ocrx_word' id='word_1_349' title='bbox 783 1546 883 1574; x_wconf 83' lang='lat' dir='ltr'><strong>Arietis</strong></span> 
     </span>
    </p>
   </div>
   <div class='ocr_carea' id='block_1_51' title="bbox 106 1590 883 1626">
    <p class='ocr_par' dir='ltr' id='par_1_51' title="bbox 106 1590 883 1626">
     <span class='ocr_line' id='line_1_51' title="bbox 106 1590 883 1626; baseline 0.004 -9"><span class='ocrx_word' id='word_1_350' title='bbox 106 1590 186 1617; x_wconf 87' lang='lat' dir='ltr'><strong>initio</strong></span> <span class='ocrx_word' id='word_1_351' title='bbox 205 1591 254 1618; x_wconf 92' lang='lat' dir='ltr'><strong>fuit</strong></span> <span class='ocrx_word' id='word_1_352' title='bbox 269 1591 381 1619; x_wconf 83' lang='lat' dir='ltr'><strong>Athenis</strong></span> <span class='ocrx_word' id='word_1_353' title='bbox 400 1590 489 1618; x_wconf 79' lang='lat' dir='ltr'><strong>Martii</strong></span> <span class='ocrx_word' id='word_1_354' title='bbox 509 1599 585 1625; x_wconf 77' lang='lat' dir='ltr'><strong>xxxi,</strong></span> <span class='ocrx_word' id='word_1_355' title='bbox 607 1591 674 1618; x_wconf 89' lang='lat' dir='ltr'><strong>hora</strong></span> <span class='ocrx_word' id='word_1_356' title='bbox 689 1595 750 1626; x_wconf 90' lang='lat' dir='ltr'><strong>post</strong></span> <span class='ocrx_word' id='word_1_357' title='bbox 768 1592 883 1620; x_wconf 89' lang='lat' dir='ltr'><strong>mediam</strong></span> 
     </span>
    </p>
   </div>
   <div class='ocr_carea' id='block_1_52' title="bbox 108 1636 884 1673">
    <p class='ocr_par' dir='ltr' id='par_1_52' title="bbox 108 1636 884 1673">
     <span class='ocr_line' id='line_1_52' title="bbox 108 1636 884 1673; baseline 0.003 -10"><span class='ocrx_word' id='word_1_358' title='bbox 108 1640 215 1664; x_wconf 89' lang='lat' dir='ltr'><strong>noctem</strong></span> <span class='ocrx_word' id='word_1_359' title='bbox 232 1637 257 1668; x_wconf 87' lang='grc'><strong>1,</strong></span> <span class='ocrx_word' id='word_1_360' title='bbox 277 1636 329 1664; x_wconf 70' lang='lat'><strong>24&#39;.</strong></span> <span class='ocrx_word' id='word_1_361' title='bbox 343 1636 436 1672; x_wconf 89' lang='lat' dir='ltr'><strong>Itaque</strong></span> <span class='ocrx_word' id='word_1_362' title='bbox 449 1637 570 1665; x_wconf 89' lang='lat' dir='ltr'><strong>Taurum</strong></span> <span class='ocrx_word' id='word_1_363' title='bbox 591 1637 792 1673; x_wconf 85' lang='lat' dir='ltr'><strong>ingrediebatur</strong></span> <span class='ocrx_word' id='word_1_364' title='bbox 804 1638 884 1673; x_wconf 78' lang='lat' dir='ltr'><strong>Apri-</strong></span> 
     </span>
    </p>
   </div>
   <div class='ocr_carea' id='block_1_53' title="bbox 110 1681 884 1717">
    <p class='ocr_par' dir='ltr' id='par_1_53' title="bbox 110 1681 884 1717">
     <span class='ocr_line' id='line_1_53' title="bbox 110 1681 884 1717; baseline 0.001 -9"><span class='ocrx_word' id='word_1_365' title='bbox 110 1682 143 1709; x_wconf 91' lang='lat' dir='ltr'><strong>lis</strong></span> <span class='ocrx_word' id='word_1_366' title='bbox 159 1690 222 1709; x_wconf 73' lang='lat' dir='ltr'><strong>xxx.</strong></span> <span class='ocrx_word' id='word_1_367' title='bbox 234 1681 297 1708; x_wconf 85' lang='lat' dir='ltr'><strong>Maii</strong></span> <span class='ocrx_word' id='word_1_368' title='bbox 317 1682 430 1717; x_wconf 84' lang='lat' dir='ltr'><strong>proinde</strong></span> <span class='ocrx_word' id='word_1_369' title='bbox 444 1690 470 1709; x_wconf 78' lang='lat' dir='ltr'><strong>XI</strong></span> <span class='ocrx_word' id='word_1_370' title='bbox 487 1682 532 1710; x_wconf 91' lang='lat' dir='ltr'><strong>die</strong></span> <span class='ocrx_word' id='word_1_371' title='bbox 552 1682 643 1709; x_wconf 89' lang='lat' dir='ltr'><strong>lucida</strong></span> <span class='ocrx_word' id='word_1_372' title='bbox 659 1681 798 1709; x_wconf 88' lang='lat' dir='ltr'><strong>Pleiadum</strong></span> <span class='ocrx_word' id='word_1_373' title='bbox 813 1682 884 1709; x_wconf 90' lang='lat' dir='ltr'><strong>orie-</strong></span> 
     </span>
    </p>
   </div>
   <div class='ocr_carea' id='block_1_54' title="bbox 110 1725 883 1761">
    <p class='ocr_par' dir='ltr' id='par_1_54' title="bbox 110 1725 883 1761">
     <span class='ocr_line' id='line_1_54' title="bbox 110 1725 883 1761; baseline 0.003 -8"><span class='ocrx_word' id='word_1_374' title='bbox 110 1727 198 1755; x_wconf 87' lang='lat' dir='ltr'><strong>batur.</strong></span> <span class='ocrx_word' id='word_1_375' title='bbox 212 1726 313 1754; x_wconf 84' lang='lat' dir='ltr'><strong>Ultima</strong></span> <span class='ocrx_word' id='word_1_376' title='bbox 328 1734 392 1754; x_wconf 89' lang='lat' dir='ltr'><strong>vero</strong></span> <span class='ocrx_word' id='word_1_377' title='bbox 402 1726 541 1754; x_wconf 87' lang='lat' dir='ltr'><strong>Pleiadum</strong></span> <span class='ocrx_word' id='word_1_378' title='bbox 558 1728 591 1754; x_wconf 90' lang='lat' dir='ltr'><strong>ad</strong></span> <span class='ocrx_word' id='word_1_379' title='bbox 608 1728 739 1756; x_wconf 88' lang='lat' dir='ltr'><strong>orientem</strong></span> <span class='ocrx_word' id='word_1_380' title='bbox 753 1725 816 1755; x_wconf 84' lang='lat' dir='ltr'><strong>Maii</strong></span> <span class='ocrx_word' id='word_1_381' title='bbox 829 1736 883 1761; x_wconf 78' lang='lat' dir='ltr'><strong>xvr,</strong></span> 
     </span>
    </p>
   </div>
   <div class='ocr_carea' id='block_1_55' title="bbox 109 1774 745 1809">
    <p class='ocr_par' dir='ltr' id='par_1_55' title="bbox 109 1774 745 1809">
     <span class='ocr_line' id='line_1_55' title="bbox 109 1774 745 1809; baseline 0.002 -9"><span class='ocrx_word' id='word_1_382' title='bbox 109 1781 163 1809; x_wconf 90' lang='lat' dir='ltr'><strong>quo</strong></span> <span class='ocrx_word' id='word_1_383' title='bbox 174 1777 292 1808; x_wconf 89' lang='lat' dir='ltr'><strong>tempore</strong></span> <span class='ocrx_word' id='word_1_384' title='bbox 308 1774 404 1802; x_wconf 89' lang='lat' dir='ltr'><strong>messis</strong></span> <span class='ocrx_word' id='word_1_385' title='bbox 423 1774 569 1809; x_wconf 87' lang='lat' dir='ltr'><strong>incipiebat</strong></span> <span class='ocrx_word' id='word_1_386' title='bbox 585 1775 612 1802; x_wconf 92' lang='lat' dir='ltr'><strong>in</strong></span> <span class='ocrx_word' id='word_1_387' title='bbox 629 1775 745 1803; x_wconf 76' lang='lat' dir='ltr'><strong>Graecia.</strong></span> 
     </span>
    </p>
   </div>
   <div class='ocr_carea' id='block_1_56' title="bbox 146 1818 884 1856">
    <p class='ocr_par' dir='ltr' id='par_1_56' title="bbox 146 1818 884 1856">
     <span class='ocr_line' id='line_1_56' title="bbox 146 1818 884 1856; baseline 0.003 -10"><span class='ocrx_word' id='word_1_388' title='bbox 146 1818 262 1847; x_wconf 88' lang='lat' dir='ltr'><strong>Occasus</strong></span> <span class='ocrx_word' id='word_1_389' title='bbox 275 1819 430 1847; x_wconf 87' lang='lat' dir='ltr'><strong>earumdem</strong></span> <span class='ocrx_word' id='word_1_390' title='bbox 442 1820 589 1848; x_wconf 88' lang='lat' dir='ltr'><strong>matutinus</strong></span> <span class='ocrx_word' id='word_1_391' title='bbox 607 1820 634 1848; x_wconf 90' lang='lat' dir='ltr'><strong>in</strong></span> <span class='ocrx_word' id='word_1_392' title='bbox 646 1820 732 1848; x_wconf 68' lang='lat' dir='ltr'><strong>Librm</strong></span> <span class='ocrx_word' id='word_1_393' title='bbox 750 1820 783 1848; x_wconf 85' lang='lat' dir='ltr'><strong>I9</strong></span> <span class='ocrx_word' id='word_1_394' title='bbox 801 1820 884 1856; x_wconf 82' lang='lat' dir='ltr'><strong>gradu</strong></span> 
     </span>
    </p>
   </div>
   <div class='ocr_carea' id='block_1_57' title="bbox 110 1864 885 1901">
    <p class='ocr_par' dir='ltr' id='par_1_57' title="bbox 110 1864 885 1901">
     <span class='ocr_line' id='line_1_57' title="bbox 110 1864 885 1901; baseline 0 -8"><span class='ocrx_word' id='word_1_395' title='bbox 110 1865 198 1897; x_wconf 82' lang='lat' dir='ltr'><strong>ﬁebat,</strong></span> <span class='ocrx_word' id='word_1_396' title='bbox 222 1864 270 1893; x_wconf 90' lang='lat' dir='ltr'><strong>sed</strong></span> <span class='ocrx_word' id='word_1_397' title='bbox 291 1865 425 1901; x_wconf 81' lang='grc' dir='ltr'><strong>ἀληθινὸς,</strong></span> <span class='ocrx_word' id='word_1_398' title='bbox 446 1872 497 1893; x_wconf 88' lang='lat' dir='ltr'><strong>nec</strong></span> <span class='ocrx_word' id='word_1_399' title='bbox 519 1866 702 1901; x_wconf 88' lang='lat' dir='ltr'><strong>aspectabilis.</strong></span> <span class='ocrx_word' id='word_1_400' title='bbox 723 1866 785 1894; x_wconf 88' lang='lat' dir='ltr'><strong>Ideo</strong></span> <span class='ocrx_word' id='word_1_401' title='bbox 812 1867 885 1893; x_wconf 88' lang='lat' dir='ltr'><strong>circa</strong></span> 
     </span>
    </p>
   </div>
   <div class='ocr_carea' id='block_1_58' title="bbox 111 1907 885 1948">
    <p class='ocr_par' dir='ltr' id='par_1_58' title="bbox 111 1907 885 1948">
     <span class='ocr_line' id='line_1_58' title="bbox 111 1907 885 1948; baseline 0.001 -10"><span class='ocrx_word' id='word_1_402' title='bbox 111 1907 215 1938; x_wconf 77' lang='lat' dir='ltr'><strong>initium</strong></span> <span class='ocrx_word' id='word_1_403' title='bbox 231 1911 334 1946; x_wconf 87' lang='lat' dir='ltr'><strong>Scorpii</strong></span> <span class='ocrx_word' id='word_1_404' title='bbox 350 1911 540 1943; x_wconf 74' lang='grc' dir='ltr'><strong>ὲπικατάδυσις</strong></span> <span class='ocrx_word' id='word_1_405' title='bbox 555 1912 701 1948; x_wconf 75' lang='grc' dir='ltr'><strong>φαινομένη</strong></span> <span class='ocrx_word' id='word_1_406' title='bbox 715 1912 823 1944; x_wconf 89' lang='lat' dir='ltr'><strong>accidit,</strong></span> <span class='ocrx_word' id='word_1_407' title='bbox 841 1912 885 1939; x_wconf 90' lang='lat' dir='ltr'><strong>in-</strong></span> 
     </span>
    </p>
   </div>
   <div class='ocr_carea' id='block_1_59' title="bbox 111 1955 885 1992">
    <p class='ocr_par' dir='ltr' id='par_1_59' title="bbox 111 1955 885 1992">
     <span class='ocr_line' id='line_1_59' title="bbox 111 1955 885 1992; baseline 0.001 -9"><span class='ocrx_word' id='word_1_408' title='bbox 111 1959 189 1984; x_wconf 86' lang='lat' dir='ltr'><strong>eunte</strong></span> <span class='ocrx_word' id='word_1_409' title='bbox 202 1955 355 1984; x_wconf 84' lang='lat' dir='ltr'><strong>Novembri.</strong></span> <span class='ocrx_word' id='word_1_410' title='bbox 371 1955 437 1983; x_wconf 86' lang='lat' dir='ltr'><strong>Nam</strong></span> <span class='ocrx_word' id='word_1_411' title='bbox 457 1956 649 1991; x_wconf 76' lang='lat' dir='ltr'><strong>aequinoctium</strong></span> <span class='ocrx_word' id='word_1_412' title='bbox 668 1957 823 1985; x_wconf 85' lang='lat' dir='ltr'><strong>autumnale</strong></span> <span class='ocrx_word' id='word_1_413' title='bbox 838 1964 885 1992; x_wconf 86' lang='lat' dir='ltr'><strong>per</strong></span> 
     </span>
    </p>
   </div>
   <div class='ocr_carea' id='block_1_60' title="bbox 113 2001 886 2038">
    <p class='ocr_par' dir='ltr' id='par_1_60' title="bbox 113 2001 886 2038">
     <span class='ocr_line' id='line_1_60' title="bbox 113 2001 886 2038; baseline 0.003 -10"><span class='ocrx_word' id='word_1_414' title='bbox 113 2001 181 2029; x_wconf 87' lang='lat' dir='ltr'><strong>idem</strong></span> <span class='ocrx_word' id='word_1_415' title='bbox 198 2005 301 2036; x_wconf 87' lang='lat' dir='ltr'><strong>tempus</strong></span> <span class='ocrx_word' id='word_1_416' title='bbox 321 2001 414 2029; x_wconf 86' lang='lat' dir='ltr'><strong>incidit</strong></span> <span class='ocrx_word' id='word_1_417' title='bbox 429 2002 456 2029; x_wconf 90' lang='lat' dir='ltr'><strong>in</strong></span> <span class='ocrx_word' id='word_1_418' title='bbox 468 2002 595 2030; x_wconf 87' lang='lat' dir='ltr'><strong>Octobris</strong></span> <span class='ocrx_word' id='word_1_419' title='bbox 610 2002 727 2030; x_wconf 91' lang='lat' dir='ltr'><strong>initium.</strong></span> <span class='ocrx_word' id='word_1_420' title='bbox 749 2002 819 2030; x_wconf 90' lang='lat' dir='ltr'><strong>Tum</strong></span> <span class='ocrx_word' id='word_1_421' title='bbox 836 2003 886 2038; x_wconf 81' lang='lat' dir='ltr'><strong>igi—</strong></span> 
     </span>
    </p>
   </div>
   <div class='ocr_carea' id='block_1_61' title="bbox 113 2048 885 2085">
    <p class='ocr_par' dir='ltr' id='par_1_61' title="bbox 113 2048 885 2085">
     <span class='ocr_line' id='line_1_61' title="bbox 113 2048 885 2085; baseline 0.003 -11"><span class='ocrx_word' id='word_1_422' title='bbox 113 2052 158 2074; x_wconf 89' lang='lat' dir='ltr'><strong>tur</strong></span> <span class='ocrx_word' id='word_1_423' title='bbox 179 2048 317 2080; x_wconf 85' lang='lat' dir='ltr'><strong>arationis,</strong></span> <span class='ocrx_word' id='word_1_424' title='bbox 340 2055 372 2075; x_wconf 88' lang='lat' dir='ltr'><strong>ac</strong></span> <span class='ocrx_word' id='word_1_425' title='bbox 392 2048 506 2076; x_wconf 87' lang='lat' dir='ltr'><strong>sationis</strong></span> <span class='ocrx_word' id='word_1_426' title='bbox 535 2052 640 2084; x_wconf 88' lang='lat' dir='ltr'><strong>tempus</strong></span> <span class='ocrx_word' id='word_1_427' title='bbox 665 2049 786 2085; x_wconf 88' lang='lat' dir='ltr'><strong>appetit,</strong></span> <span class='ocrx_word' id='word_1_428' title='bbox 813 2049 885 2085; x_wconf 90' lang='lat' dir='ltr'><strong>quod</strong></span> 
     </span>
    </p>
   </div>
   <div class='ocr_carea' id='block_1_62' title="bbox 116 2090 607 2129">
    <p class='ocr_par' dir='ltr' id='par_1_62' title="bbox 116 2090 607 2129">
     <span class='ocr_line' id='line_1_62' title="bbox 116 2090 607 2129; baseline 0.002 -9"><span class='ocrx_word' id='word_1_429' title='bbox 116 2090 237 2128; x_wconf 78' lang='lat' dir='ltr'><strong>Virgilius</strong></span> <span class='ocrx_word' id='word_1_430' title='bbox 253 2094 295 2122; x_wconf 89' lang='lat' dir='ltr'><strong>his</strong></span> <span class='ocrx_word' id='word_1_431' title='bbox 308 2094 431 2122; x_wconf 86' lang='lat' dir='ltr'><strong>versibus</strong></span> <span class='ocrx_word' id='word_1_432' title='bbox 451 2094 607 2129; x_wconf 81' lang='lat' dir='ltr'><strong>expressit:</strong></span> 
     </span>
    </p>
   </div>
   <div class='ocr_carea' id='block_1_63' title="bbox 114 2149 694 2183">
    <p class='ocr_par' dir='ltr' id='par_1_63' title="bbox 114 2149 694 2183">
     <span class='ocr_line' id='line_1_63' title="bbox 114 2149 694 2183; baseline 0.003 -8"><span class='ocrx_word' id='word_1_433' title='bbox 114 2149 178 2176; x_wconf 82' lang='lat' dir='ltr'><strong>Ante</strong></span> <span class='ocrx_word' id='word_1_434' title='bbox 190 2149 235 2176; x_wconf 80' lang='lat' dir='ltr'><strong>tibi</strong></span> <span class='ocrx_word' id='word_1_435' title='bbox 252 2149 314 2177; x_wconf 69' lang='lat' dir='ltr'><strong>an:</strong></span> <span class='ocrx_word' id='word_1_436' title='bbox 329 2149 475 2177; x_wconf 76' lang='lat' dir='ltr'><strong>Atlantides</strong></span> <span class='ocrx_word' id='word_1_437' title='bbox 490 2151 694 2183; x_wconf 74' lang='lat' dir='ltr'><strong>abscondantur,</strong></span> 
     </span>
    </p>
   </div>
   <div class='ocr_carea' id='block_1_64' title="bbox 116 2183 730 2220">
    <p class='ocr_par' dir='ltr' id='par_1_64' title="bbox 116 2183 730 2220">
     <span class='ocr_line' id='line_1_64' title="bbox 116 2183 730 2220; baseline 0.005 -11"><span class='ocrx_word' id='word_1_438' title='bbox 116 2183 257 2220; x_wconf 57' lang='lat' dir='ltr'><strong>Gnosiaque</strong></span> <span class='ocrx_word' id='word_1_439' title='bbox 271 2185 386 2212; x_wconf 80' lang='lat' dir='ltr'><strong>ardentis</strong></span> <span class='ocrx_word' id='word_1_440' title='bbox 402 2185 508 2212; x_wconf 83' lang='lat' dir='ltr'><strong>decedat</strong></span> <span class='ocrx_word' id='word_1_441' title='bbox 522 2186 598 2212; x_wconf 81' lang='lat' dir='ltr'><strong>stella</strong></span> <span class='ocrx_word' id='word_1_442' title='bbox 611 2185 730 2220; x_wconf 73' lang='lat' dir='ltr'><strong>Coronre,</strong></span> 
     </span>
    </p>
   </div>
   <div class='ocr_carea' id='block_1_65' title="bbox 117 2217 728 2254">
    <p class='ocr_par' dir='ltr' id='par_1_65' title="bbox 117 2217 728 2254">
     <span class='ocr_line' id='line_1_65' title="bbox 117 2217 728 2254; baseline 0.005 -9"><span class='ocrx_word' id='word_1_443' title='bbox 117 2217 204 2245; x_wconf 76' lang='lat' dir='ltr'><strong>Debita</strong></span> <span class='ocrx_word' id='word_1_444' title='bbox 214 2217 290 2253; x_wconf 78' lang='lat' dir='ltr'><strong>quam</strong></span> <span class='ocrx_word' id='word_1_445' title='bbox 302 2220 380 2247; x_wconf 80' lang='lat' dir='ltr'><strong>sulcis</strong></span> <span class='ocrx_word' id='word_1_446' title='bbox 393 2221 540 2248; x_wconf 78' lang='lat' dir='ltr'><strong>committas</strong></span> <span class='ocrx_word' id='word_1_447' title='bbox 555 2221 664 2254; x_wconf 77' lang='lat' dir='ltr'><strong>semina,</strong></span> <span class='ocrx_word' id='word_1_448' title='bbox 676 2217 728 2249; x_wconf 55' lang='lat' dir='ltr'><strong>etc;</strong></span> 
     </span>
    </p>
   </div>
   <div class='ocr_carea' id='block_1_66' title="bbox 151 2285 882 2324">
    <p class='ocr_par' dir='ltr' id='par_1_66' title="bbox 151 2285 882 2324">
     <span class='ocr_line' id='line_1_66' title="bbox 151 2285 882 2324; baseline 0.007 -12"><span class='ocrx_word' id='word_1_449' title='bbox 151 2285 241 2319; x_wconf 85' lang='lat' dir='ltr'><strong>Eoum,</strong></span> <span class='ocrx_word' id='word_1_450' title='bbox 258 2287 285 2314; x_wconf 88' lang='lat' dir='ltr'><strong>id</strong></span> <span class='ocrx_word' id='word_1_451' title='bbox 300 2292 341 2315; x_wconf 91' lang='lat' dir='ltr'><strong>est</strong></span> <span class='ocrx_word' id='word_1_452' title='bbox 358 2288 517 2315; x_wconf 90' lang='lat' dir='ltr'><strong>matutinum</strong></span> <span class='ocrx_word' id='word_1_453' title='bbox 532 2295 657 2316; x_wconf 89' lang='lat' dir='ltr'><strong>occasum</strong></span> <span class='ocrx_word' id='word_1_454' title='bbox 670 2289 802 2324; x_wconf 80' lang='lat' dir='ltr'><strong>intelligit,</strong></span> <span class='ocrx_word' id='word_1_455' title='bbox 817 2297 882 2322; x_wconf 91' lang='lat' dir='ltr'><strong>non,</strong></span> 
     </span>
    </p>
   </div>
   <div class='ocr_carea' id='block_1_67' title="bbox 118 2329 885 2369">
    <p class='ocr_par' dir='ltr' id='par_1_67' title="bbox 118 2329 885 2369">
     <span class='ocr_line' id='line_1_67' title="bbox 118 2329 885 2369; baseline 0.007 -12"><span class='ocrx_word' id='word_1_456' title='bbox 118 2334 146 2357; x_wconf 88' lang='lat' dir='ltr'><strong>ut</strong></span> <span class='ocrx_word' id='word_1_457' title='bbox 163 2329 269 2358; x_wconf 86' lang='lat' dir='ltr'><strong>Servius</strong></span> <span class='ocrx_word' id='word_1_458' title='bbox 284 2335 369 2367; x_wconf 84' lang='lat' dir='ltr'><strong>putat,</strong></span> <span class='ocrx_word' id='word_1_459' title='bbox 387 2332 530 2364; x_wconf 82' lang='lat' dir='ltr'><strong>helia’cum,</strong></span> <span class='ocrx_word' id='word_1_460' title='bbox 550 2333 596 2367; x_wconf 93' lang='lat' dir='ltr'><strong>qui</strong></span> <span class='ocrx_word' id='word_1_461' title='bbox 609 2337 635 2360; x_wconf 91' lang='lat' dir='ltr'><strong>et</strong></span> <span class='ocrx_word' id='word_1_462' title='bbox 652 2333 775 2368; x_wconf 88' lang='lat' dir='ltr'><strong>imperite</strong></span> <span class='ocrx_word' id='word_1_463' title='bbox 792 2334 885 2369; x_wconf 83' lang='lat' dir='ltr'><strong>Vergi-</strong></span> 
     </span>
    </p>
   </div>
   <div class='ocr_carea' id='block_1_68' title="bbox 119 2376 881 2414">
    <p class='ocr_par' dir='ltr' id='par_1_68' title="bbox 119 2376 881 2414">
     <span class='ocr_line' id='line_1_68' title="bbox 119 2376 881 2414; baseline 0.004 -11"><span class='ocrx_word' id='word_1_464' title='bbox 119 2377 166 2403; x_wconf 89' lang='lat' dir='ltr'><strong>lias</strong></span> <span class='ocrx_word' id='word_1_465' title='bbox 178 2377 212 2403; x_wconf 89' lang='lat' dir='ltr'><strong>ait</strong></span> <span class='ocrx_word' id='word_1_466' title='bbox 233 2385 242 2402; x_wconf 84' lang='grc'><strong>‹</strong></span> <span class='ocrx_word' id='word_1_467' title='bbox 258 2376 402 2405; x_wconf 89' lang='lat' dir='ltr'><strong>Novembri</strong></span> <span class='ocrx_word' id='word_1_468' title='bbox 419 2385 513 2405; x_wconf 89' lang='lat' dir='ltr'><strong>mense</strong></span> <span class='ocrx_word' id='word_1_469' title='bbox 529 2379 649 2414; x_wconf 89' lang='lat' dir='ltr'><strong>incipere</strong></span> <span class='ocrx_word' id='word_1_470' title='bbox 670 2386 723 2406; x_wconf 85' lang='lat' dir='ltr'><strong>non</strong></span> <span class='ocrx_word' id='word_1_471' title='bbox 747 2380 851 2408; x_wconf 90' lang='lat' dir='ltr'><strong>videri:</strong></span> <span class='ocrx_word' id='word_1_472' title='bbox 871 2389 881 2406; x_wconf 72' lang='grc' dir='ltr'><strong><em>ι</em></strong></span> 
     </span>
    </p>
   </div>
   <div class='ocr_carea' id='block_1_69' title="bbox 119 2422 814 2458">
    <p class='ocr_par' dir='ltr' id='par_1_69' title="bbox 119 2422 814 2458">
     <span class='ocr_line' id='line_1_69' title="bbox 119 2422 814 2458; baseline 0.006 -10"><span class='ocrx_word' id='word_1_473' title='bbox 119 2422 188 2456; x_wconf 89' lang='lat' dir='ltr'><strong>quasi</strong></span> <span class='ocrx_word' id='word_1_474' title='bbox 205 2422 231 2448; x_wconf 93' lang='lat' dir='ltr'><strong>in</strong></span> <span class='ocrx_word' id='word_1_475' title='bbox 244 2422 355 2458; x_wconf 89' lang='lat' dir='ltr'><strong>Scorpio</strong></span> <span class='ocrx_word' id='word_1_476' title='bbox 371 2423 428 2450; x_wconf 71' lang='lat' dir='ltr'><strong>sita:</strong></span> <span class='ocrx_word' id='word_1_477' title='bbox 442 2424 525 2451; x_wconf 89' lang='lat' dir='ltr'><strong>radiis</strong></span> <span class='ocrx_word' id='word_1_478' title='bbox 543 2425 608 2451; x_wconf 88' lang='lat' dir='ltr'><strong>solis</strong></span> <span class='ocrx_word' id='word_1_479' title='bbox 624 2424 814 2452; x_wconf 87' lang='lat' dir='ltr'><strong>obscurentur.</strong></span> 
     </span>
    </p>
   </div>
   <div class='ocr_carea' id='block_1_70' title="bbox 154 2466 881 2504">
    <p class='ocr_par' dir='ltr' id='par_1_70' title="bbox 154 2466 881 2504">
     <span class='ocr_line' id='line_1_70' title="bbox 154 2466 881 2504; baseline 0.003 -10"><span class='ocrx_word' id='word_1_480' title='bbox 154 2466 185 2494; x_wconf 88' lang='lat' dir='ltr'><strong>De</strong></span> <span class='ocrx_word' id='word_1_481' title='bbox 204 2467 297 2495; x_wconf 89' lang='lat' dir='ltr'><strong>eodem</strong></span> <span class='ocrx_word' id='word_1_482' title='bbox 313 2473 373 2495; x_wconf 89' lang='lat' dir='ltr'><strong>ortu</strong></span> <span class='ocrx_word' id='word_1_483' title='bbox 394 2474 420 2496; x_wconf 90' lang='lat' dir='ltr'><strong>et</strong></span> <span class='ocrx_word' id='word_1_484' title='bbox 441 2476 540 2496; x_wconf 87' lang='lat' dir='ltr'><strong>occasu</strong></span> <span class='ocrx_word' id='word_1_485' title='bbox 560 2468 690 2504; x_wconf 81' lang='lat' dir='ltr'><strong>Virgilius</strong></span> <span class='ocrx_word' id='word_1_486' title='bbox 711 2477 817 2504; x_wconf 88' lang='lat' dir='ltr'><strong>quoque</strong></span> <span class='ocrx_word' id='word_1_487' title='bbox 834 2470 881 2497; x_wconf 89' lang='lat' dir='ltr'><strong>lib.</strong></span> 
     </span>
    </p>
   </div>
   <div class='ocr_carea' id='block_1_71' title="bbox 121 2511 881 2550">
    <p class='ocr_par' dir='ltr' id='par_1_71' title="bbox 121 2511 881 2550">
     <span class='ocr_line' id='line_1_71' title="bbox 121 2511 881 2550; baseline 0.004 -11"><span class='ocrx_word' id='word_1_488' title='bbox 121 2511 151 2539; x_wconf 88' lang='lat' dir='ltr'><strong>IV</strong></span> <span class='ocrx_word' id='word_1_489' title='bbox 165 2512 252 2548; x_wconf 80' lang='lat' dir='ltr'><strong>Georg.</strong></span> <span class='ocrx_word' id='word_1_490' title='bbox 264 2514 395 2546; x_wconf 88' lang='lat' dir='ltr'><strong>meminit,</strong></span> <span class='ocrx_word' id='word_1_491' title='bbox 406 2515 451 2541; x_wconf 91' lang='lat' dir='ltr'><strong>ubi</strong></span> <span class='ocrx_word' id='word_1_492' title='bbox 468 2514 501 2542; x_wconf 90' lang='lat' dir='ltr'><strong>de</strong></span> <span class='ocrx_word' id='word_1_493' title='bbox 514 2514 615 2550; x_wconf 88' lang='lat' dir='ltr'><strong>duplici</strong></span> <span class='ocrx_word' id='word_1_494' title='bbox 631 2515 718 2543; x_wconf 90' lang='lat' dir='ltr'><strong>mellis</strong></span> <span class='ocrx_word' id='word_1_495' title='bbox 731 2515 881 2542; x_wconf 89' lang='lat' dir='ltr'><strong>vindemia:</strong></span> 
     </span>
    </p>
   </div>
   <div class='ocr_carea' id='block_1_72' title="bbox 123 2568 831 2605">
    <p class='ocr_par' dir='ltr' id='par_1_72' title="bbox 123 2568 831 2605">
     <span class='ocr_line' id='line_1_72' title="bbox 123 2568 831 2605; baseline 0.001 -10"><span class='ocrx_word' id='word_1_496' title='bbox 123 2568 164 2605; x_wconf 50' lang='lat' dir='ltr'><strong>{iis</strong></span> <span class='ocrx_word' id='word_1_497' title='bbox 175 2569 292 2603; x_wconf 83' lang='lat' dir='ltr'><strong>gravidos</strong></span> <span class='ocrx_word' id='word_1_498' title='bbox 307 2576 400 2604; x_wconf 85' lang='lat' dir='ltr'><strong>cogunt</strong></span> <span class='ocrx_word' id='word_1_499' title='bbox 417 2571 504 2604; x_wconf 79' lang='lat' dir='ltr'><strong>fetus:</strong></span> <span class='ocrx_word' id='word_1_500' title='bbox 524 2570 576 2598; x_wconf 89' lang='lat' dir='ltr'><strong>duo</strong></span> <span class='ocrx_word' id='word_1_501' title='bbox 592 2575 707 2605; x_wconf 79' lang='lat' dir='ltr'><strong>tempora</strong></span> <span class='ocrx_word' id='word_1_502' title='bbox 722 2570 812 2597; x_wconf 79' lang='lat' dir='ltr'><strong>messis</strong></span> <span class='ocrx_word' id='word_1_503' title='bbox 822 2578 831 2596; x_wconf 88' lang='lat'><em>:</em></span> 
     </span>
    </p>
   </div>
   <div class='ocr_carea' id='block_1_73' title="bbox 125 2603 729 2637">
    <p class='ocr_par' dir='ltr' id='par_1_73' title="bbox 125 2603 729 2637">
     <span class='ocr_line' id='line_1_73' title="bbox 125 2603 729 2637; baseline 0.005 -8"><span class='ocrx_word' id='word_1_504' title='bbox 125 2603 226 2637; x_wconf 78' lang='lat' dir='ltr'><strong>Taygete</strong></span> <span class='ocrx_word' id='word_1_505' title='bbox 239 2604 318 2630; x_wconf 77' lang='lat' dir='ltr'><strong>simul</strong></span> <span class='ocrx_word' id='word_1_506' title='bbox 331 2613 359 2630; x_wconf 76' lang='lat' dir='ltr'><strong>os</strong></span> <span class='ocrx_word' id='word_1_507' title='bbox 375 2605 451 2631; x_wconf 83' lang='lat' dir='ltr'><strong>terris</strong></span> <span class='ocrx_word' id='word_1_508' title='bbox 467 2605 579 2631; x_wconf 79' lang='lat' dir='ltr'><strong>ostendit</strong></span> <span class='ocrx_word' id='word_1_509' title='bbox 594 2603 729 2632; x_wconf 77' lang='lat' dir='ltr'><strong>honestum</strong></span> 
     </span>
    </p>
   </div>
   <div class='ocr_carea' id='block_1_74' title="bbox 125 2638 795 2674">
    <p class='ocr_par' dir='ltr' id='par_1_74' title="bbox 125 2638 795 2674">
     <span class='ocr_line' id='line_1_74' title="bbox 125 2638 795 2674; baseline 0.003 -10"><span class='ocrx_word' id='word_1_510' title='bbox 125 2638 214 2674; x_wconf 74' lang='lat' dir='ltr'><strong>Pleias,</strong></span> <span class='ocrx_word' id='word_1_511' title='bbox 226 2643 254 2674; x_wconf 64' lang='lat' dir='ltr'><strong>et</strong></span> <span class='ocrx_word' id='word_1_512' title='bbox 274 2638 370 2674; x_wconf 84' lang='lat' dir='ltr'><strong>Oceani</strong></span> <span class='ocrx_word' id='word_1_513' title='bbox 381 2644 480 2672; x_wconf 81' lang='lat' dir='ltr'><strong>spretos</strong></span> <span class='ocrx_word' id='word_1_514' title='bbox 494 2639 556 2672; x_wconf 84' lang='lat' dir='ltr'><strong>pede</strong></span> <span class='ocrx_word' id='word_1_515' title='bbox 571 2641 681 2674; x_wconf 75' lang='lat' dir='ltr'><strong>reppulit</strong></span> <span class='ocrx_word' id='word_1_516' title='bbox 697 2647 795 2666; x_wconf 77' lang='lat' dir='ltr'><strong>amnes.</strong></span> 
     </span>
    </p>
   </div>
   <div class='ocr_carea' id='block_1_75' title="bbox 126 2672 735 2709">
    <p class='ocr_par' dir='ltr' id='par_1_75' title="bbox 126 2672 735 2709">
     <span class='ocr_line' id='line_1_75' title="bbox 126 2672 735 2709; baseline 0.007 -12"><span class='ocrx_word' id='word_1_517' title='bbox 126 2672 171 2709; x_wconf 43' lang='lat' dir='ltr'><strong>Aut</strong></span> <span class='ocrx_word' id='word_1_518' title='bbox 184 2672 276 2709; x_wconf 57' lang='lat' dir='ltr'><strong>cadent</strong></span> <span class='ocrx_word' id='word_1_519' title='bbox 287 2673 359 2699; x_wconf 82' lang='lat' dir='ltr'><strong>sidus</strong></span> <span class='ocrx_word' id='word_1_520' title='bbox 373 2674 472 2709; x_wconf 71' lang='lat' dir='ltr'><strong>fugiens</strong></span> <span class='ocrx_word' id='word_1_521' title='bbox 488 2674 531 2700; x_wconf 84' lang='lat' dir='ltr'><strong>ubi</strong></span> <span class='ocrx_word' id='word_1_522' title='bbox 548 2672 632 2709; x_wconf 72' lang='lat' dir='ltr'><strong>Piscis</strong></span> <span class='ocrx_word' id='word_1_523' title='bbox 644 2675 735 2709; x_wconf 76' lang='lat' dir='ltr'><strong>aquosi</strong></span> 
     </span>
    </p>
   </div>
   <div class='ocr_carea' id='block_1_76' title="bbox 127 2706 732 2736">
    <p class='ocr_par' dir='ltr' id='par_1_76' title="bbox 127 2706 732 2736">
     <span class='ocr_line' id='line_1_76' title="bbox 127 2706 732 2736; baseline 0.007 -4"><span class='ocrx_word' id='word_1_524' title='bbox 127 2706 227 2733; x_wconf 80' lang='lat' dir='ltr'><strong>Tristior</strong></span> <span class='ocrx_word' id='word_1_525' title='bbox 239 2707 358 2734; x_wconf 79' lang='lat' dir='ltr'><strong>hibernas</strong></span> <span class='ocrx_word' id='word_1_526' title='bbox 374 2706 436 2734; x_wconf 70' lang='lat' dir='ltr'><strong>caelo</strong></span> <span class='ocrx_word' id='word_1_527' title='bbox 449 2708 580 2735; x_wconf 82' lang='lat' dir='ltr'><strong>descendit</strong></span> <span class='ocrx_word' id='word_1_528' title='bbox 597 2710 623 2736; x_wconf 87' lang='lat' dir='ltr'><strong>in</strong></span> <span class='ocrx_word' id='word_1_529' title='bbox 638 2706 732 2736; x_wconf 75' lang='lat' dir='ltr'><strong>undas.</strong></span> 
     </span>
    </p>
   </div>
   <div class='ocr_carea' id='block_1_77' title="bbox 155 2752 885 2787">
    <p class='ocr_par' dir='ltr' id='par_1_77' title="bbox 155 2752 885 2787">
     <span class='ocr_line' id='line_1_77' title="bbox 155 2752 885 2787; baseline 0.005 -9"><span class='ocrx_word' id='word_1_530' title='bbox 155 2752 199 2780; x_wconf 87' lang='lat' dir='ltr'><strong>llic</strong></span> <span class='ocrx_word' id='word_1_531' title='bbox 213 2752 266 2780; x_wconf 88' lang='lat' dir='ltr'><strong>duo</strong></span> <span class='ocrx_word' id='word_1_532' title='bbox 281 2757 400 2787; x_wconf 77' lang='lat' dir='ltr'><strong>tempora</strong></span> <span class='ocrx_word' id='word_1_533' title='bbox 417 2753 503 2780; x_wconf 85' lang='lat' dir='ltr'><strong>mellis</strong></span> <span class='ocrx_word' id='word_1_534' title='bbox 522 2755 638 2781; x_wconf 89' lang='lat' dir='ltr'><strong>metendi</strong></span> <span class='ocrx_word' id='word_1_535' title='bbox 656 2754 803 2782; x_wconf 90' lang='lat' dir='ltr'><strong>describit:</strong></span> <span class='ocrx_word' id='word_1_536' title='bbox 820 2754 885 2782; x_wconf 82' lang='lat' dir='ltr'><strong>alte—</strong></span> 
     </span>
    </p>
   </div>
   <div class='ocr_carea' id='block_1_78' title="bbox 128 2798 884 2834">
    <p class='ocr_par' dir='ltr' id='par_1_78' title="bbox 128 2798 884 2834">
     <span class='ocr_line' id='line_1_78' title="bbox 128 2798 884 2834; baseline 0 -8"><span class='ocrx_word' id='word_1_537' title='bbox 128 2805 176 2826; x_wconf 81' lang='lat' dir='ltr'><strong>rum</strong></span> <span class='ocrx_word' id='word_1_538' title='bbox 193 2803 252 2834; x_wconf 90' lang='lat' dir='ltr'><strong>post</strong></span> <span class='ocrx_word' id='word_1_539' title='bbox 264 2803 350 2826; x_wconf 88' lang='lat' dir='ltr'><strong>ortum</strong></span> <span class='ocrx_word' id='word_1_540' title='bbox 366 2798 512 2830; x_wconf 86' lang='lat' dir='ltr'><strong>Pleiadum,</strong></span> <span class='ocrx_word' id='word_1_541' title='bbox 524 2807 607 2826; x_wconf 86' lang='lat' dir='ltr'><strong>verno</strong></span> <span class='ocrx_word' id='word_1_542' title='bbox 622 2804 755 2834; x_wconf 85' lang='lat' dir='ltr'><strong>tempore;</strong></span> <span class='ocrx_word' id='word_1_543' title='bbox 771 2799 884 2826; x_wconf 87' lang='lat' dir='ltr'><strong>alterum</strong></span> 
     </span>
    </p>
   </div>
   <div class='ocr_carea' id='block_1_79' title="bbox 129 2845 884 2881">
    <p class='ocr_par' dir='ltr' id='par_1_79' title="bbox 129 2845 884 2881">
     <span class='ocr_line' id='line_1_79' title="bbox 129 2845 884 2881; baseline 0.003 -10"><span class='ocrx_word' id='word_1_544' title='bbox 129 2848 253 2878; x_wconf 76' lang='lat' dir='ltr'><strong>autumno,</strong></span> <span class='ocrx_word' id='word_1_545' title='bbox 268 2848 326 2880; x_wconf 80' lang='lat' dir='ltr'><strong>post</strong></span> <span class='ocrx_word' id='word_1_546' title='bbox 339 2851 463 2872; x_wconf 82' lang='lat' dir='ltr'><strong>occasum</strong></span> <span class='ocrx_word' id='word_1_547' title='bbox 479 2845 638 2872; x_wconf 87' lang='lat' dir='ltr'><strong>matutinum</strong></span> <span class='ocrx_word' id='word_1_548' title='bbox 652 2853 658 2871; x_wconf 89' lang='lat'>:</span> <span class='ocrx_word' id='word_1_549' title='bbox 674 2845 700 2872; x_wconf 93' lang='lat' dir='ltr'><strong>in</strong></span> <span class='ocrx_word' id='word_1_550' title='bbox 713 2852 767 2881; x_wconf 86' lang='lat' dir='ltr'><strong>quo</strong></span> <span class='ocrx_word' id='word_1_551' title='bbox 779 2845 884 2873; x_wconf 81' lang='lat' dir='ltr'><strong>Aristo—</strong></span> 
     </span>
    </p>
   </div>
   <div class='ocr_carea' id='block_1_80' title="bbox 934 909 1715 944">
    <p class='ocr_par' dir='ltr' id='par_1_80' title="bbox 934 909 1715 944">
     <span class='ocr_line' id='line_1_80' title="bbox 934 909 1715 944; baseline -0.003 -6"><span class='ocrx_word' id='word_1_552' title='bbox 934 911 1012 938; x_wconf 88' lang='lat' dir='ltr'><strong>solet.</strong></span> <span class='ocrx_word' id='word_1_553' title='bbox 1032 910 1077 938; x_wconf 91' lang='lat' dir='ltr'><strong>Sic</strong></span> <span class='ocrx_word' id='word_1_554' title='bbox 1095 911 1166 937; x_wconf 89' lang='lat' dir='ltr'><strong>enim</strong></span> <span class='ocrx_word' id='word_1_555' title='bbox 1180 917 1253 939; x_wconf 91' lang='lat' dir='ltr'><strong>recte</strong></span> <span class='ocrx_word' id='word_1_556' title='bbox 1268 910 1383 944; x_wconf 88' lang='lat' dir='ltr'><strong>Quintus</strong></span> <span class='ocrx_word' id='word_1_557' title='bbox 1404 911 1519 938; x_wconf 87' lang='lat' dir='ltr'><strong>Calaber</strong></span> <span class='ocrx_word' id='word_1_558' title='bbox 1536 910 1584 938; x_wconf 90' lang='lat' dir='ltr'><strong>llb.</strong></span> <span class='ocrx_word' id='word_1_559' title='bbox 1605 909 1625 936; x_wconf 81' lang='grc' dir='ltr'><strong><em>ν</em></strong></span> <span class='ocrx_word' id='word_1_560' title='bbox 1644 910 1715 936; x_wconf 84' lang='lat' dir='ltr'><strong>hanc</strong></span> 
     </span>
    </p>
   </div>
   <div class='ocr_carea' id='block_1_81' title="bbox 933 955 1714 992">
    <p class='ocr_par' dir='ltr' id='par_1_81' title="bbox 933 955 1714 992">
     <span class='ocr_line' id='line_1_81' title="bbox 933 955 1714 992; baseline -0.001 -9"><span class='ocrx_word' id='word_1_561' title='bbox 933 956 1055 984; x_wconf 89' lang='lat' dir='ltr'><strong>eamdem</strong></span> <span class='ocrx_word' id='word_1_562' title='bbox 1085 955 1223 984; x_wconf 87' lang='lat' dir='ltr'><strong>Pleiadem</strong></span> <span class='ocrx_word' id='word_1_563' title='bbox 1256 956 1383 984; x_wconf 88' lang='lat' dir='ltr'><strong>Orionem</strong></span> <span class='ocrx_word' id='word_1_564' title='bbox 1413 956 1561 992; x_wconf 78' lang='lat' dir='ltr'><strong>fugientem</strong></span> <span class='ocrx_word' id='word_1_565' title='bbox 1588 955 1714 983; x_wconf 79' lang='lat' dir='ltr'><strong>occidere</strong></span> 
     </span>
    </p>
   </div>
   <div class='ocr_carea' id='block_1_82' title="bbox 935 1002 1054 1029">
    <p class='ocr_par' dir='ltr' id='par_1_82' title="bbox 935 1002 1054 1029">
     <span class='ocr_line' id='line_1_82' title="bbox 935 1002 1054 1029; baseline -0.008 0"><span class='ocrx_word' id='word_1_566' title='bbox 935 1002 1029 1029; x_wconf 85' lang='lat' dir='ltr'><strong>scribit</strong></span> <span class='ocrx_word' id='word_1_567' title='bbox 1047 1011 1054 1028; x_wconf 94' lang='lat'>:</span> 
     </span>
    </p>
   </div>
   <div class='ocr_carea' id='block_1_83' title="bbox 935 1068 1458 1104">
    <p class='ocr_par' dir='ltr' id='par_1_83' title="bbox 935 1068 1458 1104">
     <span class='ocr_line' id='line_1_83' title="bbox 935 1068 1458 1104; baseline -0.006 -6"><span class='ocrx_word' id='word_1_568' title='bbox 935 1090 943 1098; x_wconf 91' lang='lat'><strong>.</strong></span> <span class='ocrx_word' id='word_1_569' title='bbox 957 1071 985 1098; x_wconf 83' lang='lat'><strong>.&#39;.</strong></span> <span class='ocrx_word' id='word_1_570' title='bbox 1000 1092 1006 1098; x_wconf 93' lang='lat'><strong>.</strong></span> <span class='ocrx_word' id='word_1_571' title='bbox 1019 1090 1027 1096; x_wconf 95' lang='lat'><strong>.</strong></span> <span class='ocrx_word' id='word_1_572' title='bbox 1041 1091 1047 1098; x_wconf 90' lang='lat'><strong>.</strong></span> <span class='ocrx_word' id='word_1_573' title='bbox 1063 1072 1079 1097; x_wconf 81' lang='grc' dir='ltr'><em>ὁ</em></span> <span class='ocrx_word' id='word_1_574' title='bbox 1091 1070 1117 1096; x_wconf 78' lang='grc' dir='ltr'><strong>δ’</strong></span> <span class='ocrx_word' id='word_1_575' title='bbox 1128 1070 1172 1104; x_wconf 79' lang='grc' dir='ltr'><strong>ἄρ’</strong></span> <span class='ocrx_word' id='word_1_576' title='bbox 1189 1070 1236 1104; x_wconf 81' lang='grc' dir='ltr'><strong>ἤτε</strong></span> <span class='ocrx_word' id='word_1_577' title='bbox 1251 1071 1376 1097; x_wconf 76' lang='grc' dir='ltr'><em>λαίλαπι</em></span> <span class='ocrx_word' id='word_1_578' title='bbox 1391 1068 1458 1101; x_wconf 76' lang='grc' dir='ltr'><em>ἶσος</em></span> 
     </span>
    </p>
   </div>
   <div class='ocr_carea' id='block_1_84' title="bbox 934 1103 1630 1146">
    <p class='ocr_par' dir='ltr' id='par_1_84' title="bbox 934 1103 1630 1146">
     <span class='ocr_line' id='line_1_84' title="bbox 934 1103 1630 1146; baseline -0.003 -14"><span class='ocrx_word' id='word_1_579' title='bbox 934 1105 1102 1146; x_wconf 57' lang='grc' dir='ltr'><strong>Ξμξρδαβέῃ</strong></span> <span class='ocrx_word' id='word_1_580' title='bbox 1118 1103 1284 1146; x_wconf 53' lang='grc' dir='ltr'><strong>σέγγὲρῇσξ</strong></span> <span class='ocrx_word' id='word_1_581' title='bbox 1296 1105 1444 1138; x_wconf 65' lang='lat' dir='ltr'><strong>namq-[Ut</strong></span> <span class='ocrx_word' id='word_1_582' title='bbox 1456 1103 1612 1146; x_wconf 56' lang='grc' dir='ltr'><strong>,βεϐρερυίῃ</strong></span> <span class='ocrx_word' id='word_1_583' title='bbox 1623 1111 1630 1118; x_wconf 84' lang='grc'><strong><em>⁸</em></strong></span> 
     </span>
    </p>
   </div>
   <div class='ocr_carea' id='block_1_85' title="bbox 935 1139 1614 1174">
    <p class='ocr_par' dir='ltr' id='par_1_85' title="bbox 935 1139 1614 1174">
     <span class='ocr_line' id='line_1_85' title="bbox 935 1139 1614 1174; baseline -0.004 -7"><span class='ocrx_word' id='word_1_584' title='bbox 935 1139 1001 1167; x_wconf 69' lang='grc' dir='ltr'><strong>Ἦῖε</strong></span> <span class='ocrx_word' id='word_1_585' title='bbox 1016 1139 1096 1174; x_wconf 64' lang='grc' dir='ltr'><strong>φέρεέ</strong></span> <span class='ocrx_word' id='word_1_586' title='bbox 1112 1140 1241 1172; x_wconf 78' lang='grc' dir='ltr'><strong>ναύτῃσι</strong></span> <span class='ocrx_word' id='word_1_587' title='bbox 1254 1139 1339 1172; x_wconf 80' lang='grc' dir='ltr'><strong>τέρας</strong></span> <span class='ocrx_word' id='word_1_588' title='bbox 1355 1139 1488 1172; x_wconf 79' lang='grc' dir='ltr'><strong>κρυεροῖο</strong></span> <span class='ocrx_word' id='word_1_589' title='bbox 1501 1139 1614 1174; x_wconf 62' lang='grc' dir='ltr'><strong>φόϐοιο,</strong></span> 
     </span>
    </p>
   </div>
   <div class='ocr_carea' id='block_1_86' title="bbox 933 1172 1630 1208">
    <p class='ocr_par' dir='ltr' id='par_1_86' title="bbox 933 1172 1630 1208">
     <span class='ocr_line' id='line_1_86' title="bbox 933 1172 1630 1208; baseline -0.003 -7"><span class='ocrx_word' id='word_1_590' title='bbox 933 1172 1122 1208; x_wconf 57' lang='grc' dir='ltr'><strong>Πληῖίιξεῦἐ</strong></span> <span class='ocrx_word' id='word_1_591' title='bbox 1135 1174 1303 1208; x_wconf 75' lang='grc' dir='ltr'><strong>ἀκάμαντος</strong></span> <span class='ocrx_word' id='word_1_592' title='bbox 1314 1174 1345 1206; x_wconf 82' lang='grc' dir='ltr'><strong>ἐς</strong></span> <span class='ocrx_word' id='word_1_593' title='bbox 1365 1174 1509 1199; x_wconf 75' lang='grc' dir='ltr'><strong>Ὠκεανοῖο</strong></span> <span class='ocrx_word' id='word_1_594' title='bbox 1522 1173 1630 1206; x_wconf 78' lang='grc' dir='ltr'><strong>ῥέεθρα</strong></span> 
     </span>
    </p>
   </div>
   <div class='ocr_carea' id='block_1_87' title="bbox 934 1208 1608 1241">
    <p class='ocr_par' dir='ltr' id='par_1_87' title="bbox 934 1208 1608 1241">
     <span class='ocr_line' id='line_1_87' title="bbox 934 1208 1608 1241; baseline -0.004 -5"><span class='ocrx_word' id='word_1_595' title='bbox 934 1210 1014 1236; x_wconf 81' lang='grc' dir='ltr'><strong>Δύεθ”</strong></span> <span class='ocrx_word' id='word_1_596' title='bbox 1028 1208 1271 1236; x_wconf 78' lang='grc' dir='ltr'><em>ὑποπτώσσουσα</em></span> <span class='ocrx_word' id='word_1_597' title='bbox 1285 1208 1464 1241; x_wconf 80' lang='grc' dir='ltr'><strong>περικλυτὸν</strong></span> <span class='ocrx_word' id='word_1_598' title='bbox 1479 1208 1608 1241; x_wconf 81' lang='grc' dir='ltr'><strong>Ὠρίωνα.</strong></span> 
     </span>
    </p>
   </div>
   <div class='ocr_carea' id='block_1_88' title="bbox 968 1247 1713 1293">
    <p class='ocr_par' dir='ltr' id='par_1_88' title="bbox 968 1264 1713 1293">
     <span class='ocr_line' id='line_1_88' title="bbox 968 1264 1713 1293; baseline -0.001 -1"><span class='ocrx_word' id='word_1_599' title='bbox 968 1265 1034 1292; x_wconf 89' lang='lat' dir='ltr'><strong>Nam</strong></span> <span class='ocrx_word' id='word_1_600' title='bbox 1049 1265 1173 1293; x_wconf 88' lang='lat' dir='ltr'><strong>Pleiades</strong></span> <span class='ocrx_word' id='word_1_601' title='bbox 1189 1272 1288 1292; x_wconf 85' lang='lat' dir='ltr'><strong>Occasu</strong></span> <span class='ocrx_word' id='word_1_602' title='bbox 1307 1264 1440 1291; x_wconf 89' lang='lat' dir='ltr'><strong>matutino</strong></span> <span class='ocrx_word' id='word_1_603' title='bbox 1456 1265 1582 1290; x_wconf 81' lang='lat' dir='ltr'><strong>Orionem</strong></span> <span class='ocrx_word' id='word_1_604' title='bbox 1604 1268 1713 1291; x_wconf 82' lang='lat' dir='ltr'><strong>antece-</strong></span> 
     </span>
    </p>
   </div>
   <div class='ocr_carea' id='block_1_89' title="bbox 934 1309 1713 1346">
    <p class='ocr_par' dir='ltr' id='par_1_89' title="bbox 934 1309 1713 1346">
     <span class='ocr_line' id='line_1_89' title="bbox 934 1309 1713 1346; baseline -0.003 -8"><span class='ocrx_word' id='word_1_605' title='bbox 934 1311 1011 1338; x_wconf 92' lang='lat' dir='ltr'><strong>dunt.</strong></span> <span class='ocrx_word' id='word_1_606' title='bbox 1026 1311 1059 1338; x_wconf 79' lang='lat' dir='ltr'><strong>At</strong></span> <span class='ocrx_word' id='word_1_607' title='bbox 1084 1310 1117 1338; x_wconf 89' lang='lat' dir='ltr'><strong>de</strong></span> <span class='ocrx_word' id='word_1_608' title='bbox 1141 1311 1272 1346; x_wconf 87' lang='lat' dir='ltr'><strong>piscibus,</strong></span> <span class='ocrx_word' id='word_1_609' title='bbox 1298 1311 1447 1345; x_wconf 76' lang='lat' dir='ltr'><strong>praesertim</strong></span> <span class='ocrx_word' id='word_1_610' title='bbox 1470 1309 1503 1337; x_wconf 89' lang='lat' dir='ltr'><strong>de</strong></span> <span class='ocrx_word' id='word_1_611' title='bbox 1525 1309 1649 1342; x_wconf 87' lang='lat' dir='ltr'><strong>australi,</strong></span> <span class='ocrx_word' id='word_1_612' title='bbox 1666 1310 1713 1344; x_wconf 82' lang='lat' dir='ltr'><strong>qut</strong></span> 
     </span>
    </p>
   </div>
   <div class='ocr_carea' id='block_1_90' title="bbox 933 1354 1354 1392">
    <p class='ocr_par' dir='ltr' id='par_1_90' title="bbox 933 1354 1354 1392">
     <span class='ocr_line' id='line_1_90' title="bbox 933 1354 1354 1392; baseline -0.002 -8"><span class='ocrx_word' id='word_1_613' title='bbox 933 1357 1040 1384; x_wconf 89' lang='lat' dir='ltr'><strong>dicatur</strong></span> <span class='ocrx_word' id='word_1_614' title='bbox 1055 1354 1181 1392; x_wconf 89' lang='lat' dir='ltr'><strong>equidem</strong></span> <span class='ocrx_word' id='word_1_615' title='bbox 1195 1363 1249 1383; x_wconf 90' lang='lat' dir='ltr'><strong>non</strong></span> <span class='ocrx_word' id='word_1_616' title='bbox 1265 1356 1354 1383; x_wconf 86' lang='lat' dir='ltr'><strong>video.</strong></span> 
     </span>
    </p>
   </div>
   <div class='ocr_carea' id='block_1_91' title="bbox 967 1398 1714 1438">
    <p class='ocr_par' dir='ltr' id='par_1_91' title="bbox 967 1398 1714 1438">
     <span class='ocr_line' id='line_1_91' title="bbox 967 1398 1714 1438; baseline -0.007 -8"><span class='ocrx_word' id='word_1_617' title='bbox 967 1401 1145 1438; x_wconf 80' lang='lat' dir='ltr'><strong>Vergiliarum</strong></span> <span class='ocrx_word' id='word_1_618' title='bbox 1157 1404 1246 1428; x_wconf 88' lang='lat' dir='ltr'><strong>ortum</strong></span> <span class='ocrx_word' id='word_1_619' title='bbox 1261 1399 1527 1433; x_wconf 75' lang='lat' dir='ltr'><strong>Varro,Columella,</strong></span> <span class='ocrx_word' id='word_1_620' title='bbox 1539 1398 1642 1426; x_wconf 89' lang='lat' dir='ltr'><strong>Plinius</strong></span> <span class='ocrx_word' id='word_1_621' title='bbox 1655 1399 1714 1426; x_wconf 86' lang='lat' dir='ltr'><strong>alii-</strong></span> 
     </span>
    </p>
   </div>
   <div class='ocr_carea' id='block_1_92' title="bbox 933 1444 1714 1486">
    <p class='ocr_par' dir='ltr' id='par_1_92' title="bbox 933 1444 1714 1486">
     <span class='ocr_line' id='line_1_92' title="bbox 933 1444 1714 1486; baseline -0.008 -8"><span class='ocrx_word' id='word_1_622' title='bbox 933 1457 987 1486; x_wconf 88' lang='lat' dir='ltr'><strong>que</strong></span> <span class='ocrx_word' id='word_1_623' title='bbox 998 1449 1134 1483; x_wconf 83' lang='lat' dir='ltr'><strong>scribunt,</strong></span> <span class='ocrx_word' id='word_1_624' title='bbox 1149 1452 1211 1483; x_wconf 89' lang='lat' dir='ltr'><strong>post</strong></span> <span class='ocrx_word' id='word_1_625' title='bbox 1225 1447 1284 1474; x_wconf 88' lang='lat' dir='ltr'><strong>dies</strong></span> <span class='ocrx_word' id='word_1_626' title='bbox 1300 1454 1373 1478; x_wconf 72' lang='grc' dir='ltr'><strong>κων,</strong></span> <span class='ocrx_word' id='word_1_627' title='bbox 1393 1447 1436 1473; x_wconf 82' lang='lat' dir='ltr'><strong>vel</strong></span> <span class='ocrx_word' id='word_1_628' title='bbox 1451 1453 1533 1472; x_wconf 83' lang='lat' dir='ltr'><strong>vam</strong></span> <span class='ocrx_word' id='word_1_629' title='bbox 1546 1445 1580 1472; x_wconf 87' lang='lat' dir='ltr'><strong>ab</strong></span> <span class='ocrx_word' id='word_1_630' title='bbox 1593 1444 1714 1479; x_wconf 82' lang='lat' dir='ltr'><strong>aequino-</strong></span> 
     </span>
    </p>
   </div>
   <div class='ocr_carea' id='block_1_93' title="bbox 933 1490 1711 1529">
    <p class='ocr_par' dir='ltr' id='par_1_93' title="bbox 933 1490 1711 1529">
     <span class='ocr_line' id='line_1_93' title="bbox 933 1490 1711 1529; baseline -0.009 -6"><span class='ocrx_word' id='word_1_631' title='bbox 933 1496 988 1524; x_wconf 89' lang='lat' dir='ltr'><strong>ctio</strong></span> <span class='ocrx_word' id='word_1_632' title='bbox 999 1502 1082 1523; x_wconf 87' lang='lat' dir='ltr'><strong>verno</strong></span> <span class='ocrx_word' id='word_1_633' title='bbox 1095 1494 1261 1529; x_wconf 84' lang='lat' dir='ltr'><strong>contingere.</strong></span> <span class='ocrx_word' id='word_1_634' title='bbox 1278 1492 1364 1519; x_wconf 79' lang='lat' dir='ltr'><strong>Varro</strong></span> <span class='ocrx_word' id='word_1_635' title='bbox 1377 1492 1445 1520; x_wconf 81' lang='lat' dir='ltr'><strong>libro</strong></span> <span class='ocrx_word' id='word_1_636' title='bbox 1461 1491 1480 1523; x_wconf 90' lang='lat' dir='ltr'><strong>l,</strong></span> <span class='ocrx_word' id='word_1_637' title='bbox 1497 1491 1583 1529; x_wconf 83' lang='lat' dir='ltr'><strong>capite</strong></span> <span class='ocrx_word' id='word_1_638' title='bbox 1593 1490 1711 1521; x_wconf 57' lang='lat' dir='ltr'><strong>XXVI&quot;,</strong></span> 
     </span>
    </p>
   </div>
   <div class='ocr_carea' id='block_1_94' title="bbox 896 1529 1714 1575">
    <p class='ocr_par' dir='ltr' id='par_1_94' title="bbox 896 1529 1714 1575">
     <span class='ocr_line' id='line_1_94' title="bbox 896 1529 1714 1575; baseline -0.009 -6"><span class='ocrx_word' id='word_1_639' title='bbox 896 1529 917 1558; x_wconf 57' lang='grc' dir='ltr'><strong>(ἶ</strong></span> <span class='ocrx_word' id='word_1_640' title='bbox 933 1541 992 1570; x_wconf 84' lang='lat' dir='ltr'><strong>dies</strong></span> <span class='ocrx_word' id='word_1_641' title='bbox 1004 1549 1065 1568; x_wconf 82' lang='lat' dir='ltr'><strong>xLIv</strong></span> <span class='ocrx_word' id='word_1_642' title='bbox 1079 1539 1214 1575; x_wconf 74' lang='lat' dir='ltr'><strong>praeﬂuit;</strong></span> <span class='ocrx_word' id='word_1_643' title='bbox 1229 1539 1317 1566; x_wconf 71' lang='lat' dir='ltr'><strong>caeteri</strong></span> <span class='ocrx_word' id='word_1_644' title='bbox 1335 1543 1395 1564; x_wconf 90' lang='lat' dir='ltr'><strong>octo</strong></span> <span class='ocrx_word' id='word_1_645' title='bbox 1411 1541 1438 1564; x_wconf 89' lang='lat' dir='ltr'><strong>et</strong></span> <span class='ocrx_word' id='word_1_646' title='bbox 1451 1537 1647 1572; x_wconf 80' lang='lat' dir='ltr'><strong>quadraginta;</strong></span> <span class='ocrx_word' id='word_1_647' title='bbox 1661 1536 1714 1563; x_wconf 90' lang='lat' dir='ltr'><strong>Co-</strong></span> 
     </span>
    </p>
   </div>
   <div class='ocr_carea' id='block_1_95' title="bbox 935 1581 1711 1619">
    <p class='ocr_par' dir='ltr' id='par_1_95' title="bbox 935 1581 1711 1619">
     <span class='ocr_line' id='line_1_95' title="bbox 935 1581 1711 1619; baseline -0.009 -4"><span class='ocrx_word' id='word_1_648' title='bbox 935 1587 1044 1615; x_wconf 87' lang='lat' dir='ltr'><strong>lumella</strong></span> <span class='ocrx_word' id='word_1_649' title='bbox 1059 1587 1128 1613; x_wconf 92' lang='lat' dir='ltr'><strong>libro</strong></span> <span class='ocrx_word' id='word_1_650' title='bbox 1143 1584 1189 1616; x_wconf 79' lang='lat' dir='ltr'><strong>IX,</strong></span> <span class='ocrx_word' id='word_1_651' title='bbox 1211 1584 1298 1619; x_wconf 87' lang='lat' dir='ltr'><strong>capite</strong></span> <span class='ocrx_word' id='word_1_652' title='bbox 1317 1581 1377 1610; x_wconf 73' lang='lat' dir='ltr'><strong>XIV</strong></span> <span class='ocrx_word' id='word_1_653' title='bbox 1400 1583 1455 1617; x_wconf 88' lang='lat' dir='ltr'><strong>(qui</strong></span> <span class='ocrx_word' id='word_1_654' title='bbox 1480 1587 1568 1610; x_wconf 87' lang='lat' dir='ltr'><strong>tamen</strong></span> <span class='ocrx_word' id='word_1_655' title='bbox 1583 1582 1651 1609; x_wconf 88' lang='lat' dir='ltr'><strong>libro</strong></span> <span class='ocrx_word' id='word_1_656' title='bbox 1665 1581 1711 1613; x_wconf 82' lang='lat' dir='ltr'><strong>XI,</strong></span> 
     </span>
    </p>
   </div>
   <div class='ocr_carea' id='block_1_96' title="bbox 933 1628 1712 1667">
    <p class='ocr_par' dir='ltr' id='par_1_96' title="bbox 933 1628 1712 1667">
     <span class='ocr_line' id='line_1_96' title="bbox 933 1628 1712 1667; baseline -0.008 -7"><span class='ocrx_word' id='word_1_657' title='bbox 933 1632 1021 1667; x_wconf 87' lang='lat' dir='ltr'><strong>capite</strong></span> <span class='ocrx_word' id='word_1_658' title='bbox 1032 1631 1064 1665; x_wconf 90' lang='lat' dir='ltr'><strong>II,</strong></span> <span class='ocrx_word' id='word_1_659' title='bbox 1081 1630 1165 1658; x_wconf 89' lang='lat' dir='ltr'><strong>Nonis</strong></span> <span class='ocrx_word' id='word_1_660' title='bbox 1178 1629 1250 1661; x_wconf 85' lang='lat' dir='ltr'><strong>Maii,</strong></span> <span class='ocrx_word' id='word_1_661' title='bbox 1267 1628 1293 1656; x_wconf 91' lang='lat' dir='ltr'><strong>id</strong></span> <span class='ocrx_word' id='word_1_662' title='bbox 1310 1631 1352 1656; x_wconf 88' lang='lat' dir='ltr'><strong>est</strong></span> <span class='ocrx_word' id='word_1_663' title='bbox 1366 1635 1428 1655; x_wconf 84' lang='lat' dir='ltr'><strong>xLIv</strong></span> <span class='ocrx_word' id='word_1_664' title='bbox 1442 1628 1485 1655; x_wconf 90' lang='lat' dir='ltr'><strong>die</strong></span> <span class='ocrx_word' id='word_1_665' title='bbox 1507 1628 1540 1655; x_wconf 93' lang='lat' dir='ltr'><strong>ab</strong></span> <span class='ocrx_word' id='word_1_666' title='bbox 1552 1628 1712 1662; x_wconf 67' lang='lat' dir='ltr'><strong>aequinoctio</strong></span> 
     </span>
    </p>
   </div>
   <div class='ocr_carea' id='block_1_97' title="bbox 933 1672 1710 1710">
    <p class='ocr_par' dir='ltr' id='par_1_97' title="bbox 933 1672 1710 1710">
     <span class='ocr_line' id='line_1_97' title="bbox 933 1672 1710 1710; baseline -0.009 -5"><span class='ocrx_word' id='word_1_667' title='bbox 933 1678 1039 1706; x_wconf 88' lang='lat' dir='ltr'><strong>easdem</strong></span> <span class='ocrx_word' id='word_1_668' title='bbox 1069 1676 1133 1704; x_wconf 91' lang='lat' dir='ltr'><strong>oriri</strong></span> <span class='ocrx_word' id='word_1_669' title='bbox 1161 1675 1296 1710; x_wconf 84' lang='lat' dir='ltr'><strong>scripsit);</strong></span> <span class='ocrx_word' id='word_1_670' title='bbox 1321 1673 1424 1701; x_wconf 90' lang='lat' dir='ltr'><strong>Plinius</strong></span> <span class='ocrx_word' id='word_1_671' title='bbox 1448 1674 1494 1700; x_wconf 91' lang='lat' dir='ltr'><strong>lib.</strong></span> <span class='ocrx_word' id='word_1_672' title='bbox 1523 1672 1622 1704; x_wconf 83' lang='lat' dir='ltr'><strong>XVIII,</strong></span> <span class='ocrx_word' id='word_1_673' title='bbox 1650 1680 1710 1707; x_wconf 86' lang='lat' dir='ltr'><strong>cap.</strong></span> 
     </span>
    </p>
   </div>
   <div class='ocr_carea' id='block_1_98' title="bbox 934 1717 1711 1753">
    <p class='ocr_par' dir='ltr' id='par_1_98' title="bbox 934 1717 1711 1753">
     <span class='ocr_line' id='line_1_98' title="bbox 934 1717 1711 1753; baseline -0.004 -6"><span class='ocrx_word' id='word_1_674' title='bbox 934 1719 1016 1747; x_wconf 78' lang='lat' dir='ltr'><strong>XXV.</strong></span> <span class='ocrx_word' id='word_1_675' title='bbox 1034 1719 1090 1747; x_wconf 86' lang='lat' dir='ltr'><strong>Hoc</strong></span> <span class='ocrx_word' id='word_1_676' title='bbox 1108 1720 1166 1747; x_wconf 89' lang='lat' dir='ltr'><strong>sive</strong></span> <span class='ocrx_word' id='word_1_677' title='bbox 1188 1720 1221 1748; x_wconf 90' lang='lat' dir='ltr'><strong>de</strong></span> <span class='ocrx_word' id='word_1_678' title='bbox 1235 1720 1299 1753; x_wconf 86' lang='lat' dir='ltr'><strong>_sola</strong></span> <span class='ocrx_word' id='word_1_679' title='bbox 1320 1718 1459 1746; x_wconf 89' lang='lat' dir='ltr'><strong>Pleiadum</strong></span> <span class='ocrx_word' id='word_1_680' title='bbox 1481 1717 1711 1753; x_wconf 87' lang='lat' dir='ltr'><strong>splendidissima,</strong></span> 
     </span>
    </p>
   </div>
   <div class='ocr_carea' id='block_1_99' title="bbox 934 1762 1713 1799">
    <p class='ocr_par' dir='ltr' id='par_1_99' title="bbox 934 1762 1713 1799">
     <span class='ocr_line' id='line_1_99' title="bbox 934 1762 1713 1799; baseline -0.001 -8"><span class='ocrx_word' id='word_1_681' title='bbox 934 1765 1104 1798; x_wconf 86' lang='lat' dir='ltr'><strong>maximaque</strong></span> <span class='ocrx_word' id='word_1_682' title='bbox 1120 1765 1243 1799; x_wconf 88' lang='lat' dir='ltr'><strong>capiatur</strong></span> <span class='ocrx_word' id='word_1_683' title='bbox 1257 1785 1264 1797; x_wconf 94' lang='lat'><strong>,</strong></span> <span class='ocrx_word' id='word_1_684' title='bbox 1287 1764 1345 1790; x_wconf 83' lang='lat' dir='ltr'><strong>sive</strong></span> <span class='ocrx_word' id='word_1_685' title='bbox 1362 1763 1397 1790; x_wconf 87' lang='lat' dir='ltr'><strong>de</strong></span> <span class='ocrx_word' id='word_1_686' title='bbox 1417 1767 1474 1790; x_wconf 90' lang='lat' dir='ltr'><strong>toto</strong></span> <span class='ocrx_word' id='word_1_687' title='bbox 1496 1762 1654 1795; x_wconf 87' lang='lat' dir='ltr'><strong>asterismo;</strong></span> <span class='ocrx_word' id='word_1_688' title='bbox 1667 1770 1713 1790; x_wconf 86' lang='lat' dir='ltr'><strong>ve-</strong></span> 
     </span>
    </p>
   </div>
   <div class='ocr_carea' id='block_1_100' title="bbox 934 1807 1712 1837">
    <p class='ocr_par' dir='ltr' id='par_1_100' title="bbox 934 1807 1712 1837">
     <span class='ocr_line' id='line_1_100' title="bbox 934 1807 1712 1837; baseline -0.003 -1"><span class='ocrx_word' id='word_1_689' title='bbox 934 1817 993 1836; x_wconf 88' lang='lat' dir='ltr'><strong>rum</strong></span> <span class='ocrx_word' id='word_1_690' title='bbox 1007 1817 1060 1836; x_wconf 90' lang='lat' dir='ltr'><strong>non</strong></span> <span class='ocrx_word' id='word_1_691' title='bbox 1075 1813 1126 1836; x_wconf 89' lang='lat' dir='ltr'><strong>est.</strong></span> <span class='ocrx_word' id='word_1_692' title='bbox 1143 1809 1208 1836; x_wconf 81' lang='lat' dir='ltr'><strong>Nam</strong></span> <span class='ocrx_word' id='word_1_693' title='bbox 1220 1810 1293 1837; x_wconf 92' lang='lat' dir='ltr'><strong>illius</strong></span> <span class='ocrx_word' id='word_1_694' title='bbox 1308 1813 1385 1836; x_wconf 88' lang='lat' dir='ltr'><strong>ortus</strong></span> <span class='ocrx_word' id='word_1_695' title='bbox 1398 1809 1519 1836; x_wconf 89' lang='lat' dir='ltr'><strong>heliacus</strong></span> <span class='ocrx_word' id='word_1_696' title='bbox 1533 1807 1625 1834; x_wconf 68' lang='lat' dir='ltr'><strong>Romae</strong></span> <span class='ocrx_word' id='word_1_697' title='bbox 1639 1807 1712 1834; x_wconf 89' lang='lat' dir='ltr'><strong>acci-</strong></span> 
     </span>
    </p>
   </div>
   <div class='ocr_carea' id='block_1_101' title="bbox 935 1853 1712 1888">
    <p class='ocr_par' dir='ltr' id='par_1_101' title="bbox 935 1853 1712 1888">
     <span class='ocr_line' id='line_1_101' title="bbox 935 1853 1712 1888; baseline -0.003 -7"><span class='ocrx_word' id='word_1_698' title='bbox 935 1854 1014 1881; x_wconf 84' lang='lat' dir='ltr'><strong>debat</strong></span> <span class='ocrx_word' id='word_1_699' title='bbox 1030 1854 1057 1880; x_wconf 90' lang='lat' dir='ltr'><strong>in</strong></span> <span class='ocrx_word' id='word_1_700' title='bbox 1073 1854 1166 1880; x_wconf 89' lang='lat' dir='ltr'><strong>ultima</strong></span> <span class='ocrx_word' id='word_1_701' title='bbox 1181 1858 1256 1888; x_wconf 74' lang='lat' dir='ltr'><strong>parte</strong></span> <span class='ocrx_word' id='word_1_702' title='bbox 1269 1854 1362 1886; x_wconf 87' lang='lat' dir='ltr'><strong>Tauri,</strong></span> <span class='ocrx_word' id='word_1_703' title='bbox 1378 1853 1556 1888; x_wconf 78' lang='lat' dir='ltr'><strong>sexagesimo,</strong></span> <span class='ocrx_word' id='word_1_704' title='bbox 1571 1856 1596 1880; x_wconf 88' lang='lat' dir='ltr'><strong>et</strong></span> <span class='ocrx_word' id='word_1_705' title='bbox 1610 1859 1643 1879; x_wconf 87' lang='lat' dir='ltr'><strong>eo</strong></span> <span class='ocrx_word' id='word_1_706' title='bbox 1657 1859 1712 1879; x_wconf 89' lang='lat' dir='ltr'><strong>am-</strong></span> 
     </span>
    </p>
   </div>
   <div class='ocr_carea' id='block_1_102' title="bbox 934 1897 1711 1934">
    <p class='ocr_par' dir='ltr' id='par_1_102' title="bbox 934 1897 1711 1934">
     <span class='ocr_line' id='line_1_102' title="bbox 934 1897 1711 1934; baseline 0 -8"><span class='ocrx_word' id='word_1_707' title='bbox 934 1900 1005 1934; x_wconf 89' lang='lat' dir='ltr'><strong>plius</strong></span> <span class='ocrx_word' id='word_1_708' title='bbox 1019 1899 1061 1926; x_wconf 87' lang='lat' dir='ltr'><strong>die</strong></span> <span class='ocrx_word' id='word_1_709' title='bbox 1081 1900 1115 1927; x_wconf 87' lang='lat' dir='ltr'><strong>ab</strong></span> <span class='ocrx_word' id='word_1_710' title='bbox 1127 1899 1249 1934; x_wconf 78' lang='lat' dir='ltr'><strong>ingreSsu</strong></span> <span class='ocrx_word' id='word_1_711' title='bbox 1266 1908 1293 1926; x_wconf 89' lang='lat' dir='ltr'><strong>In</strong></span> <span class='ocrx_word' id='word_1_712' title='bbox 1308 1900 1443 1926; x_wconf 86' lang='lat' dir='ltr'><strong>Arietem:</strong></span> <span class='ocrx_word' id='word_1_713' title='bbox 1460 1899 1511 1926; x_wconf 87' lang='lat' dir='ltr'><strong>hoc</strong></span> <span class='ocrx_word' id='word_1_714' title='bbox 1533 1903 1574 1926; x_wconf 88' lang='lat' dir='ltr'><strong>est</strong></span> <span class='ocrx_word' id='word_1_715' title='bbox 1588 1898 1632 1925; x_wconf 89' lang='lat' dir='ltr'><strong>die</strong></span> <span class='ocrx_word' id='word_1_716' title='bbox 1648 1897 1711 1926; x_wconf 79' lang='lat' dir='ltr'><strong>Maii</strong></span> 
     </span>
    </p>
   </div>
   <div class='ocr_carea' id='block_1_103' title="bbox 935 1942 1712 1979">
    <p class='ocr_par' dir='ltr' id='par_1_103' title="bbox 935 1942 1712 1979">
     <span class='ocr_line' id='line_1_103' title="bbox 935 1942 1712 1979; baseline -0.003 -7"><span class='ocrx_word' id='word_1_717' title='bbox 935 1953 980 1972; x_wconf 87' lang='lat' dir='ltr'><strong>xx.</strong></span> <span class='ocrx_word' id='word_1_718' title='bbox 997 1944 1044 1971; x_wconf 91' lang='lat' dir='ltr'><strong>Sin</strong></span> <span class='ocrx_word' id='word_1_719' title='bbox 1056 1944 1088 1972; x_wconf 90' lang='lat' dir='ltr'><strong>de</strong></span> <span class='ocrx_word' id='word_1_720' title='bbox 1100 1948 1156 1972; x_wconf 89' lang='lat' dir='ltr'><strong>toto</strong></span> <span class='ocrx_word' id='word_1_721' title='bbox 1174 1945 1317 1972; x_wconf 86' lang='lat' dir='ltr'><strong>asterismo</strong></span> <span class='ocrx_word' id='word_1_722' title='bbox 1331 1945 1358 1972; x_wconf 91' lang='lat' dir='ltr'><strong>id</strong></span> <span class='ocrx_word' id='word_1_723' title='bbox 1370 1944 1571 1979; x_wconf 85' lang='lat' dir='ltr'><strong>intelligendum</strong></span> <span class='ocrx_word' id='word_1_724' title='bbox 1586 1947 1638 1975; x_wconf 91' lang='lat' dir='ltr'><strong>est,</strong></span> <span class='ocrx_word' id='word_1_725' title='bbox 1649 1942 1712 1970; x_wconf 83' lang='lat' dir='ltr'><strong>Ver-</strong></span> 
     </span>
    </p>
   </div>
   <div class='ocr_carea' id='block_1_104' title="bbox 934 1988 1710 2025">
    <p class='ocr_par' dir='ltr' id='par_1_104' title="bbox 934 1988 1710 2025">
     <span class='ocr_line' id='line_1_104' title="bbox 934 1988 1710 2025; baseline -0.003 -9"><span class='ocrx_word' id='word_1_726' title='bbox 934 1990 1058 2025; x_wconf 86' lang='lat' dir='ltr'><strong>giliarum</strong></span> <span class='ocrx_word' id='word_1_727' title='bbox 1084 1989 1130 2016; x_wconf 92' lang='lat' dir='ltr'><strong>illa</strong></span> <span class='ocrx_word' id='word_1_728' title='bbox 1158 1989 1245 2021; x_wconf 88' lang='lat' dir='ltr'><strong>stella,</strong></span> <span class='ocrx_word' id='word_1_729' title='bbox 1269 1998 1330 2024; x_wconf 60' lang='lat' dir='ltr'><strong>quin</strong></span> <span class='ocrx_word' id='word_1_730' title='bbox 1354 1997 1387 2016; x_wconf 83' lang='lat' dir='ltr'><strong>ex</strong></span> <span class='ocrx_word' id='word_1_731' title='bbox 1416 1989 1595 2016; x_wconf 90' lang='lat' dir='ltr'><strong>lucidioribus</strong></span> <span class='ocrx_word' id='word_1_732' title='bbox 1624 1988 1710 2015; x_wconf 91' lang='lat' dir='ltr'><strong>tribus</strong></span> 
     </span>
    </p>
   </div>
   <div class='ocr_carea' id='block_1_105' title="bbox 935 2033 1710 2070">
    <p class='ocr_par' dir='ltr' id='par_1_105' title="bbox 935 2033 1710 2070">
     <span class='ocr_line' id='line_1_105' title="bbox 935 2033 1710 2070; baseline -0.003 -8"><span class='ocrx_word' id='word_1_733' title='bbox 935 2036 1050 2062; x_wconf 83' lang='lat' dir='ltr'><strong>maxime</strong></span> <span class='ocrx_word' id='word_1_734' title='bbox 1066 2035 1100 2061; x_wconf 85' lang='lat' dir='ltr'><strong>ad</strong></span> <span class='ocrx_word' id='word_1_735' title='bbox 1116 2035 1247 2062; x_wconf 85' lang='lat' dir='ltr'><strong>orientem</strong></span> <span class='ocrx_word' id='word_1_736' title='bbox 1266 2036 1391 2070; x_wconf 86' lang='lat' dir='ltr'><strong>pertinet,</strong></span> <span class='ocrx_word' id='word_1_737' title='bbox 1409 2042 1480 2061; x_wconf 89' lang='lat' dir='ltr'><strong>anno</strong></span> <span class='ocrx_word' id='word_1_738' title='bbox 1500 2034 1588 2070; x_wconf 90' lang='lat' dir='ltr'><strong>primo</strong></span> <span class='ocrx_word' id='word_1_739' title='bbox 1604 2033 1710 2061; x_wconf 74' lang='lat' dir='ltr'><strong>Iuliano</strong></span> 
     </span>
    </p>
   </div>
   <div class='ocr_carea' id='block_1_106' title="bbox 935 2080 1712 2116">
    <p class='ocr_par' dir='ltr' id='par_1_106' title="bbox 935 2080 1712 2116">
     <span class='ocr_line' id='line_1_106' title="bbox 935 2080 1712 2116; baseline -0.001 -8"><span class='ocrx_word' id='word_1_740' title='bbox 935 2081 1071 2108; x_wconf 86' lang='lat' dir='ltr'><strong>oriebatur</strong></span> <span class='ocrx_word' id='word_1_741' title='bbox 1086 2081 1187 2108; x_wconf 85' lang='lat' dir='ltr'><strong>hcliace</strong></span> <span class='ocrx_word' id='word_1_742' title='bbox 1202 2081 1230 2107; x_wconf 89' lang='lat' dir='ltr'><strong>in</strong></span> <span class='ocrx_word' id='word_1_743' title='bbox 1253 2081 1337 2116; x_wconf 83' lang='lat' dir='ltr'><strong>gradu</strong></span> <span class='ocrx_word' id='word_1_744' title='bbox 1360 2080 1534 2107; x_wconf 86' lang='lat' dir='ltr'><strong>Geminorum</strong></span> <span class='ocrx_word' id='word_1_745' title='bbox 1550 2080 1575 2110; x_wconf 80' lang='lat'><strong>5,</strong></span> <span class='ocrx_word' id='word_1_746' title='bbox 1600 2080 1650 2106; x_wconf 89' lang='lat' dir='ltr'><strong>hoc</strong></span> <span class='ocrx_word' id='word_1_747' title='bbox 1669 2083 1712 2108; x_wconf 84' lang='lat' dir='ltr'><strong>est</strong></span> 
     </span>
    </p>
   </div>
   <div class='ocr_carea' id='block_1_107' title="bbox 935 2125 1709 2161">
    <p class='ocr_par' dir='ltr' id='par_1_107' title="bbox 935 2125 1709 2161">
     <span class='ocr_line' id='line_1_107' title="bbox 935 2125 1709 2161; baseline -0.003 -7"><span class='ocrx_word' id='word_1_748' title='bbox 935 2127 1030 2154; x_wconf 86' lang='lat' dir='ltr'><strong>diebus</strong></span> <span class='ocrx_word' id='word_1_749' title='bbox 1047 2127 1081 2154; x_wconf 88' lang='lat' dir='ltr'><strong>ab</strong></span> <span class='ocrx_word' id='word_1_750' title='bbox 1097 2126 1260 2161; x_wconf 63' lang='lat' dir='ltr'><strong>aequinoctio</strong></span> <span class='ocrx_word' id='word_1_751' title='bbox 1282 2126 1397 2160; x_wconf 89' lang='lat' dir='ltr'><strong>amplius</strong></span> <span class='ocrx_word' id='word_1_752' title='bbox 1422 2125 1559 2160; x_wconf 78' lang='lat' dir='ltr'><strong>sexaginta</strong></span> <span class='ocrx_word' id='word_1_753' title='bbox 1579 2125 1709 2159; x_wconf 88' lang='lat' dir='ltr'><strong>quinque.</strong></span> 
     </span>
    </p>
   </div>
   <div class='ocr_carea' id='block_1_108' title="bbox 937 2170 1711 2206">
    <p class='ocr_par' dir='ltr' id='par_1_108' title="bbox 937 2170 1711 2206">
     <span class='ocr_line' id='line_1_108' title="bbox 937 2170 1711 2206; baseline -0.001 -8"><span class='ocrx_word' id='word_1_754' title='bbox 937 2170 992 2198; x_wconf 92' lang='lat' dir='ltr'><strong>Hoc</strong></span> <span class='ocrx_word' id='word_1_755' title='bbox 1006 2179 1069 2199; x_wconf 91' lang='lat' dir='ltr'><strong>vero</strong></span> <span class='ocrx_word' id='word_1_756' title='bbox 1082 2171 1193 2199; x_wconf 84' lang='lat' dir='ltr'><strong>Metonis</strong></span> <span class='ocrx_word' id='word_1_757' title='bbox 1211 2171 1310 2198; x_wconf 62' lang='lat' dir='ltr'><strong>saeculo</strong></span> <span class='ocrx_word' id='word_1_758' title='bbox 1323 2171 1350 2198; x_wconf 89' lang='lat' dir='ltr'><strong>in</strong></span> <span class='ocrx_word' id='word_1_759' title='bbox 1366 2179 1397 2198; x_wconf 88' lang='lat' dir='ltr'><strong>ea</strong></span> <span class='ocrx_word' id='word_1_760' title='bbox 1415 2171 1547 2206; x_wconf 90' lang='lat' dir='ltr'><strong>positione</strong></span> <span class='ocrx_word' id='word_1_761' title='bbox 1562 2171 1634 2203; x_wconf 74' lang='lat' dir='ltr'><strong>cteli,</strong></span> <span class='ocrx_word' id='word_1_762' title='bbox 1650 2178 1711 2206; x_wconf 60' lang='lat' dir='ltr'><strong>quae</strong></span> 
     </span>
    </p>
   </div>
   <div class='ocr_carea' id='block_1_109' title="bbox 934 2215 1710 2251">
    <p class='ocr_par' dir='ltr' id='par_1_109' title="bbox 934 2215 1710 2251">
     <span class='ocr_line' id='line_1_109' title="bbox 934 2215 1710 2251; baseline 0.001 -8"><span class='ocrx_word' id='word_1_763' title='bbox 934 2221 976 2243; x_wconf 89' lang='lat' dir='ltr'><strong>est</strong></span> <span class='ocrx_word' id='word_1_764' title='bbox 989 2216 1112 2247; x_wconf 83' lang='lat' dir='ltr'><strong>Athenis,</strong></span> <span class='ocrx_word' id='word_1_765' title='bbox 1139 2216 1260 2251; x_wconf 82' lang='lat' dir='ltr'><strong>contigit.</strong></span> <span class='ocrx_word' id='word_1_766' title='bbox 1286 2215 1352 2243; x_wconf 87' lang='lat' dir='ltr'><strong>Nam</strong></span> <span class='ocrx_word' id='word_1_767' title='bbox 1379 2215 1481 2251; x_wconf 90' lang='lat' dir='ltr'><strong>periodi</strong></span> <span class='ocrx_word' id='word_1_768' title='bbox 1502 2215 1614 2243; x_wconf 59' lang='lat' dir='ltr'><strong>Iuliana.)</strong></span> <span class='ocrx_word' id='word_1_769' title='bbox 1639 2223 1710 2244; x_wconf 90' lang='lat' dir='ltr'><strong>anno</strong></span> 
     </span>
    </p>
   </div>
   <div class='ocr_carea' id='block_1_110' title="bbox 934 2261 1710 2297">
    <p class='ocr_par' dir='ltr' id='par_1_110' title="bbox 934 2261 1710 2297">
     <span class='ocr_line' id='line_1_110' title="bbox 934 2261 1710 2297; baseline 0 -9"><span class='ocrx_word' id='word_1_770' title='bbox 934 2261 1012 2293; x_wconf 67' lang='lat'><strong>4285,</strong></span> <span class='ocrx_word' id='word_1_771' title='bbox 1025 2262 1070 2296; x_wconf 86' lang='lat' dir='ltr'><strong>qui</strong></span> <span class='ocrx_word' id='word_1_772' title='bbox 1084 2263 1222 2296; x_wconf 84' lang='lat' dir='ltr'><strong>proximus</strong></span> <span class='ocrx_word' id='word_1_773' title='bbox 1233 2266 1273 2289; x_wconf 88' lang='lat' dir='ltr'><strong>est</strong></span> <span class='ocrx_word' id='word_1_774' title='bbox 1285 2262 1318 2289; x_wconf 93' lang='lat' dir='ltr'><strong>ab</strong></span> <span class='ocrx_word' id='word_1_775' title='bbox 1332 2270 1364 2289; x_wconf 88' lang='lat' dir='ltr'><strong>eo</strong></span> <span class='ocrx_word' id='word_1_776' title='bbox 1391 2270 1445 2297; x_wconf 94' lang='lat' dir='ltr'><strong>quo</strong></span> <span class='ocrx_word' id='word_1_777' title='bbox 1458 2262 1546 2289; x_wconf 85' lang='lat' dir='ltr'><strong>Meton</strong></span> <span class='ocrx_word' id='word_1_778' title='bbox 1564 2262 1710 2289; x_wconf 89' lang='lat' dir='ltr'><strong>solstitium</strong></span> 
     </span>
    </p>
   </div>
   <div class='ocr_carea' id='block_1_111' title="bbox 933 2307 1711 2339">
    <p class='ocr_par' dir='ltr' id='par_1_111' title="bbox 933 2307 1711 2339">
     <span class='ocr_line' id='line_1_111' title="bbox 933 2307 1711 2339; baseline 0 -5"><span class='ocrx_word' id='word_1_779' title='bbox 933 2307 1104 2339; x_wconf 83' lang='lat' dir='ltr'><strong>observabat,</strong></span> <span class='ocrx_word' id='word_1_780' title='bbox 1117 2311 1192 2335; x_wconf 89' lang='lat' dir='ltr'><strong>ortus</strong></span> <span class='ocrx_word' id='word_1_781' title='bbox 1203 2307 1323 2335; x_wconf 79' lang='lat' dir='ltr'><strong>heliacus</strong></span> <span class='ocrx_word' id='word_1_782' title='bbox 1345 2308 1440 2335; x_wconf 72' lang='lat' dir='ltr'><strong>lucida:</strong></span> <span class='ocrx_word' id='word_1_783' title='bbox 1454 2307 1593 2335; x_wconf 89' lang='lat' dir='ltr'><strong>Pleiadum</strong></span> <span class='ocrx_word' id='word_1_784' title='bbox 1615 2308 1711 2335; x_wconf 87' lang='lat' dir='ltr'><strong>incidit</strong></span> 
     </span>
    </p>
   </div>
   <div class='ocr_carea' id='block_1_112' title="bbox 934 2352 1711 2388">
    <p class='ocr_par' dir='ltr' id='par_1_112' title="bbox 934 2352 1711 2388">
     <span class='ocr_line' id='line_1_112' title="bbox 934 2352 1711 2388; baseline 0 -9"><span class='ocrx_word' id='word_1_785' title='bbox 934 2352 961 2379; x_wconf 93' lang='lat' dir='ltr'><strong>in</strong></span> <span class='ocrx_word' id='word_1_786' title='bbox 979 2352 1060 2379; x_wconf 91' lang='lat' dir='ltr'><strong>Tauri</strong></span> <span class='ocrx_word' id='word_1_787' title='bbox 1074 2352 1185 2386; x_wconf 75' lang='lat' dir='ltr'><strong>gradum</strong></span> <span class='ocrx_word' id='word_1_788' title='bbox 1199 2353 1243 2385; x_wconf 86' lang='lat'><strong>18,</strong></span> <span class='ocrx_word' id='word_1_789' title='bbox 1255 2353 1308 2385; x_wconf 73' lang='grc' dir='ltr'><strong>ιδ’,</strong></span> <span class='ocrx_word' id='word_1_790' title='bbox 1324 2354 1369 2388; x_wconf 91' lang='lat' dir='ltr'><strong>qui</strong></span> <span class='ocrx_word' id='word_1_791' title='bbox 1385 2354 1411 2380; x_wconf 94' lang='lat' dir='ltr'><strong>in</strong></span> <span class='ocrx_word' id='word_1_792' title='bbox 1424 2353 1484 2380; x_wconf 85' lang='lat' dir='ltr'><strong>Maii</strong></span> <span class='ocrx_word' id='word_1_793' title='bbox 1500 2361 1534 2380; x_wconf 91' lang='lat' dir='ltr'><strong>xv</strong></span> <span class='ocrx_word' id='word_1_794' title='bbox 1547 2353 1617 2380; x_wconf 86' lang='lat' dir='ltr'><strong>diem</strong></span> <span class='ocrx_word' id='word_1_795' title='bbox 1630 2353 1711 2380; x_wconf 90' lang='lat' dir='ltr'><strong>circi-</strong></span> 
     </span>
    </p>
   </div>
   <div class='ocr_carea' id='block_1_113' title="bbox 934 2398 1709 2434">
    <p class='ocr_par' dir='ltr' id='par_1_113' title="bbox 934 2398 1709 2434">
     <span class='ocr_line' id='line_1_113' title="bbox 934 2398 1709 2434; baseline 0 -10"><span class='ocrx_word' id='word_1_796' title='bbox 934 2401 976 2425; x_wconf 88' lang='lat' dir='ltr'><strong>ter</strong></span> <span class='ocrx_word' id='word_1_797' title='bbox 999 2398 1098 2425; x_wconf 67' lang='lat' dir='ltr'><strong>saaculo</strong></span> <span class='ocrx_word' id='word_1_798' title='bbox 1120 2398 1165 2425; x_wconf 86' lang='lat' dir='ltr'><strong>ilio</strong></span> <span class='ocrx_word' id='word_1_799' title='bbox 1191 2399 1364 2434; x_wconf 86' lang='lat' dir='ltr'><strong>congruebat.</strong></span> <span class='ocrx_word' id='word_1_800' title='bbox 1381 2398 1583 2434; x_wconf 62' lang='lat' dir='ltr'><strong>Equinoctium</strong></span> <span class='ocrx_word' id='word_1_801' title='bbox 1597 2405 1709 2425; x_wconf 84' lang='lat' dir='ltr'><strong>vernum</strong></span> 
     </span>
    </p>
   </div>
   <div class='ocr_carea' id='block_1_114' title="bbox 934 2443 1708 2478">
    <p class='ocr_par' dir='ltr' id='par_1_114' title="bbox 934 2443 1708 2478">
     <span class='ocr_line' id='line_1_114' title="bbox 934 2443 1708 2478; baseline 0 -9"><span class='ocrx_word' id='word_1_802' title='bbox 934 2443 1107 2470; x_wconf 83' lang='lat' dir='ltr'><strong>commissum</strong></span> <span class='ocrx_word' id='word_1_803' title='bbox 1127 2447 1169 2470; x_wconf 81' lang='lat' dir='ltr'><strong>est</strong></span> <span class='ocrx_word' id='word_1_804' title='bbox 1182 2451 1254 2470; x_wconf 90' lang='lat' dir='ltr'><strong>anno</strong></span> <span class='ocrx_word' id='word_1_805' title='bbox 1274 2452 1353 2478; x_wconf 89' lang='lat' dir='ltr'><strong>quem</strong></span> <span class='ocrx_word' id='word_1_806' title='bbox 1374 2444 1503 2476; x_wconf 86' lang='lat' dir='ltr'><strong>diximus,</strong></span> <span class='ocrx_word' id='word_1_807' title='bbox 1520 2443 1608 2470; x_wconf 85' lang='lat' dir='ltr'><strong>Martii</strong></span> <span class='ocrx_word' id='word_1_808' title='bbox 1622 2450 1708 2474; x_wconf 79' lang='lat' dir='ltr'><strong>xxrn,</strong></span> 
     </span>
    </p>
   </div>
   <div class='ocr_carea' id='block_1_115' title="bbox 935 2487 1708 2523">
    <p class='ocr_par' dir='ltr' id='par_1_115' title="bbox 935 2487 1708 2523">
     <span class='ocr_line' id='line_1_115' title="bbox 935 2487 1708 2523; baseline 0 -9"><span class='ocrx_word' id='word_1_809' title='bbox 935 2487 1000 2514; x_wconf 86' lang='lat' dir='ltr'><strong>hora</strong></span> <span class='ocrx_word' id='word_1_810' title='bbox 1020 2487 1047 2518; x_wconf 90' lang='lat'><strong>0,</strong></span> <span class='ocrx_word' id='word_1_811' title='bbox 1068 2487 1108 2514; x_wconf 68' lang='lat'><strong>28&#39;</strong></span> <span class='ocrx_word' id='word_1_812' title='bbox 1132 2487 1254 2514; x_wconf 71' lang='lat' dir='ltr'><strong>Athenis.</strong></span> <span class='ocrx_word' id='word_1_813' title='bbox 1280 2488 1417 2523; x_wconf 82' lang='lat' dir='ltr'><strong>ingressus</strong></span> <span class='ocrx_word' id='word_1_814' title='bbox 1439 2489 1465 2515; x_wconf 90' lang='lat' dir='ltr'><strong>in</strong></span> <span class='ocrx_word' id='word_1_815' title='bbox 1491 2487 1612 2513; x_wconf 83' lang='lat' dir='ltr'><strong>Taurum</strong></span> <span class='ocrx_word' id='word_1_816' title='bbox 1642 2494 1708 2514; x_wconf 90' lang='lat' dir='ltr'><strong>vero</strong></span> 
     </span>
    </p>
   </div>
   <div class='ocr_carea' id='block_1_116' title="bbox 934 2531 1708 2567">
    <p class='ocr_par' dir='ltr' id='par_1_116' title="bbox 934 2531 1708 2567">
     <span class='ocr_line' id='line_1_116' title="bbox 934 2531 1708 2567; baseline -0.001 -9"><span class='ocrx_word' id='word_1_817' title='bbox 934 2535 1008 2559; x_wconf 90' lang='lat' dir='ltr'><strong>motu</strong></span> <span class='ocrx_word' id='word_1_818' title='bbox 1028 2533 1154 2559; x_wconf 88' lang='lat' dir='ltr'><strong>convenit</strong></span> <span class='ocrx_word' id='word_1_819' title='bbox 1176 2532 1276 2567; x_wconf 78' lang='lat' dir='ltr'><strong>Aprilis</strong></span> <span class='ocrx_word' id='word_1_820' title='bbox 1288 2541 1363 2564; x_wconf 77' lang='lat' dir='ltr'><strong>xxvr,</strong></span> <span class='ocrx_word' id='word_1_821' title='bbox 1376 2533 1443 2560; x_wconf 89' lang='lat' dir='ltr'><strong>hora</strong></span> <span class='ocrx_word' id='word_1_822' title='bbox 1459 2533 1501 2564; x_wconf 80' lang='grc'><strong>18,</strong></span> <span class='ocrx_word' id='word_1_823' title='bbox 1515 2531 1566 2558; x_wconf 86' lang='grc'><strong>56’.</strong></span> <span class='ocrx_word' id='word_1_824' title='bbox 1590 2531 1628 2558; x_wconf 92' lang='lat' dir='ltr'><strong>Ita</strong></span> <span class='ocrx_word' id='word_1_825' title='bbox 1647 2538 1708 2566; x_wconf 86' lang='lat' dir='ltr'><strong>gra-</strong></span> 
     </span>
    </p>
   </div>
   <div class='ocr_carea' id='block_1_117' title="bbox 935 2576 1709 2611">
    <p class='ocr_par' dir='ltr' id='par_1_117' title="bbox 935 2576 1709 2611">
     <span class='ocr_line' id='line_1_117' title="bbox 935 2576 1709 2611; baseline 0 -8"><span class='ocrx_word' id='word_1_826' title='bbox 935 2577 997 2604; x_wconf 90' lang='lat' dir='ltr'><strong>dum</strong></span> <span class='ocrx_word' id='word_1_827' title='bbox 1013 2576 1094 2604; x_wconf 89' lang='lat' dir='ltr'><strong>Tauri</strong></span> <span class='ocrx_word' id='word_1_828' title='bbox 1112 2577 1153 2609; x_wconf 88' lang='grc'><strong>18,</strong></span> <span class='ocrx_word' id='word_1_829' title='bbox 1169 2578 1211 2605; x_wconf 61' lang='grc'><strong>18¹</strong></span> <span class='ocrx_word' id='word_1_830' title='bbox 1228 2579 1314 2605; x_wconf 85' lang='lat' dir='ltr'><strong>tenuit</strong></span> <span class='ocrx_word' id='word_1_831' title='bbox 1326 2579 1366 2606; x_wconf 91' lang='lat' dir='ltr'><strong>sol</strong></span> <span class='ocrx_word' id='word_1_832' title='bbox 1378 2586 1409 2604; x_wconf 81' lang='lat' dir='ltr'><strong>ea</strong></span> <span class='ocrx_word' id='word_1_833' title='bbox 1424 2581 1502 2604; x_wconf 80' lang='lat' dir='ltr'><strong>nocte</strong></span> <span class='ocrx_word' id='word_1_834' title='bbox 1516 2577 1633 2608; x_wconf 88' lang='lat' dir='ltr'><strong>circiter,</strong></span> <span class='ocrx_word' id='word_1_835' title='bbox 1649 2584 1709 2611; x_wconf 60' lang='lat' dir='ltr'><strong>qua</strong></span> 
     </span>
    </p>
   </div>
   <div class='ocr_carea' id='block_1_118' title="bbox 935 2622 1706 2655">
    <p class='ocr_par' dir='ltr' id='par_1_118' title="bbox 935 2622 1706 2655">
     <span class='ocr_line' id='line_1_118' title="bbox 935 2622 1706 2655; baseline 0.001 -7"><span class='ocrx_word' id='word_1_836' title='bbox 935 2622 1006 2649; x_wconf 87' lang='lat' dir='ltr'><strong>inter</strong></span> <span class='ocrx_word' id='word_1_837' title='bbox 1019 2630 1063 2649; x_wconf 86' lang='lat' dir='ltr'><strong>xtv</strong></span> <span class='ocrx_word' id='word_1_838' title='bbox 1079 2627 1105 2649; x_wconf 89' lang='lat' dir='ltr'><strong>ct</strong></span> <span class='ocrx_word' id='word_1_839' title='bbox 1121 2631 1155 2650; x_wconf 88' lang='lat' dir='ltr'><strong>xv</strong></span> <span class='ocrx_word' id='word_1_840' title='bbox 1169 2623 1229 2650; x_wconf 82' lang='lat' dir='ltr'><strong>Maii</strong></span> <span class='ocrx_word' id='word_1_841' title='bbox 1251 2623 1414 2655; x_wconf 87' lang='lat' dir='ltr'><strong>intercessit,</strong></span> <span class='ocrx_word' id='word_1_842' title='bbox 1436 2623 1487 2649; x_wconf 91' lang='lat' dir='ltr'><strong>hoc</strong></span> <span class='ocrx_word' id='word_1_843' title='bbox 1501 2625 1543 2649; x_wconf 87' lang='lat' dir='ltr'><strong>est</strong></span> <span class='ocrx_word' id='word_1_844' title='bbox 1567 2622 1610 2650; x_wconf 86' lang='lat' dir='ltr'><strong>die</strong></span> <span class='ocrx_word' id='word_1_845' title='bbox 1624 2629 1706 2649; x_wconf 82' lang='lat' dir='ltr'><strong>vam</strong></span> 
     </span>
    </p>
   </div>
   <div class='ocr_carea' id='block_1_119' title="bbox 935 2668 1211 2702">
    <p class='ocr_par' dir='ltr' id='par_1_119' title="bbox 935 2668 1211 2702">
     <span class='ocr_line' id='line_1_119' title="bbox 935 2668 1211 2702; baseline 0 -8"><span class='ocrx_word' id='word_1_846' title='bbox 935 2672 995 2702; x_wconf 86' lang='lat' dir='ltr'><strong>post</strong></span> <span class='ocrx_word' id='word_1_847' title='bbox 1010 2668 1211 2702; x_wconf 60' lang='lat' dir='ltr'><strong>aequinoctium.</strong></span> 
     </span>
    </p>
   </div>
   <div class='ocr_carea' id='block_1_120' title="bbox 968 2711 1707 2748">
    <p class='ocr_par' dir='ltr' id='par_1_120' title="bbox 968 2711 1707 2748">
     <span class='ocr_line' id='line_1_120' title="bbox 968 2711 1707 2748; baseline 0 -10"><span class='ocrx_word' id='word_1_848' title='bbox 968 2711 1009 2738; x_wconf 86' lang='lat' dir='ltr'><strong>Ad</strong></span> <span class='ocrx_word' id='word_1_849' title='bbox 1033 2712 1083 2739; x_wconf 89' lang='lat' dir='ltr'><strong>hoc</strong></span> <span class='ocrx_word' id='word_1_850' title='bbox 1103 2717 1207 2748; x_wconf 82' lang='lat' dir='ltr'><strong>tempus</strong></span> <span class='ocrx_word' id='word_1_851' title='bbox 1228 2713 1398 2740; x_wconf 84' lang='lat' dir='ltr'><strong>intervallum</strong></span> <span class='ocrx_word' id='word_1_852' title='bbox 1420 2712 1472 2739; x_wconf 87' lang='lat' dir='ltr'><strong>hoc</strong></span> <span class='ocrx_word' id='word_1_853' title='bbox 1495 2712 1599 2739; x_wconf 85' lang='lat' dir='ltr'><strong>dierum</strong></span> <span class='ocrx_word' id='word_1_854' title='bbox 1624 2719 1707 2738; x_wconf 84' lang='lat' dir='ltr'><strong>vaut</strong></span> 
     </span>
    </p>
   </div>
   <div class='ocr_carea' id='block_1_121' title="bbox 935 2757 1707 2791">
    <p class='ocr_par' dir='ltr' id='par_1_121' title="bbox 935 2757 1707 2791">
     <span class='ocr_line' id='line_1_121' title="bbox 935 2757 1707 2791; baseline 0 -7"><span class='ocrx_word' id='word_1_855' title='bbox 935 2758 1125 2791; x_wconf 58' lang='lat' dir='ltr'><strong>aquinoctium</strong></span> <span class='ocrx_word' id='word_1_856' title='bbox 1159 2759 1228 2789; x_wconf 87' lang='lat' dir='ltr'><strong>inter</strong></span> <span class='ocrx_word' id='word_1_857' title='bbox 1252 2763 1278 2786; x_wconf 90' lang='lat' dir='ltr'><strong>et</strong></span> <span class='ocrx_word' id='word_1_858' title='bbox 1297 2763 1385 2785; x_wconf 89' lang='lat' dir='ltr'><strong>ortum</strong></span> <span class='ocrx_word' id='word_1_859' title='bbox 1407 2757 1569 2784; x_wconf 88' lang='lat' dir='ltr'><strong>matutinum</strong></span> <span class='ocrx_word' id='word_1_860' title='bbox 1590 2757 1707 2784; x_wconf 83' lang='lat' dir='ltr'><strong>Pleiadis</strong></span> 
     </span>
    </p>
   </div>
   <div class='ocr_carea' id='block_1_122' title="bbox 935 2802 1706 2838">
    <p class='ocr_par' dir='ltr' id='par_1_122' title="bbox 935 2802 1706 2838">
     <span class='ocr_line' id='line_1_122' title="bbox 935 2802 1706 2838; baseline 0.001 -10"><span class='ocrx_word' id='word_1_861' title='bbox 935 2802 1029 2829; x_wconf 79' lang='lat' dir='ltr'><strong>referri</strong></span> <span class='ocrx_word' id='word_1_862' title='bbox 1043 2803 1137 2830; x_wconf 80' lang='lat' dir='ltr'><strong>debet:</strong></span> <span class='ocrx_word' id='word_1_863' title='bbox 1154 2812 1206 2831; x_wconf 89' lang='lat' dir='ltr'><strong>non</strong></span> <span class='ocrx_word' id='word_1_864' title='bbox 1220 2803 1252 2830; x_wconf 88' lang='lat' dir='ltr'><strong>ad</strong></span> <span class='ocrx_word' id='word_1_865' title='bbox 1269 2803 1404 2830; x_wconf 73' lang='lat' dir='ltr'><strong>Iulianum</strong></span> <span class='ocrx_word' id='word_1_866' title='bbox 1419 2804 1557 2835; x_wconf 65' lang='lat' dir='ltr'><strong>smculum,</strong></span> <span class='ocrx_word' id='word_1_867' title='bbox 1574 2811 1661 2838; x_wconf 89' lang='lat' dir='ltr'><strong>neque</strong></span> <span class='ocrx_word' id='word_1_868' title='bbox 1674 2803 1706 2830; x_wconf 89' lang='lat' dir='ltr'><strong>ad</strong></span> 
     </span>
    </p>
   </div>
   <div class='ocr_carea' id='block_1_123' title="bbox 937 2847 1706 2883">
    <p class='ocr_par' dir='ltr' id='par_1_123' title="bbox 937 2847 1706 2883">
     <span class='ocr_line' id='line_1_123' title="bbox 937 2847 1706 2883; baseline -0.003 -9"><span class='ocrx_word' id='word_1_869' title='bbox 937 2847 1134 2883; x_wconf 61' lang='lat' dir='ltr'><strong>situtitﬁomc,</strong></span> <span class='ocrx_word' id='word_1_870' title='bbox 1149 2848 1194 2875; x_wconf 88' lang='lat' dir='ltr'><strong>sed</strong></span> <span class='ocrx_word' id='word_1_871' title='bbox 1206 2847 1323 2874; x_wconf 63' lang='lat' dir='ltr'><strong>Grmcirc.</strong></span> <span class='ocrx_word' id='word_1_872' title='bbox 1337 2847 1403 2874; x_wconf 79' lang='lat' dir='ltr'><strong>Cum</strong></span> <span class='ocrx_word' id='word_1_873' title='bbox 1416 2851 1504 2877; x_wconf 77' lang='lat' dir='ltr'><strong>autem</strong></span> <span class='ocrx_word' id='word_1_874' title='bbox 1521 2847 1706 2878; x_wconf 68' lang='lat' dir='ltr'><strong>culcbcrriuia,</strong></span> 
     </span>
    </p>
   </div>
  </div>
