1900 3137
215 162 284 191 1579

711 159 756 187 AD
775 159 908 188 EUSEBII
926 158 1121 187 CIIRONICON
1141 158 1320 187 APPENDIX.

1768 158 1837 186 1580

213 222 354 256 etubique
364 225 509 257 propagata
522 220 639 248 Metonis
655 220 892 248 euneadecacteris
905 224 989 251 esset,
1005 221 1029 250 Α
1043 219 1126 247 Tauri
1148 224 1225 248 sexta
1243 224 1320 255 parte
1344 219 1468 247 oriuntur
1486 219 1623 247 Pleiades.
1641 227 1651 243 ι
1671 216 1744 252 (Etsi
1763 217 1838 244 aliud

215 275 247 295 ac
263 275 436 303 parapegma,
459 274 491 293 cx
514 273 600 300 eoque
626 270 777 300 temporum
793 267 863 292 ratio
882 265 996 293 ducere-

214 317 268 345 tur,
287 321 346 348 quae
361 312 394 339 ad
410 311 622 347 navigationem,
638 312 847 346 agriculturam,
871 315 897 339 et
912 311 937 338 id
953 318 996 347 ge<

213 367 266 387 nus
281 360 333 386 alia
350 359 525 394 gubernanda
543 358 686 386 transferri
705 359 787 392 solet;
805 358 899 393 perdiu
914 365 947 385 ex
964 358 997 384 il-

213 406 268 433 lius
288 405 446 440 pra'scripto
467 409 575 431 ortuum
596 408 623 432 et
641 411 786 431 occasuum
802 404 830 430 in
849 404 946 434 stellis,
963 411 996 431 ac

212 455 402 485 tempestatum
422 451 509 485 spatia
529 450 645 478 dimensi
657 453 720 477 sunt
738 458 745 476 :
767 450 891 484 quamvis
912 457 995 476 accu—

211 497 325 524 ratiores
338 496 538 531 insequentium
549 499 768 522 astronontorum
782 495 879 522 calculi
902 495 996 530 paula-

211 542 259 568 tim
275 541 332 568 haec
346 549 407 568 esse
419 544 521 567 mutata
534 540 743 573 convincerent;
763 540 809 568 sed
823 540 894 575 quod
912 541 995 568 semel

211 586 335 621 populari
354 593 416 617 usu,
433 593 466 612 ac
483 586 591 620 publice
611 586 757 617 sancitum,
781 585 951 618 inveteravit,
969 585 994 612 id

213 631 400 666 imperitorum
426 638 458 658 ac
481 631 646 658 rusticorum
674 632 823 666 praascrtim
839 639 872 663 ex
896 631 995 659 animis

210 676 290 703 evelli
301 680 383 711 atque
396 677 553 711 extorqueri
569 675 676 703 ditlicile
689 680 789 711 potest.

247 721 283 749 De
309 722 361 749 hoc
386 722 499 749 Metonis
517 730 599 753 anno,
627 729 659 749 ac
683 726 871 758 parapegmate
896 722 928 749 ad
956 722 993 753 id,

211 767 283 802 quod
296 768 427 801 diximus,
446 768 568 804 apposite
589 767 687 796 Festus
706 769 826 796 Avienus
847 769 874 795 in
889 770 994 796 Arateis

211 814 248 842 ita
264 814 373 849 scripsit
388 823 395 843 :

245 881 324 909 Illius
338 882 371 909 ad
386 891 506 910 numeros
523 883 628 917 prolixa
644 883 767 909 decennia
786 891 893 915 rursum

246 917 381 952 Adjecisse
391 917 479 944 Meton
496 917 624 950 Cecropca
635 918 735 944 dicitur
749 924 805 944 arte
818 927 826 944 :

246 952 396 987 Inseditque
411 953 518 983 animis,
532 954 612 979 tenuit
630 961 684 979 rem
700 952 802 979 Grmcia
816 953 899 980 solers

248 987 385 1020 Protinus,
400 993 423 1014 et
438 988 526 1022 longos
539 988 670 1014 inventum
684 988 754 1014 misit
767 988 794 1014 in
809 996 903 1015 mutos.

246 1044 426 1077 Quamobrem
443 1043 549 1071 tametsi
567 1043 602 1071 ab
616 1044 782 1079 Hipparcho,
801 1049 827 1072 et
842 1045 902 1072 aliis
917 1044 995 1072 dein-

211 1098 276 1125 ceps
288 1098 379 1117 rerum
396 1090 547 1117 cmlestium
562 1090 667 1124 peritis,
685 1091 770 1117 multa
786 1091 812 1118 in
829 1092 995 1119 astronomia

211 1143 243 1163 ac
262 1139 452 1170 tempestatum
478 1136 671 1163 distributione
697 1141 863 1164 commutata
884 1137 997 1164 innova-

211 1185 293 1216 taque
304 1182 370 1214 sint,
385 1181 463 1208 haesit
481 1186 569 1209 tamen
584 1189 666 1217 penes
691 1183 797 1218 vulgus,
811 1188 838 1210 et
850 1183 876 1210 in
888 1185 996 1212 rustica:

211 1227 251 1255 rei
270 1228 419 1262 praesertim
439 1228 683 1260 administratione,
695 1233 774 1256 vetus
793 1230 837 1256 illa
857 1234 884 1257 et
912 1230 996 1257 Meto-

211 1273 272 1300 nica
286 1274 373 1300 ratio:
388 1278 416 1300 ut
433 1273 462 1300 in
474 1274 520 1301 lib.
536 1272 581 1305 IX,
598 1281 659 1308 cap.
672 1273 731 1301 XIV
745 1274 895 1302 Columella
912 1280 996 1303 testa-

211 1321 266 1344 tur.
291 1318 351 1350 Quo
373 1326 405 1346 ex
428 1326 526 1353 genere
550 1317 727 1353 Vergiliarum
743 1320 786 1348 ille
806 1328 866 1348 esse
890 1321 996 1348 videtur

208 1367 286 1392 ortus
297 1364 402 1391 dierum
420 1369 480 1398 post
494 1365 686 1399 tequinootium
704 1369 765 1393 octo
779 1370 806 1393 et
819 1366 996 1402 quadraginta

209 1410 298 1445 spatio
324 1409 463 1437 deﬁnitus.
489 1409 567 1442 Quod
590 1418 652 1437 cum
680 1410 713 1438 ad
728 1411 824 1438 Atticae
846 1411 940 1444 situm,
955 1412 995 1439 uti

208 1454 312 1481 dictum
338 1459 390 1486 est,
415 1454 530 1482 Metonis
556 1459 635 1483 aetate
664 1456 822 1491 pertineret,
839 1461 939 1485 temere
961 1457 995 1485 ad

209 1499 291 1526 Italiae
313 1501 444 1534 positum,
467 1504 628 1536 aetatemque
651 1509 729 1528 suam
750 1500 867 1528 Romani
888 1506 996 1531 traxere

1046 269 1088 292 est
1108 265 1173 291 oriri
1190 265 1216 291 in
1229 268 1304 292 sexta
1319 268 1397 300 parte
1412 263 1504 296 Tauri,
1517 264 1594 291 aliud
1609 262 1739 290 Taurum
1752 261 1839 290 Pleia-

1045 309 1094 336 das
1115 314 1191 337 sexta
1211 313 1286 344 parte
1306 310 1348 336 sui
1371 309 1487 337 tollere:
1504 309 1558 336 hoc
1573 308 1650 336 enim
1679 311 1736 337 est.
1761 312 1837 335 sexta

1045 359 1122 390 parte
1149 355 1230 390 signi,
1254 355 1301 390 qui
1329 358 1394 382 sunt
1423 354 1523 390 gradus
1552 362 1580 381 ν.
1609 352 1666 380 Sed
1698 351 1838 379 Firmicus

1046 405 1151 428 sextum
1170 401 1283 436 gradum
1307 400 1454 435 concepit.)
1479 399 1533 427 Nec
1555 399 1635 426 aliter
1658 399 1838 433 intelligenda

1045 450 1109 473 sunt
1124 446 1241 474 obscura
1253 446 1335 474 Plinii
1349 446 1431 473 verba
1444 445 1533 476 Iib.II.
1547 453 1608 480 cap.
1623 443 1724 471 XLVII
1738 453 1744 471 :
1762 453 1771 469 ι
1786 443 1839 470 Da—

1044 497 1090 519 tus
1103 497 1145 520 est
1163 496 1253 520 autem
1273 492 1337 519 huic
1358 491 1501 526 (Favonio)
1515 496 1628 518 exortus
1649 489 1834 525 Vergiliarum

1047 538 1073 564 in
1090 537 1202 566 totidem
1227 538 1349 572 partibus
1366 537 1458 569 Tauri,
1475 545 1521 565 sex
1543 537 1641 565 diebus
1664 540 1734 563 ante
1755 536 1836 563 Maias

1045 584 1118 613 ldus.
1148 594 1156 610 ι
1180 583 1232 611 Ubi
1255 584 1366 612 totidem
1390 588 1482 619 partes
1500 591 1560 611 esse
1583 583 1666 616 dicit,
1682 587 1754 617 quot
1775 588 1834 610 sunt

1044 630 1102 658 dies
1118 633 1180 658 ante
1201 629 1286 658 Maias
1307 630 1379 658 ldus.
1401 629 1437 657 Ut
1456 638 1549 657 verum
1577 634 1617 657 est
1647 629 1764 656 Ilesiodi
1785 637 1833 657 sa-

1045 678 1106 704 culo
1122 678 1149 704 in
1170 677 1273 704 Boeotia
1289 677 1406 704 lucidam
1422 675 1561 703 Pleiadum
1580 675 1701 703 circiter
1725 683 1752 702 vr
1774 676 1831 702 ldus

1045 723 1129 749 Maias
1143 727 1233 749 ortum
1248 722 1382 750 heliacum
1399 721 1506 753 fecisse,
1526 729 1579 748 non
1594 725 1692 748 tamen
1718 720 1748 747 in
1763 725 1831 754 parte

1045 772 1120 795 sexta
1135 767 1229 800 Tauri,
1245 769 1291 796 sed
1314 768 1341 794 in
1356 776 1393 799 xi,
1411 768 1452 794 vel
1468 776 1521 800 xu;
1539 767 1576 794 ita
1595 767 1699 795 falsum
1722 771 1765 794 est
1786 767 1830 793 hoc

1044 815 1123 842 Plinii
1153 815 1253 843 szeculo
1281 814 1430 849 contigisse
1457 815 1484 841 in
1509 814 1603 845 Italia,
1632 813 1764 844 Graecia,
1795 815 1830 839 ιρι

1047 861 1172 897 Egypto.
1191 861 1235 888 Sic
1249 862 1349 897 passim
1365 861 1400 888 ab
1415 861 1572 888 auctoribus
1587 859 1735 887 incondite
1751 860 1793 887 his
1804 859 1832 886 de

1047 908 1127 935 rebus
1143 907 1226 934 multa
1245 907 1382 939 dicuntur,
1400 914 1459 942 qlia),
1474 907 1506 933 ad
1525 906 1687 933 methodum
1713 911 1832 933 nostram

1045 953 1174 988 exigenda
1193 957 1266 980 sunt.
1289 953 1366 989 Apud
1387 953 1530 980 Geminum
1553 953 1642 980 Pleias
1672 952 1832 980 Euctemoni

1045 1000 1134 1026 oritur
1151 1006 1200 1025 xm
1213 999 1256 1026 die
1278 999 1431 1030 Tauronos,
1448 1007 1463 1026 a
1479 1007 1532 1034 quo
1556 1004 1583 1026 et
1603 999 1712 1026 aestatis
1728 998 1834 1024 initium

1045 1044 1154 1079 petitur.
1168 1043 1202 1070 At
1213 1043 1325 1071 Eudoxo
1338 1044 1458 1071 Pleiades
1478 1049 1567 1070 ortum
1584 1043 1690 1070 faciunt
1704 1043 1754 1070 die
1768 1050 1832 1069 xm.

1045 1091 1100 1119 Nos
1115 1091 1227 1118 Athenis
1245 1090 1360 1118 Metonis
1383 1095 1505 1125 tempore
1523 1095 1615 1116 ortum
1635 1089 1780 1116 heliacum
1795 1089 1833 1114 lu-

1046 1137 1112 1165 cidzc
1123 1137 1300 1172 Vergiliarum
1318 1137 1472 1164 invenimus
1485 1136 1512 1162 in
1524 1135 1611 1171 gradu
1626 1134 1713 1162 Tauri
1732 1134 1777 1166 l9,
1793 1134 1834 1161 ul-

1046 1184 1117 1210 timm
1131 1191 1194 1210 vero
1208 1182 1326 1210 Plciadis
1341 1183 1368 1209 in
1381 1182 1466 1217 gradu
1481 1182 1526 1214 24,
1547 1182 1599 1209 55'.
1616 1181 1693 1208 Inter
1709 1181 1764 1208 has
1779 1189 1835 1207 am-

1045 1229 1094 1256 bas
1107 1229 1195 1255 media
1209 1233 1252 1256 est
1267 1229 1402 1264 posterior
1411 1228 1564 1255 observatio
1577 1228 1697 1255 Gemini.
1707 1227 1741 1254 In
1754 1227 1832 1258 libro.

1045 1276 1090 1310 qui
1113 1275 1258 1302 Ptolema‘o
1273 1275 1422 1310 inscriptus
1435 1280 1487 1305 est,
1504 1275 1538 1302 de
1553 1275 1745 1302 inerrantibus
1769 1275 1833 1302 Slcl-

1045 1321 1089 1354 lis,
1107 1319 1288 1357 Vergiliarum
1305 1325 1416 1348 exortus
1433 1321 1541 1355 ponitur
1563 1321 1667 1356 Aprilis
1692 1329 1712 1352 l,
1743 1325 1801 1347 tum
1821 1328 1833 1346 x

1045 1367 1182 1395 Kalendas
1211 1367 1305 1399 Maias,
1331 1367 1382 1394 hoc
1415 1371 1457 1394 cst
1482 1375 1538 1394 xxn
1571 1367 1669 1402 April.,
1692 1371 1753 1393 tum
1781 1366 1834 1402 No.

1045 1415 1088 1442 nis
1104 1414 1187 1449 '_Maii,
1210 1417 1237 1441 et
1261 1422 1287 1440 Iv
1312 1413 1374 1441 Idus
1405 1418 1432 1440 et
1455 1421 1484 1440 Ill
1515 1413 1649 1441 Kalendas
1680 1411 1769 1440 Junii.
1796 1413 1834 1439 Ita

1047 1468 1123 1488 more
1139 1468 1189 1488 suo
1206 1460 1324 1495 scriptor
1341 1460 1386 1487 ille
1405 1460 1502 1494 partim
1518 1459 1595 1491 falsa,
1614 1459 1714 1494 partim
1735 1460 1834 1487 alienis

1045 1507 1116 1535 facta
1141 1507 1308 1542 temporibus
1337 1507 1364 1533 in
1383 1506 1505 1533 eamdem
1527 1506 1671 1542 Myconum
1698 1506 1832 1533 infcrciit.

209 1546 368 1581 scriptores.
388 1545 461 1574 Pene
485 1545 611 1574 Ovidium
633 1548 872 1582 praetermiseram,
896 1550 942 1584 qui
966 1550 993 1577 in
1008 1565 1028 1593 ε
1047 1553 1124 1587 (Nam
1144 1553 1171 1580 in
1195 1552 1287 1580 Gneco
1310 1553 1395 1584 nulla,
1424 1557 1452 1580 ut
1483 1553 1509 1579 in
1536 1553 1611 1580 Notis
1636 1552 1832 1583 observamus.

209 1589 300 1618 Fastis
323 1591 461 1619 Pleiadum
480 1597 570 1620 ortum
585 1593 612 1620 in
633 1601 661 1620 Ill
686 1593 749 1621 Idus
768 1593 853 1622 Maias
868 1595 989 1630 conjicit,

209 1637 256 1672 qui
272 1641 314 1665 est
327 1646 375 1664 xnt
390 1638 459 1670 dies,
471 1642 497 1666 et
510 1639 544 1665 ab
559 1640 723 1674 aequinoctio
737 1641 989 1676 quinquagesimus,

209 1683 243 1710 ab
261 1683 384 1718 ingressu
400 1691 480 1719 porro
495 1685 522 1711 in
539 1685 671 1716 Arietetn,
688 1693 769 1720 quem
784 1687 828 1714 ille
843 1695 877 1714 xv
893 1687 991 1714 Kalen-

209 1729 260 1757 das
275 1729 380 1764 Apriles
392 1730 496 1764 statuit,
509 1731 749 1767 quinquagesimus
761 1733 902 1768 septimus.
916 1734 991 1762 Theo

209 1775 238 1802 in
251 1775 358 1803 Arateis
372 1776 581 1804 Commentariis
597 1777 721 1805 Pleiadas
741 1779 808 1806 oriri
825 1780 924 1807 asserit
938 1788 990 1807 xxv

208 1821 312 1849 mensis
325 1821 483 1849 Pharmutbi
494 1832 500 1849 :
512 1823 557 1857 qui
570 1823 597 1850 in
611 1832 646 1851 xx
659 1823 729 1851 diem
741 1823 841 1859 Aprilis
853 1826 934 1858 cadit,
945 1827 990 1854 ὅτε

209 1867 256 1894 καὶ
273 1867 320 1893 τοῦ
343 1867 457 1903 θερίζειν
477 1869 571 1904 καιρὸς
591 1870 619 1895 ὲν
639 1869 777 1904 Αἰγύπτῳ.
795 1870 876 1898 Addit
895 1872 990 1901 diebus

208 1917 269 1949 post
284 1913 476 1948 aequinoctium
492 1915 687 1950 quinquaginta
701 1915 808 1943 duobus
828 1917 852 1943 id
870 1917 926 1944 ﬁeri
939 1937 946 1950 ,
958 1925 990 1946 ac

207 1965 266 1989 tum
275 1961 361 1989 solem
373 1962 401 1989 in
415 1961 499 1989 Tauri
511 1966 588 1997 parte
600 1971 659 1991 esse
672 1972 740 1992 xvn.
764 1964 819 1992 Nos
833 1965 866 1992 ad
877 1966 991 1994 Alexan-

208 2008 274 2035 driae
298 2009 380 2036 situm
408 2008 527 2036 Theonis
553 2017 621 2042 mvo,
652 2010 703 2038 hoc
726 2015 767 2038 est
793 2019 865 2039 anno
888 2012 989 2041 Christi

207 2062 301 2086 ccctx,
320 2058 411 2083 ortum
435 2055 568 2083 heliacum
592 2056 689 2084 lucida:
707 2056 845 2084 Pleiadum
867 2058 989 2086 animad-

208 2101 339 2128 vertimus
357 2101 384 2130 in
401 2101 486 2136 gradu
503 2101 585 2128 Tauri
609 2110 671 2130 xxv.
694 2102 898 2138 Equinoctiutn
924 2108 989 2132 tunc

208 2151 267 2174 erat
285 2147 312 2174 in
333 2147 421 2174 Martii
442 2156 506 2175 xxi:
523 2156 538 2175 a
552 2157 606 2184 quo
623 2149 710 2184 putati
725 2150 784 2178 dies
805 2158 841 2177 LII
862 2150 989 2179 desinunt

209 2191 237 2218 in
256 2201 271 2219 ν
294 2192 356 2220 ldus
380 2194 473 2225 Maias.
488 2195 514 2222 id
537 2199 579 2223 est
596 2196 622 2222 in
637 2203 664 2222 xl
681 2195 754 2228 Maii,
774 2195 868 2232 Epiphi
881 2204 936 2224 xvt.
953 2198 989 2224 At

208 2245 268 2273 qua:
285 2238 312 2265 in
327 2243 447 2267 extrema
457 2241 568 2275 cuspide
587 2246 628 2268 est
643 2241 677 2268 ad
693 2242 836 2276 orientem,
851 2242 986 2270 heliacum
1002 2233 1024 2261 Β

209 2287 298 2312 ortum
311 2285 404 2313 habuit
420 2287 447 2314 in
462 2287 547 2322 gradu
570 2287 653 2315 Tauri
670 2288 715 2321 29,
729 2289 780 2323 55’,
802 2289 865 2316 Maii
877 2289 987 2317 circiter

208 2337 274 2357 xvn.
290 2329 382 2364 Itaque
399 2339 453 2358 non
472 2332 505 2359 de
521 2333 634 2366 heliaco,
651 2334 699 2362 sed
719 2334 752 2362 de
767 2335 886 2362 cosmico
899 2335 987 2370 loqui-

209 2381 264 2403 tur.
284 2375 390 2404 Rursus
407 2376 515 2405 Hesiodi
537 2381 636 2407 smculo
659 2380 686 2407 in
702 2380 804 2408 Boeotia
819 2382 913 2409 eadem
930 2382 987 2409 haec

209 2422 244 2448 ad
268 2422 400 2450 orientem
422 2428 557 2457 postrema
580 2425 719 2454 Pleiadum
743 2431 832 2454 ortum
854 2428 986 2456 heliacum

208 2467 324 2495 faciebat
340 2468 367 2495 in
379 2469 463 2504 gradu
474 2469 557 2498 Tauri
571 2471 612 2503 I7,
625 2472 675 2498 hoc
689 2477 730 2500 est
746 2473 772 2500 in
787 2473 829 2505 l6,
845 2474 866 2500 7'
880 2481 887 2499 :
905 2478 987 2509 atque

207 2516 245 2543 ita
260 2515 379 2544 Theonis
393 2517 475 2544 verba
491 2517 621 2552 capienda
636 2524 699 2547 sunt
714 2520 741 2547 in
762 2521 807 2548 illa
821 2521 986 2549 scholiorum

208 2562 343 2594 miscella,
361 2570 421 2598 quae
437 2571 524 2598 neque
545 2567 676 2598 tempora,
692 2574 780 2600 neque
799 2568 880 2594 situm
898 2568 987 2603 regio-

208 2614 272 2634 num
288 2607 440 2642 distinguit,
455 2609 595 2643 }siquidem
617 2610 650 2637 ad
675 2611 807 2638 heliacum
823 2613 984 2647 pertineant.

242 2653 368 2682 Manilius
392 2654 439 2682 lib.
458 2654 491 2688 V,
507 2654 637 2691 Vergilias
650 2657 716 2684 oriri
741 2659 836 2686 scribit
860 2660 887 2686 in
911 2666 985 2687 sexta

208 2704 283 2734 parte
290 2700 382 2734 Tauri;
392 2702 431 2728 sic
439 2702 511 2729 enim
520 2702 591 2730 illius
601 2703 682 2731 verba
691 2704 890 2739 interpretanda
901 2711 965 2733 sunt
977 2715 986 2733 :

242 2761 345 2799 Taurus
361 2763 387 2790 in
403 2763 525 2791 adversus
535 2772 647 2799 princeps
659 2770 687 2792 ut
703 2766 807 2792 tollitur
821 2772 894 2794 ortus

243 2795 324 2823 Sexta
334 2803 407 2831 parte
421 2800 462 2826 sui
473 2805 599 2828 certantes
614 2795 678 2828 lucis
693 2801 726 2828 ad
744 2810 825 2828 auras

244 2831 364 2859 Pleiades
379 2833 460 2861 ducit.

207 2875 258 2904 Cui
273 2877 418 2923 assentitur
439 2877 572 2909 Firmicus
586 2881 645 2920 -lib.
667 2881 732 2916 VIII,
748 2890 809 2920 cap.
823 2883 868 2911 VII
883 2893 889 2913 :
919 2894 928 2912 ι
951 2884 982 2915 1η

995 2923 1014 2931 κ

1043 1601 1182 1628 Pleiadum
1212 1601 1341 1636 mentio.)
1370 1600 1447 1634 Quod
1482 1604 1571 1627 autem
1601 1601 1669 1627 oriri
1699 1600 1833 1627 Kalendis

1041 1647 1178 1682 Aprilibus
1191 1649 1237 1678 ait,
1253 1647 1493 1675 hallucinationem
1509 1655 1570 1674 esse
1581 1647 1623 1674 vel
1637 1648 1773 1678 auctoris,
1788 1648 1832 1673 vel

1042 1693 1196 1728 interpretis
1217 1698 1343 1728 apparet;
1368 1701 1428 1723 nam
1452 1693 1533 1721 tertio
1548 1696 1609 1728 post
1630 1693 1675 1720 die
1698 1701 1831 1721 occasum

1040 1739 1099 1774 ejus
1117 1740 1207 1774 posuit
1223 1749 1229 1767 :
1245 1740 1291 1774 qui
1308 1740 1401 1775 utique
1413 1744 1501 1767 ortum
1519 1739 1663 1767 antecedit.

1074 1785 1112 1813 De
1134 1793 1233 1813 occasu
1259 1785 1399 1812 Pleiadum
1417 1794 1470 1813 non
1488 1786 1576 1812 minor
1598 1791 1641 1813 est
1657 1787 1828 1820 scriptorum

1039 1831 1174 1864 varietas;
1196 1831 1358 1858 matutinum
1380 1832 1452 1858 enim
1475 1831 1520 1858 alii
1542 1831 1638 1858 diebus
1658 1839 1741 1858 vam
1766 1836 1829 1866 post

1041 1877 1231 1912 mquinoctium
1256 1877 1411 1904 autumnale
1435 1877 1574 1904 deﬁniunt.
1596 1876 1634 1903 Ita
1650 1876 1722 1903 Plin.
1743 1877 1761 1904 Ι.
1780 1876 1828 1909 ΣΙ,

1040 1931 1063 1951 c.
1085 1922 1154 1956 XVI,
1172 1923 1217 1950 ubi
1241 1927 1267 1951 et
1290 1923 1361 1950 diem
1392 1923 1507 1958 praeﬂuit
1530 1923 1592 1950 ldus
1616 1922 1783 1950 Novembris
1813 1931 1828 1950 a

1042 1976 1096 2004 quo
1111 1972 1183 1996 retro
1197 1968 1282 2003 putati
1298 1968 1356 1996 dies
1375 1976 1457 1995 vant
1477 1968 1605 1996 desinunt
1619 1969 1646 1996 in
1670 1976 1747 1995 xxvu
1777 1968 1826 1996 Se—

1039 2015 1179 2050 ptembris.
1196 2014 1285 2047 Quare
1299 2018 1360 2048 post
1371 2014 1563 2049 mquiuoelium
1581 2013 1732 2048 Sosigenis,
1751 2015 1826 2049 quod

1039 2061 1066 2088 in
1087 2068 1150 2088 xxvi
1169 2060 1334 2096 Scplcmhris
1354 2059 1458 2088 Plinius
1478 2060 1606 2092 contulit,
1629 2061 1687 2088 dies
1712 2061 1751 2087 illi
1775 2069 1826 2096 pu-

1039 2106 1115 2133 tandi
1130 2110 1203 2133 sunt.
1217 2107 1250 2133 At.
1262 2106 1331 2133 idem
1343 2105 1446 2133 Plinius
1462 2106 1508 2134 lib.
1524 2105 1555 2138 ll,
1571 2114 1632 2141 cap.
1644 2106 1750 2137 XLVII.
1763 2112 1825 2142 post

1038 2152 1227 2187 aequinoctium
1241 2152 1403 2179 autummale
1416 2152 1511 2179 diebus
1523 2160 1584 2179 thv
1598 2152 1723 2180 occidere
1738 2153 1825 2180 Pleia-

1038 2198 1087 2225 das
1101 2198 1156 2230 ait,
1172 2198 1253 2233 idque
1278 2206 1307 2224 ιιι
1328 2198 1390 2225 ldus
1406 2197 1564 2226 Novembris
1582 2199 1649 2225 fieri.
1666 2198 1724 2226 Hoc
1740 2199 1825 2226 modo

1037 2243 1230 2279 aequinoctium
1247 2249 1377 2279 congruet
1392 2243 1558 2279 Septembris
1575 2252 1672 2275 xxvui,
1684 2245 1728 2272 vel
1744 2253 1823 2273 xxix.

1036 2291 1116 2325 Atqui
1133 2290 1203 2318 idem
1222 2291 1304 2318 etiam
1320 2290 1418 2325 repetit
1431 2297 1492 2325 cap.
1510 2289 1580 2317 XXV
1602 2291 1664 2318 libri
1677 2290 1774 2323 XVIII,
1790 2300 1822 2319 ex

1036 2336 1150 2364 Cresaris
1163 2336 1330 2371 praescripto.
1344 2336 1491 2364 Columella
1504 2337 1551 2364 lib.
1562 2335 1606 2368 IX,
1623 2345 1683 2372 cap.
1702 2336 1778 2368 XIV.
1789 2339 1823 2365 ab

1036 2383 1198 2418 aequinoctio
1230 2382 1327 2410 diebus
1360 2391 1393 2409 xL
1419 2382 1542 2410 occidere
1569 2381 1696 2410 Pleiadas
1725 2383 1821 2411 refert.

1036 2426 1122 2455 Varro
1139 2427 1186 2455 lib.
1211 2427 1231 2456 l.
1255 2435 1315 2462 cap.
1335 2427 1455 2461 XXVIII,
1473 2428 1570 2456 diebus
1591 2436 1678 2455 xxxn.
1696 2428 1738 2456 Ad
1764 2430 1822 2456 haec

1036 2473 1140 2502 Plinius
1157 2474 1203 2501 lib.
1221 2473 1313 2506 XVIII,
1330 2482 1390 2510 cap.
1407 2474 1490 2507 XXV,
1507 2483 1634 2502 occasum
1653 2477 1820 2503 matutinum

1036 2519 1175 2548 Pleiadum
1201 2528 1233 2548 ex
1260 2520 1377 2548 llesiodo
1403 2521 1515 2548 tradidit
1539 2521 1594 2548 ﬁeri
1613 2529 1676 2548 cunt
1694 2523 1820 2556 mquiuo-

1036 2567 1118 2594 ctium
1142 2568 1264 2594 autumni
1288 2567 1485 2594 contineretur:
1507 2575 1539 2595 ex
1557 2567 1671 2595 Thalete
1687 2576 1755 2595 vero
1778 2569 1820 2595 die

1038 2621 1099 2645 xxv,
1115 2613 1317 2641 Anaximandro
1334 2622 1406 2645 xxix,
1423 2613 1585 2640 Euclcnlone
1599 2621 1694 2640 vattt.

1072 2658 1108 2687 Ex
1124 2659 1166 2686 his
1181 2659 1307 2686 omnibus
1327 2659 1397 2686 Juiio
1419 2659 1517 2686 Caesari
1543 2659 1661 2686 maxime
1685 2658 1817 2686 Varronis

1037 2703 1081 2730 illa
1101 2705 1231 2732 sententia
1247 2705 1381 2739 congruit,
1395 2705 1417 2732 si
1429 2705 1462 2732 de
1478 2713 1575 2732 occasu
1588 2706 1728 2732 matutino
1743 2713 1814 2735 vero,

1036 2755 1089 2775 non
1106 2753 1250 2783 apparentc
1267 2756 1357 2776 sermo
1374 2750 1420 2776 sit.
1444 2749 1521 2776 Hunc
1537 2750 1609 2776 enim
1634 2749 1815 2784 deprehendi-

1037 2802 1097 2821 mus
1115 2795 1140 2821 in
1158 2795 1243 2830 gradu
1261 2794 1364 2830 Scorpii
1386 2796 1413 2827 5,
1441 2795 1490 2823 IT.
1517 2795 1562 2822 Sic
1584 2796 1668 2822 etiam
1694 2795 1813 2823 Thaletis

1035 2842 1168 2874 tempore,
1188 2839 1238 2867 hoc
1253 2843 1293 2867 est
1307 2848 1379 2867 anno
1393 2839 1622 2875 periodNuIianae
1634 2840 1716 2871 HIS,
1732 2848 1813 2867 occa.

1036 2893 1082 2914 sus
1100 2885 1172 2914 idem
1192 2886 1342 2914 matutinus
1353 2893 1435 2914 verus
1449 2887 1477 2914 in
1492 2885 1604 2922 gradum
1623 2884 1714 2924 Libra;
1730 2881 1813 2913 XXIV
