1900 3137
115 148 184 174 1581

521 144 747 173 lilSSERTATlO
767 143 811 171 DE
829 143 922 172 ORTU
942 143 986 171 ET
1005 143 1138 172 OCCASU
1157 143 1331 178 SIDERUM._

1659 149 1727 178 1582

115 205 266 242 competit:
289 205 361 241 quod
380 209 422 233 est
445 206 584 233 eximium.
610 205 721 238 Verum,
742 210 772 232 ut
794 213 826 232 ex
847 204 900 232 Ge-
914 208 933 236 Α
949 204 1008 235 σίας
1033 204 1135 238 potius,
1161 211 1243 239 quam
1270 204 1304 231 ad
1325 206 1436 232 exactos
1458 209 1538 234 ortus
1561 213 1727 242 occasusque

114 253 193 280 mino
208 257 235 280 et
253 251 396 279 Ptolemaeo
421 259 502 287 supra
518 252 729 279 demonstratum
748 254 799 283 est,
815 255 892 278 ortus

115 299 299 334 acronychus,
316 303 343 325 et
360 305 474 326 occasus
494 298 643 324 matutinus
661 305 738 324 verus
757 296 790 323 ab
811 304 894 331 appa-

112 345 240 376 rentibus
255 345 421 379 discrepant.
442 344 579 377 Quantum
598 352 662 371 vero
678 344 748 370 inter
764 346 895 377 utrosque

113 391 224 418 dierum
251 390 423 424 interjectum
452 391 496 423 sit,
522 397 538 416 a
563 390 680 420 nemine,
697 389 769 423 quod
799 388 893 420 sciam,

114 437 283 472 explicatum
299 439 340 464 est
355 445 362 464 ξ
380 436 509 464 interesse
527 439 614 462 autem
631 435 742 469 aliquot,
757 438 811 460 tam
827 433 896 460 ratio

114 483 189 518 ipsa,
206 490 287 518 quam
299 483 465 517 experientia
482 482 630 509 convincit.
646 481 779 514 Quocirca
797 480 897 506 Anaxi-

113 529 232 556 mander
246 529 279 555 de
295 532 439 562 appareute
454 527 593 554 Pleiadum
609 534 708 554 occasu
718 547 724 559 ,
748 525 845 553 Thales
864 525 897 552 de

113 582 184 601 vero
198 575 343 609 capiendus
360 578 410 601 est.
436 574 463 601 ln
480 573 598 600 Hesiodo
613 573 682 600 ratio
705 580 759 600 non
779 575 896 599 constat.

113 618 186 647 Nam
201 619 289 646 lucida
305 619 442 646 Pleiadum
458 619 518 654 ejus
530 619 628 646 saeculo
641 625 768 645 occasum
787 617 899 644 matuti-

114 674 185 695 num
206 668 301 694 habuit
318 667 344 694 in
358 666 442 702 gradu
461 665 548 693 Libra
560 666 604 698 lS,
618 665 668 693 47⁷.
693 664 751 691 Non
766 664 833 692 levis
843 664 899 691 for-

113 717 193 740 tasse
207 713 326 747 suspicio
347 717 398 744 est,
416 711 533 739 Plinium
553 719 601 746 per
623 711 831 746 imprudentiam
853 717 900 738 oc-

114 766 212 785 casum
228 758 387 784 matutinum
400 764 449 791 pro
463 757 568 784 heliaco
584 756 743 790 sumpsisse.
762 755 812 782 Hic
827 756 900 782 enim

114 802 229 831 Hesiodi
243 803 342 830 saeculo
354 802 548 838 propemodum
560 802 588 829 in
602 802 793 837 aequinoctium
807 801 900 828 incur-

115 848 165 875 rit.
186 847 325 883 Siquidem
347 855 362 875 e
383 847 564 875 lucidioribus
581 847 680 879 tribus,
694 854 755 881 qua:
775 847 808 873 ad
832 846 901 874 occi-

115 895 228 922 dentem
245 894 340 930 vergit,
358 901 486 922 occasum
502 894 636 921 heliacum
647 893 762 920 faciebat
776 893 803 920 in
815 892 900 928 gradu

117 940 220 967 Arietis
244 939 342 974 primo,
361 939 389 966 id
404 942 446 966 est
457 939 485 970 0,
508 939 566 971 51';
585 938 724 965 orientalis
739 939 767 965 in
789 939 900 974 cuspide

118 987 172 1014 sita
187 987 215 1013 in
228 985 312 1021 gradu
325 986 353 1018 2,
372 986 422 1018 15⁷,
446 985 667 1020 splendidissima
688 985 809 1012 omnium
828 985 854 1012 iu
871 985 898 1017 ιι,

117 1033 153 1060 8'.
175 1032 243 1059 Vide
267 1039 347 1067 quam
372 1031 442 1058 belle
470 1031 503 1058 ad
530 1031 601 1057 hunc
624 1030 734 1058 modum
759 1031 900 1058 ratiocinia

117 1082 280 1113 congruant.
294 1077 360 1104 Nam
376 1078 410 1104 de
422 1085 521 1105 occasu
541 1077 675 1104 matutino
693 1077 837 1104 falsissima
856 1084 900 1104 res

116 1129 172 1152 est.
190 1124 305 1151 Metonis
321 1131 402 1158 porro
425 1129 555 1158 tempore,
576 1123 698 1157 adeoque
715 1122 899 1154 Euctemonis,

117 1177 235 1197 Occasus
251 1169 400 1197 matutinus
417 1176 497 1196 verus
511 1169 628 1196 Pleiadis
641 1169 669 1195 in
687 1168 776 1195 Libra:
794 1169 840 1200 27,
860 1160 901 1195 μ’

117 1216 270 1243 convenit:
292 1216 326 1243 ad
342 1216 414 1251 quod
438 1215 519 1250 spatii
535 1215 638 1250 aliquid
661 1217 770 1245 accedat
794 1219 901 1249 oportet

118 1262 154 1289 ad
170 1270 256 1296 usque
273 1262 444 1297 φαινόμενον,
459 1260 539 1294 cujus
555 1262 636 1287 etiam
650 1260 807 1295 apparentis
822 1266 901 1287 occa-

117 1314 169 1334 sus
186 1307 284 1341 gradus
299 1307 381 1341 aliqui
393 1309 466 1333 sunt.
478 1305 545 1333 Nam
560 1305 702 1340 paulatim,
721 1305 766 1332 ubi
781 1305 902 1340 longius-

117 1351 180 1378 cule
196 1351 229 1378 ab
243 1350 367 1386 opposita
388 1351 448 1378 cceli
464 1351 573 1385 regione
597 1350 637 1377 sol
653 1349 822 1382 discesserit,
847 1355 900 1376 tam

118 1397 149 1423 in
167 1400 239 1428 ortu,
253 1403 334 1430 quam
349 1396 378 1422 in
397 1403 498 1423 occasu
517 1395 595 1423 stella
609 1396 795 1430 conspicitur;
820 1395 902 1430 idque

115 1441 248 1469 continue
262 1442 290 1468 lit
311 1441 407 1468 diebus
421 1442 532 1476 aliquot.
542 1440 672 1468 Geminus
682 1441 755 1468 enim
770 1440 856 1475 capite
867 1439 902 1466 Xl

117 1487 217 1515 scribit
235 1494 313 1515 veros
337 1492 415 1515 ortus
439 1491 467 1514 et
492 1494 607 1515 occasus
627 1488 774 1514 matutinos
798 1487 901 1521 priores

116 1540 183 1560 esse
204 1533 412 1568 apparentibus;
439 1533 467 1560 in
490 1533 655 1568 vespertinis
677 1537 772 1561 contra
795 1533 901 1568 priores

118 1586 184 1606 esse
202 1579 272 1606 veris
290 1582 460 1612 apparentes.
483 1577 568 1613 Igitur
586 1582 748 1614 apparentes
772 1581 859 1607 ortus.
875 1581 901 1604 et

117 1630 237 1651 occasus
254 1623 390 1654 matutini,
403 1630 471 1657 quas
486 1623 572 1650 Gratci
586 1623 778 1659 προανατολὰς,
796 1627 822 1650 et
837 1631 902 1658 προ-

118 1668 282 1700 καταδύσεις
303 1668 372 1703 ἑῴας
383 1668 549 1704 φαινομένας
565 1670 706 1696 nominant
717 1689 724 1700 ,
745 1669 842 1703 swpius
858 1675 902 1695 re-

119 1715 198 1749 petiti
220 1722 297 1742 veros
314 1717 475 1749 sequuntur,
492 1714 610 1748 quandiu
632 1714 762 1741 mediocri
786 1713 902 1741 intersti-

119 1763 161 1789 tio
178 1762 245 1789 sotis
263 1765 352 1788 ortum
370 1760 471 1788 cadens
487 1759 530 1787 vel
548 1759 639 1787 oriens
662 1759 738 1787 stella
754 1759 900 1793 praevertit.

121 1807 170 1834 Sic
191 1807 272 1834 etiam
289 1810 352 1834 ante
376 1806 559 1841 vespertinum
583 1809 673 1831 ortum
701 1804 849 1835 stellarum,
875 1807 902 1831 et

120 1861 252 1881 occasum
287 1851 411 1888 ἀληθινὸν
437 1851 504 1878 ﬁunt
537 1855 699 1886 apparentes
730 1850 899 1885 complures;

121 1899 213 1934 quoad
235 1898 347 1926 modico.
358 1897 445 1933 spatio
461 1896 600 1924 conditth
611 1897 698 1924 solem
710 1900 779 1925 ortu.
787 1904 847 1929 suo,
861 1896 901 1923 vel

122 1953 223 1973 occasu
239 1945 315 1972 stella
333 1944 521 1978 consequitur.

159 1991 225 2024 Quae
238 1993 346 2019 demum
361 1990 502 2018 varietatis
517 1990 590 2017 illius
605 1989 695 2017 all‘erri
707 1997 788 2016 causa
801 1993 900 2024 potest,

123 2045 206 2073 quam
222 2039 302 2065 etiam
317 2037 404 2065 artatis
424 2038 496 2064 inter
512 2036 644 2071 ejusdem,
662 2043 693 2062 ac
716 2035 835 2070 regionis
855 2042 903 2062 au‘

123 2088 215 2111 ctores
229 2084 385 2118 plerumque
400 2083 537 2110 cernimus
550 2091 556 2109 :
575 2081 638 2108 dum
660 2081 730 2108 alius
742 2081 900 2112 orientibus,

123 2129 317 2156 cadentibusve
334 2129 420 2156 stellis
435 2128 487 2154 alia
503 2127 654 2163 praescribit
669 2131 801 2161 tempora,
818 2125 902 2153 diem-

123 2182 179 2210 que
188 2174 322 2206 diilundil,
337 2178 365 2201 ut
385 2173 468 2201 abiis
488 2173 624 2205 terminis,
646 2179 714 2207 quos
728 2180 761 2198 ex
781 2175 903 2199 astrono-

944 253 1096 285 respectum
1114 249 1259 277 habuerint
1280 250 1464 278 mathematici
1489 255 1596 280 veteres
1619 252 1647 281 in
1669 254 1727 281 suis

944 295 1192 331 parapegmatibus,
1215 301 1375 331 argumento
1399 302 1451 329 est,
1477 298 1560 332 quod,
1585 302 1614 325 ut
1644 298 1729 327 refert

944 341 1018 369 Theo
1042 342 1069 368 in
1091 342 1208 374 Arateis,
1229 346 1421 378 parapegmata
1441 350 1490 371 sua
1510 344 1616 378 publice
1631 352 1729 380 propo-

945 389 1045 416 nebant
1070 395 1132 415 cum
1156 388 1296 423 praesagiis
1313 393 1515 423 tempestatum,
1532 395 1686 423 ventorum,
1702 397 1728 419 et

945 434 972 460 id
989 442 1073 469 genus
1093 435 1218 466 aliorum,
1235 442 1294 469 quze
1314 442 1384 461 anno
1404 439 1460 463 toto
1478 435 1570 462 futura
1588 438 1730 471 praescive-

946 483 1016 507 rant.
1037 479 1127 507 Verba
1144 479 1263 508 Theonis
1287 480 1368 516 digna
1392 485 1464 512 sunt,
1486 489 1547 516 quae
1570 481 1616 509 hic
1643 484 1730 511 ascri-

946 525 1045 552 hantur
1057 532 1064 550 :
1080 525 1111 551 Ol
1126 525 1155 551 δὲ
1168 525 1235 560 μετὰ
1249 525 1364 552 Μέτωνα
1377 526 1537 562 ἀστρονόμοι
1550 527 1598 553 καὶ
1614 527 1730 559 πίνακας

949 572 979 597 ὲν
993 572 1052 602 ταῖς
1067 571 1174 597 πόλεσιν
1188 571 1287 606 ἔθηκαν
1304 571 1367 606 περὶ
1385 571 1438 599 τῶν
1455 573 1502 598 τοῦ
1525 572 1599 608 ἡλίου
1617 582 1731 610 περιφο-

950 615 1002 652 ρῶν
1027 615 1081 642 τῶν
1105 616 1437 653 ὲννεακαιδεκαετηρίδων,
1466 618 1506 644 ὅτι
1533 618 1593 645 καθ’
1618 618 1730 646 ἕκαστον

947 660 1068 688 ἐνιαυτὸν
1082 661 1183 687 τοιόσδε
1207 661 1283 688 ἔσται
1305 651 1416 697 χειμὼν,
1432 662 1478 690 καὶ
1492 663 1591 690 τοιόνδε
1605 664 1663 699 ἔαρ,
1684 663 1731 690 καὶ
1745 651 1749 657 Ι

947 706 1046 732 τοιόνδε
1065 706 1153 742 θέρος,
1175 707 1221 733 καὶ
1244 707 1345 734 τοιόνδε
1371 708 1550 744 φθινόπωρον,
1565 709 1613 736 καὶ
1635 710 1729 736 τοιοίδε

948 752 1056 787 ἄνεμοι·
1074 752 1121 779 καὶ
1141 752 1225 779 πολλὰ
1244 753 1312 788 πρὸς
1335 753 1475 788 βιωφελεῖς
1492 755 1587 790 χρείας
1607 756 1662 786 τοῖς
1685 756 1731 781 ἀν-

949 797 1077 833 θρώποις.
1096 798 1158 825 Hzec
1174 802 1263 826 autem
1280 799 1369 826 omnia
1393 808 1447 827 non
1469 801 1496 827 in
1519 801 1585 836 ipsis
1606 805 1731 829 astrono-

949 844 1083 872 micorum
1100 848 1208 871 ortuum
1222 845 1264 871 vel
1288 853 1434 873 occasuum
1452 845 1612 880 momentis,
1624 847 1670 875 sed
1685 847 1731 875 ali-

915 884 937 914 Β
950 890 1059 925 quando
1074 893 1147 922 ante,
1163 890 1205 917 vel
1221 894 1282 924 post
1297 890 1436 917 observari
1456 891 1553 918 solent.

983 935 1113 963 Geminus
1128 935 1155 962 in
1169 940 1359 970 parapegmate
1371 936 1453 964 refert
1465 944 1498 964 ex
1508 937 1613 972 Calippi
1628 937 1732 965 descri-

949 981 1041 1016 ptione
1056 980 1189 1016 Vergilias
1213 981 1338 1008 occidere
1362 981 1389 1008 in
1413 986 1489 1016 parte
1511 981 1615 1017 Scorpii
1633 983 1674 1010 16.
1695 984 1730 1010 At

950 1026 1061 1054 Eudoxo
1085 1026 1113 1053 in
1133 1026 1183 1060 19;
1205 1025 1363 1053 Euctemoni
1381 1034 1447 1055 vero
1469 1027 1495 1053 in
1517 1027 1561 1059 15,
1585 1036 1647 1055 cum
1669 1033 1731 1056 ante

950 1071 1119 1099 Democritus
1141 1071 1168 1098 in
1192 1071 1210 1098 4
1233 1071 1384 1099 statuisset.
1399 1070 1480 1099 Liber
1498 1071 1531 1099 de
1555 1072 1731 1101 inerrantium

951 1117 1206 1153 signiﬁcationibus,
1221 1117 1268 1152 qui
1284 1117 1429 1144 Ptolemzno
1445 1117 1582 1151 tribuitur,
1599 1118 1731 1155 Vergilia-

951 1171 1011 1190 rum
1029 1163 1138 1190 occasui
1154 1163 1288 1190 matutino
1305 1163 1396 1197 plures
1417 1163 1529 1190 ascribit
1545 1163 1614 1198 dies,
1635 1172 1732 1200 nempe

954 1208 1080 1236 Octobris
1104 1217 1160 1241 χιχ,
1186 1216 1264 1241 xxtu,
1290 1216 1375 1241 xxv",
1399 1208 1533 1237 Kalendas
1554 1209 1732 1244 Novembres,

950 1254 1020 1282 diem
1035 1255 1155 1289 ejusdem
1173 1263 1220 1287 vn,
1233 1262 1262 1282 ιι
1277 1260 1303 1282 et
1317 1262 1377 1286 xm,
1394 1255 1440 1290 qui
1453 1263 1571 1283 occasus
1585 1257 1732 1292 superiori.

951 1300 1002 1328 bus
1024 1300 1078 1328 illis
1100 1308 1115 1327 a
1131 1300 1244 1328 Gemino
1269 1301 1428 1329 memoratis
1447 1307 1665 1331 astronomorum
1684 1304 1731 1332 de-

950 1346 1034 1373 cretis
1060 1347 1261 1374 accommodari
1285 1351 1412 1382 possunt,
1435 1348 1472 1375 ita
1486 1353 1514 1376 ut
1535 1357 1591 1377 non
1616 1357 1732 1377 occasus

950 1393 1025 1425 veri,
1041 1393 1088 1420 sed
1105 1397 1266 1428 apparentes
1290 1393 1477 1428 intelligantur
1495 1403 1527 1423 eo
1549 1395 1630 1423 modo
1652 1404 1731 1432 quem

951 1439 1072 1475 proxime
1090 1439 1292 1474 proposuimus.

987 1484 1057 1513 Sane
1066 1484 1129 1512 Julii
1144 1484 1259 1513 Caesaris
1273 1489 1352 1514 aetate
1365 1494 1446 1514 verus
1459 1493 1573 1514 occasus
1582 1486 1731 1515 matutinus

953 1531 1090 1559 Pleiadum
1117 1531 1202 1559 ﬁebat'
1219 1533 1247 1558 in
1274 1536 1371 1567 quarta
1396 1536 1472 1568 parte
1489 1532 1606 1568 Scorpii.
1626 1533 1668 1560 Ab
1679 1534 1730 1561 hoc

953 1580 1073 1611 tempore
1103 1575 1254 1610 interjcctis
1280 1576 1376 1605 diebus
1405 1577 1510 1610 decem,
1536 1581 1582 1605 aut
1600 1582 1730 1613 quatuor-
1775 1579 1779 1583 '

953 1621 1050 1655 decim,
1077 1622 1214 1657 continget
1237 1630 1372 1658 apparens
1396 1631 1510 1652 occasus
1527 1623 1570 1652 die
1587 1624 1620 1652 ab
1645 1625 1731 1660 aequi-

953 1668 1044 1695 noctio
1068 1675 1141 1701 thv,
1160 1668 1202 1695 vel
1231 1676 1326 1696 nvm.
1357 1668 1477 1702 Quorum
1503 1675 1658 1706 utrumque,
1683 1671 1730 1699 sed

954 1712 1020 1741 illud
1033 1715 1148 1742 maxime
1163 1714 1286 1749 Sosigeni
1302 1722 1334 1742 ac
1348 1715 1421 1742 iulio
1437 1715 1537 1743 Caesari
1556 1716 1704 1751 imputatur
1714 1724 1729 1744 a

952 1760 1051 1788 Plinio.

990 1807 1046 1834 Sub
1057 1807 1126 1835 idem
1148 1811 1253 1843 tempus
1276 1809 1408 1842 autumni,
1429 1813 1491 1837 ante
1505 1809 1669 1837 matutinum
1688 1817 1729 1837 oc-

953 1861 1055 1886 casum,
1081 1853 1221 1881 Pleiadum
1244 1856 1416 1890 vespertinus
1442 1861 1519 1883 ortus
1542 1855 1641 1882 accidit
1659 1865 1666 1884 :
1686 1856 1729 1884 cui

953 1899 1061 1934 quidem
1075 1900 1176 1928 diversi
1191 1900 1261 1936 apud
1275 1901 1417 1929 Geminum
1431 1906 1458 1929 et
1475 1901 1645 1929 Ptolemaeum
1662 1910 1729 1938 prte-

954 1944 1041 1972 stituti
1060 1949 1123 1971 sunt
1143 1945 1211 1972 dies.
1238 1945 1369 1973 Geminus
1396 1947 1433 1972 ait
1460 1945 1647 1973 Euctemouem
1670 1947 1698 1974 in
1713 1947 1729 1975 5

953 1991 1041 2018 Librw
1053 1995 1128 2026 parte
1148 1991 1286 2023 statuisse,
1302 1991 1443 2018 Eudoxum
1458 1991 1487 2018 in
1501 1992 1544 2019 10.
1564 1991 1641 2024 Quod
1655 1997 1684 2019 ut
1696 1992 1729 2021 de

953 2037 1070 2072 ἀληθινῷ
1092 2037 1232 2071 capiatur.
1260 2037 1373 2072 contigit
1398 2037 1507 2064 Hesiodi
1530 2037 1640 2065 smculo.
1661 2037 1729 2065 Tum

953 2084 1026 2111 enim
1045 2085 1072 2109 in
1096 2082 1183 2109 Libra:
1205 2082 1238 2109 10
1258 2086 1335 2117 parte
1357 2083 1514 2118 ἀκρονύχως
1527 2083 1686 2110 oriebantur
1702 2084 1729 2110 in

953 2129 1055 2157 Graecia
1084 2127 1208 2163 Vergilia:
1222 2136 1228 2154 :
1243 2128 1364 2155 Thaletis
1387 2132 1476 2155 autem
1501 2131 1623 2163 tempore
1639 2128 1666 2155 in
1684 2128 1728 2161 16,

953 2174 1047 2201 eodem
1063 2173 1090 2200 in
1107 2173 1161 2200 situ
1187 2173 1316 2207 regionis.
1332 2174 1367 2199 At
1383 2172 1487 2200 Metone
1505 2173 1623 2205 vivente,
1641 2173 1669 2201 in
1683 2174 1728 2206 19,

123 2220 203 2248 micis
219 2220 318 2255 regulis
334 2219 528 2255 triangulorum
542 2227 602 2254 ope,
622 2226 653 2246 ac
665 2216 791 2246 methodo
804 2218 902 2244 consti-
917 2228 938 2255 ι)
953 2218 1016 2245 Julii
1035 2218 1151 2252 denique
1172 2217 1288 2245 Caesaris
1306 2225 1363 2244 aevo
1380 2219 1406 2244 in
1427 2217 1472 2245 23.
1495 2217 1583 2253 Atque
1605 2218 1645 2246 ha
1667 2223 1729 2246 sunt

122 2266 237 2298 tuimus,
260 2265 412 2300 plusculum
436 2265 571 2292 interdum
594 2264 722 2292 recedere
746 2263 900 2291 videantur.

124 2312 153 2338 Id
176 2319 208 2339 eo
224 2311 252 2338 ﬁt
264 2312 336 2347 quod
351 2312 497 2346 scriptores
513 2311 561 2343 illi,
579 2311 626 2346 qui
647 2317 738 2338 rerum
759 2310 800 2337 vel
814 2313 902 2344 gesta-

124 2363 187 2382 rum
206 2356 375 2388 memoriam,
389 2358 432 2383 vel
450 2355 603 2383 communis
617 2355 650 2382 ad
669 2362 748 2382 usum
766 2354 828 2380 vita:
839 2361 902 2389 spe-

125 2401 256 2428 ctantium
276 2402 465 2429 tractationem
482 2402 638 2433 instituunt,
652 2400 775 2436 populari
788 2401 901 2432 trutina,

125 2451 153 2473 et
170 2454 309 2480 sensuum,
323 2447 450 2482 vulgique
461 2447 565 2482 judicio
582 2451 608 2474 et
632 2447 822 2478 mstimatione,
848 2453 901 2473 non

125 2492 228 2525 limata,
244 2498 271 2520 et
281 2493 372 2520 subtili
387 2493 492 2520 ratione
509 2493 560 2519 ista
574 2493 742 2520 describunt.
760 2491 850 2524 Quare
867 2499 900 2518 ex

125 2545 158 2565 eo
169 2538 242 2565 omni
263 2543 396 2573 tempore,
418 2539 489 2572 quod
513 2538 632 2565 siderum
649 2542 726 2565 ortus
745 2541 772 2565 et
786 2545 901 2565 occasus

126 2584 247 2618 ἀκριΰεῖς
267 2585 396 2612 mediocri
417 2584 506 2618 spatio
529 2584 572 2610 vel
593 2584 741 2610 matutinos
765 2584 899 2618 sequitur,

126 2630 167 2657 vel
187 2630 320 2657 antecedit
341 2629 528 2664 vespertinas;
552 2629 598 2656 alii
619 2630 687 2656 alios
707 2629 810 2664 eligunt
830 2629 899 2661 dies,

125 2677 224 2711 quibus
239 2676 303 2703 oriri
315 2676 415 2706 stellas.
431 2676 472 2702 vel
485 2675 608 2702 occidere
628 2677 816 2710 pronuntiant,
832 2683 901 2710 prte-

126 2722 219 2748 sertim
233 2729 293 2748 cum
309 2722 487 2756 ἐπισημασίαι
501 2721 728 2754 vehementiores,
743 2725 769 2749 et
780 2721 900 2756 insignes

126 2766 197 2794 aeris
213 2767 375 2794 mutationes
392 2768 514 2794 incidunt
533 2777 539 2794 :
562 2774 622 2802 qua:
645 2768 726 2794 certis
750 2767 803 2794 illis
828 2767 900 2795 side-

127 2813 203 2840 ribus
234 2821 266 2840 ex
300 2814 410 2848 antiqua
440 2818 467 2841 et
495 2821 510 2840 a
538 2813 687 2848 majoribus
711 2814 808 2841 tradita
840 2814 900 2849 opi-

125 2858 207 2886 nione
218 2859 299 2887 tribui
311 2859 442 2887 solebant.
454 2860 530 2893 Quod
545 2859 577 2887 ad
593 2860 714 2894 ell‘ectus,
729 2864 755 2888 et
766 2861 898 2896 ἐπισημα-

952 2264 1084 2300 ὰληθιναὶ,
1099 2268 1126 2291 et
1139 2263 1281 2298 ἀκρόνυχοι
1293 2263 1429 2296 ent-colat,
1449 2271 1518 2298 quas
1529 2264 1620 2299 utique
1629 2272 1729 2300 prtere-

952 2309 1018 2336 dunt
1036 2313 1208 2344 apparentes.
1225 2309 1269 2337 Eae
1284 2317 1365 2345 porro
1381 2311 1503 2345 repetitis
1517 2311 1612 2338 diebus
1630 2311 1728 2346 sepius

952 2354 1104 2385 incurrunt.
1131 2355 1169 2382 Ex
1196 2355 1295 2390 quibus
1317 2360 1391 2384 certa
1409 2357 1460 2384 sibi
1477 2357 1593 2392 quisque
1608 2361 1727 2392 tempora

951 2401 1066 2435 sumpsit
1076 2421 1083 2433 ,
1100 2401 1199 2435 quibus
1214 2402 1279 2429 oriri
1295 2401 1416 2429 Pleiadas
1429 2403 1510 2437 paulo
1524 2407 1586 2438 post
1600 2410 1728 2430 occasum

952 2447 1037 2474 solem
1051 2446 1163 2474 diceret.

987 2494 1014 2521 In
1025 2493 1161 2522 Ptolemaei
1191 2495 1282 2522 libello
1302 2495 1398 2524 Latino
1410 2496 1536 2524 Octobris
1547 2496 1683 2528 Kalendis,
1699 2501 1726 2524 et

951 2540 1072 2568 secundo
1096 2541 1149 2573 die,
1168 2549 1239 2568 nono
1250 2549 1282 2568 ac
1297 2541 1458 2569 duodecimo
1470 2562 1478 2574 ,
1498 2542 1567 2569 idem
1589 2542 1633 2569 ille
1650 2547 1726 2570 ortus

951 2586 1105 2614 adnotatur.
1129 2586 1221 2615 Potest
1246 2587 1280 2615 de
1293 2592 1355 2616 ortu
1373 2595 1437 2615 vero
1458 2589 1495 2615 ita
1508 2588 1651 2622 scripsisse
1664 2589 1725 2615 libri

951 2632 1032 2667 hujus
1047 2637 1142 2660 auctor
1153 2653 1161 2664 ,
1176 2634 1221 2669 qui
1244 2635 1347 2669 putavit
1366 2634 1396 2661 in
1405 2634 1511 2660 Libram
1528 2633 1629 2669 ingredi
1642 2635 1725 2662 solem

950 2678 993 2706 die
1009 2677 1174 2713 Septembris
1188 2688 1231 2706 xnr
1246 2690 1252 2707 :
1270 2689 1284 2707 a
1300 2688 1353 2715 quo
1374 2679 1498 2707 Kalendae
1516 2679 1640 2708 Octobris
1653 2681 1726 2709 deci-

950 2733 1010 2753 mus
1020 2726 1116 2753 tertius
1130 2726 1188 2753 dies
1202 2731 1243 2753 est
1253 2746 1260 2758 ,
1276 2734 1366 2753 nonus
1376 2733 1440 2753 vero
1453 2726 1596 2754 vicesimus
1609 2727 1724 2762 primus,

949 2770 1123 2799 duodecimus
1157 2776 1268 2806 quartus
1286 2775 1314 2798 et
1336 2771 1492 2798 vicesimus.
1507 2770 1557 2804 Qui
1572 2776 1726 2807 postremus

948 2817 1019 2843 ortui
1042 2817 1149 2844 Juliano
1166 2817 1317 2852 acronycho
1332 2816 1468 2850 convenit,
1493 2818 1583 2845 caeteri
1612 2818 1725 2847 Metonis

949 2861 1116 2897 aliorumque
1128 2861 1226 2889 saeculo
1237 2860 1381 2896 quadraut.
1391 2860 1453 2889 llaec
1469 2869 1502 2889 ex
1516 2863 1636 2891 auctoris
1653 2864 1725 2891 illius
