1900 3137
191 199 262 229 1363

677 195 722 222 AD
742 194 873 222 EUSEB"
892 193 1088 222 CHRONICON
1104 193 1283 222 APPENDIX.

1730 191 1801 220 1365

227 258 290 286 Haec
303 257 335 285 ad
342 256 550 284 convincendam
564 253 751 289 Scaligerianae
765 253 904 280 sententiae
919 252 968 279 fal-
981 255 1007 284 Α
1019 260 1097 287 aequo
1116 255 1219 279 remota
1231 251 1286 278 sint
1300 257 1314 277 a
1329 249 1463 278 solstitiali
1478 254 1589 285 puncto.
1605 249 1641 276 At
1660 257 1742 276 secus
1758 257 1803 277 res

188 305 311 336 sitatem,
326 306 353 330 et
372 302 466 330 idonea
490 305 564 333 sunt,
580 305 607 328 et
630 299 782 327 necessaria
799 298 917 329 fuerunt,
934 306 968 325 ne

190 350 255 385 quis
279 354 379 376 temere
403 346 560 374 stoliditatis
579 349 658 372 tantte
672 352 732 371 reos
746 347 885 378 perageret
899 342 967 369 anti-

193 402 261 430 quos
276 394 337 421 illos
350 398 536 425 astronomos;
554 392 705 427 praesertim
721 391 864 420 Melonem,
877 389 970 416 Eucte-

192 449 310 472 monem,
325 439 476 470 Eudoxum,
494 442 607 466 caeteros
622 437 739 472 denique
758 437 791 464 ad
811 435 970 463 Eratosthe-

193 494 253 515 nem
266 490 294 514 et
309 485 502 521 Hipparchum.

488 552 601 582 CAPUT
621 552 676 580 VII.

191 614 230 641 De
258 612 408 640 cardinibus
438 616 550 638 veterum
575 610 702 637 sententia
717 614 808 636 contra
834 608 970 635 Geminum

226 649 342 683 defensa.
358 648 438 681 Signa
444 647 623 683 _irriperantia,
640 645 834 683 auscullanliq,
840 644 968 683 ﬁdentia,

225 678 263 710 ex.
274 678 420 711 Ptoleméi,
437 681 517 708 Pauli
539 681 722 710 Alexandrini.
739 679 844 706 Manilii
861 684 885 705 et
905 678 970 705 Fir-

225 720 287 746 mici
306 717 451 744 rationibus
468 716 608 750 explicata.
626 715 697 742 Mira
716 716 743 741 in
758 715 798 741 his
817 718 840 741 et
862 713 971 740 Firmici

225 754 282 782 loco
296 753 467 780 Itallucinatio
483 751 622 786 Scaligeri.

227 810 280 838 Sed
302 814 332 837 ut
353 814 475 838 veterum
496 809 530 836 de
551 808 709 836 cardinibus
729 807 864 835 sententia
885 805 971 841 magis

192 857 353 888 illustretur,
368 860 425 883 tum
445 855 531 882 multa
547 855 580 882 ad
595 854 666 882 idem
685 855 822 889 negotium
844 856 971 888 spectan-

191 903 238 935 tia,
262 910 312 929 nec
339 901 450 937 indigna
475 901 545 928 scitu
565 901 653 929 obiter
664 900 844 935 explicentur,
864 898 971 925 Gemini

191 949 268 976 locus
289 948 334 975 ille
359 947 513 975 accuratius
536 946 712 981 explicandus
733 949 784 972 est.
809 944 971 979 Quadrupli-

191 1000 250 1020 cem
275 992 414 1027 signorum
432 991 517 1024 τάξιν,
536 991 583 1018 καὶ
601 990 673 1017 θέσιν
687 997 826 1024 exponens
842 989 971 1017 Geminus

192 1038 265 1072 (pag.
281 1035 319 1071 6),
334 1041 459 1070 quartam
476 1035 591 1070 appellat
604 1043 675 1067 eam,
688 1042 748 1069 quas
761 1034 831 1061 κατὰ
844 1034 972 1068 συζυγίαν

192 1082 310 1113 dicitur;
325 1089 405 1116 quam
420 1089 514 1108 eorum
532 1081 671 1116 signorum
687 1088 748 1108 esse
763 1081 851 1112 docet,
866 1088 925 1115 qua:
939 1088 973 1108 ex

192 1127 287 1154 eodem
306 1128 432 1154 oriuntur
451 1127 521 1159 loco,
542 1131 569 1154 et
589 1127 615 1153 in
636 1127 731 1154 eodem
748 1126 876 1154 occidunt
892 1138 899 1154 ι
916 1126 973 1154 sive

193 1180 252 1207 quae
268 1172 364 1200 iisdem
378 1172 513 1207 parallelis
528 1172 714 1205 includuntur,
731 1177 760 1199 ut
780 1175 844 1199 sunt
868 1171 973 1199 Cancer

193 1221 220 1244 et
239 1216 355 1250 Gemini,
373 1217 556 1252 Capricornus
576 1221 602 1244 et
622 1217 795 1253 Sagittarius,
816 1225 847 1244 ac
864 1221 972 1250 caetera,

194 1269 254 1297 quae
265 1270 297 1289 ex
313 1269 391 1298 atquo
403 1263 505 1290 distant
516 1263 550 1290 ab
566 1263 695 1290 alterutro
707 1267 868 1297 punctorum
883 1263 974 1290 solsti-

194 1308 310 1336 tialium.
334 1308 363 1335 ln
385 1315 439 1343 quo
457 1313 562 1336 veteres
579 1307 763 1343 reprehendit,
777 1308 823 1343 qui
838 1308 972 1335 Cancrum

193 1362 256 1382 cum
278 1354 354 1382 nullo
374 1355 427 1382 alio
449 1354 578 1388 συζυγίαν
595 1355 695 1381 habere
715 1355 862 1389 putabant;
887 1362 973 1389 neque

193 1400 399 1435 Gapricornum,
409 1399 457 1427 sed
468 1400 562 1427 ambos
576 1401 717 1435 μοναχοὺς,
728 1403 754 1427 et
767 1399 883 1434 ἀζύγους
892 1407 952 1427 esse
965 1409 972 1427 :

193 1448 292 1483 quippe
313 1454 376 1474 cum
402 1447 487 1482 signis
510 1446 636 1474 onmihus
658 1446 794 1473 borealius
813 1446 926 1478 oriatur,
947 1449 975 1472 et

193 1493 299 1520 occidat
307 1492 426 1524 Cancer,
439 1492 622 1527 Capricornus
635 1496 725 1519 autem
738 1492 894 1519 australius.
907 1491 973 1518 Nam

193 1539 299 1567 nullum
314 1542 366 1571 est,
381 1538 453 1574 quod
467 1545 600 1573 peraeque,
615 1543 644 1564 ut
662 1537 714 1565 ista
729 1537 792 1569 duo,
809 1538 842 1564 ad
863 1538 973 1564 boream

194 1587 353 1610 austrumve
373 1582 506 1611 deﬂectat.
532 1582 624 1617 Itaque
651 1583 758 1610 duobus
783 1582 817 1610 iis
842 1583 972 1618 exceptis,
987 1595 1008 1624 ο

195 1629 300 1665 reliqua
315 1631 406 1657 decem
423 1631 459 1657 ita
474 1630 678 1665 comparabant.

345 1697 450 1734 Syzyga
469 1698 547 1734 signa
562 1697 704 1725 secundum
722 1702 828 1726 veteres.

368 1756 474 1783 Cancer

367 1790 469 1825 ἄζυγος

369 1825 476 1853 Gemini
581 1829 609 1854 et
679 1825 734 1853 Leo

369 1861 477 1889 Taurus
581 1865 609 1889 et
677 1861 760 1896 Virgo

369 1896 448 1923 Aries
585 1900 611 1923 et
681 1895 762 1923 Libra

371 1931 465 1959 Pisces
585 1936 613 1959 et
684 1931 814 1966 Scorpius

370 1967 507 2000 Aquarius
585 1971 612 1995 et
684 1966 845 2002 Sagittarius

371 2002 553 2036 Capricornus

372 2037 471 2071 ἄζυγος

332 2102 437 2139 Syzyga
451 2103 527 2138 signa
542 2100 684 2129 secundum
699 2101 844 2129 Geminum.

372 2159 479 2187 Gemini
656 2159 762 2187 Cancer

373 2194 482 2223 Taurus
657 2193 712 2221 Leo

374 2231 453 2258 Aries
659 2228 741 2264 Virgo

373 2264 467 2293 Pisces
659 2264 741 2292 Libra

373 2300 510 2335 Aquarius
662 2299 793 2335 Scorpius

374 2334 557 2369 Capricornus
663 2334 836 2370 Sagittarius.

234 2389 265 2418 ln
278 2393 394 2425 utroque
408 2390 603 2426 diagrammate
616 2393 762 2420 discrimen
776 2393 827 2419 hoc
842 2392 978 2425 cernitur,

201 2436 274 2472 quod
288 2436 355 2464 illud
368 2440 489 2464 veterum
509 2440 632 2474 syzygias
647 2439 716 2466 inter
731 2446 761 2466 ea
777 2439 852 2474 signa
868 2442 979 2470 statuat,

201 2490 262 2517 quae.
284 2480 425 2518 aequaliter
447 2481 548 2509 distant
570 2490 585 2509 a
608 2484 674 2511 totis
699 2483 785 2519 signis
809 2484 931 2519 tropicis,
953 2484 980 2510 in

201 2529 288 2556 altero
309 2527 411 2563 σύζυγα
431 2528 508 2563 signa
526 2529 664 2563 atqualiter
680 2537 694 2556 a
711 2531 818 2564 punctis
841 2530 908 2565 ipsis
926 2535 982 2556 troo

201 2574 270 2609 picis
290 2573 398 2602 absunt.
420 2573 550 2601 Geminus
574 2575 700 2610 antiquos
725 2575 834 2607 refellit,
858 2576 929 2611 quod
949 2583 980 2603 ex

201 2627 297 2647 eorum
324 2620 429 2648 ratione
455 2627 626 2656 consequens
653 2621 693 2651 lit,
726 2622 841 2648 solstitia
871 2622 898 2648 in
925 2625 982 2648 toto

203 2664 422 2694 dodecatemorio
441 2665 539 2694 Cancri
559 2666 725 2701 contingere.
746 2667 812 2694 Nam
829 2675 890 2694 cum
905 2669 982 2703 signa

203 2712 340 2747 comparia
358 2712 421 2745 sint,
442 2720 502 2747 quae
522 2720 555 2740 ex
577 2712 671 2740 eodem
694 2712 754 2740 loco
771 2718 848 2741 ortus
863 2721 927 2741 suos
942 2713 983 2740 fa—

204 2757 289 2790 ciunt,
304 2763 331 2785 et
353 2758 378 2785 in
393 2759 518 2786 eumdem
538 2759 683 2792 occidunt;
700 2762 730 2786 ut
748 2757 852 2786 Gemini
877 2766 908 2786 ac
929 2758 982 2786 Leo

205 2803 242 2830 ita
267 2811 297 2830 se
319 2803 445 2835 habeant.
467 2811 580 2833 necesse
604 2809 647 2833 est
668 2804 788 2840 aequales
803 2804 831 2832 in
855 2804 910 2832 illis
923 2813 983 2833 esse

206 2846 279 2880 dies,
298 2847 350 2876 hoc
365 2852 406 2877 est
421 2851 611 2884 parallelorum
630 2856 768 2886 segmenta
785 2860 868 2887 supra
893 2852 983 2880 ﬁnito-

207 2900 265 2920 rem
281 2892 397 2921 eadem:
417 2895 488 2931 quod
509 2896 587 2924 aliter
602 2897 659 2925 ﬁeri
676 2898 780 2933 nequit,
803 2906 884 2933 quam
908 2899 929 2928 si
951 2907 983 2926 ex

1018 299 1116 331 habet;
1130 306 1193 325 nam
1204 297 1378 325 Geminorum
1392 301 1539 324 extremum
1552 302 1594 324 est
1608 297 1700 331 ipsum
1714 296 1803 323 solsti-

1019 345 1082 371 tiale
1109 348 1257 379 punctum;
1284 343 1384 370 Leonis
1407 346 1508 375 autem,
1538 342 1682 376 sexagenis
1710 341 1745 369 ab
1770 349 1803 369 eo

1019 390 1148 425 gradibus
1166 389 1259 417 distat.
1274 388 1393 423 ldipsum
1405 388 1431 415 in
1447 388 1529 415 Libra
1543 393 1570 415 et
1585 388 1679 415 Ariete
1700 387 1802 415 clarius

1019 435 1056 461 ait
1072 434 1189 468 ostendi,
1206 442 1267 470 qum
1281 434 1336 461 duo
1350 441 1449 469 syzyga
1463 433 1612 466 faciebant;
1631 433 1706 468 atqui
1721 432 1803 459 Libra

1019 480 1105 506 multo
1118 487 1199 514 quam
1214 480 1291 507 Aries
1306 479 1452 506 australius
1465 480 1562 511 oritur,
1576 482 1603 505 et
1617 478 1731 505 occidit.
1741 477 1804 505 Haec

1020 525 1158 552 Geminus.

1055 570 1153 598 Verum
1170 571 1248 605 longe
1265 570 1356 602 aliam,
1372 577 1452 605 quam
1467 568 1571 604 putavit
1584 567 1727 601 Geminus,
1743 568 1801 602 pri-

1020 623 1128 644 scorum
1151 615 1403 643 mathematicorum
1427 615 1560 641 rationem
1584 614 1689 646 fuisse,
1714 621 1802 649 neque

1020 665 1094 688 recte
1117 661 1151 688 ab
1172 661 1219 687 illo
1239 661 1419 695 reprehensos
1442 667 1502 688 esse
1519 667 1683 695 persuasum
1705 659 1801 686 habeo.

1020 706 1079 733 Non
1094 706 1168 733 enim
1183 706 1230 741 qui
1251 706 1303 733 hoc
1319 706 1478 734 asserebant
1491 705 1640 733 cardinalia
1655 708 1757 739 puncta
1775 707 1802 732 in

1020 751 1088 786 ipsis
1110 751 1249 786 signorum
1273 751 1370 785 initiis,
1393 751 1440 778 sed
1460 751 1488 778 in
1508 751 1615 783 mediis,
1641 750 1695 778 hoc
1716 754 1758 777 est
1776 751 1803 778 in

1021 797 1106 833 gradu
1127 797 1232 825 decimo
1256 798 1351 832 quinto
1372 797 1542 824 collocabant
1562 806 1570 824 :
1593 804 1677 832 quam
1700 796 1803 823 Eudoxi

1021 843 1107 870 fuisse
1133 843 1293 870 sententiam
1319 842 1489 878 Hipparchus
1512 842 1668 874 asserebat,
1694 841 1728 868 de
1752 847 1805 875 quo

1022 896 1071 916 nos
1096 896 1156 924 cap.
1182 887 1216 916 Ν
1234 888 1322 916 fusius
1341 888 1456 924 egimus.
1474 887 1562 922 Atque
1576 891 1606 914 ut
1625 887 1733 914 Eudoxi
1752 894 1806 912 non

986 922 1007 949 Β
1022 933 1113 966 fuerit,
1130 922 1230 961 eorum
1251 922 1374 961 veterum
1390 937 1464 961 certe
1487 932 1546 966 fuit,
1563 933 1610 967 qui
1632 933 1682 964 ita,
1704 936 1733 959 ut
1756 932 1807 960 Ge-

1021 980 1114 1007 minus
1135 979 1241 1011 scribit,
1255 979 1393 1014 comparia
1416 979 1487 1006 inter
1501 986 1531 1006 se
1545 978 1622 1013 signa
1646 984 1809 1012 composuev

1021 1028 1095 1053 runt.
1121 1024 1178 1051 lloc
1200 1025 1272 1052 enim
1296 1023 1376 1051 modo
1398 1024 1569 1051 verissimum
1590 1023 1654 1055 erit,
1672 1023 1745 1057 quod
1769 1022 1809 1049 illi

1021 1075 1128 1099 veteres
1151 1071 1302 1106 putabant,
1331 1078 1429 1106 syzyga
1455 1077 1516 1098 esse
1541 1070 1618 1105 signa
1645 1069 1755 1096 Libram
1781 1072 1809 1095 et

1021 1118 1151 1150 Arieteni,
1168 1117 1242 1152 quod
1257 1125 1290 1144 ex
1302 1124 1380 1151 aequo
1391 1117 1524 1144 distarent
1535 1116 1569 1143 ab
1581 1119 1700 1150 utroque
1716 1115 1809 1142 solsti-

1021 1163 1069 1197 tio,
1091 1163 1148 1191 sive
1170 1171 1184 1190 a
1203 1163 1309 1191 decimo
1324 1163 1419 1198 quinto
1432 1161 1517 1197 gradu
1539 1161 1638 1188 Cancri
1663 1164 1690 1188 et
1711 1160 1809 1193 Capri-

1022 1211 1110 1238 corni.
1135 1210 1204 1238 Tum
1233 1211 1259 1238 id
1283 1218 1453 1246 consequens
1474 1214 1529 1242 est,
1555 1216 1698 1244 perperam
1719 1217 1754 1236 ex
1777 1216 1809 1235 ea

1021 1261 1143 1284 veterum
1156 1257 1294 1292 opinione,
1309 1265 1390 1292 quam
1404 1257 1496 1289 refert,
1511 1256 1701 1291 improbatque
1715 1254 1807 1283 Gemi-

1022 1311 1084 1334 nus,
1100 1303 1267 1331 conclusisse
1290 1302 1457 1338 Scaligerum
1473 1302 1517 1337 (In
1530 1301 1639 1334 Hanil.,
1657 1309 1718 1336 pag.
1733 1301 1808 1335 157),

1022 1349 1095 1384 quod
1124 1349 1214 1383 capite
1242 1348 1412 1376 antecedenti
1442 1348 1577 1381 diximus;
1609 1348 1717 1382 priscos
1747 1347 1810 1374 illos

1022 1395 1126 1431 τροπὰς
1149 1400 1176 1422 et
1201 1395 1317 1422 solstitia
1339 1395 1367 1422 in
1382 1394 1446 1422 totis
1464 1395 1575 1430 triginta
1590 1394 1733 1429 gradibus,
1754 1401 1810 1420 non

1022 1441 1051 1468 in
1074 1446 1175 1476 puncto
1198 1441 1289 1476 aliquo
1303 1441 1373 1476 λόγῳ
1386 1441 1514 1477 Θεωρητῷ
1531 1441 1672 1473 statuisse,
1692 1441 1720 1468 id
1733 1441 1810 1468 enim

1023 1485 1092 1513 falso
1115 1486 1268 1520 suspicatus
1290 1489 1342 1518 est,
1376 1494 1462 1521 neque
1483 1494 1593 1514 causam
1616 1486 1723 1518 habuit,
1761 1493 1811 1513 cur

1024 1530 1075 1558 hoc
1101 1531 1153 1558 sibi
1180 1535 1335 1559 commento
1360 1531 1479 1567 placeret
1497 1532 1574 1563 adeo,
1592 1536 1623 1560 ut
1644 1532 1706 1566 ejus
1724 1532 1811 1560 insci-

1024 1575 1088 1602 tiam
1110 1575 1309 1604 mathematicis
1336 1577 1522 1611 exprobraret.
1545 1577 1642 1604 Mirum
1658 1585 1725 1604 vero
1751 1585 1811 1612 por-

1025 1623 1129 1647 tentum
1153 1620 1205 1647 hoc
1229 1621 1332 1649 erroris
1357 1620 1470 1649 Eudoxo
1499 1623 1533 1649 ab
1560 1622 1656 1649 eodem
1678 1622 1810 1657 impingi,

1024 1665 1079 1693 imo
1103 1670 1240 1694 auctorem
1260 1666 1332 1694 illius
1345 1666 1486 1694 Eudoxum
1507 1669 1604 1696 asseri.
1620 1667 1652 1695 ln
1669 1676 1726 1703 quo
1741 1670 1814 1696 mul-

1025 1711 1108 1747 tiplex
1130 1716 1172 1740 est
1198 1712 1357 1748 ἀπροσεξία.
1381 1713 1449 1740 Nam
1470 1714 1492 1741 si
1515 1714 1644 1743 Eudoxus
1661 1715 1689 1742 in
1705 1716 1809 1744 decim:

1024 1757 1120 1791 quinto
1139 1757 1223 1792 gradu
1241 1757 1337 1785 Cancri
1360 1758 1462 1794 τροπὰς
1480 1759 1588 1787 aestivas
1603 1759 1661 1786 fieri
1688 1760 1809 1795 scripsit,

1025 1801 1152 1830 hibernas
1176 1802 1203 1829 in
1229 1802 1389 1838 Capricorni
1413 1804 1519 1832 decimo
1536 1806 1642 1840 quinto,
1663 1807 1810 1841 utrobique

1026 1847 1122 1875 mediis
1145 1848 1173 1875 in
1197 1849 1300 1883 signis,
1323 1849 1404 1884 idque
1427 1850 1513 1885 ipsius
1530 1850 1635 1878 Eudoxi
1652 1852 1811 1880 testimonio

1026 1897 1151 1920 constare
1166 1893 1236 1927 apud
1251 1893 1434 1928 Hipparchum
1450 1898 1526 1929 putat
1535 1894 1674 1930 Scaliger;
1687 1897 1812 1931 quinam,

1026 1937 1150 1969 obsecro,
1162 1944 1372 1967 consentaneum
1388 1945 1440 1972 est,
1449 1940 1475 1967 in
1488 1944 1545 1968 toto
1556 1942 1634 1976 signo
1647 1943 1813 1970 constitutas

1026 1983 1061 2011 ab
1076 1984 1122 2010 illo
1141 1984 1245 2020 τροπὰς
1263 1984 1366 2012 fuisse?
1381 1985 1422 2013 Ad
1440 1986 1497 2013 hsce
1511 1985 1535 2014 si
1550 1987 1678 2022 princeps
1697 1988 1735 2014 ita
1752 1996 1813 2015 sen-

1027 2029 1063 2056 sit
1091 2028 1236 2062 Eudoxus,
1259 2038 1314 2057 non
1338 2038 1403 2066 ergo
1426 2031 1536 2064 Metoni,
1561 2039 1593 2059 ac
1613 2034 1812 2061 vetustioribus

1028 2075 1098 2107 aliis,
1115 2076 1160 2110 qui
1179 2076 1320 2103 Eudoxum
1345 2080 1561 2111 antecesserunt,
1579 2078 1630 2106 hoc
1650 2079 1744 2114 ipsum
1771 2087 1813 2107 ve-

1027 2121 1068 2148 nit
1081 2121 1107 2148 in
1122 2127 1238 2148 mentem
1254 2131 1260 2149 :
1276 2123 1347 2157 quod
1359 2126 1449 2151 tamen
1464 2123 1589 2151 universe
1601 2124 1634 2151 de
1649 2125 1813 2160 antiquitate

1027 2168 1101 2195 omni
1118 2172 1219 2196 temere
1234 2169 1429 2204 pronuntiabat
1442 2169 1570 2205 Scaliger.
1582 2170 1719 2198 Eradatur
1733 2172 1813 2207 igitur

1027 2221 1061 2241 ex
1082 2214 1155 2240 omni
1174 2214 1325 2241 litterarum
1341 2215 1471 2242 memoria
1487 2215 1639 2243 fmdissima
1662 2217 1717 2244 ista
1738 2217 1813 2244 labes

993 2265 1016 2292 ι)
1029 2257 1175 2292 opinionis,
1189 2266 1269 2293 quam
1284 2259 1329 2286 ille
1342 2259 1461 2294 ἀκρίτως
1476 2259 1503 2286 ἱιι
1522 2259 1664 2288 Eudoxum
1694 2269 1727 2289 ac
1738 2266 1814 2288 sete.

1031 2313 1076 2333 res
1100 2310 1270 2334 astronomos
1293 2313 1375 2334 ausus
1396 2312 1437 2334 est
1458 2306 1592 2334 conferre.
1613 2306 1666 2335 Sed
1684 2315 1737 2335 nec
1761 2308 1815 2336 Ge-

1032 2351 1099 2378 mini
1116 2352 1258 2387 castigatio
1278 2360 1328 2380 nos
1346 2353 1392 2379 illa
1409 2353 1539 2386 delectet;
1559 2357 1655 2380 contra
1669 2361 1751 2388 quam
1767 2362 1814 2389 pa-

1031 2397 1161 2424 trocinari
1178 2399 1298 2433 antiquis
1314 2398 1367 2426 illis
1381 2406 1463 2434 quam
1483 2398 1565 2425 facile
1581 2406 1742 2433 possumus,
1759 2404 1813 2427 tam

1032 2444 1128 2470 merito
1137 2443 1284 2471 .debemus.

1069 2488 1114 2516 Sic
1134 2490 1160 2516 in
1182 2490 1305 2517 antisciis
1320 2495 1442 2517 veterum
1456 2498 1487 2517 ex
1505 2490 1599 2517 eodem
1618 2490 1696 2518 fonte
1713 2493 1814 2520 erroris

1033 2536 1208 2570 explicandis,
1225 2543 1256 2563 ac
1270 2535 1445 2563 traducendis
1460 2536 1567 2570 impune
1583 2536 1649 2563 lusit
1670 2536 1794 2572 Scaliger
1804 2558 1812 2568 .

1031 2588 1091 2616 qua
1104 2581 1211 2616 quidem
1227 2585 1409 2609 consentanee
1423 2581 1456 2610 iis
1470 2589 1529 2617 quae
1544 2590 1593 2617 pro
1607 2583 1738 2616 opinione
1755 2583 1814 2610 illo-

1031 2635 1093 2654 rum
1106 2626 1280 2658 adduximus,
1291 2627 1424 2654 veriorem
1439 2626 1471 2654 ad
1487 2634 1594 2654 sensum
1608 2627 1814 2654 accommodare

1032 2672 1106 2700 licet.
1125 2672 1202 2705 Quod
1221 2676 1250 2699 ut
1266 2672 1383 2700 breviter
1398 2673 1453 2705 fiat,
1474 2672 1554 2707 paulo
1569 2673 1650 2699 altius
1665 2674 1813 2708 repetenda

1033 2726 1078 2746 res
1097 2718 1157 2746 erit.

1066 2763 1107 2791 Ex
1129 2764 1276 2792 vanissima
1295 2764 1348 2791 τῶν
1363 2765 1616 2799 ἀποτελεσματικῶν
1632 2765 1750 2795 ratione,
1767 2763 1813 2791 do-

1033 2808 1212 2837 decatemoria
1237 2810 1339 2838 zodiaci
1362 2811 1452 2838 varias
1471 2810 1541 2838 inter
1561 2818 1591 2838 se
1618 2810 1738 2846 σχέσεις,
1758 2811 1813 2837 sive

1035 2856 1239 2890 σχηματισμοὺς
1261 2856 1371 2888 habent,
1393 2864 1462 2890 quos
1482 2859 1607 2890 aspectus
1625 2856 1707 2890 vulgo
1725 2855 1813 2882 nomi-

1034 2905 1109 2927 nant.
1125 2900 1163 2928 Ex
1184 2901 1281 2934 quibus
1296 2908 1342 2929 eos
1353 2901 1484 2928 duntaxat
1501 2900 1553 2927 hoc
1574 2900 1635 2928 loco
1654 2900 1811 2935 seligemus.
