1900 3137
126 163 202 198 1365

534 166 761 195 DlSSERTATlO
778 165 824 193 DE
840 165 933 193 OBTU
949 164 992 192 ET
1012 163 1146 192 OCCASU
1167 164 1327 192 SIDERUM.

1667 165 1737 195 1368

127 229 179 265 qui
194 229 227 256 ad
247 227 382 264 negotium
395 232 518 256 nostrum
532 228 677 263 pertinent,
693 227 849 255 auctoribus
862 227 911 254 ad-
925 231 948 260 Α
962 226 1021 254 dem
1040 233 1074 254 ex
1088 225 1237 253 horizontis
1255 220 1377 260 partibus
1398 226 1530 258 oriantur.
1544 229 1576 254 et
1594 225 1622 254 in
1639 226 1734 254 iisdem

130 274 225 302 bibitis
246 273 391 301 Ptolemaeo
412 274 439 300 in
462 273 610 301 Tetrabiblo
625 273 680 308 (lib.
700 272 732 308 Ι),
748 272 831 299 Paulo
845 273 909 300 Ale-

131 320 277 351 xandriuo,
304 319 423 351 Manilio,
458 323 485 346 et
509 319 638 347 Firmico.
666 319 750 354 Igitur
772 319 848 353 signa
863 323 911 346 aut

130 371 196 394 sunt
219 367 316 399 οἰκεῖα,
342 374 352 391 ι
370 365 524 399 familiaria,
541 375 550 391 ι
570 366 628 394 sive
655 376 665 392 ε
684 370 811 401 cognata;
833 375 842 392 ι
863 369 909 394 aut

128 412 272 443 ἀσύνδετα,
295 420 305 436 ‹
330 411 514 446 inconjuncta.
536 421 546 437 ›
569 415 596 438 et
621 420 630 437 ε
656 412 754 438 aliena.
781 421 790 438 ι
814 411 908 439 Priora

129 458 269 489 dicuntur,
279 465 340 493 quae
352 458 542 485 schematismo
554 457 655 492 aliquo,
669 459 710 485 vel
720 457 852 484 οἰκειώσει
868 458 908 485 in-

128 508 174 530 ter
191 511 220 530 se
237 503 361 531 devincta
380 507 455 537 sunt;
475 504 634 539 posteriora,
657 512 716 539 quae
735 505 838 531 nullum
861 504 910 531 ha-

127 550 196 577 bent
209 557 243 577 ex
258 549 301 582 iis,
317 557 386 585 quos
397 550 595 585 astrologorum
608 558 674 578 usus
688 551 812 578 adscivit.
829 550 909 579 Sche-

127 595 272 623 matismus
286 595 327 623 vel
340 600 382 623 est
395 595 464 623 κατὰ
479 596 632 631 διάμετρον,
647 599 675 622 ut
686 595 764 624 Aries
774 599 801 623 et
813 595 906 628 Libra,

125 642 173 667 vel
200 641 268 668 κατὰ
287 641 427 676 τρίγωνον,
444 642 486 669 vel
504 642 574 668 κατὰ
590 642 766 677 τετράγωνον,
778 642 820 670 vel
837 642 908 669 κατὰ

125 686 281 720 ἑξάγωνον,
299 687 332 714 de
356 687 454 722 quibus
474 687 603 715 Geminus
624 695 684 723 cap.
707 687 732 720 Ι,
752 692 779 716 et
801 695 850 716 nos
872 689 906 716 ad

124 732 254 760 eumdem
279 732 305 759 in
324 731 401 760 Notis
417 733 538 768 qumdam
554 734 767 762 observavimus.
785 735 905 763 Alterum

124 785 214 811 genus
234 777 404 811 οἰκειώσεως,
419 779 568 806 secundum
582 780 653 815 quod
675 780 753 816 signa
775 781 827 808 alia
843 787 907 809 sunt

123 823 339 857 προστάσσοντα,
367 832 376 848 ‹
405 824 574 860 imperantia,
604 834 613 851 ι
644 825 695 852 alia
724 825 904 860 ὑπακούοντα,

125 877 138 893 ί
163 867 343 895 auscultantia
370 878 376 895 :
405 878 414 894 ι
442 877 502 904 quae
524 870 604 897 ambo
630 871 766 898 communi
796 873 906 901 nomine

960 270 1094 298 occidant.
1117 270 1203 304 Atque
1229 270 1285 297 hazc
1309 273 1372 297 sunt
1396 269 1499 305 σύζυγα
1520 270 1607 305 signa,
1623 277 1682 305 quae
1701 278 1735 299 ex

959 314 1071 342 Gemino
1089 315 1214 350 superius
1226 315 1431 350 explicavimus,
1447 319 1476 342 ut
1490 315 1605 349 Gemini,
1618 317 1734 349 Cancer,

959 360 1076 392 Taurus,
1091 360 1154 394 Leo,
1169 364 1196 388 et
1215 366 1322 392 caetera,
1340 360 1373 388 de
1392 360 1491 395 quibus
1507 362 1535 388 in
1547 360 1622 390 Notis
1636 363 1669 390 ad
1682 362 1735 391 Ge-

958 406 1061 433 minum
1078 406 1168 440 aliqua
1182 406 1311 434 diximus.

985 451 1140 478 τἍσύνδετα
1169 456 1195 479 et
1223 451 1482 487 ἀπηλλοτριωμένα,
1513 453 1680 488 inconjuncta
1707 459 1735 483 et

958 496 1045 523 aliena
1065 497 1139 532 signa
1160 497 1297 529 dicuntur,
1313 505 1372 532 quae
1388 499 1489 526 nullius
1504 499 1687 527 schematismi
1701 508 1735 528 ex

958 542 1181 570 antecedentibus
1197 542 1257 570 istis
1274 543 1430 571 societatem
1447 549 1546 572 coeunt
1559 545 1683 572 invicem.
1695 546 1734 574 ιιι

957 587 1127 615 Ptolemazus.

991 633 1026 660 At
1050 633 1176 666 Manilius
1197 637 1224 661 et
1252 634 1353 662 Paulus
1376 635 1574 663 Alexandrinus
1598 635 1735 663 audienti:

957 683 984 707 et
1007 679 1125 706 videntia
1143 680 1219 715 signa
1237 680 1316 708 aliter
1340 681 1487 714 explicant.
1506 680 1573 708 Nam
1594 681 1666 716 apud
1686 689 1734 710 eos

958 725 1107 753 videntium
1133 726 1209 762 paria
1223 730 1349 753 constant
1372 727 1405 753 iis
1425 727 1509 761 signis
1527 735 1586 762 quae
1602 735 1635 754 ex
1656 735 1734 763 aequo

956 770 1057 799 distant
1079 779 1094 798 a
1111 771 1175 799 totis
1188 771 1273 807 signis
1284 772 1393 807 "opicis
1405 776 1434 800 ut.
1449 776 1511 800 sunt
1526 773 1642 805 Gemini,
1661 773 1732 805 Leo.

956 816 1073 849 Taurus,
1086 817 1180 853 Virgo,
1197 826 1229 845 ac
1253 819 1373 853 reliqua;
1394 826 1454 853 quae
1467 819 1603 854 descripta
1626 824 1689 847 sunt
1705 820 1733 847 in

956 861 1042 889 altero
1056 862 1192 890 schemate
1202 862 1256 888 τῶν
1271 862 1404 897 συζύγων,
1421 864 1568 891 secundum
1579 868 1694 896 veteres,
1704 869 1733 892 ut

122 913 288 947 ἀκουόντων,
308 922 317 940 ι
335 914 512 947 audientium,
533 925 543 942 ›
568 915 669 944 Paulus
693 917 900 953 Alexandrinus,

955 914 1050 934 eorum
1075 912 1192 935 mentem
1214 908 1409 943 interpretatus
1422 914 1464 936 est
1479 908 1619 937 Geminus.
1639 909 1732 945 Itaque

121 964 153 986 et
172 958 297 987 Manilius
320 959 481 995 intelligunt.
496 960 615 988 Tertium
636 969 721 997 genus
744 963 905 996 οἰκειώσεως

120 1009 168 1032 est
185 1005 238 1032 τῶν
254 1006 415 1041 βλεπόντων,
434 1015 498 1035 sese
509 1011 602 1035 mutuo
617 1009 851 1044 conspicientium.
869 1010 905 1038 Ut

120 1051 160 1079 de
175 1052 369 1086 posterioribus
385 1053 426 1080 his
442 1053 572 1081 ambobus
587 1062 675 1090 agam.

160 1096 321 1126 Ptolemaeus
344 1098 560 1134 προστάσσοντα,
584 1105 611 1127 et
631 1101 800 1128 ὑπακούοντα
826 1102 903 1137 signa

118 1146 215 1177 vocat,
233 1143 267 1170 τὰ
285 1144 344 1171 κατ’
362 1145 422 1179 ῐσην
437 1145 573 1172 διάστασιν
586 1146 639 1172 ἀπὸ
654 1146 700 1173 τοῦ
716 1147 808 1178 αὐτοῦ,
824 1148 840 1183 ἢ
857 1148 904 1174 καὶ

119 1190 252 1225 ὁποτέρου
273 1191 326 1217 τῶν
352 1191 516 1227 ἐσημερινῶν
533 1192 651 1227 σημείων
671 1194 901 1229 σχηματιζόμενα,

118 1235 166 1262 διὰ
183 1237 213 1263 τὸ
224 1237 252 1263 ὲν
263 1238 319 1269 τοῖς
333 1237 398 1269 ἴσοις
411 1239 516 1273 χρόνοις
529 1239 710 1273 ἀναφέρεσθαι
720 1241 766 1267 καὶ
778 1240 823 1267 ἐπὶ
838 1241 902 1269 ἴσων

119 1282 311 1318 παραλλήλων.
333 1292 342 1309 ι
358 1282 424 1316 Quae
444 1284 502 1318 pari
524 1285 666 1312 intervallo
689 1285 723 1312 ab
746 1285 840 1313 eodem
859 1287 902 1314 vel

119 1330 254 1358 alterutro
269 1335 429 1365 punctorum
443 1333 673 1368 aequinoctialium
683 1334 821 1368 distantia,
833 1335 902 1371 figu-

118 1380 200 1406 ram,
229 1381 276 1401 seu
301 1379 476 1410 conspectum
505 1377 631 1406 habent:
652 1379 724 1413 quod
752 1380 901 1414 aequalibus

118 1419 289 1454 temporibus
309 1421 441 1453 oriantur,
458 1427 485 1450 et
505 1422 532 1449 in
551 1423 698 1458 :equalibus
719 1425 866 1460 parallelis.
887 1436 897 1453 ι

118 1464 255 1493 Zodiacus
269 1466 388 1494 circulus
402 1467 437 1495 ab
452 1468 632 1503 aequinoctiali
648 1469 775 1497 bifariam
793 1476 900 1499 secatur

118 1510 150 1538 in
164 1510 273 1546 punctis
286 1512 529 1547 aequinoctialibus.
545 1513 615 1548 Hinc
629 1515 817 1544 semicirculus
833 1517 901 1544 alter

117 1556 240 1585 borealis
262 1557 372 1589 dicitur.
399 1558 502 1587 habens
526 1560 602 1595 signa
623 1560 742 1590 borealia
762 1570 819 1594 sex,
839 1571 935 1604 quaee

119 1604 186 1629 sunt
204 1601 293 1635 Aries,
313 1602 431 1636 Taurus,
449 1603 565 1637 Gemini,
583 1605 696 1640 Cancer,
709 1606 773 1640 Leo,
796 1607 897 1643 Virgo;

118 1647 189 1675 alter
205 1648 332 1677 australis
352 1649 463 1678 totidem
484 1650 568 1685 signis
589 1652 730 1686 praeditus,
746 1661 805 1688 quae
823 1659 898 1688 sunt,

117 1691 212 1726 Libra,
225 1693 364 1729 Scorpius,
387 1694 559 1736 Sagittarius,
585 1697 778 1733 Capricornus,
804 1700 898 1736 Aqua-

118 1739 188 1772 rius,
212 1739 322 1774 Pisces;
351 1732 572 1778 borealiaIsigna
595 1748 658 1771 sunt
680 1745 897 1780 προστάσσοντα;

118 1782 249 1813 australia
263 1794 327 1814 vero
341 1787 518 1815 ὑπακούοντα.
540 1789 624 1825 Cujus
641 1789 680 1818 rei
694 1798 804 1819 causam
820 1792 898 1820 affert

116 1831 280 1860 Ptolemmus
294 1833 366 1868 quod
380 1834 408 1860 in
426 1834 580 1863 borealibus
594 1836 678 1871 signis
696 1837 826 1872 paulatim
839 1839 897 1867 dies

116 1882 285 1912 augeantur,
307 1879 333 1906 in
348 1879 433 1907 altero
445 1881 651 1910 contrahantur.
664 1881 705 1910 Ob
719 1883 745 1910 id
764 1884 898 1919 imperare

116 1924 158 1950 illi
169 1923 276 1957 debent,
291 1925 336 1952 isti
349 1934 454 1961 parere,
466 1935 499 1955 ex
514 1928 581 1955 artis
592 1928 765 1963 ineptissime
776 1929 895 1960 decreto.

115 1968 176 1997 Hac
187 1971 291 1999 ratione
305 1971 382 2007 signa
396 1972 442 1999 illa
457 1973 529 2001 inter
543 1981 573 2001 se
586 1975 764 2010 pariabimus.

463 2028 554 2064 Signa.

116 2083 294 2119 lmperantia.
695 2087 897 2118 Auscultantia.

175 2141 254 2171 Aries
629 2144 721 2172 Pisces

175 2176 282 2214 Taurus
630 2180 767 2214 Aquarius

175 2211 281 2249 gemini
630 2211 813 2249 Capricornus

174 2245 278 2284 Cancer
631 2245 793 2284 Sagittarius

173 2280 228 2320 Leo
632 2280 762 2320 Scorpius

173 2315 255 2353 Virgo
631 2315 713 2347 Libra

153 2371 216 2400 Haec
242 2374 313 2401 enim
341 2375 418 2410 signa
441 2379 506 2403 sunt
523 2375 684 2413 ἰσανάφορα,
700 2382 726 2405 et
750 2378 895 2415 εσοπαράλ-

113 2419 195 2455 ληλα,
210 2421 282 2454 quod
302 2421 441 2455 aequaliter
455 2421 557 2449 distent
573 2422 607 2449 ab
626 2423 757 2451 ambobus
772 2425 893 2459 aequino-

114 2463 242 2492 ctialibus
255 2466 373 2500 punctis.
388 2465 527 2501 Equales,
546 2467 667 2502 inquam,
685 2469 827 2502 parallelos
842 2470 892 2497 ha-

115 2510 189 2542 bent,
205 2518 258 2538 non
278 2511 398 2544 eosdem,
415 2516 444 2538 ut
461 2512 634 2541 Camerarius
658 2515 748 2541 vertit.
772 2515 800 2542 ld
820 2517 893 2542 enim

114 2555 201 2590 signis
218 2556 375 2585 videntibus
392 2558 529 2591 convenit,
545 2567 604 2594 qua:
619 2567 633 2585 a
650 2561 762 2595 tropicis
784 2561 894 2596 punctis

113 2607 147 2626 ex
161 2604 238 2634 aequo
249 2600 351 2628 distant
361 2601 409 2630 :de
423 2603 522 2637 quibus
535 2605 589 2639 agit
604 2604 703 2632 ibidem
721 2605 890 2634 Ptolemazus.

151 2645 235 2680 igitur
256 2647 371 2674 alterum
391 2656 475 2683 genus
489 2649 650 2681 οἰκειώσεως
666 2654 708 2678 est
723 2658 815 2678 eorum
832 2659 892 2686 quae

115 2690 255 2726 βλέποντα,
263 2693 387 2729 evidentia,
393 2694 531 2727 dicuntur,
539 2699 565 2723 ct
574 2696 789 2731 ἰσοδυναμοῦντα,
796 2698 892 2731 (ινιτιαίί

114 2741 240 2772 potestate
266 2740 388 2774 prardita.
420 2741 489 2768 Sunt
513 2749 603 2770 autem
625 2742 768 2777 ejusmodi,
784 2751 844 2778 quae
857 2751 891 2771 ex

114 2789 193 2818 aequo
207 2783 309 2810 distant
325 2785 358 2812 ab
375 2785 507 2814 alterutro
518 2787 629 2814 solstitii
642 2792 752 2822 puncto.
761 2787 797 2814 Ea
809 2794 891 2822 porro

115 2830 209 2854 mutuo
220 2836 249 2856 se
263 2829 355 2856 videre
370 2830 500 2857 dicuntur
513 2831 574 2859 ideo
586 2832 657 2867 quod
675 2836 701 2859 et
712 2833 770 2860 dies
783 2832 889 2865 diebus,

114 2874 142 2898 et
155 2876 248 2901 noctes
262 2873 388 2904 noctibus
410 2875 526 2910 aequales
542 2876 658 2910 faciant;
673 2882 729 2904 tum
750 2877 820 2913 quod
837 2878 886 2905 iis-

956 952 1061 981 Cancer
1074 956 1100 980 et
1117 953 1300 988 Capricornus
1321 953 1448 982 ἇΰλεπτοι
1475 960 1539 982 sunt
1563 959 1590 983 et
1610 956 1729 992 μοναχοὶ,

953 1007 1004 1027 nec
1018 999 1082 1031 alia,
1099 1000 1147 1026 sed
1160 1007 1190 1027 se
1204 1000 1262 1027 sola
1277 1004 1451 1028 contuentur.

988 1043 1095 1071 Rursus
1107 1044 1265 1079 imperantia
1281 1044 1357 1079 signa
1371 1049 1399 1072 et
1415 1045 1596 1073 auscultantia
1610 1049 1732 1074 statuunt

953 1089 1046 1121 iidem,
1058 1097 1119 1124 quae
1133 1097 1168 1117 ex
1180 1098 1258 1125 aequo
1274 1090 1377 1118 distant
1394 1091 1430 1118 ah
1441 1091 1675 1126 aequinoctialibus
1688 1093 1732 1119 in-

952 1135 1036 1170 tegris
1049 1135 1144 1170 signis,
1157 1136 1192 1162 ita
1208 1139 1238 1162 ut
1253 1136 1345 1170 priora
1356 1136 1490 1169 borealia,
1507 1138 1659 1171 posteriora
1676 1138 1731 1166 sint

951 1181 1090 1207 australia.
1105 1179 1175 1216 Ergo
1195 1185 1272 1208 extra
1289 1185 1390 1208 sortem
1413 1185 1479 1208 sunt
1490 1181 1573 1210 Aries.
1594 1187 1620 1209 ct
1636 1182 1730 1216 Libra.

951 1233 1038 1260 neque
1053 1234 1083 1253 se
1094 1226 1209 1254 invicem
1224 1226 1352 1259 audiunt,
1369 1234 1458 1261 neque
1486 1228 1554 1260 alia;
1571 1228 1618 1256 sed
1637 1229 1731 1256 solita-

950 1271 992 1298 ria
1007 1276 1079 1304 sunt.
1094 1280 1126 1299 ac
1139 1272 1284 1307 μονόζωνα,
1294 1276 1389 1300 caetera
1403 1271 1535 1308 ὁμόζωνα.
1546 1272 1582 1300 Ea
1592 1273 1728 1301 intabella

951 1318 1074 1353 sequenti
1089 1317 1152 1346 licet
1169 1318 1280 1346 intueri.

1170 1373 1252 1410 Signa
1267 1374 1369 1402 Manilii
1384 1378 1410 1403 et
1425 1373 1502 1401 Pauli

950 1407 1111 1443 Imperantia
1202 1407 1213 1410 '
1263 1446 1285 1471 Α
1303 1445 1308 1451 .
1541 1409 1726 1438 Ausculantia.

1287 1453 1341 1471 nes

1287 1453 1341 1473 nes

1263 1480 1362 1516 ἄζυγος

1008 1513 1125 1541 Taurus.
1469 1519 1560 1547 Pisces

1007 1547 1112 1589 Gemini
1468 1554 1606 1589 Aquarius

1006 1584 1111 1625 Cancer
1468 1584 1651 1625 Capricornus

1006 1618 1060 1660 Leo
1470 1618 1633 1660 §agittarius

1006 1652 1094 1689 Virgo.
1262 1691 1273 1697 _
1285 1691 1300 1697 __
1470 1652 1599 1694 Scorpius

1262 1691 1341 1718 Libra

1262 1725 1370 1761 ἄζυγος.

981 1769 1060 1798 Aries
1073 1771 1165 1806 itaque
1179 1771 1329 1806 imperandi
1338 1773 1381 1800 vel
1393 1774 1563 1803 auscultandi
1576 1783 1637 1804 cum
1650 1779 1729 1807 nullo

948 1817 1141 1844 commercium
1167 1817 1259 1850 habet,
1287 1818 1395 1847 Libram
1421 1824 1510 1849 autem
1539 1822 1621 1856 videt,
1645 1829 1674 1851 ut
1695 1828 1725 1852 et

947 1861 1065 1889 Arietem
1075 1861 1167 1891 Libra.

948 1916 1090 1958 Consilium
1100 1919 1154 1958 ipse
1163 1927 1239 1946 suum
1249 1924 1287 1958 est
1296 1919 1387 1958 Aries:
1397 1927 1424 1948 ut
1434 1923 1549 1958 principe
1557 1923 1662 1958 dignum
1671 1929 1721 1958 eu,

945 1952 1025 1979 Audit
1043 1961 1080 1985 se,-
1096 1953 1251 1989 Libramque
1263 1955 1340 1988 videt,

946 2007 984 2033 ait
998 2007 1134 2036 Manilius.
1156 2007 1263 2037 Taurus
1287 2010 1424 2046 Virginem
1441 2012 1524 2046 videt,
1545 2018 1572 2042 et
1598 2014 1721 2043 Piscibus

946 2052 1077 2087 imperat;
1092 2053 1184 2082 Pisces
1202 2055 1344 2091 Scorpium
1362 2058 1461 2091 vident,
1481 2063 1507 2086 et
1527 2060 1641 2086 audiunt
1651 2060 1722 2087 Tau-

946 2105 1017 2132 rum,
1033 2103 1059 2126 et
1075 2099 1115 2127 sic
1132 2101 1247 2136 reliqua.
1264 2103 1298 2128 At
1317 2102 1492 2139 Demophilus
1509 2105 1720 2140 προστάσσοντα,

946 2149 972 2172 et
987 2145 1157 2172 ὑπακούοντα
1171 2147 1266 2174 eodem
1285 2155 1340 2182 quo
1352 2148 1479 2177 Manilius
1492 2155 1519 2177 et
1529 2150 1628 2179 Paulus
1641 2151 1732 2179 modo.

945 2190 1113 2222 describens,
1130 2191 1181 2218 hoc
1200 2199 1254 2219 uno
1269 2192 1374 2227 differt,
1391 2195 1465 2228 quod
1491 2195 1610 2224 Arietem
1637 2197 1722 2232 impe-

909 2238 1051 2266 Drantem
1082 2235 1170 2264 Libra:
1198 2239 1302 2271 statuit,
1329 2242 1355 2266 et
1385 2239 1496 2267 Libram
1525 2243 1721 2271 auscultantem

943 2283 1039 2310 Arieti.

978 2326 1066 2355 Julius
1080 2327 1214 2355 Firmious
1225 2328 1273 2355 lib.
1285 2327 1318 2359 ll,
1331 2336 1391 2364 cap.
1400 2329 1633 2363 XXXll,videntia
1644 2333 1720 2368 signa

942 2373 1036 2401 eadem
1061 2382 1123 2401 cum
1138 2374 1323 2407 Ptolemaicis,
1339 2379 1366 2402 et
1387 2375 1510 2410 εωζύγοις
1525 2377 1630 2405 Gemini
1644 2375 1727 2412 facit,‘

942 2427 1028 2455 eaque
1054 2429 1083 2448 se
1106 2428 1139 2448 ex
1161 2421 1315 2454 Ptolemaeo,
1330 2421 1474 2455 Antiocho,
1489 2427 1516 2450 et
1530 2424 1664 2452 Dorotheo
1677 2424 1721 2452 Si-

943 2466 1025 2493 donio
1051 2466 1205 2494 describere
1230 2467 1383 2501 profitetur,
1407 2471 1488 2502 atque
1502 2468 1616 2496 antiscia
1632 2470 1719 2498 nomi-

942 2515 1000 2542 nat,
1011 2511 1139 2538 nimirum
1151 2511 1222 2546 quod
1242 2512 1352 2540 umbras
1367 2521 1399 2540 ex
1412 2520 1490 2548 aequo
1512 2515 1718 2548 respondentes.

941 2560 969 2584 et
996 2556 1109 2589 ἐναλλὰξ
1137 2556 1250 2584 faciant.
1282 2556 1349 2584 Nam
1369 2559 1397 2585 in
1422 2558 1542 2586 Geminis
1565 2563 1591 2586 et
1614 2558 1719 2588 Cancro

941 2603 1058 2637 aequales
1074 2607 1138 2630 sunt
1158 2608 1263 2635 noctes,
1282 2603 1329 2631 sed
1354 2604 1462 2631 inverso
1481 2605 1576 2632 ordine
1595 2614 1601 2631 :
1619 2605 1719 2640 quippe

942 2649 1049 2676 iunium
1063 2649 1144 2676 unius
1156 2649 1202 2676 filii
1216 2650 1328 2676 alterius
1345 2650 1480 2684 congruit.
1494 2648 1574 2677 Initio
1590 2649 1719 2678 Gemino-

943 2702 1001 2721 rum
1024 2694 1083 2722 dies
1099 2698 1248 2729 noctesque
1273 2694 1349 2729 paria
1368 2693 1471 2721 faciunt
1486 2701 1547 2721 cum
1563 2694 1668 2726 diebus,
1686 2702 1719 2721 ac

942 2741 1070 2767 noctibus
1098 2740 1125 2767 in
1157 2740 1210 2767 [ine
1231 2740 1341 2767 Cancri.
1358 2739 1397 2767 lta
1417 2740 1523 2767 initium
1547 2739 1630 2767 Tauri
1654 2747 1718 2767 cum

942 2787 995 2813 ﬁne
1017 2786 1132 2820 Leonis;
1147 2786 1207 2813 ﬁnis
1221 2786 1296 2813 illius
1312 2793 1374 2812 cum
1393 2785 1474 2820 hujus
1489 2784 1566 2813 initio
1579 2785 1718 2813 convenit.

943 2830 989 2857 Sic
1014 2831 1123 2858 antiscii
1153 2831 1181 2858 in
1204 2830 1310 2864 sphaera
1326 2829 1453 2857 dicuntur
1464 2837 1519 2857 non
1537 2830 1624 2857 solum
1645 2828 1719 2864 quod

944 2877 1055 2904 umbras
1071 2876 1100 2904 in
1114 2877 1236 2904 diversas
1251 2876 1468 2913 partesjaciant,
1481 2876 1527 2906 sed
1549 2876 1631 2904 etiam
1646 2874 1719 2911 quod
