1900 3137
195 163 264 191 1567

684 165 730 193 AD
748 164 883 194 EUSEB]!
897 167 1096 196 CHRONICON
1114 158 1301 202 APPENDIXQ

1735 163 1813 194 1568

195 220 308 257 alternis
321 224 349 249 et
362 221 498 250 contrario
510 222 589 250 modo
606 223 723 258 aequales
734 224 867 256 habeant;
878 225 975 252 etenim
990 230 1013 258 Α
1027 224 1146 253 Arietem
1169 223 1238 252 dixit
1263 228 1318 251 non
1338 223 1430 250 videre
1444 214 1552 251 Libram
1566 226 1680 259 propter
1699 224 1814 258 interie-

195 268 297 296 antceci
320 268 417 300 nostri,
438 275 499 295 cum
514 272 556 296 est
571 269 658 296 hiems
674 270 764 302 nobis,
781 271 903 298 umbram
925 271 973 298 ha-

195 313 261 343 bent
288 313 456 346 breviorem;
471 321 521 341 nos
544 321 608 341 vero
623 314 809 350 longissimam
828 325 834 343 :
851 316 972 343 vicissim

196 364 297 394 autem,
311 368 372 387 curn
395 364 517 388 aestatem
535 361 678 395 habemus,
695 363 798 391 umbra:
814 367 878 391 sunt
895 364 973 391 nobis

194 405 375 436 brevissimae.
392 406 446 434 illis
463 406 638 441 longissima.
649 408 717 435 Tum
741 408 895 443 praepositio
912 409 973 435 ἀντὶ

195 459 390 486 nonnunquam
417 453 599 487 aequalitatem
626 453 770 489 signiﬁcat,
786 457 816 481 nt
840 454 971 487 ἀντίθεος,

194 497 267 532 quod
283 499 387 525 notavit
400 498 519 527 Achilles
535 499 629 527 Tatius
645 500 679 527 ad
694 500 770 527 Arati
785 500 971 528 Pha‘nomena.

193 542 223 570 1n
238 543 288 571 hac
303 543 480 572 antisciorum
497 546 612 578 ratione,
632 554 664 574 ac
675 547 735 574 loco
749 546 858 574 Firmici
875 547 972 574 imma-

192 590 264 616 niter
285 589 421 625 aberravit
433 591 474 617 vir
491 591 635 622 maximus,
653 595 682 618 ut
706 591 765 626 ejus
786 591 857 619 simii
883 592 973 619 verbis

193 637 264 667 utar,
281 635 328 670 qui
351 636 420 663 nihil
435 643 467 663 ex
489 637 551 670 isto,
568 637 620 664 nisi
637 637 738 664 fastum
765 642 792 665 et
806 638 972 672 praecipitem

192 681 383 709 confidentiam
393 683 537 718 expressit.
551 683 618 711 Nam
636 685 663 710 in
679 683 843 715 Manilianis,
859 684 973 711 antiscia

192 734 222 754 se
236 731 355 754 veterum
372 727 505 756 hactenus
516 729 606 764 ignota
620 729 736 764 primum
754 730 875 756 omnium
891 729 974 764 expli-

192 779 271 801 Casse
284 772 368 807 jactat
378 774 416 809 (p.
430 774 480 801 155
494 774 601 810 etl59),
611 778 638 802 et
653 775 858 803 mathematicos
868 783 972 808 omnes,

197 818 271 852 quod
292 819 451 847 nesciebant
459 820 596 849 docuisse.
608 820 691 856 Igitur
705 822 820 850 antiscia
837 822 974 850 veteribus

192 864 271 899 signa
280 864 326 891 illa
336 864 420 897 fuisse
429 865 505 899 dicit,
513 874 573 901 quae
582 874 596 893 a
606 868 714 902 punctis
723 873 838 903 quatuor
847 867 973 896 cardina-

196 910 268 938 libus
278 919 311 938 ex
325 919 403 947 aequo
416 911 532 946 distant;
543 913 595 940 hoc
609 917 652 940 est
663 918 717 941 tam
734 914 880 947 audientis,
889 921 969 949 quam

191 956 324 984 videntia.
338 956 423 985 Porro
452 965 514 985 cum
540 958 621 986 iidem
640 964 744 987 veteres
758 960 929 994 aequinoctia,
943 964 971 986 et

191 1000 310 1029 solstitia
321 1002 453 1029 committi
468 1002 610 1030 crederent
621 1003 649 1029 in
658 1004 723 1031 totis
733 1003 969 1031 dodecatemoriis.

191 1045 359 1081 tricenisque
373 1046 513 1081 gradibus,
530 1047 592 1074 inde
614 1048 760 1080 accidisse,
774 1053 804 1075 ut
814 1055 841 1076 et
855 1048 969 1075 audien—

190 1091 229 1118 tia
241 1091 287 1118 illa
299 1091 430 1124 facerent,
449 1101 509 1128 quas
523 1100 556 1120 ex
571 1101 648 1128 aequo
663 1093 765 1121 distant
776 1094 810 1121 ab
825 1094 916 1122 Aricte
928 1093 970 1121 vel

190 1135 284 1169 Libra,
300 1140 327 1164 et
351 1137 478 1170 videntia,
500 1146 561 1173 qua:
577 1139 611 1166 ab
634 1138 740 1166 Cancro
755 1143 783 1166 et
802 1138 970 1175 Capricorno

191 1181 256 1210 totis
275 1189 307 1210 ex
326 1190 403 1218 aequo
419 1188 522 1211 remota
538 1189 611 1212 sunt.
639 1184 702 1212 Haec
727 1193 743 1212 a
775 1185 890 1213 veritate
907 1189 970 1213 sunt

191 1226 369 1256 alienissima.
397 1228 506 1256 Falsum
523 1233 565 1257 est
587 1230 713 1265 antiquos
741 1230 855 1258 antiscia
883 1231 972 1258 nomi-

190 1280 272 1302 nasse
286 1274 362 1310 signa
378 1275 511 1310 ulla,qua3
520 1276 554 1304 ab
564 1276 676 1312 integris
688 1275 871 1304 cardinalibus
885 1276 971 1312 signis

190 1319 287 1354 aequali
305 1320 394 1355 spatio
417 1322 563 1354 distarent,
585 1322 719 1357 siquidem
747 1322 814 1357 ipsis
832 1323 970 1357 signorum

190 1363 277 1392 initiis
308 1365 435 1393 cardines
470 1365 617 1401 aﬂigerent.
646 1365 714 1395 Tum
742 1366 769 1399 in
794 1366 971 1394 antisciorum

190 1409 325 1437 οἰκειώσει
340 1410 398 1437 sola
413 1415 514 1446 puncta
532 1411 688 1438 solstitialia
705 1411 793 1438 locum
808 1411 971 1445 habuerunt,

191 1463 247 1483 non
261 1456 478 1492 aequinoctialia;
494 1465 581 1492 neque
606 1460 663 1484 tota
688 1458 746 1492 ipsa
769 1456 866 1484 Cancri
881 1460 908 1483 et
920 1455 972 1484 Ca-

190 1502 313 1538 pricorni
332 1502 559 1534 dodecatemoria,
572 1502 618 1530 sed
635 1502 680 1529 illa
695 1502 753 1537 ipsa
769 1506 869 1538 puncta
881 1501 973 1529 solsti-

191 1548 303 1575 tiorum.
324 1547 433 1575 Nullum
449 1548 604 1576 vanissimas
625 1548 761 1583 opinionis
781 1552 969 1583 argumentum

1023 274 1096 297 ctam
1126 274 1238 301 terram.
1253 269 1357 302 Quibus
1381 269 1508 296 nimirum
1537 270 1724 305 signiﬁcabat,
1740 270 1814 299 aliud

1023 323 1084 345 esse
1111 316 1229 352 signum,
1242 315 1313 350 quod
1330 315 1409 343 Aries
1427 314 1509 347 videt,
1523 315 1576 342 hoc
1600 320 1643 342 est
1658 315 1813 350 Virginem.

1026 361 1101 394 Quid
1129 361 1276 389 absurdius
1303 360 1485 394 Scaligeriana
1506 361 1558 388 ista
1578 362 1694 392 ratione,
1712 361 1768 388 diei
1783 362 1816 389 ab

1028 406 1163 434 Antiocho
1178 407 1294 435 Arietem
1308 414 1340 434 ac
1350 407 1458 434 Libram
1473 407 1586 434 antiscia
1604 407 1695 441 signa,
1710 407 1764 434 hoc
1777 413 1816 434 est

1028 452 1159 484 videntia,
1174 456 1205 479 ut
1230 461 1264 480 ex
1288 452 1432 480 Ptolemaeo
1456 452 1611 484 docuimus,
1637 459 1702 487 quae
1728 459 1760 479 se
1783 452 1816 479 ob

1024 501 1124 525 terram
1152 499 1321 533 interiectam
1348 499 1439 526 videre
1461 506 1516 526 non
1537 499 1675 534 possunt?
1701 497 1732 525 Si
1756 498 1815 533 βλέ-

1024 552 1107 570 ποντα
1122 548 1195 576 sunt,
1208 544 1363 578 cujusmodi
1382 545 1439 572 sola
1455 548 1519 571 sunt
1536 545 1653 572 antiscia
1664 565 1671 576 ,
1690 545 1816 579 profecto

1023 589 1115 617 videre
1131 597 1160 617 se
1175 595 1271 621 mutuo
1287 589 1395 617 debent.
1410 590 1505 618 Caicus
1520 590 1669 618 admodum
1692 590 1760 622 fuit,
1775 591 1816 617 ni-

1023 635 1163 670 miumque
1182 643 1411 670 properans,cum
1421 636 1494 669 hunc
1505 635 1617 664 Firmici
1634 637 1734 669 locum
1746 637 1815 673 lege-

1023 685 1074 713 ret,
1088 681 1134 716 qui
1146 685 1201 709 tam
1220 686 1341 717 apertum
1356 681 1510 711 conﬂictum
1527 682 1672 710 sententiae
1687 690 1749 710 suae
1763 691 1815 710 non

1023 727 1224 754 animadvertit.
1249 727 1282 755 Et
1303 731 1396 755 tamen
1420 728 1519 763 saepius
1539 727 1573 756 de
1590 728 1725 755 antisciis
1742 732 1812 755 vete-

1023 779 1084 799 rum
1096 779 1110 798 a
1124 779 1154 799 se
1169 772 1286 808 primum
1301 773 1443 807 explicatis
1459 777 1486 800 et
1500 772 1645 808 patefactis
1661 773 1814 808 triumphat

1024 818 1144 853 Scaliger
1162 826 1168 844 :
1189 818 1216 851 in
1229 819 1328 854 quibus
1344 818 1410 845 nihil
1425 817 1491 845 vidit
1509 818 1631 845 omnino.

1058 863 1200 891 Postremo
1224 869 1254 892 ut
1282 863 1317 891 ad
1340 863 1443 891 Manilii
1471 869 1498 891 et
1524 863 1602 897 Pauli
1633 863 1815 893 Alexandrini

985 904 1007 932 Β
1021 909 1141 941 videntia
1156 909 1334 942 et.audientia
1351 909 1428 944 signa
1441 909 1534 937 redeat
1549 910 1649 942 oratio,
1663 910 1814 937 verisimile

1020 958 1062 981 est
1090 954 1161 981 hanc
1191 954 1299 985 illorum
1323 954 1469 987 rationem,
1486 961 1547 989 quae
1562 954 1642 989 paria
1669 954 1812 988 signorum

1020 999 1138 1037 instituit
1153 999 1300 1035 ejusmodi,
1310 1007 1370 1035 quae
1384 1007 1438 1026 non
1460 1007 1474 1026 a
1487 999 1596 1036 punctis
1607 999 1813 1031 cardinalibus,

1020 1045 1067 1072 sed
1089 1045 1130 1079 abf
1145 1045 1260 1080 integris
1275 1052 1370 1073 eorum
1389 1045 1618 1080 dodecatemoriis
1639 1046 1704 1081 pari
1728 1046 1812 1080 spatio

1020 1090 1132 1123 distant,
1149 1098 1183 1121 ex
1196 1091 1242 1118 illa
1255 1095 1387 1122 veterum,
1399 1098 1480 1127 quam
1495 1098 1577 1125 supra
1589 1090 1806 1122 declaravimus.

1020 1135 1149 1171 opinione
1175 1138 1398 1171 manasse;‘qu:e
1420 1138 1522 1171 puncta
1535 1134 1632 1162 eadem
1651 1142 1713 1162 non

1021 1182 1174 1217 signorum,
1195 1182 1242 1210 sed
1261 1181 1359 1209 mediis
1373 1181 1441 1220 ipsis
1456 1181 1633 1215 ascripserat.
1649 1180 1692 1207 lta
1715 1182 1813 1216 quippe

1021 1232 1077 1254 tam
1104 1228 1268 1263 imperantia
1295 1230 1322 1255 et
1348 1227 1532 1255 anscultantia
1547 1226 1654 1254 distant
1669 1227 1811 1262 aqualiter

1021 1274 1056 1301 ab
1080 1273 1317 1309 aequinoctialibus
1341 1273 1460 1309 punctis,
1475 1280 1556 1308 quam
1582 1279 1598 1299 a
1623 1273 1746 1308 tropicis
1758 1273 1813 1308 βλὲ-

1020 1327 1120 1352 ποντας
1156 1319 1269 1346 antiscia
1282 1327 1345 1351 vero
1360 1319 1495 1356 nominari
1509 1319 1567 1353 sola
1581 1318 1643 1345 haec
1658 1319 1813 1353 posteriora

1021 1365 1130 1392 debent.
1152 1364 1191 1392 De
1215 1365 1292 1392 hisce
1314 1364 1377 1399 vide
1403 1363 1583 1392 Mirandulani
1595 1364 1814 1399 disputationem

1021 1411 1068 1438 lib.
1081 1410 1115 1437 Vl
1129 1414 1224 1438 contra
1240 1410 1333 1438 astrol.
1348 1417 1408 1445 cap.
1425 1409 1483 1437 ΧΠ.

1301 1466 1414 1495 CAPUT
1436 1466 1503 1494 Vill.

1022 1513 1061 1541 De
1074 1513 1256 1547 dignoscendis
1269 1513 1405 1540 stellarum
1421 1513 1522 1540 ortibus
1545 1517 1570 1540 et
1586 1513 1741 1544 occasibus,
1753 1522 1814 1548 quo:

1057 1557 1117 1575 rum
1128 1548 1197 1583 apud
1212 1553 1330 1575 auctores
1347 1549 1444 1583 mentio
1464 1548 1503 1583 ﬁt
1513 1555 1523 1574 :
1543 1555 1600 1582 quae
1614 1556 1658 1575 res
1673 1550 1756 1575 certis
1769 1557 1809 1576 re-

192 1592 267 1623 aliud
288 1592 409 1627 Scaliger
435 1593 536 1625 attulit,
556 1593 609 1620 nisi
629 1573 737 1619 Frirmici
755 1573 843 1619 ιοευῖη
857 1593 916 1627 (lib.
934 1591 966 1622 ιι,
982 1573 1003 1605 (ἶ
1053 1573 1164 1627 θλέέξδεὲι
1179 1573 1693 1627 exfertisjpstrgfnfri,{Fatigatae
1715 1583 1806 1627 ξταετο.

192 1645 218 1667 c.
235 1636 355 1673 XXXII),
372 1645 452 1675 quem
480 1637 597 1672 pessime
621 1637 815 1671 interpretatus
837 1640 888 1663 est.
903 1635 969 1669 Ejus

192 1682 336 1718 scriptoris
352 1675 433 1710 verba
450 1687 513 1710 sunt
532 1691 538 1709 :
560 1691 569 1707 ε
588 1681 719 1713 Antiscia,
735 1681 890 1708 Graecorum
906 1683 970 1707 sunt

191 1728 273 1756 nobis
287 1729 444 1764 magisterio
468 1728 577 1756 tradita.
592 1727 659 1755 Nolo
671 1728 744 1756 enim
759 1727 857 1763 aliquis
881 1727 970 1762 suspi-

193 1777 279 1807 cetur,
297 1775 370 1810 quod
397 1782 452 1802 non
481 1775 518 1802 sit
540 1774 611 1810 apud
628 1774 736 1802 Graecos
757 1774 809 1802 iste
825 1777 968 1801 tractatus.

192 1820 261 1849 Nam
275 1822 299 1849 si
311 1821 472 1850 Ptolemaeus
479 1821 581 1849 nullam
594 1821 673 1848 aliam
689 1821 821 1848 rationem
836 1821 969 1856 sequitur,

192 1866 247 1894 nisi
273 1867 462 1899 antisciorum,
483 1870 511 1894 et
536 1867 697 1899 Antiochus,
715 1873 776 1894 cum
804 1866 870 1894 dicit
899 1866 971 1901 quod

192 1911 276 1941 Libra
287 1913 406 1947 Arietem
420 1917 530 1948 propter
544 1916 656 1945 terram,
671 1920 732 1948 qua:
749 1912 835 1949 media
852 1917 902 1946 est,
916 1920 972 1940 non

193 1958 300 1992 videat;
317 1958 393 1994 quasi
411 1966 459 1994 per
472 1959 611 1994 speculum
627 1959 738 1994 quidem
755 1959 887 1986 rationem
902 1959 973 1985 anti-

194 2006 314 2034 sciorum
333 2007 451 2042 attingit.
473 2017 482 2036 ι
501 2006 616 2042 Subjieit
631 2006 674 2035 his
695 2005 828 2036 Firmicus
840 2004 971 2033 antiscio-

193 2060 256 2080 rum
283 2053 493 2089 descriptionem
513 2061 546 2081 ex
573 2052 708 2081 Dorotheo
727 2051 850 2082 Sidonio,
866 2050 972 2085 qualem

193 2105 246 2126 nos
273 2102 351 2126 antea
379 2098 560 2136 reddidimus,
578 2098 703 2128 videlicet
720 2098 747 2134 in
767 2105 820 2132 qua
840 2097 917 2131 signa
933 2095 974 2123 di—

195 2145 268 2174 stant
283 2142 423 2177 aequaliter
442 2150 456 2169 a
476 2143 585 2177 punctis
600 2142 711 2177 tropicis
726 2152 733 2169 :
748 2149 808 2176 quae
823 2141 903 2169 unica
920 2144 972 2172 est,

194 2191 222 2215 et
235 2187 377 2220 verissima
391 2187 461 2218 ratio
473 2187 526 2213 τῶν
543 2186 699 2218 ἀντισκίων,
711 2186 837 2219 vetustati
854 2185 971 2219 cognita.

1060 1617 1180 1649 Plinius,
1200 1617 1358 1649 Columella,
1375 1617 1545 1649 Ploleniams,
1563 1617 1662 1652 aliique
1682 1618 1724 1644 vel
1749 1619 1810 1645 illu-

1059 1654 1151 1684 strati,
1167 1653 1206 1679 vel
1224 1652 1370 1684 emendati;
1387 1661 1445 1687 qua:
1457 1652 1490 1678 sit
1505 1652 1657 1678 admissura
1678 1657 1809 1687 tempora-

1056 1688 1109 1721 ria,
1123 1693 1149 1715 et
1166 1689 1292 1715 serotina.
1307 1687 1432 1714 Geneseos
1450 1687 1521 1714 locus
1536 1688 1688 1721 exponitur.

1063 1732 1114 1766 Qui
1129 1740 1162 1760 ex
1179 1732 1370 1759 astronomicis
1393 1731 1493 1766 tabulis
1511 1734 1706 1766 computantur
1720 1735 1807 1763 ortus,

1023 1776 1172 1812 obitusque
1199 1776 1349 1808 stellarum,
1373 1775 1466 1810 quales
1493 1775 1521 1802 in
1550 1774 1603 1802 line
1636 1775 1701 1802 libri
1726 1775 1807 1810 primi

1021 1823 1227 1859 descripsimus,
1240 1823 1258 1850 ii
1273 1823 1327 1850 veri
1344 1826 1417 1856 sunt,
1429 1826 1455 1850 et
1471 1821 1601 1857 ἀκριϐεῖς,
1617 1829 1668 1848 nec
1678 1821 1713 1848 ad
1727 1821 1808 1856 liqui-

1021 1870 1086 1897 dum
1111 1873 1282 1905 apparentes,
1297 1869 1378 1896 etiam
1396 1868 1509 1900 heliaci;
1524 1874 1586 1901 nam
1601 1867 1628 1899 in
1649 1867 1702 1894 hoc
1715 1871 1806 1902 poste-

1022 1914 1086 1941 riori
1112 1922 1208 1950 genere
1233 1914 1278 1950 (de
1305 1914 1408 1941 caeteris
1431 1913 1502 1941 enim
1521 1913 1662 1947 explorata
1680 1920 1726 1940 res
1754 1917 1805 1944 est,

1022 1967 1192 1996 nequaquam
1208 1968 1255 1988 eos
1277 1960 1336 1988 visu
1349 1967 1431 1994 posse
1447 1959 1578 1994 discerni)
1596 1959 1713 1993 extremi
1723 1966 1807 1998 appa-

1022 2007 1129 2034 ritionis
1145 2007 1253 2034 termini
1271 2007 1451 2041 colliguntur;
1468 2006 1518 2032 hoc
1533 2010 1574 2033 est
1585 2008 1723 2032 momenta
1735 2005 1804 2040 ipsa,

1023 2053 1051 2080 in
1068 2053 1168 2088 quibus
1184 2053 1220 2080 ita
1244 2053 1331 2088 primo
1362 2057 1533 2087 postremove
1547 2054 1708 2083 cernuntur,
1724 2055 1754 2077 ut
1767 2051 1806 2077 ci-

1024 2102 1065 2125 tra
1080 2106 1111 2126 ea
1125 2098 1212 2126 videri
1228 2098 1364 2125 desinant.
1382 2097 1563 2130 Quamobrem
1580 2096 1653 2131 quod
1667 2100 1726 2123 tum
1743 2103 1808 2131 prus

1023 2144 1085 2179 pius
1110 2143 1269 2178 contingunt
1288 2143 1454 2172 horizontem
1466 2162 1473 2174 ,
1488 2146 1515 2169 et
1530 2141 1682 2176 interjectis
1696 2141 1804 2168 nebulis

1028 2198 1060 2217 ac
1068 2190 1215 2225 vaporibus
1230 2189 1387 2224 plerumque
1399 2189 1482 2215 latent
1494 2187 1626 2219 adhuc,et
1641 2187 1805 2214 intuentium

194 2234 230 2260 Αι
246 2233 367 2268 Scaliger
378 2241 409 2260 ex
423 2233 476 2263 illis
492 2232 603 2264 Firmici
619 2233 709 2266 verbis
728 2232 829 2267 colligit
843 2231 971 2267 primum,
988 2239 1010 2266 ι)
1026 2235 1191 2271 frustrantur
1213 2234 1324 2268 oculos,
1341 2234 1404 2260 hinc
1420 2232 1490 2268 apud
1513 2233 1661 2267 scriptores
1683 2239 1746 2259 raro
1760 2232 1807 2263 illa

194 2279 230 2306 τὰ
244 2280 448 2314 προστάσσοντα
467 2283 578 2312 tantum,
594 2282 621 2306 et
644 2277 812 2305 ὑπακούοντα
831 2287 839 2302 ι
859 2276 974 2304 antiscia

194 2325 288 2352 vocari
307 2334 316 2351 ι
336 2332 351 2351 a
379 2323 495 2353 Firniico
514 2330 590 2352 :tum
616 2324 730 2353 antiscia
754 2323 878 2350 Antiochi
906 2322 974 2354 falso

195 2379 258 2404 cum
273 2369 445 2401 Ptolemaicis
462 2370 601 2406 confundi,
623 2378 683 2397 cum
701 2370 754 2401 sint
769 2370 891 2401 diversa;
911 2376 973 2395 nam

195 2415 322 2444 Antiochi
336 2415 450 2445 antiscia
465 2419 527 2442 sunt
541 2415 586 2444 illa
601 2420 732 2446 veterum,
747 2416 773 2447 in
788 2415 886 2450 quibus
897 2422 974 2441 com-

195 2463 272 2498 paria
287 2462 364 2497 signa
378 2461 411 2489 ab
422 2460 535 2496 integris
551 2461 777 2488 dodecatemoriis
789 2460 973 2490 cardinalibus

195 2516 228 2540 ex
241 2515 318 2543 aequo
334 2510 518 2538 removentur,
535 2510 564 2533 ut
582 2509 645 2534 sunt
660 2506 738 2534 Aries
759 2510 786 2533 et
805 2506 895 2539 Libra.
912 2505 974 2532 llmc

197 2553 329 2589 Scaliger.
353 2552 383 2582 ln
398 2553 497 2588 quibus
517 2556 571 2581 tam
591 2552 624 2579 ab
646 2552 684 2579 rei
710 2552 833 2583 veritate,
859 2559 940 2586 quam
957 2559 974 2578 a

196 2603 288 2627 mente
310 2599 420 2630 Firmici
453 2602 528 2630 totus
558 2598 675 2628 aberrat.
702 2597 836 2625 Firmicus
860 2598 974 2626 antiscia

197 2645 256 2674 sola
278 2645 324 2673 illa
340 2646 417 2680 signa
435 2644 570 2678 nominat,
585 2651 644 2679 quae
658 2643 818 2672 Ptolemmus
833 2643 973 2678 βλέποντα,

197 2695 253 2716 non
269 2689 439 2724 imperantia,
453 2689 581 2716 nimirum
593 2695 623 2720 ea
639 2688 848 2723 duntaxat,quaa
873 2696 887 2715 a
908 2696 976 2723 pun-

198 2734 250 2760 ctis
274 2734 464 2762 solstitialibus
492 2734 633 2769 aequaliter
653 2733 773 2767 distant;
792 2739 841 2760 nec
856 2737 920 2760 sunt
933 2733 974 2760 di-

198 2786 287 2810 versa,
307 2787 367 2813 quae
388 2779 539 2807 Antiochus
554 2779 704 2811 astruebat,
723 2779 756 2805 ab
772 2778 895 2806 antisciis
913 2778 976 2805 Pto-

199 2823 287 2850 lemmi
308 2829 354 2852 aut
377 2824 498 2853 Firmici.
516 2825 678 2852 Antiochum
701 2824 738 2851 ait
757 2823 891 2852 Firmicus
907 2825 976 2851 anti-

199 2869 319 2902 seiorum
350 2871 468 2898 obscure
493 2871 650 2899 meminisse
672 2870 763 2898 verbis
784 2870 855 2903 illis,
878 2870 975 2905 quibus

1024 2281 1120 2308 eadem
1136 2279 1326 2315 exprimuntur
1351 2283 1482 2313 tempora,
1499 2286 1558 2312 quae
1581 2277 1736 2304 tabularum
1751 2285 1805 2303 me.

1024 2326 1124 2353 thodus
1140 2325 1263 2358 exhibet;
1279 2325 1326 2353 sed
1342 2325 1479 2359 aliquanto
1498 2328 1569 2355 ante,
1584 2324 1626 2350 vel
1643 2327 1748 2358 postea,
1761 2330 1805 2349 or-

1025 2376 1070 2399 tus
1081 2377 1108 2400 ct
1118 2379 1233 2399 occasus
1248 2371 1286 2398 illi
1302 2371 1467 2398 referuntur.
1481 2370 1519 2404 Ac
1535 2372 1599 2396 sunt
1613 2376 1643 2395 ca
1660 2368 1804 2403 repetenda

1024 2418 1166 2450 memoria,
1184 2424 1245 2451 qua:
1258 2424 1291 2444 ex
1308 2415 1421 2448 Gemino
1435 2416 1503 2450 (cap.
1517 2414 1563 2446 XI,
1575 2421 1636 2449 pag.
1651 2414 1698 2449 28)
1717 2413 1807 2448 capite

1024 2462 1106 2497 hujus
1116 2462 1177 2489 libri
1189 2462 1270 2489 tertio
1281 2461 1459 2494 tradidimus;
1475 2463 1550 2487 ortus
1565 2466 1735 2493 occasusque
1747 2466 1803 2484 ma-

1024 2508 1127 2535 tutinos
1157 2515 1246 2540 veros,
1263 2507 1320 2534 sive
1341 2514 1396 2539 non
1421 2510 1591 2542 apparentes,
1610 2504 1716 2539 priores
1743 2511 1802 2530 esse

1025 2553 1206 2589 φαινομένοις,
1224 2553 1250 2580 id
1263 2555 1305 2580 est
1322 2561 1331 2580 ς
1348 2551 1570 2586 apparentibus”
1584 2553 1681 2577 contra
1694 2556 1802 2583 vesper-

1024 2600 1098 2627 tinos
1114 2601 1273 2633 apparentes
1288 2597 1363 2632 prius
1381 2596 1504 2624 accidere
1517 2603 1597 2630 quam
1613 2602 1692 2622 veros
1709 2603 1716 2621 :
1732 2593 1800 2628 quod

1025 2649 1052 2672 et
1070 2652 1114 2672 res
1143 2645 1201 2678 ipsa
1229 2643 1323 2675 docet,
1338 2646 1364 2670 et
1388 2649 1448 2677 qua:
1463 2642 1488 2668 in
1504 2640 1664 2668 laterculum
1688 2638 1802 2674 conjeci-

1025 2698 1086 2718 mus
1112 2690 1234 2724 exempla
1249 2689 1446 2724 demonstrant.
1460 2686 1498 2714 Ibi
1517 2686 1589 2714 enim
1605 2684 1704 2712 heliaci
1717 2690 1799 2716 ortus,

1027 2735 1083 2762 sive
1094 2734 1218 2761 matutini
1233 2737 1403 2768 apparentes,
1417 2732 1542 2760 cosmicis
1554 2731 1719 2766 posteriores
1731 2735 1797 2761 sunt,

1026 2785 1053 2809 et
1068 2787 1183 2808 occasus
1199 2780 1304 2811 beliaci,
1314 2780 1370 2808 sive
1383 2781 1545 2814 apparentes
1555 2777 1713 2812 vespertini,
1728 2784 1798 2804 acro-

1026 2825 1141 2860 nychos,
1156 2832 1203 2853 seu
1218 2824 1387 2859 vespertinos
1408 2831 1487 2851 veros
1505 2822 1682 2851 antecedunt.
1698 2821 1763 2849 Tum
1775 2822 1799 2849 in

1027 2870 1191 2907 vespertinis
1207 2871 1311 2898 ortibus
1322 2875 1348 2897 et
1358 2869 1498 2898 matutinis
1511 2868 1663 2903 occasibus,
1677 2876 1691 2894 a
1708 2868 1801 2903 quibus
