1900 3137
38 2843 51 2854 α

111 177 182 206 1⁵569

110 233 193 270 longe
207 234 307 262 absunt
320 235 430 268 heliaci,
446 236 516 264 idem
534 240 668 272 usuvenit,
685 240 723 267 uti
742 248 792 268 nos
806 241 893 276 capite

111 280 163 308 illo
177 281 462 311 declar'avimus.Cum
476 285 547 312 enim
563 286 602 312 sol
616 290 708 314 contra
722 287 802 322 primi
817 288 890 315 orbis

110 327 243 363 impetum
255 336 350 356 versus
359 330 461 356 ortivas
478 330 538 357 cteli
550 335 641 366 partes
652 333 686 359 ab
694 333 814 361 occiduis
827 341 891 360 suo-

109 378 158 408 pte
181 377 256 401 motu
273 374 404 409 rapiatur,
421 376 537 408 stellam,
558 377 603 404 ubi
627 383 788 406 consecutus
809 382 861 410 est,
875 386 890 405 a

110 424 189 453 tergo
203 419 343 454 relinquit,
360 423 387 447 et
402 420 429 447 in
445 421 639 456 consequentia
655 423 740 458 magis
751 424 890 458 magisque

109 463 218 490 nititur.
244 463 283 490 lta
300 464 330 491 iit
354 469 394 496 ut,
422 472 484 492 cum
506 465 610 493 stellam
626 466 653 493 in
668 467 771 494 oriente
784 467 889 502 positus

108 509 282 536 occidentem
297 517 329 536 ex
344 509 458 537 adverso
479 511 600 545 respicit,
619 511 664 546 qui
682 515 724 539 est
740 519 820 542 verus
843 520 890 539 co-

108 556 215 583 smicus
235 563 360 588 occasus,
378 556 466 583 adhuc
483 564 541 583 eam
559 557 642 585 radiis
661 557 808 585 abscondat
820 558 888 591 suis,

107 607 161 627 nec
187 600 272 627 videri
300 601 417 635 patiatur
438 609 444 627 :
471 604 541 635 post,
558 601 602 628 ubi
628 601 734 636 longius
746 602 887 634 abscessit,

107 649 172 672 ante
189 645 263 673 illius
279 640 368 672 ortum
384 645 511 680 paulatim
527 647 666 674 cadentem
678 640 886 682 prospiciamus,

106 691 182 726 quod
199 691 323 725 pluribus
351 691 448 718 deinde
471 691 566 720 diebus
590 693 699 720 accidit.
715 692 736 719 E
750 694 888 720 contrario

106 745 172 763 cum
189 737 216 763 in
229 737 368 765 occidente
383 737 424 764 sol
439 741 492 770 est,
507 737 656 772 oppositam
675 738 778 766 habens
791 746 806 766 e
830 739 887 765 dia-

105 787 196 810 metro
212 782 317 810 stellam
332 783 378 823 qui
396 787 437 810 est
451 790 531 810 verus
556 787 632 810 ortus
654 783 738 811 stellae
756 783 887 819 vesperti-

107 836 163 856 nus
174 848 182 861 ,
199 828 328 864 deinceps
342 829 464 856 eamdem
483 829 620 857 occultare
637 830 734 865 pergit,
760 830 793 857 ad
817 837 888 858 eam-

106 882 163 908 que
179 874 308 912 paulatim
324 874 438 910 adrepit.
456 874 548 910 ltaque
561 879 625 902 ante
639 879 744 910 tempus
757 876 822 903 illud
837 884 886 911 op-

105 919 254 955 positionis
283 920 405 955 pluribus
431 920 528 948 diebus
557 927 683 949 occasum
714 921 770 956 jam
802 921 886 949 solem

105 971 206 995 exortu
221 975 271 995 suo
289 967 365 995 stella
385 971 531 995 consecuta
548 968 645 1002 fuerat,
661 975 741 1003 quem
756 975 887 1004 apparen-

107 1017 165 1040 tem
180 1016 269 1042 ortum
284 1014 468 1048 vespertinum
484 1013 636 1040 nominant.

143 1057 214 1086 Hinc
231 1058 303 1094 apud
325 1059 472 1093 scriptores
488 1059 568 1086 etiam
581 1058 653 1091 illos,
671 1058 718 1093 qui
732 1059 887 1087 uniusmodi

105 1103 171 1132 cteli
193 1105 322 1139 positum,
339 1104 610 1139 observationemque
627 1105 713 1132 secuti
737 1108 810 1138 sunt,
827 1105 887 1140 plu-

105 1150 186 1178 ribus
201 1150 296 1177 diebus
311 1154 384 1182 ante,
398 1151 439 1177 vel
454 1154 516 1185 past
529 1143 640 1178 exortus
654 1157 744 1182 veros,
759 1157 888 1178 occasus-

106 1203 163 1231 que
174 1215 182 1228 ,
195 1195 333 1224 stellarum
349 1196 444 1229 φάσεις
460 1199 606 1223 notantur:
619 1195 690 1230 quod
701 1196 739 1222 illi
754 1203 886 1231 apparen-

106 1246 150 1277 tes
166 1241 222 1269 fere
241 1241 390 1269 consectati
407 1245 481 1269 sunt.
497 1241 561 1274 Quae
573 1241 634 1276 quia
651 1249 705 1268 non
719 1249 773 1268 uno
789 1241 833 1269 die
855 1249 887 1268 ac

106 1290 248 1314 momento
278 1287 421 1319 accidunt,
436 1287 497 1314 ideo
518 1287 568 1314 sub
585 1286 678 1314 eadem
697 1290 817 1322 tempora
831 1287 887 1322 ple-

106 1339 226 1368 rumque
248 1336 417 1367 repetuntur,
441 1335 469 1360 et
493 1332 525 1359 ad
553 1332 611 1359 dies
635 1335 818 1367 propagantur
839 1333 888 1359 ali-

106 1382 187 1414 quot.
209 1378 261 1405 Sed
291 1378 318 1405 in
344 1378 377 1406 iis
401 1378 576 1413 designandis
597 1378 749 1413 complures
774 1378 889 1406 obscure

106 1423 268 1458 loquuntur,
287 1430 318 1450 ac
332 1422 475 1458 perplexe;
492 1424 538 1458 qui
559 1430 609 1450 nec
630 1427 738 1450 ortuum
764 1426 792 1450 et
811 1430 889 1450 occa-

108 1476 191 1497 suum
211 1472 342 1503 tempora,
358 1475 444 1503 neque
470 1468 584 1502 speciem
605 1473 695 1502 aperte
718 1468 885 1503 signiﬁcant,

108 1521 143 1541 ac
156 1513 199 1541 vix
213 1514 376 1548 conjectum
391 1513 501 1541 lectoris
516 1513 564 1540 ulli
580 1513 646 1541 satis
657 1513 780 1541 idoneam
794 1521 888 1542 ansam

108 1559 236 1588 oil'erunt.
254 1559 348 1594 itaque
359 1567 410 1587 usu
428 1567 459 1586 ac
471 1559 575 1594 judicio
589 1559 748 1594 cumprimis
764 1567 833 1595 opus
847 1564 889 1588 est

109 1605 146 1633 ad
164 1612 195 1633 ea
211 1604 438 1638 discernenda,in
454 1605 554 1640 quibus
572 1605 612 1632 vel
627 1605 711 1636 nulla,
728 1605 770 1633 vel
791 1605 888 1641 exigua

109 1649 144 1677 ad
157 1648 388 1685 pronuntiandum
415 1649 522 1684 φάσεων
540 1657 626 1684 genus
649 1656 807 1685 argumenta
824 1657 889 1686 sup-

108 1699 217 1732 petunt.
237 1695 349 1723 Accedit
373 1696 495 1723 locorum
518 1696 712 1731 regionumque
735 1696 887 1729 diversitas,

109 1743 140 1770 in
157 1742 256 1777 quibus
280 1746 357 1770 ortus
380 1745 406 1769 et
421 1748 535 1768 occasus
555 1741 594 1768 illi
613 1742 728 1776 ﬁebant;
747 1742 824 1777 cujus
840 1750 888 1769 va-

109 1787 218 1819 rietatis
230 1790 354 1814 auctores
365 1793 435 1821 saepe
448 1786 554 1813 ratione
562 1786 653 1814 habita
665 1787 751 1819 nulla,
761 1795 821 1823 quae.
828 1787 889 1815 aliis

110 1837 194 1868 atque
207 1832 268 1860 aliis
284 1832 426 1860 observata
442 1835 506 1860 sunt
519 1832 586 1859 locis
607 1839 639 1859 ac
660 1833 825 1867 temporibus
839 1840 889 1860 nec

110 1879 209 1908 iisdem
223 1887 255 1906 ex
270 1878 505 1914 parapegmatibus
518 1877 652 1911 confecta,
671 1879 837 1913 permiscent
849 1879 890 1906 in-

109 1926 199 1953 vicem
216 1934 222 1951 :
236 1932 296 1960 quae
314 1932 359 1952 res
371 1931 516 1957 morosam,
534 1931 565 1951 ac
577 1923 766 1959 propemodum
779 1924 890 1951 inextri-

109 1971 229 1999 cabilem
242 1971 356 1998 istarum
371 1977 462 1998 rerum
476 1969 709 2005 investigationem
727 1969 801 1998 facit.

149 2016 203 2044 Sed
217 2021 246 2044 ut
263 2017 290 2043 in
308 2017 341 2044 iis
355 2016 536 2051 inquirendis,
548 2015 637 2051 quoad
650 2015 708 2042 ﬁeri
720 2019 817 2050 potest,
830 2023 890 2043 cer-

110 2069 169 2092 tam
187 2063 291 2091 tirones
312 2064 383 2091 viam
400 2067 509 2091 teneant
525 2071 557 2091 ac
577 2063 696 2099 regulam
707 2083 715 2095 ,
738 2063 799 2097 hoc,
817 2063 889 2098 quod

111 2109 196 2141 paulo
210 2115 272 2137 ante
291 2109 418 2142 diximus,
445 2110 645 2142 animadverso,
668 2109 794 2136 nimirum
813 2118 891 2145 appa-

111 2159 207 2184 rentes
223 2156 313 2190 potius
329 2155 436 2190 φάσεις,
452 2163 533 2191 quam
552 2163 642 2188 veras,
659 2156 693 2183 ab
710 2157 890 2191 scriptoribus

112 2201 237 2229 adhiberi
262 2210 269 2228 :
292 2205 349 2228 tum
373 2209 406 2229 eo
429 2209 548 2236 quoque.
566 2205 727 2237 apparentes
757 2205 832 2229 ortus
863 2206 890 2229 et

112 2255 231 2276 occasus
246 2248 393 2276 matutinos
415 2248 580 2282 posteriores
599 2255 659 2276 esse
680 2249 769 2281 veris’;
787 2249 891 2284 priores

113 2299 207 2322 autem
224 2299 385 2330 apparentes
401 2298 478 2322 ortus
491 2298 518 2323 et
538 2302 654 2323 occasus
676 2302 738 2322 esse
759 2295 892 2330 vesperti-

112 2349 167 2369 nos
191 2349 271 2376 quam
300 2349 380 2369 veros
397 2351 403 2368 :
419 2341 473 2373 his,
500 2341 622 2376 inquam,
643 2342 767 2376 cognitis,
786 2341 892 2369 ratione

113 2387 231 2423 quadam
255 2387 330 2422 quod
341 2387 466 2414 volumus
487 2395 672 2422 assequemur.
689 2386 825 2422 Imprimis
842 2388 892 2423 igi-

115 2438 162 2461 tur
181 2433 285 2460 zodiaci
307 2436 447 2468 punctum,
459 2440 512 2468 quo
529 2440 591 2459 cum
602 2432 741 2467 proposita
758 2432 834 2460 stella
845 2440 892 2460 su-

114 2484 166 2512 pra
190 2476 314 2511 infraque
345 2476 514 2504 horizontem
544 2477 675 2511 pervenit,
701 2484 734 2504 ex
761 2477 892 2504 laterculo

114 2526 226 2555 nostro,
244 2522 297 2554 vel,
320 2523 344 2550 si
362 2522 388 2549 in
402 2529 435 2549 eo
451 2529 506 2549 non
520 2522 676 2549 continetur
688 2542 695 2554 ,
715 2530 746 2549 ex
765 2523 892 2550 methodo

116 2574 253 2594 canonum
270 2567 411 2602 explorare
436 2567 571 2594 convenit.
601 2566 712 2600 Deinde,
739 2568 761 2595 si
788 2573 892 2595 certum

117 2611 181 2638 anni
202 2615 308 2647 tempus
334 2611 368 2638 ab
397 2614 509 2638 auctore
528 2610 682 2642 deﬁniatur,
699 2611 813 2645 gradum
825 2612 892 2638 ecli-

114 2658 196 2692 plicat
213 2657 449 2689 ωνανατέλλοντα,
464 2656 507 2683 vel
524 2656 741 2690 συγκαταδύοντα.
757 2657 851 2684 confer
865 2658 893 2684 in

117 2701 464 2734 KalendariumJulianum,
479 2701 506 2728 in
523 2707 608 2734 eoque
620 2701 757 2728 cmlestem
774 2709 893 2728 mensem

117 2748 243 2779 observa,
256 2747 298 2774 cui
307 2747 407 2782 gradus
419 2747 462 2775 ille
473 2746 613 2781 competit.
629 2745 657 2772 Si
672 2746 730 2774 dies
742 2746 775 2773 ab
784 2750 895 2774 auctore

120 2793 157 2821 sit
179 2800 334 2828 expressus,
357 2793 482 2828 idemque
495 2801 558 2820 cum
582 2793 691 2819 invento
707 2792 755 2819 abs
767 2796 795 2819 te
808 2792 894 2827 gradu

120 2838 283 2870 consentiat,
312 2841 400 2865 ortum
428 2845 488 2866 esse
506 2837 671 2868 cosmicum,
697 2836 739 2863 vel
767 2843 894 2863 occasum

120 2884 302 2921 pcronychutn
327 2883 472 2920 intelliges.
495 2882 541 2911 Sin
561 2882 684 2918 opposita
707 2882 734 2908 in
751 2885 826 2917 parte
847 2881 892 2913 sit,

524 180 749 210 DlSSERTATIO
768 182 812 209 DE
831 182 924 211 ORTU
939 183 982 210 ET
1001 183 1136 212 OCCASU
1158 183 1319 212 SIDERUM.
1350 179 1353 180 ν
1379 178 1389 181 ”

1654 188 1720 214 1370

908 244 929 272 Α
944 249 1072 268 occasum
1096 242 1259 274 cosmicum,
1276 245 1303 270 et
1329 245 1419 269 ortum
1438 242 1630 278 acronychum.
1644 243 1720 276 Quod

943 287 966 314 si
985 291 1091 322 tempus
1108 288 1258 323 ὁλοσχερῶς
1272 288 1461 315 tantummodo
1483 289 1647 316 declaratum
1663 289 1721 317 fue-

942 333 988 363 rit,
1023 341 1056 360 ex
1084 337 1211 360 contextu
1235 334 1366 361 orationis
1391 333 1450 369 ipso
1468 334 1642 362 divinandum
1659 336 1721 368 erit,

941 385 1002 405 cum
1022 386 1054 405 ea
1073 379 1199 406 cautione
1223 382 1252 405 ut
1264 387 1297 406 ex
1311 379 1418 407 duobus
1437 380 1596 415 propinquis
1615 380 1722 408 ortibus

941 427 968 450 et
981 424 1134 456 occasibus,
1143 429 1316 459 apparentem
1329 425 1419 460 potius
1429 426 1512 460 eligas
1523 433 1603 460 quam
1616 434 1719 458 verum,

940 468 993 495 nisi
1018 472 1142 503 uterque,
1161 469 1242 504 quod,
1259 470 1348 497 rarius
1372 475 1423 500 est,
1443 471 1476 497 ab
1498 471 1631 505 scriptore
1646 479 1721 498 com-

940 513 1103 548 prehensum
1118 513 1217 547 fuerit;
1235 518 1291 541 tum
1303 515 1375 542 enim
1394 520 1484 542 utrum
1502 520 1563 543 utro
1578 518 1653 552 prius
1673 518 1719 549 sit,

940 567 973 586 ex
993 559 1026 587 iis
1047 567 1108 594 qua:
1131 560 1212 595 paulo
1227 568 1308 595 supra
1328 561 1556 596 praeseripsimus,
1573 563 1721 590 observan-

940 603 1003 631 dum
1021 604 1082 631 erit.

976 649 1005 676 Si
1030 654 1090 677 ortu
1110 651 1152 678 vel
1167 658 1268 679 occasu
1295 654 1434 687 utcunque
1453 656 1593 687 concepto,
1605 653 1638 680 de
1653 656 1725 680 ῑειηε

938 703 1003 730 pore
1031 697 1188 731 conjectura
1209 696 1330 724 facienda
1351 701 1402 730 est,
1422 705 1455 725 ex
1485 697 1605 724 auctoris
1628 697 1724 727 verbis.

940 740 1090 775 colligenda
1119 741 1222 775 species
1246 744 1387 769 est.ortus
1410 742 1496 776 ipsius
1521 745 1567 768 aut
1588 748 1718 774 occasus;

937 788 1030 819 postea
1042 790 1171 819 punctum
1188 785 1290 812 zodiaci
1316 792 1377 812 cum
1401 786 1478 812 stella
1492 786 1594 818 oriens,
1613 786 1656 813 vel
1670 785 1717 813 de-

937 831 1080 865 scendens,
1097 832 1126 859 in
1138 831 1301 859 Kalendario
1316 831 1522 866 requirendum;
1538 833 1645 859 demum
1659 831 1717 858 veri

938 884 972 903 an
990 877 1145 912 apparentis
1161 881 1268 913 tempus
1284 878 1329 909 sit.
1347 878 1452 911 itidem,
1475 881 1505 905 ut
1528 885 1621 912 supra,
1648 877 1716 904 deli-

901 911 922 939 Β
935 911 1098 951 berandum.

971 967 1002 994 ln
1019 967 1062 995 bis
1085 966 1171 994 stellis
1186 973 1255 1001 quas
1266 965 1428 994 laterculum
1443 969 1565 993 nostrum
1580 965 1719 1000 superiore

936 1012 1016 1045 libro,
1033 1013 1123 1048 capite
1137 1017 1232 1040 octavo
1256 1012 1389 1043 continet,
1407 1011 1525 1039 laborem
1541 1011 1612 1038 hunc
1629 1011 1719 1039 suble-

936 1062 1002 1085 vant
1019 1065 1148 1092 expressa
1163 1061 1272 1085 ortuum
1287 1057 1407 1084 omnium
1438 1063 1638 1092 occasuumque
1661 1063 1720 1082 mo-

936 1107 1037 1137 tqcnla.
1051 1102 1152 1130 Verum
1177 1103 1323 1138 quoniam,
1343 1106 1373 1129 ut
1400 1102 1522 1137 proxime
1547 1100 1721 1128 antecedente

937 1149 1026 1183 capite
1057 1148 1160 1175 dictum
1195 1153 1247 1181 est,
1276 1148 1395 1175 nondum
1424 1147 1529 1182 liquido
1560 1150 1720 1182 apparentes

936 1198 1012 1222 ortus
1028 1197 1055 1222 et
1069 1201 1185 1221 occasus
1212 1194 1406 1225 astronomico,
1422 1200 1502 1228 quem
1519 1193 1555 1220 ibi
1576 1192 1720 1228 persequi-

928 1247 1008 1271 -mur.
1024 1239 1142 1274 ealculo‘
1152 1239 1350 1273 coniiciuntur,
1367 1239 1469 1268 idcirco
1485 1239 1530 1273 qui
1552 1239 1585 1265 ab
1605 1238 1722 1266 auctori-

937 1287 989 1314 bus
1013 1285 1170 1314 indicantur
1195 1289 1271 1313 ortus
1283 1289 1310 1314 et
1325 1293 1452 1316 occasus,
1470 1287 1551 1320 prout
1565 1284 1663 1318 exiguo
1678 1283 1720 1310 in-

938 1331 1051 1360 tervallo
1072 1331 1115 1358 sui
1140 1338 1275 1366 quemque
1297 1330 1405 1366 generis
1429 1333 1517 1357 ortum
1538 1336 1721 1363 occasumque

937 1381 1060 1404 notatum
1081 1377 1110 1403 in
1124 1376 1217 1407 tabula
1239 1379 1423 1409 antevertunt,
1437 1379 1484 1402 aut
1505 1377 1666 1410 sequuntur,
1682 1375 1722 1401 ita

937 1422 1024 1450 eidem
1047 1421 1201 1448 ascribendi
1224 1425 1298 1448 sunt.

974 1467 1108 1505 Quoniam
1123 1474 1187 1494 vero
1201 1466 1318 1494 diversis
1327 1474 1342 1494 e
1356 1465 1603 1504 parapegmatibus,
1615 1465 1666 1492 hoc
1679 1467 1721 1491 est

938 1513 1050 1547 Italicis,
1077 1512 1178 1541 Graecis
1202 1517 1230 1540 et
1251 1511 1430 1547 Egyptiacis,
1445 1515 1492 1538 aut
1516 1510 1720 1545 iiiterjectarum

901 1576 923 1606 α
938 1557 1088 1593 regionum,
1114 1557 1174 1589 sine
1196 1557 1252 1584 ullo
1273 1556 1408 1584 interdum
1427 1556 1596 1588 discrimine,
1613 1562 1673 1590 qua:
1687 1554 1722 1581 de

939 1603 1024 1632 stellis
1036 1603 1168 1635 referunt,
1184 1603 1332 1638 scriptores
1347 1602 1515 1632 hauserunt;
1536 1602 1600 1628 hinc
1618 1600 1722 1636 judicio

939 1649 973 1676 ad
986 1657 1017 1677 ea
1037 1649 1217 1677 discernenda
1231 1656 1300 1684 opus
1317 1652 1370 1683 est,
1389 1653 1415 1676 et
1427 1648 1456 1675 in
1474 1647 1570 1678 stellis,
1585 1654 1653 1684 quas
1670 1646 1719 1673 de-

938 1693 1109 1729 scripsimus,
1123 1693 1158 1721 ad
1175 1697 1322 1728 utrumque
1336 1693 1398 1720 εαξιί
1420 1693 1550 1729 positum,
1566 1692 1678 1719 Romani
1693 1695 1722 1719 ct

937 1739 1124 1773 Alexandrini,
1151 1738 1298 1766 tentandus
1326 1742 1368 1766 est
1388 1738 1534 1766 calculus:
1560 1741 1721 1765 caaterorum

939 1788 1075 1812 tractuum
1090 1788 1229 1819 utcunque
1243 1792 1276 1812 ex
1293 1784 1348 1812 illis
1363 1783 1432 1811 ratio
1447 1783 1594 1811 constabit.

973 1830 1018 1857 Sic
1029 1830 1057 1857 in
1071 1830 1255 1858 anterioribus
1278 1830 1321 1857 vel
1331 1829 1529 1864 posterioribus
1542 1828 1650 1855 Juliana
1664 1827 1720 1854 edi-

938 1878 1013 1906 tione
1022 1877 1139 1909 saeculis,
1154 1877 1248 1912 paucis
1264 1876 1321 1904 illic
1335 1876 1391 1904 fere
1405 1875 1549 1909 detractis;
1567 1875 1610 1902 hic
1622 1873 1721 1904 additis

939 1924 973 1951 ad
1002 1922 1110 1950 Juliano
1133 1923 1248 1958 tempori
1268 1926 1461 1958 congruentem
1485 1921 1593 1948 modum
1616 1913 1720 1953 diebus,

939 1975 1014 1998 ortus
1045 1977 1215 2005 occasusque
1247 1970 1388 1997 stellarum
1422 1968 1656 2004 investigabimus.
1689 1967 1720 1996 lu

940 2015 1037 2050 quibus
1051 2015 1177 2042 omnibus
1190 2016 1279 2043 otiosa
1297 2019 1339 2043 est
1355 2015 1436 2042 nimis
1462 2020 1589 2042 accurata
1602 2014 1720 2048 diligen-

939 2061 987 2093 tia,
1015 2062 1069 2088 imo
1084 2061 1177 2092 stulta,
1193 2069 1254 2088 cum
1269 2069 1303 2088 ne
1318 2065 1444 2088 auctores
1460 2061 1567 2096 quidem
1585 2060 1636 2092 illi,
1650 2067 1720 2094 quos

940 2106 1321 2141 assequistudemus,tantam
1336 2107 1364 2133 in
1383 2113 1415 2134 ea
1431 2106 1482 2134 sibi
1496 2113 1525 2132 re
1536 2105 1718 2141 praestandam

940 2153 1104 2189 putaverint.

975 2199 1061 2226 Nimis
1078 2206 1109 2226 ea
1131 2198 1225 2233 jejune
1245 2205 1277 2225 ac
1297 2205 1395 2233 parum
1414 2196 1526 2225 utiliter
1540 2197 1722 2232 praescribun-

907 2241 929 2268 D
944 2249 996 2277 tur,
1011 2245 1066 2272 nisi
1091 2244 1222 2279 exemplis
1246 2251 1314 2271 usus
1341 2243 1449 2270 illorum
1475 2243 1614 2278 aperiatur
1629 2252 1635 2269 :
1649 2242 1723 2277 quod

942 2292 986 2318 hic
1004 2292 1030 2318 in
1046 2291 1140 2326 paucis
1154 2291 1187 2318 ad
1201 2290 1316 2317 aliorum
1329 2289 1467 2324 specimen
1486 2289 1668 2324 experiemur.
1683 2288 1720 2314 De

943 2337 1014 2365 Sirio
1040 2341 1067 2364 et
1089 2336 1217 2371 Vergiliis
1242 2337 1321 2371 plura
1350 2335 1528 2370 sequentibus
1542 2334 1676 2370 capitibus
1689 2340 1723 2360 ex

942 2383 1067 2411 instituto
1094 2382 1227 2410 dicemus.
1250 2381 1343 2416 itaque
1368 2381 1465 2408 horum
1493 2381 1574 2408 modo
1593 2379 1722 2414 exemplis

943 2426 1148 2455 abstinebimus.

976 2472 1121 2499 Arcturum
1145 2471 1346 2506 Theophrastus
1373 2471 1400 2498 in
1425 2471 1472 2498 lib.
1489 2470 1522 2497 iV
1540 2470 1612 2497 Hist.
1625 2469 1721 2503 plant.,

942 2526 1001 2554 cap.
1025 2517 1071 2544 Xll
1093 2517 1282 2544 Boedromioni
1308 2518 1423 2551 imputat
1441 2525 1447 2543 :
1469 2523 1519 2542 nec
1545 2515 1578 2542 de
1598 2518 1670 2546 ortu,
1688 2522 1723 2541 an

942 2571 1041 2592 occasu
1057 2563 1193 2598 loquatur,
1215 2563 1326 2590 indicat.
1344 2563 1397 2597 Τὴν
1413 2562 1441 2588 δὲ
1461 2560 1544 2596 τομὴν
1558 2560 1659 2595 ὡραίαν
1675 2559 1724 2594 (ait

943 2609 977 2639 de
1003 2607 1106 2637 calamo
1122 2606 1218 2642 tibiali)
1240 2607 1293 2642 πρὸ
1311 2605 1485 2640 Ἀντιγενίδου
1507 2605 1566 2639 μὲν,
1584 2603 1653 2639 ἡνίκ’
1675 2602 1724 2638 ηὕ-

943 2655 1004 2683 λουν
1014 2654 1165 2687 ἀπλάστως,
1183 2655 1228 2681 ὑπ’
1241 2654 1403 2690 Ἀρκτούρῳ,
1418 2650 1618 2687 Βοηδρομιῶνος
1630 2649 1722 2684 μηνός.

946 2710 955 2727 ε
973 2701 1044 2728 Caadi
1058 2700 1218 2735 tempestive
1231 2700 1338 2731 solitas,
1355 2706 1443 2734 usque
1463 2697 1498 2724 ad
1521 2695 1720 2731 Antigenid'em,

944 2755 1006 2774 cum
1022 2746 1110 2774 adhuc
1124 2746 1276 2782 simplicius
1290 2746 1355 2773 tibia
1368 2749 1518 2776 uterentur,
1528 2742 1579 2770 sub
1592 2742 1721 2773 Arcturo,

944 2800 1038 2820 mense
1063 2792 1268 2819 Boedromione.
1290 2801 1299 2817 ι
1318 2791 1355 2817 De
1370 2795 1432 2817 ortu
1457 2794 1547 2817 tamen
1572 2787 1724 2822 intelligen-

945 2837 1008 2864 dum
1024 2843 1094 2868 esse,
1108 2836 1254 2871 persuadet
1270 2835 1370 2870 gradus
1387 2834 1515 2869 Virginis,
1528 2840 1582 2868 quo
1598 2839 1659 2859 cum
1675 2830 1724 2858 Ju-

945 2882 1016 2910 liano
1028 2881 1126 2910 saeculo
1137 2889 1218 2916 supra
1230 2880 1361 2908 ﬁnitorem
1375 2880 1557 2913 attollebatur,
1568 2885 1662 2911 nempe
1678 2877 1721 2905 Η.
