1900 3137
189 177 254 205 1571

680 181 725 208 AD
744 181 877 210 EUSEBll
892 181 1086 211 CllRONlCON
1107 181 1284 210 APPENDIX.

1738 182 1818 211 i573

189 235 254 263 Item
266 235 300 263 de
315 235 419 264 heliaco
435 241 462 264 et
477 242 625 272 apparente
637 238 712 273 loqui
727 239 898 274 perspicuum
915 244 966 270 est.
981 243 1004 271 Α
1052 240 1180 276 Polybius
1199 240 1283 271 lib.',l
1305 239 1401 268 scribit.
1414 239 1564 267 'Romanos
1590 239 1627 274 inf
1647 240 1770 268 Africam
1797 249 1813 269 ε

189 287 247 309 tum
260 283 333 318 quod
346 287 505 318 apparentes
519 285 621 319 potius,
637 293 718 320 quam
735 293 814 312 veros
828 286 862 313 ab
875 290 968 313 aucto-

188 328 266 356 ribus
284 329 428 356 memorari
442 329 572 363 diximus,
594 334 651 357 tum
667 331 740 366 quod
756 332 784 358 in
801 331 919 367 Virginis
933 332 969 359 27

189 373 299 409 gradum
320 373 438 402 incidere
455 375 579 404 videmus
608 377 742 404 heliacum
763 381 864 409 ortum,
885 378 910 404 id
926 381 968 405 est

187 427 282 447 verum
295 425 322 447 et
334 420 494 448 cosmicum.
509 420 693 450 Parthenonis
716 430 798 457 porro
821 431 891 450 xxvu
909 424 967 451 dics

187 465 214 492 in
225 465 386 494 Kalendario
398 465 432 494 ad
448 465 614 501 Septembris
630 476 676 495 xxt
695 469 858 503 adnotatur;
878 469 967 496 Theo-

188 511 291 546 phrasti
307 519 373 540 vero
394 514 495 541 saeculo
508 514 610 549 aliquot
632 518 693 542 ante
708 515 804 542 diebus
817 515 965 543 accidebat.

187 556 308 593 Denique
328 558 552 588 Boedromionem
568 561 670 588 scimus
691 561 803 588 tertium
827 561 862 588 ab
871 561 967 589 solsti—

186 604 243 630 tiali
269 612 390 633 mensem
420 605 506 634 fuisse
537 606 672 634 lunarem.
688 605 849 634 Ptolemams
873 611 967 634 noster

186 653 276 676 ortum
312 650 420 678 confert
456 651 567 679 Arcturi
600 651 630 678 in
655 658 718 678 xxvi
748 650 914 687 Septembris
940 657 967 680 et

187 694 314 723 Octobris
330 703 374 729 ιιι,
389 699 473 724 recte.

220 739 323 768 Plinius
332 741 390 776 (lib.
400 741 492 776 XVIII,
501 750 526 770 c.
535 741 642 777 XXVI),
652 743 772 770 eamdem
784 743 891 770 Arcturi
903 744 967 770 stel-

187 785 240 812 lam
256 787 354 814 asserit
367 791 490 814 exortum
506 789 690 823 vespertinum
707 788 796 816 facere
811 796 849 815 vn
865 788 965 816 Kalen-

186 831 236 859 das
254 831 354 864 Martii,
369 832 517 861 Columella
533 841 598 861 vero
615 841 641 860 Ix
657 833 803 862 Kalendas.
832 835 859 861 In
887 835 967 862 later-

187 877 250 904 culo
277 882 373 906 nostro
401 879 572 915 acronychus
600 884 711 907 exortus
740 880 850 907 Arcturi
878 880 907 907 ﬁt
936 881 963 908 in

186 921 272 956 gradu
287 922 405 950 Piscium
430 924 474 957 14,
488 924 516 952 id
538 929 580 952 est
605 924 768 961 lchthyonos
789 933 844 958 xtv,
860 934 920 962 qua:
936 927 964 954 in

187 966 350 997 Kalcndario
374 968 463 997 Martii
491 978 507 997 v
535 970 672 998 convenit.
696 969 812 1003 Verum,
835 975 866 998 ut
895 979 967 1007 saepe

187 1012 291 1040 dictum
309 1018 363 1046 est,
382 1019 458 1043 ortus
476 1015 647 1051 vespertinus
666 1023 757 1047 verus,
773 1024 852 1051 quem
874 1017 967 1045 tabula

187 1060 298 1094 praebet,
314 1061 449 1095 posterior
468 1065 510 1089 est
534 1061 685 1097 apparenti.
709 1061 771 1089 ldeo
792 1063 894 1098 aliquot
907 1063 967 1090 die-

187 1104 240 1132 bus
256 1110 316 1140 post
332 1113 459 1134 occasum
483 1107 567 1134 solem
587 1108 712 1135 exoriens
732 1109 808 1136 stella
824 1113 966 1144 prospecta

186 1153 241 1183 est,
255 1150 341 1178 donec
354 1159 446 1179 verum
472 1153 506 1179 ad
526 1157 649 1180 exortum
667 1154 828 1189 perveniret.
852 1154 886 1181 At
907 1154 969 1181 Fir-

187 1196 276 1224 Inicus
296 1197 342 1224 lib.
365 1196 432 1230 Vlll,
459 1205 521 1233 cap.
546 1197 616 1231 XIV,
642 1200 787 1227 Arcturum
818 1201 912 1227 scribit
939 1201 967 1227 in

187 1246 263 1278 parte
291 1241 432 1278 Sagittarii
455 1245 549 1279 quinta
577 1249 665 1272 ortum
692 1245 806 1273 facere:
829 1246 900 1281 quod
925 1250 967 1274 est

187 1287 374 1316 I‘tlsissimum.
390 1289 525 1318 Occasum
542 1291 726 1326 acronychum
751 1292 850 1318 alicubi
867 1292 968 1327 legerat

187 1334 215 1361 in
232 1341 263 1361 ea
279 1339 355 1370 parte
376 1334 434 1363 ﬁeri
447 1345 453 1363 ε
468 1343 518 1371 pro
533 1344 587 1371 quo
603 1336 788 1372 imprudenter
802 1341 890 1364 ortutn
905 1337 966 1365 red-

185 1379 264 1422 didit.
286 1380 462 1417 Acronychus
492 1390 607 1410 occasus
629 1382 736 1411 Juliano
767 1383 866 1411 saeculo
886 1384 967 1411 {iebat

186 1424 215 1452 ln
242 1430 319 1460 parte
343 1425 482 1462 Sagittarii
511 1428 539 1461 4,
570 1429 692 1457 heliacus
720 1433 809 1457 autem
836 1430 863 1457 in
891 1434 967 1464 parte

187 1470 293 1506 Scorpii
310 1471 461 1500 undecima.
478 1473 564 1501 Porro
580 1475 724 1502 undecima
739 1475 797 1502 dies
810 1475 967 1510 Scorpionis

186 1517 274 1552 pridie
292 1517 383 1546 Nonas
397 1518 561 1548 Novembres
580 1520 608 1546 in
626 1525 721 1548 nostro
738 1520 899 1548 Kalendario
917 1529 966 1548 no-

186 1566 279 1590 tatur:
298 1564 370 1591 circa
385 1572 465 1599 quem
481 1565 552 1593 diem
568 1573 582 1592 a
599 1565 687 1593 Plinio
707 1570 734 1594 et
756 1566 903 1593 Columella
918 1574 966 1602 po-
980 1576 1003 1607 ο

187 1607 272 1640 nitur,
293 1608 344 1635 hoc
358 1613 401 1636 est
414 1610 507 1645 paucis
530 1614 592 1638 ante
608 1611 714 1642 diebus,
731 1614 761 1637 ut
782 1619 815 1637 ex
830 1610 965 1638 Kalenda-

187 1653 239 1684 rio,
260 1660 340 1688 quem
361 1661 395 1682 ex
416 1655 549 1683 ambobus
569 1661 595 1683 et
614 1655 711 1683 Ovidio
732 1655 909 1689 confecimus,
932 1657 966 1683 li-

186 1702 261 1733 quet,
275 1700 401 1734 quoniam
417 1708 549 1736 apparens
562 1709 678 1730 occasus
691 1702 861 1736 vespertinus
874 1710 967 1729 verum

186 1745 332 1772 antecedit.
360 1744 481 1781 Denique
507 1747 655 1775 Columella
680 1747 727 1774 lib.
753 1747 800 1780 IX,
819 1755 879 1782 cap.
898 1747 966 1782 XIV,

187 1790 284 1817 scribit
296 1790 440 1818 Arcturum
451 1792 516 1819 oriri
530 1796 590 1827 post
600 1793 853 1828 quinquagesimum
867 1801 882 1820 a
897 1793 969 1820 cani-

186 1835 248 1862 cula
262 1835 334 1863 diem
350 1845 357 1864 :
373 1836 446 1871 quod
460 1837 493 1864 de
507 1842 569 1864 ortu
584 1838 688 1865 heliaco
701 1845 794 1865 verum
806 1842 857 1866 est.
875 1837 964 1866 Sirius

186 1881 325 1909 oriebatur
339 1881 438 1910 Caesari
452 1883 605 1910 Lcontonos
622 1891 680 1915 vnt,
698 1884 723 1911 id
745 1888 786 1912 est
805 1883 917 1919 Augusti
936 1893 966 1917 ιι,

186 1925 320 1954 Arcturus
345 1925 534 1954 Parthenonos
554 1935 641 1960 xxvtt,
666 1928 836 1956 intervallum
861 1929 967 1956 dierum

188 1971 386 2007 quinquaginta
400 1972 560 2000 solidorum.

221 2019 348 2047 Orionem
365 2019 567 2056 Theophrastus
578 2020 615 2047 ait
625 2021 690 2047 oriri
703 2021 731 2047 ἐν
748 2021 817 2056 ἀρχῇ
833 2021 882 2056 τῆς
897 2020 969 2046 ὀπώ-

186 2073 253 2102 ρας·
270 2066 357 2093 δύνειν
375 2067 404 2094 ἐν
420 2067 489 2102 ἀρχῇ
503 2066 549 2093 τοῦ
566 2067 707 2102 χειμῶνος,
727 2066 772 2094 ubi
794 2066 904 2102 ὀπώραν
917 2073 968 2102 pro

186 2111 335 2140 inclinante
348 2113 404 2148 jam
419 2117 512 2141 testate
523 2114 616 2146 sumit,
636 2113 732 2141 diebus
754 2113 857 2147 aliquot
873 2121 886 2139 a
903 2120 969 2140 con-

187 2155 259 2185 fecto
281 2158 407 2186 solstitio.
432 2158 461 2185 ln
484 2159 626 2191 laterculo,
649 2159 741 2186 lucida
760 2159 836 2193 pedis
860 2158 969 2187 Orionis

186 2203 321 2230 hcliacum
344 2208 435 2232 ortum
462 2204 527 2232 facit
547 2204 708 2232 Carcinonis
734 2213 813 2237 xvut,
830 2204 893 2231 Julii
917 2213 965 2232 xu.

979 915 999 941 Β

1022 286 1114 313 Sicilia
1131 286 1272 321 trajecisse
1288 287 1359 313 inter
1374 289 1462 312 ortum
1481 285 1590 314 Orionis
1613 291 1640 314 et
1666 285 1746 318 Sirii,
1763 287 1814 314 in-

1020 332 1163 359 commoda
1190 336 1359 367 tempestate.
1386 330 1480 358 Ortum
1505 332 1652 367 utrobique
1678 332 1813 366 intelligit

1018 376 1166 404 heliacum.
1181 377 1248 404 Nam
1265 376 1354 404 Sirius
1368 375 1521 404 Leontonos
1537 384 1595 408 vttt,
1617 378 1734 404 ineunte
1753 377 1814 404 Au-

1019 427 1110 457 gusto,
1124 421 1207 450 Orion
1228 423 1307 457 paulo
1325 427 1385 457 post
1401 424 1544 450 solstitium
1561 423 1627 449 oriri
1642 423 1809 457 incipiebat.

1017 467 1088 504 Ergo
1101 468 1173 496 Julio
1187 477 1279 496 mense
1294 470 1467 504 navigarunt.
1485 469 1529 496 Sic
1546 469 1685 496 Hesiodus
1707 470 1810 497 messis

1018 522 1050 542 ac
1064 515 1169 542 triturae
1183 520 1291 550 tempus
1307 516 1506 543 circumscribit
1522 515 1632 543 Orionis
1647 520 1771 543 exortu:

1052 591 1060 599 .
1081 592 1088 599 .
1108 592 1116 599 .
1133 569 1201 598 Εὗτ¹
1219 571 1256 598 ἂν
1272 571 1371 606 πρῶτα
1388 571 1468 606 φανῇ
1483 572 1574 606 μένος
1595 572 1752 606 Ὠρίωνος·

1017 631 1027 659 '3
1052 648 1060 655 .
1079 645 1087 654 .
1109 647 1116 653 .
1135 626 1201 654 Cum
1215 627 1328 662 primum
1349 635 1472 662 apparere
1491 628 1565 663 coepit
1586 628 1669 655 robur
1685 627 1803 656 Orionis.

1051 681 1151 709 Leonis
1169 681 1197 708 in
1211 687 1320 716 pectore
1346 682 1420 710 clara
1443 682 1521 710 stella
1541 683 1642 710 occidit
1661 691 1740 710 xxvn
1761 681 1804 710 Ja-

1015 728 1117 759 nuarii,
1134 732 1164 754 ut
1183 727 1278 755 scribit
1299 727 1459 760 Columella,
1475 733 1504 755 ut
1526 727 1651 760 Ovidius,
1677 737 1758 756 xxiv.
1778 728 1805 756 lu

1016 772 1147 800 laterculo
1161 777 1256 800 nostro
1270 773 1362 800 eadem
1379 773 1455 800 stella
1468 773 1611 808 Hydronos
1627 775 1713 801 tertio
1727 781 1807 801 mane

1015 818 1125 849 occidit,
1143 825 1255 853 prorsus
1272 821 1301 845 ut
1320 817 1431 846 Ovidius
1452 818 1544 850 refert,
1568 817 1696 845 Januarii
1730 827 1802 845 xxiv.

1015 863 1105 896 Quare
1119 863 1152 890 de
1169 871 1268 891 occasu
1287 863 1408 890 cosmico
1421 863 1570 898 capiendus
1589 866 1642 891 est.
1665 864 1700 890 At
1723 862 1805 890 Colu-

1014 907 1092 935 tnella
1106 907 1202 936 Leonis
1219 909 1319 935 claram
1333 909 1361 935 in
1381 914 1490 943 pectore
1510 908 1616 935 stellam
1637 909 1747 942 exoriri
1765 916 1807 936 as-

1017 954 1084 982 serit
1098 962 1125 981 tx
1141 953 1274 983 Kalendas
1294 955 1406 990 Augusti
1426 958 1453 982 et
1472 955 1560 990 pridie
1573 953 1666 982 Nonas
1685 954 1807 989 Augusti

1016 999 1133 1028 Leonem
1152 1001 1218 1027 oriri
1232 1000 1363 1028 medium.
1381 1001 1459 1034 Quod
1471 1000 1504 1028 de
1519 1001 1624 1028 heliaco
1640 1009 1698 1028 non
1713 1006 1807 1035 potest

1017 1046 1121 1080 accipi;
1136 1047 1183 1081 qui
1203 1045 1358 1074 Leontonos
1373 1054 1450 1077 XVIII,
1475 1046 1588 1082 Augusti
1611 1055 1650 1074 xu
1672 1047 1806 1081 primitus

1016 1092 1141 1126 occmpit,
1157 1092 1190 1119 ad
1204 1100 1296 1119 verum
1314 1097 1340 1118 et
1356 1092 1504 1119 eosmicum
1518 1092 1614 1119 referri
1634 1096 1739 1127 potest.
1756 1093 1806 1118 At-

1016 1137 1061 1171 qui
1085 1137 1189 1165 Plinius
1215 1137 1262 1165 lib.
1280 1136 1380 1170 XVIII,
1400 1145 1460 1173 cap.
1483 1137 1601 1171 XXVIII,
1617 1147 1626 1163 ‹
1640 1139 1725 1166 tertio
1750 1138 1807 1166 Ka-

1016 1182 1127 1215 lendas,
1156 1183 1210 1216 ait,
1249 1182 1362 1218 Augusti
1395 1184 1496 1211 mensis
1533 1184 1607 1218 regia
1632 1184 1661 1211 in
1691 1189 1806 1220 pectore

1016 1228 1115 1255 Leonis
1127 1229 1203 1256 stella
1220 1229 1351 1256 tnatutino
1365 1229 1465 1256 Cazsari
1487 1229 1666 1265 immergitur.
1684 1239 1694 1256 ι
1711 1231 1806 1258 Matu-

1016 1274 1103 1300 tinum
1122 1281 1249 1302 occasum
1275 1275 1332 1302 hzec
1350 1275 1432 1302 verba
1458 1275 1664 1309 demonstrant,
1695 1277 1746 1311 qui
1777 1277 1805 1304 in

1016 1318 1128 1354 Aquarii
1150 1319 1236 1354 gradu
1251 1320 1342 1351 tertio,
1353 1319 1476 1347 Januarii
1487 1329 1550 1347 xxiv
1563 1321 1672 1349 accidit.
1690 1321 1808 1350 ﬂendo-

1017 1373 1064 1393 sus
1078 1372 1142 1399 ergo
1155 1365 1232 1392 locus
1245 1370 1288 1392 est
1302 1365 1391 1397 Plinii,
1406 1374 1438 1393 ac
1460 1367 1602 1402 legendum
1623 1368 1739 1395 omnino
1761 1374 1808 1397 est

1019 1419 1028 1436 I
1049 1410 1172 1446 emergit,
1189 1420 1198 1436 ι
1213 1411 1254 1438 vel
1268 1420 1277 1437 ι
1304 1412 1460 1447 emergitur,
1479 1421 1488 1438 I
1507 1413 1533 1440 id
1555 1416 1596 1441 est
1622 1413 1710 1441 oritur
1738 1421 1807 1442 cum

1017 1456 1084 1484 sole.
1408 1486 1411 1489 .

1060 1502 1188 1531 Geminus
1221 1511 1347 1531 occasum
1380 1503 1479 1532 Leonis
1510 1509 1692 1533 consentanee
1724 1507 1810 1541 ponit

1017 1550 1128 1586 Aquarii
1155 1551 1283 1578 secundo.
1314 1548 1473 1579 Ptolemaeus
1500 1551 1609 1579 Leonici
1640 1553 1805 1580 basiliscum

1018 1596 1140 1624 occidere
1159 1597 1254 1624 scribit
1266 1605 1291 1624 v1
1303 1597 1437 1626 Kalendas
1455 1597 1605 1630 Februarii,
1626 1599 1684 1626 sive
1696 1598 1806 1626 Janua-

1017 1643 1051 1669 rii
1078 1651 1160 1670 xxvn.
1186 1642 1296 1671 Graecus
1325 1648 1413 1670 autem
1440 1651 1454 1670 a
1480 1644 1558 1671 nobis
1585 1645 1677 1672 editus
1705 1646 1807 1672 statuit

1017 1688 1135 1722 ejusdem
1152 1695 1278 1716 occasum
1300 1689 1327 1715 in
1339 1688 1471 1721 Januarii,
1499 1690 1541 1717 vel
1563 1689 1631 1725 Tybi
1655 1698 1734 1723 xxu;
1751 1699 1806 1718 nec

1017 1741 1070 1761 non
1087 1734 1198 1767 Mechir,
1214 1735 1255 1762 vel
1274 1734 1416 1763 Februarii
1439 1743 1475 1763 vt.
1499 1736 1599 1764 Sextus
1614 1735 1718 1764 Mechir
1732 1744 1806 1764 con-

1017 1781 1089 1809 venit
1101 1779 1225 1808 Januarii
1240 1781 1347 1808 ultimo.

1051 1826 1124 1853 Inter
1137 1825 1243 1862 Hyades
1258 1826 1427 1855 lucidissima
1442 1831 1494 1860 est,
1507 1835 1567 1862 quae
1579 1827 1606 1855 in
1620 1828 1701 1855 oculo
1716 1827 1805 1856 Tauri

1017 1872 1104 1906 posita
1117 1871 1268 1899 Palilicium
1285 1873 1361 1900 sidus
1382 1880 1397 1900 a
1419 1872 1549 1901 Romanis
1574 1878 1698 1901 vocatur.
1715 1873 1805 1901 Occa-

1017 1925 1076 1944 sutn
1090 1917 1211 1952 llyadum
1231 1917 1315 1946 refert
1335 1918 1470 1946 llesiodus
1490 1919 1517 1946 in
1534 1919 1604 1946 idem
1624 1924 1734 1954 tempus
1749 1928 1806 1954 quo

1016 1961 1138 1990 Pleiades
1151 1967 1177 1990 et
1192 1963 1276 1990 Orion
1293 1964 1439 1997 occidunt;
1456 1964 1536 1999 idque
1564 1965 1682 1992 arationi
1699 1973 1804 2000 oppor~

1018 2013 1113 2036 tunum
1126 2017 1186 2037 esse
1202 2009 1298 2037 scribit
1313 2010 1340 2036 in
1358 2010 1478 2038 secundo
1489 2010 1576 2038 libro:

1194 2085 1201 2091 .
1222 2083 1230 2091 .
1251 2084 1258 2091 .
1278 2085 1286 2091 .
1308 2084 1314 2091 .
1335 2065 1433 2099 Αὐτὰρ
1446 2065 1573 2099 ἐπὴνδὴ

1017 2098 1162 2132 Πληϊάδες
1173 2099 1308 2132 θ”Υάδες
1322 2108 1363 2130 τε,
1379 2098 1455 2126 τότε
1471 2100 1578 2133 σθένος
1598 2101 1736 2134 Ὠρίωνος

1017 2135 1152 2161 Δύνωσιν
1166 2154 1173 2167 ,
1190 2135 1246 2161 τότ’
1258 2134 1346 2161 ἔπειτ’
1361 2135 1467 2169 ἀρότου
1475 2135 1663 2170 μεμνημένος
1672 2135 1761 2164 εἶναι.

1017 2201 1021 2213 θ
1053 2198 1102 2226 llic
1125 2207 1251 2227 occasum
1276 2201 1439 2227 matutinum
1457 2201 1514 2228 sive
1528 2201 1676 2228 cosmicum
1695 2202 1804 2237 signiﬁ-

188 2248 242 2275 sed
260 2248 441 2284 Theophrasti
465 2251 575 2283 suum,
599 2253 626 2278 ει
650 2250 764 2278 Athenis
787 2251 920 2278 maturius
941 2250 967 2278 id
983 2253 1007 2283 ο
1019 2250 1072 2271 cat.
1087 2243 1154 2271 Nam
1169 2245 1196 2272 in
1212 2246 1343 2273 laterculo
1355 2250 1449 2273 nostro
1467 2246 1618 2273 Palilicium
1632 2255 1713 2275 mane
1728 2249 1804 2276 occi-

188 2294 280 2322 ﬁebat.
294 2293 395 2322 Verum
412 2300 473 2330 post
499 2301 576 2324 ortus
602 2296 699 2324 heliaci
723 2296 795 2324 diem
810 2303 844 2324 ex
868 2297 968 2324 tabulis

188 2339 341 2367 confectum
359 2346 519 2375 apparentes
535 2341 615 2369 iidem
639 2345 717 2369 ortus
739 2341 866 2369 matutini
893 2349 970 2376 repe-

188 2391 292 2414 tuntur.
313 2385 406 2421 Itaque
428 2391 592 2422 propagatus
616 2387 661 2415 hic
683 2392 760 2414 ortus
778 2391 920 2422 estusque
935 2387 968 2414 ad

187 2431 296 2467 ὀπώρας
311 2431 429 2458 initium.
444 2431 479 2458 At
491 2433 640 2460 matutinus
658 2440 772 2461 occasus
786 2433 907 2468 ejusdem
927 2434 969 2461 lu-

188 2478 256 2505 cida:
277 2477 391 2512 contigit
414 2476 578 2512 Scorpionos
600 2487 627 2511 ν,
651 2478 778 2506 Octobris
793 2487 855 2506 xxrx
871 2487 878 2512 ;
895 2487 969 2506 zona:

188 2524 278 2552 media
294 2523 458 2558 Scorpionos
469 2531 508 2551 xu
525 2524 636 2555 occidit,
652 2524 810 2552 Novembris
824 2533 860 2558 v;
876 2525 970 2552 hume-

188 2577 236 2597 rus
250 2569 343 2597 dexter
358 2569 524 2604 Scorpionos
539 2577 596 2601 ιιι,
616 2569 777 2597 Novembris
798 2578 851 2598 .\'IV.
877 2571 969 2605 Itaque

187 2623 281 2644 verum
292 2622 334 2644 est
353 2615 462 2643 ineunte
476 2616 564 2643 hieme
578 2615 705 2643 Orionem
728 2616 870 2644 occidisse.
895 2617 968 2643 Con-

189 2662 300 2689 veniunt
314 2666 341 2689 et
364 2669 424 2698 quae
443 2662 477 2690 de
499 2661 608 2689 Orionis
626 2666 687 2688 ortu
711 2662 745 2689 ab
768 2661 873 2694 Ovidio,
886 2661 968 2689 Colu-

189 2707 280 2739 mella,
297 2711 323 2735 et
339 2707 428 2735 Plinio
442 2708 603 2744 produntur,
619 2711 649 2734 ut
665 2715 728 2735 cum
746 2715 842 2734 zonam
861 2708 970 2735 oriri-v1

189 2752 324 2782 Kalendas
337 2753 401 2781 Julii
418 2758 545 2782 asserunt
565 2753 677 2782 Ovidius
701 2756 728 2781 et
753 2753 868 2781 Plinius.
884 2753 970 2780 Media

191 2798 290 2832 quippe
313 2800 388 2827 stella
416 2800 496 2828 baltei
512 2800 539 2827 in
556 2798 672 2835 Egypto
691 2799 860 2826 Carcinonos
873 2804 970 2834 quarto

192 2843 293 2871 heliace
309 2845 444 2873 oriebatur
459 2845 551 2874 Romae
568 2853 640 2879 xvu:
657 2845 705 2874 sed
721 2850 782 2873 ante
795 2845 864 2873 hanc
881 2846 908 2873 in
923 2853 969 2874 eo-

193 2887 252 2915 dem
265 2889 352 2918 balteo
369 2891 451 2919 altera
467 2893 615 2928 consurgit.

1018 2291 1057 2319 dit
1072 2291 1099 2318 in
1113 2291 1197 2326 gradu
1210 2293 1226 2319 9
1244 2292 1349 2326 Scorpii
1365 2292 1465 2324 Romae.
1482 2292 1508 2319 id
1524 2297 1565 2320 est
1583 2292 1746 2321 Novembris
1761 2295 1781 2321 2
1794 2316 1801 2327 ,

1018 2344 1072 2372 quo
1085 2337 1128 2364 die
1139 2336 1288 2364 Columella
1302 2336 1384 2364 Tauri
1400 2342 1481 2372 caput
1490 2344 1617 2365 occasum
1630 2338 1721 2366 facere
1731 2339 1804 2366 scri-

1018 2383 1067 2415 bit,
1085 2386 1114 2410 ut
1134 2386 1161 2410 et
1174 2382 1304 2410 Geminus
1329 2391 1363 2411 ex
1385 2383 1506 2418 Calippo.
1522 2385 1557 2410 At
1571 2385 1598 2411 in
1612 2383 1731 2420 AZgypto
1743 2394 1804 2413 ma-

1018 2432 1124 2459 tutinus
1137 2439 1251 2459 occasus
1272 2432 1351 2459 ﬁebat
1371 2432 1398 2459 in
1413 2432 1498 2467 gradu
1520 2431 1626 2467 Scorpii
1641 2432 1802 2465 undecimo,

1017 2477 1177 2506 Novembris
1192 2487 1226 2506 tv.
1239 2478 1321 2506 Porro
1334 2479 1404 2506 idem
1416 2479 1564 2505 Columella
1575 2477 1704 2509 Suculam
1721 2487 1802 2506 mane

1018 2523 1142 2551 occidere
1164 2523 1202 2550 ait
1226 2531 1270 2550 xxt
1294 2523 1461 2556 Novembris,
1495 2531 1601 2550 necnon
1635 2522 1801 2558 Bhapsodus

1019 2569 1065 2596 ille
1082 2569 1133 2596 sub
1154 2568 1264 2596 nomine
1284 2569 1449 2598 Ptolemaeia
1465 2568 1583 2596 Leonico
1605 2568 1707 2596 editus.
1732 2568 1800 2596 Nam

1019 2613 1129 2641 Graecus
1148 2618 1240 2641 noster
1255 2614 1282 2641 in
1297 2613 1467 2646 Novembris,
1482 2614 1524 2641 vel
1543 2613 1629 2649 Athyr
1646 2621 1691 2640 va
1712 2614 1800 2641 Sucu-

1019 2659 1106 2686 larum
1119 2663 1208 2686 ortum
1230 2659 1391 2687 matutinum
1414 2659 1534 2694 conjicit.
1553 2659 1632 2694 Apud
1653 2658 1797 2687 Geminum

1020 2704 1142 2740 Hyadum
1165 2713 1280 2733 occasus
1302 2705 1346 2733 die
1367 2705 1532 2740 Scorpionos
1552 2713 1639 2738 xxvu,
1655 2713 1686 2733 ex
1702 2705 1794 2733 Eucte-

1021 2758 1100 2779 mone
1110 2760 1117 2785 ;
1128 2759 1161 2779 ex
1176 2751 1297 2784 Eudoxo,
1310 2759 1374 2779 xxix
1388 2751 1531 2786 contingit,
1543 2751 1589 2786 qui
1601 2751 1668 2778 Julii
1682 2752 1795 2779 Caesaris

1020 2803 1098 2826 aetate
1107 2799 1307 2834 respondebant
1322 2798 1481 2826 Novembris
1502 2799 1538 2825 ix
1559 2802 1586 2825 et
1609 2806 1684 2831 xxu;
1701 2797 1796 2825 Eucte-

1021 2845 1109 2873 monis
1123 2853 1186 2872 vero
1197 2850 1223 2873 et
1241 2845 1344 2872 Eudoxi
1365 2845 1475 2877 saeculo,
1497 2844 1556 2872 dies
1579 2845 1641 2872 illos
1656 2843 1796 2872 antecedt.~

1023 2891 1097 2919 bant.
1110 2891 1159 2919 Hic
1170 2895 1210 2920 est
1224 2899 1356 2927 apparens
1371 2898 1485 2919 occasus
1498 2891 1648 2918 matutinus
1660 2890 1794 2924 Hyadum,
