1900 3137
84 185 104 212 1
110 185 163 212 575

483 183 709 213 DISSERTATIO
727 184 771 212 DE
790 184 881 212 ORTU
902 184 946 212 ΕΤ
967 185 1098 214 OCCASU
1120 178 1291 215 SIDERUM:

1627 182 1700 212 ’1574

80 242 140 278 qui
155 247 197 271 est
212 250 276 270 vero
288 244 435 278 posterior.
450 243 512 272 Ideo
535 248 597 279 post
615 245 762 272 cosmieum
779 252 872 272 verum
887 246 910 274 Λ
924 244 1018 273 Romae
1035 246 1115 274 fiebat
1130 248 1158 272 in
1174 245 1258 280 gradu
1272 242 1432 279 Capricorni
1445 241 1596 273 undecimoI
1613 242 1640 269 id
1658 248 1700 270 est

84 288 126 315 ad
151 288 209 315 dies
233 288 335 323 aliquot
359 289 530 317 extenditur:
545 289 769 324 quemadmodum
794 295 870 317 ortus

82 334 265 367 vespertinus
281 341 361 360 verus
385 334 519 368 posterior
540 338 581 361 est
604 334 805 368 apparentibus.
824 334 870 367 qui

84 379 218 414 pluribus
231 379 326 406 diebus
351 379 500 406 anteillum
518 387 588 414 saepe
607 383 768 413 repetuntur
780 379 808 405 in
820 378 872 405 Fa-

86 424 155 451 stis.
179 423 267 452 Verus
293 429 404 452 exortus
437 425 608 459 vespertinus
631 423 745 451 Palilicii
774 424 873 452 sideris

84 469 157 497 Julii
179 476 308 505 tempore,
327 470 489 506 Scorpionos
503 479 559 503 xxi,
576 470 734 498 Novembris
748 478 793 497 χιιι
808 477 874 497 con-

86 517 216 551 gruebat,
231 521 292 551 post
307 524 400 544 verum
414 524 541 545 occasum
562 517 733 544 matutinum.
752 515 805 543 Sed
824 523 873 550 ap-

85 569 192 597 parens
221 566 298 590 ortus
324 563 495 597 vespertinus
518 563 686 598 prmcedcbat
707 570 714 589 :
739 569 820 597 quem
847 569 875 591 \‘t

86 607 266 642 Novembris,
286 609 328 636 vel
349 609 444 644 Athyr,
466 609 588 636 Graecum
604 607 739 635 Ptolemaei
763 614 876 642 parape-

88 661 155 689 gma
182 654 307 681 collocat.
328 653 459 682 Geminus
481 658 570 682 autem
591 654 714 689 Zygonos
737 660 804 685 χχιι,
819 651 875 680 Ειι-

88 699 157 727 doxi
173 700 291 734 saeculo;
308 699 412 728 Plinius
427 701 474 728 lib.
490 700 583 733 XVIII,
607 708 668 734 cap.
689 699 783 732 XXXI,
799 703 875 726 sexto

87 745 229 774 Kalendas
252 746 411 774 Novembris
436 746 551 774 Suculas
576 747 614 773 ait
639 745 739 774 exoriri
757 745 874 780 vesperi,

87 791 188 818 eodem
219 791 324 820 scilicet
351 796 496 826 apparente
521 796 593 820 ortu.
619 791 679 818 Mox
701 799 766 818 vero
789 790 876 825 pridie

88 836 230 864 Kalendas
248 837 413 865 Novembres
428 837 526 865 Caesari
538 837 603 865 dicit
619 838 722 864 exoriri
738 843 800 864 cum
819 836 876 863 sole

91 882 222 911 Suculas.
237 883 327 911 Falso.
356 883 423 910 Nam
448 884 475 911 id
504 892 589 911 verno
614 888 735 918 tempore
761 882 870 910 accidit.

921 291 1042 319 Januarii
1068 300 1107 325 n;
1132 291 1302 319 Alexandriae
1337 288 1462 324 in-gradu
1485 288 1597 323 quinto,
1623 292 1701 316 sexto

922 337 1033 366 Kalend.
1057 338 1117 365 Jan.
1145 337 1304 364 Ptolemaeus
1333 335 1444 362 Graecus
1471 334 1637 367 Decembris,
1658 340 1701 368 vel

923 384 1021 411 Chmac
1038 392 1123 416 xxvn,
1136 387 1164 411 et
1183 391 1236 410 xxx
1250 381 1375 416 Aquilam
1388 379 1511 408 occidere
1525 379 1562 407 ait
1577 387 1702 414 vespere;

923 429 1035 457 Gemino
1059 437 1168 464 quoque
1193 428 1308 463 septimo
1331 426 1488 462 Capricorni
1515 426 1585 453 idem
1612 426 1701 453 evenit

923 479 1032 502 auctore
1055 473 1228 502 Euctemone.
1245 473 1373 500 Eamdem
1389 479 1468 499 mane
1483 471 1549 498 oriri
1571 471 1701 498 vicesimo

923 523 999 547 sexto
1013 519 1138 546 Toxonos
1155 518 1288 546 referebat
1302 517 1440 544 Eudoxus.
1463 515 1508 544 Sic
1524 516 1551 542 in
1570 515 1701 543 laterculo

923 570 1016 593 nostro
1035 569 1111 592 ortus
1133 565 1206 592 illius
1227 563 1348 591 heliacus
1365 564 1392 590 in
1406 569 1490 589 xxvnt
1515 561 1641 588 Toxonos
1658 560 1701 587 in-

924 611 1020 644 currit,
1038 611 1084 645 qui
1099 615 1141 638 est
1160 609 1315 637 Decembris
1339 617 1395 636 χχι.
1417 608 1527 635 Graecus
1541 607 1702 634 Ptolemaeus

924 657 1091 689 Decembris,
1109 657 1149 684 vel
1165 656 1266 684 Circeac
1285 663 1348 683 xxv.
1370 654 1531 690 Rhapsodus
1550 660 1565 680 a
1584 652 1702 680 Leonico

924 704 1012 731 editus
1035 703 1162 730 mendose
1186 702 1266 730 habet
1290 706 1379 728 ortum
1395 700 1581 734 vespertinum
1599 697 1702 732 Aquila

924 756 953 776 xi
964 747 1075 775 Kalend.
1086 747 1197 774 Januar.
1209 746 1258 774 IIic
1271 747 1342 774 enim
1354 746 1381 773 in
1391 746 1475 781 gradu
1489 743 1663 771 Geminorum
1675 751 1702 770 Ix

925 794 1047 828 contigit.
1064 792 1137 820 Junii
1148 801 1177 825 ιι,
1198 792 1242 819 cui
1262 796 1289 819 et
1307 791 1454 818 Columella
1470 793 1497 817 et
1515 789 1619 816 Plinius
1637 789 1703 816 asti-

925 838 1062 873 pulantur,
1086 845 1190 865 necnon
1205 837 1327 870 Ovidius,
1351 837 1416 872 quin
1433 840 1460 864 et
1474 835 1617 870 Rapsodus
1632 835 1702 870 ipse-

925 888 990 911 met.

89 928 211 964 Scripsit
225 933 271 956 aut
285 929 403 956 scribere
413 930 516 961 debuit,
527 939 537 955 ι
548 937 611 956 eum
626 913 683 956 sole
695 928 845 956 occidente.
858 937 867 953 ι
885 913 907 940 Β
956 928 1043 956 Varro
1057 927 1103 955 lib.
1126 927 1147 953 II
1167 927 1204 954 De
1223 935 1251 954 re
1271 928 1381 958 rustica,
1399 933 1458 960 cap.
1485 924 1508 951 II
1523 935 1529 952 :
1549 934 1559 950 ι
1583 924 1701 959 Tempus

88 973 247 1000 Palilicium
275 973 350 1002 sidus
379 974 449 1002 idem
477 973 582 1002 Plinius
605 975 676 1002 libro
697 973 791 1005 XVIII,
811 981 870 1008 cap.

88 1018 189 1051 XXVI,
204 1019 285 1046 refert
299 1020 421 1047 occidere
442 1027 553 1054 vespere
572 1028 604 1047 ex
625 1019 741 1047 Caesaris
755 1018 871 1050 calculo,

88 1073 129 1092 xv
153 1065 288 1093 Kalendas
304 1065 397 1097 Maias,
419 1066 445 1093 id
467 1071 509 1093 est
530 1065 644 1093 Crionos
659 1073 734 1097 xva,
751 1072 831 1100 quem
844 1063 872 1091 in

90 1110 166 1137 diem
184 1110 305 1139 heliacus
318 1117 432 1138 occasus
454 1111 526 1138 illius
546 1118 579 1137 ex
598 1111 700 1138 nostris
720 1109 872 1137 ratiociniis

90 1155 200 1183 incidit.
218 1155 380 1190 Ptolemaeus
404 1155 513 1183 Leonici
538 1155 653 1183 Suculas
676 1156 713 1183 ait
734 1162 873 1191 emergere

90 1201 197 1236 Aprilis
207 1210 242 1229 vt.
253 1201 307 1228 Imo
320 1203 548 1236 immergebantur
565 1202 609 1228 illo
626 1206 755 1237 tempore,
773 1207 799 1229 et
812 1205 873 1240 post

91 1255 221 1275 occasum
248 1248 333 1275 solem
359 1248 562 1278 condebantur,
593 1248 666 1283 quod
690 1247 791 1282 Aprilis
816 1254 872 1274 xvtt

91 1297 232 1327 postremo
246 1292 389 1320 faciebant.
410 1292 480 1320 Hine
501 1292 570 1328 apud
594 1292 717 1320 eumdem
737 1300 775 1319 xu
794 1291 873 1327 Apri-

91 1338 139 1370 lis,
153 1345 197 1370 xv,
214 1346 258 1365 xvr
272 1342 298 1365 et
313 1346 367 1365 xvn
388 1338 518 1365 occultari
540 1346 651 1373 vespere
667 1338 804 1365 dicuntur.
826 1337 874 1364 Et-

90 1384 167 1411 enim
189 1388 265 1412 ortus
288 1383 401 1411 Palilieii
418 1385 569 1411 matutinus
587 1392 721 1419 apparens
739 1385 821 1420 cmpit
844 1385 873 1412 in

90 1429 210 1457 Julianis
225 1428 313 1456 Fastis
329 1429 492 1465 Didymonos
506 1438 545 1461 χι,
558 1429 631 1457 Junii
652 1438 688 1456 iv.
703 1429 778 1458 Unde
792 1431 873 1458 casti-

91 1475 200 1510 gandus
216 1479 257 1504 est
275 1475 433 1504 Ptolemmus
457 1475 548 1503 οτηερς
573 1483 588 1502 a
612 1476 689 1504 nobis
704 1477 806 1510 editus;
827 1478 872 1512 qui

90 1521 168 1548 Junii
187 1529 216 1548 Ill
235 1521 352 1548 lucidam
367 1521 528 1549 Sucularum
548 1522 584 1548 ait
598 1522 721 1550 occidere
739 1530 850 1557 vespere
864 1543 871 1555 ,

921 975 1054 1009 optimum
1070 974 1104 1000 ad
1125 972 1319 1000 admittendum
1336 971 1380 1007 (de
1402 971 1500 999 ovibus
1523 969 1652 1005 loquitur)
1667 969 1702 996 ab

921 1020 1029 1048 Arcturi
1044 1026 1142 1046 occasu
1158 1018 1192 1045 ad
1206 1018 1310 1053 Aquila:
1325 1025 1464 1045 occasum.
1483 1025 1492 1042 )
1511 1015 1614 1042 Plinius
1633 1023 1701 1050 quo-

921 1075 974 1102 que
986 1067 1033 1093 lib.
1051 1065 1118 1098 VIII,
1130 1073 1155 1093 c.
1168 1064 1261 1092 XLVII
1280 1074 1287 1092 :
1309 1073 1317 1090 ι
1338 1064 1432 1092 Coitul
1445 1063 1573 1090 omnibus
1598 1062 1632 1088 ab
1650 1062 1702 1088 Ar-

922 1112 993 1140 cturi
1008 1119 1117 1144 occasu.
1131 1111 1204 1146 quod
1217 1116 1259 1139 est
1272 1118 1297 1137 a.
1315 1111 1342 1138 d.
1356 1111 1467 1138 tertium
1483 1109 1546 1136 Idus
1560 1108 1653 1140 Maias.
1667 1107 1701 1134 ad

921 1159 1024 1194 Aquilae
1041 1165 1178 1190 occasum,
1196 1158 1222 1184 id
1237 1161 1279 1185 est
1294 1165 1343 1184 χιιι
1365 1156 1500 1183 Kalendas
1520 1154 1666 1190 Augustas.
1689 1162 1699 1179 ι

921 1203 960 1230 Ita
973 1204 1101 1239 legendus
1120 1203 1164 1230 hic
1189 1203 1276 1234 locus,
1299 1202 1346 1237 qui
1367 1202 1448 1236 vulgo
1465 1200 1628 1235 depravatus
1648 1202 1700 1226 est.

921 1249 1078 1284 Intelligunt
1092 1248 1237 1283 utrobique
1252 1247 1403 1274 cosmicum
1424 1253 1550 1273 occasum
1573 1245 1629 1272 sive
1645 1251 1702 1271 ma-

921 1294 1059 1327 tutinum;
1089 1301 1152 1321 nam
1180 1293 1315 1320 Arcturus
1345 1293 1373 1320 in
1402 1292 1577 1319 Geminorum
1605 1296 1702 1325 quarto

922 1340 1008 1376 gradu
1024 1338 1171 1374 incipiebat
1189 1340 1324 1370 occidere,
1343 1339 1371 1366 id
1389 1343 1430 1366 est
1451 1337 1512 1365 Maii
1533 1345 1629 1370 xxvni,
1646 1337 1702 1364 Ro-

922 1394 988 1418 mae;
1006 1385 1177 1413 Alexandriae
1199 1392 1264 1412 vero
1289 1383 1432 1412 Tanronos
1450 1391 1511 1416 xiii,
1531 1383 1558 1410 id
1582 1387 1624 1410 est
1639 1381 1702 1409 Maii

921 1437 998 1460 sexto
1010 1441 1018 1458 :
1030 1431 1125 1465 Aquila
1143 1438 1221 1458 mane
1236 1431 1300 1458 item
1316 1430 1416 1458 occidit
1431 1429 1522 1456 Romae
1534 1427 1702 1456 Carcinonos

922 1477 1046 1510 xxvn,id
1061 1481 1102 1504 est
1123 1485 1161 1504 χιι
1183 1476 1318 1504 Kalendas
1340 1477 1486 1511 Augustas.
1513 1474 1570 1502 Hoc
1593 1478 1702 1509 tempus

923 1523 1080 1550 admissum
1094 1522 1203 1549 unicum
1218 1522 1314 1550 ovibus
1329 1522 1409 1549 ainbo
1423 1522 1461 1548 illi
1477 1521 1611 1549 tribuunt.
1627 1520 1704 1548 Post-

91 1567 167 1602 quod
182 1570 222 1594 est
235 1567 344 1594 falsum.
357 1567 417 1594 Ideo
433 1568 521 1594 statim
536 1567 608 1594 Junii
623 1575 660 1594 vn
682 1568 757 1603 ἑῷος,
775 1568 872 1603 inquit,
887 1584 908 1613 ο
924 1575 955 1595 ea
971 1568 1094 1602 concepti
1114 1567 1175 1602 agni
1199 1567 1310 1594 invalidi
1336 1571 1409 1600 sunt,
1427 1567 1464 1593 ait
1483 1566 1587 1595 Plinius
1605 1576 1612 1594 :
1633 1574 1702 1602 quos

93 1612 238 1640 ἐπιτέλλει.
259 1612 317 1639 Non
341 1613 431 1640 minus
455 1614 628 1648 castigandus
656 1619 696 1642 est
720 1614 875 1648 Geminus,

95 1658 144 1693 qui
160 1657 303 1685 Tanronos
326 1658 369 1685 die
385 1666 459 1684 xxxii
483 1659 559 1693 ponit
582 1663 670 1685 ortum
691 1660 874 1694 vespertinum

95 1703 229 1740 Hyadum.
259 1703 310 1730 Pro
332 1712 386 1738 quo
410 1704 558 1731 matutinus
583 1705 790 1733 substituendus
813 1710 874 1739 est;

96 1758 177 1785 quem
192 1749 355 1785 Didymonos
371 1757 388 1776 v
403 1757 476 1782 mox,
498 1749 610 1776 Eudoxo
632 1756 752 1782 auctore,
770 1752 873 1778 statuit.

130 1796 276 1831 Capellam,
290 1804 349 1831 quze
361 1801 402 1823 est
422 1796 448 1822 in
466 1795 574 1830 Auriga:
590 1800 679 1830 tergo,
700 1797 794 1824 scribit
810 1797 874 1824 Ovi-

97 1843 170 1875 dius,
188 1846 213 1870 et
229 1842 375 1870 Columella
391 1842 489 1869 exoriri
515 1841 643 1870 Kalendis
663 1842 749 1870 Maiis.
771 1842 875 1871 Plinius

97 1897 146 1915 vin
168 1889 269 1916 mensis
289 1888 420 1923 ejusdem.
442 1887 499 1914 IIoc
522 1888 549 1914 in
576 1887 693 1922 Algypto
711 1896 804 1916 verum
834 1892 875 1916 est

97 1934 133 1961 de
155 1939 216 1961 ortn
232 1934 352 1966 heliaco,
371 1934 416 1968 qui
441 1934 469 1960 in
493 1933 634 1960 Tanronos
656 1934 699 1961 die
721 1942 747 1960 ix
769 1934 873 1961 incidit.

98 1980 190 2008 Romae
205 1985 305 2012 autem,
321 1980 435 2007 Crionos
448 1987 513 2010 xvn,
529 1979 629 2014 Aprilis
645 1987 702 2006 vin.
714 1979 875 2009 Ptolemaeus

97 2029 191 2053 noster
205 2024 292 2051 Martii
309 2033 382 2055 χχιχ,
401 2028 427 2051 et
442 2023 542 2058 Aprilis
565 2031 630 2051 xvnt
655 2024 748 2059 Capra:
766 2026 876 2053 matuti-

96 2077 164 2098 num
184 2074 271 2097 ortum
286 2069 403 2097 exhibet.
421 2069 549 2096 Geminus
571 2076 604 2096 ex
627 2069 789 2098 Euctemone
807 2070 876 2098 Tau-

97 2122 182 2143 I'OIIOS
198 2123 236 2143 ιιι.

134 2160 293 2195 Delphinum
309 2159 420 2189 Ovidius
441 2162 478 2189 ait
495 2171 606 2200 vespere
621 2163 687 2191 oriri
704 2171 731 2190 IV
749 2163 811 2191 Idus
829 2163 875 2191 Ju-

97 2213 162 2234 nias
176 2215 183 2233 ς

929 1623 938 1639 ‹
961 1613 1058 1641 cordos
1078 1623 1086 1639 )
1102 1613 1204 1647 antiqui
1223 1613 1365 1640 vocabant.
1379 1611 1478 1640 Verum
1498 1613 1612 1640 alterum
1633 1619 1703 1647 prae-

926 1665 999 1688 terea
1027 1664 1133 1695 tempus
1161 1659 1254 1691 fuisse,
1276 1663 1303 1686 et
1327 1659 1436 1694 quidem
1459 1659 1650 1685 nonnullorum
1670 1666 1704 1686 ex

925 1706 1051 1741 opinione
1067 1706 1246 1737 commodius,
1260 1705 1330 1732 idem
1344 1712 1406 1732 mox
1423 1704 1528 1731 Plinius
1545 1704 1646 1731 indicat
1661 1704 1704 1732 his

924 1753 1034 1781 Verbis:
1053 1761 1062 1778 ι
1081 1752 1158 1779 Multi
1172 1752 1301 1779 hibernos
1321 1758 1404 1786 agnos
1429 1750 1575 1786 prmferunt
1590 1750 1702 1777 vernis:

924 1799 1052 1834 quoniam
1067 1799 1153 1833 magis
1168 1798 1276 1825 intersit
1290 1801 1351 1824 ante
1372 1797 1528 1826 solstitium.
1543 1802 1624 1830 quam
1641 1801 1704 1822 ante

924 1845 1058 1876 brumam,
1075 1843 1166 1871 firmos
1178 1851 1258 1871 esse:
1275 1843 1417 1877 solumque
1439 1842 1491 1868 hoc
1513 1841 1613 1868 animal
1630 1840 1704 1866 utili-

924 1893 965 1916 ter
978 1890 1074 1916 bruma
1087 1889 1172 1916 nasci.
1192 1898 1202 1914 ι
1219 1888 1349 1924 Virgilius
1372 1887 1395 1914 II
1413 1886 1506 1922 Georg.
1520 1887 1591 1914 inter
1611 1885 1704 1913 laudes

924 1935 1006 1962 Italiae
1020 1942 1078 1962 eam
1093 1938 1226 1966 recenset,
1240 1934 1314 1969 quod
1327 1933 1374 1967 ibi,

959 1992 1005 2019 Bis
1019 1991 1134 2027 gravidw
1148 1990 1267 2024 pecudes.

925 2050 982 2083 Quo
997 2049 1107 2076 Servius
1122 2047 1255 2083 pertinere
1268 2046 1334 2073 illud
1351 2045 1446 2073 Bucol.
1461 2044 1483 2072 II
1495 2048 1574 2080 putat
1590 2054 1597 2072 :

958 2106 1013 2133 Lac
1028 2105 1091 2132 mihi
1107 2112 1158 2131 non
1171 2107 1262 2131 testate
1277 2110 1382 2134 nouum,
1406 2110 1457 2129 non
1472 2101 1569 2136 frigore
1583 2100 1655 2135 deﬁt.

959 2162 1138 2195 Quamobrem
1159 2161 1273 2189 feturam
1297 2159 1377 2186 aliam
1394 2159 1534 2191 aestivam,
1553 2158 1634 2184 aliam
1661 2158 1704 2185 hi-

925 2210 1036 2237 bernam
1055 2208 1138 2236 fuisse
1152 2207 1308 2242 conjectura
1321 2209 1373 2237 est,
1394 2212 1447 2232 non
1463 2204 1490 2231 in
1506 2203 1582 2231 Italia
1597 2204 1702 2236 solum,

136 2250 235 2290 Naeita
246 2260 327 2290 puppe
340 2252 431 2290 sedens
452 2253 581 2288 Delphina
602 2254 754 2287 videbimus,
768 2255 860 2290 inquit,
894 2255 916 2282 D
929 2255 976 2282 sed
992 2254 1072 2282 etiam
1090 2254 1118 2280 in
1133 2252 1253 2284 Oriente,
1271 2256 1302 2279 ut
1323 2252 1350 2279 in
1369 2251 1447 2287 Syria
1461 2255 1488 2278 et
1500 2249 1702 2285 Mesopotamia.

171 2287 288 2314 Humida
303 2296 361 2314 cum
375 2289 450 2322 pulso
465 2287 516 2316 nos:
527 2291 576 2316 erit
588 2295 646 2317 orla
664 2290 716 2319 die.

135 2343 313 2371 Consentinnt
343 2343 448 2371 Plinius
474 2348 501 2371 et
527 2345 684 2373 Columella.
704 2345 875 2374 Laterculum

98 2397 208 2423 quoque
238 2393 361 2416 nostrum
387 2389 552 2416 adamussim
583 2391 717 2419 convenit.
741 2391 807 2418 Nam
834 2393 874 2419 lu-

99 2434 161 2461 cida
175 2434 267 2462 caudae
282 2434 404 2469 Delphini
419 2435 602 2469 acronyehum
615 2441 739 2463 exortum
756 2437 791 2465 ibi
811 2437 875 2465 facit

99 2479 265 2513 Didymonos
280 2486 334 2506 xvn
352 2479 472 2513 praecise,
484 2480 529 2513 qui
543 2484 585 2507 est
599 2488 625 2507 ιν
641 2481 703 2509 ldus
714 2481 817 2510 Junias.

135 2523 244 2560 Lyram,
266 2531 314 2552 seu
337 2524 472 2551 ﬁdiculam
503 2524 626 2552 occidere
657 2534 767 2561 vespere
795 2528 876 2555 Colu-

100 2570 182 2598 mella
200 2577 257 2597 χχιι
272 2569 406 2601 Januarii,
424 2569 538 2597 Ovidius
550 2578 616 2597 χχιιι
631 2572 815 2605 prodiderunt.
830 2573 877 2601 Est

99 2616 147 2644 hic
163 2615 282 2642 heliacus
297 2622 422 2647 occasus,
437 2623 490 2642 non
503 2616 683 2650 acronychus,
697 2621 726 2643 ut
740 2624 754 2643 ι
766 2618 876 2652 quibus-

101 2661 165 2687 dam
180 2665 299 2688 notatur.
318 2660 386 2687 Nam
406 2660 526 2689 heliacus
550 2668 664 2689 occasus
686 2661 760 2697 Lyra:
780 2664 876 2692 accidit

103 2706 248 2742 llydronos
261 2714 299 2738 vl,
314 2705 434 2733 Januarii
450 2715 534 2734 xxv".

138 2753 260 2786 Aquilam
283 2760 309 2779 IV
330 2751 390 2779 Kal.
403 2752 546 2780 Januarias
568 2752 692 2781 occidere
707 2761 816 2788 vespere
829 2762 876 2781 au-

103 2801 163 2823 ctor
186 2799 227 2823 est
251 2795 398 2823 Columella
417 2797 462 2824 lib.
490 2796 524 2823 XI
539 2817 546 2828 .
569 2805 628 2832 cap.
650 2797 681 2825 ll.
706 2797 809 2824 Plinius
827 2798 874 2825 lib.

106 2841 195 2876 XVIII,
218 2849 278 2878 cap.
304 2841 397 2875 XXVI,
422 2843 502 2871 tertio
530 2843 663 2872 Kalendas
688 2845 715 2872 in
740 2845 828 2872 Attica
849 2850 876 2874 et

107 2888 227 2917 finitimis
244 2888 320 2917 locis.
338 2887 374 2917 De
389 2895 488 2916 occasu
513 2890 615 2918 heliaco
643 2891 806 2926 laquuntur;
829 2892 875 2928 qui

927 2300 1062 2328 Geneseos
1081 2307 1142 2335 cap.
1158 2298 1242 2330 XXX,
1254 2298 1286 2325 4i
1303 2302 1329 2325 et
1343 2298 1387 2330 42,
1411 2297 1510 2332 duplex
1532 2296 1589 2323 haec
1603 2295 1706 2323 admis‘

927 2353 990 2373 sura
1007 2345 1320 2381 signiﬁcatumquarum
1341 2350 1394 2370 una
1421 2343 1594 2377 tempestiva,
1619 2341 1705 2368 altera

927 2392 1047 2420 serotina
1062 2390 1173 2418 dicitur.
1187 2389 1280 2425 Itaque
1294 2388 1377 2416 Jacob
1391 2388 1419 2415 in
1430 2388 1577 2415 maturiore
1594 2393 1621 2415 et
1638 2391 1704 2414 tem-

927 2437 1030 2473 pestiva
1047 2436 1228 2464 decorticatas
1241 2443 1275 2463 ex
1290 2438 1366 2470 parte
1384 2434 1475 2469 virgas
1487 2434 1568 2461 alveis
1581 2433 1704 2467 impone-

927 2483 982 2515 bat,
996 2486 1026 2510 nt
1041 2482 1122 2509 variae
1143 2489 1174 2508 ac
1199 2481 1342 2508 maculosae
1363 2481 1480 2515 pecudes
1504 2481 1701 2510 nascerentur,

927 2537 987 2564 quae
1000 2529 1027 2556 in
1042 2527 1194 2555 mercedem
1213 2527 1264 2555 sibi
1280 2530 1434 2560 cesserant;
1458 2525 1527 2561 quod
1547 2524 1636 2560 priore
1655 2523 1701 2550 illa

929 2575 1014 2602 fetura
1026 2574 1175 2601 valentiora
1198 2578 1224 2601 et
1243 2573 1396 2600 robustiora
1409 2579 1506 2607 pecora
1519 2570 1700 2606 gignerentur.

928 2620 956 2647 In
978 2620 1095 2647 serotina
1116 2619 1207 2654 virgas
1220 2626 1273 2646 non
1290 2618 1416 2653 ponebat,
1433 2621 1463 2644 ut
1476 2624 1509 2644 ex
1521 2623 1553 2644 ea
1571 2620 1641 2642 natae
1656 2622 1703 2650 pe-

928 2665 1021 2697 cudes,
1045 2672 1104 2700 quae
1129 2664 1319 2692 imbecilliores
1340 2667 1436 2693 erant,
1455 2660 1572 2689 Labanis
1597 2664 1700 2688 essent.

928 2711 1012 2744 Quem
1040 2711 1073 2738 ad
1102 2710 1190 2737 locum
1213 2709 1393 2744 Hieronymus
1412 2708 1441 2736 in
1467 2706 1569 2734 Tradit.
1594 2711 1620 2734 et
1646 2705 1703 2733 Διι-

928 2757 1053 2792 gustinus
1068 2756 1169 2789 Quam.
1184 2763 1235 2783 xcv
1246 2756 1274 2782 in
1288 2754 1350 2782 Gen.
1360 2754 1402 2781 bis
1415 2753 1443 2780 in
1454 2751 1656 2788 Mesopotamia,
1672 2755 1701 2778 ut

928 2807 953 2828 et
969 2802 995 2828 in
1012 2801 1096 2833 Italia,
1111 2801 1237 2836 gravidas
1256 2807 1316 2828 esse
1337 2798 1451 2833 pecudes
1473 2799 1608 2825 asserunt.
1623 2805 1632 2822 ι
1649 2795 1702 2822 Na-

927 2850 988 2873 tura
1003 2851 1091 2874 autem
1113 2846 1263 2874 Italicarum
1283 2844 1384 2876 svium,
1398 2848 1425 2871 et
1438 2841 1636 2878 Mesopotamia
1647 2849 1700 2868 una

930 2901 991 2920 esse
1021 2893 1146 2926 traditur,
1166 2902 1174 2919 ι
1194 2893 1230 2920 ait
1256 2891 1443 2927 Hieronymus.
1470 2888 1522 2918 Sed
1547 2889 1573 2917 in
1600 2887 1701 2916 consti—
