1900 3137
217 170 287 199 1575

702 171 747 198 AD
765 170 897 198 EUSEBII
915 169 1107 198 CHRONICON
1127 168 1304 197 APPENDlX‘.

1757 166 1836 198 [i376

216 227 316 255 tuenda
342 227 501 256 admissura
525 227 666 262 utriusque
699 231 860 262 tempestate
891 228 994 254 variant
1010 230 1032 258 Α
1045 234 1133 254 annus
1145 231 1187 254 est
1203 226 1271 253 dies.
1291 224 1377 259 Cujus
1396 223 1465 252 veris
1486 224 1573 251 instar
1593 227 1637 251 est
1652 229 1748 253 mane,
1762 224 1835 257 quod

217 278 351 302 auctores.
366 273 433 300 Nam
452 273 497 300 alii
514 274 701 308 tempestivam
722 281 782 301 esse
806 277 900 308 putant
921 281 991 305 eam,

216 327 277 354 quae
299 327 361 346 vere
386 319 414 345 lit
435 329 440 345 ε
461 319 625 350 serotinam,
646 320 840 347 autumnalem.
861 321 899 346 Ita
918 320 993 348 Aben

217 365 297 396 Ezra.
315 365 413 399 aliique
431 372 464 391 ex
478 364 607 396 Hebraeis,
623 373 691 399 quos
705 365 869 396 Munsterus,
884 365 993 400 Fagius,

216 409 351 437 Merccrus
376 414 536 444 sequuntur,
563 418 595 437 ex
612 411 713 438 nostris
734 410 872 438 Perrerius
893 416 920 438 et
935 411 995 438 Del-

215 455 282 481 rius.
311 454 363 480 Alii
389 459 484 482 contra
514 459 701 490 tempestivam
733 457 911 484 admissuram
949 465 995 483 au—

215 506 319 532 tumno,
334 501 482 528 serotinam
498 509 560 528 vere
577 502 676 529 factam
696 502 871 530 arbitrantur.
889 502 927 529 Ita
942 502 996 530 Va-

214 546 382 575 tablus.Nec
403 548 482 575 aliter
495 552 606 576 sanctus
633 548 812 584 Hieronymus
834 549 862 576 in
880 549 994 581 Tradit,

215 593 238 621 si
260 593 320 628 ejus
342 594 423 621 verba
442 594 584 630 diligenter
609 595 774 623 attendimus
791 605 796 622 :
815 605 824 620 ι
842 595 870 622 Si
888 596 996 630 quando

213 647 279 666 oves
293 643 320 666 et
333 647 420 675 capras
445 641 532 675 primo
548 644 670 676 tempore
692 641 920 672 ascendebantur.
933 641 996 675 quia

214 685 311 713 melior
322 693 423 714 vernus
439 690 480 713 est
497 686 579 718 fetus,
597 690 661 714 ante
678 687 751 722 ipsas
767 687 884 722 ponebat
897 688 996 722 virgas,

213 735 244 758 ut
255 731 329 758 varia
347 732 454 759 soboles
470 737 636 760 nasceretur.
656 742 665 758 ›
681 732 787 761 Vcrnus
805 733 875 760 fetus
894 737 935 760 est
951 734 998 768 qui

213 785 278 805 vere
299 770 433 805 nascitur.
452 778 531 805 Hunc
556 786 621 814 ergo
646 779 734 806 hieme
758 780 876 812 ineunte,
890 780 931 807 vel
951 788 998 806 au-

214 828 308 852 tumno
321 823 461 851 desinente
475 825 548 859 gigni
569 825 700 859 oportuit.
718 824 788 851 Oves
801 826 872 851 enim
888 829 993 853 uterum

214 867 306 895 ferunt
329 869 467 895 mensibus
487 870 615 903 quinque,
631 870 674 895 vel
691 869 787 896 diebus
805 876 857 902 CL;
879 873 909 897 ut
930 870 993 896 Ari-

1043 276 1099 299 tutn
1124 280 1170 300 aer
1195 274 1359 305 temperatus
1385 270 1439 302 sit;
1467 269 1597 297 meridies
1615 268 1726 296 aestatis
1752 270 1838 295 instar

1043 321 1103 349 est;
1127 321 1257 344 autumno
1281 315 1493 349 pomeridiauum
1521 318 1632 349 tempus
1660 313 1754 340 simile
1781 319 1837 346 est;

1043 362 1140 390 hiemis
1155 362 1240 389 instar
1256 361 1344 388 tristis
1357 364 1399 387 est
1420 367 1542 395 vespera,
1559 367 1587 387 et
1607 359 1683 397 quod
1706 359 1837 394 deinceps

1045 409 1179 443 sequitur.
1205 418 1213 434 ι

1079 453 1141 480 llaec
1155 456 1266 488 propter
1287 458 1414 479 occasum
1435 451 1544 477 Arcturi
1574 455 1602 477 et
1620 449 1732 485 Aquilae
1758 452 1835 485 paulo

1046 503 1110 526 sunt
1123 498 1261 533 disputata
1281 497 1379 524 fusius.
1394 496 1433 522 Ac
1447 495 1480 522 de
1496 495 1617 523 methodi
1633 503 1688 522 usu
1706 499 1735 522 et
1748 503 1835 522 exem-

1045 545 1098 579 plis
1114 545 1264 574 hactenus:
1287 549 1402 577 quorum
1422 541 1547 568 tractatio
1566 549 1629 568 cum
1652 541 1687 568 ad
1707 541 1834 569 imitatio—

1046 598 1108 618 nem
1130 589 1268 624 proposita
1284 588 1420 615 tironibus
1443 595 1503 614 esse
1517 587 1621 618 debuit,
1640 591 1702 614 tum
1722 594 1834 620 Sequen-

1046 637 1120 665 tibus
1133 636 1159 663 in
1177 635 1263 668 libris,
1279 642 1311 662 ac
1326 633 1557 669 disputationibus
1574 632 1654 659 utilis
1674 636 1719 659 est
1736 631 1832 660 futura.

1349 690 1461 719 CAPUT
1480 689 1524 717 1X.

1051 748 1085 775 De
1106 753 1165 775 ortu
1183 752 1207 774 et
1228 755 1321 774 occasu
1341 746 1514 781 Vergiliarum
1539 745 1716 781 explicantur
1735 753 1831 781 eaque

1083 783 1114 809 ab
1131 783 1244 817 antiquis
1259 779 1397 817 memorim:
1407 785 1466 807 sunt
1486 781 1602 813 prodita.
1627 779 1739 817 Virgilii
1754 779 1786 817 de
1804 781 1830 805 iis

1083 818 1153 844 locus
1169 815 1367 844 inextricabilis.
1377 815 1497 850 Plerique
1510 819 1629 842 auctores
1643 815 1777 847 explicati
1790 819 1829 839 ast

1084 853 1214 887 castigati.
1249 885 1251 887 ι

213 914 323 942 stoteles
346 917 440 941 auctor
459 919 501 942 est
522 915 568 941 lib.
579 914 614 941 Vl
637 915 709 942 Hist.
727 915 819 947 anim.,
839 919 866 943 et
886 915 990 943 Plinius

1077 908 1216 943 Praecipua
1237 907 1308 942 apud
1335 907 1461 942 antiquos
1485 905 1642 933 observatio
1667 904 1723 932 fuit.
1746 904 1831 939 Vergi—

212 958 274 985 loco
289 958 335 986 cit.

248 1002 284 1030 Ut
298 1003 360 1030 huic
374 1003 519 1038 posteriori
535 1003 675 1031 sententia:
689 1004 792 1032 faveam
807 1005 896 1040 potius
911 1013 1002 1041 quam.

211 1048 301 1081 alteri,
316 1047 381 1076 facit
401 1048 466 1075 illud
482 1049 631 1084 imprimis,
650 1050 721 1084 quod
738 1060 747 1076 ι
765 1051 920 1085 tetnporarii
939 1062 948 1078 ι
966 1055 993 1079 et

212 1103 225 1119 ι
247 1094 358 1121 serotini
377 1104 386 1120 ν
402 1095 532 1122 vocabula
556 1096 623 1122 alias
648 1096 674 1122 in
689 1096 775 1123 sacris
795 1097 892 1125 litteris
912 1105 992 1125 usur-

210 1143 312 1173 pentur
336 1139 369 1166 ad
395 1147 456 1167 eum
483 1140 603 1172 modum,
626 1148 708 1175 quem
735 1141 779 1168 illa
806 1141 933 1169 defendit.
959 1142 993 1169 Ut

209 1192 275 1211 cum
293 1185 379 1212 imber
394 1186 574 1220 lemporarius
587 1189 613 1213 et
629 1186 766 1214 scrotinus
783 1187 881 1214 dicitur
896 1187 993 1215 Deute-

211 1238 272 1258 ron.
290 1231 384 1263 1],“,
407 1230 489 1258 Hebr.
504 1223 601 1274 mp5;
618 1236 689 1264 ΠἻῚῚ,
704 1233 780 1265 ὑετὸς
797 1232 928 1268 πρώῖμος,
947 1233 992 1260 καὶ

210 1276 315 1311 ὕψιμος.
328 1276 412 1309 Quem
427 1277 459 1303 ad
477 1277 565 1304 locum
587 1277 620 1304 Il.
646 1277 771 1305 Selomoh
788 1283 846 1308 .‘m’
861 1280 992 1314 interpre-

207 1324 286 1347 tatur
298 1321 332 1348 de
344 1321 445 1356 pluvia,
463 1329 523 1356 quae
537 1325 597 1356 post
616 1326 764 1349 sementem
778 1323 877 1350 cadens
892 1327 991 1350 terram

205 1370 238 1394 let
254 1370 329 1394 satus
345 1366 448 1401 irrigat,
462 1358 561 1409 anpbn
573 1374 636 1394 vero
648 1367 682 1394 de
696 1374 727 1394 ea
740 1375 799 1402 qua:
812 1367 863 1395 sub
876 1375 991 1395 messem

209 1412 294 1438 venit.
321 1411 372 1439 Cui
395 1415 422 1439 et
444 1411 519 1439 Aben
536 1411 604 1439 Ezra
620 1413 765 1444 consentit,
782 1420 890 1440 necnon
908 1412 991 1440 David

206 1457 334 1484 Kimbius
364 1457 393 1484 in
413 1465 470 1491 cap.
487 1456 519 1483 11
535 1456 615 1490 Joel.,
642 1465 712 1484 com.
736 1458 780 1490 ει,
806 1458 851 1485 ubi
879 1462 992 1494 utraque

207 1502 302 1537 .pluvia
331 1506 508 1536 memoratur,
533 1510 565 1529 ac
591 1503 779 1538 tempestivam
804 1503 841 1530 ait
867 1503 990 1532 Kimbius

208 1556 304 1576 mense
318 1548 499 1576 lllarchesvvan
513 1548 636 1576 accidere
646 1569 654 1581 ,
685 1550 831 1577 serotinam
849 1551 876 1577 in
894 1549 988 1578 Nisan.

206 1594 354 1621 Chaldaeus
371 1593 469 1621 ibidem
484 1594 629 1621 serotinam
643 1594 747 1621 confert
764 1595 792 1622 in
808 1595 902 1623 Nisan.

234 1637 315 1673 Origo
323 1638 510 1673 appellationis
516 1639 658 1674 utriusque
666 1639 762 1674 duplex
768 1660 774 1671 ,
783 1643 811 1667 ut
818 1641 923 1675 opinor,
932 1640 989 1670 fuit.

208 1683 301 1710 Prima
314 1689 340 1710 et
359 1683 548 1718 antiquissima
562 1691 595 1712 ex
610 1684 668 1719 ipsa
678 1692 767 1712 rerum
788 1689 894 1717 natura,
905 1690 932 1714 et
944 1695 991 1714 ru-

210 1729 341 1757 sticorum
353 1737 466 1764 operum
487 1737 538 1757 usu
550 1733 576 1757 et
587 1730 777 1758 commoditate
785 1732 912 1759 manavit.
923 1731 990 1760 Nam

203 1782 241 1802 ea
260 1775 418 1810 tempestiva
438 1774 491 1805 dici
520 1775 625 1808 solent,
637 1783 645 1788 ’
661 1783 721 1810 quae
741 1780 856 1810 mature,
886 1781 913 1805 et
940 1778 991 1806 sub

209 1821 297 1856 ipsum
314 1821 422 1849 initium
440 1821 586 1855 accidunt;
612 1821 743 1854 serotina,
757 1829 817 1857 qum
831 1822 945 1855 tardius,
964 1827 991 1851 et

208 1867 261 1895 sub
272 1867 384 1894 exitum.
410 1867 498 1902 Opera
525 1867 614 1894 omnis
639 1867 742 1894 rustica
765 1867 800 1895 ab
821 1868 943 1896 aratione
964 1872 991 1896 et

208 1918 329 1942 semente
346 1914 453 1948 incipit,
469 1917 497 1941 et
512 1913 542 1947 in
554 1921 671 1943 messem
686 1913 798 1941 desinit.
821 1914 886 1947 Quae
908 1915 990 1950 igitur

207 1959 298 1995 pluvia
322 1959 373 1987 sub
401 1959 489 1994 ipsum
515 1959 646 1987 arationis
672 1967 703 1986 ac
729 1961 857 1988 sementis
885 1965 990 1995 tempus

207 2005 300 2037 adluit,
313 2013 344 2033 ea
360 2005 521 2040 tempestiva
535 2009 563 2044 et
580 2010 685 2032 matura
702 2005 756 2033 dici
772 2010 892 2034 meretur
909 2016 915 2034 :
930 2015 990 2042 qua:

206 2051 286 2086 paulo
302 2055 364 2078 ante
378 2058 504 2082 messem,
522 2050 597 2078 tarda
610 2055 637 2078 et
652 2051 781 2078 serotina.
800 2052 890 2079 Altera
907 2060 989 2080 causa

207 2096 240 2124 ab
258 2096 322 2124 anni
343 2097 432 2124 civilis
455 2096 568 2124 exordio
595 2098 696 2132 petitur
719 2107 726 2125 :
744 2105 823 2133 quem
848 2098 932 2126 Judaei
954 2099 989 2126 ab

208 2146 338 2169 autumno
350 2146 377 2170 et
391 2142 463 2170 Tisri
477 2143 698 2178 auspicabantur.
718 2143 811 2179 Itaque
831 2146 988 2180 tempestiva

206 2191 282 2214 recte
292 2187 470 2218 vocabantur,
481 2196 541 2223 quae
553 2188 664 2215 ineunte
675 2196 747 2215 anno
759 2197 765 2222 ;
784 2189 913 2221 serotina,
929 2197 988 2224 qua

1046 955 1155 986 liarum,
1182 962 1249 989 quas
1272 953 1358 980 Gra’ci
1389 952 1517 983 Πλεῖάδας
1543 952 1694 980 dixerunt:
1716 951 1786 978 adeo
1806 956 1830 977 ut

1046 1000 1080 1026 ab
1094 999 1148 1026 illis
1161 999 1260 1026 πλειὼν
1274 1003 1388 1026 vocatus
1401 998 1443 1024 sit.
1452 1005 1550 1028 annus.
1563 1000 1592 1024 ut
1609 996 1697 1024 refert
1720 996 1795 1023 Theo
1806 996 1828 1022 in

1046 1043 1191 1072 Comment.
1215 1043 1249 1070 ad
1268 1043 1388 1070 Aratum.
1412 1042 1573 1077 Lycophron
1598 1046 1678 1070 certe
1703 1042 1829 1072 πλειῶνςς

1043 1090 1204 1117 vocabulum
1221 1097 1270 1124 pro
1288 1096 1360 1116 anno
1375 1088 1469 1121 sumit,
1486 1088 1530 1115 his
1546 1088 1639 1116 ve:bis
1653 1097 1661 1115 :

1075 1146 1125 1178 Εἰς
1141 1144 1229 1171 πέντε
1244 1152 1302 1171 που
1321 1143 1468 1177 πλειῶνας
1482 1144 1602 1178 ἱμείρων
1615 1141 1743 1179 λέχους.

1077 1200 1195 1235 Quinque
1210 1200 1312 1226 circiter
1325 1207 1407 1226 annos
1425 1199 1484 1226 lecti
1500 1198 1619 1233 cupidus.

1042 1255 1118 1289 Quod
1140 1260 1167 1284 et
1184 1255 1334 1291 Hesychius
1351 1255 1440 1287 habet,
1463 1255 1514 1282 etsi
1538 1255 1651 1282 alteram
1679 1254 1766 1290 huius
1787 1263 1829 1290 ap-

1042 1301 1195 1335 pellationis
1207 1308 1317 1327 causam
1333 1299 1409 1327 allert
1428 1310 1434 1327 :
1453 1300 1518 1326 Ἀπὸ
1532 1299 1578 1326 τοῦ
1595 1301 1702 1331 πάντας
1716 1301 1768 1335 τῆς
1784 1300 1828 1334 γῆς

1042 1348 1103 1378 τοὺς
1121 1347 1243 1382 καρποὺς
1259 1346 1502 1381 συμπληροῦσθαιε
1522 1355 1531 1371 ‹
1546 1346 1620 1380 quod
1645 1346 1758 1373 fructus
1777 1354 1829 1373 om-

1041 1400 1089 1420 nes
1105 1395 1182 1419 tcrrae
1200 1391 1273 1426 pleni
1288 1399 1320 1419 co
1347 1395 1469 1418 vertente
1488 1391 1660 1426 proveniant.
1681 1401 1692 1417 ι
1710 1391 1756 1419 like
1777 1392 1828 1418 sine

1041 1440 1105 1463 sunt
1119 1435 1145 1462 in
1164 1437 1240 1470 tergo
1252 1435 1345 1468 Tauri,
1363 1443 1476 1462 numero
1491 1443 1548 1466 sex,
1563 1435 1609 1461 ait»
1620 1434 1766 1462 Geminus.
1782 1435 1829 1470 Hy-

1044 1483 1126 1517 ginus
1143 1491 1153 1508 ‹
1170 1482 1241 1509 inter
1256 1481 1405 1508 finitionem
1427 1489 1467 1508 con
1475 1481 1548 1516 poris
1565 1480 1648 1508 Tauri
1675 1486 1702 1508 et
1719 1481 1829 1508 caudam

1040 1528 1139 1555 Arietis
1159 1537 1168 1553 ι
1187 1527 1296 1555 easdem
1324 1528 1416 1560 locat;
1451 1526 1551 1553 Aratus
1574 1534 1661 1561 prope
1690 1527 1826 1554 sinistram

1003 1578 1023 1606 α
1040 1573 1193 1608 ἐπιγουνίδα
1213 1572 1322 1604 Persei,
1344 1579 1426 1607 quain
1445 1579 1539 1599 vocem
1560 1572 1636 1599 varie
1665 1572 1827 1607 interpretes

1042 1622 1215 1652 acceperunt.

1079 1673 1163 1706 Ἀγχι
1175 1671 1208 1697 δέ
1219 1673 1246 1698 ol
1260 1671 1370 1705 σκαιῆς
1379 1671 1565 1705 ἐπιγουνίδος·
1576 1671 1669 1706 ἤλιθα
1682 1670 1780 1698 πᾶσαι

1076 1706 1224 1740 Πληϊάδες
1244 1706 1410 1740 φορέογὲίιι.

1041 1763 1136 1792 Cicero
1153 1773 1160 1791 :

1075 1821 1109 1848 At
1124 1824 1227 1855 propter
1238 1820 1330 1849 laevum
1346 1827 1411 1854 genu
1428 1819 1498 1846 omni
1512 1826 1544 1845 ex
1562 1823 1639 1855 parte
1652 1819 1759 1846 locatas

1075 1853 1175 1882 Parva'
1189 1855 1313 1890 Vergilias
1330 1853 1399 1882 tenui
1418 1862 1475 1882 cum
1491 1854 1546 1880 luce
1566 1853 1675 1881 videbis.

1040 1901 1159 1928 Avienus
1174 1910 1180 1927 :

1076 1956 1198 1984 Pleiades
1215 1956 1320 1991 femoris
1335 1955 1433 1990 pariter
1448 1954 1495 1985 sub
1514 1954 1566 1988 ﬁne
1583 1955 1688 1981 sinistri

1075 1992 1187 2019 Perseus
1203 1991 1334 2026 protollit.

1074 2048 1244 2083 Hipparchus
1263 2047 1310 2074 lib.
1330 2046 1396 2078 ΙΕἰς
1408 2046 1442 2073 τὰ
1459 2046 1608 2081 φαινόμενα
1625 2050 1710 2081 negat
1722 2046 1822 2074 vicinas

1039 2101 1099 2121 esse
1112 2101 1182 2128 genu
1195 2093 1308 2120 sinistro
1323 2091 1423 2118 Persei.
1437 2092 1531 2126 itaque
1545 2091 1702 2125 ἐπιγουνίδα
1715 2091 1820 2126 quidam

1039 2139 1072 2167 ad
1083 2147 1148 2167 crus
1168 2139 1303 2174 integrum
1318 2138 1480 2165 retulerunt.
1501 2137 1568 2165 Vide
1584 2137 1737 2167 Theonem.
1753 2138 1819 2164 Idem

1038 2183 1208 2219 Hipparchus
1222 2185 1341 2211 Attalum
1357 2183 1542 2219 reprehendit,
1554 2184 1626 2218 quod
1639 2191 1686 2211 sex
1702 2191 1764 2211 esse
1780 2190 1819 2210 so.-

207 2230 356 2259 inclinante
371 2231 480 2259 ﬁebant.
503 2231 564 2259 Haec
580 2232 605 2259 si
619 2239 682 2260 vera
703 2236 777 2264 sunt,
796 2233 917 2268 profecto
933 2243 986 2262 non
1003 2242 1025 2270 ι)
1038 2229 1079 2256 las
1094 2229 1203 2259 dixerit.
1218 2236 1279 2256 cum
1297 2229 1351 2256 sint
1374 2235 1489 2255 numero
1503 2232 1617 2263 δεριεῐιι,
1634 2232 1664 2255 ιιι
1684 2232 1711 2255 ει
1724 2227 1820 2254 Aratus

207 2274 262 2302 alio
278 2282 359 2302 sensu
376 2278 535 2311 tempestiva
550 2282 577 2306 et
597 2278 718 2305 serotina
735 2278 824 2305 fetura
840 2279 873 2307 ab
890 2279 986 2308 iisdem

206 2320 305 2348 Iudaeis
322 2326 451 2355 usurpata
463 2323 580 2357 videtur,
598 2333 678 2361 quam
694 2333 748 2360 quo
762 2326 879 2360 pluviam
899 2326 987 2361 appet.

206 2367 289 2394 latam
318 2374 350 2394 ac
372 2367 528 2396 distinctam
555 2371 626 2399 inter
652 2379 746 2399 omnes
769 2371 904 2399 convenit.
924 2370 986 2401 Ideo

205 2413 393 2449 tempestivam
409 2414 589 2443 admissuram
604 2417 788 2445 autumnalem
803 2436 810 2449 ,
826 2417 983 2448 serotinam,

204 2469 317 2490 vernam
330 2466 377 2489 aut
393 2462 512 2490 aestivam
528 2465 639 2500 intelligi
654 2473 704 2500 par
715 2469 766 2493 est.
789 2474 793 2477 '

238 2507 313 2535 Alias
327 2512 426 2541 autem,
447 2515 478 2535 ac
493 2513 603 2543 propter
618 2510 717 2538 diversi
734 2511 842 2546 generis
857 2517 986 2546 opportue

205 2554 304 2581 nitates
321 2554 523 2589 tempestivum,
536 2554 593 2582 sive
605 2555 726 2590 πρῶῖμον
752 2556 778 2583 id
798 2556 852 2583 dici
866 2559 982 2590 poterat,

205 2599 277 2635 quod
303 2607 367 2628 vere
391 2600 510 2634 accidit;
538 2601 705 2633 serotinum,
736 2602 806 2636 quod
837 2601 984 2628 inclinante

204 2646 260 2681 jam
274 2653 356 2679 anno,
367 2647 498 2682 siquidem
514 2650 543 2674 ut
557 2647 590 2674 ad
602 2647 649 2675 lib.
665 2647 685 2674 ll
701 2647 796 2682 Odyss.
812 2648 862 2675 sub
878 2647 982 2674 initium

206 2692 331 2720 observat
344 2692 516 2722 Eustathius:
526 2693 629 2728 Μικρός
644 2702 685 2725 τις
699 2693 820 2725 ἐνιαυτὸς
833 2693 935 2728 ήμέρα·
950 2690 984 2728 ἦς

207 2734 251 2764 οἶα
273 2738 320 2773 μὲν
341 2738 419 2774 ἐαρὴ
442 2739 531 2774 πρωῖα
547 2739 592 2766 διὰ
616 2738 646 2766 τὸ
665 2738 814 2774 τηνικαῦτα
836 2738 981 2773 εὔκρατον·

208 2783 284 2818 θέρος
297 2784 326 2810 δὲ
337 2782 392 2811 οἷον
405 2785 435 2811 τὸ
450 2785 498 2820 τῆς
510 2785 617 2821 ἡμέρας
632 2785 712 2821 μέσον
721 2793 728 2800 ·
743 2783 903 2819 φθινοπώρῳ
914 2783 941 2810 δὲ
950 2783 984 2809 τὰ

208 2828 272 2864 περὶ
289 2829 375 2865 δείλην
396 2830 481 2857 ἔοικε·
505 2831 636 2866 χειμῶνος
650 2831 678 2857 δὲ
699 2831 776 2866 δίκην
797 2829 983 2864 σκυθρωπάζει

209 2875 243 2915 ’Ξά
257 2877 322 2914 πρὸς
342 2879 468 2914 ἑσπέραν,
494 2881 549 2911 καὶ,
567 2880 733 2918 ἐπέκεινα.)
752 2879 853 2913 Parvus
873 2877 981 2913 quidam

1038 2273 1149 2306 cecinit;
1175 2273 1221 2300 sed
1240 2280 1320 2300 unam
1348 2273 1459 2300 minimc
1483 2280 1622 2308 apparere.
1644 2272 1727 2298 Addit
1750 2271 1819 2298 Theo

1036 2319 1203 2354 triangulum
1215 2319 1276 2346 illas
1291 2318 1389 2350 facere,
1402 2318 1481 2353 cujus
1493 2318 1566 2346 basis
1583 2317 1615 2344 ad
1632 2322 1722 2344 ortum
1738 2320 1820 2353 respi-

1036 2365 1090 2397 cit;
1102 2373 1190 2399 neque
1209 2372 1306 2398 magno
1324 2365 1412 2398 spatio
1432 2364 1585 2392 contineri:
1604 2364 1704 2398 quippe
1721 2364 1749 2391 in
1765 2365 1819 2391 lon-
1841 2384 1846 2391 .

1035 2409 1183 2444 gitudinem
1199 2416 1281 2441 unum
1298 2408 1423 2442 gradum,
1440 2409 1466 2435 in
1481 2408 1650 2436 latitudinem
1662 2409 1762 2443 ἥμισυ,
1776 2410 1817 2435 καὶ

1034 2455 1136 2489 ὄγδοον,
1148 2461 1290 2488 occupare,
1302 2453 1352 2480 hoc
1365 2457 1406 2480 est
1422 2454 1604 2488 sexagesimas
1625 2453 1666 2479 57'
1685 2453 1748 2488 1/2.
1762 2453 1811 2481 lla.-

1035 2509 1095 2528 rum
1112 2500 1211 2533 media,
1233 2507 1292 2535 quae
1307 2503 1333 2526 et
1354 2499 1444 2529 lucida
1468 2498 1609 2526 Pleiadum
1631 2498 1744 2529 dicitur,
1762 2507 1815 2525 ma-

1034 2546 1183 2583 gnitudinis
1201 2550 1242 2573 est
1257 2545 1358 2579 tertim;
1374 2549 1477 2573 caetera:
1492 2545 1606 2579 quintae,
1628 2547 1656 2571 ct
1671 2550 1765 2572 sexta.
1780 2543 1812 2570 lta

1035 2601 1095 2621 cum
1115 2593 1219 2628 exiguae
1233 2593 1297 2624 sint,
1313 2598 1471 2626 magnarum
1495 2595 1585 2617 tamen
1607 2597 1701 2617 rerum
1717 2590 1812 2625 signiti-

1034 2639 1158 2670 cationes
1172 2638 1273 2665 habere
1287 2637 1479 2665 credebantur.
1492 2636 1604 2664 Cicero:

1034 2693 1085 2721 Hie
1104 2698 1190 2721 tenues
1204 2700 1282 2727 parvo
1300 2692 1416 2719 labentes
1433 2692 1528 2718 lumine
1544 2691 1641 2719 lacent.

1034 2729 1069 2757 At
1087 2737 1209 2764 magnum
1219 2736 1310 2755 nomen
1324 2728 1392 2763 signi
1407 2728 1558 2761 clarumque
1572 2730 1694 2753 uocatur.

1068 2784 1135 2811 Nam
1149 2787 1176 2812 et
1192 2784 1306 2816 aestatis,
1324 2787 1405 2818 atque
1419 2782 1517 2809 hiemis
1533 2781 1620 2812 initia,
1634 2784 1662 2808 et
1675 2781 1807 2810 messium.

1034 2835 1115 2865 atque
1128 2830 1281 2857 arationum
1295 2833 1415 2863 tempora
1432 2827 1651 2862 distinguebant:
1667 2826 1709 2854 sic
1721 2830 1749 2861 ut
1762 2825 1810 2853 nuL

1035 2877 1088 2905 lius
1108 2876 1206 2907 sideris
1224 2875 1323 2904 clarior
1337 2875 1407 2910 apud
1425 2878 1560 2906 auctores,
1579 2878 1626 2901 aut
1646 2871 1808 2908 frequentior
