1900 3137
42 178 140 206 I377

457 170 682 200 DlSSEBTATlO
701 169 745 196 DE
766 167 858 196 οιιΤι]
881 167 923 194 ΕΤ
939 165 1072 194 OCCASU
1093 163 1254 191 SIDERUM.

1611 158 1679 185 1578

41 239 158 263 exstet
175 233 314 262 memoria.
331 232 385 260 Nos
409 232 441 259 ad
464 238 510 259 eos
531 228 708 257 illustrandos
721 228 772 255 hoc
789 227 849 254 loco
864 229 886 256 Α
900 226 980 252 telcm
998 223 1121 258 sequitur
1138 222 1186 249 lib.
1202 220 1237 248 1X
1256 219 1407 253 Hist.,cap.
1422 216 1478 249 XL,
1490 217 1534 251 qui
1550 219 1575 242 et
1587 215 1634 242 lib.
1646 213 1678 246 ν,

43 281 119 323 {luo
142 280 263 316 quazdam
287 278 481 314 explicabimus
504 287 510 304 :
536 277 650 303 alterum
677 275 710 302 de
728 278 850 308 tempore

44 318 146 355 ortus
162 326 280 357 illarum,
302 330 328 352 et
343 331 457 351 occasus
476 343 482 355 ,
499 323 613 349 alterum
629 321 662 348 de
681 319 744 346 anni
765 318 849 353 parti-

43 374 154 406 tione,
163 379 243 407 quam
254 371 348 398 iisdem
361 373 465 397 veteres
477 368 627 402 assignant.
640 365 763 392 Totidem
778 364 851 391 enim

46 418 160 452 capita
180 419 243 444 sunt
262 415 289 442 in
305 413 421 440 Pliniani
437 411 626 440 exercitatoris
642 408 782 437 incondita
801 407 852 434 far-

47 463 175 498 ragine,
191 462 219 488 in
231 468 311 496 quam
324 459 404 495 paulo
418 462 479 493 post
496 457 675 492 inquiremus.

96 508 144 536 De
165 511 225 534 ortu
246 513 399 540 occasuque
413 503 550 532 Pleiadum
569 502 626 528 triti
649 505 722 533 sunt,
738 507 787 527 nec
810 502 851 525 ta-

50 562 133 582 men
150 546 369 589 praetermitteridi
385 557 479 578 versus
492 547 600 576 Hesiodi
611 547 631 574 ll
650 542 735 580 "Eprﬁ

56 609 235 644 Πληϊάδωιν
257 607 450 644 Ἀτλιιγετζέῳν
461 602 715 644 ἑπιῖβαμομενάωῂ

58 636 213 679 aitait-:00
230 636 355 677 ἀμητοῦ”·
373 642 487 679 ἁρότριρ
501 640 534 666 δὲ
548 636 773 679 δυὰσομενᾴων.

62 671 163 712 Ᾰγῖνέή
177 687 221 706 τοι.
235 671 345 712 iditth
358 671 450 703 τέκαὶ
467 675 564 710 ἤματα
577 671 801 712 ζεσοίαράκοντςι

57 705 273 748 ἱξὲκρὖφαταμ
288 705 372 748 adem
388 711 421 737 δὲ
433 705 648 748 περἱλοιιένου
663 705 800 748 ἐνίαγτοῦ

58 740 241 781 δᾶέῖὸῖθται,
255 740 390 781 ταπρῶὲα
406 740 642 780 χαρὰσσομένοιο
663 740 799 775 σιδήρου.

64 804 235 833 Pleiadibus
251 803 356 830 Atlante
369 802 438 829 natis
454 800 595 828 orientibus

66 841 170 874 Incipe
182 846 304 870 messem;
322 837 465 874 arationem
481 841 539 863 vero
552 834 737 874 orcidentibus.

66 870 146 908 Qua}
162 874 265 909 quidem
287 878 373 900 noctes
387 877 411 899 et
425 872 479 898 dies
494 870 670 911 quadraginta

68 897 253 937 Bccullantur
264 917 272 934 ἰ
285 915 389 934 rursum
404 897 693 933 verorcircumvolvente
707 910 733 930 se
753 910 820 929 anno
870 897 893 926 Β

71 946 227 980 Apparent,
239 943 352 978 primum
371 946 400 968 ut
420 941 524 968 acuitur
539 940 647 974 ferrum.

110 1001 165 1028 Hic
179 999 339 1028 matutinum
358 1001 448 1025 ortum
473 996 643 1031 φαινόμενον,
669 995 725 1022 sive
746 992 857 1028 ἡλιακὸν

70 1046 240 1083 significari,
253 1053 285 1073 ac
298 1044 371 1071 δύσιν
388 1041 468 1078 ἑῴαν,
485 1043 541 1070 sive
556 1048 682 1068 occasum
699 1040 857 1071 cosmicum,

72 1082 115 1121 ne
132 1092 211 1128 pueri
232 1091 339 1126 quidem
357 1082 490 1117 nesciunt.
520 1086 629 1115 Hesiodi
651 1086 749 1114 saeculo
781 1089 858 1113 ortus

70 1140 125 1166 ille
139 1137 313 1173 contingebat
327 1137 354 1162 in
369 1135 467 1162 Tauro.
483 1133 572 1161 Stella
586 1136 650 1160 sunt
663 1132 785 1167 Vergiliae
799 1131 859 1166 plu-

72 1193 145 1213 res:
167 1191 221 1211 una
235 1186 277 1211 est
293 1190 325 1210 ex
346 1182 379 1209 iis
399 1180 514 1208 lucidior
531 1179 647 1212 caeteris,
666 1177 860 1214 magnitudinis

74 1230 180 1258 tertiae.
205 1229 243 1256 Ea
268 1233 386 1262 tempore
413 1225 523 1253 Hesiodi
543 1224 683 1252 occidebat
706 1224 809 1250 heliace
833 1222 862 1249 in

76 1277 168 1312 gradu
183 1275 282 1302 Arietis
299 1274 324 1305 ι,
339 1273 362 1300 8’
372 1282 379 1306 ;
391 1273 528 1300 oriebatur
540 1272 567 1298 in
580 1270 663 1298 Tauri
674 1270 757 1306 gradu
769 1269 811 1301 H,
823 1267 861 1296 κί’.

76 1323 117 1349 At
137 1321 224 1357 prima
242 1321 319 1349 stella
333 1326 430 1347 versus
441 1317 609 1346 occidentem
629 1323 755 1344 occasum
776 1315 862 1343 helia-

77 1375 147 1395 cum
164 1365 279 1393 faciebat
295 1365 323 1391 in
342 1365 427 1399 gradu
448 1362 558 1394 Arietis,
576 1361 604 1395 0,
624 1361 676 1388 δι’.
690 1360 863 1387 Intervallum

78 1410 156 1441 inter
176 1419 304 1439 occasum
324 1411 418 1445 prima:
441 1409 591 1440 Pleiadum,
617 1411 643 1435 et
659 1411 749 1434 ortum
768 1405 864 1434 lucidas

80 1459 188 1495 gradus
202 1457 246 1484 40.
263 1456 358 1484 Merito
373 1456 463 1490 itaque
482 1455 579 1482 diebus
600 1453 731 1481 abscondi
746 1453 865 1488 quadra-

81 1506 162 1540 ginta
181 1502 313 1538 Vergilias
326 1502 398 1529 canit
413 1500 555 1529 Hesiodus.
569 1499 615 1527 Sol
629 1499 655 1526 in
670 1498 786 1525 Arietem
800 1504 865 1525 vero

83 1554 165 1578 motu
181 1549 288 1578 subibat
301 1547 410 1576 Hesiodi
429 1551 550 1581 tempore
570 1545 658 1572 Martii
671 1551 745 1572 xxxi.
761 1543 864 1578 Quippe

82 1604 161 1624 anno
183 1595 244 1622 Per.
264 1593 319 1621 Jul.
342 1593 411 1621 57M
433 1599 514 1620 verus
533 1591 609 1618 locus
630 1589 702 1617 Solis
717 1589 744 1616 in
766 1588 865 1616 Arietis

85 1642 168 1670 initio
188 1641 237 1668 fuit
252 1640 364 1668 Athenis
383 1638 472 1666 Martii
492 1645 568 1670 χχιιι,
590 1636 657 1663 hora
672 1639 733 1670 post
751 1634 867 1662 mediam

86 1692 199 1716 noctem
215 1687 241 1718 ‘l,
261 1686 313 1714 24'.
327 1685 420 1720 Itaque
433 1684 554 1711 Taurum
575 1681 775 1718 ingrediebatur
788 1680 868 1715 Apri-

88 1735 125 1761 lis
143 1741 206 1760 κει.
219 1731 281 1758 Maii
301 1730 414 1766 proinde
427 1737 455 1756 x1
472 1729 516 1756 die
536 1726 627 1755 lucida
643 1725 783 1753 Pleiadum
798 1724 869 1751 orie—

89 1779 183 1806 batur.
197 1777 298 1804 Ultima
313 1783 377 1803 vero
387 1774 526 1801 Pleiadum
543 1773 576 1800 ad
593 1772 725 1800 orientem
738 1768 801 1798 Maii
814 1778 868 1802 xvi,

89 1832 147 1861 quo
158 1828 278 1859 tempore
294 1822 390 1851 messis
408 1821 555 1856 incipiebat
570 1820 598 1847 in
615 1819 730 1847 Graecia.

129 1870 248 1898 Occasus
261 1868 416 1897 earumdem
429 1866 576 1894 matutinus
593 1865 621 1892 in
632 1865 718 1892 Libra.
736 1863 769 1891 l9
787 1862 870 1899 gradu

92 1917 184 1948 fiebat,
209 1915 256 1943 sed
278 1913 412 1950 ἀληθινὸς,
433 1919 484 1939 nec
507 1910 689 1947 aspectabilis.
710 1909 772 1937 Ideo
799 1909 873 1935 circa

92 1959 203 1990 initium
218 1961 322 1996 Scorpii
338 1958 528 1989 ὲπικατάδυσις
543 1956 689 1992 φαινομένη
703 1954 811 1987 accidit,
829 1954 872 1981 in-

95 2011 177 2036 eunte
190 2005 343 2033 Novembri.
359 2003 426 2031 Nam
445 2001 638 2038 aequinoctium
657 2000 811 2028 autumnale
827 2006 874 2034 per

96 2053 169 2080 idem
186 2056 290 2086 tempus
310 2049 403 2077 incidit
417 2049 445 2076 in
457 2047 584 2076 Octobris
599 2046 716 2074 initium.
738 2045 808 2072 Tum
825 2045 875 2079 igi-

97 2104 145 2126 tur
168 2098 307 2129 arationis,
330 2104 362 2124 ac
383 2095 496 2123 sationis
525 2098 630 2129 tempus
655 2092 777 2129 appetit,
803 2091 875 2127 quod

100 2143 228 2180 Virgilius
243 2144 285 2171 his
298 2142 421 2170 versibus
442 2140 577 2176 expressit
590 2149 597 2166 :

100 2201 167 2228 Ante
181 2200 227 2226 tibi
244 2199 305 2227 Eme
320 2197 466 2226 Atlantides
481 2197 685 2227 abscondantur,

101 2235 249 2269 Gnosiaque
263 2234 378 2261 ardentis
394 2232 499 2260 decedat
513 2231 590 2258 stella
604 2230 722 2269 Coronae,

103 2269 197 2297 Debita
207 2266 283 2304 quam
294 2269 372 2296 sulcis
386 2268 532 2296 committas
548 2266 656 2299 semina,
668 2269 720 2293 etc.

141 2336 235 2369 Eoum,
251 2336 278 2363 id
293 2341 334 2364 est
350 2337 510 2363 matutinum
525 2341 651 2362 oceasum
663 2332 796 2367 intelligit,
811 2339 875 2363 non,

105 2386 136 2409 ut
154 2381 263 2409 Servius
277 2384 363 2416 putat,
382 2381 524 2411 helia‘cum,
544 2379 589 2414 qui
604 2382 630 2405 et
646 2378 769 2412 imperite
785 2376 879 2411 Vergi-

106 2428 157 2455 lias
171 2427 207 2454 ait
228 2435 237 2452 ι
253 2426 397 2454 Novembri
414 2433 507 2453 mense
523 2425 644 2460 incipere
665 2431 719 2450 non
742 2422 846 2450 videri:
866 2431 875 2447 ι

106 2473 183 2508 quasi
200 2473 227 2499 in
239 2472 350 2507 Scorpio
366 2471 423 2498 siue
437 2471 520 2498 radiis
538 2471 603 2497 solis
619 2469 809 2497 obscurentur.

145 2518 180 2545 De
200 2517 293 2545 eodem
309 2521 370 2544 ortu
390 2522 416 2543 et
437 2523 536 2543 occasu
556 2514 686 2549 Virgilius
707 2520 814 2548 quoque
830 2512 877 2539 lib.

110 2563 143 2591 ιγ
158 2563 248 2598 Georg.
260 2562 391 2594 meminit,
402 2562 447 2589 ubi
464 2561 498 2588 de
510 2560 612 2596 duplici
628 2560 716 2587 mellis
728 2558 878 2585 vindemia:

112 2620 157 2647 Bis
171 2619 289 2654 gravidos
305 2623 398 2652 cogunt
415 2617 502 2654 fetus:
522 2616 573 2654 duo
589 2620 705 2654 tempora
720 2614 828 2640 messis:

114 2650 224 2689 Taygete
238 2654 316 2689 simul
330 2650 449 2689 os_terris
464 2650 577 2689 ostendit
592 2650 727 2689 honestum

115 2684 213 2719 Pleias,
230 2693 253 2714 et
273 2687 369 2715 Oceani
381 2691 478 2719 spretos
493 2684 555 2718 pede
570 2684 680 2718 reppulit
695 2691 793 2719 amnes.

117 2725 166 2751 Aut
182 2718 270 2750 eadem
286 2721 358 2748 sidus
372 2718 471 2755 tugiens
487 2719 530 2745 ubi
548 2719 631 2755 Piscis
643 2718 733 2755 aquosi

118 2758 227 2786 Tristior
239 2756 358 2783 hibernas
372 2752 436 2782 stilo
449 2753 580 2781 descendit
597 2754 623 2779 in
638 2752 732 2779 undas.

149 2803 198 2830 llic
213 2802 266 2829 duo
281 2806 400 2836 tempora
417 2800 503 2827 mellis
522 2798 639 2826 metendi
657 2796 804 2824 describit:
820 2795 886 2822 alte-

121 2857 175 2878 rum
192 2853 253 2884 post
265 2852 352 2875 ortum
367 2845 514 2876 Pleiadum,
525 2851 608 2871 verno
623 2848 757 2877 tempore;
772 2841 885 2868 alterum

122 2900 255 2928 autumno,
270 2897 329 2929 post
341 2899 466 2920 occasum
481 2889 640 2918 matutinum
653 2897 659 2914 :
676 2888 702 2915 in
715 2893 769 2923 quo
781 2886 885 2914 Aristo—

901 278 962 305 cap.
982 268 1052 296 XXll
1075 267 1126 294 mel
1148 269 1230 300 negat
1251 264 1308 291 ﬁeri
1327 267 1387 289 ante
1402 261 1582 296 Vergiliarum
1602 267 1681 286 exor-

901 304 969 343 tum.
995 314 1047 341 Sed
1071 321 1120 339 cur
1142 311 1275 338 Pleiadem
1297 307 1444 336 occidendo
1466 307 1569 333 Pisccm
1587 305 1624 332 ait
1640 304 1682 331 fu-

900 359 981 394 gere?
1003 357 1125 390 Servius,
1149 364 1181 383 ac
1200 355 1310 389 reliqui,
1331 360 1401 388 quos
1418 351 1485 382 vidi.
1507 352 1681 384 interpretes,

902 405 1047 432 australem
1062 403 1166 430 Piscem
1183 402 1345 435 intelligunt,
1362 399 1439 433 cujus
1455 398 1482 424 in
1497 404 1528 424 os
1546 396 1684 430 Aquarius

902 457 998 484 aquam
1020 448 1152 480 infundit;
1170 447 1241 474 unde
1255 450 1280 473 et
1303 451 1422 478 aquosus
1438 442 1548 469 dicitur.
1565 441 1615 467 Hic
1636 449 1685 467 au-

903 500 958 523 tem
974 503 1005 522 eo
1021 500 1141 529 tempore
1155 494 1251 524 oritur,
1269 498 1322 526 quo
1338 489 1460 516 Pleiades
1478 487 1617 515 occidunt.
1637 487 1685 513 At-

906 540 955 576 qui
972 540 1072 567 l'alsum
1090 539 1163 566 istud
1185 542 1236 566 est.
1252 537 1318 563 Nam
1335 543 1389 570 quo
1402 537 1539 562 memento
1551 533 1637 560 Pleias
1657 533 1686 560 in

901 594 1002 614 occasu
1016 585 1148 612 matutino
1164 585 1215 611 sita
1229 587 1270 610 est
1285 583 1312 609 in
1328 581 1478 608 elevatione
1491 579 1558 614 poli,
1570 578 1621 606 sub
1632 586 1686 613 qua

902 638 980 668 poeta
1006 631 1132 671 scripsit,
1156 637 1187 657 os
1211 629 1298 656 Piscis
1313 626 1440 654 australis
1461 632 1555 660 parum
1576 624 1653 651 abest
1670 630 1685 649 a

902 665 1201 706 meridiano'inferiori;
1215 682 1300 709 cuque
1315 674 1368 701 situ
1381 673 1504 708 proxime
1515 670 1686 706 perfunctum
1707 665 1711 669 ”

903 728 954 754 est,
981 730 1060 757 quem
1085 721 1246 747 Ptolemaeus
1269 718 1386 753 appellat
1411 717 1476 751 ἑῷον
1497 712 1687 749 προμεσουρά-

903 776 986 803 νημα.
1002 766 1097 794 (ὶιίιῑθιί
1115 772 1222 800 quoque
1240 764 1329 799 pisces
1351 766 1413 789 ante
1429 760 1561 795 Vergilias
1584 762 1684 787 ortum.

903 819 930 841 et
941 821 1068 841 occasum
1084 812 1197 839 faciunt.
1209 810 1270 837 ldco
1286 807 1460 845 quzerendum
1471 811 1522 838 est,
1534 812 1589 840 quo
1602 810 1685 830 sensu

904 859 994 887 Pleias
1009 858 1109 894 piscem
1126 857 1231 892 fugiens
1246 854 1371 882 occidere
1392 853 1499 880 dicatur
1519 858 1535 877 a
1553 848 1684 883 .Virgilio;

906 905 978 941 quod
1001 903 1054 932 nisi
1077 903 1110 931 de
1132 903 1252 930 instante
1276 901 1365 928 sidere
1385 898 1475 932 aliquo
1489 895 1615 930 usurpari
1632 900 1687 920 non

908 939 986 979 solet.
1005 949 1050 977 Sic
1067 948 1139 975 enim
1153 952 1226 975 recte
1240 946 1356 980 Quintus
1377 944 1491 971 Calaber
1508 941 1557 968 llb.
1578 939 1597 966 V
1617 939 1688 966 banc

907 996 1029 1024 eamdem
1058 993 1196 1021 Pleiadem
1229 991 1356 1019 Orionem
1387 989 1534 1024 fugientem
1562 985 1687 1014 occidere

909 1041 1003 1069 scribit
1021 1049 1028 1067 :

910 1131 918 1138 .
932 1111 960 1138 .'.
976 1131 981 1137 .
994 1129 1002 1135 .
1016 1130 1022 1137 .
1038 1110 1055 1136 ὁ
1066 1108 1092 1135 δ’
1103 1107 1147 1141 ἄρ’
1164 1106 1211 1140 ἤτε
1227 1105 1351 1132 λαίλαπι
1366 1101 1432 1141 ἵιγος

1093 1134 1259 1180 σὲιιγὲρῇσι
1271 1138 1419 1172 καταιτισι
1432 1134 1588 1180 ,βεϐρείξυιῃ
1599 1142 1606 1148 ·

992 1170 1077 1213 φέρεῖ
1088 1170 1315 1213 νᾳύιέιῃῦνῖτέρᾳς
1331 1170 1590 1213 φςρυεροῒο-ριξόῖοιὶο,

911 1204 1099 1248 ἦλῆῖᾶξέὗτ³
1112 1204 1279 1248 ᾀκάξὰαντός
1291 1204 1322 1240 ἐξ·
1342 1204 1486 1248 illustraret}
1498 1204 1606 1248 ῥέεθρα

911 1239 1249 1276 Κῦλέὃίνῦπὸπτώσσῖῖυσα
1262 1239 1441 1276 ἑιερικλυτὸν
1456 1239 1585 1273 Ὠρίωνα.

946 1304 1013 1332 Nam
1027 1303 1151 1331 Pleiades
1167 1308 1266 1329 occasu
1285 1298 1418 1326 matutino
1434 1297 1560 1322 Orionem
1582 1298 1691 1321 antece—

913 1351 990 1379 dunt.
1005 1350 1038 1377 At
1063 1348 1096 1376 de
1119 1347 1250 1383 piscibus.
1276 1344 1426 1380 praesertim
1448 1342 1482 1369 de
1504 1339 1627 1372 australi,
1645 1338 1691 1374 qui

913 1398 1020 1425 dicatur
1034 1393 1160 1430 equidem
1175 1400 1229 1420 non
1245 1391 1333 1419 video.

947 1428 1125 1477 Vergiliarum
1137 1441 1226 1465 ortum
1242 1431 1507 1467 Varro,Columclla,
1519 1429 1622 1456 Plinius
1635 1428 1694 1455 alii-

914 1498 968 1527 que
979 1488 1115 1520 scribuut,
1130 1489 1192 1520 post
1206 1483 1265 1510 dies
1281 1489 1354 1513 xttv,
1374 1479 1417 1507 vel
1431 1485 1514 1505 xum
1527 1476 1560 1503 ab
1574 1474 1694 1509 arquino-

915 1519 970 1564 dtio
981 1541 1063 1562 verno
1077 1519 1242 1565 contingere.
1259 1527 1345 1554 Varro
1359 1526 1426 1553 libro
1442 1524 1461 1556 Ι,
1478 1523 1564 1561 capite
1574 1519 1692 1550 ΧῚἫΊΙ,

878 1570 899 1599 c
915 1582 974 1610 dies
986 1587 1047 1608 xm
1061 1575 1196 1614 pmiinit;
1211 1574 1299 1602 caeteri
1317 1577 1377 1599 octo
1393 1574 1420 1597 et
1433 1567 1629 1605 quadraginta;
1643 1565 1696 1592 Co-

917 1627 1027 1655 lumella
1041 1610 1111 1651 libro
1126 1621 1171 1653 1X,
1194 1620 1281 1655 capite
1300 1615 1359 1644 XIV
1383 1616 1438 1651 (qui
1462 1619 1551 1642 tamen
1566 1613 1634 1640 libro
1648 1610 1694 1642 XI,

917 1672 1004 1707 capite
1016 1669 1047 1703 ll,
1064 1668 1148 1696 Nonis
1161 1665 1234 1697 Maii,
1250 1664 1277 1691 id
1294 1667 1335 1690 est
1349 1669 1410 1688 κων
1426 1660 1469 1687 die
1490 1660 1524 1687 ab
1535 1657 1696 1693 acquinoctio

918 1703 1024 1746 easdem
1053 1713 1117 1742 oriri
1145 1710 1279 1746 scripsit);
1305 1708 1408 1735 Plinius
1432 1706 1478 1732 lib.
1507 1703 1606 1735 XVIII,
1634 1710 1694 1736 cap.

918 1759 1001 1787 XXV.
1018 1757 1075 1786 Hoc
1093 1758 1151 1785 sive
1172 1756 1206 1784 de
1220 1755 1284 1789 ,sola
1304 1751 1444 1780 Pleiadum
1466 1747 1695 1785 splendidissima,

919 1805 1090 1837 maximaque
1105 1802 1228 1836 capiatur
1242 1821 1250 1833 ,
1273 1799 1329 1826 sive
1348 1797 1382 1824 de
1402 1800 1459 1823 toto
1481 1793 1639 1825 asterismo;
1652 1799 1698 1819 ve-

920 1857 980 1877 rum
993 1856 1046 1875 non
1061 1851 1112 1875 est.
1129 1846 1194 1873 Nam
1207 1846 1279 1872 illius
1294 1847 1371 1871 ortus
1384 1841 1505 1869 heliacus
1520 1838 1611 1865 Romae
1625 1837 1698 1864 acci-

922 1895 1001 1922 debat
1017 1893 1044 1920 in
1059 1892 1153 1919 ultima
1167 1894 1243 1925 parte
1256 1888 1348 1920 Tauri,
1365 1886 1542 1920 sexagesimo,
1557 1887 1583 1911 et
1596 1890 1629 1910 eo
1644 1889 1699 1908 am-

921 1940 992 1975 plius
1007 1938 1048 1965 die
1069 1938 1102 1964 ab
1114 1937 1237 1971 ingressu
1254 1943 1280 1962 in
1295 1934 1431 1961 Arietem:
1447 1932 1498 1958 hoc
1520 1934 1562 1957 est
1576 1929 1619 1956 die
1635 1927 1699 1954 Maii

923 1972 968 2012 xx.
984 1983 1032 2011 Sin
1044 1983 1077 2011 de
1088 1986 1144 2009 toto
1163 1981 1305 2009 asterismo
1319 1979 1346 2006 id
1358 1976 1559 2012 intelligendum
1574 1977 1626 2006 est,
1637 1972 1700 1999 Ver-

923 2030 1047 2065 giliarum
1073 2027 1119 2054 illa
1146 2026 1234 2057 stella,
1258 2032 1319 2060 quzc
1343 2031 1376 2051 ex
1405 2021 1584 2049 lucidioribus
1613 2018 1699 2045 tribus

925 2076 1040 2102 maxime
1056 2073 1089 2100 ad
1106 2073 1237 2099 orientem
1255 2070 1380 2106 pertinet,
1398 2075 1469 2094 anno
1489 2066 1578 2101 primo
1594 2063 1700 2091 Juliano

925 2121 1062 2149 oriebatur
1075 2119 1177 2146 heliaee
1191 2118 1219 2144 in
1242 2116 1326 2151 gradu
1350 2114 1523 2141 Geminorum
1539 2111 1566 2142 5,
1590 2111 1639 2137 hoc
1659 2112 1702 2137 est

926 2167 1021 2194 diebus
1038 2165 1072 2192 ab
1088 2163 1251 2199 mquinoctio
1273 2161 1387 2195 amplius
1412 2158 1550 2192 sexaginta
1570 2156 1700 2190 quinque.

928 2211 984 2238 Hoc
997 2218 1061 2238 vero
1073 2209 1185 2237 Metonis
1203 2206 1301 2235 saeculo
1314 2206 1341 2232 in
1357 2213 1389 2232 ea
1407 2203 1538 2239 positione
1553 2201 1626 2233 coeli,
1642 2207 1702 2235 quae

926 2260 968 2284 est
981 2255 1104 2285 Athenis.
1131 2253 1252 2287 contigit.
1278 2251 1345 2278 Nam
1371 2248 1473 2285 periodi
1494 2247 1606 2274 Iuliana:
1631 2253 1702 2273 anno

927 2301 1005 2333 4283,
1018 2300 1064 2335 qui
1076 2300 1214 2334 proximus
1225 2302 1266 2325 est
1277 2297 1310 2324 ab
1324 2304 1357 2323 eo
1384 2303 1438 2330 quo
1451 2294 1539 2321 Meton
1557 2292 1703 2320 solstitium

927 2346 1098 2377 observabat,
1111 2348 1186 2371 ortus
1197 2343 1317 2371 heliacus
1338 2341 1434 2369 lucida:
1448 2339 1586 2367 Pleiadum
1609 2337 1704 2365 incidit

928 2393 956 2420 in
972 2391 1054 2418 Tauri
1069 2390 1179 2425 gradum
1193 2389 1237 2421 18,
1248 2388 1301 2420 46’,
1318 2388 1364 2422 qui
1378 2387 1405 2414 in
1418 2386 1478 2412 Maii
1494 2393 1529 2412 xv
1541 2385 1611 2412 diem
1624 2382 1705 2410 circi-

929 2441 971 2465 ter
994 2436 1092 2464 sicculo
1115 2436 1160 2462 ilio
1186 2434 1359 2470 congruebat.
1376 2431 1578 2467 IEquinoctium
1592 2434 1705 2456 vernum

929 2482 1102 2510 commissum
1123 2484 1164 2507 est
1178 2487 1249 2506 anno
1269 2486 1349 2513 quem
1370 2477 1500 2508 diximus,
1515 2474 1604 2501 Martii
1618 2479 1703 2504 xxvii,

930 2527 995 2554 hora
1016 2525 1043 2557 0,
1064 2525 1105 2552 28'
1128 2524 1250 2551 Athenis.
1276 2523 1414 2557 Ingressus
1435 2521 1462 2547 in
1487 2519 1608 2545 Taurum
1638 2523 1704 2543 vero

930 2575 1005 2599 motu
1024 2570 1150 2598 convenit
1173 2568 1272 2603 Aprilis
1285 2575 1359 2598 χιι-ι,
1372 2567 1440 2593 hora
1456 2565 1498 2596 18,
1512 2562 1563 2590 56’.
1587 2562 1625 2588 Ita
1644 2568 1705 2595 gra-

932 2617 996 2644 dum
1010 2615 1091 2643 Tauri
1109 2615 1150 2647 i8,
1167 2614 1208 2641 48’
1226 2613 1311 2640 tenuit
1323 2612 1363 2640 sol
1375 2619 1406 2637 ea
1422 2613 1500 2637 nocte
1512 2608 1631 2638 circiter,
1646 2613 1706 2640 quae

934 2663 1004 2690 inter
1017 2669 1061 2688 xiv
1076 2665 1103 2688 ct
1119 2669 1152 2687 xv
1167 2659 1227 2686 Maii
1250 2657 1412 2688 intercessit,
1434 2655 1485 2682 hoc
1499 2657 1542 2681 est
1565 2653 1608 2680 die
1622 2659 1705 2679 XLVIII

933 2712 994 2742 post
1009 2706 1210 2741 aequinoctium.

968 2751 1009 2778 Ad
1032 2751 1083 2778 hoc
1103 2755 1207 2785 tempus
1227 2747 1397 2776 intervallum
1419 2745 1472 2772 hoc
1495 2744 1599 2771 dierum
1624 2748 1707 2768 vanl

935 2797 1126 2831 aequinoctium
1159 2796 1228 2823 inter
1252 2798 1279 2822 et
1298 2798 1385 2821 ortum
1407 2790 1569 2818 matutinum
1590 2787 1708 2814 Plciadis

936 2841 1030 2868 referri
1044 2842 1139 2868 debet:
1156 2849 1207 2868 non
1220 2840 1253 2867 ad
1270 2839 1405 2866 Iulianum
1420 2837 1558 2866 saeculum,
1576 2841 1662 2869 neque
1675 2832 1707 2859 ad

938 2885 1136 2921 Silumﬁouuc,
1151 2885 1196 2913 sed
1208 2883 1325 2912 Grmcizc.
1340 2882 1405 2909 Cum
1418 2884 1506 2910 autem
1523 2877 1708 2907 celeberrima,
