1900 3137
217 165 230 193 Ι
236 164 287 192 579

714 161 758 188 AD
778 160 910 189 EUSEBII
929 159 1123 188 CHRONICON
1143 159 1322 188 APPENDIX.

1774 143 1871 187 1530‘

216 229 243 252 et
257 223 356 257 ubique
366 226 512 258 propagata
525 221 642 250 Metonis
657 222 894 250 enneadecaeteris
908 225 991 253 esset,
1007 222 1031 251 A
1045 220 1128 248 Tauri
1150 225 1227 249 sexta
1246 225 1323 256 parte
1346 220 1471 248 oriutttur
1488 219 1628 248 Pleiades.
1646 227 1657 244 ι
1677 216 1747 252 (Etsi
1768 217 1834 245 aliud

218 277 249 296 ac
266 276 438 304 parapegma,
461 275 494 295 ex
517 274 603 302 eoque
628 271 779 302 temporum
795 268 865 294 ratio
885 267 998 294 ducere-

216 318 271 346 tur,
289 322 349 349 qua:
364 313 397 341 ad
412 313 626 348 navigationem,
641 313 850 348 agriculturam,
874 316 900 340 et
915 313 939 339 id
956 320 998 348 ge‘

216 369 269 388 nus
284 361 336 387 alia
352 360 528 395 gubernanda
546 359 688 387 transferri
708 360 789 393 solet;
808 359 902 394 perdiu
917 367 950 386 ex
966 359 999 386 il.

216 407 270 434 lius
291 406 449 441 pra‘scripto
470 410 578 432 ortuum
599 409 626 433 et
644 413 788 432 occasuum
805 406 832 432 in
851 405 948 435 stellis,
966 412 998 432 ac

215 456 405 486 tempestatum
424 452 511 486 spatia
532 451 647 479 dimensi
660 455 722 478 sunt
741 460 748 477 :
769 451 894 486 quamvis
914 458 998 478 accu-

215 499 328 525 ratiorcs
340 497 540 532 insequentium
552 500 771 524 astronomorum
785 496 881 524 calculi
905 496 998 532 paula-

213 543 261 569 titn
278 543 334 570 haec
348 550 410 570 esse
421 546 524 568 mutata
536 541 745 574 convincerent;
766 542 811 569 sed
825 541 896 576 qttod
915 542 997 569 semel

213 587 337 622 populari
357 595 419 619 usu,
436 594 468 613 ac
485 587 594 621 publice
613 587 760 618 sancitum,
783 587 954 619 inveteravit,
971 587 997 613 id

215 632 403 667 imperitorum
428 639 461 659 ac
484 632 648 659 rusticorum
676 633 825 666 praesertim
841 640 875 665 ex
898 633 998 660 animis

213 678 293 704 evelli
304 681 385 712 atque
399 678 556 712 extorqueri
572 677 678 704 dillicile
692 681 791 712 potest.

249 723 286 750 De
312 723 364 750 hoc
388 724 502 751 Metonis
520 731 601 753 anno.
629 730 661 750 ac
685 727 874 759 parapegmate
898 723 931 750 ad
958 723 996 754 id,

214 769 285 804 quod
299 770 430 802 diximus,
449 769 571 805 apposite
591 769 689 797 Festus
708 769 828 797 Avienus
849 769 876 796 in
891 771 996 797 Arateis

214 815 251 843 ita
267 816 376 850 scripsit
391 825 398 844 :

248 883 326 910 Illius
340 883 374 910 ad
389 892 510 911 numeros
525 884 630 918 prolixa
646 883 770 911 decennia
788 892 895 917 rursum

249 919 384 953 Adjecisse
394 918 482 946 Melon
499 918 627 951 Cecropca
637 919 737 945 dicitur
752 925 808 946 arte
820 928 829 946 :

249 953 398 988 Inseditque
413 954 521 984 animis,
535 955 615 980 tenuit
633 962 686 980 rem
703 953 805 980 Grmcia
818 955 901 981 solers

251 989 388 1021 Protinus,
403 994 426 1016 et
440 989 529 1024 longos
541 989 672 1016 inventum
687 990 756 1015 misit
769 990 797 1015 in
811 998 905 1016 annos.

249 1045 429 1078 Quamobrem
445 1045 552 1072 tametsi
569 1045 604 1072 ab
619 1045 785 1081 Hipparcho,
803 1050 830 1073 et
844 1046 905 1073 aliis
920 1045 997 1073 dein-

213 1099 279 1126 ceps
291 1099 382 1118 rerum
398 1091 550 1118 caelestium
565 1091 669 1126 peritis,
688 1092 772 1118 multa
789 1092 814 1118 in
831 1093 998 1120 astronomia

214 1144 246 1164 uc
265 1140 455 1171 tempestatum
481 1137 673 1165 distributione
700 1142 866 1165 commutata
887 1138 999 1166 innova-

213 1187 296 1218 taque
307 1183 373 1215 sint,
388 1183 466 1210 haesit
483 1187 572 1210 tamen
587 1191 669 1218 penes
694 1185 799 1219 vulgus,
814 1189 840 1211 et
853 1184 878 1211 in
891 1186 999 1212 rustica:

214 1229 254 1256 rei
273 1229 421 1264 praesertim
441 1229 777 1261 administratione,vetus
795 1231 839 1257 illa
859 1235 886 1258 et
915 1231 999 1258 Melo-

214 1274 276 1301 nica
289 1275 376 1301 ratio:
390 1279 419 1301 ut
437 1274 464 1301 in
477 1275 523 1302 lib.
539 1273 583 1306 IX,
601 1282 662 1309 cap.
675 1274 733 1302 XIV
747 1275 898 1303 Columella
915 1281 998 1304 testa-

214 1322 269 1346 tur.
294 1319 354 1352 Quo
375 1327 408 1347 ex
430 1327 529 1354 genere
553 1319 730 1354 Vergiliarum
746 1321 789 1349 ille
808 1329 869 1349 esse
892 1322 998 1349 videtur

211 1369 288 1394 ortus
300 1365 404 1392 dierum
422 1370 482 1399 post
497 1367 689 1400 aequinoctium
706 1371 768 1394 octo
782 1371 808 1394 et
821 1367 998 1403 quadraginta

212 1411 301 1446 spatio
327 1410 466 1438 deﬁnitus.
492 1410 570 1443 Quod
593 1419 655 1438 cum
683 1412 715 1439 ad
730 1412 826 1439 Atticte
849 1412 943 1445 situm,
958 1413 997 1440 uti

211 1455 315 1482 dictum
341 1460 393 1487 est,
418 1455 533 1483 Metonis
558 1460 637 1484 aetate
667 1457 824 1492 pertineret,
842 1463 942 1486 temere
963 1459 998 1486 ad

211 1500 294 1528 Italia:
316 1501 447 1535 positum,
470 1505 630 1537 aetatemque
654 1509 732 1530 suam
753 1501 869 1530 Romani
891 1507 998 1532 traxere

212 1547 371 1582 scriptores.
392 1546 463 1575 Pene
487 1547 614 1575 Ovidium
636 1549 875 1584 prtetermiseram,
898 1551 944 1585 qui
969 1551 996 1578 itt

212 1590 303 1620 Fastis
325 1592 464 1620 Pleiadum
483 1599 572 1621 ortum
587 1594 616 1620 in
636 1602 664 1621 ιιι
689 1594 752 1622 Idus
771 1594 855 1623 Maias
871 1597 992 1631 conjicit,

212 1638 259 1673 qui
275 1642 317 1667 est
330 1647 377 1666 xtn
393 1639 462 1672 dies,
474 1643 499 1667 et
513 1640 546 1667 ab
563 1641 726 1675 aequinoctio
740 1642 992 1677 qttinquagesimus,

213 1684 247 1711 ab
264 1684 387 1719 ingressu
403 1693 483 1720 porro
499 1686 526 1712 in
541 1686 674 1717 Arietem,
691 1694 772 1721 quem
787 1687 831 1715 ille
845 1695 880 1714 xv
895 1687 994 1715 Kalen-

211 1730 263 1758 das
278 1731 382 1766 Apriles
394 1731 498 1765 statuit,
512 1732 752 1768 quinquagesimus
763 1734 905 1768 septimus.
919 1735 993 1762 Theo

212 1776 241 1804 in
255 1776 361 1804 Arateis
375 1778 584 1805 Commentariis
600 1777 724 1806 Pleiadas
744 1779 811 1806 oriri
828 1781 927 1808 asserit
940 1789 992 1808 xxv

211 1823 314 1850 mensis
328 1822 486 1850 Pharmutbi
497 1833 503 1850 :
515 1824 560 1858 qui
573 1824 600 1851 in
614 1833 649 1852 xx
661 1824 732 1852 diem
744 1824 844 1861 Aprilis
856 1827 937 1859 cadit,
948 1829 993 1855 ὅτε

212 1868 259 1894 καὶ
276 1867 323 1894 τοῦ
346 1868 460 1905 θερίζειν
479 1870 574 1905 καιρὸς
594 1871 622 1896 ὲν
642 1870 780 1905 Αἰγύπτῳ.
798 1871 879 1899 Addit
897 1873 992 1902 diebus

210 1918 272 1950 post
288 1915 479 1949 aequinoctium
495 1916 690 1951 quinquaginta
704 1916 811 1944 duobus
831 1918 855 1944 id
873 1918 928 1946 ﬁeri
941 1938 948 1951 ,
961 1926 993 1947 ac

211 1966 269 1990 tum
279 1963 363 1990 solem
377 1963 404 1990 in
418 1962 502 1990 Tauri
514 1968 591 1998 parte
603 1972 662 1993 esse
675 1973 743 1993 xvn.
767 1965 822 1994 Nos
836 1966 869 1994 ad
880 1967 994 1995 Alexan-

211 2009 277 2037 driae
301 2010 383 2037 situm
411 2009 530 2038 Theonis
556 2018 623 2043 avo,
655 2012 706 2039 hoc
729 2016 770 2040 est
796 2020 868 2040 anno
891 2013 992 2042 Christi

210 2063 305 2088 ccctx,
323 2059 414 2084 ortum
438 2056 571 2084 lteliacttm
595 2057 692 2085 lucida
710 2057 848 2086 Pleiadttm
870 2059 992 2087 animad-

211 2103 342 2129 vertimus
360 2102 387 2131 in
405 2102 489 2137 gradu
507 2102 588 2130 Tauri
612 2111 674 2131 xxv.
697 2103 901 2139 Equinoctiutu
926 2109 992 2134 tunc

211 2153 270 2176 erat
288 2149 315 2176 in
336 2148 424 2176 Martii
445 2157 508 2176 ut:
526 2157 541 2176 a
555 2158 609 2185 quo
626 2150 713 2185 putati
728 2151 786 2179 dies
808 2159 843 2178 LII
865 2151 992 2180 desinunt

212 2193 240 2220 in
259 2203 274 2221 v
297 2194 358 2221 ldus
383 2195 476 2226 Maias.
491 2196 517 2222 id
540 2200 582 2224 est
598 2197 625 2223 in
639 2204 667 2223 xt
684 2196 757 2229 Maii,
777 2197 871 2232 Epiphi
884 2205 939 2225 xvt.
956 2200 991 2225 At

211 2247 272 2274 quae
288 2240 315 2267 in
330 2244 449 2268 extrema
460 2241 572 2276 cuspide
590 2247 631 2269 est
645 2242 679 2269 ad
697 2243 839 2276 orientem,
854 2243 989 2271 heliacum
1006 2235 1027 2262 θ

211 2289 302 2313 ortum
314 2286 408 2314 habuit
423 2288 450 2315 in
465 2288 549 2323 gradu
573 2288 657 2316 Tauri
672 2289 718 2322 29,
732 2290 782 2324 55’,
805 2289 868 2317 Maii
880 2290 990 2318 circiter

211 2339 277 2358 xvu.
293 2331 384 2366 Itaque
402 2340 456 2360 non
475 2333 508 2360 de
524 2334 637 2367 heliaco,
654 2335 702 2362 sed
722 2335 754 2363 de
770 2336 889 2363 cosmico
902 2336 990 2371 loqui-

212 2382 267 2404 tur.
287 2376 392 2405 Rursus
411 2377 518 2406 llesiodi
540 2382 639 2408 saeculo
662 2381 689 2408 in
704 2381 807 2409 Boeotia
822 2383 916 2410 eadem
933 2383 990 2410 haec

213 2423 247 2450 ard
271 2424 403 2451 orientem
425 2429 561 2458 postrema
583 2425 722 2454 Pleiadum
745 2432 834 2455 ortum
857 2429 989 2456 heliacum

211 2469 328 2497 faciebat
343 2470 370 2496 in
382 2470 466 2505 gradu
477 2469 560 2499 Tauri
573 2472 615 2504 I7,
628 2473 679 2499 ltoc
692 2478 733 2500 est
749 2474 775 2500 in
790 2474 832 2506 l6,
848 2475 869 2500 7'
883 2482 890 2500 τ
908 2479 990 2510 atque

211 2517 248 2544 ita
263 2516 381 2544 Theonis
396 2517 478 2545 verba
494 2519 624 2553 capienda
639 2525 702 2548 Sunl.
717 2521 744 2548 in
765 2522 810 2548 illa
823 2522 989 2550 scholiorum

211 2563 345 2595 miscella,
364 2571 424 2598 qua:
440 2572 528 2599 neque
548 2568 679 2600 tempora,
695 2574 783 2601 neque
802 2569 883 2595 situm
900 2569 990 2604 regio-

211 2615 275 2635 num
291 2608 443 2644 distinguit,
458 2610 597 2644 ,isiquidem
620 2611 653 2637 ad
678 2612 810 2639 heliacutn
826 2614 987 2647 pertineant.

245 2654 371 2683 Manilius
395 2655 442 2683 lib.
461 2655 494 2688 V,
510 2655 640 2692 Vergilias
653 2658 719 2685 oriri
745 2660 838 2687 scribit
863 2661 890 2687 in
914 2667 989 2688 sexta

211 2705 286 2736 parte
293 2700 386 2734 Tauri;
395 2703 434 2730 sic
442 2703 514 2730 enim
524 2703 594 2730 illius
605 2704 684 2732 verba
694 2705 893 2740 interpretanda
904 2711 968 2734 sunt
980 2716 988 2734 :

246 2763 348 2799 Taurus
364 2765 390 2790 in
407 2764 528 2792 adversus
539 2773 650 2799 pm’ceps
663 2771 690 2793 ut
706 2767 810 2793 tollitur
825 2773 897 2795 ortus

246 2796 327 2833 Sexta
337 2804 410 2833 parte
424 2801 465 2826 sui
477 2805 602 2828 certantes
617 2796 681 2829 lucis
696 2801 728 2829 ad
746 2811 828 2829 auras

247 2832 366 2860 Pleiades
381 2834 463 2861 ducit.

210 2876 261 2905 Cui
276 2878 422 2924 assentitur
442 2878 575 2910 Firmicus
589 2882 648 2920 ιιι).
670 2881 736 2917 VIII,
751 2891 812 2921 cap.
827 2883 871 2912 Vll
886 2893 892 2914 :
922 2895 931 2913 t
955 2885 985 2915 In

1049 270 1090 293 est
1110 266 1176 292 oriri
1192 266 1219 292 in
1232 270 1306 293 sexta
1322 269 1399 300 parte
1414 265 1506 297 Tauri.
1519 265 1598 292 aliud
1613 262 1743 290 Taurum
1756 261 1835 290 Pleia-

1047 310 1097 337 das
1117 315 1193 338 sexta
1213 314 1289 346 parte
1308 311 1350 338 sui
1373 310 1489 338 tollere:
1506 310 1560 337 hoc
1576 309 1655 336 enim
1683 312 1738 338 est.
1764 313 1834 336 sexta

1047 359 1124 391 parte
1152 356 1232 391 signi,
1256 357 1303 392 qui
1332 359 1396 382 sunt
1424 355 1525 391 gradus
1554 363 1582 382 v.
1613 353 1670 381 Sed
1700 352 1835 381 Firmicus

1048 407 1154 429 sextum
1172 402 1286 437 gradum
1309 401 1456 436 concepit.)
1481 400 1535 428 Nec
1557 400 1638 427 aliter
1661 399 1835 434 intelligenda

1048 451 1111 474 sunt
1127 447 1243 475 obscura
1256 447 1336 475 Plinii
1351 447 1433 474 verba
1446 446 1535 477 lib.ll.
1549 454 1611 481 cap.
1625 444 1725 472 XLVII
1739 455 1746 471 :
1764 454 1774 470 ε
1789 444 1836 471 Da-

1047 498 1091 520 tus
1106 498 1147 521 est
1166 497 1255 521 autem
1275 494 1339 520 huic
1361 492 1502 527 (Fav0nio)
1517 497 1630 520 exortus
1651 490 1833 526 Vergiliarum

1049 539 1075 565 in
1092 539 1204 566 totidem
1230 539 1352 574 partibus
1368 538 1460 570 Tauri,
1477 547 1523 566 sex
1544 538 1643 566 diebus
1665 542 1735 564 ante
1756 536 1834 564 Maias

1047 585 1120 614 ldus.
1150 595 1159 611 ι
1183 585 1234 612 Ubi
1257 585 1368 612 totidem
1391 589 1483 620 partes
1501 592 1561 612 esse
1585 585 1668 616 dicit,
1683 588 1755 618 quot
1777 588 1832 611 sunt

1047 631 1105 659 dies
1121 635 1182 658 ante
1204 630 1288 659 Maias
1309 631 1382 659 ldus.
1404 630 1438 658 Ut
1457 639 1551 658 verum
1579 635 1622 658 est.
1649 630 1765 657 Ilesiodi
1786 638 1831 658 £2-

1047 679 1108 706 culo
1124 679 1151 705 in
1172 678 1276 705 Bmotia
1291 678 1408 704 lucidam
1424 677 1562 704 Pleiadum
1583 676 1701 704 circiter
1726 683 1753 703 vt
1774 677 1831 703 Idus

1047 723 1131 751 Maias
1145 728 1235 750 ortum
1250 723 1384 750 heliacutn
1401 723 1507 753 fecisse,
1527 730 1581 749 non
1597 725 1694 749 tamen
1720 721 1749 748 in
1765 726 1831 755 parte

1047 773 1123 796 sexta
1138 769 1231 800 Tauri,
1247 769 1294 797 sed
1317 769 1343 795 in
1358 777 1395 800 xI,
1413 769 1454 795 vel
1469 777 1523 801 xu;
1541 768 1579 796 ita
1598 768 1700 796 falsum
1723 772 1767 795 est
1787 768 1829 794 hoc

1046 816 1125 843 Plinii
1156 816 1256 844 steculo
1283 815 1432 850 contigisse
1459 816 1486 842 in
1511 815 1605 846 Italia,
1636 814 1766 846 Gracia,
1795 816 1828 841 vel

1049 862 1175 898 Egypto.
1193 862 1238 889 Sic
1251 862 1352 898 passim
1368 862 1402 890 ab
1417 862 1574 890 auctoribus
1589 860 1737 888 incondite
1753 861 1793 888 his
1802 861 1830 887 de

1050 909 1129 936 rebus
1145 908 1228 935 multa
1248 908 1384 941 dicuntur,
1401 915 1461 943 quae
1476 908 1507 934 ad
1527 907 1690 934 methodum
1716 913 1828 934 nostram

1048 954 1176 989 exigenda
1195 959 1268 982 sunt.
1291 954 1369 990 Apud
1389 954 1530 982 Geminum
1554 954 1646 981 Pleias
1675 953 1827 981 Euctemoni

1048 1001 1136 1027 oritur
1153 1007 1203 1026 xm
1216 1000 1258 1027 die
1280 999 1433 1032 Tauronos,
1450 1008 1464 1027 a
1480 1008 1534 1035 quo
1557 1005 1584 1027 et
1605 999 1717 1027 aestatis
1732 999 1828 1026 initium

1048 1045 1157 1080 petitur.
1171 1045 1204 1072 At
1216 1045 1327 1072 Eudoxo
1340 1045 1460 1072 Pleiades
1480 1051 1568 1072 ortum
1586 1045 1695 1072 faciunt
1709 1044 1756 1071 die
1770 1051 1828 1070 xxtt.

1047 1092 1102 1120 Nos
1117 1092 1230 1119 Athenis
1247 1091 1362 1119 Metonis
1384 1097 1506 1126 tempore
1525 1096 1618 1117 ortum
1639 1090 1781 1117 heliacum
1795 1090 1827 1115 lu-

1048 1139 1114 1166 cida:
1126 1137 1303 1173 Vergiliarum
1321 1137 1473 1164 invenimus
1488 1137 1514 1164 itt
1526 1137 1613 1172 gradu
1630 1135 1718 1163 Tauri
1736 1135 1778 1167 l9,
1792 1135 1828 1162 ul-

1049 1185 1120 1211 tima:
1134 1192 1197 1211 vero
1210 1183 1328 1211 Pleiadis
1343 1184 1370 1210 in
1383 1183 1468 1218 gradu
1483 1183 1527 1214 24,
1548 1183 1601 1210 53’.
1619 1182 1699 1209 Inter
1715 1183 1767 1209 has
1780 1189 1829 1208 am-

1048 1229 1096 1257 bas
1110 1230 1198 1256 media
1212 1233 1254 1257 est
1270 1230 1405 1265 posterior
1412 1228 1566 1256 observatio
1579 1229 1702 1256 Gemini.
1712 1228 1745 1255 In
1757 1229 1827 1258 libro,

1047 1277 1092 1311 qui
1116 1276 1261 1303 Ptolemaeo
1276 1276 1424 1311 inscriptus
1437 1280 1489 1306 est,
1506 1276 1539 1303 de
1554 1276 1749 1303 inerrantibus
1771 1276 1828 1302 5ch-

1047 1322 1092 1354 lis,
1110 1320 1291 1357 Vergiliarum
1308 1326 1418 1349 exortus
1435 1322 1543 1356 ponitur
1565 1322 1672 1356 Aprilis
1698 1329 1718 1353 I,
1748 1326 1801 1348 tum
1817 1329 1828 1347 ι

1048 1368 1185 1397 Kalendas
1213 1368 1307 1399 Maias,
1333 1369 1384 1395 hoc
1418 1372 1458 1395 est
1484 1376 1539 1395 xxtt
1573 1367 1674 1403 April.,
1697 1372 1756 1394 tttm
1783 1367 1829 1394 No-

1048 1416 1091 1443 nis
1106 1415 1190 1450 [Maii,
1213 1418 1240 1442 et
1263 1423 1289 1442 tv
1315 1414 1376 1442 ldus
1407 1419 1434 1441 et
1457 1422 1486 1441 ιιι
1518 1413 1653 1441 Kalendas
1685 1412 1772 1440 Junii.
1797 1413 1830 1439 Ita

1050 1469 1125 1489 more
1142 1469 1192 1489 suo
1208 1461 1327 1496 scriptor
1344 1461 1388 1488 ille
1407 1460 1505 1495 partim
1520 1460 1597 1491 falsa,
1617 1460 1720 1495 partim
1740 1461 1830 1487 alienis

1048 1508 1118 1536 facta
1143 1508 1311 1543 temporibus
1339 1508 1367 1534 in
1385 1507 1507 1534 eamdem
1530 1506 1676 1542 Myconum
1703 1507 1828 1534 inlcrciit.

1010 1566 1031 1594 ε
1050 1554 1126 1587 (Nam
1146 1554 1174 1582 in
1197 1553 1290 1581 Grteco
1312 1554 1397 1585 nulla,
1427 1557 1455 1580 ut
1486 1553 1512 1580 in
1538 1553 1614 1580 Notis
1640 1553 1829 1583 observamus,

998 2923 1017 2932 -

1046 1601 1185 1630 Pleiadum
1215 1601 1344 1637 mentio.)
1373 1600 1450 1634 Quod
1484 1605 1573 1628 autem
1604 1601 1673 1628 oriri
1704 1601 1830 1628 Kalendis

1044 1649 1181 1683 Aprilibus
1193 1649 1240 1678 ait.
1256 1648 1495 1675 hallucinationem
1512 1655 1572 1675 esse
1583 1647 1624 1674 vel
1640 1648 1777 1679 auctoris,
1792 1649 1829 1673 \‘el

1044 1694 1198 1729 interpretis
1219 1699 1346 1729 apparet;
1370 1702 1431 1723 nam
1455 1693 1535 1721 tertio
1550 1697 1612 1728 post
1633 1693 1679 1721 die
1703 1702 1829 1722 occasum

1043 1739 1101 1775 ejus
1120 1741 1209 1775 posuit
1225 1750 1231 1767 :
1247 1740 1294 1775 qui
1311 1741 1404 1775 utique
1415 1745 1504 1768 ortum
1521 1740 1667 1767 antecedit.

1077 1786 1115 1814 De
1137 1794 1236 1814 occasu
1262 1786 1401 1813 Pleiadum
1419 1795 1473 1814 non
1491 1787 1579 1813 minor
1600 1791 1643 1814 est
1660 1788 1826 1821 scriptorum

1042 1833 1176 1865 varietas;
1198 1832 1361 1859 matutinum
1383 1832 1454 1859 enim
1477 1831 1522 1858 alii
1544 1831 1641 1858 diebus
1661 1840 1747 1859 vattt
1771 1837 1828 1866 post

1044 1878 1234 1914 :Bqttinoctium
1259 1878 1413 1905 autumnale
1438 1877 1577 1904 deﬁniunt.
1598 1877 1636 1904 lta
1653 1877 1727 1904 Plin.
1749 1878 1766 1904 l.
1785 1877 1827 1911 XI,

1043 1933 1066 1952 c.
1088 1923 1156 1958 XVI,
1174 1924 1219 1951 ubi
1244 1927 1270 1952 et
1293 1923 1363 1951 diem
1395 1923 1510 1958 przelinit
1533 1923 1595 1950 ldus
1618 1923 1788 1951 Novembris
1814 1932 1827 1950 a

1045 1977 1099 2005 quo
1114 1973 1186 1996 retro
1200 1969 1285 2004 putati
1301 1969 1359 1996 dies
1379 1976 1461 1996 XLVIII
1480 1969 1606 1996 desinunt
1621 1970 1648 1996 in
1674 1977 1753 1996 xxvu
1781 1969 1826 1997 Se-

1042 2016 1182 2051 ptembris.
1199 2015 1287 2048 Quare
1302 2019 1363 2050 post
1374 2015 1565 2050 tequiuoctium
1583 2014 1738 2050 Sosigenis,
1757 2016 1826 2050 quod

1042 2062 1069 2089 in
1091 2069 1153 2089 xxvt
1171 2061 1337 2097 Septembris
1357 2060 1461 2089 Plinius
1481 2061 1608 2092 contulit,
1631 2062 1692 2088 dies
1717 2062 1757 2088 illi
1780 2070 1826 2097 pu-

1042 2107 1117 2134 tandi
1133 2111 1206 2134 sunt.
1220 2108 1253 2134 At
1264 2107 1334 2134 idem
1346 2106 1449 2134 Plinius
1464 2107 1511 2134 lib.
1527 2106 1558 2140 ll,
1574 2115 1634 2142 cap.
1646 2107 1756 2137 XLVII.
1768 2114 1826 2143 post

1041 2153 1230 2188 aequinoctium
1243 2153 1406 2180 autttmmale
1419 2153 1513 2180 diebus
1526 2161 1586 2180 thv
1601 2153 1728 2181 occidere
1743 2153 1826 2181 Pleia-

1041 2199 1090 2227 das
1104 2199 1158 2231 ait,
1175 2199 1255 2234 idqttc
1281 2207 1310 2226 ιιι
1331 2199 1392 2226 ldus
1409 2198 1566 2226 Novembris
1585 2199 1651 2226 fieri.
1668 2199 1729 2227 Iloc
1746 2200 1825 2228 modo

1040 2245 1232 2280 aequinoctium
1250 2250 1380 2280 congruet
1395 2244 1561 2280 Septembris
1577 2253 1675 2276 xxvttt,
1688 2246 1732 2272 vel
1749 2254 1824 2273 xxtx.

1039 2291 1119 2325 Atqui
1135 2291 1206 2318 idem
1225 2292 1307 2319 etiam
1323 2291 1421 2326 repetit
1434 2298 1494 2325 cap.
1513 2290 1584 2317 XXV
1605 2291 1667 2318 libri
1680 2291 1779 2323 XVIII,
1793 2301 1824 2319 ex

1039 2337 1153 2365 Caesaris
1166 2337 1333 2372 praescripto.
1347 2337 1493 2364 Columella
1506 2337 1554 2364 lib.
1565 2336 1610 2368 IX,
1625 2345 1686 2372 cap.
1706 2337 1781 2369 XIV,
1793 2339 1825 2366 ab

1039 2384 1202 2418 zequinoctio
1233 2383 1330 2411 diebus
1363 2391 1396 2410 xL
1422 2383 1545 2410 occidere
1572 2382 1700 2411 Pleiadas
1729 2384 1822 2412 refert.

1039 2427 1125 2456 Varro
1142 2428 1189 2456 lib.
1214 2427 1235 2457 I.
1258 2435 1318 2463 cap.
1338 2427 1458 2461 XXVIII,
1476 2428 1573 2456 diebus
1594 2437 1680 2456 xxxu.
1700 2429 1742 2457 Ad
1769 2430 1824 2457 btet:

1039 2474 1143 2503 Plinius
1160 2475 1206 2502 lib.
1224 2474 1316 2507 XVIII,
1333 2483 1392 2511 cap.
1410 2475 1493 2507 XXV,
1509 2483 1638 2503 occasum
1656 2478 1823 2504 matutinum

1039 2520 1178 2548 Pleiadum
1204 2529 1236 2549 ex
1263 2521 1380 2549 llesiodo
1406 2521 1518 2549 tradidit
1541 2522 1597 2548 ﬁeri
1616 2529 1678 2548 cutn
1697 2523 1822 2556 mqttinm

1040 2568 1122 2594 ctium
1145 2568 1267 2595 autumni
1291 2568 1488 2595 conﬁceretur:
1510 2576 1542 2595 ex
1560 2567 1673 2596 Thalete
1690 2576 1758 2596 vero
1781 2569 1821 2596 die

1040 2622 1102 2645 xxv,
1119 2614 1320 2642 Anaximandro
1336 2623 1408 2646 xxtx,
1426 2614 1588 2641 Euctemone
1601 2622 1697 2641 vatn.

1075 2659 1112 2687 Ex
1127 2659 1169 2687 his
1185 2660 1310 2686 omnibus
1330 2660 1399 2687 Julio
1422 2660 1520 2687 (Ζιθδτιιί
1546 2660 1664 2687 maxime
1688 2659 1819 2687 Varronis

1040 2704 1084 2731 illa
1104 2705 1234 2732 sententia
1250 2706 1384 2740 congruit.
1399 2705 1465 2733 side
1481 2713 1578 2733 occasu
1590 2706 1731 2732 matutino
1747 2713 1816 2735 vero,

1039 2755 1092 2775 non
1109 2753 1254 2783 apparente
1270 2757 1360 2777 sermo
1377 2750 1423 2777 sit.
1447 2749 1525 2777 Hunc
1541 2751 1613 2777 enim
1637 2750 1818 2785 deprehendi-

1039 2803 1100 2822 mus
1118 2796 1143 2821 in
1162 2795 1246 2830 gradu
1264 2795 1367 2831 Scorpii
1389 2797 1416 2827 5.
1444 2796 1494 2824 IT.
1521 2795 1565 2822 Sic
1587 2796 1671 2822 etiam
1698 2796 1816 2823 Thaletis

1038 2843 1171 2874 tempore.
1191 2840 1241 2867 hoc
1257 2844 1297 2868 est
1310 2849 1382 2868 anno
1396 2840 1625 2876 periodNulianaa
1637 2841 1721 2872 “I5,
1736 2849 1815 2868 oeca-

1039 2894 1086 2914 sus
1103 2886 1175 2914 idem
1195 2887 1346 2915 matutinu‘s
1357 2893 1438 2915 verus
1453 2887 1480 2914 in
1495 2886 1607 2923 gradum
1626 2885 1718 2914 Libra:
1734 2882 1815 2913 XXIV
