1900 3137
115 159 184 186 1581

521 156 747 185 DlSSERTATlO
767 155 811 183 DE
829 155 922 184 ORTU
942 155 986 183 ET
1005 155 1138 184 OCCASU
1157 156 1331 191 SIDERUM.‘

1659 162 1728 191 I382

113 217 266 254 competit:
288 217 360 252 quod
380 221 422 245 est
444 217 584 244 eximium.
610 217 721 250 Verum,
742 222 772 244 ut
794 224 826 244 ex
847 215 900 244 Ge-
914 220 934 248 Α
949 216 1008 247 σίας
1033 216 1135 250 potius,
1161 224 1243 251 quam
1270 216 1304 244 ad
1326 219 1436 245 exactos
1458 222 1537 246 ortus
1561 226 1728 255 occasusque

114 265 193 292 mino
208 268 234 291 et
252 262 396 290 Ptolemaeo
420 271 502 298 supra
517 263 728 290 demonstratum
748 266 798 295 est,
815 266 892 290 ortus

115 310 299 345 acronycbus,
315 314 342 337 et
360 317 474 337 occasus
495 309 642 336 matutinus
661 316 737 336 verus
757 308 790 335 ab
811 315 894 343 appa-

111 357 240 387 rentibus
254 356 421 391 discrepant.
442 355 579 389 Quantum
598 363 662 382 vero
678 355 748 382 inter
764 358 895 388 utrosque

113 402 224 429 dierum
250 401 422 435 interjectum
451 402 496 434 sit,
521 408 537 428 a
562 401 680 431 nemine,
697 400 769 434 quod
798 400 892 431 sciam,

115 448 282 483 explicatum
298 451 340 475 est
355 456 361 475 ε
379 447 509 475 interesse
527 450 614 474 autem
630 447 742 481 aliquot,
757 449 810 472 tam
827 445 896 472 ratio

114 495 189 530 ipsa,
206 501 287 529 quam
299 494 465 529 experientia
482 493 630 521 convincit.
645 492 778 525 Quocirca
797 491 897 518 Anaxi—

114 540 232 568 mander
246 539 279 566 de
294 543 439 574 apparente
454 539 593 566 Pleiadum
608 545 707 565 occasu
717 559 724 570 ,
747 537 845 565 Thales
863 536 897 564 de

115 593 183 613 vero
197 586 343 620 capiendus
359 589 410 612 est.
435 585 463 612 ln
480 584 597 612 Hesiodo
613 584 682 611 ratio
704 591 758 611 non
779 586 895 611 constat.

114 629 185 658 Nam
200 631 288 657 lucida
305 630 442 658 Pleiadum
458 630 518 665 ejus
529 630 628 657 saeculo
640 637 768 657 occasum
787 629 898 655 matuti-

115 685 184 706 num
206 679 301 705 habuit
317 679 344 705 in
358 678 441 713 gradu
460 677 547 704 Libra:
560 677 604 709 l8,
618 677 668 704 ιτ.
693 676 751 703 Non
766 676 832 703 levis
843 675 899 703 for-

115 728 192 752 tasse
207 724 325 758 suspicio
347 729 398 755 est,
416 723 533 750 Plinium
552 730 601 757 per
623 722 831 757 imprudentiam
853 729 900 749 oc-

117 777 211 796 casum
227 769 387 796 matutinum
400 775 448 802 pro
463 768 568 795 heliaco
584 767 743 802 sumpsisse.
762 766 811 794 llic
827 767 900 794 enim

117 813 229 842 Hesiodi
243 815 341 841 szeculo
354 813 547 850 propemodum
560 813 588 840 in
602 813 793 848 aequinoctium
807 813 900 839 incur-

117 859 164 886 rit.
185 859 325 894 Siquidem
347 867 362 886 e
383 859 563 886 lucidioribus
581 858 680 890 tribus,
695 865 755 892 qua:
775 858 808 885 ad
832 858 900 885 occi-

117 906 228 933 dentem
244 906 340 941 vergit,
357 913 486 933 occasum
503 905 636 932 heliacum
647 904 762 932 faciebat
776 905 803 931 in
815 904 899 939 gradu

118 951 220 978 Arietis
244 951 342 986 primo,
361 950 388 977 id
403 953 446 977 est
457 951 485 981 0,
508 950 565 983 51';
584 949 724 977 orientalis
739 950 767 977 in
789 951 900 985 cuspide

119 999 171 1025 sita
186 998 214 1024 in
228 997 312 1033 gradu
325 997 353 1029 2,
372 997 422 1030 Μ’,
445 996 666 1032 splendidissima
688 997 809 1023 omnium
827 997 854 1023 in
871 997 898 1030 ι,

118 1044 152 1071 8'.
175 1043 243 1070 Vide
266 1050 347 1078 quam
372 1043 441 1070 belle
469 1043 502 1069 ad
529 1042 600 1069 hunc
624 1042 733 1069 modum
758 1043 900 1070 ratiocinia

118 1093 279 1124 congruant.
294 1089 360 1116 Nam
376 1089 409 1116 de
422 1096 520 1116 occasu
541 1088 675 1116 matutino
692 1088 837 1116 falsissima
856 1096 900 1116 res

117 1140 171 1163 est.
189 1135 305 1162 Metonis
321 1142 402 1170 porro
425 1140 554 1169 tempore,
575 1134 697 1169 adeoque
714 1134 898 1165 Euctemonis,

117 1188 234 1209 occasus
251 1181 400 1208 matutinus
417 1188 496 1208 verus
510 1180 628 1207 Plciadis
640 1181 668 1206 in
687 1180 774 1207 Librae
794 1180 839 1211 27,
859 1172 900 1207 Μ’

117 1228 246 1254 convenit
263 1236 270 1253 :
291 1227 325 1254 ad
342 1227 413 1262 quod
437 1226 518 1262 spatii
534 1227 637 1262 aliquid
660 1228 770 1253 accedat
794 1230 901 1260 oportet

117 1273 153 1300 ad
169 1281 256 1308 usque
272 1273 443 1308 φαινόμενον,
459 1272 538 1306 cujus
555 1273 635 1299 etiam
650 1272 806 1307 apparentis
821 1278 900 1298 occa-

116 1325 169 1346 sus
185 1318 284 1352 gradus
298 1318 381 1352 aliqui
392 1321 465 1345 sunt.
477 1316 544 1345 Nam
559 1317 702 1352 paulatim,
720 1317 765 1344 ubi
781 1316 901 1351 longius-

115 1363 180 1390 cule
195 1363 228 1389 ab
242 1362 366 1397 opposita
387 1363 448 1389 coali
463 1362 572 1397 regione
596 1362 637 1389 sol
653 1361 821 1394 discesserit,
847 1367 900 1388 tam

116 1408 148 1434 in
167 1411 239 1439 ortu,
253 1414 333 1441 quam
348 1407 377 1434 in
397 1414 496 1434 occasu
516 1407 594 1435 stella
608 1407 794 1442 conspicitur;
820 1406 901 1441 idque

114 1452 247 1480 continue
261 1453 289 1479 lit
310 1452 406 1480 diebus
420 1453 532 1488 aliquot.
541 1452 670 1480 Geminus
681 1453 754 1479 enim
769 1452 855 1487 capite
866 1451 901 1478 XI

117 1498 215 1526 scribit
234 1506 312 1526 veros
336 1503 413 1526 ortus
439 1502 466 1526 ct
491 1506 606 1526 occasus
626 1500 773 1526 matutinos
797 1499 901 1533 priores

115 1551 182 1572 esse
202 1544 411 1579 apparentibus;
438 1545 466 1571 in
489 1545 654 1579 vespertinis
676 1549 771 1572 contra
794 1544 900 1580 priores

117 1597 182 1616 esse
201 1589 272 1616 veris
289 1593 459 1623 apparentes.
483 1589 567 1625 Igitur
585 1594 747 1626 apparentes
771 1594 858 1619 ortus.
874 1593 901 1616 et

117 1641 235 1661 occasus
253 1634 389 1665 matutini,
402 1642 470 1668 quas
485 1634 571 1661 Graeci
584 1635 777 1670 προανατοὶὰς,
795 1639 821 1662 et
836 1643 901 1669 προ-

117 1679 282 1711 καταδύσεις
302 1679 371 1715 ἑῴας
382 1680 547 1715 φαινομένας
563 1681 705 1707 nominant
716 1700 723 1712 ,
743 1680 842 1715 saepius
858 1687 901 1707 re-

118 1726 197 1760 petiti
219 1733 296 1752 veros
313 1728 474 1760 sequuntur,
491 1726 609 1760 quandiu
631 1726 761 1752 mediocri
784 1725 901 1752 intersti-

118 1773 160 1799 tio
177 1772 244 1800 solis
261 1776 351 1799 ortum
369 1771 470 1799 cadens
486 1771 528 1798 vcl
547 1771 638 1798 oriens
660 1771 737 1798 stella
753 1771 899 1805 prmvertit.

121 1817 169 1845 Sic
190 1818 270 1845 etiam
288 1822 351 1845 ante
375 1817 558 1852 vespertinum
582 1820 672 1842 ortum
699 1816 848 1847 stellarum,
874 1819 901 1843 et

120 1872 251 1892 occasum
286 1862 410 1899 ἀληθινὸν
436 1863 503 1890 fiunt
536 1866 698 1897 apparentes
728 1862 898 1896 complures;

120 1909 212 1945 quoad
234 1909 346 1937 modico.
357 1908 444 1944 spatio
459 1907 599 1936 conditum
610 1908 697 1936 solem
709 1911 778 1937 ortu.
785 1915 846 1940 suo,
860 1908 900 1935 vel

122 1964 221 1983 occasu
238 1957 314 1983 stella
331 1956 520 1990 consequitur.

158 2002 223 2036 Quae
236 2003 344 2030 demum
360 2001 501 2029 varietatis
516 2001 589 2029 illius
604 2001 693 2028 aﬂ'erri
706 2008 786 2028 causa
800 2004 898 2035 potest,

122 2057 204 2084 quam
220 2051 301 2076 etiam
315 2048 402 2076 aetatis
422 2049 494 2075 inter
511 2048 643 2082 ejusdem,
661 2054 692 2073 ac
714 2046 834 2081 regionis
854 2054 902 2073 au-

123 2099 214 2122 ctores
227 2095 383 2129 plerumque
398 2094 535 2121 cernimus
548 2102 554 2120 :
573 2093 637 2120 dum
659 2093 728 2120 alius
740 2092 899 2123 orientibus.

123 2140 315 2167 cadentibusve
332 2140 418 2167 stellis
433 2139 485 2166 alia
501 2138 653 2174 praescribit
668 2142 799 2172 tempora,
817 2137 901 2164 diem—

123 2193 177 2221 que
187 2185 320 2217 ditiundit,
335 2189 364 2212 ut
383 2185 417 2212 ab
433 2185 467 2213 iis
487 2184 622 2216 terminis,
644 2191 713 2218 quos
727 2191 759 2210 ex
779 2186 901 2210 astrono-

944 265 1096 297 respectum
1114 262 1259 290 habuerint
1280 262 1465 290 mathematici
1489 268 1596 293 veteres
1618 265 1646 293 in
1668 266 1727 294 suis

944 308 1192 343 parapegmatibus,
1216 314 1375 344 argumento
1399 314 1451 342 est,
1477 311 1560 344 quod,
1585 314 1614 338 ut
1644 311 1728 340 refert

944 353 1018 381 Theo
1042 354 1069 380 in
1091 354 1208 387 Arateis,
1230 359 1421 390 parapegmata
1441 363 1490 383 sua
1509 357 1615 391 publice
1631 365 1729 393 propo-

945 401 1046 427 nebant
1070 407 1132 427 cum
1156 401 1296 436 praesagiis
1313 405 1515 436 tempestatum,
1532 407 1686 436 ventorum,
1701 409 1728 432 et

945 446 972 472 id
990 453 1074 480 genus
1093 447 1217 478 aliorum,
1234 454 1294 482 quae
1314 455 1384 474 anno
1403 451 1460 475 toto
1477 447 1570 475 futura
1587 450 1730 484 pmscive-

946 495 1016 518 rant.
1037 491 1126 519 Verba
1143 491 1263 519 Theonis
1287 493 1368 528 digna
1391 498 1464 525 sunt,
1486 502 1546 529 qua:
1570 494 1615 521 hic
1642 497 1729 524 ascri-

946 537 1045 564 bantur
1057 544 1064 562 :
1080 537 1111 563 Οἱ
1126 536 1155 563 δὲ
1168 537 1235 572 μετὰ
1249 538 1364 564 Μέτωνα
1377 538 1537 574 ἀστρονόμοι
1550 539 1597 566 καὶ
1614 540 1729 572 πίνακας

949 584 978 608 ὲν
992 583 1051 613 ταῖς
1067 582 1173 609 πόλεσιν
1188 583 1287 618 ἔθηκαν
1304 583 1366 619 περὶ
1384 583 1438 611 τῶν
1455 585 1502 611 τοῦ
1525 585 1599 620 ἡλίου
1616 594 1730 623 περιφο-

950 627 1002 664 ρῶν
1027 627 1080 653 τῶν
1105 628 1436 665 ὲννεακαιδεκαετηρίδων,
1465 630 1505 657 ὅτι
1533 631 1593 657 καθ’
1617 631 1730 658 Exue-rev

947 672 1068 699 ἐνιαυτὸν
1081 673 1182 699 τοιόσδε
1207 673 1282 700 ἔσται
1305 664 1415 709 χειμὼν,
1432 675 1478 703 καὶ
1492 676 1590 702 τοιόνδε
1605 676 1663 712 ἔαρ,
1683 677 1730 704 καὶ
1744 664 1749 670 ἢ

947 718 1046 744 τοιόνδε
1065 717 1152 754 θέρος,
1175 719 1221 745 καὶ
1244 719 1345 746 τοιόνδε
1371 720 1549 757 φθινόπωρον,
1564 722 1613 748 καὶ
1635 723 1729 749 τοιοίδε

948 764 1056 798 ἄνεμοι·
1074 764 1121 791 καὶ
1140 764 1225 791 πολλὰ
1243 765 1311 800 πρὸς
1335 765 1475 800 βιωφελείς
1492 767 1586 802 χρείας
1606 769 1661 799 τοῖς
1684 769 1730 794 ἁν-

949 809 1076 845 Θρώποις.
1096 809 1158 837 Haec
1174 815 1263 838 autem
1280 811 1369 838 omnia
1392 820 1447 839 non
1469 813 1495 839 in
1518 813 1585 848 ipsis
1605 818 1730 842 astrono-

950 856 1083 883 micorum
1099 860 1208 883 ortuum
1222 857 1264 883 vel
1287 865 1434 885 occasuum
1452 858 1611 892 momentis,
1624 860 1670 887 sed
1684 860 1731 887 ali-

915 896 936 926 B
949 902 1059 937 quando
1074 905 1146 934 ante,
1163 902 1204 928 vel
1221 905 1282 936 post
1297 902 1436 929 observari
1455 904 1553 931 solent.

983 947 1113 975 Geminus
1127 947 1154 974 in
1168 952 1359 982 parapegmate
1371 948 1453 976 refert
1465 957 1497 976 ex
1508 949 1612 985 Calippi
1627 950 1731 978 descri-

949 993 1041 1028 ptione
1056 993 1188 1028 Vergilias
1212 993 1337 1020 occidere
1362 993 1389 1020 in
1412 998 1489 1028 parte
1510 994 1614 1030 Scorpii
1632 995 1673 1023 16,
1694 996 1730 1023 At

949 1038 1060 1066 Eudoxo
1085 1039 1113 1065 in
1132 1038 1182 1072 19;
1204 1038 1362 1066 Euctemoni
1381 1046 1446 1067 vero
1468 1040 1494 1066 in
1517 1040 1561 1072 15,
1585 1049 1646 1068 cum
1669 1045 1731 1069 ante

950 1083 1118 1110 Democritus
1141 1083 1168 1110 in
1192 1083 1209 1110 4
1232 1083 1384 1111 statuisset.
1399 1083 1479 1111 Liber
1497 1083 1531 1112 de
1555 1085 1730 1114 inerrantium

950 1129 1206 1164 significationibus,
1221 1129 1267 1164 qui
1284 1129 1428 1157 Ptolcmteo
1445 1130 1582 1163 tribuitur,
1598 1130 1731 1168 Vergilia-

950 1182 1010 1201 rum
1029 1175 1138 1202 occasui
1154 1175 1288 1202 matutino
1304 1175 1396 1210 plures
1416 1176 1528 1203 ascribit
1544 1176 1614 1210 dies,
1635 1185 1732 1213 nempe

953 1220 1079 1248 Octobris
1104 1229 1160 1253 xxx,
1185 1229 1264 1253 xxnt,
1289 1228 1375 1253 xxvn,
1398 1221 1532 1250 Kalendas
1554 1222 1731 1257 Novembres,

949 1266 1020 1293 diem
1034 1267 1156 1301 ejusdem
1173 1274 1220 1299 vn,
1233 1275 1262 1294 ιι
1276 1272 1303 1295 et
1316 1275 1377 1299 xm,
1393 1268 1440 1302 qui
1453 1275 1570 1296 occasus
1584 1270 1731 1305 superiori-

950 1312 1001 1339 bus
1024 1312 1078 1340 illis
1100 1320 1115 1339 a
1131 1312 1244 1340 Gemino
1269 1314 1427 1341 memoratis
1446 1319 1664 1344 astronomorum
1683 1316 1731 1345 de-

949 1359 1033 1385 cretis
1059 1359 1260 1386 accommodari
1285 1363 1411 1395 possunt,
1434 1360 1471 1387 ita
1485 1365 1514 1388 ut
1535 1369 1590 1389 non
1615 1370 1731 1390 occasus

949 1405 1024 1437 veri,
1040 1405 1088 1432 sed
1105 1409 1266 1440 apparentes
1290 1405 1476 1440 intelligantur
1495 1415 1526 1435 eo
1548 1408 1629 1435 modo
1651 1416 1730 1444 quem

950 1451 1071 1487 proxime
1090 1451 1292 1486 proposuimus.

987 1496 1057 1525 Sane
1065 1496 1128 1524 Julii
1143 1496 1259 1525 Cesaris
1273 1502 1351 1526 aetate
1365 1506 1445 1526 verus
1458 1505 1572 1526 occasus
1580 1499 1730 1527 matutinus

952 1543 1089 1571 Pleiadum
1116 1543 1202 1571 fiebat'
1219 1545 1246 1570 in
1273 1548 1370 1579 quarta
1395 1549 1471 1580 parte
1489 1545 1604 1580 Scorpii.
1625 1546 1667 1573 Ab
1678 1546 1730 1574 hoc

953 1593 1073 1623 tempore
1102 1587 1253 1622 interjectis
1279 1588 1375 1616 diebus
1404 1589 1509 1622 decem,
1535 1594 1581 1617 aut
1600 1594 1729 1626 quatuor-
1774 1591 1779 1595 ‘

952 1634 1049 1667 decim,
1076 1634 1214 1669 continget
1237 1642 1372 1670 apparens
1395 1643 1508 1664 occasus
1526 1635 1570 1664 die
1586 1637 1620 1664 ab
1644 1637 1730 1673 acqui-

952 1680 1043 1707 noctio
1067 1687 1140 1713 thv,
1159 1680 1201 1707 vel
1231 1687 1325 1708 vant.
1356 1681 1476 1714 Quorum
1502 1687 1657 1718 utrumque,
1682 1684 1730 1712 sed

953 1724 1019 1753 illud
1031 1727 1147 1754 maxime
1162 1726 1285 1761 Sosigeni
1301 1734 1332 1754 ac
1347 1727 1420 1754 Julio
1436 1727 1536 1756 Cmsari
1555 1729 1729 1764 imputatur:

951 1772 1050 1800 Plinio.

989 1818 1045 1846 Sub
1056 1819 1126 1847 idem
1147 1823 1252 1855 tempus
1274 1821 1407 1854 autumni,
1427 1826 1490 1849 ante
1505 1821 1668 1849 matutinum
1687 1830 1728 1850 oo-

952 1873 1054 1898 casum,
1080 1865 1219 1893 Pleiadum
1243 1868 1415 1902 vespertinus
1441 1873 1518 1896 ortus
1541 1868 1640 1895 accidit
1657 1878 1665 1896 :
1685 1869 1728 1896 cui

952 1911 1060 1946 quidem
1074 1911 1175 1940 diversi
1190 1912 1259 1948 apud
1273 1913 1416 1941 Geminum
1429 1919 1456 1941 et
1473 1914 1644 1941 Ptolemaeum
1661 1923 1728 1950 pra:-

953 1956 1039 1984 stituti
1059 1961 1122 1983 sunt
1142 1957 1209 1985 dies.
1237 1957 1367 1985 Geminus
1394 1959 1431 1985 ait
1459 1958 1646 1986 Euctemonem
1669 1960 1697 1987 in
1712 1960 1728 1988 ὅ

952 2003 1039 2030 Libra:
1051 2007 1127 2038 parte
1147 2003 1284 2036 statuisse,
1301 2003 1442 2030 Eudoxum
1457 2004 1485 2031 in
1500 2004 1542 2031 10.
1563 2003 1640 2037 Quod
1653 2009 1682 2032 ut
1695 2005 1728 2034 de

952 2048 1069 2084 ἀληθινῷ
1091 2049 1231 2084 capiatur,
1259 2050 1372 2085 contigit
1397 2049 1506 2077 llesiodi
1529 2050 1639 2078 saeculo.
1659 2050 1728 2078 Tum

952 2096 1024 2123 enim
1044 2097 1071 2122 in
1095 2094 1182 2122 Libra:
1204 2094 1237 2121 10
1257 2098 1333 2129 parte
1355 2095 1513 2130 ἀκρονύχως
1526 2095 1685 2123 oriebantur
1700 2096 1728 2123 in

952 2141 1054 2168 Graecia
1084 2140 1207 2175 Vergiliae
1221 2149 1227 2166 :
1242 2140 1363 2167 Thaletis
1385 2145 1475 2168 autem
1500 2144 1622 2176 tempore
1638 2141 1665 2168 in
1683 2141 1727 2174 16,

951 2186 1046 2213 eodem
1061 2185 1088 2212 in
1105 2185 1159 2212 situ
1185 2185 1315 2220 regionis.
1331 2187 1366 2211 At
1381 2184 1486 2213 Metone
1503 2185 1622 2218 vivente,
1640 2186 1668 2214 in
1682 2187 1726 2219 i9,

122 2231 202 2259 micis
217 2231 317 2266 regulis
332 2231 526 2266 triangulorum
541 2238 601 2266 ope,
620 2237 652 2257 ac
663 2228 789 2257 metliodo
802 2229 900 2256 consti-
916 2240 937 2267 ι)
951 2229 1014 2257 Julii
1033 2230 1150 2264 denique
1171 2229 1287 2257 Cmsaris
1306 2237 1362 2257 aevo
1378 2231 1404 2256 in
1425 2230 1470 2258 23.
1494 2230 1581 2266 Atque
1603 2231 1644 2258 hae
1665 2236 1728 2259 sunt

122 2277 236 2309 tuimus,
259 2276 410 2311 plusculum
434 2277 569 2304 interdum
592 2275 720 2303 recedere
745 2275 898 2303 videantur.

125 2323 152 2349 Id
174 2331 206 2350 eo
222 2322 250 2349 fit
263 2324 334 2358 quod
349 2323 495 2358 scriptores
510 2323 559 2354 illi,
577 2322 624 2358 qui
646 2329 736 2350 rerum
757 2321 798 2348 vel
813 2324 900 2356 gesta-

125 2374 185 2393 rum
205 2367 373 2399 memoriam,
388 2370 430 2394 vel
448 2367 601 2394 communis
615 2367 648 2394 ad
668 2374 747 2394 usum
765 2366 826 2393 vitae
837 2373 900 2401 spe-

125 2412 254 2439 ctantium
274 2413 463 2440 tractationem
480 2413 636 2445 instituunt,
650 2413 773 2448 populari
786 2413 899 2444 trutina,

125 2462 151 2485 et
168 2466 307 2491 sensuum,
321 2458 448 2493 vulgique
460 2458 564 2492 judicio
580 2463 607 2486 et
630 2459 821 2491 aestimatione,
847 2466 899 2486 non

125 2502 226 2536 limata,
242 2509 269 2531 et
279 2504 370 2531 subtili
384 2504 490 2531 ratione
506 2504 558 2531 ista
572 2504 740 2532 describunt.
758 2504 848 2537 Quare
866 2512 899 2531 ex

125 2556 157 2576 eo
168 2549 241 2576 omni
262 2554 394 2584 tempore,
416 2549 487 2584 quod
511 2549 630 2576 siderum
647 2554 725 2578 ortus
743 2554 771 2577 et
784 2557 899 2578 occasus

125 2595 246 2630 ἀκριὸεῖς
266 2595 394 2622 mediocri
415 2595 504 2629 spatio
527 2595 570 2621 vel
591 2596 739 2622 matutinos
763 2597 897 2630 sequitur,

125 2641 166 2668 vel
185 2641 318 2668 antecedit
340 2641 526 2675 vcspertinos;
550 2641 596 2667 alii
617 2641 686 2667 alios
705 2642 808 2676 eligunt
829 2642 898 2674 dies,

124 2687 223 2722 quibus
237 2687 302 2713 oriri
313 2686 414 2717 stellas,
429 2687 471 2713 vel
483 2686 606 2713 occidere
627 2688 814 2721 pronuntiant,
830 2696 899 2722 prte-

125 2732 218 2759 sertim
231 2739 292 2759 cum
308 2733 485 2768 ἐπισημασίαι
500 2732 726 2765 vehementiores,
741 2735 767 2759 et
779 2733 898 2767 insignes

125 2777 196 2805 aeris
212 2778 373 2806 mutationes
391 2779 512 2805 incidunt
531 2787 537 2805 :
560 2785 620 2812 qua
644 2779 724 2805 (-ertis
748 2778 801 2805 illis
826 2778 898 2806 side-

124 2823 201 2850 ribus
232 2832 265 2851 cx
299 2825 408 2859 antiqua
438 2829 465 2852 et
493 2832 508 2851 a
537 2825 686 2859 majoribus
709 2824 807 2851 tradita
839 2825 898 2859 opi-

123 2869 206 2898 nione
217 2870 298 2898 tribui
309 2871 440 2898 solebant.
452 2870 528 2904 Quod
543 2870 575 2897 ad
591 2871 712 2904 effectus,
727 2875 753 2899 et
764 2872 896 2906 ἐπισημα-

951 2276 1082 2311 ἁληθιναὶ,
1098 2280 1124 2303 et
1137 2275 1279 2310 ἀκρόνυχοι
1292 2275 1428 2309 ὲπιτολαί,
1448 2283 1516 2311 quas
1527 2277 1619 2312 utique
1627 2285 1728 2312 praece-

951 2321 1017 2348 dunt
1035 2326 1206 2356 apparentes.
1224 2322 1267 2349 Eae
1283 2330 1364 2358 porro
1379 2324 1502 2358 repetitis
1516 2324 1611 2352 diebus
1629 2324 1727 2359 saepius

951 2366 1102 2395 incurrunt.
1130 2367 1167 2395 Ex
1195 2369 1293 2403 quibus
1316 2373 1389 2397 certa
1408 2370 1459 2397 sibi
1475 2370 1591 2405 quisque
1606 2374 1726 2406 tempora

949 2414 1081 2448 sumpsit,
1099 2414 1197 2448 quibus
1213 2415 1277 2441 oriri
1294 2414 1415 2442 Pleiadas
1428 2416 1508 2450 paulo
1523 2420 1584 2451 post
1598 2423 1726 2444 occasum

950 2459 1035 2486 solcm
1049 2459 1161 2486 diceret.

985 2507 1012 2533 In
1023 2506 1159 2534 Ptolemzei
1190 2508 1280 2535 libello
1300 2507 1396 2536 Latino
1409 2508 1534 2537 Octobris
1545 2509 1682 2542 Kalendis,
1698 2515 1725 2538 et

949 2553 1070 2580 secundo
1094 2553 1147 2586 die,
1166 2562 1238 2581 nono
1249 2562 1280 2581 ac
1296 2554 1457 2582 duodecimo
1468 2575 1476 2588 ,
1497 2555 1566 2582 idem
1588 2555 1632 2583 ille
1648 2561 1725 2584 ortus

949 2599 1103 2626 adnotatur.
1128 2599 1219 2628 Potest
1245 2600 1278 2627 de
1292 2605 1354 2628 ortu
1371 2608 1436 2628 vero
1456 2602 1493 2628 ita
1507 2601 1650 2636 scripsisse
1663 2603 1724 2629 libri

949 2645 1030 2680 hujus
1045 2649 1141 2673 auctor
1152 2666 1159 2677 ,
1175 2647 1220 2681 qui
1242 2647 1345 2681 putavit
1364 2647 1394 2674 in
1404 2647 1510 2674 Libram
1527 2647 1628 2682 ingredi
1641 2649 1724 2676 solem

948 2691 991 2718 die
1008 2690 1172 2726 Septembris
1187 2701 1229 2719 χιχ
1245 2702 1251 2720 :
1268 2701 1282 2720 a
1298 2701 1352 2727 quo
1372 2692 1496 2720 Kalendae
1515 2693 1638 2722 Octobris
1652 2695 1725 2723 deci-

947 2745 1008 2765 mus
1018 2739 1114 2765 tertius
1129 2738 1186 2765 dies
1201 2743 1241 2765 est
1251 2758 1258 2771 ,
1275 2746 1365 2766 nonus
1374 2746 1438 2766 vero
1451 2739 1596 2768 vicesimus
1607 2741 1722 2776 primus.

947 2783 1122 2812 dttodecimus
1155 2788 1267 2819 quartus
1285 2787 1312 2811 et
1335 2784 1491 2812 vicesimus.
1505 2783 1556 2818 Qui
1571 2790 1724 2820 postremus

947 2829 1017 2854 ortui
1040 2829 1147 2856 Iuliano
1164 2830 1316 2865 acronycho
1331 2829 1467 2862 convenit,
1492 2832 1583 2858 caeteri
1610 2831 1724 2860 Metonis

947 2872 1114 2908 aliorumque
1126 2875 1225 2902 saeculo
1235 2874 1380 2910 quadraut.
1390 2874 1452 2903 Haec
1468 2882 1501 2903 ex
1515 2877 1635 2905 auctoris
1652 2877 1725 2905 illius
