1900 3137
201 154 270 183 I383

708 153 752 180 ΑἹ)
770 153 903 181 EUSEBII
917 152 1113 182 CIIRONICON
1134 151 1318 180 APPENDIX.

1760 154 1829 183 ιδδι

200 211 268 238 falsa
281 210 458 245 persuasione
468 210 501 237 de
517 210 643 245 ingressu
661 210 730 237 solis
747 211 774 237 in
789 210 982 239 dodecatemo-
997 215 1021 244 Α
1035 211 1134 238 οωιυιη
1156 215 1207 242 est,
1222 210 1357 238 horizonti
1381 209 1488 246 ἀτμώδη
1507 210 1659 246 quemdam
1675 217 1770 238 aerem
1787 211 1830 237 in-

199 257 241 282 ria
253 260 348 282 octavo
359 260 420 282 ante
433 254 559 282 cardines
575 255 620 281 die
640 255 712 281 haud
728 255 845 283 absurde
859 257 983 291 suspica-

200 309 283 328 mur:
299 301 419 335 alioquin
445 301 478 327 ad
504 300 667 336 φαινομένην
690 301 815 337 ἐπιτολὴν
833 302 982 337 ἀκρόνυχον

200 345 297 373 referri
319 349 456 379 poterunt.

235 390 363 424 Sequitur
389 389 562 424 vespertinus
591 397 710 417 occasus
731 390 881 424 Pleiadum,
902 400 982 427 quem

201 435 329 462 Geminus
347 435 542 462 Euctemoncm
569 436 605 462 ait
626 436 653 462 in
669 436 702 463 I0
725 441 802 472 parte
819 438 917 465 Arietis
934 447 983 473 po-v

204 489 268 508 nere
281 490 287 514 ;
300 480 441 508 Eudoxum
455 484 482 507 et
497 480 679 508 Democritum
692 482 720 508 in
732 482 774 509 I5.
792 482 847 517 Ego
863 483 983 512 Thaletis

198 531 318 561 tempore
343 534 474 553 occasum
504 526 662 554 earumdem
692 527 827 555 lrcliacum
849 529 984 558 accidisse

199 571 338 606 comperio
351 572 378 598 in
395 576 470 606 parte
478 571 579 599 Arietis
593 572 642 604 IO;
657 571 772 600 Metonis
784 577 874 601 autem
888 575 916 601 in
932 575 981 602 I5:

198 617 270 652 quod
282 617 348 644 satis
354 617 478 651 quadrat.
487 617 609 644 Addebat
617 617 785 646 Democritus
796 619 878 647 latere
887 620 985 648 deinde

198 665 271 689 totos
284 661 342 688 dies
355 668 389 687 ιι.
404 670 411 687 :
424 661 495 696 quod
512 660 622 688 Hesiodi
639 665 760 696 tempore
782 671 876 690 verum
900 664 984 692 fuisse

167 701 171 705 ’
198 705 458 733 demonstravimus.
485 705 640 738 Quinetiam
664 705 785 735 Thaletis
800 712 923 742 tempore
936 717 983 736 oc-

200 758 281 778 casus
297 750 418 778 heliacus
432 751 459 777 in
472 750 571 778 Arietis
592 751 626 778 10
637 771 645 783 ,
667 757 743 780 ortus
759 753 877 780 in‘Tauri
889 754 921 781 16
939 755 985 782 lie.

200 796 451 823 bat:intervallum
483 796 589 823 dierum
618 804 665 824 sex
693 801 720 825 ct
744 799 865 834 triginta.
883 798 984 827 Verum

200 841 253 869 hoc
272 842 300 869 in
332 849 386 869 una
401 841 580 878 Vergiliarum
603 844 694 872 lucida
711 845 825 880 contigit
843 855 849 872 :
865 853 927 873 nam
942 847 985 874 ul-

199 887 266 915 tima
288 887 322 914 ad
343 888 475 915 orientem
491 894 609 924 quatuor
623 890 666 917 vel
682 890 802 926 quinque
816 891 912 920 diebus
922 897 984 927 post

198 933 272 960 illam
288 936 377 960 ortum
393 933 527 961 heliacum
542 934 647 967 habuit,
666 938 696 962 ut
715 935 749 963 de
764 939 821 964 tuto
840 938 983 966 asterismo

199 978 373 1006 verissimum
388 978 435 1011 sit,
449 979 562 1007 latuisse
577 980 635 1007 dies
652 981 772 1008 totidem.
789 981 904 1010 Metonis
921 991 983 1011 ecce

200 1029 321 1059 tempore
332 1024 427 1051 lucida
443 1023 584 1052 Pleiadum
607 1032 721 1053 occasus
742 1026 863 1055 heliacus
885 1028 981 1056 incidit

199 1069 229 1097 in
241 1069 354 1104 gradum
375 1069 476 1096 Arietis
489 1069 533 1101 15,
545 1073 622 1098 ortus
638 1074 782 1105 postrema:
802 1072 836 1099 ad
851 1073 982 1103 orientem

200 1115 322 1143 heliacus
337 1115 363 1142 in
379 1115 490 1150 gradum
506 1115 589 1143 Tauri
608 1116 644 1144 25
663 1126 670 1143 :
687 1118 858 1146 intervallum
877 1120 982 1148 dierum

200 1167 266 1188 nu.
296 1159 341 1187 Sic
368 1160 396 1186 in
423 1167 475 1186 una
498 1159 587 1188 lucida
610 1160 792 1197 Vergiliarum
810 1163 903 1193 Romae
917 1166 981 1194 Julii

200 1207 316 1235 Caesaris
344 1212 464 1242 tempore
484 1207 601 1243 idipsum
626 1210 746 1244 reperies
765 1218 846 1238 :nam
867 1220 981 1242 occasus

198 1253 321 1281 heliacus
345 1252 373 1280 in
401 1253 486 1288 gradu
509 1253 610 1282 Arietis
630 1255 674 1288 I8,
691 1259 767 1284 ortus
794 1258 822 1284 in
845 1258 928 1286 Tauri
947 1261 982 1288 50

201 1298 292 1327 factus
306 1303 366 1327 est:
382 1299 530 1327 discrimen
555 1300 660 1328 dierum
675 1309 741 1329 mi.
763 1302 898 1332 Ptolemaei
915 1306 982 1333 liber

201 1344 317 1385 Latinus
333 1345 435 1380 Aprilis
453 1353 483 1372 ιιι
499 1346 612 1373 ascribit
634 1354 762 1375 occasum
797 1351 981 1385 vespertinum

199 1388 382 1425 Vergiliarum
399 1390 465 1425 :qui
494 1390 552 1418 dies
566 1396 608 1419 est
630 1392 751 1421 decimus
774 1401 861 1422 nonus
881 1403 897 1422 a
913 1396 982 1424 falso

200 1442 280 1469 quem
309 1435 413 1469 putavit
445 1435 545 1463 Arietis
574 1435 708 1471 ingressu.
742 1437 854 1466 Ovidius
882 1440 981 1474 Aprilis

200 1479 319 1508 secundo
350 1480 457 1515 posuit:
474 1481 520 1515 qui
533 1485 560 1508 et
581 1482 681 1510 Arietis
696 1483 804 1510 initium
823 1485 928 1514 confert
952 1487 980 1514 in

1035 258 1135 284 cubare
1149 257 1183 284 ad
1200 256 1369 284 altitudinem
1393 257 1509 291 partium
1524 256 1641 284 circiter
1663 255 1710 289 l7,
1722 259 1772 283 aut
1785 257 1828 288 I8,

1033 302 1147 330 densum
1175 302 1253 335 adeo,
1271 307 1301 329 ut
1317 310 1364 337 per
1379 302 1453 329 illum
1466 302 1584 337 majores
1598 303 1688 330 stella:
1703 311 1761 330 non
1774 306 1831 330 trs-

1033 347 1158 379 luceant,
1189 347 1243 374 nisi
1262 354 1344 382 supra
1373 346 1542 374 horizontem
1563 347 1700 382 gradibus
1723 347 1831 382 aliquot

1034 391 1205 425 exstiterint;
1224 391 1348 419 Pleiades
1363 399 1427 419 vero
1450 392 1478 419 in
1499 392 1559 426 ipso
1584 391 1675 427 gradu
1697 391 1734 419 17
1757 400 1830 427 saepe

1034 439 1194 467 delitescant
1210 449 1216 465 :
1231 439 1304 474 quod
1333 443 1464 466 autumno
1488 447 1543 466 non
1562 439 1652 466 semel
1681 447 1715 467 se
1731 440 1829 466 obser-

1033 494 1111 513 vasse
1118 485 1270 512 conlirmat.
1283 485 1322 512 Ex
1333 492 1388 520 quo
1400 492 1469 512 nova
1479 484 1598 519 quadam
1615 485 1732 512 ratione
1747 485 1827 517 oriri,

1033 531 1075 558 vel
1091 531 1216 558 occidere
1237 531 1315 558 stella
1340 531 1450 564 dicitur,
1474 531 1582 566 quando
1599 538 1633 558 ex
1658 531 1709 558 illo
1728 539 1827 566 vapore

1034 577 1159 612 primitus
1172 577 1295 612 emergit,
1314 581 1361 604 aut
1374 577 1401 604 in
1414 585 1475 604 eum
1491 577 1631 604 conditur.
1649 576 1701 604 His
1714 585 1750 604 ex
1760 585 1826 604 cau-

1034 623 1074 650 sis
1089 623 1256 658 scriptorum
1275 623 1320 649 illa
1329 623 1446 650 varietas
1457 623 1484 649 in
1494 622 1667 658 designando
1683 623 1826 650 stellarum

1035 673 1109 701 ortu,
1126 676 1280 704 occasuque
1297 669 1406 704 petitur.
1420 667 1487 695 Nam
1501 669 1534 695 ad
1550 668 1648 703 viginti
1663 667 1728 695 dies
1744 676 1826 703 usque

1034 716 1096 748 post
1117 720 1208 746 veros,
1236 717 1396 748 apparentes
1412 713 1456 741 isti
1472 717 1549 740 ortus
1574 713 1824 748 immersionesque

1034 759 1206 794 contingunt.

1337 815 1451 843 CAI’UT
1473 816 1507 843 Χ.

999 879 1021 908 Β
1035 861 1073 889 De
1088 861 1213 897 bipertita
1231 862 1294 889 anni
1320 863 1442 908 “etiope,
1455 871 1546 908 quam
1565 862 1692 898 Vergiliis
1708 863 1823 899 plerique

1362 897 1491 924 tribuum.

1068 942 1190 971 Illustres
1204 943 1232 970 in
1247 944 1316 971 cmlo
1328 943 1461 979 Vergilias
1473 951 1505 971 ea
1519 951 1564 971 res
1582 944 1766 979 potissimum
1791 945 1823 972 fe-

1033 989 1080 1023 cit,
1098 990 1170 1024 quod
1181 997 1273 1017 earnm
1291 990 1482 1017 observatione
1501 997 1609 1017 annuas
1633 994 1820 1025 tempestates,

1033 1040 1090 1063 tum
1113 1036 1211 1064 messis
1236 1043 1268 1062 ac
1285 1035 1412 1064 sementis
1428 1039 1548 1070 tempora
1568 1035 1747 1072 distinguere
1757 1045 1822 1064 mor-

1032 1081 1100 1108 tales
1115 1081 1250 1116 quondam
1259 1080 1388 1108 solerent.
1398 1079 1502 1107 Etenim
1515 1081 1672 1108 matutinus
1679 1080 1818 1108 Pleiadum

1032 1130 1125 1159 ortus,
1141 1131 1168 1154 et
1182 1126 1302 1162 ὲπιτολὴ,
1328 1134 1408 1162 quem
1436 1126 1569 1154 heliacum
1586 1132 1702 1160 vocant,
1721 1129 1820 1155 aestatis

1033 1179 1065 1199 ac
1089 1173 1186 1200 messis
1213 1173 1319 1200 initium
1335 1172 1434 1206 dabat;
1450 1180 1565 1201 occasus
1584 1181 1652 1201 vero
1669 1173 1819 1201 matutinus

1032 1217 1131 1246 hiemis
1144 1221 1224 1253 atque
1248 1218 1387 1246 sementis.
1405 1217 1444 1244 Ita
1467 1218 1594 1245 bifariam
1612 1218 1817 1254 quodammodo

1031 1265 1222 1300 partiebantur
1233 1272 1345 1292 annum.
1361 1264 1450 1292 Testis
1459 1270 1500 1292 est
1514 1264 1650 1293 Hesiodus
1665 1265 1817 1300 antiquitus

1032 1311 1059 1338 id
1077 1310 1105 1338 in
1121 1310 1225 1338 Graecia
1250 1310 1351 1337 factum
1365 1318 1425 1338 esse
1437 1310 1562 1338 versibus
1582 1312 1628 1345 iis,
1642 1318 1716 1346 quos
1733 1311 1819 1347 capite

1031 1357 1168 1393 superiori
1184 1357 1335 1385 retulimus.
1351 1357 1418 1384 Tum
1431 1357 1559 1392 deinceps
1576 1358 1719 1386 innumeri
1735 1358 1819 1386 Graeci

1032 1411 1064 1431 ac
1084 1403 1173 1430 Latini
1199 1404 1309 1439 scriptis
1338 1403 1409 1431 idem
1438 1403 1592 1438 prodidere.
1611 1404 1705 1437 Quare
1732 1404 1819 1433 Theo-

1032 1449 1160 1484 phrastus
1173 1449 1244 1476 libro
1256 1450 1293 1476 De
1305 1450 1387 1484 signis
1403 1449 1551 1484 pluviarum
1562 1449 1700 1484 Vergilias
1716 1458 1817 1478 annum

1032 1494 1157 1522 bifariam
1183 1494 1279 1529 partiri
1309 1495 1403 1522 scribit
1426 1494 1468 1521 his
1493 1495 1584 1522 verbis
1604 1504 1611 1522 :
1633 1495 1820 1530 Διχοτομείδὲ

199 1533 235 1552 xv
254 1524 388 1552 Kalendas
406 1525 511 1560 Apriles
531 1534 546 1553 a
561 1534 616 1562 quo
635 1528 770 1557 secundus
786 1529 886 1565 Aprilis
909 1531 979 1559 deci-

1033 1540 1076 1566 τὸν
1087 1540 1135 1574 μὲν
1146 1524 1265 1566 ὲνιξιυτὺν
1274 1539 1373 1571 Πλειὰς
1388 1548 1418 1565 τε
1433 1539 1547 1575 διδομένη
1559 1540 1605 1566 καὶ
1620 1524 1816 1567 ἀνάξέλὶῑουςα·

200 1578 262 1598 mus
279 1575 371 1598 sextus
401 1575 443 1599 est
465 1571 533 1599 dies.
549 1571 611 1600 Haec
633 1581 686 1600 non
703 1575 772 1602 male
793 1583 854 1602 cum
880 1584 980 1604 occasu

199 1616 298 1643 lucidas
311 1615 450 1644 Pleiadum
467 1619 651 1647 astronomico
672 1621 856 1648 consentiunt.
879 1621 980 1651 Exinde

199 1669 238 1688 xu
254 1661 354 1696 Aprilis
374 1661 554 1698 Vergiliarum
579 1664 713 1700 reliquum
736 1665 862 1693 occidere
874 1668 978 1696 scribit.

200 1705 288 1733 Etiam
300 1706 350 1734 hoc
368 1712 559 1740 consentanee,
577 1709 672 1744 utjam
687 1709 814 1737 diximus.

235 1752 270 1778 At
295 1751 399 1780 Plinius
428 1752 475 1779 lib.
503 1751 596 1785 XVIII,
620 1761 679 1788 cap.
702 1753 799 1786 XXVI,
812 1755 892 1782 tertio
905 1754 976 1782 Non.

199 1796 300 1831 Aprilis
325 1797 353 1824 in
382 1798 472 1824 Attica
499 1799 605 1834 vesperi
625 1799 758 1826 occultari
772 1799 905 1835 Vergilias
931 1802 978 1833 ait,

200 1843 309 1869 easdem
325 1843 456 1878 postridie
471 1843 498 1870 in
510 1841 629 1877 Bmotia;
645 1844 744 1872 Caesari
758 1850 847 1873 autem
860 1850 886 1873 et
898 1846 979 1874 Chal-

200 1888 266 1916 daeis
280 1887 373 1917 Nonis.
390 1889 558 1917 Columnella
574 1890 620 1916 lib.
642 1889 686 1924 IX,
700 1898 760 1926 cap.
775 1891 805 1923 ll,
822 1896 924 1919 octavo
939 1892 977 1921 Id.

198 1934 301 1968 Aprilis
314 1934 359 1969 qui
377 1934 436 1962 dies
446 1939 488 1963 est
511 1939 615 1968 sextus,
630 1935 760 1971 Vergilias
777 1945 888 1972 vespere
898 1939 979 1966 celari

199 1979 281 2013 dicit;
298 1980 404 2008 decimo
418 1989 481 2008 vero
496 1981 630 2010 Kalendas
646 1981 730 2011 Maias
744 1990 805 2010 cum
821 1983 877 2011 sole
889 1985 953 2012 oriri
970 1994 977 2013 :

199 2034 279 2062 quem
294 2028 384 2054 ortum
400 2028 549 2055 cosmicum
565 2033 673 2056 vocant.

233 2069 373 2098 Postremo
387 2079 437 2100 nec
449 2072 514 2099 illud
529 2072 579 2100 hoc
591 2073 617 2100 in
629 2074 736 2109 negotio
752 2075 978 2103 contemnendum

198 2115 305 2143 videtur
317 2126 323 2143 :
336 2116 389 2144 diei
413 2117 575 2153 principium
600 2127 654 2146 non
670 2120 704 2147 ab
721 2120 780 2155 ipso
793 2125 896 2148 tantum
913 2122 978 2150 solis

199 2165 306 2195 exortu,
320 2160 367 2189 sed
382 2161 416 2188 ab
427 2169 526 2189 aurora
540 2162 614 2197 ipsa,
634 2164 677 2191 vel
693 2164 910 2193 increbrescente
924 2174 978 2193 ma-

1031 1585 1084 1612 ἀπὸ
1097 1585 1150 1621 γὰρ
1160 1585 1261 1618 δύσεως
1281 1585 1360 1621 μέχρι
1376 1585 1508 1620 ἀνατολῆς
1524 1586 1553 1612 τὸ
1566 1586 1652 1621 ἥμισυ
1668 1586 1717 1613 τοῦ
1729 1587 1818 1613 ἐνιαυ-

1029 1632 1078 1658 τοῦ
1104 1633 1186 1659 ἐστιν.
1202 1642 1211 1658 ‹
1233 1632 1332 1660 Secant
1356 1640 1454 1659 annum
1479 1632 1606 1667 bipartito
1633 1632 1817 1668 Vergiliarum

1031 1682 1143 1706 exortus
1159 1683 1185 1705 et
1199 1685 1324 1706 occasus.
1344 1678 1385 1705 Ab
1400 1685 1499 1705 occasu
1513 1679 1585 1705 enim
1600 1678 1712 1705 illarum
1729 1686 1819 1714 usque

1030 1723 1065 1751 ad
1077 1728 1212 1756 exortum,
1231 1724 1294 1750 anni
1322 1723 1465 1751 dimiditlm
1487 1727 1538 1751 est.
1557 1732 1568 1749 ι
1586 1722 1667 1756 Quod
1687 1724 1778 1758 ipsum
1792 1728 1818 1751 et

1029 1768 1116 1796 Varro
1143 1769 1264 1804 sequitur
1274 1769 1321 1796 lib.
1343 1768 1353 1795 1
1372 1768 1409 1795 De
1426 1777 1452 1795 re
1472 1773 1551 1802 rust.,
1568 1775 1630 1803 cap.
1649 1767 1777 1802 XXVIII;
1791 1775 1817 1796 et

1029 1814 1129 1842 diserte
1152 1813 1255 1842 Plinius
1274 1815 1320 1841 lib.
1338 1813 1432 1848 XVIII,
1461 1821 1520 1849 cap.
1538 1813 1636 1846 XXIX,
1653 1815 1702 1842 ubi
1721 1814 1816 1850 Vergi-

1030 1860 1081 1888 lias
1105 1869 1115 1886 ι
1138 1864 1232 1888 exortu
1260 1868 1309 1887 suo
1337 1864 1457 1887 aestatem
1492 1859 1611 1894 incipere
1634 1860 1689 1893 ait.
1716 1868 1815 1888 occasu

1030 1907 1156 1939 hiemem,
1186 1906 1308 1934 semestri
1339 1905 1428 1941 spatio
1447 1905 1518 1932 intra
1539 1913 1568 1933 se
1592 1907 1815 1938 messes,\'inde-

1029 1951 1161 1986 miasque,
1192 1956 1219 1978 ct
1240 1951 1360 1978 omnium
1385 1952 1568 1979 maturitatem
1601 1953 1772 1988 complexas.
1802 1962 1811 1978 ι

1033 1998 1132 2026 Aratus
1147 2006 1212 2026 vero
1229 2007 1236 2025 :

1028 2056 1063 2081 Al
1070 2054 1211 2089 μὲνόμως
1226 2055 1321 2088 ὀλίγαι
1334 2054 1381 2081 καὶ
1390 2054 1531 2089 ἀφεγγέες
1541 2063 1547 2069 ·
1563 2055 1634 2082 ἀλλ’
1648 2055 1812 2089 ὀνομαστοὶ

1027 2088 1101 2123 Ἦρι,
1116 2088 1163 2116 mil
1177 2089 1313 2123 ἑσπέριαι
1320 2098 1326 2104 ·
1344 2088 1418 2123 Ζεὺῤ
1430 2088 1456 2116 δἱ
1474 2090 1567 2123 αἴτιος
1578 2088 1780 2123 εἱλίσσονται,

1031 2127 1079 2157 Ὃς
1088 2125 1177 2158 σφίσι
1192 2125 1240 2151 καὶ
1254 2124 1363 2158 θέρεος,
1375 2126 1421 2151 καὶ
1438 2125 1576 2159 χείματος
1588 2124 1770 2159 ἀρχομένοιο

1028 2159 1190 2194 Σημαινειν
1203 2160 1375 2192 ἐκέλευσεν,
1387 2160 1585 2195 ἐπερχομένου
1597 2160 1620 2186 τ’
1637 2160 1768 2193 ἀρότοιο.

199 2208 287 2234 tutino
297 2209 457 2243 crepusculo
466 2211 634 2245 populariter
649 2211 735 2246 accipi
753 2221 758 2238 :
774 2212 853 2240 linem
869 2221 977 2249 quoque
993 2217 1015 2244 D
1027 2205 1142 2233 δίοθτοε

199 2252 266 2279 alias
277 2252 310 2279 ab
322 2260 420 2281 occasu
430 2255 505 2285 solis.
520 2256 587 2283 alias
602 2256 634 2283 ab
656 2256 790 2284 lucidiore
806 2261 977 2293 crepusculo.

200 2296 245 2324 Sic
259 2297 366 2326 Orionis
386 2301 582 2335 προκατάδυςιν
605 2301 675 2338 ἑῴαν
700 2303 799 2332 Aratus
822 2304 976 2341 descripsit,

198 2349 229 2371 ut
243 2345 351 2380 exponit
366 2344 438 2372 Theo
456 2355 462 2372 :

286 2422 298 2440 ._
328 2421 340 2440 ί.
367 2423 386 2440 _.
425 2404 487 2440 ᾴδὲ
507 2405 606 2432 δύεται
620 2406 691 2440 ἠῶθι
705 2407 761 2440 πρὸ

291 2437 406 2471 Ἀθρόος
427 2439 536 2472 Ὠρίων.

197 2492 317 2519 τουτέστι
333 2493 384 2528 πρὸ
401 2493 449 2528 τῆς
462 2494 535 2528 huic,
555 2504 565 2520 ι
585 2500 647 2523 ante
666 2504 802 2525 auroram.
822 2508 831 2524 ι
849 2498 928 2531 Hinc,
948 2504 978 2527 ut

196 2537 270 2572 quod
298 2546 410 2573 quaeque
434 2540 510 2566 stella
532 2541 692 2569 alterutrum
716 2545 842 2578 przecedit
870 2545 976 2572 initium

197 2582 309 2613 finemve
338 2584 470 2618 sequitur,
498 2589 533 2611 ita
551 2585 609 2619 ejus
634 2586 746 2615 orientis
763 2588 805 2615 vel
826 2589 976 2617 occidentis

197 2627 302 2656 diversa
317 2629 404 2664 spatia
417 2630 546 2657 constitui
565 2631 696 2659 solebant.

230 2672 362 2702 Prreterea
379 2675 471 2703 docuit
486 2685 537 2704 nos
559 2675 721 2705 Godefridus
738 2677 915 2711 Vendelinus,
933 2681 975 2708 vir

196 2718 224 2745 in
239 2719 281 2747 his
289 2720 440 2756 disciplinis
456 2722 579 2756 apprime
596 2722 692 2750 doetus
716 2731 747 2751 ac
758 2724 908 2752 cmlestium
927 2727 975 2753 ob-

196 2766 378 2793 servationum
396 2775 446 2794 usu
462 2767 588 2800 detritus,
608 2769 827 2797 animadversum
839 2778 854 2797 a
870 2778 899 2798 se
912 2779 974 2805 par-

197 2807 246 2834 tim
272 2809 298 2836 in
322 2811 483 2840 Massiliensi
510 2814 659 2848 provincia,
685 2816 784 2850 partim
810 2816 836 2842 in
868 2816 972 2851 Belgio,

196 2853 297 2881 astivis
323 2856 416 2886 diebus
427 2862 452 2886 ct
472 2864 611 2893 autumno,
629 2868 689 2888 cum
711 2868 838 2889 serenum
857 2862 972 2890 maxime

1065 2253 1100 2279 At
1116 2260 1236 2286 magnum
1252 2261 1343 2279 nomen
1353 2253 1430 2286 signi.
1443 2251 1593 2286 claramque
1608 2256 1730 2284 uocatur,

1070 2287 1218 2320 Propterea,
1236 2287 1303 2321 quod
1315 2292 1338 2313 et
1349 2288 1446 2314 tralatis
1461 2287 1606 2321 primordia
1616 2287 1731 2320 starent,

1064 2321 1098 2348 Et
1114 2324 1171 2356 post
1188 2322 1287 2349 hiberni
1302 2322 1471 2356 prwpaudens
1496 2323 1617 2356 temporis
1636 2327 1712 2349 ortus

1064 2357 1201 2390 Admonet,
1215 2363 1243 2384 ut
1255 2358 1375 2384 mandant
1390 2357 1512 2384 mortales
1527 2357 1625 2384 sentina
1640 2358 1731 2384 terris.

1065 2413 1119 2442 Sed
1137 2415 1270 2442 matutino
1294 2414 1320 2441 id
1331 2418 1392 2442 ortu
1404 2419 1431 2442 et
1446 2421 1544 2441 occasu
1558 2413 1649 2441 facere
1662 2412 1808 2449 Vergilias,

1029 2460 1128 2488 Aratus
1157 2461 1267 2494 cecinit,
1295 2469 1348 2488 non
1375 2461 1502 2496 exprimit
1525 2461 1631 2488 Cicero.
1649 2460 1684 2486 At
1712 2459 1808 2488 Festus

1028 2506 1146 2536 Avienus
1160 2507 1212 2535 hoc
1233 2507 1454 2543 interpretatione
1468 2515 1517 2534 sua
1531 2505 1667 2534 reddidit:

1099 2584 1105 2591 .
1145 2585 1152 2591 .
1191 2585 1198 2592 .
1237 2586 1244 2592 .
1283 2564 1353 2591 Nam
1367 2565 1390 2591 si
1404 2573 1430 2591 se
1443 2564 1543 2599 gurgite
1556 2563 1652 2599 tollunt

1066 2599 1198 2635 Vergiliae,
1215 2608 1307 2635 curvas
1321 2601 1348 2626 in
1358 2600 1426 2633 ﬂava
1441 2598 1544 2626 novalia
1557 2598 1638 2632 falces

1061 2634 1188 2662 Exercere
1201 2635 1265 2662 diu.
1277 2634 1307 2662 Si
1314 2634 1425 2661 condunt
1439 2642 1539 2669 (equore
1553 2635 1679 2667 [lauimus
1692 2651 1701 2663 ,

1062 2669 1192 2697 Tellurem
1207 2678 1295 2704 presso
1306 2669 1470 2704 proscindere
1482 2674 1580 2702 tempus
1597 2672 1702 2694 aratro.

1060 2725 1123 2753 Haec
1143 2726 1206 2753 anni
1219 2726 1348 2761 bipartita
1363 2726 1520 2754 distributio
1536 2724 1680 2752 commode
1697 2728 1726 2751 et
1740 2723 1803 2750 πλαο

1024 2772 1112 2803 τυκῶς
1134 2772 1292 2807 accipienda
1305 2776 1355 2804 est,
1374 2780 1429 2799 non
1447 2772 1559 2806 praecise
1578 2777 1610 2797 ac
1633 2769 1733 2804 rigide.
1747 2768 1801 2794 Non

1025 2818 1097 2844 enim
1114 2823 1210 2846 exacte
1227 2825 1346 2846 annuum
1363 2818 1480 2852 spatium
1496 2817 1602 2848 illarum
1621 2819 1695 2847 ortu,
1714 2819 1741 2841 et
1760 2821 1800 2840 oc-

1024 2870 1089 2892 casu
1101 2863 1224 2892 bifariam
1241 2864 1382 2893 dividitur.
1397 2863 1474 2896 Quod
1483 2871 1515 2892 ex
1532 2862 1697 2897 Hippocrate
1715 2858 1801 2894 colligi
