1900 3137
109 166 181 194 I585

496 163 724 192 DISSEII'I‘ATIO
744 164 788 190 DE
807 163 900 191 ()B'I‘U
923 162 965 190 ET
985 163 1117 191 OCCASU
1137 163 1298 192 SIDERUM.

1645 166 1712 194 1586

107 229 201 260 potest
215 236 220 252 :
234 224 311 259 cujus
325 226 368 251 est
386 222 503 250 eximius
521 222 572 249 hac
588 222 620 249 de
635 230 664 250 re
677 222 755 251 locus
770 223 839 250 libro
850 221 882 248 lll
898 222 921 250 A
969 222 1049 250 Anno
1062 222 1293 258 deniqueJuliano
1304 223 1402 258 primo,
1415 224 1456 252 sol
1469 224 1496 251 in
1511 224 1638 253 Geminos
1649 233 1714 253 vero

106 270 316 304 Περὶδιαιτης,
332 268 379 304 qui
401 269 556 296 necessario
578 268 623 295 hic
639 268 810 295 adnotandus
833 273 885 297 est.

109 316 164 342 Τὸν
189 316 236 350 μὲν
262 314 383 341 ἐνιαυτὸν
409 314 437 345 ἐς
464 314 582 349 τέσσαρα
605 314 688 349 μέρεα
708 314 886 350 διαιρέουσιψ

108 360 183 394 ειπερ
204 359 320 395 μάλιστα
341 358 515 393 γινώσκουσιν
529 359 554 385 οἱ
571 358 660 385 πολλοί
674 367 680 373 ·
699 359 828 394 χειμῶνα,
840 357 886 395 ἦρ,

109 406 200 442 θέρος,
225 406 399 441 φθινόπωρον.
423 405 477 431 Καὶ
500 405 618 440 χειμῶνα
639 405 687 440 μὲν
713 406 766 432 ἀπὸ
793 406 890 433 Πλειὰ-

106 451 162 478 δων
177 450 265 481 δύσιος
281 451 344 486 ἄχρι
363 450 507 486 ἰσημερίης
520 450 644 486 ὲαρινῆς”
660 451 709 486 ἔαρ
721 451 749 477 δὲ
762 451 815 477 ἀπὸ
831 453 889 486 ἰση-

110 497 209 532 μερίης
227 497 306 532 μέχρι
326 497 486 532 Ἀρκτούρου
505 496 646 532 ἐπιτολῆς·
668 496 837 532 φθινόπωρον
861 497 889 523 δὲ

107 541 165 568 ἀπὸ
180 541 343 577 Ἀρκτούρου
355 542 435 576 μέχρι
450 541 583 567 Πλειάδων
599 541 698 572 δύσιος.
715 551 724 566 ‹
739 541 846 568 Annum
861 542 889 568 in

110 593 203 622 partes
225 592 340 621 quatuor
361 586 485 614 dividunt
504 594 512 613 :
540 593 608 620 quas
630 587 751 622 plerique
775 587 890 615 maxime

107 632 291 667 (lignoscunt,
315 632 439 664 hiemem,
469 639 530 662 ver.
551 636 690 665 aestatem,
718 635 887 660 autumnum.

109 679 145 705 Iit
175 678 289 705 hiemem
302 678 410 713 quidem
435 679 469 705 ab
480 685 579 706 occasu
601 678 780 714 Vergiliarum
804 687 889 715 usque

109 723 145 749 ad
169 723 359 757 aequinoctium
380 730 509 754 vernum;
532 731 579 750 ver
600 727 690 751 autem
715 724 749 751 ab
766 724 889 760 aequino-

107 769 166 795 ctio
191 776 276 796 verno
300 776 386 804 usque
414 769 447 796 ad
466 773 555 796 ortum
589 769 782 804 Vergiliarum;
806 773 890 797 aesta-

109 819 166 841 tem
197 821 211 840 a
233 813 412 849 Vergiliarum
438 818 499 841 ortu
532 814 566 841 ad
586 820 675 842 ortum
697 815 890 849 Arcturi;'au-

108 863 235 885 tumnum
248 867 311 886 vero
322 859 477 886 abArcturo
488 860 520 887 ad
533 868 660 888 occasum
668 861 858 896 Vergiliarum.
876 871 886 888 ι

109 906 140 932 In
172 906 222 932 hac
246 905 308 932 anni
333 906 531 940 quadripartita
562 907 697 934 divisione
732 915 787 934 non
827 911 890 934 sunt

107 951 224 986 aequalia
241 955 389 986 segmenta,
406 953 453 979 sed
476 953 555 985 longe
570 953 657 987 major
670 954 772 980 :estatis
791 958 818 980 et
833 953 891 981 hie-

109 998 163 1023 mis
178 1001 221 1023 est
245 996 352 1028 modus,
366 1004 447 1032 quam
467 998 538 1025 veris
557 1004 584 1025 et
606 999 745 1031 autumni;
772 1000 816 1026 cui
832 999 890 1027 dies

109 1041 184 1068 haud
201 1042 317 1081 amplius
345 1043 525 1078 quadraginta
551 1043 691 1071 liniuntur.
719 1044 891 1080 Hippocratis

109 1086 224 1117 saeculo,
239 1087 288 1113 hoc
304 1090 345 1114 est
363 1087 487 1118 Metonis,
515 1087 633 1116 Pleiadis
649 1093 726 1117 ortus
741 1090 891 1118 matutinus

111 1137 140 1159 et
170 1132 291 1160 heliacus
316 1133 430 1168 contigit
457 1133 483 1160 in
511 1133 594 1161 Tauri
618 1139 692 1169 parte
714 1134 757 1166 I9,
783 1135 890 1162 Arcturi

107 1182 188 1204 ortus
203 1178 230 1204 in
240 1176 359 1211 Virginis
368 1178 403 1204 25
413 1187 419 1205 :
429 1178 600 1206 intervallum
610 1179 748 1214 signorum
764 1184 889 1214 quatuor,

109 1222 243 1256 graduum
256 1222 281 1249 6.
299 1221 414 1249 Tantum
437 1223 531 1250 aestivo
556 1229 693 1258 segmento
713 1224 890 1259 Hippocrates

108 1267 260 1300 emetitur;
275 1270 303 1294 at
316 1275 400 1295 verno
411 1268 524 1302 tempori
537 1269 595 1296 dies
607 1276 660 1295 non
677 1270 792 1304 amplius
807 1278 853 1297 sex
864 1274 891 1297 et

109 1305 222 1346 triginta
234 1316 400 1346 competunt.
417 1311 523 1340 Rursus
540 1320 654 1340 occasus
670 1314 844 1348 vespertinus
858 1322 890 1342 ac

108 1365 193 1384 verus
205 1356 341 1384 Pleiadum
359 1357 438 1384 liebat
451 1358 477 1384 in
490 1358 574 1393 gradu
585 1358 672 1386 Librae
689 1359 734 1386 28.
750 1359 843 1395 Itaque
857 1361 891 1388 ab

109 1406 172 1430 ortu
202 1403 309 1430 Arcturi
332 1403 365 1429 ad
393 1411 521 1430 occasum
548 1404 687 1432 Pleiadum
705 1406 806 1440 gradus
828 1411 891 1434 sunt

109 1449 222 1476 omnino
247 1449 290 1476 55.
313 1449 433 1484 Denique
447 1451 482 1477 ab
501 1457 601 1478 occasu
623 1451 740 1479 Pleiadis
758 1453 790 1479 ad
812 1452 892 1487 aequi-

109 1495 232 1522 noctium
248 1503 362 1522 vernum
386 1500 503 1530 quatuor
521 1496 578 1524 fere
605 1497 744 1532 signorum
771 1498 892 1525 intersti-

111 1541 181 1568 tium
201 1542 353 1576 est.Alque
371 1545 399 1567 ut
426 1547 599 1576 apparentem
621 1551 748 1571 occasum
763 1543 891 1580 Vergilia-

109 1593 172 1612 rum
193 1593 247 1612 non
264 1594 356 1613 verum
376 1586 562 1619 adhibeamus,
574 1588 646 1615 haud
662 1589 776 1616 nmltum
791 1590 824 1617 de
839 1591 890 1617 hoc

109 1631 225 1658 hiberno
248 1632 389 1659 intervallo
413 1632 565 1661 detractum
587 1633 679 1661 fuerit.
703 1634 781 1662 Tales
808 1636 891 1670 igitur

109 1676 176 1703 anni
197 1676 344 1704 divisiones
358 1677 442 1712 inagis
459 1679 492 1705 ad
512 1687 634 1711 sensum,
653 1684 679 1707 et
691 1681 762 1708 aeris
775 1681 892 1715 coelique

107 1722 324 1754 vicissitudines,
360 1731 441 1758 quam
472 1725 505 1750 ad
529 1726 732 1760 proportionem
752 1727 891 1762 mqualila-

108 1772 220 1802 temque
248 1769 365 1803 partium
396 1770 527 1797 instituta:
553 1775 628 1798 sunt.
651 1771 728 1804 Quod
750 1777 779 1798 ut
797 1773 823 1799 in
837 1781 891 1800 uno

108 1812 291 1847 Vergiliarum
319 1815 409 1842 sidere
440 1816 476 1842 ita
497 1824 557 1843 esse
586 1821 794 1845 monstremus:
814 1824 890 1847 ortus

107 1864 203 1884 earum
218 1858 336 1886 heliacus
356 1858 470 1887 Metonis
485 1868 542 1887 aavo
552 1861 579 1888 in
594 1861 675 1889 Tauri
692 1863 804 1897 gradum
820 1863 890 1890 inci-

107 1902 191 1929 debat
204 1902 250 1936 I9;
266 1911 380 1931 occasus
397 1904 423 1931 in
437 1904 521 1932 Libra:
534 1906 569 1933 28
587 1916 593 1934 :
615 1907 785 1935 intervallum
797 1909 890 1944 signo-

109 1955 171 1974 rum
183 1956 209 1980 v,
232 1949 362 1983 graduum
376 1950 392 1976 9
404 1958 410 1982 ;
423 1951 457 1977 ab
468 1958 568 1978 occasu
590 1953 623 1979 ad
638 1957 738 1986 ortum,
750 1955 889 1990 signorum

106 2001 149 2026 vt,
165 1994 296 2028 graduum
320 1995 364 2022 ‘21.
377 1995 453 2028 Quod
468 1997 490 2023 si
510 1998 567 2025 dies
585 1999 740 2034 interjectos
755 2001 890 2029 atstimare

108 2039 236 2071 velimus,
249 2048 309 2066 cum
328 2040 568 2076 Metonistempore
579 2051 659 2072 verus
671 2045 735 2072 solis
752 2046 890 2080 ingressus

109 2085 141 2112 in
167 2084 286 2113 Taurum
306 2086 419 2115 Athenis
448 2089 591 2124 contigerit
614 2091 715 2125 Aprilis
744 2091 787 2118 die
812 2100 888 2124 xxvi,

111 2131 180 2158 hora
195 2131 239 2164 I7,
253 2132 294 2159 57'
306 2142 312 2159 :
326 2133 353 2160 in
373 2132 482 2160 Libram
498 2139 587 2162 autem
604 2143 668 2163 vero
680 2141 755 2163 motu
775 2138 890 2165 subierit

111 2175 281 2210 Septembris
306 2186 404 2212 xxviii,
432 2179 496 2207 hora
517 2180 563 2212 20,
585 2181 645 2215 10';
669 2182 789 2210 heliacus
808 2191 889 2218 porro

107 2221 229 2249 Pleiadis
241 2227 318 2252 ortus
332 2225 359 2251 in
372 2225 433 2252 Maii
450 2234 483 2252 xv
502 2226 589 2260 diem;
607 2235 721 2256 occasus
741 2231 889 2258 matutinus

109 2269 140 2295 in
172 2267 296 2297 Octobris
325 2279 388 2298 xxvr
420 2272 547 2300 ceciderit
577 2283 584 2300 :
612 2274 784 2302 intervallum
821 2276 892 2304 inter

109 2319 269 2350 utrumque,
295 2317 401 2344 dierum
423 2323 466 2345 est
494 2326 570 2346 cuxv.
587 2320 666 2353 Quod
686 2321 763 2349 abest
779 2323 813 2350 ab
828 2324 892 2351 anni

109 2361 235 2394 dimidio,
252 2363 302 2389 hoc
332 2368 373 2390 est
389 2364 484 2392 diebus
499 2372 618 2397 cuxxu,
639 2366 714 2394 horis
738 2368 781 2400 I8,
796 2368 891 2398 diebus

110 2407 168 2434 fere
183 2416 248 2435 xvii.
724 2407 733 2415 ⁸

147 2452 193 2480 Sic
216 2454 325 2482 Ilesiodi
339 2458 458 2490 tempore
473 2464 544 2483 anno
556 2457 659 2492 periodi
681 2459 794 2488 Julianae
811 2462 889 2495 57H,

109 2500 240 2533 quoniam
270 2500 460 2536 aequinoctium
495 2510 606 2529 vernum
637 2504 751 2540 ἀκριΰὲς
779 2508 891 2542 conligit

111 2544 202 2572 Martii
232 2554 307 2579 xxxi,
327 2546 394 2573 hora
410 2547 436 2578 I,
458 2547 499 2574 24'
522 2548 635 2575 Athenis
652 2557 658 2574 :
673 2550 811 2585 ingressus
826 2553 890 2582 item

110 2590 140 2617 in
163 2589 282 2631 Taurum
310 2599 391 2618 verus
411 2591 472 2618 Maii
492 2600 510 2624 ι,
524 2593 589 2620 hora
605 2593 631 2625 4,
655 2594 704 2622 I8’.
722 2595 787 2622 Item
804 2597 889 2631 tequi-

108 2637 232 2664 noctium
245 2638 400 2664 autumnale
414 2637 540 2666 Octobris
553 2647 583 2671 n,
604 2639 671 2667 hora
689 2641 789 2676 i7,_55’
806 2642 890 2670 Athe-

109 2684 171 2716 nis;
189 2684 359 2710 intervallum
386 2685 456 2712 inter
470 2684 532 2712 Maii
550 2694 567 2713 Χ
586 2686 669 2718 diem,
688 2687 715 2714 in
733 2696 813 2724 quem
828 2697 890 2724 grae-

108 2730 162 2756 dus
172 2728 254 2755 Tauri
267 2729 309 2761 II,
318 2734 344 2756 et
355 2729 474 2757 heliacus
485 2735 561 2759 ortus
572 2731 751 2768 Vergiliarum
764 2735 888 2767 cadebat,

108 2778 138 2800 et
159 2781 192 2800 xx
207 2773 343 2804 Octobris,
357 2775 401 2801 cui
415 2775 608 2809 gradusmbra:
624 2778 664 2810 l9,
680 2783 761 2814 atque
772 2787 887 2808 occasus

107 2820 264 2848 earumdem
277 2821 397 2849 hcliacus
410 2824 578 2858 competebat
591 2833 598 2857 ;
614 2825 717 2852 dierum
732 2831 774 2853 est
792 2833 884 2854 cum.

109 2867 184 2900 Quod
198 2869 274 2904 ὀηεο
286 2868 361 2897 abest
373 2869 406 2895 ab
415 2869 477 2896 anni
489 2871 610 2902 dimidio,
621 2879 716 2907 nempe
731 2873 826 2903 diebus
841 2883 885 2903 xx.

326 2919 458 2949 Ρηειιοι.
479 2919 536 2950 Gn.
562 2919 647 2951 XIX.

939 273 1013 296 motu
1029 269 1112 296 subiit
1128 268 1190 296 Maii
1202 269 1247 297 die
1261 277 1335 296 xxiv.
1346 268 1414 296 hora
1429 269 1473 302 II,
1486 271 1536 302 δι’,
1548 270 1651 304 Romae,
1667 273 1713 300 ubi

939 315 1016 342 initio
1026 315 1199 343 Geminorum
1214 320 1290 343 ortus
1298 315 1418 343 heiiacus
1433 315 1613 352 Vergiliarum
1626 318 1714 346 factus

939 365 990 389 est.
1017 362 1051 389 At
1078 361 1220 397 Scorpium
1235 363 1296 390 iniit
1312 362 1437 390 Octobris
1456 371 1519 396 xxv,
1532 364 1598 391 hora
1613 365 1640 397 5,
1652 365 1692 392 55’
1707 375 1713 392 :

939 408 1016 442 cujus
1030 409 1129 443 gradus
1148 412 1272 443 quartus,
1287 409 1318 436 iu
1341 417 1419 444 quem
1436 410 1585 438 matutinus
1602 418 1716 439 occasus

939 455 1075 488 convenit,
1102 455 1218 482 incurrit
1242 456 1270 483 in
1293 455 1418 484 Octobris
1443 465 1539 485 xxvm.
1565 457 1716 487 Discrimen

940 501 1082 535 utriusque
1096 501 1154 528 dies
1166 508 1247 533 CLvu,
1263 503 1334 536 quod
1356 510 1369 529 a
1394 503 1506 530 dimidio
1531 511 1604 530 anno
1633 505 1716 532 distat

939 545 1035 572 diebus
1049 553 1111 571 xxvr
1124 545 1189 573 fere.
1205 545 1267 573 Haec
1281 547 1413 574 intervalli
1426 548 1554 581 paulatim
1569 550 1716 577 crescentis

940 591 1056 618 varietas
1070 599 1103 618 ex
1113 591 1267 626 aequinoctii
1279 593 1475 624 antecessione,
1489 601 1537 620 nec
1546 601 1598 621 non
1615 599 1717 622 octava:

940 637 1061 670 sphaerae,
1078 644 1140 663 cum
1163 637 1249 664 stellis
1264 637 1292 664 in
1311 640 1505 672 consequentia
1516 641 1715 675 progressione,

940 684 995 707 tum
1011 681 1104 716 apogei
1117 681 1182 710 solis
1201 683 1351 710 mutatione
1365 684 1497 711 nascitur.

1240 752 1353 780 CAPUT
1373 753 1417 780 XI.

942 796 977 823 De
987 795 1121 824 Canicqu
1145 803 1204 824 orlu
1231 804 1256 825 et
1284 807 1377 826 occasu
1401 805 1515 826 veterum
1540 801 1598 827 loca
1615 802 1716 828 multa:

1024 832 1134 868 itemque
1152 833 1184 860 de
1206 833 1336 869 Procyne,
1354 835 1490 869 diligenter
1507 843 1628 867 expensa.

905 888 926 915 Β
974 887 1096 916 Alterum
1109 893 1170 924 post
1184 888 1317 925 Vergilias
1331 891 1417 924 sidus,
1432 891 1459 918 in
1471 900 1524 926 quo
1537 897 1563 919 et
1576 900 1653 919 usum
1667 901 1716 921 ex-

941 933 1077 967 periemur
1103 934 1222 962 methodi
1251 940 1367 969 nostrae;
1394 941 1419 964 et
1444 938 1609 972 scriptorum
1633 939 1666 966 de
1685 947 1718 966 eo

941 979 1000 1005 loca
1016 980 1095 1013 paulo
1119 980 1303 1014 expendemus
1324 982 1496 1014 accuratius,
1518 984 1647 1011 Canicula
1664 988 1716 1017 est,

941 1031 1022 1058 quam
1041 1024 1125 1052 Graeci
1150 1025 1253 1061 Σείριον
1270 1027 1424 1061 appellant:
1440 1029 1513 1063 quod
1527 1037 1624 1057 nomen
1637 1030 1718 1057 latius

942 1070 1013 1104 apud
1027 1070 1153 1105 antiquos
1168 1072 1331 1105 extenditur,
1349 1080 1411 1100 nam
1426 1077 1453 1101 et
1471 1074 1555 1102 solem
1574 1075 1719 1110 aliquando

942 1115 1084 1150 signiﬁcat.
1104 1115 1138 1143 Ut
1153 1116 1225 1151 apud
1237 1117 1383 1145 Hesiodum
1395 1117 1414 1144 Il
1432 1119 1522 1154 ’Epr.,
1536 1119 1582 1147 ubi
1596 1121 1718 1148 autumni

942 1164 1047 1195 tempus
1066 1161 1102 1188 ita
1121 1161 1267 1189 describit:

995 1247 1007 1267 ._
1041 1246 1058 1267 ._
1087 1246 1097 1267 ._
1133 1247 1140 1254 .
1180 1248 1186 1254 .
1277 1229 1331 1263 γὰρ
1343 1230 1409 1267 tota
1423 1231 1536 1267 Σείριος
1553 1233 1650 1267 ἀστὴρ

941 1262 1032 1300 eam
1043 1262 1118 1300 ὐπξρ
1130 1263 1265 1300 κεφαλῆς·
1279 1262 1476 1300 ὸςηριτρεφέωνῖ
1488 1262 1650 1300 ἀνθρώπιιῆ·

944 1297 1075 1331 Ἔρχεται
1083 1297 1215 1331 ἠμάτιοςν
1226 1299 1330 1325 πλεῖον
1342 1298 1375 1326 δέ
1390 1297 1422 1326 is
1433 1297 1683 1338 νυκτὸξέπαιιρεῖ.

1013 1384 1019 1390 .
1059 1384 1066 1391 .
1106 1385 1112 1391 .
1152 1385 1158 1391 .
1198 1365 1419 1395 Numluncsolis
1435 1369 1512 1396 stella

944 1398 1057 1435 Rutilum
1071 1408 1150 1433 supra
1162 1406 1240 1434 caput
1251 1402 1306 1435 fato
1318 1403 1488 1430 obnoxiorum
1499 1405 1632 1433 hominum

948 1434 1021 1460 Venit
1038 1435 1153 1462 interdiu
1169 1444 1178 1463 :
1193 1434 1254 1470 plus
1265 1442 1351 1464 autem
1366 1439 1397 1465 de
1412 1444 1485 1466 nocte
1502 1440 1608 1468 obtinet.

976 1500 1139 1537 Interpretes
1154 1510 1249 1531 omnes
1267 1504 1292 1530 in
1313 1504 1340 1531 id
1364 1506 1547 1540 consentiunt,
1562 1507 1660 1536 Sirium
1675 1510 1720 1537 hic

903 1562 925 1591 α
942 1555 1003 1575 esse
1027 1548 1123 1580 solem,
1139 1548 1184 1575 διὰ
1200 1549 1230 1575 τὸ
1253 1550 1391 1585 σειριάειν,
1418 1553 1491 1587 quod
1516 1557 1558 1582 est
1579 1554 1694 1590 λάμπειν
1711 1564 1718 1583 :

943 1601 1032 1628 neque
1060 1594 1139 1622 aliter
1158 1597 1209 1622 hoc
1230 1595 1290 1622 loco
1313 1597 1484 1632 interpretari
1507 1600 1606 1634 possis,
1625 1605 1720 1628 contra

943 1647 1023 1674 quam
1037 1639 1078 1666 vir
1101 1639 1196 1667 doctus
1217 1641 1390 1669 existimavit.
1415 1643 1473 1670 Non
1489 1645 1559 1672 enim
1573 1647 1719 1681 parallelos

943 1692 1022 1718 quem
1036 1685 1165 1712 Canicula
1178 1686 1318 1720 describit,
1332 1687 1473 1723 inmqualia
1484 1697 1623 1725 segmenta
1637 1701 1720 1729 supra

944 1734 1044 1758 terram
1058 1731 1148 1764 habet,
1168 1732 1292 1768 infraque
1319 1734 1435 1763 diversis
1455 1736 1482 1763 in
1498 1738 1562 1764 anni
1575 1743 1719 1774 tempesta-

944 1778 1016 1804 tibus
1033 1778 1119 1813 :quod
1128 1779 1162 1806 de
1173 1778 1244 1806 Sirio
1250 1783 1328 1814 poeta
1339 1781 1422 1809 canit.
1432 1781 1594 1818 Hesychius,
1605 1786 1717 1821 Σείριος,

943 1823 956 1848 ὸ
968 1822 1051 1857 ἥλιος,
1069 1824 1116 1850 καὶ
1128 1824 1142 1850 ὁ
1154 1823 1200 1850 τοῦ
1218 1825 1305 1857 Κυνὸς
1321 1826 1417 1863 ἀστήρ.
1430 1827 1501 1855 idem
1513 1828 1546 1856 ab
1557 1829 1720 1859 Archilocho

943 1875 991 1902 pro
1007 1869 1063 1895 sole
1080 1869 1132 1896 :ab
1142 1869 1221 1904 Ibyco
1235 1879 1283 1905 pro
1293 1872 1374 1900 astris
1386 1874 1511 1902 omnibus
1524 1877 1649 1911 usurpari
1671 1876 1720 1904 do-

943 1917 994 1939 cet.
1012 1913 1089 1940 Hunc
1109 1914 1230 1950 [Egyptii
1254 1916 1350 1944 Sothin
1382 1920 1550 1953 appellavere
1575 1921 1623 1949 (ait
1647 1922 1719 1950 Orus

943 1957 1038 1993 Apollo
1054 1959 1100 1986 lib.
1118 1959 1138 1992 I,
1154 1968 1213 1995 cap.
1231 1960 1273 1997 IIl)
1285 1963 1328 1990 cui
1343 1969 1370 1990 et
1388 1964 1566 2001 principatum
1583 1972 1717 1996 astrorum

943 2004 1112 2032 tribuerunt:
1123 2009 1150 2033 et
1162 2014 1195 2034 ex
1211 2007 1270 2042 ejus
1280 2012 1340 2036 ortu
1353 2009 1386 2036 de
1399 2011 1462 2037 anni
1478 2012 1561 2038 totius
1570 2016 1642 2040 statu
1655 2020 1720 2040 con-

942 2050 1074 2085 jecturam
1104 2059 1200 2087 capere
1227 2054 1359 2082 solebant.
1384 2055 1450 2082 Nam
1469 2066 1478 2083 t
1498 2057 1579 2092 hujus
1608 2059 1718 2087 etfeclus

944 2096 1102 2132 amplissimi
1129 2098 1157 2126 in
1171 2102 1244 2126 terra
1268 2100 1434 2133 sentiuntur,
1454 2112 1463 2128 ι
1479 2108 1508 2129 ut
1527 2104 1647 2139 loquitur
1662 2106 1718 2133 Pli-

944 2142 1005 2169 nius
1020 2143 1078 2178 (lib.
1092 2142 1125 2176 Π,
1139 2151 1200 2179 cap.
1217 2143 1273 2179 XL)
1286 2154 1294 2179 ;
1309 2147 1444 2182 praecipue
1463 2157 1537 2181 vero,
1552 2151 1624 2185 quod
1646 2151 1719 2180 illius

944 2193 1038 2215 exortu
1053 2189 1119 2217 solis
1133 2197 1248 2225 vapores
1272 2192 1382 2219 accendi
1403 2198 1541 2228 putantur.
1557 2205 1567 2222 ι
1591 2197 1719 2226 Sentiunt

902 2237 928 2268 D
942 2235 968 2263 id
982 2235 1076 2267 maria,
1099 2239 1125 2263 et
1148 2240 1235 2269 terra},
1258 2247 1267 2263 ›
1283 2241 1311 2264 ιιι
1325 2238 1394 2265 idem
1410 2240 1506 2274 inquit,
1520 2251 1529 2267 ι
1551 2243 1641 2271 multa;
1655 2252 1720 2271 vero

943 2285 969 2309 et
982 2280 1053 2309 ferai.
1065 2281 1156 2317 Neque
1170 2287 1211 2310 est
1223 2284 1311 2311 minor
1322 2285 1347 2312 ei
1359 2287 1506 2318 veneratio,
1520 2296 1601 2323 quam
1616 2289 1720 2318 descri-

944 2329 997 2363 ptis
1010 2329 1037 2356 in
1056 2329 1121 2357 deos
1143 2331 1238 2358 stellis.
1258 2341 1266 2357 l
1284 2331 1318 2358 At
1333 2330 1462 2360 Geminus
1482 2341 1542 2368 cap.
1562 2333 1621 2361 XIV
1638 2336 1719 2371 longa

942 2378 969 2402 et
994 2375 1101 2402 erudita
1134 2375 1317 2411 disputatione
1353 2379 1490 2413 vulgarem
1518 2379 1590 2407 hunc
1620 2380 1719 2408 refellit

942 2426 1078 2455 errorem,
1106 2425 1168 2449 ortu
1191 2422 1288 2450 sideris
1306 2423 1397 2456 ullius,
1426 2428 1472 2451 aut
1497 2433 1596 2453 occasu
1619 2427 1718 2454 mutari

942 2471 1046 2493 natura:
1071 2470 1171 2495 statum
1190 2468 1368 2503 opinantium.
1392 2469 1451 2498 Non
1476 2471 1546 2498 enim
1574 2472 1676 2506 majore
1691 2472 1717 2499 vi

941 2512 1004 2539 aliis
1017 2512 1077 2539 alia:
1090 2514 1210 2547 praedita:
1227 2519 1290 2542 sunt
1315 2515 1399 2543 stella:
1413 2527 1419 2544 :
1435 2525 1485 2544 nec
1499 2521 1602 2548 exortu.
1617 2518 1656 2544 vel
1668 2525 1717 2545 oc-

942 2564 1007 2584 casu
1027 2565 1076 2584 suo
1091 2562 1267 2594 tempestates
1290 2561 1359 2589 ullas
1372 2563 1489 2589 excitare
1504 2563 1627 2597 putandae
1642 2567 1715 2590 sunt.

943 2600 995 2628 Sed
1011 2609 1093 2636 penes
1111 2604 1194 2632 solem
1207 2613 1290 2633 causa
1299 2611 1340 2634 est
1354 2607 1570 2634 vicissitudinum
1583 2609 1696 2635 istarum
1708 2618 1716 2636 :

941 2655 1055 2682 quarum
1067 2649 1094 2675 in
1111 2654 1231 2686 tempora
1248 2660 1310 2679 cum
1322 2653 1467 2687 insignium
1484 2654 1662 2687 quorumdam
1677 2655 1718 2682 si-

941 2693 1034 2720 derum
1044 2699 1166 2728 exortus,
1179 2698 1219 2725 vel
1233 2705 1346 2725 occasus
1361 2699 1546 2735 incurrerent,
1565 2699 1621 2727 [nec
1643 2701 1717 2728 velut

940 2738 1027 2773 signa,
1044 2739 1098 2768 illis
1119 2743 1246 2770 notandis
1266 2750 1297 2769 ac
1313 2743 1488 2778 designandis
1515 2745 1634 2773 adhiberi
1658 2747 1716 2781 pla-

940 2786 1005 2812 cuit.
1021 2786 1109 2821 Atque
1126 2788 1178 2816 hoc
1187 2789 1217 2815 in
1231 2793 1291 2816 ortu
1303 2789 1439 2817 Canicula:
1453 2794 1602 2825 praesertim
1617 2793 1716 2821 astruit

939 2830 1134 2867 Geminus,qui
1149 2842 1210 2861 cum
1226 2835 1253 2861 in
1263 2843 1322 2862 eam
1337 2835 1399 2862 anni
1413 2840 1596 2871 tempestatem
1608 2838 1715 2865 ineunt-

940 2876 1024 2908 bei‘ct,
1050 2877 1078 2907 iu
1100 2886 1161 2916 qua}
1179 2880 1363 2909 vehementior
1382 2888 1464 2910 aestus
1481 2883 1608 2915 exsistit,
1634 2884 1715 2918 hujus

1561 2931 1598 2962 Ut-
