1900 3137
213 125 278 154 15δῖ

697 123 741 149 AD
760 122 892 150 EUSEBII
912 121 1107 149 GHRONICON
1131 122 1312 151 APPENDIX».

1761 123 1823 150 £383

212 190 328 218 primum
344 181 513 217 signiﬁcandi
526 189 626 209 munus
637 202 644 213 ,
664 187 725 217 post
737 181 869 209 elliciendi
883 188 991 216 quoque
1006 184 1029 211 Α
1043 180 1147 207 heliaco
1164 181 1198 208 ad
1214 181 1360 209 cosmicum
1378 186 1467 208 ortum
1480 180 1635 209 transitum
1658 169 1736 208 fecit.
1749 181 1824 207 Anno

214 228 269 254 vim
298 234 461 261 caisamque
476 227 613 261 popularis
628 227 666 253 illi
678 234 829 254 consensus
854 226 987 253 attribuit.

211 273 252 300 Ad
265 272 292 299 id
306 281 368 300 vero
380 272 546 307 probandum
562 280 623 299 cum
639 273 691 299 alia
708 273 816 299 adhibet
832 277 989 307 argumenta

211 320 299 346 media
313 326 346 346 ex
359 317 530 353 philosophia
548 318 719 353 deprompta,
742 323 798 345 tum
822 318 873 345 hoc
893 326 987 350 unum,

210 365 283 399 quod
307 368 333 391 et
362 371 443 390 sensu
470 363 529 399 ipso
540 363 721 395 discernitur,
740 368 766 390 et
785 363 818 390 ad
835 363 987 390 institutum

210 415 332 436 nostrum
350 408 427 435 valde
449 409 577 443 pertinet.
605 408 672 436 Nam
695 410 717 436 si
737 409 836 436 orienti
854 408 988 435 Canicula:

210 454 406 480 incrementum
433 453 497 480 illud
525 453 643 485 ardoris,
673 458 802 488 tanquam
829 452 988 485 causzc,tri-

209 500 344 526 buendum
366 499 455 531 foret;
473 503 530 526 tum
556 500 582 526 id
603 500 671 527 ellici
699 500 817 527 maxime
838 503 985 534 oporteret,

209 545 317 580 quando
332 553 394 572 cum
413 546 469 573 sole
483 545 628 580 conjuncta
641 550 731 573 ortum
747 554 808 573 cum
829 546 887 581 ipso
904 545 986 578 facit;

209 597 290 625 quam
307 590 437 624 ἀνατολὴν
455 591 563 624 proprie
593 591 685 617 vocari
706 598 787 625 supra
807 591 935 618 diximus.
953 591 988 618 At

208 643 252 663 res
279 643 359 663 secus
374 644 404 663 se
430 636 519 663 habet.
533 636 591 663 Non
605 636 677 662 enim
702 636 729 663 in
750 640 811 663 ortu
832 637 888 668 illo.
907 645 987 671 quem

208 689 259 708 nos
287 681 417 716 κοσμικὸν
447 682 582 716 appellare
595 681 734 708 solemus:
750 682 797 708 sed
817 682 844 708 in
870 682 985 713 heliaco,

209 728 265 754 sive
293 727 402 762 ἐπιτολῇ
424 728 569 754 vehemens
580 727 654 754 calor
667 727 791 759 eﬁieitur;
817 734 867 754 nec
892 727 985 754 eodem

209 773 309 807 ubique
336 777 473 807 tempere;
502 773 549 800 sed
571 773 635 800 alibi
658 773 755 805 citius,
775 773 838 799 alibi
861 773 985 800 tardius:

208 826 300 855 pro-eo
312 819 497 852 acmaturius,
510 823 555 846 aut
572 819 659 847 serius
679 820 745 846 SUIIS
757 819 889 853 explicata
903 819 986 846 radiis

1043 226 1131 260 primo
1141 224 1259 259 Juliano,
1276 230 1353 254 ortus
1368 227 1502 254 cosmicus
1519 223 1585 254 Sirii
1601 225 1699 253 Rome
1714 226 1825 260 contigit

1043 272 1071 299 in
1084 272 1169 307 gradu
1183 271 1281 300 Cancri
1303 272 1348 304 22,
1361 272 1403 299 48’
1417 282 1425 305 ;
1440 272 1504 299 Julii
1518 272 1632 300 circiter
1652 279 1715 304 xvr;
1742 270 1824 298 helia-

1043 326 1091 346 cus
1106 319 1133 345 in
1146 319 1230 353 gradu
1245 318 1345 346 Leonis
1360 319 1385 350 7,
1405 319 1445 346 43'
1458 328 1465 352 ;
1483 318 1599 353 Augusti
1622 317 1683 346 fere
1695 317 1824 345 secundo.

1041 364 1121 392 Anno
1144 365 1253 392 labente
1273 372 1380 391 uncxxx
1396 364 1508 396 Christi,
1534 369 1613 392 ortus
1641 364 1784 391 cosmicus
1800 363 1825 389 in

1041 409 1154 444 gradum
1177 409 1275 437 Leonis
1295 409 1320 442 7,
1338 409 1389 443 I6’;
1410 409 1537 437 Heliacus
1559 409 1588 436 in
1606 408 1710 436 Leonis
1725 407 1770 440 20,
1789 408 1824 434 50‘

1043 454 1168 485 incurrit,
1189 453 1305 488 Augusti
1323 454 1432 481 circiter
1445 454 1488 482 I2.
1512 453 1606 488 Itaque
1622 453 1824 480 canicularium

1041 499 1144 526 dierum
1161 499 1268 526 initium
1285 499 1318 525 ab
1332 503 1395 526 ortu
1415 499 1520 527 heliaco
1534 498 1651 526 descivit
1672 519 1679 530 ,
1707 506 1740 525 ac
1756 505 1822 525 sem-

1040 554 1088 580 per
1101 546 1208 581 longius
1219 545 1316 573 deinde
1330 546 1444 573 recedet.
1463 545 1539 573 lianc
1554 545 1735 581 μετάπτωσιν
1753 545 1823 571 orbis

1041 591 1139 618 stellati
1164 591 1253 625 prisca
1269 594 1333 618 mtas
1347 591 1487 625 ignorabat
1504 601 1510 618 :
1526 591 1644 626 ideoque
1666 590 1823 625 designatos

1040 637 1122 664 semel
1144 644 1159 663 a
1175 638 1324 671 majoribus
1340 638 1398 665 suis
1417 643 1493 665 ortus
1508 645 1683 672 occasusque
1696 641 1823 664 constan-

1040 687 1081 710 ter
1095 683 1240 716 tenebant;
1256 692 1288 711 ac
1305 689 1361 710 turn
1385 684 1503 712 heliacos
1519 692 1581 711 cum
1597 683 1741 715 .cosmicis
1766 691 1818 718 pro-

1040 730 1143 756 miscue
1167 730 1320 763 habebant,
1343 733 1400 757 tum
1422 731 1468 765 qui
1494 734 1635 757 certorum
1655 733 1741 757 erant
1755 729 1822 756 loco-

1040 782 1099 800 rum
1115 775 1227 809 proprii,
1244 775 1318 802 nullo
1334 775 1490 802 discrimine
1513 775 1548 802 ad
1577 775 1646 802 alios
1669 782 1821 802 accommo-

1040 818 1151 846 dabant.
1166 819 1207 846 Ad
1222 819 1279 846 haec
1291 819 1346 846 fere
1365 820 1452 854 capita
1464 820 1585 848 varietas
1600 820 1692 846 omnis
1720 819 1769 846 illa
1785 827 1821 846 reo

208 867 338 894 Canicula
354 865 504 901 consurgit.
521 864 556 892 Ut
582 866 611 892 in
633 865 727 892 Rhodo
754 869 815 899 post
831 865 948 892 tricenos
972 872 987 891 a
1004 861 1023 887 Β
1038 862 1108 891 ferre
1125 869 1224 898 potest,
1244 873 1304 900 quae
1318 865 1389 900 apud
1405 868 1532 900 antiquos
1556 865 1710 899 scriptores
1726 864 1780 891 hoc
1797 865 1821 891 in

209 914 325 942 solstitio
334 915 391 941 dies
402 913 506 945 oritur;
520 911 581 939 aliis
598 912 625 938 in
641 911 708 938 locis
720 915 781 945 post
795 910 984 945 quadraginta.

209 961 272 987 alibi
291 964 353 995 post
379 958 585 994 quinquaginta.
614 957 652 984 Ex
673 965 727 992 quo
752 960 984 991 parapegmatum,

208 1005 307 1044 Inquit,
321 1005 428 1032 vacillat
443 1004 526 1031 ﬁdes:
544 1011 659 1038 quorum
683 1006 809 1029 auctores
830 1003 856 1028 in
870 1009 988 1036 pronun-

208 1044 310 1079 tiandis
332 1059 365 1077 ex
390 1054 451 1077 ortu
468 1049 586 1077 siderum
603 1052 630 1076 et
646 1056 746 1076 occasu
768 1048 987 1082 tempestatibus,

209 1103 278 1130 quas
299 1095 481 1130 ἐπισημασίας
508 1097 615 1124 vocant,
642 1101 697 1120 non
723 1097 781 1120 arte
807 1101 839 1120 ac
859 1092 986 1119 methodo

209 1144 295 1172 certa,
311 1141 357 1167 sed
373 1140 562 1168 observatiorie
574 1147 606 1166 ac
628 1139 780 1174 longissimi
795 1138 923 1173 temporis
939 1146 987 1166 ex—

208 1186 340 1221 perientia
351 1186 484 1213 nituntur.
501 1185 576 1212 Ilanc
590 1184 696 1212 Gemini
720 1185 852 1212 rationem
869 1185 985 1218 primum

209 1232 327 1259 nominis
343 1232 429 1266 ipsius
443 1232 545 1258 notatio
562 1230 712 1258 conﬁrmat.
730 1229 833 1265 Quippe
845 1230 897 1256 vim
913 1230 984 1257 illam

209 1282 400 1313 tempestatum
415 1277 596 1312 impultricem
617 1280 697 1311 atque
713 1276 787 1310 ipsos
805 1275 984 1303 mutationum

208 1324 319 1351 eﬁ‘ectus
329 1323 415 1351 Graeci
428 1323 477 1355 τὰς
503 1322 696 1358 ἐπισημασίας,
712 1321 802 1348 Latini
819 1331 828 1347 ι
848 1321 986 1356 signiﬁca-

208 1369 297 1396 tiones
320 1378 330 1394 ι
352 1368 505 1400 nominant;
534 1372 564 1394 ut
582 1368 633 1393 hoc
655 1367 820 1402 intelligatur
844 1365 870 1393 in
900 1367 985 1394 stellis

195 1411 314 1441 'illarum
335 1413 435 1440 indicia
447 1422 503 1440 non
527 1421 625 1440 causas
645 1413 722 1440 initio
733 1413 897 1440 constitutas
913 1419 984 1439 esse.

208 1460 277 1486 Tum
288 1460 377 1487 octavi
387 1460 471 1491 orbis,
486 1463 512 1486 et
528 1459 684 1486 haerentium
704 1458 731 1485 in
745 1466 777 1485 eo
792 1458 910 1485 siderum
923 1465 986 1492 pro—

205 1506 313 1541 gressio
339 1513 446 1532 omnem
474 1512 505 1532 ex
519 1505 659 1531 doctorum
672 1504 770 1530 animis
789 1503 982 1530 dubitationem

209 1551 330 1578 sustulit.
343 1550 410 1577 Nam
436 1558 495 1585 qua:
514 1550 603 1577 sidera
618 1550 699 1577 certis
714 1553 792 1575 anlea
813 1549 874 1575 caeli
890 1550 985 1576 statio-

209 1596 290 1623 nibus
304 1603 335 1623 ac
347 1595 512 1630 temporibus
525 1594 601 1622 aﬁixa
612 1594 802 1626 credebantur,
813 1601 843 1621 ea
858 1595 985 1629 paulatim

208 1642 297 1669 locum
323 1641 452 1668 mutando
466 1641 544 1668 ﬁdem
558 1640 722 1671 fefellerunt,
740 1647 790 1666 nec
803 1640 831 1666 in
846 1648 892 1667 eas
907 1640 986 1667 hodie

209 1690 386 1721 tempestates
402 1686 533 1718 incidunt,
554 1686 653 1720 quibus
671 1685 713 1712 vel
734 1684 928 1721 signiﬁcandis,
944 1686 986 1712 vel

208 1732 407 1760 commovendis
425 1733 562 1759 attributa:
574 1732 745 1759 videbantur.

242 1778 398 1805 Caniculam
407 1782 467 1805 ortu
482 1786 532 1805 suo
539 1778 648 1805 aestivos
662 1778 767 1805 calores
780 1777 920 1804 intendere
931 1784 986 1803 non

208 1825 296 1851 solum
307 1824 411 1858 antiqui
428 1831 586 1859 persuasum
603 1823 749 1854 habebant,
766 1823 813 1851 sed
831 1823 984 1850 mortalium

208 1871 288 1897 hodie
304 1870 424 1897 omnium
449 1877 511 1901 usu,
533 1873 560 1896 et
583 1869 719 1896 communi
738 1876 862 1896 sermone
877 1877 986 1904 percre-

207 1917 276 1943 buit.
289 1916 357 1943 Cum
381 1918 470 1942 autem
492 1915 590 1950 duplex
606 1917 641 1942 sit
662 1920 739 1942 ortus
756 1914 884 1947 siderum,
902 1922 985 1950 appa-

205 1970 282 1995 rens,
299 1962 358 1989 sive
383 1961 528 1994 heliacus;
544 1965 570 1987 et
581 1968 672 1990 verus,
688 1961 734 1995 qui
755 1964 781 1988 et
797 1960 931 1988 cosmicus
945 1960 986 1986 di-

206 2009 279 2035 citur
294 2017 301 2034 :
319 2011 394 2034 tanta
419 2007 465 2033 illa
492 2007 533 2034 vis
545 2010 628 2034 aestus
649 2007 774 2041 augendi,
786 2015 817 2034 ac
827 2012 985 2034 caeterorum

207 2052 420 2084 elﬁciendorum,
435 2052 550 2084 heliaco,
561 2059 616 2079 non
630 2052 749 2079 cosmieo
763 2052 898 2087 quondam
913 2051 985 2078 ortui

208 2099 333 2134 imputari
355 2099 468 2130 solebat,
494 2102 523 2125 ut
533 2106 565 2125 ex
585 2098 698 2125 Gemino
712 2098 792 2132 paulo
812 2101 873 2125 ante
885 2096 986 2125 refere-

208 2145 305 2171 bamus
318 2153 325 2170 :
340 2145 411 2179 quod
426 2149 452 2172 et
465 2146 612 2179 scriptores
627 2144 672 2170 alii
687 2151 737 2170 nos
754 2143 867 2175 docent;
886 2143 931 2177 qui
952 2150 984 2169 ex

1040 910 1147 945 negotio
1165 910 1280 946 insignis
1293 911 1422 939 occurrit.

1072 955 1167 983 Ortum
1183 956 1246 984 Sirii
1256 958 1377 992 plerique
1394 957 1421 984 in
1434 956 1461 984 id
1477 960 1648 984 momentum
1668 956 1820 986 conferunt,

1036 1009 1091 1036 quo
1110 1002 1150 1029 sol
1167 1001 1284 1029 Leonem
1307 1002 1469 1037 ingreditur.
1490 1002 1626 1034 Quoniam
1645 1009 1715 1029 vero
1734 1002 1820 1028 solsti‘

1037 1047 1073 1073 tia
1081 1051 1106 1074 et
1116 1047 1275 1082 aequinoctia
1290 1048 1316 1074 in
1328 1049 1429 1075 octavis
1441 1048 1728 1083 committisignurum
1741 1047 1820 1082 parti-

1036 1092 1087 1120 bus
1113 1093 1231 1128 vulgaris
1247 1097 1305 1120 erat
1326 1095 1427 1129 opinio,
1449 1094 1513 1121 hinc
1530 1094 1643 1121 totidem
1662 1098 1731 1121 ante
1745 1100 1817 1121 veros

1037 1139 1177 1173 ingressus
1197 1139 1293 1167 diebus
1318 1140 1394 1166 initia
1428 1139 1716 1167 dodecatemoriorum
1748 1143 1818 1166 ante-

1036 1188 1185 1212 verterunt.
1202 1184 1354 1211 Solstitium
1372 1185 1436 1211 Julii
1453 1185 1570 1213 Caesaris
1584 1185 1661 1212 Junii
1678 1189 1778 1220 quarto
1794 1189 1817 1212 et

1036 1230 1166 1257 vicesimo
1176 1230 1220 1258 die
1233 1230 1349 1258 deﬁxum
1366 1235 1434 1258 erat.
1446 1230 1530 1266 Igitur
1542 1239 1577 1258 xv
1593 1230 1734 1258 Kalendas
1748 1230 1817 1262 Julii,

1036 1277 1092 1304 sive
1106 1276 1179 1304 Junii
1200 1285 1267 1309 xvu,
1284 1277 1310 1304 in
1325 1277 1459 1304 Cancrum
1477 1277 1517 1304 sol
1539 1277 1646 1312 ingredi
1665 1277 1817 1312 putabatur.

1036 1322 1064 1350 In
1077 1322 1194 1351 Leonem
1212 1331 1277 1350 vero
1290 1327 1352 1358 post
1367 1331 1449 1350 unum
1466 1327 1493 1350 et
1507 1324 1620 1358 triginta
1634 1323 1707 1355 dies,
1722 1332 1756 1350 xv
1771 1322 1819 1349 lia-

1037 1368 1130 1396 lendas
1158 1368 1284 1403 Augusti.
1317 1368 1422 1395 Plinius
1446 1369 1516 1395 libro
1538 1368 1570 1400 II,
1598 1369 1691 1403 capite
1719 1368 1817 1396 XLVII.

1040 1422 1048 1438 ι
1064 1412 1263 1440 Ardentissimo
1285 1413 1387 1440 aestatis
1407 1417 1528 1447 tempore
1540 1414 1667 1441 exoritur
1685 1413 1819 1441 Caniculae

1037 1459 1124 1491 sidus,
1139 1459 1196 1486 sole
1210 1459 1324 1493 primam
1339 1463 1442 1493 partem
1455 1459 1554 1487 Leonis
1568 1460 1762 1495 ingrediente:
1777 1461 1819 1494 qui

1037 1504 1096 1530 dies
1123 1511 1157 1530 xv
1172 1507 1234 1530 ante
1253 1503 1367 1538 Augusti
1398 1503 1543 1531 Kalendas.
1562 1512 1572 1530 ι
1600 1503 1687 1531 Libro
1714 1511 1819 1539 quoque

1037 1547 1106 1574 XVII
1117 1567 1124 1580 ,
1148 1548 1236 1582 capite
1251 1548 1366 1579 XXVIII,
1383 1552 1443 1582 post
1456 1549 1601 1576 solstitium
1619 1549 1688 1576 oriri
1702 1550 1818 1577 Canicu-

1036 1593 1088 1619 lam
1106 1593 1143 1620 ait
1164 1594 1207 1620 die
1224 1601 1301 1621 xxm.
1330 1593 1358 1621 Si
1379 1602 1427 1621 VIII
1449 1594 1584 1622 Kalendas
1599 1593 1666 1621 Julii
1684 1596 1714 1621 ﬁt
1732 1596 1819 1622 solsti-

1036 1640 1114 1673 tium,
1133 1639 1271 1675 ingressus
1284 1641 1310 1667 in
1334 1638 1467 1667 Cancrum
1483 1649 1525 1667 xvi
1548 1641 1686 1669 Kalendas
1711 1641 1817 1672 accidit,

1036 1686 1081 1721 qui
1097 1689 1139 1713 est
1149 1685 1211 1712 Julii
1226 1694 1280 1712 xvii
1296 1686 1364 1713 dies.
1381 1686 1465 1713 Varro
1478 1686 1548 1713 libro
1560 1686 1581 1718 I,
1598 1688 1690 1722 capite
1701 1686 1817 1715 XXVIII.

1037 1739 1052 1757 a
1069 1731 1187 1758 solstitio
1195 1731 1228 1757 ad
1239 1735 1362 1757 exortum
1374 1730 1509 1758 Canicula:
1522 1731 1582 1759 dies
1596 1737 1725 1759 numerat
1741 1740 1817 1759 xxxx:

1035 1775 1184 1803 Columella
1210 1776 1279 1803 libro
1295 1775 1340 1807 IX,
1355 1777 1442 1811 capite
1458 1776 1527 1809 XIV,
1541 1777 1599 1805 dies
1616 1785 1690 1811 xxx;
1718 1778 1777 1810 alii,
1792 1783 1818 1804 ut

1035 1821 1172 1850 Palladius
1188 1823 1257 1850 libro
1271 1823 1324 1856 VII,
1338 1824 1379 1850 tit.
1394 1823 1439 1857 IX,
1450 1823 1608 1851 Caniculam
1623 1832 1670 1851 xtv
1685 1823 1820 1852 Kalendas

1035 1869 1149 1903 Augusti
1161 1869 1226 1896 oriri
1239 1869 1367 1896 tradunt:
1379 1870 1426 1904 qui
1438 1873 1479 1897 est
1491 1878 1538 1896 xrx
1553 1868 1621 1896 Julii
1635 1870 1697 1897 dies
1714 1879 1722 1897 :
1742 1878 1819 1905 quem

1035 1918 1061 1941 et
1075 1913 1234 1942 Ptolemaeus
1248 1914 1340 1942 Graece
1353 1922 1368 1941 a
1384 1915 1463 1942 nobis
1478 1915 1568 1943 editus
1590 1916 1664 1943 inter
1683 1916 1755 1943 alios
1767 1924 1820 1943 me-

1036 1964 1135 1986 morat.
1147 1959 1213 1986 Nam
1232 1964 1259 1988 et
1275 1960 1370 1995 Epiphi
1388 1968 1444 1991 xxi,
1466 1961 1492 1987 id
1507 1964 1549 1987 est
1566 1960 1633 1987 Julii
1645 1969 1692 1992 xv,
1708 1964 1738 1988 et
1760 1960 1816 1995 Ep;-

1037 2004 1082 2038 phi
1106 2013 1168 2037 xxv,
1188 2005 1287 2040 quiest
1300 2004 1364 2031 Julii
1381 2013 1437 2038 ιιι,
1451 2010 1478 2032 et
1491 2004 1585 2040 Epiphi
1599 2014 1688 2038 xxvii,
1700 2005 1767 2032 Julii
1777 2014 1819 2032 ut

1036 2050 1112 2084 ponit
1130 2056 1218 2077 ortum
1231 2051 1368 2077 Caniculze
1381 2060 1387 2078 :
1402 2058 1455 2086 quo
1472 2051 1515 2077 die
1526 2051 1699 2079 Censorinus
1713 2060 1820 2087 quoque

1036 2094 1064 2121 in
1079 2094 1196 2130 Egypto
1217 2096 1282 2122 oriri
1298 2096 1390 2122 scribit
1402 2103 1463 2131 cap.
1480 2095 1549 2122 XXI.

1070 2141 1109 2168 Ac
1135 2142 1222 2176 major
1234 2149 1307 2177 pars,
1332 2146 1360 2168 ut
1384 2141 1453 2173 dixi,
1469 2141 1609 2173 Veterum,
1631 2143 1680 2177 qui
1695 2149 1761 2177 post
1775 2151 1821 2170 an-

208 2190 321 2217 orientis
344 2190 481 2217 Canicula:
502 2193 645 2225 prospectu
682 2188 833 2216 futurorum
855 2188 983 2223 pra’sagia
1001 2192 1022 2220 υ
1036 2186 1242 2214 numJulianum
1251 2189 1390 2216 conditum
1401 2188 1822 2223 scripserunt,ortumCanicula

209 2236 261 2269 peti
279 2236 357 2263 solita
367 2236 563 2263 demonstrant.
580 2234 625 2262 Sic
638 2233 769 2262 Homerus
784 2232 865 2262 Iliad.
881 2241 908 2266 Χ,
923 2231 986 2260 Sirii

210 2280 367 2308 describens
381 2286 469 2308 ortum
486 2291 493 2309 :

210 2349 263 2380 ⁸ος
270 2348 310 2381 ῥά
324 2348 347 2373 τ’
361 2347 475 2380 ὀπώρης
487 2346 580 2375 εἶσιν·
594 2347 725 2382 ἀρίζηλοι
741 2347 774 2374 δὲ
787 2348 814 2375 ol
826 2348 912 2382 αὐγαὶ

209 2384 365 2410 Φαίνοντιιι
375 2383 514 2409 πολλοῖσι
523 2383 585 2416 μετ’
593 2383 721 2417 domum
734 2382 842 2415 νυκτὸς
854 2382 983 2417 ἀμολγῷ·

209 2420 265 2445 "Dr
275 2427 305 2444 τε
316 2418 380 2444 κύν’
404 2417 543 2452 Ὠρίωνος
553 2418 712 2452 ἐπίκλησιν
725 2418 888 2444 καλέουσιν
899 2427 906 2433 ·

209 2454 417 2488 Λαμπρότατος
433 2450 497 2486 per
515 2451 556 2477 ὅδ’
579 2450 658 2484 ἐστι’
683 2452 776 2480 κακὸν
807 2450 840 2522 δεῐ
856 2461 888 2513 Ξε
904 2452 986 2486 σῆμα

841 2496 856 2514 τ
873 2496 983 2514 τυκται.

841 2496 983 2514 τετυκται.

247 2554 386 2582 lleliacum
405 2558 495 2581 ortum
511 2552 646 2587 intelligit,
669 2561 715 2587 qui
734 2557 827 2581 aestate
844 2553 985 2581 desinente

209 2599 247 2630 ﬁt,
263 2607 342 2634 quam
357 2598 466 2635 ὀπώραν
482 2602 572 2629 vocat,
587 2602 706 2625 extrema
731 2603 825 2632 nocte,
855 2604 884 2626 ut
911 2603 985 2626 recte

209 2642 368 2672 Eustalhius
384 2644 504 2679 exponit.
535 2644 694 2678 Quanquam
721 2644 794 2671 Theo
820 2644 853 2670 ad
873 2646 984 2671 Aratum

209 2690 331 2724 ingentes
349 2690 410 2717 illos
433 2694 515 2717 aestus
540 2689 611 2716 ortui
630 2689 749 2716 cosmieo
772 2689 879 2716 videtur
898 2691 984 2717 ascri-

208 2736 281 2761 bere.
306 2735 388 2770 Atqui
418 2736 538 2770 longiore
567 2735 693 2769 deinceps
715 2741 848 2761 annorum
877 2736 984 2762 evoluto

209 2783 307 2814 spatio,
325 2786 467 2817 postquam
484 2782 559 2809 sidus
581 2781 644 2808 illud
663 2782 702 2812 εἰς
724 2781 758 2807 τὰ
783 2780 900 2815 ἑπόμενα
922 2789 983 2815 pro-

203 2826 375 2856 gressionem
392 2827 496 2858 habuit.
512 2826 936 2867 émawaﬁriatomnisina_nileste
949 2828 990 2867 ab»

1037 2232 1124 2266 primo
1133 2232 1282 2261 inLeouem
1294 2234 1428 2269 ingressui
1437 2235 1503 2261 solis
1513 2234 1666 2269 assignant;
1680 2240 1710 2261 ut
1724 2234 1819 2266 Varro,

1037 2281 1066 2303 ut
1075 2276 1234 2311 Columella,
1244 2283 1272 2305 ut
1285 2276 1433 2310 Palladius,
1442 2281 1471 2305 ut
1480 2277 1616 2308 Manilius,
1626 2282 1656 2304 ut
1673 2278 1819 2310 Firmicus.

1037 2330 1068 2349 ac
1085 2323 1176 2351 ca-teri
1197 2333 1204 2351 :
1228 2325 1273 2359 qui
1298 2325 1376 2359 quasi
1390 2320 1446 2359 per
1465 2331 1561 2350 manus
1587 2324 1719 2351 traditam
1752 2325 1820 2352 hanc

1036 2369 1191 2403 opinionem
1206 2370 1322 2404 posteris
1338 2370 1519 2398 tradiderunt.
1533 2369 1562 2396 In
1578 2378 1633 2404 quo
1655 2372 1820 2398 recentiores

1036 2416 1136 2450 quique
1157 2417 1301 2452 plurimum
1319 2417 1380 2446 falsi
1393 2421 1466 2445 sunt.
1493 2417 1560 2444 Nam
1577 2425 1665 2452 neque
1685 2417 1752 2444 Julii
1774 2425 1820 2444 sae-

1036 2461 1109 2493 culo,
1137 2470 1224 2497 neque
1244 2462 1435 2495 Constantini;
1454 2470 1507 2497 quo
1524 2461 1673 2494 Firmicus,
1692 2470 1724 2488 ac
1742 2463 1820 2499 paulo

1035 2511 1105 2541 post,
1124 2512 1154 2534 ut
1174 2508 1354 2543 quorumdam
1376 2514 1417 2536 est
1430 2509 1532 2543 opinio,
1550 2508 1680 2535 Manilius
1704 2508 1818 2538 ﬂoruit;

1034 2555 1111 2580 ortus
1126 2553 1246 2580 heliacus
1263 2552 1337 2584 Sirii,
1352 2555 1386 2582 de
1399 2561 1452 2588 quo
1466 2553 1510 2580 isti
1536 2553 1699 2586 loquuntur,
1718 2553 1747 2579 in
1769 2553 1819 2587 pri-

1036 2606 1105 2625 mam
1129 2603 1232 2634 partem
1248 2600 1357 2627 -Leonis
1384 2599 1473 2627 Roma:
1489 2599 1595 2626 incidit.
1621 2598 1730 2626 Etenim
1752 2607 1817 2625 anno

1035 2644 1122 2678 primo
1137 2643 1245 2672 Juliano
1272 2646 1390 2672 cosmice
1415 2637 1553 2672 oriebatur
1573 2645 1709 2672 Canicula
1731 2644 1818 2671 Boni:

1035 2698 1096 2716 cum
1115 2690 1200 2725 gradu
1218 2690 1315 2717 Cancri
1330 2690 1375 2722 2'2,
1389 2690 1449 2723 ιε’,
1465 2690 1566 2717 heliace
1579 2698 1643 2716 cum
1659 2690 1748 2725 gradu
1761 2690 1817 2716 Leo-

1036 2735 1077 2762 nis
1090 2735 1116 2766 7,
1133 2734 1190 2762 43'.
1204 2735 1238 2761 At
1264 2735 1290 2761 in
1307 2734 1402 2762 Rhodo
1424 2735 1517 2762 eodem
1530 2735 1634 2762 saeculo
1648 2739 1730 2762 ortus
1750 2735 1815 2769 ejus-

1034 2781 1094 2807 dcm
1116 2781 1253 2808 cosmicus
1273 2780 1299 2807 in
1323 2781 1421 2808 Cancri
1444 2781 1555 2815 gradum
1584 2780 1629 2812 Ili,
1646 2781 1716 2812 48",
1734 2779 1815 2806 Helia-

1035 2835 1089 2868 cusv
1104 2828 1130 2854 in
1146 2827 1244 2854 Leonis
1261 2826 1411 2868 tendebat.
1428 2827 1504 2862 Quod
1519 2827 1575 2853 illic
1590 2831 1673 2854 aetate
1685 2834 1737 2854 sua
1755 2833 1815 2852 cou-
