  <div class='ocr_page' id='page_1' title='image "/cluster/home/n/w/nwhite01/storage/ocr_20150623/19/njp.32101077772463/782.png"; bbox 0 0 1900 3137; ppageno 0'>
   <div class='ocr_carea' id='block_1_1' title="bbox 116 191 187 220">
    <p class='ocr_par' dir='ltr' id='par_1_1' title="bbox 116 191 187 220">
     <span class='ocr_line' id='line_1_1' title="bbox 116 191 187 220; baseline 0 0"><span class='ocrx_word' id='word_1_1' title='bbox 116 191 187 220; x_wconf 72' lang='grc' dir='ltr'>1ζό9</span> 
     </span>
    </p>
   </div>
   <div class='ocr_carea' id='block_1_2' title="bbox 114 248 892 289">
    <p class='ocr_par' dir='ltr' id='par_1_2' title="bbox 114 248 892 289">
     <span class='ocr_line' id='line_1_2' title="bbox 114 248 892 289; baseline 0.01 -15"><span class='ocrx_word' id='word_1_2' title='bbox 114 248 212 282; x_wconf 70' lang='lat' dir='ltr'><strong>tigisse</strong></span> <span class='ocrx_word' id='word_1_3' title='bbox 227 253 342 277; x_wconf 88' lang='lat' dir='ltr'><strong>testatur</strong></span> <span class='ocrx_word' id='word_1_4' title='bbox 356 250 495 284; x_wconf 78' lang='lat' dir='ltr'><strong>Geminus,</strong></span> <span class='ocrx_word' id='word_1_5' title='bbox 511 257 537 279; x_wconf 90' lang='lat' dir='ltr'><strong>et</strong></span> <span class='ocrx_word' id='word_1_6' title='bbox 550 257 611 279; x_wconf 84' lang='lat' dir='ltr'><strong>ante</strong></span> <span class='ocrx_word' id='word_1_7' title='bbox 627 253 699 281; x_wconf 94' lang='lat' dir='ltr'><strong>hunc</strong></span> <span class='ocrx_word' id='word_1_8' title='bbox 712 254 892 289; x_wconf 86' lang='lat' dir='ltr'><strong>Hipparchus.</strong></span> 
     </span>
    </p>
   </div>
   <div class='ocr_carea' id='block_1_3' title="bbox 114 292 895 332">
    <p class='ocr_par' dir='ltr' id='par_1_3' title="bbox 114 292 895 332">
     <span class='ocr_line' id='line_1_3' title="bbox 114 292 895 332; baseline 0.012 -13"><span class='ocrx_word' id='word_1_9' title='bbox 114 292 156 319; x_wconf 89' lang='lat' dir='ltr'><strong>Ex</strong></span> <span class='ocrx_word' id='word_1_10' title='bbox 172 301 226 328; x_wconf 85' lang='lat' dir='ltr'><strong>quo</strong></span> <span class='ocrx_word' id='word_1_11' title='bbox 245 294 278 322; x_wconf 80' lang='lat' dir='ltr'><strong>de</strong></span> <span class='ocrx_word' id='word_1_12' title='bbox 293 295 399 323; x_wconf 88' lang='lat' dir='ltr'><strong>Gemini</strong></span> <span class='ocrx_word' id='word_1_13' title='bbox 422 301 501 324; x_wconf 74' lang='lat' dir='ltr'><strong>actate</strong></span> <span class='ocrx_word' id='word_1_14' title='bbox 517 298 675 332; x_wconf 83' lang='lat' dir='ltr'><strong>conjectura</strong></span> <span class='ocrx_word' id='word_1_15' title='bbox 690 305 784 327; x_wconf 88' lang='lat' dir='ltr'><strong>nostra</strong></span> <span class='ocrx_word' id='word_1_16' title='bbox 804 300 895 327; x_wconf 85' lang='lat' dir='ltr'><strong>ﬁrma-</strong></span> 
     </span>
    </p>
   </div>
   <div class='ocr_carea' id='block_1_4' title="bbox 113 339 894 380">
    <p class='ocr_par' dir='ltr' id='par_1_4' title="bbox 113 339 894 380">
     <span class='ocr_line' id='line_1_4' title="bbox 113 339 894 380; baseline 0.013 -15"><span class='ocrx_word' id='word_1_17' title='bbox 113 342 170 365; x_wconf 79' lang='lat' dir='ltr'><strong>tur.</strong></span> <span class='ocrx_word' id='word_1_18' title='bbox 186 339 241 367; x_wconf 88' lang='lat' dir='ltr'><strong>Nos</strong></span> <span class='ocrx_word' id='word_1_19' title='bbox 257 342 327 368; x_wconf 89' lang='lat' dir='ltr'><strong>enim</strong></span> <span class='ocrx_word' id='word_1_20' title='bbox 342 341 389 368; x_wconf 88' lang='lat' dir='ltr'><strong>lib.</strong></span> <span class='ocrx_word' id='word_1_21' title='bbox 408 341 429 368; x_wconf 91' lang='lat' dir='ltr'><strong>II</strong></span> <span class='ocrx_word' id='word_1_22' title='bbox 447 342 485 369; x_wconf 75' lang='lat' dir='ltr'><strong>De</strong></span> <span class='ocrx_word' id='word_1_23' title='bbox 496 343 565 371; x_wconf 83' lang='lat' dir='ltr'><strong>doct.</strong></span> <span class='ocrx_word' id='word_1_24' title='bbox 586 349 675 379; x_wconf 83' lang='lat' dir='ltr'><strong>temp.,</strong></span> <span class='ocrx_word' id='word_1_25' title='bbox 691 353 751 380; x_wconf 82' lang='lat' dir='ltr'><strong>cap.</strong></span> <span class='ocrx_word' id='word_1_26' title='bbox 762 346 805 378; x_wconf 86' lang='lat' dir='ltr'><strong>Vl,</strong></span> <span class='ocrx_word' id='word_1_27' title='bbox 819 353 894 375; x_wconf 74' lang='lat' dir='ltr'><strong>sexto</strong></span> 
     </span>
    </p>
   </div>
   <div class='ocr_carea' id='block_1_5' title="bbox 116 382 893 422">
    <p class='ocr_par' dir='ltr' id='par_1_5' title="bbox 116 382 893 422">
     <span class='ocr_line' id='line_1_5' title="bbox 116 382 893 422; baseline 0.013 -12"><span class='ocrx_word' id='word_1_28' title='bbox 116 382 202 411; x_wconf 81' lang='lat' dir='ltr'><strong>Urbis</strong></span> <span class='ocrx_word' id='word_1_29' title='bbox 220 387 320 413; x_wconf 63' lang='lat' dir='ltr'><strong>saeculo</strong></span> <span class='ocrx_word' id='word_1_30' title='bbox 341 387 429 422; x_wconf 87' lang='lat' dir='ltr'><strong>ipsum</strong></span> <span class='ocrx_word' id='word_1_31' title='bbox 458 388 582 417; x_wconf 81' lang='lat' dir='ltr'><strong>floruisse</strong></span> <span class='ocrx_word' id='word_1_32' title='bbox 598 390 843 420; x_wconf 84' lang='lat' dir='ltr'><strong>demonstravimus</strong></span> <span class='ocrx_word' id='word_1_33' title='bbox 861 402 893 420; x_wconf 88' lang='lat' dir='ltr'><strong>ex</strong></span> 
     </span>
    </p>
   </div>
   <div class='ocr_carea' id='block_1_6' title="bbox 109 431 893 471">
    <p class='ocr_par' dir='ltr' id='par_1_6' title="bbox 109 431 893 471">
     <span class='ocr_line' id='line_1_6' title="bbox 109 431 893 471; baseline 0.013 -15"><span class='ocrx_word' id='word_1_34' title='bbox 109 436 158 462; x_wconf 75' lang='lat' dir='ltr'><strong>eo,</strong></span> <span class='ocrx_word' id='word_1_35' title='bbox 173 431 246 465; x_wconf 91' lang='lat' dir='ltr'><strong>quod</strong></span> <span class='ocrx_word' id='word_1_36' title='bbox 259 437 320 460; x_wconf 85' lang='lat' dir='ltr'><strong>ante</strong></span> <span class='ocrx_word' id='word_1_37' title='bbox 334 440 420 461; x_wconf 91' lang='lat' dir='ltr'><strong>annos</strong></span> <span class='ocrx_word' id='word_1_38' title='bbox 440 434 520 467; x_wconf 76' lang='lat' dir='ltr'><strong>CXX,</strong></span> <span class='ocrx_word' id='word_1_39' title='bbox 544 444 624 471; x_wconf 89' lang='lat' dir='ltr'><strong>quam</strong></span> <span class='ocrx_word' id='word_1_40' title='bbox 641 437 783 470; x_wconf 84' lang='lat' dir='ltr'><strong>scriberet,</strong></span> <span class='ocrx_word' id='word_1_41' title='bbox 802 438 854 466; x_wconf 87' lang='lat' dir='ltr'><strong>Isia</strong></span> <span class='ocrx_word' id='word_1_42' title='bbox 866 440 893 467; x_wconf 95' lang='lat' dir='ltr'><strong>in</strong></span> 
     </span>
    </p>
   </div>
   <div class='ocr_carea' id='block_1_7' title="bbox 113 472 893 517">
    <p class='ocr_par' dir='ltr' id='par_1_7' title="bbox 113 472 893 517">
     <span class='ocr_line' id='line_1_7' title="bbox 113 472 893 517; baseline 0.015 -18"><span class='ocrx_word' id='word_1_43' title='bbox 113 472 220 501; x_wconf 86' lang='lat' dir='ltr'><strong>Eudoxi</strong></span> <span class='ocrx_word' id='word_1_44' title='bbox 237 477 339 511; x_wconf 84' lang='grc' dir='ltr'><strong>τροπὰς</strong></span> <span class='ocrx_word' id='word_1_45' title='bbox 354 478 482 506; x_wconf 88' lang='lat' dir='ltr'><strong>incidisse</strong></span> <span class='ocrx_word' id='word_1_46' title='bbox 499 480 589 514; x_wconf 85' lang='lat' dir='ltr'><strong>prodit</strong></span> <span class='ocrx_word' id='word_1_47' title='bbox 603 491 608 507; x_wconf 97' lang='lat'>:</span> <span class='ocrx_word' id='word_1_48' title='bbox 630 482 663 508; x_wconf 92' lang='lat' dir='ltr'><strong>de</strong></span> <span class='ocrx_word' id='word_1_49' title='bbox 678 489 732 517; x_wconf 92' lang='lat' dir='ltr'><strong>quo</strong></span> <span class='ocrx_word' id='word_1_50' title='bbox 747 491 844 511; x_wconf 82' lang='lat' dir='ltr'><strong>rursus</strong></span> <span class='ocrx_word' id='word_1_51' title='bbox 866 485 893 511; x_wconf 90' lang='lat' dir='ltr'><strong>in</strong></span> 
     </span>
    </p>
   </div>
   <div class='ocr_carea' id='block_1_8' title="bbox 110 517 848 559">
    <p class='ocr_par' dir='ltr' id='par_1_8' title="bbox 110 517 848 559">
     <span class='ocr_line' id='line_1_8' title="bbox 110 517 848 559; baseline 0.015 -14"><span class='ocrx_word' id='word_1_52' title='bbox 110 517 191 546; x_wconf 84' lang='lat' dir='ltr'><strong>Notis</strong></span> <span class='ocrx_word' id='word_1_53' title='bbox 215 520 248 547; x_wconf 91' lang='lat' dir='ltr'><strong>ad</strong></span> <span class='ocrx_word' id='word_1_54' title='bbox 274 520 377 550; x_wconf 87' lang='lat' dir='ltr'><strong>Gemini</strong></span> <span class='ocrx_word' id='word_1_55' title='bbox 396 531 457 559; x_wconf 89' lang='lat' dir='ltr'><strong>pag.</strong></span> <span class='ocrx_word' id='word_1_56' title='bbox 479 524 512 552; x_wconf 85' lang='grc'>19</span> <span class='ocrx_word' id='word_1_57' title='bbox 528 527 680 554; x_wconf 89' lang='lat' dir='ltr'><strong>accuratius</strong></span> <span class='ocrx_word' id='word_1_58' title='bbox 694 531 848 556; x_wconf 80' lang='lat' dir='ltr'><strong>estactum.</strong></span> 
     </span>
    </p>
   </div>
   <div class='ocr_carea' id='block_1_9' title="bbox 147 563 892 605">
    <p class='ocr_par' dir='ltr' id='par_1_9' title="bbox 147 563 892 605">
     <span class='ocr_line' id='line_1_9' title="bbox 147 563 892 605; baseline 0.015 -14"><span class='ocrx_word' id='word_1_59' title='bbox 147 563 240 592; x_wconf 86' lang='lat' dir='ltr'><strong>Redeo</strong></span> <span class='ocrx_word' id='word_1_60' title='bbox 256 567 288 593; x_wconf 89' lang='lat' dir='ltr'><strong>ad</strong></span> <span class='ocrx_word' id='word_1_61' title='bbox 321 572 409 595; x_wconf 91' lang='lat' dir='ltr'><strong>ortum</strong></span> <span class='ocrx_word' id='word_1_62' title='bbox 428 569 573 598; x_wconf 77' lang='lat' dir='ltr'><strong>Caniculze.</strong></span> <span class='ocrx_word' id='word_1_63' title='bbox 603 572 686 605; x_wconf 77' lang='lat' dir='ltr'><strong>Quem</strong></span> <span class='ocrx_word' id='word_1_64' title='bbox 702 581 763 601; x_wconf 90' lang='lat' dir='ltr'><strong>cum</strong></span> <span class='ocrx_word' id='word_1_65' title='bbox 786 573 892 602; x_wconf 86' lang='lat' dir='ltr'><strong>Gemini</strong></span> 
     </span>
    </p>
   </div>
   <div class='ocr_carea' id='block_1_10' title="bbox 107 611 893 649">
    <p class='ocr_par' dir='ltr' id='par_1_10' title="bbox 107 611 893 649">
     <span class='ocr_line' id='line_1_10' title="bbox 107 611 893 649; baseline 0.018 -14"><span class='ocrx_word' id='word_1_66' title='bbox 107 611 265 639; x_wconf 79' lang='lat' dir='ltr'><strong>rationibus</strong></span> <span class='ocrx_word' id='word_1_67' title='bbox 275 613 439 642; x_wconf 84' lang='lat' dir='ltr'><strong>adamussim</strong></span> <span class='ocrx_word' id='word_1_68' title='bbox 449 617 661 645; x_wconf 74' lang='lat' dir='ltr'><strong>consentientem</strong></span> <span class='ocrx_word' id='word_1_69' title='bbox 673 619 782 648; x_wconf 79' lang='lat' dir='ltr'><strong>exhibet</strong></span> <span class='ocrx_word' id='word_1_70' title='bbox 792 621 893 649; x_wconf 87' lang='lat' dir='ltr'><strong>metho-</strong></span> 
     </span>
    </p>
   </div>
   <div class='ocr_carea' id='block_1_11' title="bbox 108 654 892 699">
    <p class='ocr_par' dir='ltr' id='par_1_11' title="bbox 108 654 892 699">
     <span class='ocr_line' id='line_1_11' title="bbox 108 654 892 699; baseline 0.017 -18"><span class='ocrx_word' id='word_1_71' title='bbox 108 654 164 682; x_wconf 89' lang='lat' dir='ltr'><strong>dus</strong></span> <span class='ocrx_word' id='word_1_72' title='bbox 176 661 279 684; x_wconf 84' lang='lat' dir='ltr'><strong>nostra.</strong></span> <span class='ocrx_word' id='word_1_73' title='bbox 296 658 400 687; x_wconf 83' lang='lat' dir='ltr'><strong>Plinius</strong></span> <span class='ocrx_word' id='word_1_74' title='bbox 417 666 517 693; x_wconf 87' lang='lat' dir='ltr'><strong>autem,</strong></span> <span class='ocrx_word' id='word_1_75' title='bbox 534 666 561 689; x_wconf 86' lang='lat' dir='ltr'><strong>el.</strong></span> <span class='ocrx_word' id='word_1_76' title='bbox 580 664 679 695; x_wconf 65' lang='lat' dir='ltr'><strong>caeteri,</strong></span> <span class='ocrx_word' id='word_1_77' title='bbox 694 665 741 699; x_wconf 93' lang='lat' dir='ltr'><strong>qui</strong></span> <span class='ocrx_word' id='word_1_78' title='bbox 758 665 830 694; x_wconf 89' lang='lat' dir='ltr'><strong>circa</strong></span> <span class='ocrx_word' id='word_1_79' title='bbox 844 666 892 694; x_wconf 91' lang='lat' dir='ltr'><strong>Ju-</strong></span> 
     </span>
    </p>
   </div>
   <div class='ocr_carea' id='block_1_12' title="bbox 108 701 892 743">
    <p class='ocr_par' dir='ltr' id='par_1_12' title="bbox 108 701 892 743">
     <span class='ocr_line' id='line_1_12' title="bbox 108 701 892 743; baseline 0.017 -16"><span class='ocrx_word' id='word_1_80' title='bbox 108 701 140 727; x_wconf 87' lang='lat' dir='ltr'><strong>lii</strong></span> <span class='ocrx_word' id='word_1_81' title='bbox 157 709 233 735; x_wconf 87' lang='lat' dir='ltr'><strong>xvm,</strong></span> <span class='ocrx_word' id='word_1_82' title='bbox 251 704 292 731; x_wconf 87' lang='lat' dir='ltr'><strong>vel</strong></span> <span class='ocrx_word' id='word_1_83' title='bbox 308 713 362 736; x_wconf 77' lang='lat' dir='ltr'><strong>xtx,</strong></span> <span class='ocrx_word' id='word_1_84' title='bbox 378 707 405 743; x_wconf 86' lang='lat' dir='ltr'><strong>in</strong></span> <span class='ocrx_word' id='word_1_85' title='bbox 427 707 512 741; x_wconf 90' lang='lat' dir='ltr'><strong>prima</strong></span> <span class='ocrx_word' id='word_1_86' title='bbox 529 714 605 742; x_wconf 85' lang='lat' dir='ltr'><strong>parte</strong></span> <span class='ocrx_word' id='word_1_87' title='bbox 621 709 718 738; x_wconf 83' lang='lat' dir='ltr'><strong>Leonis</strong></span> <span class='ocrx_word' id='word_1_88' title='bbox 743 711 808 739; x_wconf 85' lang='lat' dir='ltr'><strong>oriri</strong></span> <span class='ocrx_word' id='word_1_89' title='bbox 824 714 892 740; x_wconf 90' lang='lat' dir='ltr'><strong>scri-</strong></span> 
     </span>
    </p>
   </div>
   <div class='ocr_carea' id='block_1_13' title="bbox 107 749 890 793">
    <p class='ocr_par' dir='ltr' id='par_1_13' title="bbox 107 749 890 793">
     <span class='ocr_line' id='line_1_13' title="bbox 107 749 890 793; baseline 0.017 -20"><span class='ocrx_word' id='word_1_90' title='bbox 107 753 241 782; x_wconf 81' lang='lat' dir='ltr'><strong>pserunt,</strong></span> <span class='ocrx_word' id='word_1_91' title='bbox 267 749 334 778; x_wconf 81' lang='lat' dir='ltr'><strong>falsa</strong></span> <span class='ocrx_word' id='word_1_92' title='bbox 359 751 403 778; x_wconf 88' lang='lat' dir='ltr'><strong>illa</strong></span> <span class='ocrx_word' id='word_1_93' title='bbox 427 754 602 787; x_wconf 87' lang='lat' dir='ltr'><strong>persuasione</strong></span> <span class='ocrx_word' id='word_1_94' title='bbox 625 756 689 783; x_wconf 91' lang='lat' dir='ltr'><strong>moti</strong></span> <span class='ocrx_word' id='word_1_95' title='bbox 708 761 782 790; x_wconf 90' lang='lat' dir='ltr'><strong>sunt,</strong></span> <span class='ocrx_word' id='word_1_96' title='bbox 810 766 890 793; x_wconf 85' lang='lat' dir='ltr'><strong>quam</strong></span> 
     </span>
    </p>
   </div>
   <div class='ocr_carea' id='block_1_14' title="bbox 107 799 890 840">
    <p class='ocr_par' dir='ltr' id='par_1_14' title="bbox 107 799 890 840">
     <span class='ocr_line' id='line_1_14' title="bbox 107 799 890 840; baseline 0.017 -20"><span class='ocrx_word' id='word_1_97' title='bbox 107 801 195 829; x_wconf 86' lang='lat' dir='ltr'><strong>supra</strong></span> <span class='ocrx_word' id='word_1_98' title='bbox 224 801 321 830; x_wconf 89' lang='lat' dir='ltr'><strong>quarto</strong></span> <span class='ocrx_word' id='word_1_99' title='bbox 344 799 442 832; x_wconf 83' lang='lat' dir='ltr'><strong>capite,</strong></span> <span class='ocrx_word' id='word_1_100' title='bbox 469 807 502 827; x_wconf 86' lang='lat' dir='ltr'><strong>ex</strong></span> <span class='ocrx_word' id='word_1_101' title='bbox 525 807 688 836; x_wconf 83' lang='lat' dir='ltr'><strong>praepostera</strong></span> <span class='ocrx_word' id='word_1_102' title='bbox 716 805 890 840; x_wconf 85' lang='lat' dir='ltr'><strong>antiquorum</strong></span> 
     </span>
    </p>
   </div>
   <div class='ocr_carea' id='block_1_15' title="bbox 106 840 888 881">
    <p class='ocr_par' dir='ltr' id='par_1_15' title="bbox 106 840 888 881">
     <span class='ocr_line' id='line_1_15' title="bbox 106 840 888 881; baseline 0.017 -15"><span class='ocrx_word' id='word_1_103' title='bbox 106 840 262 869; x_wconf 88' lang='lat' dir='ltr'><strong>imitatione</strong></span> <span class='ocrx_word' id='word_1_104' title='bbox 274 850 415 878; x_wconf 84' lang='lat' dir='ltr'><strong>perperam</strong></span> <span class='ocrx_word' id='word_1_105' title='bbox 430 844 483 872; x_wconf 89' lang='lat' dir='ltr'><strong>illis</strong></span> <span class='ocrx_word' id='word_1_106' title='bbox 496 845 650 881; x_wconf 84' lang='lat' dir='ltr'><strong>Obrepsisse</strong></span> <span class='ocrx_word' id='word_1_107' title='bbox 665 851 888 879; x_wconf 87' lang='lat' dir='ltr'><strong>monstravimus.</strong></span> 
     </span>
    </p>
   </div>
   <div class='ocr_carea' id='block_1_16' title="bbox 106 884 888 932">
    <p class='ocr_par' dir='ltr' id='par_1_16' title="bbox 106 884 888 932">
     <span class='ocr_line' id='line_1_16' title="bbox 106 884 888 932; baseline 0.018 -21"><span class='ocrx_word' id='word_1_108' title='bbox 106 884 160 912; x_wconf 83' lang='lat' dir='ltr'><strong>Hic</strong></span> <span class='ocrx_word' id='word_1_109' title='bbox 180 887 284 921; x_wconf 87' lang='lat' dir='ltr'><strong>primus</strong></span> <span class='ocrx_word' id='word_1_110' title='bbox 309 896 403 916; x_wconf 88' lang='lat' dir='ltr'><strong>eorum</strong></span> <span class='ocrx_word' id='word_1_111' title='bbox 430 890 480 918; x_wconf 85' lang='lat' dir='ltr'><strong>fuit</strong></span> <span class='ocrx_word' id='word_1_112' title='bbox 502 899 590 919; x_wconf 91' lang='lat' dir='ltr'><strong>error.</strong></span> <span class='ocrx_word' id='word_1_113' title='bbox 615 893 663 921; x_wconf 87' lang='lat' dir='ltr'><strong>Cui</strong></span> <span class='ocrx_word' id='word_1_114' title='bbox 681 895 749 922; x_wconf 91' lang='lat' dir='ltr'><strong>alter</strong></span> <span class='ocrx_word' id='word_1_115' title='bbox 763 898 888 932; x_wconf 89' lang='lat' dir='ltr'><strong>accessit,</strong></span> 
     </span>
    </p>
   </div>
   <div class='ocr_carea' id='block_1_17' title="bbox 106 932 890 971">
    <p class='ocr_par' dir='ltr' id='par_1_17' title="bbox 106 932 890 971">
     <span class='ocr_line' id='line_1_17' title="bbox 106 932 890 971; baseline 0.015 -13"><span class='ocrx_word' id='word_1_116' title='bbox 106 932 182 966; x_wconf 82' lang='lat' dir='ltr'><strong>quod</strong></span> <span class='ocrx_word' id='word_1_117' title='bbox 201 940 264 960; x_wconf 88' lang='lat' dir='ltr'><strong>cum</strong></span> <span class='ocrx_word' id='word_1_118' title='bbox 280 942 371 966; x_wconf 86' lang='lat' dir='ltr'><strong>verus.</strong></span> <span class='ocrx_word' id='word_1_119' title='bbox 383 940 410 963; x_wconf 89' lang='lat' dir='ltr'><strong>et</strong></span> <span class='ocrx_word' id='word_1_120' title='bbox 422 938 559 965; x_wconf 87' lang='lat' dir='ltr'><strong>cosmicus</strong></span> <span class='ocrx_word' id='word_1_121' title='bbox 573 944 650 966; x_wconf 89' lang='lat' dir='ltr'><strong>ortus</strong></span> <span class='ocrx_word' id='word_1_122' title='bbox 663 939 800 968; x_wconf 65' lang='lat' dir='ltr'><strong>Caniculm</strong></span> <span class='ocrx_word' id='word_1_123' title='bbox 816 942 890 971; x_wconf 89' lang='lat' dir='ltr'><strong>circa</strong></span> 
     </span>
    </p>
   </div>
   <div class='ocr_carea' id='block_1_18' title="bbox 107 977 890 1019">
    <p class='ocr_par' dir='ltr' id='par_1_18' title="bbox 107 977 890 1019">
     <span class='ocr_line' id='line_1_18' title="bbox 107 977 890 1019; baseline 0.018 -16"><span class='ocrx_word' id='word_1_124' title='bbox 107 977 137 1003; x_wconf 93' lang='lat' dir='ltr'><strong>id</strong></span> <span class='ocrx_word' id='word_1_125' title='bbox 169 981 294 1012; x_wconf 83' lang='lat' dir='ltr'><strong>tempus,</strong></span> <span class='ocrx_word' id='word_1_126' title='bbox 315 980 387 1014; x_wconf 88' lang='lat' dir='ltr'><strong>quod</strong></span> <span class='ocrx_word' id='word_1_127' title='bbox 407 981 441 1008; x_wconf 90' lang='lat' dir='ltr'><strong>ab</strong></span> <span class='ocrx_word' id='word_1_128' title='bbox 463 982 518 1010; x_wconf 90' lang='lat' dir='ltr'><strong>illis</strong></span> <span class='ocrx_word' id='word_1_129' title='bbox 544 990 705 1019; x_wconf 88' lang='lat' dir='ltr'><strong>conceptum</strong></span> <span class='ocrx_word' id='word_1_130' title='bbox 719 990 771 1018; x_wconf 86' lang='lat' dir='ltr'><strong>est,</strong></span> <span class='ocrx_word' id='word_1_131' title='bbox 798 986 890 1016; x_wconf 71' lang='lat' dir='ltr'><strong>Romae</strong></span> 
     </span>
    </p>
   </div>
   <div class='ocr_carea' id='block_1_19' title="bbox 105 1024 889 1066">
    <p class='ocr_par' dir='ltr' id='par_1_19' title="bbox 105 1024 889 1066">
     <span class='ocr_line' id='line_1_19' title="bbox 105 1024 889 1066; baseline 0.017 -17"><span class='ocrx_word' id='word_1_132' title='bbox 105 1024 295 1059; x_wconf 82' lang='lat' dir='ltr'><strong>contingeret,</strong></span> <span class='ocrx_word' id='word_1_133' title='bbox 318 1025 443 1056; x_wconf 83' lang='lat' dir='ltr'><strong>Heliacus</strong></span> <span class='ocrx_word' id='word_1_134' title='bbox 464 1033 554 1056; x_wconf 89' lang='lat' dir='ltr'><strong>autem</strong></span> <span class='ocrx_word' id='word_1_135' title='bbox 572 1039 626 1058; x_wconf 89' lang='lat' dir='ltr'><strong>non</strong></span> <span class='ocrx_word' id='word_1_136' title='bbox 646 1032 673 1058; x_wconf 92' lang='lat' dir='ltr'><strong>in</strong></span> <span class='ocrx_word' id='word_1_137' title='bbox 691 1031 778 1066; x_wconf 88' lang='lat' dir='ltr'><strong>Italia,</strong></span> <span class='ocrx_word' id='word_1_138' title='bbox 797 1035 844 1062; x_wconf 88' lang='lat' dir='ltr'><strong>sed</strong></span> <span class='ocrx_word' id='word_1_139' title='bbox 861 1035 889 1062; x_wconf 93' lang='lat' dir='ltr'><strong>in</strong></span> 
     </span>
    </p>
   </div>
   <div class='ocr_carea' id='block_1_20' title="bbox 103 1067 889 1114">
    <p class='ocr_par' dir='ltr' id='par_1_20' title="bbox 103 1067 889 1114">
     <span class='ocr_line' id='line_1_20' title="bbox 103 1067 889 1114; baseline 0.015 -19"><span class='ocrx_word' id='word_1_140' title='bbox 103 1067 225 1104; x_wconf 61' lang='lat' dir='ltr'><strong>Aigyplo</strong></span> <span class='ocrx_word' id='word_1_141' title='bbox 245 1071 295 1098; x_wconf 89' lang='lat' dir='ltr'><strong>sub</strong></span> <span class='ocrx_word' id='word_1_142' title='bbox 315 1071 385 1099; x_wconf 90' lang='lat' dir='ltr'><strong>idem</strong></span> <span class='ocrx_word' id='word_1_143' title='bbox 411 1077 516 1108; x_wconf 82' lang='lat' dir='ltr'><strong>tempus</strong></span> <span class='ocrx_word' id='word_1_144' title='bbox 547 1076 700 1108; x_wconf 86' lang='lat' dir='ltr'><strong>accideret,</strong></span> <span class='ocrx_word' id='word_1_145' title='bbox 716 1078 761 1105; x_wconf 87' lang='lat' dir='ltr'><strong>isti</strong></span> <span class='ocrx_word' id='word_1_146' title='bbox 773 1087 832 1114; x_wconf 71' lang='lat' dir='ltr'><strong>quae</strong></span> <span class='ocrx_word' id='word_1_147' title='bbox 855 1081 889 1107; x_wconf 93' lang='lat' dir='ltr'><strong>ab</strong></span> 
     </span>
    </p>
   </div>
   <div class='ocr_carea' id='block_1_21' title="bbox 104 1114 887 1154">
    <p class='ocr_par' dir='ltr' id='par_1_21' title="bbox 104 1114 887 1154">
     <span class='ocr_line' id='line_1_21' title="bbox 104 1114 887 1154; baseline 0.017 -13"><span class='ocrx_word' id='word_1_148' title='bbox 104 1114 308 1150; x_wconf 81' lang='lat' dir='ltr'><strong>Alexandrinis,</strong></span> <span class='ocrx_word' id='word_1_149' title='bbox 320 1121 346 1145; x_wconf 90' lang='lat' dir='ltr'><strong>et</strong></span> <span class='ocrx_word' id='word_1_150' title='bbox 363 1118 493 1154; x_wconf 58' lang='lat' dir='ltr'><strong>[Egyptiis</strong></span> <span class='ocrx_word' id='word_1_151' title='bbox 507 1120 539 1148; x_wconf 85' lang='lat' dir='ltr'><strong>ad</strong></span> <span class='ocrx_word' id='word_1_152' title='bbox 553 1129 631 1149; x_wconf 92' lang='lat' dir='ltr'><strong>suum</strong></span> <span class='ocrx_word' id='word_1_153' title='bbox 647 1126 763 1151; x_wconf 90' lang='lat' dir='ltr'><strong>tractum</strong></span> <span class='ocrx_word' id='word_1_154' title='bbox 778 1133 887 1153; x_wconf 86' lang='lat' dir='ltr'><strong>accom-</strong></span> 
     </span>
    </p>
   </div>
   <div class='ocr_carea' id='block_1_22' title="bbox 103 1160 888 1206">
    <p class='ocr_par' dir='ltr' id='par_1_22' title="bbox 103 1160 888 1206">
     <span class='ocr_line' id='line_1_22' title="bbox 103 1160 888 1206; baseline 0.015 -20"><span class='ocrx_word' id='word_1_155' title='bbox 103 1160 226 1193; x_wconf 89' lang='lat' dir='ltr'><strong>modata,</strong></span> <span class='ocrx_word' id='word_1_156' title='bbox 243 1163 405 1199; x_wconf 85' lang='lat' dir='ltr'><strong>scriptisque</strong></span> <span class='ocrx_word' id='word_1_157' title='bbox 416 1166 522 1200; x_wconf 88' lang='lat' dir='ltr'><strong>prodita</strong></span> <span class='ocrx_word' id='word_1_158' title='bbox 535 1172 622 1200; x_wconf 88' lang='lat' dir='ltr'><strong>erant,</strong></span> <span class='ocrx_word' id='word_1_159' title='bbox 648 1170 680 1196; x_wconf 92' lang='lat' dir='ltr'><strong>ad</strong></span> <span class='ocrx_word' id='word_1_160' title='bbox 704 1169 825 1197; x_wconf 88' lang='lat' dir='ltr'><strong>Italicum</strong></span> <span class='ocrx_word' id='word_1_161' title='bbox 841 1179 888 1206; x_wconf 85' lang='lat' dir='ltr'><strong>ap-</strong></span> 
     </span>
    </p>
   </div>
   <div class='ocr_carea' id='block_1_23' title="bbox 103 1206 886 1248">
    <p class='ocr_par' dir='ltr' id='par_1_23' title="bbox 103 1206 886 1248">
     <span class='ocr_line' id='line_1_23' title="bbox 103 1206 886 1248; baseline 0.015 -17"><span class='ocrx_word' id='word_1_162' title='bbox 103 1206 254 1240; x_wconf 82' lang='lat' dir='ltr'><strong>plicarunt.</strong></span> <span class='ocrx_word' id='word_1_163' title='bbox 266 1207 348 1236; x_wconf 83' lang='lat' dir='ltr'><strong>Ortus</strong></span> <span class='ocrx_word' id='word_1_164' title='bbox 360 1211 496 1238; x_wconf 90' lang='lat' dir='ltr'><strong>cosmicus</strong></span> <span class='ocrx_word' id='word_1_165' title='bbox 510 1212 573 1239; x_wconf 89' lang='lat' dir='ltr'><strong>Sirii</strong></span> <span class='ocrx_word' id='word_1_166' title='bbox 588 1220 660 1240; x_wconf 86' lang='lat' dir='ltr'><strong>anno</strong></span> <span class='ocrx_word' id='word_1_167' title='bbox 676 1214 765 1248; x_wconf 90' lang='lat' dir='ltr'><strong>primo</strong></span> <span class='ocrx_word' id='word_1_168' title='bbox 777 1214 886 1243; x_wconf 87' lang='lat' dir='ltr'><strong>Juliano</strong></span> 
     </span>
    </p>
   </div>
   <div class='ocr_carea' id='block_1_24' title="bbox 100 1251 886 1293">
    <p class='ocr_par' dir='ltr' id='par_1_24' title="bbox 100 1251 886 1293">
     <span class='ocr_line' id='line_1_24' title="bbox 100 1251 886 1293; baseline 0.014 -15"><span class='ocrx_word' id='word_1_169' title='bbox 100 1251 276 1281; x_wconf 66' lang='lat' dir='ltr'><strong>Alexandriae</strong></span> <span class='ocrx_word' id='word_1_170' title='bbox 302 1255 383 1283; x_wconf 81' lang='lat' dir='ltr'><strong>tiebat</strong></span> <span class='ocrx_word' id='word_1_171' title='bbox 411 1256 439 1284; x_wconf 93' lang='lat' dir='ltr'><strong>in</strong></span> <span class='ocrx_word' id='word_1_172' title='bbox 462 1257 547 1292; x_wconf 87' lang='lat' dir='ltr'><strong>gradu</strong></span> <span class='ocrx_word' id='word_1_173' title='bbox 561 1257 659 1286; x_wconf 85' lang='lat' dir='ltr'><strong>Cancri</strong></span> <span class='ocrx_word' id='word_1_174' title='bbox 679 1260 723 1293; x_wconf 75' lang='grc'><strong>12,</strong></span> <span class='ocrx_word' id='word_1_175' title='bbox 738 1260 789 1293; x_wconf 79' lang='lat'><strong>27&#39;,</strong></span> <span class='ocrx_word' id='word_1_176' title='bbox 813 1262 886 1289; x_wconf 89' lang='lat' dir='ltr'><strong>circa</strong></span> 
     </span>
    </p>
   </div>
   <div class='ocr_carea' id='block_1_25' title="bbox 101 1297 884 1338">
    <p class='ocr_par' dir='ltr' id='par_1_25' title="bbox 101 1297 884 1338">
     <span class='ocr_line' id='line_1_25' title="bbox 101 1297 884 1338; baseline 0.014 -14"><span class='ocrx_word' id='word_1_177' title='bbox 101 1305 144 1325; x_wconf 84' lang='lat' dir='ltr'><strong>vu</strong></span> <span class='ocrx_word' id='word_1_178' title='bbox 165 1297 230 1326; x_wconf 90' lang='lat' dir='ltr'><strong>Julii</strong></span> <span class='ocrx_word' id='word_1_179' title='bbox 246 1309 253 1327; x_wconf 87' lang='lat'><strong>:</strong></span> <span class='ocrx_word' id='word_1_180' title='bbox 269 1300 392 1329; x_wconf 88' lang='lat' dir='ltr'><strong>heliacus</strong></span> <span class='ocrx_word' id='word_1_181' title='bbox 415 1302 443 1329; x_wconf 91' lang='lat' dir='ltr'><strong>in</strong></span> <span class='ocrx_word' id='word_1_182' title='bbox 464 1304 550 1338; x_wconf 81' lang='lat' dir='ltr'><strong>gradu</strong></span> <span class='ocrx_word' id='word_1_183' title='bbox 573 1304 618 1337; x_wconf 75' lang='lat'><strong>26,</strong></span> <span class='ocrx_word' id='word_1_184' title='bbox 645 1305 679 1337; x_wconf 86' lang='lat'><strong>9’,</strong></span> <span class='ocrx_word' id='word_1_185' title='bbox 696 1306 747 1333; x_wconf 90' lang='lat' dir='ltr'><strong>hoc</strong></span> <span class='ocrx_word' id='word_1_186' title='bbox 764 1312 805 1334; x_wconf 90' lang='lat' dir='ltr'><strong>est</strong></span> <span class='ocrx_word' id='word_1_187' title='bbox 821 1307 884 1335; x_wconf 82' lang='lat' dir='ltr'><strong>Julii</strong></span> 
     </span>
    </p>
   </div>
   <div class='ocr_carea' id='block_1_26' title="bbox 101 1343 884 1384">
    <p class='ocr_par' dir='ltr' id='par_1_26' title="bbox 101 1343 884 1384">
     <span class='ocr_line' id='line_1_26' title="bbox 101 1343 884 1384; baseline 0.014 -14"><span class='ocrx_word' id='word_1_188' title='bbox 101 1343 163 1372; x_wconf 82' lang='lat' dir='ltr'><strong>fere</strong></span> <span class='ocrx_word' id='word_1_189' title='bbox 177 1353 223 1372; x_wconf 87' lang='lat' dir='ltr'><strong>xx.</strong></span> <span class='ocrx_word' id='word_1_190' title='bbox 240 1346 422 1379; x_wconf 88' lang='lat' dir='ltr'><strong>Quamobrem</strong></span> <span class='ocrx_word' id='word_1_191' title='bbox 438 1350 509 1384; x_wconf 88' lang='lat' dir='ltr'><strong>quod</strong></span> <span class='ocrx_word' id='word_1_192' title='bbox 527 1350 565 1377; x_wconf 83' lang='lat' dir='ltr'><strong>illi</strong></span> <span class='ocrx_word' id='word_1_193' title='bbox 583 1351 616 1378; x_wconf 88' lang='lat' dir='ltr'><strong>de</strong></span> <span class='ocrx_word' id='word_1_194' title='bbox 632 1355 709 1379; x_wconf 92' lang='lat' dir='ltr'><strong>ortus</strong></span> <span class='ocrx_word' id='word_1_195' title='bbox 722 1353 884 1382; x_wconf 89' lang='lat' dir='ltr'><strong>canicularis</strong></span> 
     </span>
    </p>
   </div>
   <div class='ocr_carea' id='block_1_27' title="bbox 102 1391 884 1432">
    <p class='ocr_par' dir='ltr' id='par_1_27' title="bbox 102 1391 884 1432">
     <span class='ocr_line' id='line_1_27' title="bbox 102 1391 884 1432; baseline 0.015 -18"><span class='ocrx_word' id='word_1_196' title='bbox 102 1391 227 1424; x_wconf 88' lang='lat' dir='ltr'><strong>tempore</strong></span> <span class='ocrx_word' id='word_1_197' title='bbox 248 1391 382 1425; x_wconf 85' lang='lat' dir='ltr'><strong>scribunt,</strong></span> <span class='ocrx_word' id='word_1_198' title='bbox 398 1393 420 1421; x_wconf 88' lang='lat' dir='ltr'><strong>si</strong></span> <span class='ocrx_word' id='word_1_199' title='bbox 442 1393 476 1420; x_wconf 90' lang='lat' dir='ltr'><strong>de</strong></span> <span class='ocrx_word' id='word_1_200' title='bbox 497 1393 591 1422; x_wconf 86' lang='lat' dir='ltr'><strong>Italico</strong></span> <span class='ocrx_word' id='word_1_201' title='bbox 613 1396 675 1423; x_wconf 72' lang='grc' dir='ltr'><strong>(εωΙί</strong></span> <span class='ocrx_word' id='word_1_202' title='bbox 690 1397 780 1432; x_wconf 89' lang='lat' dir='ltr'><strong>positu</strong></span> <span class='ocrx_word' id='word_1_203' title='bbox 795 1405 884 1426; x_wconf 88' lang='lat' dir='ltr'><strong>sermo</strong></span> 
     </span>
    </p>
   </div>
   <div class='ocr_carea' id='block_1_28' title="bbox 100 1435 884 1478">
    <p class='ocr_par' dir='ltr' id='par_1_28' title="bbox 100 1435 884 1478">
     <span class='ocr_line' id='line_1_28' title="bbox 100 1435 884 1478; baseline 0.017 -18"><span class='ocrx_word' id='word_1_204' title='bbox 100 1437 158 1466; x_wconf 82' lang='lat' dir='ltr'><strong>est,</strong></span> <span class='ocrx_word' id='word_1_205' title='bbox 185 1435 218 1462; x_wconf 87' lang='lat' dir='ltr'><strong>ad</strong></span> <span class='ocrx_word' id='word_1_206' title='bbox 244 1438 392 1465; x_wconf 90' lang='lat' dir='ltr'><strong>cosmicum</strong></span> <span class='ocrx_word' id='word_1_207' title='bbox 420 1439 537 1468; x_wconf 76' lang='lat' dir='ltr'><strong>refertur</strong></span> <span class='ocrx_word' id='word_1_208' title='bbox 555 1450 561 1468; x_wconf 95' lang='lat'>:</span> <span class='ocrx_word' id='word_1_209' title='bbox 581 1442 623 1468; x_wconf 90' lang='lat' dir='ltr'><strong>sin</strong></span> <span class='ocrx_word' id='word_1_210' title='bbox 640 1442 795 1478; x_wconf 60' lang='lat' dir='ltr'><strong>{Egyptiaci</strong></span> <span class='ocrx_word' id='word_1_211' title='bbox 814 1446 884 1473; x_wconf 87' lang='lat' dir='ltr'><strong>ratio</strong></span> 
     </span>
    </p>
   </div>
   <div class='ocr_carea' id='block_1_29' title="bbox 101 1477 885 1524">
    <p class='ocr_par' dir='ltr' id='par_1_29' title="bbox 101 1477 885 1524">
     <span class='ocr_line' id='line_1_29' title="bbox 101 1477 885 1524; baseline 0.017 -20"><span class='ocrx_word' id='word_1_212' title='bbox 101 1477 224 1513; x_wconf 88' lang='lat' dir='ltr'><strong>ducitur,</strong></span> <span class='ocrx_word' id='word_1_213' title='bbox 241 1480 363 1510; x_wconf 87' lang='lat' dir='ltr'><strong>heliacus</strong></span> <span class='ocrx_word' id='word_1_214' title='bbox 376 1482 515 1512; x_wconf 89' lang='lat' dir='ltr'><strong>habendus</strong></span> <span class='ocrx_word' id='word_1_215' title='bbox 531 1489 581 1513; x_wconf 87' lang='lat' dir='ltr'><strong>est.</strong></span> <span class='ocrx_word' id='word_1_216' title='bbox 597 1477 756 1521; x_wconf 78' lang='lat' dir='ltr'><strong>Columella,</strong></span> <span class='ocrx_word' id='word_1_217' title='bbox 772 1490 818 1524; x_wconf 86' lang='lat' dir='ltr'><strong>qui</strong></span> <span class='ocrx_word' id='word_1_218' title='bbox 839 1491 885 1517; x_wconf 92' lang='lat' dir='ltr'><strong>tri-</strong></span> 
     </span>
    </p>
   </div>
   <div class='ocr_carea' id='block_1_30' title="bbox 100 1524 883 1567">
    <p class='ocr_par' dir='ltr' id='par_1_30' title="bbox 100 1524 883 1567">
     <span class='ocr_line' id='line_1_30' title="bbox 100 1524 883 1567; baseline 0.017 -17"><span class='ocrx_word' id='word_1_219' title='bbox 100 1524 206 1551; x_wconf 85' lang='lat' dir='ltr'><strong>cesimo</strong></span> <span class='ocrx_word' id='word_1_220' title='bbox 219 1526 252 1553; x_wconf 90' lang='lat' dir='ltr'><strong>ab</strong></span> <span class='ocrx_word' id='word_1_221' title='bbox 266 1526 393 1559; x_wconf 88' lang='lat' dir='ltr'><strong>solstitio,</strong></span> <span class='ocrx_word' id='word_1_222' title='bbox 423 1532 450 1555; x_wconf 88' lang='lat' dir='ltr'><strong>et</strong></span> <span class='ocrx_word' id='word_1_223' title='bbox 468 1530 502 1556; x_wconf 89' lang='lat' dir='ltr'><strong>ab</strong></span> <span class='ocrx_word' id='word_1_224' title='bbox 517 1535 612 1558; x_wconf 88' lang='lat' dir='ltr'><strong>octava</strong></span> <span class='ocrx_word' id='word_1_225' title='bbox 626 1537 703 1567; x_wconf 87' lang='lat' dir='ltr'><strong>parte</strong></span> <span class='ocrx_word' id='word_1_226' title='bbox 724 1534 822 1562; x_wconf 88' lang='lat' dir='ltr'><strong>Cancri</strong></span> <span class='ocrx_word' id='word_1_227' title='bbox 840 1536 883 1563; x_wconf 89' lang='lat' dir='ltr'><strong>die</strong></span> 
     </span>
    </p>
   </div>
   <div class='ocr_carea' id='block_1_31' title="bbox 100 1568 881 1611">
    <p class='ocr_par' dir='ltr' id='par_1_31' title="bbox 100 1568 881 1611">
     <span class='ocr_line' id='line_1_31' title="bbox 100 1568 881 1611; baseline 0.019 -17"><span class='ocrx_word' id='word_1_228' title='bbox 100 1568 239 1598; x_wconf 73' lang='lat' dir='ltr'><strong>Canicula.-</strong></span> <span class='ocrx_word' id='word_1_229' title='bbox 252 1572 328 1606; x_wconf 89' lang='lat' dir='ltr'><strong>ponit</strong></span> <span class='ocrx_word' id='word_1_230' title='bbox 351 1578 472 1601; x_wconf 79' lang='lat' dir='ltr'><strong>exortum</strong></span> <span class='ocrx_word' id='word_1_231' title='bbox 484 1594 491 1606; x_wconf 93' lang='lat'><strong>,</strong></span> <span class='ocrx_word' id='word_1_232' title='bbox 520 1577 676 1611; x_wconf 83' lang='lat' dir='ltr'><strong>imprudens</strong></span> <span class='ocrx_word' id='word_1_233' title='bbox 703 1579 728 1606; x_wconf 88' lang='lat' dir='ltr'><strong>iu</strong></span> <span class='ocrx_word' id='word_1_234' title='bbox 743 1581 881 1609; x_wconf 83' lang='lat' dir='ltr'><strong>veritatem</strong></span> 
     </span>
    </p>
   </div>
   <div class='ocr_carea' id='block_1_32' title="bbox 101 1614 882 1660">
    <p class='ocr_par' dir='ltr' id='par_1_32' title="bbox 101 1614 882 1660">
     <span class='ocr_line' id='line_1_32' title="bbox 101 1614 882 1660; baseline 0.018 -20"><span class='ocrx_word' id='word_1_235' title='bbox 101 1614 230 1649; x_wconf 86' lang='lat' dir='ltr'><strong>delapsus</strong></span> <span class='ocrx_word' id='word_1_236' title='bbox 241 1619 292 1643; x_wconf 88' lang='lat' dir='ltr'><strong>est.</strong></span> <span class='ocrx_word' id='word_1_237' title='bbox 316 1616 361 1644; x_wconf 86' lang='lat' dir='ltr'><strong>Sic</strong></span> <span class='ocrx_word' id='word_1_238' title='bbox 375 1618 446 1645; x_wconf 88' lang='lat' dir='ltr'><strong>enim</strong></span> <span class='ocrx_word' id='word_1_239' title='bbox 463 1624 567 1654; x_wconf 82' lang='lat' dir='ltr'><strong>partem</strong></span> <span class='ocrx_word' id='word_1_240' title='bbox 583 1622 610 1649; x_wconf 96' lang='lat' dir='ltr'><strong>in</strong></span> <span class='ocrx_word' id='word_1_241' title='bbox 624 1622 722 1651; x_wconf 88' lang='lat' dir='ltr'><strong>Leonis</strong></span> <span class='ocrx_word' id='word_1_242' title='bbox 741 1626 882 1660; x_wconf 80' lang='lat' dir='ltr'><strong>septimam</strong></span> 
     </span>
    </p>
   </div>
   <div class='ocr_carea' id='block_1_33' title="bbox 101 1658 884 1703">
    <p class='ocr_par' dir='ltr' id='par_1_33' title="bbox 101 1658 884 1703">
     <span class='ocr_line' id='line_1_33' title="bbox 101 1658 884 1703; baseline 0.018 -18"><span class='ocrx_word' id='word_1_243' title='bbox 101 1658 162 1686; x_wconf 81' lang='lat' dir='ltr'><strong>fere</strong></span> <span class='ocrx_word' id='word_1_244' title='bbox 183 1661 290 1688; x_wconf 89' lang='lat' dir='ltr'><strong>redacta</strong></span> <span class='ocrx_word' id='word_1_245' title='bbox 306 1662 376 1690; x_wconf 86' lang='lat' dir='ltr'><strong>ratio</strong></span> <span class='ocrx_word' id='word_1_246' title='bbox 392 1668 443 1692; x_wconf 86' lang='lat' dir='ltr'><strong>est.</strong></span> <span class='ocrx_word' id='word_1_247' title='bbox 468 1664 521 1692; x_wconf 84' lang='lat' dir='ltr'><strong>Sed</strong></span> <span class='ocrx_word' id='word_1_248' title='bbox 538 1666 566 1693; x_wconf 90' lang='lat' dir='ltr'><strong>in</strong></span> <span class='ocrx_word' id='word_1_249' title='bbox 587 1671 707 1703; x_wconf 84' lang='lat' dir='ltr'><strong>tempore</strong></span> <span class='ocrx_word' id='word_1_250' title='bbox 731 1658 884 1699; x_wconf 76' lang='lat' dir='ltr'><strong>definiendo</strong></span> 
     </span>
    </p>
   </div>
   <div class='ocr_carea' id='block_1_34' title="bbox 101 1705 884 1748">
    <p class='ocr_par' dir='ltr' id='par_1_34' title="bbox 101 1705 884 1748">
     <span class='ocr_line' id='line_1_34' title="bbox 101 1705 884 1748; baseline 0.017 -17"><span class='ocrx_word' id='word_1_251' title='bbox 101 1705 222 1740; x_wconf 81' lang='lat' dir='ltr'><strong>vulgaris</strong></span> <span class='ocrx_word' id='word_1_252' title='bbox 240 1707 315 1734; x_wconf 88' lang='lat' dir='ltr'><strong>illum</strong></span> <span class='ocrx_word' id='word_1_253' title='bbox 331 1716 409 1736; x_wconf 87' lang='lat' dir='ltr'><strong>error</strong></span> <span class='ocrx_word' id='word_1_254' title='bbox 424 1710 562 1745; x_wconf 85' lang='lat' dir='ltr'><strong>abripuit;</strong></span> <span class='ocrx_word' id='word_1_255' title='bbox 583 1720 644 1739; x_wconf 90' lang='lat' dir='ltr'><strong>nam</strong></span> <span class='ocrx_word' id='word_1_256' title='bbox 664 1714 727 1748; x_wconf 88' lang='lat' dir='ltr'><strong>quia</strong></span> <span class='ocrx_word' id='word_1_257' title='bbox 748 1716 813 1744; x_wconf 90' lang='lat' dir='ltr'><strong>solis</strong></span> <span class='ocrx_word' id='word_1_258' title='bbox 842 1717 884 1744; x_wconf 93' lang='lat' dir='ltr'><strong>in-</strong></span> 
     </span>
    </p>
   </div>
   <div class='ocr_carea' id='block_1_35' title="bbox 101 1751 881 1797">
    <p class='ocr_par' dir='ltr' id='par_1_35' title="bbox 101 1751 881 1797">
     <span class='ocr_line' id='line_1_35' title="bbox 101 1751 881 1797; baseline 0.019 -22"><span class='ocrx_word' id='word_1_259' title='bbox 101 1751 214 1777; x_wconf 88' lang='lat' dir='ltr'><strong>troitum</strong></span> <span class='ocrx_word' id='word_1_260' title='bbox 239 1752 265 1778; x_wconf 91' lang='lat' dir='ltr'><strong>in</strong></span> <span class='ocrx_word' id='word_1_261' title='bbox 291 1752 425 1782; x_wconf 85' lang='lat' dir='ltr'><strong>Cancrum</strong></span> <span class='ocrx_word' id='word_1_262' title='bbox 451 1755 524 1783; x_wconf 89' lang='lat' dir='ltr'><strong>Junii</strong></span> <span class='ocrx_word' id='word_1_263' title='bbox 548 1765 602 1784; x_wconf 82' lang='lat' dir='ltr'><strong>xvn</strong></span> <span class='ocrx_word' id='word_1_264' title='bbox 628 1759 737 1787; x_wconf 92' lang='lat' dir='ltr'><strong>circiter</strong></span> <span class='ocrx_word' id='word_1_265' title='bbox 751 1761 881 1797; x_wconf 84' lang='lat' dir='ltr'><strong>illigavit,</strong></span> 
     </span>
    </p>
   </div>
   <div class='ocr_carea' id='block_1_36' title="bbox 102 1795 881 1840">
    <p class='ocr_par' dir='ltr' id='par_1_36' title="bbox 102 1795 881 1840">
     <span class='ocr_line' id='line_1_36' title="bbox 102 1795 881 1840; baseline 0.018 -19"><span class='ocrx_word' id='word_1_266' title='bbox 102 1795 203 1824; x_wconf 84' lang='lat' dir='ltr'><strong>Leonis</strong></span> <span class='ocrx_word' id='word_1_267' title='bbox 215 1797 317 1825; x_wconf 88' lang='lat' dir='ltr'><strong>aditum</strong></span> <span class='ocrx_word' id='word_1_268' title='bbox 331 1799 395 1827; x_wconf 78' lang='lat' dir='ltr'><strong>Julii</strong></span> <span class='ocrx_word' id='word_1_269' title='bbox 411 1809 475 1828; x_wconf 81' lang='lat' dir='ltr'><strong>xvui</strong></span> <span class='ocrx_word' id='word_1_270' title='bbox 487 1807 699 1832; x_wconf 78' lang='lat' dir='ltr'><strong>consentaneum</strong></span> <span class='ocrx_word' id='word_1_271' title='bbox 715 1809 756 1834; x_wconf 87' lang='lat' dir='ltr'><strong>est</strong></span> <span class='ocrx_word' id='word_1_272' title='bbox 770 1809 881 1840; x_wconf 87' lang='lat' dir='ltr'><strong>ascribi,</strong></span> 
     </span>
    </p>
   </div>
   <div class='ocr_carea' id='block_1_37' title="bbox 101 1843 883 1887">
    <p class='ocr_par' dir='ltr' id='par_1_37' title="bbox 101 1843 883 1887">
     <span class='ocr_line' id='line_1_37' title="bbox 101 1843 883 1887; baseline 0.017 -19"><span class='ocrx_word' id='word_1_273' title='bbox 101 1846 194 1868; x_wconf 90' lang='lat' dir='ltr'><strong>ortum</strong></span> <span class='ocrx_word' id='word_1_274' title='bbox 213 1851 276 1871; x_wconf 84' lang='lat' dir='ltr'><strong>vero</strong></span> <span class='ocrx_word' id='word_1_275' title='bbox 290 1843 426 1872; x_wconf 65' lang='lat' dir='ltr'><strong>Caniculm</strong></span> <span class='ocrx_word' id='word_1_276' title='bbox 441 1844 504 1874; x_wconf 88' lang='lat' dir='ltr'><strong>Julii</strong></span> <span class='ocrx_word' id='word_1_277' title='bbox 528 1856 594 1875; x_wconf 67' lang='grc' dir='ltr'>χχιιι</span> <span class='ocrx_word' id='word_1_278' title='bbox 611 1850 653 1877; x_wconf 91' lang='lat' dir='ltr'><strong>vel</strong></span> <span class='ocrx_word' id='word_1_279' title='bbox 669 1858 741 1884; x_wconf 82' lang='lat' dir='ltr'><strong>xxiv,</strong></span> <span class='ocrx_word' id='word_1_280' title='bbox 759 1851 784 1879; x_wconf 92' lang='lat' dir='ltr'><strong>in</strong></span> <span class='ocrx_word' id='word_1_281' title='bbox 807 1859 883 1887; x_wconf 83' lang='lat' dir='ltr'><strong>parte</strong></span> 
     </span>
    </p>
   </div>
   <div class='ocr_carea' id='block_1_38' title="bbox 101 1887 881 1932">
    <p class='ocr_par' dir='ltr' id='par_1_38' title="bbox 101 1887 881 1932">
     <span class='ocr_line' id='line_1_38' title="bbox 101 1887 881 1932; baseline 0.015 -18"><span class='ocrx_word' id='word_1_282' title='bbox 101 1887 203 1916; x_wconf 89' lang='lat' dir='ltr'><strong>Leonis</strong></span> <span class='ocrx_word' id='word_1_283' title='bbox 219 1890 328 1918; x_wconf 89' lang='lat' dir='ltr'><strong>circiter</strong></span> <span class='ocrx_word' id='word_1_284' title='bbox 349 1892 474 1926; x_wconf 90' lang='lat' dir='ltr'><strong>septima.</strong></span> <span class='ocrx_word' id='word_1_285' title='bbox 498 1892 527 1920; x_wconf 92' lang='lat' dir='ltr'><strong>In</strong></span> <span class='ocrx_word' id='word_1_286' title='bbox 540 1901 594 1929; x_wconf 85' lang='lat' dir='ltr'><strong>quo</strong></span> <span class='ocrx_word' id='word_1_287' title='bbox 609 1898 698 1923; x_wconf 86' lang='lat' dir='ltr'><strong>tamen</strong></span> <span class='ocrx_word' id='word_1_288' title='bbox 723 1896 790 1932; x_wconf 82' lang='lat' dir='ltr'><strong>fugit</strong></span> <span class='ocrx_word' id='word_1_289' title='bbox 806 1899 881 1926; x_wconf 93' lang='lat' dir='ltr'><strong>illum</strong></span> 
     </span>
    </p>
   </div>
   <div class='ocr_carea' id='block_1_39' title="bbox 101 1934 880 1978">
    <p class='ocr_par' dir='ltr' id='par_1_39' title="bbox 101 1934 880 1978">
     <span class='ocr_line' id='line_1_39' title="bbox 101 1934 880 1978; baseline 0.013 -18"><span class='ocrx_word' id='word_1_290' title='bbox 101 1934 185 1961; x_wconf 87' lang='lat' dir='ltr'><strong>ratio.</strong></span> <span class='ocrx_word' id='word_1_291' title='bbox 208 1934 310 1971; x_wconf 85' lang='lat' dir='ltr'><strong>Quippe</strong></span> <span class='ocrx_word' id='word_1_292' title='bbox 321 1936 448 1965; x_wconf 84' lang='lat' dir='ltr'><strong>Kalendis</strong></span> <span class='ocrx_word' id='word_1_293' title='bbox 474 1938 613 1974; x_wconf 80' lang='lat' dir='ltr'><strong>Augustis,</strong></span> <span class='ocrx_word' id='word_1_294' title='bbox 642 1940 682 1968; x_wconf 88' lang='lat' dir='ltr'><strong>vel</strong></span> <span class='ocrx_word' id='word_1_295' title='bbox 699 1943 780 1976; x_wconf 83' lang='lat' dir='ltr'><strong>paulo</strong></span> <span class='ocrx_word' id='word_1_296' title='bbox 809 1949 880 1978; x_wconf 87' lang='lat' dir='ltr'><strong>post,</strong></span> 
     </span>
    </p>
   </div>
   <div class='ocr_carea' id='block_1_40' title="bbox 100 1978 879 2023">
    <p class='ocr_par' dir='ltr' id='par_1_40' title="bbox 100 1978 879 2023">
     <span class='ocr_line' id='line_1_40' title="bbox 100 1978 879 2023; baseline 0.014 -17"><span class='ocrx_word' id='word_1_297' title='bbox 100 1978 225 2007; x_wconf 82' lang='lat' dir='ltr'><strong>heliacus</strong></span> <span class='ocrx_word' id='word_1_298' title='bbox 240 1981 375 2010; x_wconf 67' lang='lat' dir='ltr'><strong>Caniculae</strong></span> <span class='ocrx_word' id='word_1_299' title='bbox 397 1987 473 2010; x_wconf 80' lang='lat' dir='ltr'><strong>ortus</strong></span> <span class='ocrx_word' id='word_1_300' title='bbox 490 1992 538 2018; x_wconf 88' lang='lat' dir='ltr'><strong>per</strong></span> <span class='ocrx_word' id='word_1_301' title='bbox 563 1985 589 2012; x_wconf 88' lang='lat' dir='ltr'><strong>id</strong></span> <span class='ocrx_word' id='word_1_302' title='bbox 615 1990 721 2021; x_wconf 86' lang='lat' dir='ltr'><strong>tempus</strong></span> <span class='ocrx_word' id='word_1_303' title='bbox 746 1989 879 2023; x_wconf 77' lang='lat' dir='ltr'><strong>congruit.</strong></span> 
     </span>
    </p>
   </div>
   <div class='ocr_carea' id='block_1_41' title="bbox 99 2023 881 2062">
    <p class='ocr_par' dir='ltr' id='par_1_41' title="bbox 99 2023 881 2062">
     <span class='ocr_line' id='line_1_41' title="bbox 99 2023 881 2062; baseline 0.013 -11"><span class='ocrx_word' id='word_1_304' title='bbox 99 2023 164 2052; x_wconf 77' lang='lat' dir='ltr'><strong>Non</strong></span> <span class='ocrx_word' id='word_1_305' title='bbox 189 2026 287 2054; x_wconf 90' lang='lat' dir='ltr'><strong>minori</strong></span> <span class='ocrx_word' id='word_1_306' title='bbox 308 2027 518 2056; x_wconf 87' lang='lat' dir='ltr'><strong>ballucinatione</strong></span> <span class='ocrx_word' id='word_1_307' title='bbox 532 2029 637 2058; x_wconf 83' lang='lat' dir='ltr'><strong>Plinius</strong></span> <span class='ocrx_word' id='word_1_308' title='bbox 659 2031 786 2060; x_wconf 86' lang='lat' dir='ltr'><strong>vicesimo</strong></span> <span class='ocrx_word' id='word_1_309' title='bbox 802 2035 881 2062; x_wconf 89' lang='lat' dir='ltr'><strong>tertio</strong></span> 
     </span>
    </p>
   </div>
   <div class='ocr_carea' id='block_1_42' title="bbox 100 2071 877 2113">
    <p class='ocr_par' dir='ltr' id='par_1_42' title="bbox 100 2071 877 2113">
     <span class='ocr_line' id='line_1_42' title="bbox 100 2071 877 2113; baseline 0.013 -17"><span class='ocrx_word' id='word_1_310' title='bbox 100 2073 167 2105; x_wconf 84' lang='lat' dir='ltr'><strong>post</strong></span> <span class='ocrx_word' id='word_1_311' title='bbox 183 2071 328 2099; x_wconf 88' lang='lat' dir='ltr'><strong>solstitium</strong></span> <span class='ocrx_word' id='word_1_312' title='bbox 344 2073 388 2101; x_wconf 93' lang='lat' dir='ltr'><strong>die</strong></span> <span class='ocrx_word' id='word_1_313' title='bbox 401 2074 465 2101; x_wconf 92' lang='lat' dir='ltr'><strong>oriri</strong></span> <span class='ocrx_word' id='word_1_314' title='bbox 479 2075 636 2103; x_wconf 85' lang='lat' dir='ltr'><strong>Caniculam</strong></span> <span class='ocrx_word' id='word_1_315' title='bbox 651 2077 752 2105; x_wconf 89' lang='lat' dir='ltr'><strong>heliace</strong></span> <span class='ocrx_word' id='word_1_316' title='bbox 765 2081 877 2113; x_wconf 85' lang='lat' dir='ltr'><strong>putavit,</strong></span> 
     </span>
    </p>
   </div>
   <div class='ocr_carea' id='block_1_43' title="bbox 100 2118 880 2155">
    <p class='ocr_par' dir='ltr' id='par_1_43' title="bbox 100 2118 880 2155">
     <span class='ocr_line' id='line_1_43' title="bbox 100 2118 880 2155; baseline 0.014 -13"><span class='ocrx_word' id='word_1_317' title='bbox 100 2123 166 2142; x_wconf 88' lang='lat' dir='ltr'><strong>cum</strong></span> <span class='ocrx_word' id='word_1_318' title='bbox 182 2124 274 2145; x_wconf 83' lang='lat' dir='ltr'><strong>revera</strong></span> <span class='ocrx_word' id='word_1_319' title='bbox 290 2118 400 2146; x_wconf 84' lang='lat' dir='ltr'><strong>totidem</strong></span> <span class='ocrx_word' id='word_1_320' title='bbox 413 2125 474 2155; x_wconf 90' lang='lat' dir='ltr'><strong>post</strong></span> <span class='ocrx_word' id='word_1_321' title='bbox 489 2121 635 2149; x_wconf 89' lang='lat' dir='ltr'><strong>solstitium</strong></span> <span class='ocrx_word' id='word_1_322' title='bbox 650 2123 744 2152; x_wconf 88' lang='lat' dir='ltr'><strong>diebus</strong></span> <span class='ocrx_word' id='word_1_323' title='bbox 762 2126 880 2154; x_wconf 86' lang='lat' dir='ltr'><strong>cosmice</strong></span> 
     </span>
    </p>
   </div>
   <div class='ocr_carea' id='block_1_44' title="bbox 100 2161 529 2193">
    <p class='ocr_par' dir='ltr' id='par_1_44' title="bbox 100 2161 529 2193">
     <span class='ocr_line' id='line_1_44' title="bbox 100 2161 529 2193; baseline 0.014 -6"><span class='ocrx_word' id='word_1_324' title='bbox 100 2164 181 2189; x_wconf 64' lang='lat' dir='ltr'><strong>atate</strong></span> <span class='ocrx_word' id='word_1_325' title='bbox 193 2161 256 2189; x_wconf 90' lang='lat' dir='ltr'><strong>Julii</strong></span> <span class='ocrx_word' id='word_1_326' title='bbox 272 2163 387 2192; x_wconf 70' lang='lat' dir='ltr'><strong>Cmsaris</strong></span> <span class='ocrx_word' id='word_1_327' title='bbox 403 2165 529 2193; x_wconf 89' lang='lat' dir='ltr'><strong>oriretur.</strong></span> 
     </span>
    </p>
   </div>
   <div class='ocr_carea' id='block_1_45' title="bbox 139 2206 878 2251">
    <p class='ocr_par' dir='ltr' id='par_1_45' title="bbox 139 2206 878 2251">
     <span class='ocr_line' id='line_1_45' title="bbox 139 2206 878 2251; baseline 0.015 -18"><span class='ocrx_word' id='word_1_328' title='bbox 139 2206 259 2243; x_wconf 77' lang='lat' dir='ltr'><strong>Scaliger</strong></span> <span class='ocrx_word' id='word_1_329' title='bbox 271 2208 347 2237; x_wconf 87' lang='lat' dir='ltr'><strong>Notis</strong></span> <span class='ocrx_word' id='word_1_330' title='bbox 367 2211 400 2237; x_wconf 86' lang='lat' dir='ltr'><strong>ad</strong></span> <span class='ocrx_word' id='word_1_331' title='bbox 415 2210 517 2238; x_wconf 81' lang='lat' dir='ltr'><strong>Manilii</strong></span> <span class='ocrx_word' id='word_1_332' title='bbox 539 2213 586 2240; x_wconf 90' lang='lat' dir='ltr'><strong>lib.</strong></span> <span class='ocrx_word' id='word_1_333' title='bbox 606 2213 626 2240; x_wconf 87' lang='lat' dir='ltr'><strong>V</strong></span> <span class='ocrx_word' id='word_1_334' title='bbox 643 2214 714 2250; x_wconf 91' lang='lat' dir='ltr'><strong>(pag.</strong></span> <span class='ocrx_word' id='word_1_335' title='bbox 727 2215 800 2250; x_wconf 72' lang='grc'><strong>405),</strong></span> <span class='ocrx_word' id='word_1_336' title='bbox 816 2224 878 2251; x_wconf 52' lang='grc' dir='ltr'><strong>βοαί</strong></span> 
     </span>
    </p>
   </div>
   <div class='ocr_carea' id='block_1_46' title="bbox 99 2256 915 2295">
    <p class='ocr_par' dir='ltr' id='par_1_46' title="bbox 99 2256 915 2295">
     <span class='ocr_line' id='line_1_46' title="bbox 99 2256 915 2295; baseline 0.013 -16"><span class='ocrx_word' id='word_1_337' title='bbox 99 2258 157 2279; x_wconf 85' lang='lat' dir='ltr'><strong>tam</strong></span> <span class='ocrx_word' id='word_1_338' title='bbox 173 2261 251 2280; x_wconf 91' lang='lat' dir='ltr'><strong>suum</strong></span> <span class='ocrx_word' id='word_1_339' title='bbox 266 2256 387 2290; x_wconf 83' lang='lat' dir='ltr'><strong>corrigit,</strong></span> <span class='ocrx_word' id='word_1_340' title='bbox 406 2257 452 2291; x_wconf 92' lang='lat' dir='ltr'><strong>qui</strong></span> <span class='ocrx_word' id='word_1_341' title='bbox 470 2265 501 2284; x_wconf 82' lang='lat' dir='ltr'><strong>ex</strong></span> <span class='ocrx_word' id='word_1_342' title='bbox 514 2260 650 2286; x_wconf 90' lang='lat' dir='ltr'><strong>communi</strong></span> <span class='ocrx_word' id='word_1_343' title='bbox 668 2261 794 2295; x_wconf 89' lang='lat' dir='ltr'><strong>opinione</strong></span> <span class='ocrx_word' id='word_1_344' title='bbox 810 2263 878 2289; x_wconf 78' lang='lat' dir='ltr'><strong>dixit</strong></span> <span class='ocrx_word' id='word_1_345' title='bbox 893 2267 915 2294; x_wconf 81' lang='grc' dir='ltr'><strong>ῐ)</strong></span> 
     </span>
    </p>
   </div>
   <div class='ocr_carea' id='block_1_47' title="bbox 98 2299 878 2339">
    <p class='ocr_par' dir='ltr' id='par_1_47' title="bbox 98 2299 878 2339">
     <span class='ocr_line' id='line_1_47' title="bbox 98 2299 878 2339; baseline 0.013 -14"><span class='ocrx_word' id='word_1_346' title='bbox 98 2299 132 2325; x_wconf 86' lang='lat' dir='ltr'><strong>in</strong></span> <span class='ocrx_word' id='word_1_347' title='bbox 153 2302 230 2333; x_wconf 87' lang='lat' dir='ltr'><strong>parte</strong></span> <span class='ocrx_word' id='word_1_348' title='bbox 252 2299 349 2329; x_wconf 90' lang='lat' dir='ltr'><strong>Leonis</strong></span> <span class='ocrx_word' id='word_1_349' title='bbox 371 2306 458 2329; x_wconf 91' lang='lat' dir='ltr'><strong>ortum</strong></span> <span class='ocrx_word' id='word_1_350' title='bbox 482 2303 570 2332; x_wconf 87' lang='lat' dir='ltr'><strong>facere</strong></span> <span class='ocrx_word' id='word_1_351' title='bbox 593 2304 693 2332; x_wconf 90' lang='lat' dir='ltr'><strong>Sirium</strong></span> <span class='ocrx_word' id='word_1_352' title='bbox 715 2316 720 2333; x_wconf 93' lang='lat'><strong>:</strong></span> <span class='ocrx_word' id='word_1_353' title='bbox 741 2316 750 2332; x_wconf 75' lang='grc' dir='ltr'>ί</span> <span class='ocrx_word' id='word_1_354' title='bbox 770 2307 878 2339; x_wconf 86' lang='lat' dir='ltr'><strong>Melius,</strong></span> 
     </span>
    </p>
   </div>
   <div class='ocr_carea' id='block_1_48' title="bbox 98 2343 879 2383">
    <p class='ocr_par' dir='ltr' id='par_1_48' title="bbox 98 2343 879 2383">
     <span class='ocr_line' id='line_1_48' title="bbox 98 2343 879 2383; baseline 0.013 -14"><span class='ocrx_word' id='word_1_355' title='bbox 98 2343 201 2378; x_wconf 84' lang='lat' dir='ltr'><strong>inquit,</strong></span> <span class='ocrx_word' id='word_1_356' title='bbox 227 2343 338 2372; x_wconf 83' lang='lat' dir='ltr'><strong>dixisset</strong></span> <span class='ocrx_word' id='word_1_357' title='bbox 360 2346 459 2373; x_wconf 89' lang='lat' dir='ltr'><strong>Canem</strong></span> <span class='ocrx_word' id='word_1_358' title='bbox 478 2348 612 2383; x_wconf 86' lang='lat' dir='ltr'><strong>principio</strong></span> <span class='ocrx_word' id='word_1_359' title='bbox 642 2349 738 2377; x_wconf 88' lang='lat' dir='ltr'><strong>Cancri</strong></span> <span class='ocrx_word' id='word_1_360' title='bbox 764 2351 829 2378; x_wconf 90' lang='lat' dir='ltr'><strong>oriri</strong></span> <span class='ocrx_word' id='word_1_361' title='bbox 852 2354 879 2380; x_wconf 90' lang='lat' dir='ltr'><strong>in</strong></span> 
     </span>
    </p>
   </div>
   <div class='ocr_carea' id='block_1_49' title="bbox 99 2388 879 2425">
    <p class='ocr_par' dir='ltr' id='par_1_49' title="bbox 99 2388 879 2425">
     <span class='ocr_line' id='line_1_49' title="bbox 99 2388 879 2425; baseline 0.013 -10"><span class='ocrx_word' id='word_1_362' title='bbox 99 2388 209 2417; x_wconf 84' lang='lat' dir='ltr'><strong>ﬁnitore</strong></span> <span class='ocrx_word' id='word_1_363' title='bbox 233 2390 388 2419; x_wconf 88' lang='lat' dir='ltr'><strong>barbarico.</strong></span> <span class='ocrx_word' id='word_1_364' title='bbox 412 2391 515 2420; x_wconf 70' lang='lat' dir='ltr'><strong>Saecula</strong></span> <span class='ocrx_word' id='word_1_365' title='bbox 531 2393 632 2421; x_wconf 80' lang='lat' dir='ltr'><strong>Manilii</strong></span> <span class='ocrx_word' id='word_1_366' title='bbox 646 2394 785 2423; x_wconf 86' lang='lat' dir='ltr'><strong>oriebatur</strong></span> <span class='ocrx_word' id='word_1_367' title='bbox 799 2397 826 2424; x_wconf 93' lang='lat' dir='ltr'><strong>in</strong></span> <span class='ocrx_word' id='word_1_368' title='bbox 842 2406 879 2425; x_wconf 84' lang='lat' dir='ltr'><strong>vn</strong></span> 
     </span>
    </p>
   </div>
   <div class='ocr_carea' id='block_1_50' title="bbox 98 2434 878 2472">
    <p class='ocr_par' dir='ltr' id='par_1_50' title="bbox 98 2434 878 2472">
     <span class='ocr_line' id='line_1_50' title="bbox 98 2434 878 2472; baseline 0.012 -11"><span class='ocrx_word' id='word_1_369' title='bbox 98 2434 210 2462; x_wconf 89' lang='lat' dir='ltr'><strong>Cancri.</strong></span> <span class='ocrx_word' id='word_1_370' title='bbox 229 2446 238 2462; x_wconf 76' lang='grc' dir='ltr'><strong>ι</strong></span> <span class='ocrx_word' id='word_1_371' title='bbox 260 2435 293 2463; x_wconf 88' lang='lat' dir='ltr'><strong>Ut</strong></span> <span class='ocrx_word' id='word_1_372' title='bbox 307 2437 419 2472; x_wconf 77' lang='lat' dir='ltr'><strong>Augusti</strong></span> <span class='ocrx_word' id='word_1_373' title='bbox 432 2439 530 2465; x_wconf 63' lang='lat' dir='ltr'><strong>saeculo</strong></span> <span class='ocrx_word' id='word_1_374' title='bbox 544 2439 639 2467; x_wconf 90' lang='lat' dir='ltr'><strong>demus</strong></span> <span class='ocrx_word' id='word_1_375' title='bbox 657 2440 779 2469; x_wconf 83' lang='lat' dir='ltr'><strong>floruisse</strong></span> <span class='ocrx_word' id='word_1_376' title='bbox 792 2443 878 2470; x_wconf 84' lang='lat' dir='ltr'><strong>Mani—</strong></span> 
     </span>
    </p>
   </div>
   <div class='ocr_carea' id='block_1_51' title="bbox 97 2481 878 2520">
    <p class='ocr_par' dir='ltr' id='par_1_51' title="bbox 97 2481 878 2520">
     <span class='ocr_line' id='line_1_51' title="bbox 97 2481 878 2520; baseline 0.009 -13"><span class='ocrx_word' id='word_1_377' title='bbox 97 2482 179 2513; x_wconf 84' lang='lat' dir='ltr'><strong>lium,</strong></span> <span class='ocrx_word' id='word_1_378' title='bbox 201 2481 272 2516; x_wconf 90' lang='lat' dir='ltr'><strong>quod</strong></span> <span class='ocrx_word' id='word_1_379' title='bbox 297 2486 373 2509; x_wconf 82' lang='lat' dir='ltr'><strong>ratus</strong></span> <span class='ocrx_word' id='word_1_380' title='bbox 389 2487 430 2510; x_wconf 89' lang='lat' dir='ltr'><strong>est</strong></span> <span class='ocrx_word' id='word_1_381' title='bbox 454 2483 584 2518; x_wconf 79' lang='lat' dir='ltr'><strong>Scaliger,</strong></span> <span class='ocrx_word' id='word_1_382' title='bbox 602 2492 690 2520; x_wconf 90' lang='lat' dir='ltr'><strong>neque</strong></span> <span class='ocrx_word' id='word_1_383' title='bbox 713 2486 790 2513; x_wconf 90' lang='lat' dir='ltr'><strong>initio</strong></span> <span class='ocrx_word' id='word_1_384' title='bbox 809 2487 878 2514; x_wconf 81' lang='lat' dir='ltr'><strong>Can-</strong></span> 
     </span>
    </p>
   </div>
   <div class='ocr_carea' id='block_1_52' title="bbox 99 2528 876 2564">
    <p class='ocr_par' dir='ltr' id='par_1_52' title="bbox 99 2528 876 2564">
     <span class='ocr_line' id='line_1_52' title="bbox 99 2528 876 2564; baseline 0.01 -11"><span class='ocrx_word' id='word_1_385' title='bbox 99 2528 153 2559; x_wconf 88' lang='lat' dir='ltr'><strong>cri,</strong></span> <span class='ocrx_word' id='word_1_386' title='bbox 174 2535 262 2562; x_wconf 91' lang='lat' dir='ltr'><strong>neque</strong></span> <span class='ocrx_word' id='word_1_387' title='bbox 282 2536 343 2555; x_wconf 90' lang='lat' dir='ltr'><strong>cum</strong></span> <span class='ocrx_word' id='word_1_388' title='bbox 359 2528 418 2562; x_wconf 74' lang='lat' dir='ltr'><strong>ejus</strong></span> <span class='ocrx_word' id='word_1_389' title='bbox 437 2529 520 2564; x_wconf 89' lang='lat' dir='ltr'><strong>gradu</strong></span> <span class='ocrx_word' id='word_1_390' title='bbox 540 2537 576 2556; x_wconf 89' lang='lat' dir='ltr'><strong>vu</strong></span> <span class='ocrx_word' id='word_1_391' title='bbox 601 2534 660 2557; x_wconf 84' lang='lat' dir='ltr'><strong>orta</strong></span> <span class='ocrx_word' id='word_1_392' title='bbox 677 2537 717 2558; x_wconf 90' lang='lat' dir='ltr'><strong>est</strong></span> <span class='ocrx_word' id='word_1_393' title='bbox 738 2532 876 2561; x_wconf 86' lang='lat' dir='ltr'><strong>Canicula.</strong></span> 
     </span>
    </p>
   </div>
   <div class='ocr_carea' id='block_1_53' title="bbox 100 2572 875 2612">
    <p class='ocr_par' dir='ltr' id='par_1_53' title="bbox 100 2572 875 2612">
     <span class='ocr_line' id='line_1_53' title="bbox 100 2572 875 2612; baseline 0.008 -13"><span class='ocrx_word' id='word_1_394' title='bbox 100 2572 205 2608; x_wconf 89' lang='lat' dir='ltr'><strong>Quippe</strong></span> <span class='ocrx_word' id='word_1_395' title='bbox 222 2581 302 2601; x_wconf 92' lang='lat' dir='ltr'><strong>vcrus</strong></span> <span class='ocrx_word' id='word_1_396' title='bbox 313 2574 385 2601; x_wconf 91' lang='lat' dir='ltr'><strong>illius</strong></span> <span class='ocrx_word' id='word_1_397' title='bbox 400 2578 477 2602; x_wconf 91' lang='lat' dir='ltr'><strong>ortus</strong></span> <span class='ocrx_word' id='word_1_398' title='bbox 499 2574 670 2603; x_wconf 77' lang='lat' dir='ltr'><strong>Alexandria:</strong></span> <span class='ocrx_word' id='word_1_399' title='bbox 688 2577 714 2603; x_wconf 92' lang='lat' dir='ltr'><strong>in</strong></span> <span class='ocrx_word' id='word_1_400' title='bbox 732 2578 816 2612; x_wconf 90' lang='lat' dir='ltr'><strong>gradu</strong></span> <span class='ocrx_word' id='word_1_401' title='bbox 832 2579 875 2612; x_wconf 76' lang='grc'>12,</span> 
     </span>
    </p>
   </div>
   <div class='ocr_carea' id='block_1_54' title="bbox 99 2618 875 2653">
    <p class='ocr_par' dir='ltr' id='par_1_54' title="bbox 99 2618 875 2653">
     <span class='ocr_line' id='line_1_54' title="bbox 99 2618 875 2653; baseline 0.008 -8"><span class='ocrx_word' id='word_1_402' title='bbox 99 2618 142 2645; x_wconf 71' lang='lat'><strong>27&#39;</strong></span> <span class='ocrx_word' id='word_1_403' title='bbox 157 2628 163 2652; x_wconf 84' lang='lat'><strong>;</strong></span> <span class='ocrx_word' id='word_1_404' title='bbox 179 2619 300 2647; x_wconf 90' lang='lat' dir='ltr'><strong>heliacus</strong></span> <span class='ocrx_word' id='word_1_405' title='bbox 314 2619 342 2646; x_wconf 94' lang='lat' dir='ltr'><strong>in</strong></span> <span class='ocrx_word' id='word_1_406' title='bbox 361 2619 407 2653; x_wconf 77' lang='lat'><strong>26,</strong></span> <span class='ocrx_word' id='word_1_407' title='bbox 430 2619 460 2646; x_wconf 90' lang='lat'><strong>9&#39;</strong></span> <span class='ocrx_word' id='word_1_408' title='bbox 476 2619 584 2647; x_wconf 90' lang='lat' dir='ltr'><strong>accidit.</strong></span> <span class='ocrx_word' id='word_1_409' title='bbox 609 2620 650 2648; x_wconf 77' lang='lat' dir='ltr'><strong>Ab</strong></span> <span class='ocrx_word' id='word_1_410' title='bbox 666 2625 727 2649; x_wconf 91' lang='lat' dir='ltr'><strong>ortu</strong></span> <span class='ocrx_word' id='word_1_411' title='bbox 741 2630 806 2650; x_wconf 86' lang='lat' dir='ltr'><strong>vero</strong></span> <span class='ocrx_word' id='word_1_412' title='bbox 822 2632 875 2651; x_wconf 90' lang='lat' dir='ltr'><strong>non</strong></span> 
     </span>
    </p>
   </div>
   <div class='ocr_carea' id='block_1_55' title="bbox 99 2666 875 2703">
    <p class='ocr_par' dir='ltr' id='par_1_55' title="bbox 99 2666 875 2703">
     <span class='ocr_line' id='line_1_55' title="bbox 99 2666 875 2703; baseline 0.003 -9"><span class='ocrx_word' id='word_1_413' title='bbox 99 2666 215 2694; x_wconf 87' lang='lat' dir='ltr'><strong>multum</strong></span> <span class='ocrx_word' id='word_1_414' title='bbox 235 2666 361 2694; x_wconf 86' lang='lat' dir='ltr'><strong>abhorret</strong></span> <span class='ocrx_word' id='word_1_415' title='bbox 391 2666 518 2694; x_wconf 87' lang='lat' dir='ltr'><strong>Plinius:</strong></span> <span class='ocrx_word' id='word_1_416' title='bbox 542 2668 588 2703; x_wconf 90' lang='lat' dir='ltr'><strong>qui</strong></span> <span class='ocrx_word' id='word_1_417' title='bbox 621 2669 669 2696; x_wconf 91' lang='lat' dir='ltr'><strong>lib.</strong></span> <span class='ocrx_word' id='word_1_418' title='bbox 693 2667 786 2701; x_wconf 84' lang='lat' dir='ltr'><strong>XVIII,</strong></span> <span class='ocrx_word' id='word_1_419' title='bbox 814 2677 875 2703; x_wconf 83' lang='lat' dir='ltr'><strong>cap.</strong></span> 
     </span>
    </p>
   </div>
   <div class='ocr_carea' id='block_1_56' title="bbox 99 2711 876 2750">
    <p class='ocr_par' dir='ltr' id='par_1_56' title="bbox 99 2711 876 2750">
     <span class='ocr_line' id='line_1_56' title="bbox 99 2711 876 2750; baseline 0.006 -13"><span class='ocrx_word' id='word_1_420' title='bbox 99 2711 373 2744; x_wconf 84' lang='lat' dir='ltr'><strong>XXIX,Caniculam</strong></span> <span class='ocrx_word' id='word_1_421' title='bbox 389 2712 455 2739; x_wconf 89' lang='lat' dir='ltr'><strong>oriri</strong></span> <span class='ocrx_word' id='word_1_422' title='bbox 480 2713 517 2740; x_wconf 90' lang='lat' dir='ltr'><strong>ait</strong></span> <span class='ocrx_word' id='word_1_423' title='bbox 544 2714 571 2740; x_wconf 94' lang='lat' dir='ltr'><strong>in</strong></span> <span class='ocrx_word' id='word_1_424' title='bbox 594 2713 711 2750; x_wconf 65' lang='lat' dir='ltr'><strong>[Egypto</strong></span> <span class='ocrx_word' id='word_1_425' title='bbox 733 2723 760 2742; x_wconf 82' lang='grc' dir='ltr'>ιν</span> <span class='ocrx_word' id='word_1_426' title='bbox 785 2714 876 2742; x_wconf 87' lang='lat' dir='ltr'><strong>Nonas</strong></span> 
     </span>
    </p>
   </div>
   <div class='ocr_carea' id='block_1_57' title="bbox 100 2754 876 2788">
    <p class='ocr_par' dir='ltr' id='par_1_57' title="bbox 100 2754 876 2788">
     <span class='ocr_line' id='line_1_57' title="bbox 100 2754 876 2788; baseline 0.005 -5"><span class='ocrx_word' id='word_1_427' title='bbox 100 2756 194 2784; x_wconf 84' lang='lat' dir='ltr'><strong>Jnlias.</strong></span> <span class='ocrx_word' id='word_1_428' title='bbox 221 2754 250 2784; x_wconf 87' lang='lat' dir='ltr'><strong>In</strong></span> <span class='ocrx_word' id='word_1_429' title='bbox 264 2758 337 2785; x_wconf 86' lang='lat' dir='ltr'><strong>hunc</strong></span> <span class='ocrx_word' id='word_1_430' title='bbox 352 2758 425 2785; x_wconf 89' lang='lat' dir='ltr'><strong>enim</strong></span> <span class='ocrx_word' id='word_1_431' title='bbox 445 2758 515 2786; x_wconf 86' lang='lat' dir='ltr'><strong>diem</strong></span> <span class='ocrx_word' id='word_1_432' title='bbox 534 2760 692 2788; x_wconf 88' lang='lat' dir='ltr'><strong>undecimus</strong></span> <span class='ocrx_word' id='word_1_433' title='bbox 707 2760 763 2787; x_wconf 81' lang='lat' dir='ltr'><strong>fere</strong></span> <span class='ocrx_word' id='word_1_434' title='bbox 779 2760 876 2787; x_wconf 89' lang='lat' dir='ltr'><strong>Cancri</strong></span> 
     </span>
    </p>
   </div>
   <div class='ocr_carea' id='block_1_58' title="bbox 101 2801 876 2842">
    <p class='ocr_par' dir='ltr' id='par_1_58' title="bbox 101 2801 876 2842">
     <span class='ocr_line' id='line_1_58' title="bbox 101 2801 876 2842; baseline 0.006 -14"><span class='ocrx_word' id='word_1_435' title='bbox 101 2801 201 2837; x_wconf 84' lang='lat' dir='ltr'><strong>gradus</strong></span> <span class='ocrx_word' id='word_1_436' title='bbox 213 2802 336 2830; x_wconf 86' lang='lat' dir='ltr'><strong>incurrit.</strong></span> <span class='ocrx_word' id='word_1_437' title='bbox 354 2802 472 2832; x_wconf 83' lang='lat' dir='ltr'><strong>Tametsi</strong></span> <span class='ocrx_word' id='word_1_438' title='bbox 485 2804 518 2832; x_wconf 84' lang='lat' dir='ltr'><strong>de</strong></span> <span class='ocrx_word' id='word_1_439' title='bbox 532 2804 662 2842; x_wconf 82' lang='lat' dir='ltr'><strong>Procyne,</strong></span> <span class='ocrx_word' id='word_1_440' title='bbox 684 2813 737 2832; x_wconf 93' lang='lat' dir='ltr'><strong>non</strong></span> <span class='ocrx_word' id='word_1_441' title='bbox 752 2802 785 2832; x_wconf 87' lang='lat' dir='ltr'><strong>de</strong></span> <span class='ocrx_word' id='word_1_442' title='bbox 796 2805 876 2833; x_wconf 88' lang='lat' dir='ltr'><strong>Cani-</strong></span> 
     </span>
    </p>
   </div>
   <div class='ocr_carea' id='block_1_59' title="bbox 100 2847 874 2884">
    <p class='ocr_par' dir='ltr' id='par_1_59' title="bbox 100 2847 874 2884">
     <span class='ocr_line' id='line_1_59' title="bbox 100 2847 874 2884; baseline 0.008 -11"><span class='ocrx_word' id='word_1_443' title='bbox 100 2847 173 2880; x_wconf 72' lang='lat' dir='ltr'><strong>cula,</strong></span> <span class='ocrx_word' id='word_1_444' title='bbox 198 2848 303 2875; x_wconf 82' lang='lat' dir='ltr'><strong>videtur</strong></span> <span class='ocrx_word' id='word_1_445' title='bbox 331 2849 382 2876; x_wconf 91' lang='lat' dir='ltr'><strong>hoc</strong></span> <span class='ocrx_word' id='word_1_446' title='bbox 403 2851 539 2884; x_wconf 85' lang='lat' dir='ltr'><strong>posterius</strong></span> <span class='ocrx_word' id='word_1_447' title='bbox 565 2851 731 2879; x_wconf 81' lang='lat' dir='ltr'><strong>intellexisse</strong></span> <span class='ocrx_word' id='word_1_448' title='bbox 759 2851 874 2880; x_wconf 66' lang='lat' dir='ltr'><strong>Plinius.</strong></span> 
     </span>
    </p>
   </div>
   <div class='ocr_carea' id='block_1_60' title="bbox 100 2892 874 2933">
    <p class='ocr_par' dir='ltr' id='par_1_60' title="bbox 100 2892 874 2933">
     <span class='ocr_line' id='line_1_60' title="bbox 100 2892 874 2933; baseline 0.008 -14"><span class='ocrx_word' id='word_1_449' title='bbox 100 2894 167 2920; x_wconf 77' lang='lat' dir='ltr'><strong>Nam</strong></span> <span class='ocrx_word' id='word_1_450' title='bbox 181 2892 269 2928; x_wconf 83' lang='lat' dir='ltr'><strong>capite</strong></span> <span class='ocrx_word' id='word_1_451' title='bbox 286 2894 463 2928; x_wconf 87' lang='lat' dir='ltr'><strong>antecedenti,</strong></span> <span class='ocrx_word' id='word_1_452' title='bbox 481 2903 507 2923; x_wconf 83' lang='grc' dir='ltr'>ιν</span> <span class='ocrx_word' id='word_1_453' title='bbox 528 2895 619 2925; x_wconf 82' lang='lat' dir='ltr'><strong>Nonas</strong></span> <span class='ocrx_word' id='word_1_454' title='bbox 631 2896 749 2932; x_wconf 65' lang='lat' dir='ltr'><strong>Egypto</strong></span> <span class='ocrx_word' id='word_1_455' title='bbox 771 2896 874 2933; x_wconf 70' lang='lat' dir='ltr'><strong>Procy~</strong></span> 
     </span>
    </p>
   </div>
   <div class='ocr_carea' id='block_1_61' title="bbox 526 195 1321 231">
    <p class='ocr_par' dir='ltr' id='par_1_61' title="bbox 526 195 1321 231">
     <span class='ocr_line' id='line_1_61' title="bbox 526 195 1321 231; baseline 0.01 -9"><span class='ocrx_word' id='word_1_456' title='bbox 526 195 750 224; x_wconf 70' lang='lat' dir='ltr'><strong>DISSEI&#39;ITATIO</strong></span> <span class='ocrx_word' id='word_1_457' title='bbox 772 197 813 224; x_wconf 84' lang='lat' dir='ltr'><strong>DE</strong></span> <span class='ocrx_word' id='word_1_458' title='bbox 833 197 924 225; x_wconf 70' lang='lat' dir='ltr'><strong>ORTU</strong></span> <span class='ocrx_word' id='word_1_459' title='bbox 947 198 988 224; x_wconf 65' lang='grc' dir='ltr'><strong>ΙΞΤ</strong></span> <span class='ocrx_word' id='word_1_460' title='bbox 1008 198 1139 227; x_wconf 76' lang='lat' dir='ltr'><strong>OCCASU</strong></span> <span class='ocrx_word' id='word_1_461' title='bbox 1162 201 1321 231; x_wconf 74' lang='lat' dir='ltr'><strong>SIDERL&#39;M.</strong></span> 
     </span>
    </p>
   </div>
   <div class='ocr_carea' id='block_1_62' title="bbox 1655 213 1721 239">
    <p class='ocr_par' dir='ltr' id='par_1_62' title="bbox 1655 213 1721 239">
     <span class='ocr_line' id='line_1_62' title="bbox 1655 213 1721 239; baseline 0.015 -1"><span class='ocrx_word' id='word_1_462' title='bbox 1655 213 1721 239; x_wconf 76' lang='grc'>1390</span> 
     </span>
    </p>
   </div>
   <div class='ocr_carea' id='block_1_63' title="bbox 909 258 1721 298">
    <p class='ocr_par' dir='ltr' id='par_1_63' title="bbox 909 258 1721 298">
     <span class='ocr_line' id='line_1_63' title="bbox 909 258 1721 298; baseline 0.02 -16"><span class='ocrx_word' id='word_1_463' title='bbox 909 261 931 288; x_wconf 77' lang='grc' dir='ltr'><strong>Α</strong></span> <span class='ocrx_word' id='word_1_464' title='bbox 946 264 1005 283; x_wconf 92' lang='lat' dir='ltr'><strong>nem</strong></span> <span class='ocrx_word' id='word_1_465' title='bbox 1018 258 1084 285; x_wconf 86' lang='lat' dir='ltr'><strong>oriri</strong></span> <span class='ocrx_word' id='word_1_466' title='bbox 1098 259 1212 286; x_wconf 85' lang='lat' dir='ltr'><strong>dixerat.</strong></span> <span class='ocrx_word' id='word_1_467' title='bbox 1233 261 1303 289; x_wconf 86' lang='lat' dir='ltr'><strong>Sane</strong></span> <span class='ocrx_word' id='word_1_468' title='bbox 1327 263 1415 297; x_wconf 84' lang='lat' dir='ltr'><strong>primo</strong></span> <span class='ocrx_word' id='word_1_469' title='bbox 1432 271 1504 292; x_wconf 91' lang='lat' dir='ltr'><strong>anno</strong></span> <span class='ocrx_word' id='word_1_470' title='bbox 1519 265 1628 295; x_wconf 86' lang='lat' dir='ltr'><strong>Juliano</strong></span> <span class='ocrx_word' id='word_1_471' title='bbox 1644 277 1721 298; x_wconf 75' lang='lat' dir='ltr'><strong>verus</strong></span> 
     </span>
    </p>
   </div>
   <div class='ocr_carea' id='block_1_64' title="bbox 945 304 1721 350">
    <p class='ocr_par' dir='ltr' id='par_1_64' title="bbox 945 304 1721 350">
     <span class='ocr_line' id='line_1_64' title="bbox 945 304 1721 350; baseline 0.022 -23"><span class='ocrx_word' id='word_1_472' title='bbox 945 306 1031 335; x_wconf 87' lang='lat' dir='ltr'><strong>ortus,</strong></span> <span class='ocrx_word' id='word_1_473' title='bbox 1050 304 1106 331; x_wconf 89' lang='lat' dir='ltr'><strong>sive</strong></span> <span class='ocrx_word' id='word_1_474' title='bbox 1130 306 1266 334; x_wconf 92' lang='lat' dir='ltr'><strong>cosmicus</strong></span> <span class='ocrx_word' id='word_1_475' title='bbox 1289 307 1418 343; x_wconf 76' lang='lat' dir='ltr'><strong>Procynis</strong></span> <span class='ocrx_word' id='word_1_476' title='bbox 1441 310 1534 340; x_wconf 71' lang='lat' dir='ltr'><strong>Romae</strong></span> <span class='ocrx_word' id='word_1_477' title='bbox 1555 321 1616 341; x_wconf 87' lang='lat' dir='ltr'><strong>cum</strong></span> <span class='ocrx_word' id='word_1_478' title='bbox 1637 317 1721 350; x_wconf 82' lang='lat' dir='ltr'><strong>gradu</strong></span> 
     </span>
    </p>
   </div>
   <div class='ocr_carea' id='block_1_65' title="bbox 945 345 1721 395">
    <p class='ocr_par' dir='ltr' id='par_1_65' title="bbox 945 345 1721 395">
     <span class='ocr_line' id='line_1_65' title="bbox 945 345 1721 395; baseline 0.022 -23"><span class='ocrx_word' id='word_1_479' title='bbox 945 345 986 378; x_wconf 83' lang='grc'>11,</span> <span class='ocrx_word' id='word_1_480' title='bbox 1003 347 1031 373; x_wconf 93' lang='lat'><strong>0&#39;</strong></span> <span class='ocrx_word' id='word_1_481' title='bbox 1048 348 1145 376; x_wconf 90' lang='lat' dir='ltr'><strong>Cancri</strong></span> <span class='ocrx_word' id='word_1_482' title='bbox 1163 351 1242 378; x_wconf 81' lang='lat' dir='ltr'><strong>fiebat</strong></span> <span class='ocrx_word' id='word_1_483' title='bbox 1261 361 1267 377; x_wconf 91' lang='lat'><strong>:</strong></span> <span class='ocrx_word' id='word_1_484' title='bbox 1289 353 1409 381; x_wconf 90' lang='lat' dir='ltr'><strong>heliacus</strong></span> <span class='ocrx_word' id='word_1_485' title='bbox 1426 363 1486 382; x_wconf 91' lang='lat' dir='ltr'><strong>cum</strong></span> <span class='ocrx_word' id='word_1_486' title='bbox 1503 357 1623 392; x_wconf 90' lang='lat' dir='ltr'><strong>ejusdem</strong></span> <span class='ocrx_word' id='word_1_487' title='bbox 1637 345 1721 395; x_wconf 68' lang='lat' dir='ltr'><strong>gradu</strong></span> 
     </span>
    </p>
   </div>
   <div class='ocr_carea' id='block_1_66' title="bbox 943 391 1719 441">
    <p class='ocr_par' dir='ltr' id='par_1_66' title="bbox 943 391 1719 441">
     <span class='ocr_line' id='line_1_66' title="bbox 943 391 1719 441; baseline 0.023 -24"><span class='ocrx_word' id='word_1_488' title='bbox 943 391 989 422; x_wconf 76' lang='lat'><strong>‘27,</strong></span> <span class='ocrx_word' id='word_1_489' title='bbox 1011 392 1068 420; x_wconf 70' lang='lat'><strong>54&#39;.</strong></span> <span class='ocrx_word' id='word_1_490' title='bbox 1084 393 1118 420; x_wconf 86' lang='lat' dir='ltr'><strong>At</strong></span> <span class='ocrx_word' id='word_1_491' title='bbox 1133 395 1161 422; x_wconf 94' lang='lat' dir='ltr'><strong>in</strong></span> <span class='ocrx_word' id='word_1_492' title='bbox 1180 396 1295 432; x_wconf 58' lang='lat' dir='ltr'><strong>{Egypto</strong></span> <span class='ocrx_word' id='word_1_493' title='bbox 1311 400 1447 428; x_wconf 87' lang='lat' dir='ltr'><strong>cosmicus</strong></span> <span class='ocrx_word' id='word_1_494' title='bbox 1470 391 1582 439; x_wconf 81' lang='lat' dir='ltr'><strong>contigit</strong></span> <span class='ocrx_word' id='word_1_495' title='bbox 1597 405 1624 432; x_wconf 91' lang='lat' dir='ltr'><strong>in</strong></span> <span class='ocrx_word' id='word_1_496' title='bbox 1637 391 1719 441; x_wconf 72' lang='lat' dir='ltr'><strong>gradu</strong></span> 
     </span>
    </p>
   </div>
   <div class='ocr_carea' id='block_1_67' title="bbox 943 435 1721 480">
    <p class='ocr_par' dir='ltr' id='par_1_67' title="bbox 943 435 1721 480">
     <span class='ocr_line' id='line_1_67' title="bbox 943 435 1721 480; baseline 0.023 -18"><span class='ocrx_word' id='word_1_497' title='bbox 943 435 1042 464; x_wconf 81' lang='lat' dir='ltr'><strong>Cancri</strong></span> <span class='ocrx_word' id='word_1_498' title='bbox 1059 438 1086 470; x_wconf 82' lang='lat'><strong>6,</strong></span> <span class='ocrx_word' id='word_1_499' title='bbox 1104 440 1164 474; x_wconf 74' lang='lat'><strong>17&#39;;</strong></span> <span class='ocrx_word' id='word_1_500' title='bbox 1189 441 1310 471; x_wconf 85' lang='lat' dir='ltr'><strong>heliacus</strong></span> <span class='ocrx_word' id='word_1_501' title='bbox 1326 444 1353 471; x_wconf 91' lang='lat' dir='ltr'><strong>in</strong></span> <span class='ocrx_word' id='word_1_502' title='bbox 1368 445 1412 477; x_wconf 73' lang='grc'>21,</span> <span class='ocrx_word' id='word_1_503' title='bbox 1426 446 1465 473; x_wconf 85' lang='lat'><strong>5’.</strong></span> <span class='ocrx_word' id='word_1_504' title='bbox 1492 435 1617 478; x_wconf 51' lang='lat' dir='ltr'><strong>Man-ilius</strong></span> <span class='ocrx_word' id='word_1_505' title='bbox 1632 435 1721 480; x_wconf 53' lang='lat' dir='ltr'><strong>autem</strong></span> 
     </span>
    </p>
   </div>
   <div class='ocr_carea' id='block_1_68' title="bbox 944 481 1720 531">
    <p class='ocr_par' dir='ltr' id='par_1_68' title="bbox 944 481 1720 531">
     <span class='ocr_line' id='line_1_68' title="bbox 944 481 1720 531; baseline 0.023 -24"><span class='ocrx_word' id='word_1_506' title='bbox 944 481 991 508; x_wconf 89' lang='lat' dir='ltr'><strong>lib.</strong></span> <span class='ocrx_word' id='word_1_507' title='bbox 1004 481 1037 515; x_wconf 88' lang='lat' dir='ltr'><strong>V,</strong></span> <span class='ocrx_word' id='word_1_508' title='bbox 1054 487 1080 511; x_wconf 92' lang='lat' dir='ltr'><strong>et</strong></span> <span class='ocrx_word' id='word_1_509' title='bbox 1095 484 1241 518; x_wconf 85' lang='lat' dir='ltr'><strong>Firmicus,</strong></span> <span class='ocrx_word' id='word_1_510' title='bbox 1268 492 1297 515; x_wconf 90' lang='lat' dir='ltr'><strong>ut</strong></span> <span class='ocrx_word' id='word_1_511' title='bbox 1321 495 1392 518; x_wconf 90' lang='lat' dir='ltr'><strong>recte</strong></span> <span class='ocrx_word' id='word_1_512' title='bbox 1409 490 1529 528; x_wconf 80' lang='lat' dir='ltr'><strong>Scaliger</strong></span> <span class='ocrx_word' id='word_1_513' title='bbox 1556 497 1720 531; x_wconf 81' lang='lat' dir='ltr'><strong>emendavit,</strong></span> 
     </span>
    </p>
   </div>
   <div class='ocr_carea' id='block_1_69' title="bbox 944 527 1719 572">
    <p class='ocr_par' dir='ltr' id='par_1_69' title="bbox 944 527 1719 572">
     <span class='ocr_line' id='line_1_69' title="bbox 944 527 1719 572; baseline 0.023 -19"><span class='ocrx_word' id='word_1_514' title='bbox 944 527 1092 563; x_wconf 77' lang='lat' dir='ltr'><strong>Procynem</strong></span> <span class='ocrx_word' id='word_1_515' title='bbox 1126 531 1153 558; x_wconf 96' lang='lat' dir='ltr'><strong>in</strong></span> <span class='ocrx_word' id='word_1_516' title='bbox 1179 532 1276 561; x_wconf 86' lang='lat' dir='ltr'><strong>Cancri</strong></span> <span class='ocrx_word' id='word_1_517' title='bbox 1307 539 1382 570; x_wconf 88' lang='lat' dir='ltr'><strong>parte</strong></span> <span class='ocrx_word' id='word_1_518' title='bbox 1407 546 1481 565; x_wconf 77' lang='lat' dir='ltr'><strong>xxvu</strong></span> <span class='ocrx_word' id='word_1_519' title='bbox 1506 540 1572 567; x_wconf 89' lang='lat' dir='ltr'><strong>oriri</strong></span> <span class='ocrx_word' id='word_1_520' title='bbox 1599 543 1719 572; x_wconf 85' lang='lat' dir='ltr'><strong>volunt:</strong></span> 
     </span>
    </p>
   </div>
   <div class='ocr_carea' id='block_1_70' title="bbox 943 574 1720 617">
    <p class='ocr_par' dir='ltr' id='par_1_70' title="bbox 943 574 1720 617">
     <span class='ocr_line' id='line_1_70' title="bbox 943 574 1720 617; baseline 0.024 -19"><span class='ocrx_word' id='word_1_521' title='bbox 943 574 1013 607; x_wconf 91' lang='lat' dir='ltr'><strong>quod</strong></span> <span class='ocrx_word' id='word_1_522' title='bbox 1035 579 1061 601; x_wconf 87' lang='lat' dir='ltr'><strong>et</strong></span> <span class='ocrx_word' id='word_1_523' title='bbox 1085 574 1147 603; x_wconf 85' lang='lat' dir='ltr'><strong>Julii</strong></span> <span class='ocrx_word' id='word_1_524' title='bbox 1168 580 1277 610; x_wconf 64' lang='lat' dir='ltr'><strong>saaculo,</strong></span> <span class='ocrx_word' id='word_1_525' title='bbox 1303 589 1356 608; x_wconf 88' lang='lat' dir='ltr'><strong>non</strong></span> <span class='ocrx_word' id='word_1_526' title='bbox 1372 581 1479 611; x_wconf 85' lang='lat' dir='ltr'><strong>Firmici</strong></span> <span class='ocrx_word' id='word_1_527' title='bbox 1506 592 1720 617; x_wconf 86' lang='lat' dir='ltr'><strong>consentaneum</strong></span> 
     </span>
    </p>
   </div>
   <div class='ocr_carea' id='block_1_71' title="bbox 942 625 999 651">
    <p class='ocr_par' dir='ltr' id='par_1_71' title="bbox 942 625 999 651">
     <span class='ocr_line' id='line_1_71' title="bbox 942 625 999 651; baseline 0.035 -5"><span class='ocrx_word' id='word_1_528' title='bbox 942 625 999 651; x_wconf 54' lang='grc' dir='ltr'><strong>ΕΜ..</strong></span> 
     </span>
    </p>
   </div>
   <div class='ocr_carea' id='block_1_72' title="bbox 977 664 1720 710">
    <p class='ocr_par' dir='ltr' id='par_1_72' title="bbox 977 664 1720 710">
     <span class='ocr_line' id='line_1_72' title="bbox 977 664 1720 710; baseline 0.023 -19"><span class='ocrx_word' id='word_1_529' title='bbox 977 664 1034 692; x_wconf 89' lang='lat' dir='ltr'><strong>Duo</strong></span> <span class='ocrx_word' id='word_1_530' title='bbox 1057 672 1121 694; x_wconf 90' lang='lat' dir='ltr'><strong>sunt</strong></span> <span class='ocrx_word' id='word_1_531' title='bbox 1145 669 1173 695; x_wconf 92' lang='lat' dir='ltr'><strong>in</strong></span> <span class='ocrx_word' id='word_1_532' title='bbox 1198 670 1267 698; x_wconf 73' lang='lat' dir='ltr'><strong>caelo</strong></span> <span class='ocrx_word' id='word_1_533' title='bbox 1288 672 1387 705; x_wconf 87' lang='lat' dir='ltr'><strong>sidera,</strong></span> <span class='ocrx_word' id='word_1_534' title='bbox 1409 675 1507 710; x_wconf 89' lang='lat' dir='ltr'><strong>quibus</strong></span> <span class='ocrx_word' id='word_1_535' title='bbox 1524 677 1606 706; x_wconf 88' lang='lat' dir='ltr'><strong>Canis</strong></span> <span class='ocrx_word' id='word_1_536' title='bbox 1623 687 1720 708; x_wconf 86' lang='lat' dir='ltr'><strong>nomen</strong></span> 
     </span>
    </p>
   </div>
   <div class='ocr_carea' id='block_1_73' title="bbox 941 712 1720 757">
    <p class='ocr_par' dir='ltr' id='par_1_73' title="bbox 941 712 1720 757">
     <span class='ocr_line' id='line_1_73' title="bbox 941 712 1720 757; baseline 0.023 -21"><span class='ocrx_word' id='word_1_537' title='bbox 941 712 1069 746; x_wconf 86' lang='lat' dir='ltr'><strong>competit</strong></span> <span class='ocrx_word' id='word_1_538' title='bbox 1087 723 1093 740; x_wconf 90' lang='lat'><strong>:</strong></span> <span class='ocrx_word' id='word_1_539' title='bbox 1110 713 1243 750; x_wconf 86' lang='lat' dir='ltr'><strong>Procyon,</strong></span> <span class='ocrx_word' id='word_1_540' title='bbox 1261 722 1287 745; x_wconf 89' lang='lat' dir='ltr'><strong>et</strong></span> <span class='ocrx_word' id='word_1_541' title='bbox 1300 718 1390 746; x_wconf 88' lang='grc' dir='ltr'><strong>Κύων.</strong></span> <span class='ocrx_word' id='word_1_542' title='bbox 1412 721 1461 748; x_wconf 88' lang='lat' dir='ltr'><strong>llle</strong></span> <span class='ocrx_word' id='word_1_543' title='bbox 1480 715 1638 757; x_wconf 82' lang='lat' dir='ltr'><strong>Antecanis,</strong></span> <span class='ocrx_word' id='word_1_544' title='bbox 1664 734 1720 754; x_wconf 78' lang='lat' dir='ltr'><strong>Sive</strong></span> 
     </span>
    </p>
   </div>
   <div class='ocr_carea' id='block_1_74' title="bbox 941 756 1720 799">
    <p class='ocr_par' dir='ltr' id='par_1_74' title="bbox 941 756 1720 799">
     <span class='ocr_line' id='line_1_74' title="bbox 941 756 1720 799; baseline 0.022 -16"><span class='ocrx_word' id='word_1_545' title='bbox 941 756 1110 787; x_wconf 90' lang='lat' dir='ltr'><strong>minusculus</strong></span> <span class='ocrx_word' id='word_1_546' title='bbox 1127 760 1209 788; x_wconf 90' lang='lat' dir='ltr'><strong>Canis</strong></span> <span class='ocrx_word' id='word_1_547' title='bbox 1230 769 1352 796; x_wconf 85' lang='lat' dir='ltr'><strong>vocatur,</strong></span> <span class='ocrx_word' id='word_1_548' title='bbox 1383 766 1418 792; x_wconf 86' lang='lat' dir='ltr'><strong>ad</strong></span> <span class='ocrx_word' id='word_1_549' title='bbox 1444 767 1558 796; x_wconf 87' lang='lat' dir='ltr'><strong>lacteum</strong></span> <span class='ocrx_word' id='word_1_550' title='bbox 1587 771 1720 799; x_wconf 89' lang='lat' dir='ltr'><strong>circulum</strong></span> 
     </span>
    </p>
   </div>
   <div class='ocr_carea' id='block_1_75' title="bbox 940 802 1718 847">
    <p class='ocr_par' dir='ltr' id='par_1_75' title="bbox 940 802 1718 847">
     <span class='ocr_line' id='line_1_75' title="bbox 940 802 1718 847; baseline 0.022 -19"><span class='ocrx_word' id='word_1_551' title='bbox 940 802 1055 836; x_wconf 90' lang='lat' dir='ltr'><strong>positus,</strong></span> <span class='ocrx_word' id='word_1_552' title='bbox 1068 804 1139 833; x_wconf 88' lang='lat' dir='ltr'><strong>inter</strong></span> <span class='ocrx_word' id='word_1_553' title='bbox 1150 807 1364 841; x_wconf 64' lang='lat' dir='ltr'><strong>mquinoctialem</strong></span> <span class='ocrx_word' id='word_1_554' title='bbox 1375 811 1506 840; x_wconf 91' lang='lat' dir='ltr'><strong>circulum</strong></span> <span class='ocrx_word' id='word_1_555' title='bbox 1520 819 1547 841; x_wconf 88' lang='lat' dir='ltr'><strong>et</strong></span> <span class='ocrx_word' id='word_1_556' title='bbox 1561 815 1700 844; x_wconf 87' lang='lat' dir='ltr'><strong>zodiacum</strong></span> <span class='ocrx_word' id='word_1_557' title='bbox 1711 827 1718 847; x_wconf 86' lang='lat'>;</span> 
     </span>
    </p>
   </div>
   <div class='ocr_carea' id='block_1_76' title="bbox 940 848 1720 892">
    <p class='ocr_par' dir='ltr' id='par_1_76' title="bbox 940 848 1720 892">
     <span class='ocr_line' id='line_1_76' title="bbox 940 848 1720 892; baseline 0.021 -18"><span class='ocrx_word' id='word_1_558' title='bbox 940 848 1062 883; x_wconf 83' lang='lat' dir='ltr'><strong>duasque</strong></span> <span class='ocrx_word' id='word_1_559' title='bbox 1090 851 1182 879; x_wconf 87' lang='lat' dir='ltr'><strong>stellas</strong></span> <span class='ocrx_word' id='word_1_560' title='bbox 1203 853 1283 881; x_wconf 88' lang='lat' dir='ltr'><strong>habet</strong></span> <span class='ocrx_word' id='word_1_561' title='bbox 1298 863 1306 888; x_wconf 87' lang='lat'><strong>;</strong></span> <span class='ocrx_word' id='word_1_562' title='bbox 1330 855 1356 882; x_wconf 92' lang='lat' dir='ltr'><strong>in</strong></span> <span class='ocrx_word' id='word_1_563' title='bbox 1371 857 1441 884; x_wconf 90' lang='lat' dir='ltr'><strong>collo</strong></span> <span class='ocrx_word' id='word_1_564' title='bbox 1456 866 1536 886; x_wconf 90' lang='lat' dir='ltr'><strong>unam</strong></span> <span class='ocrx_word' id='word_1_565' title='bbox 1550 879 1558 892; x_wconf 95' lang='lat'><strong>,</strong></span> <span class='ocrx_word' id='word_1_566' title='bbox 1574 861 1601 887; x_wconf 92' lang='lat' dir='ltr'><strong>in</strong></span> <span class='ocrx_word' id='word_1_567' title='bbox 1618 862 1720 890; x_wconf 86' lang='lat' dir='ltr'><strong>femore</strong></span> 
     </span>
    </p>
   </div>
   <div class='ocr_carea' id='block_1_77' title="bbox 940 890 1718 939">
    <p class='ocr_par' dir='ltr' id='par_1_77' title="bbox 940 890 1718 939">
     <span class='ocr_line' id='line_1_77' title="bbox 940 890 1718 939; baseline 0.024 -23"><span class='ocrx_word' id='word_1_568' title='bbox 940 890 1063 925; x_wconf 86' lang='lat' dir='ltr'><strong>alteram,</strong></span> <span class='ocrx_word' id='word_1_569' title='bbox 1082 901 1142 928; x_wconf 57' lang='lat' dir='ltr'><strong>quae</strong></span> <span class='ocrx_word' id='word_1_570' title='bbox 1157 899 1183 922; x_wconf 90' lang='lat' dir='ltr'><strong>et</strong></span> <span class='ocrx_word' id='word_1_571' title='bbox 1194 895 1317 933; x_wconf 84' lang='lat' dir='ltr'><strong>Procyon</strong></span> <span class='ocrx_word' id='word_1_572' title='bbox 1332 900 1483 934; x_wconf 84' lang='lat' dir='ltr'><strong>appellatur</strong></span> <span class='ocrx_word' id='word_1_573' title='bbox 1502 890 1619 939; x_wconf 82' lang='lat' dir='ltr'><strong>proprie.</strong></span> <span class='ocrx_word' id='word_1_574' title='bbox 1633 906 1718 939; x_wconf 85' lang='lat' dir='ltr'><strong>Cujus</strong></span> 
     </span>
    </p>
   </div>
   <div class='ocr_carea' id='block_1_78' title="bbox 905 928 1718 982">
    <p class='ocr_par' dir='ltr' id='par_1_78' title="bbox 905 928 1718 982">
     <span class='ocr_line' id='line_1_78' title="bbox 905 928 1718 982; baseline 0.025 -21"><span class='ocrx_word' id='word_1_575' title='bbox 905 928 926 954; x_wconf 75' lang='grc' dir='ltr'><strong>Β</strong></span> <span class='ocrx_word' id='word_1_576' title='bbox 939 935 1017 971; x_wconf 89' lang='lat' dir='ltr'><strong>origo</strong></span> <span class='ocrx_word' id='word_1_577' title='bbox 1034 940 1158 967; x_wconf 90' lang='lat' dir='ltr'><strong>vocabuli</strong></span> <span class='ocrx_word' id='word_1_578' title='bbox 1175 949 1206 969; x_wconf 83' lang='lat' dir='ltr'><strong>ex</strong></span> <span class='ocrx_word' id='word_1_579' title='bbox 1228 928 1273 970; x_wconf 47' lang='lat' dir='ltr'><strong>eo,</strong></span> <span class='ocrx_word' id='word_1_580' title='bbox 1285 928 1396 979; x_wconf 60' lang='lat' dir='ltr'><strong>petitur,</strong></span> <span class='ocrx_word' id='word_1_581' title='bbox 1412 948 1484 982; x_wconf 92' lang='lat' dir='ltr'><strong>quod</strong></span> <span class='ocrx_word' id='word_1_582' title='bbox 1499 928 1581 978; x_wconf 58' lang='lat' dir='ltr'><strong>Canis</strong></span> <span class='ocrx_word' id='word_1_583' title='bbox 1608 959 1639 979; x_wconf 83' lang='lat' dir='ltr'><strong>ac</strong></span> <span class='ocrx_word' id='word_1_584' title='bbox 1655 928 1718 981; x_wconf 79' lang='lat' dir='ltr'><strong>Slrii</strong></span> 
     </span>
    </p>
   </div>
   <div class='ocr_carea' id='block_1_79' title="bbox 939 982 1718 1025">
    <p class='ocr_par' dir='ltr' id='par_1_79' title="bbox 939 982 1718 1025">
     <span class='ocr_line' id='line_1_79' title="bbox 939 982 1718 1025; baseline 0.023 -18"><span class='ocrx_word' id='word_1_585' title='bbox 939 982 1072 1014; x_wconf 83' lang='lat' dir='ltr'><strong>praecedat</strong></span> <span class='ocrx_word' id='word_1_586' title='bbox 1086 988 1186 1013; x_wconf 91' lang='lat' dir='ltr'><strong>ortum.</strong></span> <span class='ocrx_word' id='word_1_587' title='bbox 1204 987 1285 1015; x_wconf 90' lang='lat' dir='ltr'><strong>Canis</strong></span> <span class='ocrx_word' id='word_1_588' title='bbox 1302 993 1392 1017; x_wconf 90' lang='lat' dir='ltr'><strong>autem</strong></span> <span class='ocrx_word' id='word_1_589' title='bbox 1406 992 1482 1020; x_wconf 88' lang='lat' dir='ltr'><strong>sidus</strong></span> <span class='ocrx_word' id='word_1_590' title='bbox 1497 999 1537 1021; x_wconf 85' lang='lat' dir='ltr'><strong>est</strong></span> <span class='ocrx_word' id='word_1_591' title='bbox 1549 995 1582 1022; x_wconf 90' lang='lat' dir='ltr'><strong>ad</strong></span> <span class='ocrx_word' id='word_1_592' title='bbox 1594 1002 1718 1025; x_wconf 89' lang='lat' dir='ltr'><strong>austrum</strong></span> 
     </span>
    </p>
   </div>
   <div class='ocr_carea' id='block_1_80' title="bbox 939 1025 1718 1071">
    <p class='ocr_par' dir='ltr' id='par_1_80' title="bbox 939 1025 1718 1071">
     <span class='ocr_line' id='line_1_80' title="bbox 939 1025 1718 1071; baseline 0.024 -19"><span class='ocrx_word' id='word_1_593' title='bbox 939 1025 1009 1053; x_wconf 90' lang='lat' dir='ltr'><strong>infra</strong></span> <span class='ocrx_word' id='word_1_594' title='bbox 1036 1030 1252 1064; x_wconf 67' lang='lat' dir='ltr'><strong>azquinoctialem</strong></span> <span class='ocrx_word' id='word_1_595' title='bbox 1274 1034 1419 1064; x_wconf 85' lang='lat' dir='ltr'><strong>circulum.</strong></span> <span class='ocrx_word' id='word_1_596' title='bbox 1448 1037 1525 1070; x_wconf 86' lang='lat' dir='ltr'><strong>Quod</strong></span> <span class='ocrx_word' id='word_1_597' title='bbox 1548 1048 1608 1068; x_wconf 92' lang='lat' dir='ltr'><strong>cum</strong></span> <span class='ocrx_word' id='word_1_598' title='bbox 1626 1043 1718 1071; x_wconf 82' lang='lat' dir='ltr'><strong>stellas</strong></span> 
     </span>
    </p>
   </div>
   <div class='ocr_carea' id='block_1_81' title="bbox 938 1071 1718 1116">
    <p class='ocr_par' dir='ltr' id='par_1_81' title="bbox 938 1071 1718 1116">
     <span class='ocr_line' id='line_1_81' title="bbox 938 1071 1718 1116; baseline 0.022 -18"><span class='ocrx_word' id='word_1_599' title='bbox 938 1071 1035 1099; x_wconf 88' lang='lat' dir='ltr'><strong>habeat</strong></span> <span class='ocrx_word' id='word_1_600' title='bbox 1047 1074 1148 1109; x_wconf 85' lang='lat' dir='ltr'><strong>plures,</strong></span> <span class='ocrx_word' id='word_1_601' title='bbox 1167 1079 1328 1114; x_wconf 65' lang='lat' dir='ltr'><strong>praecipuam</strong></span> <span class='ocrx_word' id='word_1_602' title='bbox 1346 1085 1434 1109; x_wconf 87' lang='lat' dir='ltr'><strong>tamen</strong></span> <span class='ocrx_word' id='word_1_603' title='bbox 1449 1083 1477 1110; x_wconf 89' lang='lat' dir='ltr'><strong>in</strong></span> <span class='ocrx_word' id='word_1_604' title='bbox 1494 1091 1541 1111; x_wconf 91' lang='lat' dir='ltr'><strong>ore</strong></span> <span class='ocrx_word' id='word_1_605' title='bbox 1566 1093 1597 1112; x_wconf 91' lang='lat' dir='ltr'><strong>ac</strong></span> <span class='ocrx_word' id='word_1_606' title='bbox 1610 1089 1718 1116; x_wconf 77' lang='lat' dir='ltr'><strong>maxilla</strong></span> 
     </span>
    </p>
   </div>
   <div class='ocr_carea' id='block_1_82' title="bbox 938 1118 1718 1163">
    <p class='ocr_par' dir='ltr' id='par_1_82' title="bbox 938 1118 1718 1163">
     <span class='ocr_line' id='line_1_82' title="bbox 938 1118 1718 1163; baseline 0.022 -19"><span class='ocrx_word' id='word_1_607' title='bbox 938 1118 1022 1152; x_wconf 84' lang='lat' dir='ltr'><strong>gerit:</strong></span> <span class='ocrx_word' id='word_1_608' title='bbox 1043 1128 1123 1154; x_wconf 86' lang='lat' dir='ltr'><strong>quam</strong></span> <span class='ocrx_word' id='word_1_609' title='bbox 1138 1121 1238 1150; x_wconf 89' lang='lat' dir='ltr'><strong>Sirium</strong></span> <span class='ocrx_word' id='word_1_610' title='bbox 1249 1129 1357 1157; x_wconf 85' lang='lat' dir='ltr'><strong>vocant,</strong></span> <span class='ocrx_word' id='word_1_611' title='bbox 1377 1126 1466 1154; x_wconf 86' lang='lat' dir='ltr'><strong>Latini</strong></span> <span class='ocrx_word' id='word_1_612' title='bbox 1480 1129 1647 1163; x_wconf 89' lang='lat' dir='ltr'><strong>Caniculam,</strong></span> <span class='ocrx_word' id='word_1_613' title='bbox 1666 1134 1718 1160; x_wconf 88' lang='lat' dir='ltr'><strong>etsi</strong></span> 
     </span>
    </p>
   </div>
   <div class='ocr_carea' id='block_1_83' title="bbox 937 1161 1719 1207">
    <p class='ocr_par' dir='ltr' id='par_1_83' title="bbox 937 1161 1719 1207">
     <span class='ocr_line' id='line_1_83' title="bbox 937 1161 1719 1207; baseline 0.023 -19"><span class='ocrx_word' id='word_1_614' title='bbox 937 1161 1065 1190; x_wconf 86' lang='lat' dir='ltr'><strong>Canicula</strong></span> <span class='ocrx_word' id='word_1_615' title='bbox 1088 1173 1283 1202; x_wconf 88' lang='lat' dir='ltr'><strong>nonnunquam</strong></span> <span class='ocrx_word' id='word_1_616' title='bbox 1308 1178 1356 1204; x_wconf 87' lang='lat' dir='ltr'><strong>pro</strong></span> <span class='ocrx_word' id='word_1_617' title='bbox 1371 1175 1427 1198; x_wconf 88' lang='lat' dir='ltr'><strong>toto</strong></span> <span class='ocrx_word' id='word_1_618' title='bbox 1443 1173 1501 1207; x_wconf 91' lang='lat' dir='ltr'><strong>ipso</strong></span> <span class='ocrx_word' id='word_1_619' title='bbox 1523 1175 1610 1203; x_wconf 88' lang='lat' dir='ltr'><strong>sidere</strong></span> <span class='ocrx_word' id='word_1_620' title='bbox 1632 1180 1719 1206; x_wconf 91' lang='lat' dir='ltr'><strong>sumi-</strong></span> 
     </span>
    </p>
   </div>
   <div class='ocr_carea' id='block_1_84' title="bbox 937 1207 1717 1260">
    <p class='ocr_par' dir='ltr' id='par_1_84' title="bbox 937 1207 1717 1260">
     <span class='ocr_line' id='line_1_84' title="bbox 937 1207 1717 1260; baseline 0.023 -26"><span class='ocrx_word' id='word_1_621' title='bbox 937 1211 990 1236; x_wconf 90' lang='lat' dir='ltr'><strong>tur.</strong></span> <span class='ocrx_word' id='word_1_622' title='bbox 1005 1207 1110 1238; x_wconf 89' lang='lat' dir='ltr'><strong>Plinius</strong></span> <span class='ocrx_word' id='word_1_623' title='bbox 1123 1211 1170 1239; x_wconf 94' lang='lat' dir='ltr'><strong>lib.</strong></span> <span class='ocrx_word' id='word_1_624' title='bbox 1185 1212 1282 1245; x_wconf 80' lang='lat' dir='ltr'><strong>-XVlll,</strong></span> <span class='ocrx_word' id='word_1_625' title='bbox 1302 1222 1362 1250; x_wconf 88' lang='lat' dir='ltr'><strong>cap.</strong></span> <span class='ocrx_word' id='word_1_626' title='bbox 1378 1215 1484 1244; x_wconf 83' lang='lat' dir='ltr'><strong>XXVIII</strong></span> <span class='ocrx_word' id='word_1_627' title='bbox 1503 1227 1580 1255; x_wconf 84' lang='lat' dir='ltr'><strong>negat</strong></span> <span class='ocrx_word' id='word_1_628' title='bbox 1599 1222 1717 1260; x_wconf 70' lang='lat' dir='ltr'><strong>Procyni</strong></span> 
     </span>
    </p>
   </div>
   <div class='ocr_carea' id='block_1_85' title="bbox 936 1257 1716 1300">
    <p class='ocr_par' dir='ltr' id='par_1_85' title="bbox 936 1257 1716 1300">
     <span class='ocr_line' id='line_1_85' title="bbox 936 1257 1716 1300; baseline 0.023 -20"><span class='ocrx_word' id='word_1_629' title='bbox 936 1261 1033 1282; x_wconf 91' lang='lat' dir='ltr'><strong>nomen</strong></span> <span class='ocrx_word' id='word_1_630' title='bbox 1058 1257 1128 1291; x_wconf 91' lang='lat' dir='ltr'><strong>apud</strong></span> <span class='ocrx_word' id='word_1_631' title='bbox 1158 1257 1296 1288; x_wconf 83' lang='lat' dir='ltr'><strong>Romanos</strong></span> <span class='ocrx_word' id='word_1_632' title='bbox 1311 1262 1395 1289; x_wconf 85' lang='lat' dir='ltr'><strong>ullum</strong></span> <span class='ocrx_word' id='word_1_633' title='bbox 1411 1271 1481 1291; x_wconf 87' lang='lat' dir='ltr'><strong>esse.</strong></span> <span class='ocrx_word' id='word_1_634' title='bbox 1514 1275 1524 1291; x_wconf 84' lang='grc' dir='ltr'><strong>ι</strong></span> <span class='ocrx_word' id='word_1_635' title='bbox 1547 1267 1623 1300; x_wconf 87' lang='lat' dir='ltr'><strong>Quod</strong></span> <span class='ocrx_word' id='word_1_636' title='bbox 1640 1257 1716 1299; x_wconf 84' lang='lat' dir='ltr'><strong>sidus</strong></span> 
     </span>
    </p>
   </div>
   <div class='ocr_carea' id='block_1_86' title="bbox 936 1298 1716 1344">
    <p class='ocr_par' dir='ltr' id='par_1_86' title="bbox 936 1298 1716 1344">
     <span class='ocr_line' id='line_1_86' title="bbox 936 1298 1716 1344; baseline 0.026 -21"><span class='ocrx_word' id='word_1_637' title='bbox 936 1298 1006 1332; x_wconf 87' lang='lat' dir='ltr'><strong>apud</strong></span> <span class='ocrx_word' id='word_1_638' title='bbox 1029 1299 1177 1334; x_wconf 81' lang='lat' dir='ltr'><strong>Romanos,</strong></span> <span class='ocrx_word' id='word_1_639' title='bbox 1208 1303 1305 1339; x_wconf 86' lang='lat' dir='ltr'><strong>inquit.</strong></span> <span class='ocrx_word' id='word_1_640' title='bbox 1331 1313 1384 1333; x_wconf 90' lang='lat' dir='ltr'><strong>n0n</strong></span> <span class='ocrx_word' id='word_1_641' title='bbox 1409 1307 1488 1335; x_wconf 90' lang='lat' dir='ltr'><strong>habet</strong></span> <span class='ocrx_word' id='word_1_642' title='bbox 1519 1298 1628 1344; x_wconf 81' lang='lat' dir='ltr'><strong>nomen,</strong></span> <span class='ocrx_word' id='word_1_643' title='bbox 1661 1316 1716 1344; x_wconf 89' lang='lat' dir='ltr'><strong>nisi</strong></span> 
     </span>
    </p>
   </div>
   <div class='ocr_carea' id='block_1_87' title="bbox 934 1343 1714 1389">
    <p class='ocr_par' dir='ltr' id='par_1_87' title="bbox 934 1343 1714 1389">
     <span class='ocr_line' id='line_1_87' title="bbox 934 1343 1714 1389; baseline 0.024 -19"><span class='ocrx_word' id='word_1_644' title='bbox 934 1343 1090 1373; x_wconf 86' lang='lat' dir='ltr'><strong>Caniculam</strong></span> <span class='ocrx_word' id='word_1_645' title='bbox 1102 1347 1171 1375; x_wconf 80' lang='lat' dir='ltr'><strong>hanc</strong></span> <span class='ocrx_word' id='word_1_646' title='bbox 1184 1348 1296 1378; x_wconf 87' lang='lat' dir='ltr'><strong>velimus</strong></span> <span class='ocrx_word' id='word_1_647' title='bbox 1315 1352 1427 1388; x_wconf 86' lang='lat' dir='ltr'><strong>intelligi</strong></span> <span class='ocrx_word' id='word_1_648' title='bbox 1440 1362 1446 1380; x_wconf 92' lang='lat'><strong><em>:</em></strong></span> <span class='ocrx_word' id='word_1_649' title='bbox 1462 1355 1513 1383; x_wconf 87' lang='lat' dir='ltr'><strong>hoc</strong></span> <span class='ocrx_word' id='word_1_650' title='bbox 1525 1362 1567 1385; x_wconf 85' lang='lat' dir='ltr'><strong>est</strong></span> <span class='ocrx_word' id='word_1_651' title='bbox 1584 1360 1714 1389; x_wconf 82' lang='lat' dir='ltr'><strong>minorem</strong></span> 
     </span>
    </p>
   </div>
   <div class='ocr_carea' id='block_1_88' title="bbox 934 1389 1715 1440">
    <p class='ocr_par' dir='ltr' id='par_1_88' title="bbox 934 1389 1715 1440">
     <span class='ocr_line' id='line_1_88' title="bbox 934 1389 1715 1440; baseline 0.024 -24"><span class='ocrx_word' id='word_1_652' title='bbox 934 1389 1033 1418; x_wconf 87' lang='lat' dir='ltr'><strong>Canem</strong></span> <span class='ocrx_word' id='word_1_653' title='bbox 1043 1412 1050 1425; x_wconf 89' lang='lat'><strong>,</strong></span> <span class='ocrx_word' id='word_1_654' title='bbox 1067 1397 1096 1420; x_wconf 76' lang='lat' dir='ltr'><strong>ut</strong></span> <span class='ocrx_word' id='word_1_655' title='bbox 1112 1393 1139 1421; x_wconf 89' lang='lat' dir='ltr'><strong>in</strong></span> <span class='ocrx_word' id='word_1_656' title='bbox 1151 1396 1233 1423; x_wconf 89' lang='lat' dir='ltr'><strong>astris</strong></span> <span class='ocrx_word' id='word_1_657' title='bbox 1245 1397 1364 1432; x_wconf 82' lang='lat' dir='ltr'><strong>pingitur</strong></span> <span class='ocrx_word' id='word_1_658' title='bbox 1377 1408 1383 1425; x_wconf 91' lang='lat'><strong>:</strong></span> <span class='ocrx_word' id='word_1_659' title='bbox 1396 1400 1428 1426; x_wconf 90' lang='lat' dir='ltr'><strong>ad</strong></span> <span class='ocrx_word' id='word_1_660' title='bbox 1443 1406 1538 1428; x_wconf 67' lang='lat' dir='ltr'><strong>aestum</strong></span> <span class='ocrx_word' id='word_1_661' title='bbox 1553 1411 1715 1440; x_wconf 77' lang='lat' dir='ltr'><strong>magnopere</strong></span> 
     </span>
    </p>
   </div>
   <div class='ocr_carea' id='block_1_89' title="bbox 933 1435 1713 1480">
    <p class='ocr_par' dir='ltr' id='par_1_89' title="bbox 933 1435 1713 1480">
     <span class='ocr_line' id='line_1_89' title="bbox 933 1435 1713 1480; baseline 0.026 -20"><span class='ocrx_word' id='word_1_662' title='bbox 933 1435 1082 1469; x_wconf 87' lang='lat' dir='ltr'><strong>pertinens.</strong></span> <span class='ocrx_word' id='word_1_663' title='bbox 1102 1447 1111 1463; x_wconf 74' lang='grc' dir='ltr'><strong>ι</strong></span> <span class='ocrx_word' id='word_1_664' title='bbox 1137 1438 1174 1465; x_wconf 88' lang='lat' dir='ltr'><strong>Ita</strong></span> <span class='ocrx_word' id='word_1_665' title='bbox 1189 1439 1336 1470; x_wconf 86' lang='lat' dir='ltr'><strong>Peliserius</strong></span> <span class='ocrx_word' id='word_1_666' title='bbox 1350 1445 1539 1474; x_wconf 87' lang='lat' dir='ltr'><strong>emcudavcrat</strong></span> <span class='ocrx_word' id='word_1_667' title='bbox 1556 1449 1587 1475; x_wconf 78' lang='lat' dir='ltr'><strong>in&quot;</strong></span> <span class='ocrx_word' id='word_1_668' title='bbox 1604 1458 1651 1478; x_wconf 91' lang='lat' dir='ltr'><strong>ora</strong></span> <span class='ocrx_word' id='word_1_669' title='bbox 1667 1459 1713 1480; x_wconf 78' lang='lat' dir='ltr'><strong>co-</strong></span> 
     </span>
    </p>
   </div>
   <div class='ocr_carea' id='block_1_90' title="bbox 934 1480 1714 1525">
    <p class='ocr_par' dir='ltr' id='par_1_90' title="bbox 934 1480 1714 1525">
     <span class='ocr_line' id='line_1_90' title="bbox 934 1480 1714 1525; baseline 0.024 -19"><span class='ocrx_word' id='word_1_670' title='bbox 934 1480 1001 1508; x_wconf 90' lang='lat' dir='ltr'><strong>dicis</strong></span> <span class='ocrx_word' id='word_1_671' title='bbox 1014 1483 1067 1515; x_wconf 91' lang='lat' dir='ltr'><strong>sui,</strong></span> <span class='ocrx_word' id='word_1_672' title='bbox 1089 1491 1138 1519; x_wconf 82' lang='lat' dir='ltr'><strong>pro</strong></span> <span class='ocrx_word' id='word_1_673' title='bbox 1151 1493 1204 1520; x_wconf 91' lang='lat' dir='ltr'><strong>quo</strong></span> <span class='ocrx_word' id='word_1_674' title='bbox 1219 1487 1300 1522; x_wconf 89' lang='lat' dir='ltr'><strong>vulgo</strong></span> <span class='ocrx_word' id='word_1_675' title='bbox 1316 1488 1415 1524; x_wconf 81' lang='lat' dir='ltr'><strong>legitur</strong></span> <span class='ocrx_word' id='word_1_676' title='bbox 1430 1500 1436 1517; x_wconf 91' lang='lat'>:</span> <span class='ocrx_word' id='word_1_677' title='bbox 1455 1501 1464 1516; x_wconf 86' lang='grc' dir='ltr'><strong>ι</strong></span> <span class='ocrx_word' id='word_1_678' title='bbox 1482 1491 1530 1520; x_wconf 88' lang='lat' dir='ltr'><strong>Est</strong></span> <span class='ocrx_word' id='word_1_679' title='bbox 1554 1499 1643 1522; x_wconf 90' lang='lat' dir='ltr'><strong>autem</strong></span> <span class='ocrx_word' id='word_1_680' title='bbox 1657 1505 1714 1525; x_wconf 88' lang='lat' dir='ltr'><strong>ma-</strong></span> 
     </span>
    </p>
   </div>
   <div class='ocr_carea' id='block_1_91' title="bbox 933 1529 1714 1578">
    <p class='ocr_par' dir='ltr' id='par_1_91' title="bbox 933 1529 1714 1578">
     <span class='ocr_line' id='line_1_91' title="bbox 933 1529 1714 1578; baseline 0.023 -27"><span class='ocrx_word' id='word_1_681' title='bbox 933 1532 1050 1560; x_wconf 85' lang='lat' dir='ltr'><strong>gnopere</strong></span> <span class='ocrx_word' id='word_1_682' title='bbox 1075 1529 1224 1562; x_wconf 87' lang='lat' dir='ltr'><strong>pertinens.</strong></span> <span class='ocrx_word' id='word_1_683' title='bbox 1249 1541 1258 1557; x_wconf 72' lang='grc' dir='ltr'><strong>ι</strong></span> <span class='ocrx_word' id='word_1_684' title='bbox 1286 1531 1424 1562; x_wconf 89' lang='lat' dir='ltr'><strong>Pertinere</strong></span> <span class='ocrx_word' id='word_1_685' title='bbox 1440 1536 1473 1563; x_wconf 91' lang='lat' dir='ltr'><strong>ad</strong></span> <span class='ocrx_word' id='word_1_686' title='bbox 1495 1543 1589 1566; x_wconf 60' lang='lat' dir='ltr'><strong>aestum</strong></span> <span class='ocrx_word' id='word_1_687' title='bbox 1613 1539 1714 1578; x_wconf 83' lang='lat' dir='ltr'><strong>Precy-</strong></span> 
     </span>
    </p>
   </div>
   <div class='ocr_carea' id='block_1_92' title="bbox 933 1572 1713 1615">
    <p class='ocr_par' dir='ltr' id='par_1_92' title="bbox 933 1572 1713 1615">
     <span class='ocr_line' id='line_1_92' title="bbox 933 1572 1713 1615; baseline 0.024 -19"><span class='ocrx_word' id='word_1_688' title='bbox 933 1577 993 1597; x_wconf 87' lang='lat' dir='ltr'><strong>nem</strong></span> <span class='ocrx_word' id='word_1_689' title='bbox 1020 1572 1068 1604; x_wconf 91' lang='lat' dir='ltr'><strong>ait,</strong></span> <span class='ocrx_word' id='word_1_690' title='bbox 1091 1575 1219 1608; x_wconf 85' lang='lat' dir='ltr'><strong>quoniam</strong></span> <span class='ocrx_word' id='word_1_691' title='bbox 1235 1585 1245 1601; x_wconf 79' lang='grc' dir='ltr'><strong>ι</strong></span> <span class='ocrx_word' id='word_1_692' title='bbox 1265 1577 1419 1606; x_wconf 86' lang='lat' dir='ltr'><strong>confessum</strong></span> <span class='ocrx_word' id='word_1_693' title='bbox 1439 1580 1510 1609; x_wconf 87' lang='lat' dir='ltr'><strong>inter</strong></span> <span class='ocrx_word' id='word_1_694' title='bbox 1530 1591 1624 1613; x_wconf 88' lang='lat' dir='ltr'><strong>omnes</strong></span> <span class='ocrx_word' id='word_1_695' title='bbox 1637 1572 1713 1615; x_wconf 72' lang='lat' dir='ltr'><strong>sidus</strong></span> 
     </span>
    </p>
   </div>
   <div class='ocr_carea' id='block_1_93' title="bbox 936 1616 1714 1668">
    <p class='ocr_par' dir='ltr' id='par_1_93' title="bbox 936 1616 1714 1668">
     <span class='ocr_line' id='line_1_93' title="bbox 936 1616 1714 1668; baseline 0.024 -26"><span class='ocrx_word' id='word_1_696' title='bbox 936 1616 1049 1650; x_wconf 87' lang='lat' dir='ltr'><strong>indicat,</strong></span> <span class='ocrx_word' id='word_1_697' title='bbox 1072 1621 1145 1653; x_wconf 87' lang='lat' dir='ltr'><strong>quod</strong></span> <span class='ocrx_word' id='word_1_698' title='bbox 1172 1621 1253 1650; x_wconf 91' lang='lat' dir='ltr'><strong>Canis</strong></span> <span class='ocrx_word' id='word_1_699' title='bbox 1279 1628 1367 1651; x_wconf 90' lang='lat' dir='ltr'><strong>ortum</strong></span> <span class='ocrx_word' id='word_1_700' title='bbox 1390 1633 1529 1656; x_wconf 88' lang='lat' dir='ltr'><strong>vocamus.</strong></span> <span class='ocrx_word' id='word_1_701' title='bbox 1545 1639 1555 1656; x_wconf 83' lang='grc'><strong><em>›</em></strong></span> <span class='ocrx_word' id='word_1_702' title='bbox 1586 1631 1714 1668; x_wconf 83' lang='lat' dir='ltr'><strong>Adeoque</strong></span> 
     </span>
    </p>
   </div>
   <div class='ocr_carea' id='block_1_94' title="bbox 934 1663 1714 1712">
    <p class='ocr_par' dir='ltr' id='par_1_94' title="bbox 934 1663 1714 1712">
     <span class='ocr_line' id='line_1_94' title="bbox 934 1663 1714 1712; baseline 0.023 -23"><span class='ocrx_word' id='word_1_703' title='bbox 934 1663 1070 1698; x_wconf 82' lang='lat' dir='ltr'><strong>ingentem</strong></span> <span class='ocrx_word' id='word_1_704' title='bbox 1086 1665 1161 1693; x_wconf 94' lang='lat' dir='ltr'><strong>illum</strong></span> <span class='ocrx_word' id='word_1_705' title='bbox 1176 1672 1272 1696; x_wconf 65' lang='lat' dir='ltr'><strong>aestum</strong></span> <span class='ocrx_word' id='word_1_706' title='bbox 1288 1669 1430 1698; x_wconf 89' lang='lat' dir='ltr'><strong>denuntiat</strong></span> <span class='ocrx_word' id='word_1_707' title='bbox 1445 1682 1452 1700; x_wconf 85' lang='grc'>;</span> <span class='ocrx_word' id='word_1_708' title='bbox 1470 1673 1525 1701; x_wconf 92' lang='lat' dir='ltr'><strong>imo</strong></span> <span class='ocrx_word' id='word_1_709' title='bbox 1543 1679 1570 1703; x_wconf 87' lang='lat' dir='ltr'><strong>et</strong></span> <span class='ocrx_word' id='word_1_710' title='bbox 1592 1685 1623 1704; x_wconf 82' lang='lat' dir='ltr'><strong>ex</strong></span> <span class='ocrx_word' id='word_1_711' title='bbox 1636 1663 1714 1712; x_wconf 68' lang='lat' dir='ltr'><strong>parte</strong></span> 
     </span>
    </p>
   </div>
   <div class='ocr_carea' id='block_1_95' title="bbox 935 1707 1501 1749">
    <p class='ocr_par' dir='ltr' id='par_1_95' title="bbox 935 1707 1501 1749">
     <span class='ocr_line' id='line_1_95' title="bbox 935 1707 1501 1749; baseline 0.019 -15"><span class='ocrx_word' id='word_1_712' title='bbox 935 1707 1009 1735; x_wconf 85' lang='lat' dir='ltr'><strong>facit.</strong></span> <span class='ocrx_word' id='word_1_713' title='bbox 1027 1709 1094 1738; x_wconf 87' lang='lat' dir='ltr'><strong>Hinc</strong></span> <span class='ocrx_word' id='word_1_714' title='bbox 1107 1711 1292 1742; x_wconf 87' lang='lat' dir='ltr'><strong>Horatiuslib.</strong></span> <span class='ocrx_word' id='word_1_715' title='bbox 1309 1715 1352 1749; x_wconf 90' lang='lat' dir='ltr'><strong>Ill,</strong></span> <span class='ocrx_word' id='word_1_716' title='bbox 1374 1716 1431 1744; x_wconf 90' lang='lat' dir='ltr'><strong>Ode</strong></span> <span class='ocrx_word' id='word_1_717' title='bbox 1445 1718 1479 1745; x_wconf 78' lang='lat'><strong>30</strong></span> <span class='ocrx_word' id='word_1_718' title='bbox 1494 1727 1501 1745; x_wconf 84' lang='lat'><strong>:</strong></span> 
     </span>
    </p>
   </div>
   <div class='ocr_carea' id='block_1_96' title="bbox 1110 1768 1452 1807">
    <p class='ocr_par' dir='ltr' id='par_1_96' title="bbox 1110 1768 1452 1807">
     <span class='ocr_line' id='line_1_96' title="bbox 1110 1768 1452 1807; baseline 0.015 -12"><span class='ocrx_word' id='word_1_719' title='bbox 1179 1768 1241 1807; x_wconf 62' lang='lat' dir='ltr'><strong>lem</strong></span> <span class='ocrx_word' id='word_1_720' title='bbox 1254 1770 1373 1806; x_wconf 84' lang='lat' dir='ltr'><strong>Procyon</strong></span> <span class='ocrx_word' id='word_1_721' title='bbox 1387 1773 1452 1807; x_wconf 83' lang='lat' dir='ltr'><strong>furit</strong></span> 
     </span>
    </p>
   </div>
   <div class='ocr_carea' id='block_1_97' title="bbox 1108 1802 1441 1835">
    <p class='ocr_par' dir='ltr' id='par_1_97' title="bbox 1108 1802 1441 1835">
     <span class='ocr_line' id='line_1_97' title="bbox 1108 1802 1441 1835; baseline 0.021 -7"><span class='ocrx_word' id='word_1_722' title='bbox 1108 1802 1144 1828; x_wconf 87' lang='lat' dir='ltr'><strong>Et</strong></span> <span class='ocrx_word' id='word_1_723' title='bbox 1158 1805 1236 1831; x_wconf 81' lang='lat' dir='ltr'><strong>stella</strong></span> <span class='ocrx_word' id='word_1_724' title='bbox 1249 1802 1335 1833; x_wconf 62' lang='lat' dir='ltr'><strong>vesani</strong></span> <span class='ocrx_word' id='word_1_725' title='bbox 1347 1802 1441 1835; x_wconf 69' lang='lat' dir='ltr'><strong>Leonis</strong></span> 
     </span>
    </p>
   </div>
   <div class='ocr_carea' id='block_1_98' title="bbox 1108 1837 1477 1875">
    <p class='ocr_par' dir='ltr' id='par_1_98' title="bbox 1108 1837 1477 1875">
     <span class='ocr_line' id='line_1_98' title="bbox 1108 1837 1477 1875; baseline 0.019 -11"><span class='ocrx_word' id='word_1_726' title='bbox 1108 1837 1170 1865; x_wconf 89' lang='lat' dir='ltr'><strong>Sole</strong></span> <span class='ocrx_word' id='word_1_727' title='bbox 1181 1839 1235 1866; x_wconf 77' lang='lat' dir='ltr'><strong>dies</strong></span> <span class='ocrx_word' id='word_1_728' title='bbox 1250 1841 1375 1875; x_wconf 81' lang='lat' dir='ltr'><strong>referente</strong></span> <span class='ocrx_word' id='word_1_729' title='bbox 1385 1844 1477 1871; x_wconf 75' lang='lat' dir='ltr'><strong>siccus.</strong></span> 
     </span>
    </p>
   </div>
   <div class='ocr_carea' id='block_1_99' title="bbox 967 1891 1708 1938">
    <p class='ocr_par' dir='ltr' id='par_1_99' title="bbox 967 1891 1708 1938">
     <span class='ocr_line' id='line_1_99' title="bbox 967 1891 1708 1938; baseline 0.024 -20"><span class='ocrx_word' id='word_1_730' title='bbox 967 1891 1024 1919; x_wconf 88' lang='lat' dir='ltr'><strong>Nisi</strong></span> <span class='ocrx_word' id='word_1_731' title='bbox 1052 1894 1113 1928; x_wconf 89' lang='lat' dir='ltr'><strong>quis</strong></span> <span class='ocrx_word' id='word_1_732' title='bbox 1143 1896 1259 1924; x_wconf 81' lang='lat' dir='ltr'><strong>fortasse</strong></span> <span class='ocrx_word' id='word_1_733' title='bbox 1275 1897 1423 1934; x_wconf 84' lang='lat' dir='ltr'><strong>Procyncm</strong></span> <span class='ocrx_word' id='word_1_734' title='bbox 1453 1902 1486 1929; x_wconf 92' lang='lat' dir='ltr'><strong>ab</strong></span> <span class='ocrx_word' id='word_1_735' title='bbox 1512 1902 1623 1933; x_wconf 86' lang='lat' dir='ltr'><strong>lloratio</strong></span> <span class='ocrx_word' id='word_1_736' title='bbox 1646 1916 1708 1938; x_wconf 88' lang='lat' dir='ltr'><strong>cum</strong></span> 
     </span>
    </p>
   </div>
   <div class='ocr_carea' id='block_1_100' title="bbox 933 1936 1709 1983">
    <p class='ocr_par' dir='ltr' id='par_1_100' title="bbox 933 1936 1709 1983">
     <span class='ocr_line' id='line_1_100' title="bbox 933 1936 1709 1983; baseline 0.026 -21"><span class='ocrx_word' id='word_1_737' title='bbox 933 1936 1005 1964; x_wconf 92' lang='lat' dir='ltr'><strong>Sirio</strong></span> <span class='ocrx_word' id='word_1_738' title='bbox 1025 1939 1158 1967; x_wconf 83' lang='lat' dir='ltr'><strong>confundi</strong></span> <span class='ocrx_word' id='word_1_739' title='bbox 1173 1942 1247 1973; x_wconf 88' lang='lat' dir='ltr'><strong>velit,</strong></span> <span class='ocrx_word' id='word_1_740' title='bbox 1263 1945 1389 1978; x_wconf 85' lang='lat' dir='ltr'><strong>quoniam</strong></span> <span class='ocrx_word' id='word_1_741' title='bbox 1405 1947 1491 1980; x_wconf 90' lang='lat' dir='ltr'><strong>prima</strong></span> <span class='ocrx_word' id='word_1_742' title='bbox 1505 1947 1562 1978; x_wconf 72' lang='lat' dir='ltr'><strong>lucc</strong></span> <span class='ocrx_word' id='word_1_743' title='bbox 1573 1954 1709 1983; x_wconf 87' lang='lat' dir='ltr'><strong>asterismi</strong></span> 
     </span>
    </p>
   </div>
   <div class='ocr_carea' id='block_1_101' title="bbox 931 1982 1709 2034">
    <p class='ocr_par' dir='ltr' id='par_1_101' title="bbox 931 1982 1709 2034">
     <span class='ocr_line' id='line_1_101' title="bbox 931 1982 1709 2034; baseline 0.022 -25"><span class='ocrx_word' id='word_1_744' title='bbox 931 1982 1012 2011; x_wconf 88' lang='lat' dir='ltr'><strong>Canis</strong></span> <span class='ocrx_word' id='word_1_745' title='bbox 1027 1985 1103 2011; x_wconf 88' lang='lat' dir='ltr'><strong>stella</strong></span> <span class='ocrx_word' id='word_1_746' title='bbox 1120 1991 1181 2012; x_wconf 86' lang='lat' dir='ltr'><strong>ante</strong></span> <span class='ocrx_word' id='word_1_747' title='bbox 1197 1991 1319 2021; x_wconf 58' lang='lat' dir='ltr'><strong>caeteras,</strong></span> <span class='ocrx_word' id='word_1_748' title='bbox 1338 1990 1457 2026; x_wconf 88' lang='lat' dir='ltr'><strong>adeoque</strong></span> <span class='ocrx_word' id='word_1_749' title='bbox 1476 1998 1538 2021; x_wconf 79' lang='lat' dir='ltr'><strong>ante</strong></span> <span class='ocrx_word' id='word_1_750' title='bbox 1555 1999 1640 2024; x_wconf 88' lang='lat' dir='ltr'><strong>totum</strong></span> <span class='ocrx_word' id='word_1_751' title='bbox 1668 2000 1709 2034; x_wconf 92' lang='lat' dir='ltr'><strong>ip-</strong></span> 
     </span>
    </p>
   </div>
   <div class='ocr_carea' id='block_1_102' title="bbox 931 2028 1709 2071">
    <p class='ocr_par' dir='ltr' id='par_1_102' title="bbox 931 2028 1709 2071">
     <span class='ocr_line' id='line_1_102' title="bbox 931 2028 1709 2071; baseline 0.022 -17"><span class='ocrx_word' id='word_1_752' title='bbox 931 2035 990 2054; x_wconf 90' lang='lat' dir='ltr'><strong>sum</strong></span> <span class='ocrx_word' id='word_1_753' title='bbox 1008 2028 1107 2057; x_wconf 87' lang='lat' dir='ltr'><strong>Canem</strong></span> <span class='ocrx_word' id='word_1_754' title='bbox 1128 2036 1246 2066; x_wconf 87' lang='lat' dir='ltr'><strong>apparet.</strong></span> <span class='ocrx_word' id='word_1_755' title='bbox 1281 2033 1326 2062; x_wconf 88' lang='lat' dir='ltr'><strong>Sic</strong></span> <span class='ocrx_word' id='word_1_756' title='bbox 1343 2036 1414 2062; x_wconf 91' lang='lat' dir='ltr'><strong>enim</strong></span> <span class='ocrx_word' id='word_1_757' title='bbox 1432 2034 1549 2067; x_wconf 89' lang='lat' dir='ltr'><strong>Galenus</strong></span> <span class='ocrx_word' id='word_1_758' title='bbox 1574 2041 1600 2068; x_wconf 93' lang='lat' dir='ltr'><strong>in</strong></span> <span class='ocrx_word' id='word_1_759' title='bbox 1631 2028 1709 2071; x_wconf 51' lang='lat' dir='ltr'><strong>lib.-l</strong></span> 
     </span>
    </p>
   </div>
   <div class='ocr_carea' id='block_1_103' title="bbox 930 2073 1711 2124">
    <p class='ocr_par' dir='ltr' id='par_1_103' title="bbox 930 2073 1711 2124">
     <span class='ocr_line' id='line_1_103' title="bbox 930 2073 1711 2124; baseline 0.023 -25"><span class='ocrx_word' id='word_1_760' title='bbox 930 2073 1050 2107; x_wconf 86' lang='lat' dir='ltr'><strong>Epidem.</strong></span> <span class='ocrx_word' id='word_1_761' title='bbox 1076 2075 1247 2111; x_wconf 84' lang='lat' dir='ltr'><strong>Hippocratis</strong></span> <span class='ocrx_word' id='word_1_762' title='bbox 1264 2099 1272 2110; x_wconf 92' lang='lat'><strong>,</strong></span> <span class='ocrx_word' id='word_1_763' title='bbox 1302 2080 1382 2107; x_wconf 79' lang='grc' dir='ltr'><strong>Κύων</strong></span> <span class='ocrx_word' id='word_1_764' title='bbox 1397 2082 1453 2117; x_wconf 80' lang='grc' dir='ltr'><strong>’μὲν</strong></span> <span class='ocrx_word' id='word_1_765' title='bbox 1471 2084 1524 2121; x_wconf 73' lang='grc' dir='ltr'><strong>γὰρ</strong></span> <span class='ocrx_word' id='word_1_766' title='bbox 1543 2086 1573 2112; x_wconf 83' lang='grc' dir='ltr'>τὸ</span> <span class='ocrx_word' id='word_1_767' title='bbox 1600 2089 1711 2124; x_wconf 79' lang='grc' dir='ltr'><strong>σύμπαν</strong></span> 
     </span>
    </p>
   </div>
   <div class='ocr_carea' id='block_1_104' title="bbox 929 2120 1710 2169">
    <p class='ocr_par' dir='ltr' id='par_1_104' title="bbox 929 2120 1710 2169">
     <span class='ocr_line' id='line_1_104' title="bbox 929 2120 1710 2169; baseline 0.022 -24"><span class='ocrx_word' id='word_1_768' title='bbox 929 2120 1036 2155; x_wconf 80' lang='grc' dir='ltr'><strong>ἄστρον·</strong></span> <span class='ocrx_word' id='word_1_769' title='bbox 1050 2122 1064 2147; x_wconf 85' lang='grc' dir='ltr'>ὁ</span> <span class='ocrx_word' id='word_1_770' title='bbox 1078 2122 1106 2147; x_wconf 84' lang='grc' dir='ltr'><strong>δὲ</strong></span> <span class='ocrx_word' id='word_1_771' title='bbox 1122 2123 1167 2148; x_wconf 79' lang='grc' dir='ltr'>ἐπὶ</span> <span class='ocrx_word' id='word_1_772' title='bbox 1181 2124 1228 2158; x_wconf 85' lang='grc' dir='ltr'><strong>τῆς</strong></span> <span class='ocrx_word' id='word_1_773' title='bbox 1243 2125 1336 2158; x_wconf 77' lang='grc' dir='ltr'>γένυος</span> <span class='ocrx_word' id='word_1_774' title='bbox 1348 2128 1429 2154; x_wconf 67' lang='grc' dir='ltr'><strong>αὐτοῦ</strong></span> <span class='ocrx_word' id='word_1_775' title='bbox 1445 2120 1547 2165; x_wconf 59' lang='grc' dir='ltr'><strong>Σείριος</strong></span> <span class='ocrx_word' id='word_1_776' title='bbox 1556 2141 1562 2148; x_wconf 70' lang='grc' dir='ltr'><strong><em>ο</em></strong></span> <span class='ocrx_word' id='word_1_777' title='bbox 1577 2133 1605 2159; x_wconf 74' lang='grc' dir='ltr'>ὃν</span> <span class='ocrx_word' id='word_1_778' title='bbox 1623 2120 1710 2169; x_wconf 30' lang='grc' dir='ltr'>όίρθῶς</span> 
     </span>
    </p>
   </div>
   <div class='ocr_carea' id='block_1_105' title="bbox 929 2164 1709 2207">
    <p class='ocr_par' dir='ltr' id='par_1_105' title="bbox 929 2164 1709 2207">
     <span class='ocr_line' id='line_1_105' title="bbox 929 2164 1709 2207; baseline 0.023 -17"><span class='ocrx_word' id='word_1_779' title='bbox 929 2164 961 2190; x_wconf 79' lang='grc' dir='ltr'>ἄν</span> <span class='ocrx_word' id='word_1_780' title='bbox 983 2172 1024 2197; x_wconf 84' lang='grc' dir='ltr'><strong>τις</strong></span> <span class='ocrx_word' id='word_1_781' title='bbox 1050 2166 1175 2202; x_wconf 77' lang='grc' dir='ltr'><strong>ὀνομάζοι</strong></span> <span class='ocrx_word' id='word_1_782' title='bbox 1204 2169 1249 2196; x_wconf 82' lang='grc' dir='ltr'><strong>τὸν</strong></span> <span class='ocrx_word' id='word_1_783' title='bbox 1268 2171 1407 2206; x_wconf 83' lang='grc' dir='ltr'><strong>Πρόκυνα,</strong></span> <span class='ocrx_word' id='word_1_784' title='bbox 1426 2174 1455 2200; x_wconf 83' lang='grc' dir='ltr'><strong>οὐ</strong></span> <span class='ocrx_word' id='word_1_785' title='bbox 1482 2176 1527 2202; x_wconf 76' lang='grc' dir='ltr'><strong>τὸν</strong></span> <span class='ocrx_word' id='word_1_786' title='bbox 1551 2164 1643 2206; x_wconf 42' lang='grc' dir='ltr'><strong>Κύνα..</strong></span> <span class='ocrx_word' id='word_1_787' title='bbox 1659 2164 1709 2207; x_wconf 54' lang='lat' dir='ltr'><strong>Si;</strong></span> 
     </span>
    </p>
   </div>
   <div class='ocr_carea' id='block_1_106' title="bbox 929 2209 1708 2256">
    <p class='ocr_par' dir='ltr' id='par_1_106' title="bbox 929 2209 1708 2256">
     <span class='ocr_line' id='line_1_106' title="bbox 929 2209 1708 2256; baseline 0.024 -21"><span class='ocrx_word' id='word_1_788' title='bbox 929 2209 999 2236; x_wconf 91' lang='lat' dir='ltr'><strong>rium</strong></span> <span class='ocrx_word' id='word_1_789' title='bbox 1014 2211 1052 2237; x_wconf 89' lang='lat' dir='ltr'><strong>ait</strong></span> <span class='ocrx_word' id='word_1_790' title='bbox 1079 2213 1208 2247; x_wconf 88' lang='lat' dir='ltr'><strong>appellari</strong></span> <span class='ocrx_word' id='word_1_791' title='bbox 1225 2221 1240 2241; x_wconf 88' lang='lat' dir='ltr'><strong>a</strong></span> <span class='ocrx_word' id='word_1_792' title='bbox 1268 2218 1409 2246; x_wconf 85' lang='lat' dir='ltr'><strong>nonnullis</strong></span> <span class='ocrx_word' id='word_1_793' title='bbox 1432 2219 1510 2252; x_wconf 78' lang='grc' dir='ltr'>κύνα,</span> <span class='ocrx_word' id='word_1_794' title='bbox 1530 2224 1601 2256; x_wconf 89' lang='lat' dir='ltr'><strong>quod</strong></span> <span class='ocrx_word' id='word_1_795' title='bbox 1622 2228 1708 2255; x_wconf 82' lang='lat' dir='ltr'><strong>totius</strong></span> 
     </span>
    </p>
   </div>
   <div class='ocr_carea' id='block_1_107' title="bbox 929 2258 1709 2306">
    <p class='ocr_par' dir='ltr' id='par_1_107' title="bbox 929 2258 1709 2306">
     <span class='ocr_line' id='line_1_107' title="bbox 929 2258 1709 2306; baseline 0.023 -24"><span class='ocrx_word' id='word_1_796' title='bbox 929 2263 1028 2283; x_wconf 88' lang='lat' dir='ltr'><strong>nomen</strong></span> <span class='ocrx_word' id='word_1_797' title='bbox 1042 2262 1083 2285; x_wconf 84' lang='lat' dir='ltr'><strong>est</strong></span> <span class='ocrx_word' id='word_1_798' title='bbox 1099 2258 1196 2287; x_wconf 90' lang='lat' dir='ltr'><strong>sideris</strong></span> <span class='ocrx_word' id='word_1_799' title='bbox 1209 2268 1216 2286; x_wconf 90' lang='lat'><em>:</em></span> <span class='ocrx_word' id='word_1_800' title='bbox 1231 2262 1332 2288; x_wconf 89' lang='lat' dir='ltr'><strong>rectius</strong></span> <span class='ocrx_word' id='word_1_801' title='bbox 1347 2266 1436 2291; x_wconf 90' lang='lat' dir='ltr'><strong>tamen</strong></span> <span class='ocrx_word' id='word_1_802' title='bbox 1452 2265 1601 2302; x_wconf 79' lang='lat' dir='ltr'><strong>Procynem</strong></span> <span class='ocrx_word' id='word_1_803' title='bbox 1617 2273 1709 2306; x_wconf 70' lang='lat' dir='ltr'><strong>appeL-</strong></span> 
     </span>
    </p>
   </div>
   <div class='ocr_carea' id='block_1_108' title="bbox 931 2300 1709 2350">
    <p class='ocr_par' dir='ltr' id='par_1_108' title="bbox 931 2300 1709 2350">
     <span class='ocr_line' id='line_1_108' title="bbox 931 2300 1709 2350; baseline 0.027 -24"><span class='ocrx_word' id='word_1_804' title='bbox 931 2300 980 2327; x_wconf 85' lang='lat' dir='ltr'><strong>lari</strong></span> <span class='ocrx_word' id='word_1_805' title='bbox 996 2309 1087 2336; x_wconf 88' lang='lat' dir='ltr'><strong>posse,</strong></span> <span class='ocrx_word' id='word_1_806' title='bbox 1107 2312 1188 2338; x_wconf 84' lang='lat' dir='ltr'><strong>quam</strong></span> <span class='ocrx_word' id='word_1_807' title='bbox 1203 2305 1313 2333; x_wconf 92' lang='lat' dir='ltr'><strong>Canem.</strong></span> <span class='ocrx_word' id='word_1_808' title='bbox 1338 2307 1422 2340; x_wconf 72' lang='lat' dir='ltr'><strong>Quem</strong></span> <span class='ocrx_word' id='word_1_809' title='bbox 1439 2300 1532 2340; x_wconf 84' lang='lat' dir='ltr'><strong>Caleni</strong></span> <span class='ocrx_word' id='word_1_810' title='bbox 1558 2300 1660 2350; x_wconf 63' lang='lat' dir='ltr'><strong>locum,</strong></span> <span class='ocrx_word' id='word_1_811' title='bbox 1680 2325 1709 2346; x_wconf 88' lang='lat' dir='ltr'><strong>ut</strong></span> 
     </span>
    </p>
   </div>
   <div class='ocr_carea' id='block_1_109' title="bbox 930 2346 1706 2394">
    <p class='ocr_par' dir='ltr' id='par_1_109' title="bbox 930 2346 1706 2394">
     <span class='ocr_line' id='line_1_109' title="bbox 930 2346 1706 2394; baseline 0.027 -23"><span class='ocrx_word' id='word_1_812' title='bbox 930 2349 956 2372; x_wconf 92' lang='lat' dir='ltr'><strong>et</strong></span> <span class='ocrx_word' id='word_1_813' title='bbox 969 2346 1021 2373; x_wconf 91' lang='lat' dir='ltr'><strong>alia</strong></span> <span class='ocrx_word' id='word_1_814' title='bbox 1035 2347 1092 2374; x_wconf 89' lang='lat' dir='ltr'><strong>fere</strong></span> <span class='ocrx_word' id='word_1_815' title='bbox 1105 2349 1196 2375; x_wconf 87' lang='lat' dir='ltr'><strong>omnia</strong></span> <span class='ocrx_word' id='word_1_816' title='bbox 1212 2350 1245 2377; x_wconf 92' lang='lat' dir='ltr'><strong>de</strong></span> <span class='ocrx_word' id='word_1_817' title='bbox 1260 2351 1397 2386; x_wconf 84' lang='lat' dir='ltr'><strong>Canicula,</strong></span> <span class='ocrx_word' id='word_1_818' title='bbox 1413 2354 1440 2381; x_wconf 92' lang='lat' dir='ltr'><strong>in</strong></span> <span class='ocrx_word' id='word_1_819' title='bbox 1455 2355 1618 2394; x_wconf 87' lang='lat' dir='ltr'><strong>farraginem</strong></span> <span class='ocrx_word' id='word_1_820' title='bbox 1635 2362 1706 2391; x_wconf 63' lang='lat' dir='ltr'><strong>Soli«</strong></span> 
     </span>
    </p>
   </div>
   <div class='ocr_carea' id='block_1_110' title="bbox 928 2391 1706 2438">
    <p class='ocr_par' dir='ltr' id='par_1_110' title="bbox 928 2391 1706 2438">
     <span class='ocr_line' id='line_1_110' title="bbox 928 2391 1706 2438; baseline 0.027 -21"><span class='ocrx_word' id='word_1_821' title='bbox 928 2391 1038 2418; x_wconf 87' lang='lat' dir='ltr'><strong>nianam</strong></span> <span class='ocrx_word' id='word_1_822' title='bbox 1058 2394 1155 2420; x_wconf 86' lang='lat' dir='ltr'><strong>avertit</strong></span> <span class='ocrx_word' id='word_1_823' title='bbox 1179 2394 1330 2424; x_wconf 87' lang='lat' dir='ltr'><strong>Salmasius</strong></span> <span class='ocrx_word' id='word_1_824' title='bbox 1354 2406 1384 2425; x_wconf 88' lang='lat' dir='ltr'><strong>ex</strong></span> <span class='ocrx_word' id='word_1_825' title='bbox 1404 2391 1636 2434; x_wconf 36' lang='lat' dir='ltr'><strong>Bisciolaévnostri</strong></span> <span class='ocrx_word' id='word_1_826' title='bbox 1659 2410 1706 2438; x_wconf 90' lang='lat' dir='ltr'><strong>lib.</strong></span> 
     </span>
    </p>
   </div>
   <div class='ocr_carea' id='block_1_111' title="bbox 929 2437 1706 2486">
    <p class='ocr_par' dir='ltr' id='par_1_111' title="bbox 929 2437 1706 2486">
     <span class='ocr_line' id='line_1_111' title="bbox 929 2437 1706 2486; baseline 0.024 -23"><span class='ocrx_word' id='word_1_827' title='bbox 929 2437 975 2465; x_wconf 83' lang='lat' dir='ltr'><strong>Xll</strong></span> <span class='ocrx_word' id='word_1_828' title='bbox 992 2439 1058 2465; x_wconf 90' lang='lat' dir='ltr'><strong>tomi</strong></span> <span class='ocrx_word' id='word_1_829' title='bbox 1071 2438 1092 2466; x_wconf 92' lang='lat' dir='ltr'><strong>ll</strong></span> <span class='ocrx_word' id='word_1_830' title='bbox 1121 2440 1335 2476; x_wconf 83' lang='lat' dir='ltr'><strong>subsecivarum,</strong></span> <span class='ocrx_word' id='word_1_831' title='bbox 1359 2453 1417 2480; x_wconf 86' lang='lat' dir='ltr'><strong>cap.</strong></span> <span class='ocrx_word' id='word_1_832' title='bbox 1435 2447 1456 2474; x_wconf 92' lang='lat' dir='ltr'><strong>ll</strong></span> <span class='ocrx_word' id='word_1_833' title='bbox 1472 2457 1479 2481; x_wconf 86' lang='lat'>;</span> <span class='ocrx_word' id='word_1_834' title='bbox 1510 2458 1597 2486; x_wconf 85' lang='lat' dir='ltr'><strong>neque</strong></span> <span class='ocrx_word' id='word_1_835' title='bbox 1611 2437 1706 2482; x_wconf 43' lang='lat' dir='ltr'><strong>aucto:</strong></span> 
     </span>
    </p>
   </div>
   <div class='ocr_carea' id='block_1_112' title="bbox 928 2485 1705 2533">
    <p class='ocr_par' dir='ltr' id='par_1_112' title="bbox 928 2485 1705 2533">
     <span class='ocr_line' id='line_1_112' title="bbox 928 2485 1705 2533; baseline 0.027 -26"><span class='ocrx_word' id='word_1_836' title='bbox 928 2491 996 2514; x_wconf 85' lang='lat' dir='ltr'><strong>rem,</strong></span> <span class='ocrx_word' id='word_1_837' title='bbox 1024 2491 1039 2510; x_wconf 91' lang='lat' dir='ltr'><strong>a</strong></span> <span class='ocrx_word' id='word_1_838' title='bbox 1057 2491 1112 2519; x_wconf 89' lang='lat' dir='ltr'><strong>quo</strong></span> <span class='ocrx_word' id='word_1_839' title='bbox 1129 2485 1180 2512; x_wconf 85' lang='lat' dir='ltr'><strong>ista</strong></span> <span class='ocrx_word' id='word_1_840' title='bbox 1200 2486 1349 2522; x_wconf 85' lang='lat' dir='ltr'><strong>didicerat,</strong></span> <span class='ocrx_word' id='word_1_841' title='bbox 1364 2492 1406 2518; x_wconf 85' lang='lat' dir='ltr'><strong>vel</strong></span> <span class='ocrx_word' id='word_1_842' title='bbox 1424 2492 1516 2521; x_wconf 88' lang='lat' dir='ltr'><strong>littera</strong></span> <span class='ocrx_word' id='word_1_843' title='bbox 1537 2485 1705 2533; x_wconf 82' lang='lat' dir='ltr'><strong>nominavit;</strong></span> 
     </span>
    </p>
   </div>
   <div class='ocr_carea' id='block_1_113' title="bbox 928 2528 1707 2579">
    <p class='ocr_par' dir='ltr' id='par_1_113' title="bbox 928 2528 1707 2579">
     <span class='ocr_line' id='line_1_113' title="bbox 928 2528 1707 2579; baseline 0.024 -26"><span class='ocrx_word' id='word_1_844' title='bbox 928 2528 974 2562; x_wconf 92' lang='lat' dir='ltr'><strong>qui</strong></span> <span class='ocrx_word' id='word_1_845' title='bbox 991 2528 1049 2562; x_wconf 87' lang='lat' dir='ltr'><strong>ejus</strong></span> <span class='ocrx_word' id='word_1_846' title='bbox 1063 2533 1104 2556; x_wconf 87' lang='lat' dir='ltr'><strong>est</strong></span> <span class='ocrx_word' id='word_1_847' title='bbox 1127 2537 1194 2558; x_wconf 88' lang='lat' dir='ltr'><strong>mos.</strong></span> <span class='ocrx_word' id='word_1_848' title='bbox 1223 2531 1318 2559; x_wconf 85' lang='lat' dir='ltr'><strong>Utrum</strong></span> <span class='ocrx_word' id='word_1_849' title='bbox 1340 2539 1430 2563; x_wconf 88' lang='lat' dir='ltr'><strong>autem</strong></span> <span class='ocrx_word' id='word_1_850' title='bbox 1447 2537 1594 2574; x_wconf 82' lang='lat' dir='ltr'><strong>Procynem</strong></span> <span class='ocrx_word' id='word_1_851' title='bbox 1609 2528 1707 2579; x_wconf 52' lang='lat' dir='ltr'><strong>perpe;</strong></span> 
     </span>
    </p>
   </div>
   <div class='ocr_carea' id='block_1_114' title="bbox 929 2574 1707 2619">
    <p class='ocr_par' dir='ltr' id='par_1_114' title="bbox 929 2574 1707 2619">
     <span class='ocr_line' id='line_1_114' title="bbox 929 2574 1707 2619; baseline 0.024 -21"><span class='ocrx_word' id='word_1_852' title='bbox 929 2577 974 2600; x_wconf 90' lang='lat' dir='ltr'><strong>tuo</strong></span> <span class='ocrx_word' id='word_1_853' title='bbox 993 2581 1042 2608; x_wconf 90' lang='lat' dir='ltr'><strong>pro</strong></span> <span class='ocrx_word' id='word_1_854' title='bbox 1058 2574 1188 2603; x_wconf 90' lang='lat' dir='ltr'><strong>Canicula</strong></span> <span class='ocrx_word' id='word_1_855' title='bbox 1212 2577 1317 2606; x_wconf 85' lang='lat' dir='ltr'><strong>Plinius</strong></span> <span class='ocrx_word' id='word_1_856' title='bbox 1336 2584 1481 2616; x_wconf 83' lang='lat' dir='ltr'><strong>acceperit,</strong></span> <span class='ocrx_word' id='word_1_857' title='bbox 1502 2587 1573 2619; x_wconf 90' lang='lat' dir='ltr'><strong>quod</strong></span> <span class='ocrx_word' id='word_1_858' title='bbox 1594 2574 1707 2618; x_wconf 39' lang='lat' dir='ltr'><strong>linter-ci-</strong></span> 
     </span>
    </p>
   </div>
   <div class='ocr_carea' id='block_1_115' title="bbox 928 2619 1593 2664">
    <p class='ocr_par' dir='ltr' id='par_1_115' title="bbox 928 2619 1593 2664">
     <span class='ocr_line' id='line_1_115' title="bbox 928 2619 1593 2664; baseline 0.023 -20"><span class='ocrx_word' id='word_1_859' title='bbox 928 2619 1009 2646; x_wconf 88' lang='lat' dir='ltr'><strong>tatori</strong></span> <span class='ocrx_word' id='word_1_860' title='bbox 1023 2620 1140 2653; x_wconf 88' lang='lat' dir='ltr'><strong>videtur,</strong></span> <span class='ocrx_word' id='word_1_861' title='bbox 1155 2621 1277 2652; x_wconf 89' lang='lat' dir='ltr'><strong>dicemus</strong></span> <span class='ocrx_word' id='word_1_862' title='bbox 1295 2633 1355 2661; x_wconf 85' lang='lat' dir='ltr'><strong>cap.</strong></span> <span class='ocrx_word' id='word_1_863' title='bbox 1372 2627 1382 2653; x_wconf 94' lang='lat' dir='ltr'><strong>l</strong></span> <span class='ocrx_word' id='word_1_864' title='bbox 1399 2628 1460 2655; x_wconf 92' lang='lat' dir='ltr'><strong>libri</strong></span> <span class='ocrx_word' id='word_1_865' title='bbox 1475 2632 1593 2664; x_wconf 88' lang='lat' dir='ltr'><strong>septimi.</strong></span> 
     </span>
    </p>
   </div>
   <div class='ocr_carea' id='block_1_116' title="bbox 962 2663 1705 2708">
    <p class='ocr_par' dir='ltr' id='par_1_116' title="bbox 962 2663 1705 2708">
     <span class='ocr_line' id='line_1_116' title="bbox 962 2663 1705 2708; baseline 0.026 -19"><span class='ocrx_word' id='word_1_866' title='bbox 962 2663 998 2690; x_wconf 91' lang='lat' dir='ltr'><strong>Ut</strong></span> <span class='ocrx_word' id='word_1_867' title='bbox 1023 2665 1050 2691; x_wconf 91' lang='lat' dir='ltr'><strong>in</strong></span> <span class='ocrx_word' id='word_1_868' title='bbox 1067 2669 1128 2693; x_wconf 90' lang='lat' dir='ltr'><strong>ortu</strong></span> <span class='ocrx_word' id='word_1_869' title='bbox 1143 2674 1193 2694; x_wconf 90' lang='lat' dir='ltr'><strong>suo</strong></span> <span class='ocrx_word' id='word_1_870' title='bbox 1211 2668 1371 2698; x_wconf 88' lang='lat' dir='ltr'><strong>immodicos</strong></span> <span class='ocrx_word' id='word_1_871' title='bbox 1388 2677 1470 2700; x_wconf 57' lang='lat' dir='ltr'><strong>aestus</strong></span> <span class='ocrx_word' id='word_1_872' title='bbox 1488 2676 1606 2705; x_wconf 77' lang='lat' dir='ltr'><strong>excitare</strong></span> <span class='ocrx_word' id='word_1_873' title='bbox 1623 2680 1705 2708; x_wconf 83' lang='lat' dir='ltr'><strong>Cani-</strong></span> 
     </span>
    </p>
   </div>
   <div class='ocr_carea' id='block_1_117' title="bbox 927 2711 1702 2761">
    <p class='ocr_par' dir='ltr' id='par_1_117' title="bbox 927 2711 1702 2761">
     <span class='ocr_line' id='line_1_117' title="bbox 927 2711 1702 2761; baseline 0.018 -25"><span class='ocrx_word' id='word_1_874' title='bbox 927 2711 1026 2742; x_wconf 84' lang='lat' dir='ltr'><strong>culam,</strong></span> <span class='ocrx_word' id='word_1_875' title='bbox 1051 2712 1090 2739; x_wconf 88' lang='lat' dir='ltr'><strong>sic</strong></span> <span class='ocrx_word' id='word_1_876' title='bbox 1105 2713 1274 2742; x_wconf 87' lang='lat' dir='ltr'><strong>occidentem</strong></span> <span class='ocrx_word' id='word_1_877' title='bbox 1297 2716 1398 2751; x_wconf 85' lang='lat' dir='ltr'><strong>frigora</strong></span> <span class='ocrx_word' id='word_1_878' title='bbox 1418 2723 1444 2745; x_wconf 89' lang='lat' dir='ltr'><strong>et</strong></span> <span class='ocrx_word' id='word_1_879' title='bbox 1470 2719 1595 2751; x_wconf 87' lang='lat' dir='ltr'><strong>inimicas</strong></span> <span class='ocrx_word' id='word_1_880' title='bbox 1615 2723 1702 2761; x_wconf 75' lang='lat' dir='ltr'><strong>frugi-</strong></span> 
     </span>
    </p>
   </div>
   <div class='ocr_carea' id='block_1_118' title="bbox 927 2756 1703 2800">
    <p class='ocr_par' dir='ltr' id='par_1_118' title="bbox 927 2756 1703 2800">
     <span class='ocr_line' id='line_1_118' title="bbox 927 2756 1703 2800; baseline 0.023 -18"><span class='ocrx_word' id='word_1_881' title='bbox 927 2756 978 2784; x_wconf 87' lang='lat' dir='ltr'><strong>bus</strong></span> <span class='ocrx_word' id='word_1_882' title='bbox 996 2757 1107 2791; x_wconf 88' lang='lat' dir='ltr'><strong>pruinas</strong></span> <span class='ocrx_word' id='word_1_883' title='bbox 1124 2765 1294 2788; x_wconf 82' lang='lat' dir='ltr'><strong>commovere</strong></span> <span class='ocrx_word' id='word_1_884' title='bbox 1307 2762 1456 2797; x_wconf 87' lang='lat' dir='ltr'><strong>scriptores</strong></span> <span class='ocrx_word' id='word_1_885' title='bbox 1468 2773 1605 2796; x_wconf 81' lang='lat' dir='ltr'><strong>asserunt.</strong></span> <span class='ocrx_word' id='word_1_886' title='bbox 1621 2756 1703 2800; x_wconf 62' lang='lat' dir='ltr'><strong>Malli-</strong></span> 
     </span>
    </p>
   </div>
   <div class='ocr_carea' id='block_1_119' title="bbox 927 2802 1703 2850">
    <p class='ocr_par' dir='ltr' id='par_1_119' title="bbox 927 2802 1703 2850">
     <span class='ocr_line' id='line_1_119' title="bbox 927 2802 1703 2850; baseline 0.018 -21"><span class='ocrx_word' id='word_1_887' title='bbox 927 2802 979 2830; x_wconf 85' lang='lat' dir='ltr'><strong>lius</strong></span> <span class='ocrx_word' id='word_1_888' title='bbox 998 2803 1045 2831; x_wconf 92' lang='lat' dir='ltr'><strong>lib.</strong></span> <span class='ocrx_word' id='word_1_889' title='bbox 1062 2803 1081 2837; x_wconf 91' lang='lat' dir='ltr'><strong>I,</strong></span> <span class='ocrx_word' id='word_1_890' title='bbox 1099 2803 1212 2833; x_wconf 81' lang='lat' dir='ltr'><strong>Plinius‘</strong></span> <span class='ocrx_word' id='word_1_891' title='bbox 1232 2807 1278 2834; x_wconf 89' lang='lat' dir='ltr'><strong>lib.</strong></span> <span class='ocrx_word' id='word_1_892' title='bbox 1296 2807 1388 2841; x_wconf 83' lang='lat' dir='ltr'><strong>XVIII,</strong></span> <span class='ocrx_word' id='word_1_893' title='bbox 1411 2818 1471 2845; x_wconf 87' lang='lat' dir='ltr'><strong>cap.</strong></span> <span class='ocrx_word' id='word_1_894' title='bbox 1495 2811 1596 2850; x_wconf 84' lang='lat' dir='ltr'><strong>XXIX;</strong></span> <span class='ocrx_word' id='word_1_895' title='bbox 1622 2818 1703 2846; x_wconf 73' lang='lat' dir='ltr'><strong>Culu—</strong></span> 
     </span>
    </p>
   </div>
   <div class='ocr_carea' id='block_1_120' title="bbox 927 2848 1702 2892">
    <p class='ocr_par' dir='ltr' id='par_1_120' title="bbox 927 2848 1702 2892">
     <span class='ocr_line' id='line_1_120' title="bbox 927 2848 1702 2892; baseline 0.013 -16"><span class='ocrx_word' id='word_1_896' title='bbox 927 2849 1007 2877; x_wconf 87' lang='lat' dir='ltr'><strong>mella</strong></span> <span class='ocrx_word' id='word_1_897' title='bbox 1025 2851 1071 2878; x_wconf 89' lang='lat' dir='ltr'><strong>lib.</strong></span> <span class='ocrx_word' id='word_1_898' title='bbox 1091 2848 1136 2883; x_wconf 82' lang='lat' dir='ltr'><strong>XI,</strong></span> <span class='ocrx_word' id='word_1_899' title='bbox 1152 2859 1212 2887; x_wconf 87' lang='lat' dir='ltr'><strong>cap.</strong></span> <span class='ocrx_word' id='word_1_900' title='bbox 1230 2851 1261 2880; x_wconf 85' lang='grc' dir='ltr'>ιι.</span> <span class='ocrx_word' id='word_1_901' title='bbox 1282 2863 1291 2879; x_wconf 82' lang='grc' dir='ltr'><strong>ι</strong></span> <span class='ocrx_word' id='word_1_902' title='bbox 1308 2853 1399 2883; x_wconf 87' lang='lat' dir='ltr'><strong>Pridie</strong></span> <span class='ocrx_word' id='word_1_903' title='bbox 1415 2856 1527 2885; x_wconf 83' lang='lat' dir='ltr'><strong>Kalend.</strong></span> <span class='ocrx_word' id='word_1_904' title='bbox 1549 2848 1634 2892; x_wconf 81' lang='lat' dir='ltr'><strong>Maias</strong></span> <span class='ocrx_word' id='word_1_905' title='bbox 1651 2865 1702 2892; x_wconf 63' lang='grc' dir='ltr'><strong>οη-</strong></span> 
     </span>
    </p>
   </div>
   <div class='ocr_carea' id='block_1_121' title="bbox 896 2897 1702 2942">
    <p class='ocr_par' dir='ltr' id='par_1_121' title="bbox 896 2897 1702 2942">
     <span class='ocr_line' id='line_1_121' title="bbox 896 2897 1702 2942; baseline 0.021 -20"><span class='ocrx_word' id='word_1_906' title='bbox 896 2923 905 2926; x_wconf 97' lang='lat'>_</span> <span class='ocrx_word' id='word_1_907' title='bbox 927 2897 970 2924; x_wconf 91' lang='lat' dir='ltr'><strong>nis</strong></span> <span class='ocrx_word' id='word_1_908' title='bbox 1000 2904 1030 2924; x_wconf 87' lang='lat' dir='ltr'><strong>sc</strong></span> <span class='ocrx_word' id='word_1_909' title='bbox 1052 2904 1165 2931; x_wconf 83' lang='lat' dir='ltr'><strong>vespere</strong></span> <span class='ocrx_word' id='word_1_910' title='bbox 1194 2900 1281 2933; x_wconf 80' lang='lat' dir='ltr'><strong>celat;</strong></span> <span class='ocrx_word' id='word_1_911' title='bbox 1302 2905 1490 2937; x_wconf 69' lang='lat' dir='ltr'><strong>tempestatem</strong></span> <span class='ocrx_word' id='word_1_912' title='bbox 1516 2907 1660 2942; x_wconf 79' lang='lat' dir='ltr'><strong>signiﬁcat.</strong></span> <span class='ocrx_word' id='word_1_913' title='bbox 1691 2921 1702 2939; x_wconf 72' lang='grc' dir='ltr'><strong>Α</strong></span> 
     </span>
    </p>
   </div>
  </div>
