1900 3137
202 157 269 185 4591

704 154 748 181 AD
769 151 1115 181 EIZSEBIIHGIIRONICON
1132 150 1311 179 APPENDI-X.

1749 143 1762 170 1
1767 142 1819 170 5ῡί

202 216 282 243 I’linii
302 215 394 246 verba.
413 215 475 250 quia
488 214 617 242 mendosa
635 217 708 244 sunt,
724 213 874 248 castigandi
894 221 975 240 causa
990 215 1010 243 Δ
1045 222 1053 238 ι
1074 211 1126 239 Per
1156 211 1220 239 illud
1261 215 1367 245 tempus
1404 208 1491 236 solum
1537 212 1649 235 summa
1677 203 1818 238 spicarum

204 262 370 290 referemus.
398 260 496 288 Narrat
523 259 647 287 instituta
671 258 812 294 Robigalia
837 267 863 287 a.
889 259 916 286 d.
942 267 979 286 vn

204 307 319 335 Kalend.
341 307 403 334 Mai.
429 316 436 332 :
466 315 475 331 ε
496 305 572 338 Quod
600 309 662 340 post
681 305 739 332 dies
761 304 928 339 undeviginti
946 304 980 331 ab

206 352 368 388 aaquinoctio
388 358 486 382 verno,
508 358 556 385 per
579 350 606 377 id
632 350 806 385 quatriduum
833 350 905 376 varia
920 357 982 384 gen-

208 399 273 426 tium
284 397 472 426 observatione
486 398 514 424 in
527 405 553 424 Iv
565 396 682 424 Kalend.
699 396 762 423 Maii
774 396 855 423 Canis
869 395 978 428 occidit,

208 445 284 472 sidus
301 448 327 471 et
342 451 389 478 per
405 450 434 470 se
447 442 604 474 vehemens.
622 447 648 470 et
670 442 713 469 cui
730 442 910 476 praeoccidere
930 441 980 468 Ca-

207 490 324 517 niculam
348 496 460 516 necesse
473 488 525 516 sit.
543 497 552 514 ι
576 488 598 514 Δ
619 496 657 515 vn
687 487 822 516 Kalendas
841 487 924 514 Maias
948 485 980 513 ad

207 543 232 562 IV
249 539 334 562 totum
345 535 396 562 hoc
406 534 579 569 quatriduum
593 533 716 569 frugibus
729 533 909 560 decretorium
922 540 983 559 esse

206 581 272 608 dicit
284 590 291 608 :
303 585 330 608 et
342 581 376 608 ab
390 581 554 616 aequinoctio
569 588 652 607 verno
664 579 721 607 dies
737 583 860 606 numerat
871 577 983 605 undevi-

206 628 283 663 ginti.
291 627 494 662 Equinoctium
503 633 615 653 vernum
625 625 732 652 aPlinio
743 625 882 652 confertur
895 625 922 651 in
935 632 982 651 vni

205 673 291 708 April,
300 672 440 702 Kalendas.
451 680 465 698 a
475 679 528 706 quo
538 671 674 698 secundus
681 675 708 698 et
714 671 868 698 tricesimus
876 670 932 697 dies
943 673 984 697 est

205 727 231 746 v1
246 718 379 746 Kalendas
395 717 488 744 Maias.
507 716 660 752 Legendum
680 717 770 751 itaque
787 717 883 744 fuerit:
899 725 908 741 ι
924 719 984 751 post

206 765 265 792 dies
290 772 373 791 unum
389 768 415 791 et
432 763 552 798 triginta.
571 773 580 789 ι
604 762 675 790 Idem
694 762 799 790 Plinius
812 771 845 790 ex
863 761 985 790 Varrone

206 810 290 838 refert
313 817 439 837 occasum
457 808 593 836 Caniculae
619 809 646 835 in
673 808 806 836 decimam
828 807 909 835 Tauri
923 815 985 843 par-

206 860 272 884 tem.
291 855 367 889 Quod
394 855 468 882 illius
500 855 591 882 saeculi
620 854 741 889 opinioni
769 848 904 889 congruit,
925 862 985 890 qua:

1030 259 1117 293 capita
1154 260 1325 293 gravantur;
1350 258 1377 282 et
1418 261 1472 289 prae
1507 252 1657 287 frugibus,
1689 256 1722 276 ac
1761 255 1820 275 me-

1030 304 1102 332 tendi
1120 303 1276 330 maturitate
1299 302 1485 333 inclinantur;
1508 304 1645 334 tanquam
1669 296 1703 323 ad
1719 302 1750 322 se
1768 294 1819 321 fal-

1029 358 1087 377 cem
1110 349 1234 376 invitent.
1249 357 1268 378 .»
1290 347 1351 383 Agit
1378 350 1467 374 autem
1485 345 1518 372 de
1541 344 1668 371 Sabbato
1689 341 1820 368 deutero-

1030 399 1126 430 proto;
1143 393 1215 428 quod
1240 401 1301 420 esse
1321 391 1391 419 idem
1404 389 1544 418 existimat
1559 395 1592 415 ac
1608 387 1730 422 primam
1756 390 1820 418 azy-

1030 429 1136 467 morum
1155 439 1237 466 diem.
1257 437 1347 470 Quare
1361 444 1394 463 ex
1412 436 1473 470 ejus
1487 434 1655 462 auctoritate
1672 431 1774 465 liquet,
1794 429 1819 455 in

1032 485 1158 521 Egypto,
1183 489 1226 516 et.
1254 484 1329 519 quod
1360 487 1414 510 tam
1449 482 1538 517 reipsa
1565 485 1746 513 consequens
1767 481 1819 507 est,

1032 540 1112 567 quam
1127 532 1161 559 ab
1183 531 1278 559 eodem
1299 529 1486 562 concluditur;
1502 528 1594 557 .etiam
1613 527 1643 553 in
1660 524 1818 554 Palaestina,

1032 582 1153 605 maturas
1167 585 1216 612 per
1229 577 1300 604 idem
1323 580 1429 610 tempus
1444 577 1550 609 segetes
1565 572 1598 599 ad
1612 578 1736 599 messem
1752 569 1819 595 fuis-

1033 631 1071 650 se.
1099 622 1169 650 Sunt
1196 622 1268 649 enim
1291 621 1372 648 ambo
1392 620 1430 647 illi
1455 622 1562 646 tractus
1583 617 1636 645 sub
1651 615 1749 643 eadem
1766 614 1817 649 poli

1033 669 1177 697 altitudine
1191 669 1248 696 siti.

1068 714 1129 741 Haec
1140 721 1201 740 eum
1210 713 1237 740 in
1246 711 1535 739 Animadversionibus
1545 707 1751 744 Epiphanianis
1760 711 1817 732 ante

1029 759 1137 794 cliquot
1163 766 1249 786 annos
1275 758 1461 785 observassctn
1489 755 1541 791 (Ad
1575 755 1652 781 haar.
1680 752 1769 784 XXX,
1792 760 1817 778 ιι.

1033 804 1140 839 XXXI),
1155 805 1212 831 visa
1228 812 1282 831 non
1301 803 1401 831 nemini
1421 801 1539 830 absurda
1563 808 1606 828 res
1622 804 1687 831 est,
1703 799 1751 834 qui
1771 798 1816 825 fal-

1029 858 1092 879 sam
1107 851 1262 886 opinionem
1275 857 1335 877 esse
1345 854 1466 876 nostram
1482 848 1587 883 putavit
1603 854 1691 881 super
1700 844 1818 872 Sabbato

206 903 359 938 ingressum
379 902 406 934 iu
418 901 635 929 dodecatemoria
652 906 749 928 octavo
773 905 836 928 ante
856 901 984 928 cardines
1001 899 1024 928 Β.
1035 898 1236 931 deuteroproto.
1261 896 1338 929 Quod
1353 903 1414 923 cum
1430 895 1568 930 Scaligero
1582 893 1650 920 illud
1671 900 1737 920 esse
1752 890 1819 918 εει).

207 949 251 976 die
267 947 485 983 repraesentabat.
503 946 538 974 Ut
558 947 639 982 igitur
651 948 678 973 ia
696 947 815 974 Taurum
831 947 926 974 snbcat
943 947 983 973 sol

206 1003 255 1022 xnt
269 995 403 1022 Kalendas
419 994 514 1026 Maias,
539 994 644 1021 decima
668 1001 731 1028 pars
757 993 817 1028 ejus
844 994 871 1020 in
889 1002 915 1021 iv
932 993 984 1020 Ka-

208 1041 302 1068 lendas
317 1041 419 1067 incidet
436 1048 444 1067 :
461 1048 514 1074 quo
533 1040 575 1067 die
595 1039 757 1068 Ptolemaeus
780 1039 873 1067 Graece
894 1047 910 1066 a
935 1048 986 1066 no-

207 1087 250 1115 bis
266 1087 389 1121 vulgatus
409 1093 536 1113 occasum
553 1085 635 1113 Canis
649 1085 798 1113 adnotavit.
814 1085 924 1112 Tabula:
941 1094 986 1112 no-

208 1136 272 1159 strae
296 1132 430 1158 hcliacnm
450 1138 576 1158 occasum
606 1131 670 1158 Sirii
695 1131 811 1158 reddunt
840 1130 932 1158 Roma)
959 1131 985 1158 in

208 1179 292 1214 gradu
304 1177 385 1205 Tauri
408 1177 435 1210 5,
452 1177 508 1204 δί’.
528 1176 614 1210 Quem
631 1177 672 1204 sol
698 1177 788 1204 adibat
808 1175 872 1203 Julii
896 1177 987 1205 Cmsa-

208 1226 247 1252 ris
265 1227 346 1251 aetate
361 1223 442 1250 tertio
467 1222 577 1249 circiter
601 1221 738 1249 Kalendas
757 1221 852 1249 Maias.
883 1221 987 1249 Plinius

208 1270 334 1304 vero,qui
349 1277 385 1296 vn
400 1268 534 1296 Kalendas
554 1268 702 1302 adnotavit,
718 1276 751 1295 ex
769 1268 987 1300 ὲπικαταδύσεως

208 1316 370 1351 φαινομένης
397 1315 502 1342 ratione
529 1314 670 1341 conciliari
690 1317 788 1348 potest.
818 1313 884 1340 Nam
915 1314 988 1342 illius

208 1362 311 1388 laxiora
323 1361 410 1389 solent
422 1368 482 1388 esse
495 1360 590 1395 spatia,
599 1364 628 1386 ut
637 1366 719 1395 supra
731 1359 986 1388 demonstravimus.

208 1407 338 1434 Geminus
362 1407 400 1433 ait
422 1406 522 1433 Canem
543 1406 703 1432 Euctemoni
729 1405 757 1432 in
777 1406 890 1433 secundi
906 1404 987 1432 Tauri

203 1456 296 1488 .parte,
323 1446 434 1480 Eudoxo
452 1452 480 1479 in
496 1457 590 1487 quarta
606 1451 698 1478 celari.

498 1507 611 1536 CAPUT
638 1507 694 1535 XII.

210 1567 248 1594 De
261 1573 373 1601 tempore
384 1566 475 1593 messis
486 1566 511 1592 in
526 1565 644 1601 .‘Eyyplo
655 1570 681 1601 et
694 1565 839 1592 Palwstina
858 1572 890 1591 ex
912 1572 988 1590 acca-

245 1600 316 1629 stone
326 1607 397 1629 ortus
411 1601 548 1627 Pleiadum
561 1608 570 1632 ;
585 1609 615 1626 ac
629 1600 660 1627 de
667 1600 781 1627 Sabban
794 1600 987 1633 deuteroprato,‘

245 1638 320 1671 cujus
347 1637 415 1663 ratio
443 1637 469 1662 in
500 1635 688 1670 Epiphanianis
713 1634 988 1671 Animadversimibtts

241 1669 345 1698 1rodita
367 1671 532 1704 defenditur,
555 1675 695 1705 contraque
728 1678 786 1696 eam
809 1670 910 1705 objecta
935 1669 989 1695 sol-

245 1712 349 1734 vuntur.
372 1706 476 1732 Primus
501 1706 597 1732 mensis
620 1704 657 1731 αθ
672 1705 788 1732 Hebr/vis
803 1704 837 1730 ad
864 1712 990 1731 novarum

246 1743 350 1775 frugum
364 1746 462 1774 tmnpus
477 1740 701 1766 accommodatus.
721 1739 864 1766 Maturitas
883 1739 990 1774 frugum

239 1778 350 1811 duplex.
367 1775 454 1802 Marci
476 1776 641 1810 euangelista:
657 1775 729 1801 locus
744 1775 909 1802 illustratur.

244 1832 342 1859 Mirum
360 1831 535 1866 quibusdam,
550 1838 599 1857 nec
618 1831 686 1858 satis
698 1829 828 1857 credibile
838 1837 925 1856 VlSlIm
938 1834 990 1862 est,

211 1878 282 1913 quod
296 1885 327 1905 ex
346 1877 457 1910 Hesiodi
483 1880 510 1903 et
528 1876 643 1903 aliorum
666 1875 844 1910 antiquorum
862 1875 992 1902 testifica-

211 1925 283 1950 tione
307 1926 425 1953 constat,
444 1922 496 1949 sub
509 1927 632 1948 exortum
649 1921 829 1956 Vergiliarum
846 1922 990 1956 tempesti-

211 1977 270 1996 vam
288 1969 314 1996 in
328 1967 432 1996 Griecia
453 1975 568 1995 messem
590 1967 684 1994 fuisse.
702 1967 770 1994 Nam
789 1968 896 1994 illarum
916 1971 992 1994 ortus

211 2017 333 2043 heliacns
360 2016 386 2042 in
403 2022 475 2042 anno
493 2013 602 2041 Iuliano
617 2014 704 2048 primo
730 2013 824 2041 Romae
847 2014 936 2042 factus
951 2017 990 2042 es'

211 2062 354 2089 Tanronos
375 2067 470 2093 xxvni,
484 2061 530 2095 qui
549 2061 575 2086 in
592 2060 653 2086 Maii
669 2067 713 2087 xxi
729 2060 801 2086 diem
818 2059 948 2092 cadebat;
966 2060 992 2086 in

212 2108 329 2144 Egypto
345 2115 421 2138 vero,
436 2106 581 2134 Tanronos
598 2114 655 2138 xxi,
674 2105 738 2133 Maii
759 2113 815 2133 xiv.
836 2105 993 2132 Atllesiodi

212 2158 332 2187 tempore
354 2153 488 2180 maturius
515 2152 605 2179 adhuc
630 2155 707 2178 ortus
726 2151 771 2178 ille
788 2151 878 2178 fiebat.
897 2150 949 2178 Sed
966 2154 994 2177 nt

213 2200 246 2226 de
263 2198 366 2226 Grceeia
383 2199 473 2230 modo,
489 2202 515 2225 ct
532 2197 608 2224 Italia
625 2197 694 2224 nillil
705 2197 792 2224 dicam
805 2217 812 2229 ,
835 2197 862 2223 in
877 2196 993 2232 Egypto

214 2253 280 2273 sane
306 2252 337 2272 ac
361 2244 503 2272 Palaestina
519 2244 600 2279 longe
626 2248 689 2271 ante
708 2243 844 2270 heliacum
861 2242 990 2276 Vergilia-
1008 2241 1033 2272 D

214 2298 274 2318 rum
289 2293 412 2317 exortum
439 2297 555 2317 messem
580 2288 803 2324 auspicabantur.
830 2287 898 2314 Nam
919 2286 990 2314 'l‘hec

215 2336 244 2363 in
257 2335 458 2362 eonunentariis
471 2334 505 2361 ad
516 2335 628 2361 Aratum
642 2334 719 2362 testis
729 2337 780 2365 est,
795 2333 897 2360 mensis
910 2332 981 2360 Phar

216 2380 301 2408 mutlii
316 2387 370 2406 xxv
391 2379 444 2410 die,
465 2380 510 2413 qui
526 2379 627 2414 Aprilis
649 2387 685 2406 xx
702 2377 859 2413 respondet,
879 2377 992 2405 orienti-

216 2426 267 2454 bus
280 2424 406 2459 V'ergiliis
420 2424 517 2451 messis
527 2424 554 2450 in
572 2423 688 2459 Egypto
701 2427 808 2458 tempus
823 2430 893 2450 esse.
915 2422 947 2448 Et
962 2422 996 2450 de

217 2472 336 2499 nosmico
347 2479 395 2498 seu
411 2478 485 2502 vero,
499 2479 553 2498 non
574 2471 678 2498 heliaco
691 2475 788 2498 exortu
804 2471 936 2506 loquitur,
948 2470 993 2504 qui

217 2517 335 2545 Theonis
359 2517 459 2545 smculo
484 2516 557 2543 circa
575 2517 640 2544 illud
664 2522 770 2552 tempus
784 2517 893 2544 accidit.
918 2516 994 2549 Quod

217 2572 250 2592 ne
274 2565 336 2600 quis
364 2571 461 2590 vanum
482 2563 629 2595 existimet,
645 2563 801 2598 ngyptium
820 2564 934 2590 alterum
957 2563 981 2589 ci

217 2611 280 2637 tabo
309 2610 399 2645 priore
426 2609 473 2636 illo
503 2609 589 2644 magis
622 2608 703 2635 etiam
725 2609 851 2637 idoneum
878 2612 994 2641 testem;

218 2653 387 2681 S.Isidorum
403 2653 637 2688 Pelusiotam,qui
653 2653 701 2680 lib.
718 2652 761 2684 IlI.
776 2654 854 2688 epist.
866 2654 916 2680 ΗΟ
929 2654 997 2680 scri-

218 2700 257 2726 bit
274 2700 325 2727 sub
340 2699 366 2727 id
382 2705 499 2734 tempns.
517 2707 571 2734 quo
585 2698 671 2726 Judaei
689 2697 792 2726 Pascha
809 2699 995 2730 celebrabant,

218 2742 308 2772 spicas
332 2741 388 2776 jam
405 2747 527 2769 maturas
542 2743 574 2770 ad
586 2751 700 2770 messem
715 2743 810 2770 videri.
840 2744 883 2770 Ἐν
901 2744 997 2778 ἐκείνῳ

218 2787 271 2818 γὰρ
289 2786 327 2821 τῷ
344 2787 430 2822 καιρῷ
444 2788 515 2823 μόνῳ
536 2787 738 2823 καρηϐαροῦσιν
750 2789 774 2814 οἱ
791 2788 935 2822 ἀστάχυες,
951 2787 995 2814 καὶ

218 2832 354 2858 κέκλινται
370 2833 421 2859 ὑπὸ
444 2833 490 2859 τοῦ
514 2833 630 2868 καρποῦ,
651 2835 696 2859 καὶ
716 2833 765 2867 τῆς
798 2833 865 2868 πρὸς
894 2833 994 2868 ἄμητον.

216 2877 301 2912 ὧρας,
322 2878 400 2905 οἱονεὶ
422 2879 468 2915 τὴν
496 2879 632 2915 δρεπάνην
648 2880 689 2914 ἐφ’
706 2879 819 2911 ἑαυτοὺς
835 2878 994 2915 καλοῦντες.

1035 943 1129 970 batum
1144 942 1325 974 ostendimus,
1344 941 1416 977 quod
1433 941 1550 976 primum
1566 945 1608 967 est
1623 939 1681 966 ἀπὸ
1698 940 1750 974 τῆς
1764 939 1821 964 δευ-

1034 990 1115 1024 τέρας
1130 989 1178 1016 τοῦ
1196 990 1299 1024 Πάσχα,
1317 989 1344 1016 in
1360 995 1413 1024 qua
1433 987 1588 1022 manipulus
1603 993 1742 1013 novarum
1767 985 1821 1012 fru-

1035 1044 1098 1072 gum
1114 1036 1205 1064 offerri
1229 1040 1418 1063 consueverat.
1439 1033 1497 1066 Quo
1516 1034 1597 1061 etiam
1627 1033 1656 1059 in
1682 1033 1747 1059 loco
1761 1040 1821 1059 sen-

1035 1083 1147 1110 tentiam
1177 1081 1250 1109 illam
1281 1081 1482 1115 redarguimus,
1509 1087 1569 1114 qua:
1594 1078 1751 1106 Sabbalum
1780 1085 1822 1105 se-

1035 1127 1270 1162 cundo-primum
1296 1126 1356 1153 ideo
1384 1125 1561 1152 Pentecosten
1585 1130 1649 1150 esse
1677 1122 1821 1152 malebat.

1036 1171 1164 1207 quoniam
1181 1176 1293 1198 maturae
1308 1175 1373 1197 tunc
1388 1173 1465 1197 erant
1479 1169 1571 1203 spicae,
1588 1172 1617 1194 ut
1637 1175 1686 1195 eas
1707 1166 1820 1200 apostoli

1038 1218 1158 1245 Sabbato
1171 1217 1216 1244 illo
1230 1216 1423 1244 confricarem.
1449 1215 1506 1243 Sub
1521 1215 1629 1241 initium
1647 1218 1744 1240 autem
1762 1220 1821 1247 azy-

1037 1271 1143 1291 morum
1167 1267 1279 1291 maturaa
1304 1271 1364 1291 esse
1383 1270 1436 1290 non
1452 1265 1577 1297 poterant
1597 1259 1821 1295 quandoquidem

1038 1310 1265 1345 quinquagesimo
1289 1309 1351 1336 inde
1372 1309 1416 1336 die
1431 1309 1483 1336 falx
1503 1308 1619 1343 primum
1650 1307 1820 1333 mittebatur.

1040 1356 1100 1384 llzec
1127 1364 1181 1383 non
1211 1355 1278 1383 falsa
1293 1356 1379 1383 solum
1396 1363 1474 1386 esse,
1503 1354 1550 1381 sed
1574 1353 1657 1381 etiam
1684 1352 1821 1380 contraria

1040 1402 1187 1437 Scriptura:
1215 1400 1472 1428 demonstravimus.
1499 1398 1583 1433 Negat
1608 1404 1676 1425 vero
1706 1396 1822 1430 scriptor

1040 1449 1084 1476 ille
1111 1455 1243 1483 nuperus,
1267 1451 1292 1474 et
1309 1446 1464 1474 damnatam
1490 1444 1545 1471 illic
1561 1451 1586 1476 ,a
1613 1443 1694 1470 nobis
1714 1445 1822 1470 senten-

1039 1495 1102 1521 tiam
1120 1493 1188 1520 tueri
1214 1493 1315 1528 pergit,
1346 1499 1378 1519 ac
1409 1490 1502 1518 mirari
1520 1497 1550 1517 se
1567 1489 1645 1520 dicit,
1661 1495 1724 1515 eam
1754 1487 1822 1513 velut

1041 1540 1189 1574 Scriptura:
1214 1538 1380 1566 contrariam
1397 1544 1457 1564 esse
1481 1536 1620 1570 reiectam.
1637 1534 1690 1561 Cui
1715 1533 1822 1568 quidem

1041 1587 1081 1614 sic
1100 1586 1150 1613 hoc
1171 1586 1232 1613 loco
1257 1584 1443 1614 satisfaciam,
1463 1586 1491 1609 ut
1506 1582 1539 1609 de
1563 1581 1665 1609 messis
1691 1584 1821 1614 tempore,

1040 1631 1113 1667 quod
1133 1638 1279 1666 coeperam,
1298 1630 1405 1665 plenius
1417 1632 1498 1663 atque
1516 1627 1629 1654 uberius
1644 1626 1792 1660 explicem.

1074 1678 1159 1713 Igitur
1172 1677 1217 1712 qui
1235 1681 1345 1712 propter
1359 1675 1448 1702 vulsas
1472 1674 1505 1700 ab
1523 1673 1657 1707 apostolis
1675 1676 1703 1699 et
1723 1669 1824 1698 confri-

1040 1730 1117 1752 calas
1140 1728 1244 1758 segetes
1268 1723 1402 1758 negabant
1428 1720 1575 1747 Sabbatum
1609 1719 1822 1752 deuteroproton

1041 1778 1126 1797 unum
1146 1769 1298 1804 quempiam
1328 1775 1360 1794 ex
1384 1772 1538 1801 azymorum
1565 1771 1626 1791 esse
1651 1763 1771 1795 diebus;
1799 1762 1823 1788 in

1041 1815 1114 1850 quod
1140 1814 1264 1850 plerique
1286 1811 1470 1843 consentiunt,
1496 1816 1538 1842 ea,
1558 1816 1639 1843 quam
1657 1808 1824 1842 oppugnari-

1041 1869 1114 1893 mus,
1130 1861 1235 1888 ratione
1257 1858 1428 1890 nitebantur;
1452 1856 1524 1891 quod
1546 1863 1581 1881 xv
1599 1855 1642 1881 die
1663 1853 1761 1883 Nisan,
1782 1857 1824 1878 aut

1043 1915 1078 1933 xx
1096 1905 1184 1932 Martii
1205 1908 1317 1932 metum
1332 1911 1393 1931 esse
1408 1903 1490 1936 spicae
1503 1908 1557 1938 no_n
1572 1905 1710 1935 poterant.
1736 1908 1746 1924 ‹
1763 1898 1824 1925 Nam

1043 1951 1161 1983 festum,
1198 1949 1346 1985 inquiunt,
1392 1947 1592 1983 primitivorum
1636 1945 1825 1972 celebrabatur

1042 1996 1270 2033 quinquagesimo
1285 1995 1328 2022 die
1352 1998 1413 2029 post
1429 1993 1533 2021 Pascha
1549 2002 1555 2020 ε
1574 1992 1768 2019 celebrabatur
1781 1998 1825 2017 au-

1043 2048 1096 2070 tetn
1113 2043 1192 2070 simul
1211 2047 1291 2076 atque
1318 2042 1405 2076 prima
1421 2040 1473 2066 falx
1499 2039 1526 2065 in
1552 2046 1671 2065 messem
1702 2037 1825 2064 mitteba-

1044 2092 1097 2115 tur.
1120 2087 1177 2115 l\'on
1193 2094 1259 2122 ergo
1273 2088 1400 2121 poterant
1420 2085 1447 2112 in
1469 2084 1538 2111 festo
1555 2090 1726 2118 azymorum,
1746 2082 1773 2109 id
1788 2086 1825 2108 est

1044 2133 1237 2169 quinquaginta
1261 2135 1323 2159 ante
1339 2131 1443 2164 diebus,
1460 2134 1564 2166 segetes
1585 2137 1645 2156 esse
1676 2131 1800 2155 matura.
1814 2136 1822 2152 ι

1045 2181 1143 2207 Contra
1160 2180 1229 2206 banc
1246 2186 1279 2206 ex
1299 2178 1387 2213 capite
1402 2176 1488 2204 Levit.
1513 2174 1608 2206 XXIII,
1624 2175 1641 2201 2
1666 2175 1742 2202 istud
1756 2174 1826 2208 obje-

1045 2227 1159 2254 cimus:
1188 2232 1320 2252 novarum
1357 2223 1465 2258 frugum
1500 2221 1671 2256 manipulum
1698 2221 1825 2255 postridie

1047 2272 1140 2307 primze
1162 2277 1319 2306 azymorum
1334 2269 1453 2296 oblatum
1475 2267 1573 2300 fuisse;
1598 2266 1716 2301 proinde
1744 2271 1826 2293 matu-

1048 2326 1092 2346 ras
1106 2318 1160 2353 jam
1177 2317 1262 2345 fuisse
1276 2321 1389 2351 segetes.
1403 2315 1499 2350 "Neque
1518 2321 1584 2341 vero
1599 2313 1826 2348 quinquagesimo

1047 2369 1109 2399 post
1128 2364 1172 2391 die
1186 2371 1271 2390 novas
1286 2363 1377 2398 fruges
1391 2383 1398 2395 ,
1420 2361 1466 2389 sed
1485 2369 1517 2388 ex
1537 2361 1615 2386 novis
1635 2359 1763 2394 frugibus
1779 2360 1826 2394 pri-

1045 2411 1184 2441 mitiarum
1200 2417 1284 2445 panes
1301 2411 1508 2444 reprzesentatos
1527 2414 1598 2433 esse.

1081 2456 1117 2483 At
1143 2463 1238 2483 recens
1259 2455 1304 2482 ille
1326 2454 1443 2489 scriptor
1468 2453 1612 2480 adversum
1637 2459 1690 2479 nos
1713 2451 1825 2486 excipit.

1048 2510 1102 2529 non
1120 2503 1211 2537 spicas
1225 2506 1360 2533 maturas,
1379 2500 1426 2529 sed
1445 2499 1534 2526 adhuc
1555 2499 1696 2528 virentes:
1716 2506 1767 2525 nec
1785 2505 1825 2525 eas

1048 2548 1181 2578 triticeas,
1205 2547 1253 2574 sed
1278 2546 1453 2576 liordeaceas.
1467 2545 1571 2572 oblatas
1585 2551 1657 2570 esse.
1692 2552 1701 2568 ε
1731 2542 1824 2576 Quare,

1043 2595 1148 2628 .nquit,
1180 2593 1202 2621 si
1223 2593 1318 2620 diebus
1342 2599 1498 2628 azymorum
1520 2591 1602 2626 spicae
1634 2590 1738 2617 messis
1769 2589 1824 2616 bor-

1050 2639 1165 2670 deacem,
1181 2645 1241 2673 quae
1265 2642 1331 2664 tunc
1351 2629 1550 2669 offerebantur,
1577 2635 1668 2662 adhuc
1690 2635 1822 2665 virebant.

1042 2684 1152 2719 .optime
1183 2683 1317 2713 infertur.
1354 2683 1492 2714 triticum,
1521 2681 1594 2716 quod
1621 2681 1717 2709 serius
1745 2686 1822 2708 matu-

1042 2730 1144 2761 treécit,
1167 2729 1286 2757 nondum
1311 2733 1375 2755 tunc
1402 2728 1532 2764 temporis
1553 2727 1678 2762 potuisse
1696 2735 1758 2754 esse
1776 2734 1822 2753 ma-

1044 2779 1151 2802 turum.
1171 2784 1180 2800 |

1063 2824 1068 2828 ”
1086 2832 1185 2860 Verum
1202 2839 1256 2858 non
1272 2832 1436 2860 liordeaceas
1451 2832 1538 2860 solum
1552 2851 1561 2863 ,
1581 2831 1628 2858 sed
1652 2832 1738 2858 etiam
1766 2831 1823 2858 triti-

1045 2885 1226 2920 9":a.5.f"-PS.S.°S.
1239 2879 1465 2918 διειδλιῖριρςυμξ
1477 2883 1596 2918 tertiana.
1608 2881 1736 2915 malum
1752 2877 1823 2906 ίαιει·
