1900 3137
101 180 116 206 1
123 179 179 208 395

511 178 735 207 DISSEIITA'I'IO
754 179 798 206 DE
818 178 911 206 ORTU
931 178 974 206 ET
990 178 1122 207 OCCASU
1145 177 1306 207 SIDERUM'.

1652 181 1721 209 1594

101 235 173 263 dum
190 235 286 268 fuisse,
304 235 326 264 si
342 235 490 270 Scripturae
511 236 590 263 tidem
611 237 755 269 habemus,
777 244 889 264 necesse
903 239 926 266 A
940 244 993 271 quo
1015 244 1111 271 passus
1129 240 1170 264 est
1183 236 1318 267 Christus,
1332 243 1424 263 mense
1449 236 1555 272 integro
1576 237 1656 265 citius
1670 238 1720 264 Pa-

99 285 150 309 est
177 281 298 308 credere.
321 281 389 309 Nam
404 281 515 308 Levitici
537 281 620 311 XXIII
653 282 680 312 id
700 290 754 309 non
772 283 891 310 obscure

102 326 239 353 declarat.
257 326 306 353 Ubi
323 330 466 362 postquam
482 331 616 354 commate
629 328 664 354 10
678 328 805 363 praacepit
817 327 891 363 Moy-

103 380 165 404 ses,
181 377 209 399 ut
225 377 286 408 post
303 373 456 400 demessam
470 377 588 408 segetem
611 373 747 408 spicarum
764 374 890 408 manipu-

104 418 162 449 Ios,
178 423 204 444 et
220 419 354 453 primitias
367 418 507 451 offerrent,
525 418 637 452 subjicit
650 427 721 446 com.
743 419 776 446 I5
792 428 799 446 ι
815 428 824 445 ι
839 418 891 446 Pa-

107 472 185 496 nem,
207 468 234 491 et
249 465 396 499 polentam,
413 468 441 491 et
461 465 550 499 pultes
566 472 619 491 non
633 464 782 492 comedetis
798 473 830 492 ex
849 472 892 492 se-

107 514 181 545 gete,
199 518 284 544 usque
299 510 333 537 ad
350 510 421 538 diem
446 518 499 545 qua
524 510 643 538 offeratis
661 518 692 537 ex
716 519 747 538 ea
765 510 821 539 Deo
846 519 893 539 ve-

108 561 180 584 stro.
199 566 208 583 ι
227 556 255 583 Si
275 565 415 592 nunquam
444 560 568 586 maturat.
591 557 672 584 etiam
689 557 721 584 ad
738 556 891 584 confrican-

107 601 187 635 dum,
207 608 312 636 segetes
335 607 412 630 erant
439 611 596 638 azymorum
624 607 763 638 tempore,
791 603 893 630 frustra

107 647 145 675 de
162 647 286 682 panificio
295 654 446 680 caveretur,
460 656 494 676 ne
509 653 572 676 ante
587 649 706 676 oblatum
719 648 799 677 Omer
815 649 897 684 panis.

109 700 146 720 ex
172 693 248 720 novis
267 693 389 728 frugibus
411 694 495 721 fleret.
523 694 614 730 Itaque
640 685 802 730 argumento
827 695 893 723 illud

108 743 166 769 est.
180 739 263 765 etiam
280 740 403 766 triticum
419 740 566 775 aliquando
581 745 716 767 maturum
733 739 827 768 fuisse.
840 741 897 768 Sed»

110 791 220 811 omnem
251 785 430 819 pervicaciam
461 785 581 813 retundit
605 786 685 813 adita:
707 786 742 813 ab
765 786 895 813 Israelitis

112 828 275 862 Palaestinae,
305 838 337 858 ac
358 831 511 858 transmissi
538 830 666 859 Jordanis
688 831 812 864 historia,
836 839 897 866 qua:

109 872 197 901 Josue
213 881 275 910 cap.
293 874 327 901 III
342 879 373 902 et,
388 875 566 910 sequentibus
583 876 749 903 continetur.

150 940 330 970 Transierunt
356 943 428 970 enim
455 942 601 971 Iordanem
635 947 756 978 tempore
787 944 895 971 messis.

117 987 272 1016 «.Jordanis
299 992 388 1016 autem
416 989 516 1024 (inquit
539 996 611 1016 vers.
634 989 731 1023 capitis
753 988 836 1024 tertii)
857 989 895 1015 ri-

115 1041 167 1068 pas
193 1034 260 1061 alvei
284 1034 324 1061 sui
351 1039 470 1068 tempore
496 1035 594 1062 messis
611 1034 780 1069 impleverat.
800 1043 809 1060 ι
838 1034 897 1067 Quo

115 1078 280 1105 transmisso
302 1078 459 1105 circumcisi
473 1083 548 1110 sunt,
571 1081 598 1105 et
614 1078 772 1114 aliquandiu
794 1078 897 1106 substi-

114 1126 224 1154 terunt,
247 1123 333 1150 donec
358 1123 469 1150 vulnera
495 1127 675 1155 sanarentur;
695 1123 767 1158 (cap.
803 1122 843 1155 ν,
869 1123 897 1157 8)

115 1172 210 1203 postea
226 1167 329 1195 Pascha
343 1168 521 1199 celebrarunt,
535 1177 544 1193 ‹
554 1172 649 1202 quarta
659 1168 763 1195 decima
771 1167 815 1195 die
823 1175 898 1195 men-

115 1214 157 1240 sis
171 1212 204 1239 ad
224 1220 376 1247 vesperam.
396 1222 405 1238 ›
425 1212 501 1240 Ilaud
522 1213 603 1240 dubie
618 1221 650 1240 ex
673 1212 756 1240 Mosis
775 1214 898 1248 praescri-

115 1263 166 1294 pto
178 1278 185 1291 ,
201 1259 323 1294 adeoque
339 1267 432 1287 mense
448 1259 546 1294 primo.
570 1258 651 1286 Addit
673 1258 782 1286 eosdem
806 1266 898 1287 come-

115 1305 192 1332 disse
209 1305 243 1332 de
261 1305 384 1340 frugibus
409 1304 539 1340 postridie
562 1312 672 1339 azymos
696 1312 780 1339 panes
803 1308 830 1332 et
851 1312 899 1340 po-

116 1351 234 1384 lentam;
260 1358 292 1377 ac
321 1355 378 1378 tum
404 1358 503 1378 manna
527 1351 671 1380 defecisse.
695 1358 756 1378 cum
782 1351 898 1386 primum

118 1396 242 1430 frugibus
261 1396 338 1423 novis
366 1395 525 1424 Chanauaeaz
554 1396 628 1423 vesci
655 1399 807 1431 coeperunt.
831 1396 899 1429 Quis

119 1445 156 1466 cz:
181 1446 214 1465 eo
232 1445 287 1465 non
309 1438 393 1469 videt,
421 1447 475 1466 non
491 1438 572 1466 modo
586 1442 706 1466 maturas
714 1439 752 1465 'ad
769 1439 898 1466 vellican-

117 1483 184 1510 dum
197 1487 299 1518 segetes
318 1491 410 1511 mense
428 1485 514 1519 primo
529 1483 624 1516 fuisse,
644 1484 692 1512 sed
703 1485 784 1511 etiam
798 1485 831 1512 ad
850 1493 898 1519 pa-

119 1537 183 1556 nem
200 1537 230 1556 ex
247 1529 300 1556 illis
326 1528 499 1556 faciendum?
519 1529 596 1557 Adde
617 1530 719 1557 mensis
738 1530 824 1564 ipsius
848 1538 898 1557 vo-

118 1574 259 1606 cabulum,
278 1575 350 1610 quod
370 1574 441 1602 Ahib
465 1579 607 1609 propterea
634 1574 737 1602 dictum
762 1579 813 1607 est,
843 1571 932 1603 siveC

118 1628 264 1652 novorum,
281 1621 315 1648 ob
330 1628 414 1648 novas
436 1621 529 1655 utique
550 1620 653 1656 fruges.
678 1620 755 1647 Adde
779 1620 899 1648 Theonis

117 1670 148 1694 et
171 1666 267 1693 Isidori
289 1665 434 1693 Pelusiotae
460 1666 518 1693 loca
535 1666 591 1698 illa,
619 1673 678 1701 qua:
705 1665 782 1692 initio
803 1665 899 1700 capitis

118 1712 293 1745 adduximus,
317 1720 351 1740 ει
375 1711 473 1747 quibus
490 1715 612 1746 apparet,
641 1703 749 1738 tam'in
769 1710 898 1747 Egypto,

118 1764 204 1792 quam
219 1757 246 1784 in
263 1756 411 1784 Palaestina
421 1757 518 1784 messis
535 1761 600 1783 tunc
612 1757 728 1791 coepisse
746 1760 864 1791 tempus.

157 1821 192 1850 Ut
219 1826 308 1850 autem
333 1830 378 1851 res
399 1823 550 1850 illustretur
573 1823 678 1857 magis;
704 1823 758 1850 duo
778 1824 899 1858 quaedam

119 1866 297 1901 proponenda
322 1871 396 1894 sunt.
417 1866 549 1899 Alterum,
566 1874 686 1895 mensem
702 1867 829 1902 primum,
852 1876 900 1896 seu

119 1919 273 1944 novorum,
298 1912 410 1940 minime
436 1913 506 1947 apud
539 1911 647 1940 Iudaeos
671 1903 775 1940 veteres
800 1917 900 1941 statum

120 1956 217 1990 fuisse,
230 1964 262 1984 ac
276 1962 351 1985 certo
362 1962 482 1993 tempore
497 1957 622 1985 defixum.
637 1958 816 1993 Namjdocent
842 1967 900 1986 ma-

120 2003 211 2039 gistri,
237 2011 298 2030 cum
325 2003 449 2038 pluribus
464 2004 526 2032 aliis
547 2004 580 2031 de
597 2004 687 2032 causis
704 2002 819 2039 proferri
833 2012 901 2032 con-

121 2049 246 2076 suevisse
259 2057 379 2077 mensem
395 2050 469 2077 illum
480 2071 487 2083 ,
509 2053 537 2077 et
557 2050 763 2077 intercalatione
790 2050 901 2078 submo-

121 2095 200 2127 veri;
217 2099 271 2121 tum
294 2095 328 2122 ob
341 2094 433 2130 fruges
449 2103 533 2123 novas
554 2095 675 2123 nondum
696 2095 814 2123 adultas.
843 2095 900 2128 Qua

121 2140 158 2168 de
172 2148 200 2168 re
219 2140 279 2168 fuse
294 2140 384 2175 agitur
406 2141 433 2167 in
449 2139 616 2168 Talmudicis
635 2139 763 2176 Digestis,
788 2145 815 2167 et
829 2141 900 2175 apud

121 2187 158 2214 R.
179 2186 280 2214 Mosem
301 2186 493 2214 Maimoniden.
523 2186 591 2213 Tum
612 2187 687 2214 Aben
708 2186 775 2213 Ezra
791 2187 818 2213 in
840 2194 899 2221 cap.

940 281 1006 309 scha
1019 282 1183 309 celebratum
1198 286 1250 309 est.

975 327 1107 354 Praeterea
1128 326 1268 354 sciendum
1291 330 1345 358 est,
1371 326 1538 354 maturitatis
1553 327 1580 354 in
1596 326 1721 362 frugibus

940 372 1051 407 gradum
1067 379 1128 399 esse
1148 372 1293 406 duplicem.
1308 373 1361 398 Aut
1377 372 1451 399 enim
1463 377 1568 399 matura
1580 380 1657 407 seges
1679 378 1722 401 est

941 418 974 444 ad
988 418 1083 445 falcem
1097 427 1103 445 ε
1125 418 1196 452 quod
1212 422 1320 453 tempus
1342 418 1450 446 Marcus
1464 419 1631 454 evangelista
1658 427 1719 456 cap.

942 462 986 495 IV,
1004 463 1039 489 29
1060 463 1186 490 obscuris
1216 463 1304 490 verbis
1320 462 1432 494 indicat,
1454 470 1512 497 quae
1529 463 1615 490 obiter
1637 463 1722 498 expli-

942 509 1028 536 canda
1054 512 1133 535 sunt:
1147 508 1231 534 Ὅταν
1254 508 1282 534 δὲ
1305 507 1418 543 παραδῷ
1444 508 1458 534 ὁ
1475 507 1589 543 καρπὸς,
1622 507 1722 539 εὐθέως

942 554 1098 582 ἀποστέλλει
1110 554 1139 581 τὸ
1152 554 1292 589 δρέπανον.
1315 552 1401 589 Vulgo
1422 554 1462 581 sic
1474 553 1622 588 accipiunt,
1645 554 1723 588 quasi

944 600 1067 636 παραδῷ,
1091 601 1138 632 sit,
1166 609 1175 626 ι
1195 599 1344 634 prodiderit
1361 607 1399 631 se,
1418 609 1427 625 ι
1452 604 1479 627 et
1493 600 1616 627 absolute
1631 607 1723 626 suma-

944 651 1009 674 tur:
1034 645 1106 681 quod
1128 649 1169 673 est
1187 644 1455 674 inusitatum.llialim
1479 645 1519 672 sic
1540 645 1722 680 interpretari,

946 701 955 717 ι
975 700 1035 719 cum
1061 691 1233 726 permiserint
1267 690 1374 725 fruges,
1397 700 1406 717 ›
1435 690 1462 718 id
1487 694 1539 722 est,
1567 690 1724 725 cum.plena

946 736 1105 763 maturitate
1126 743 1261 763 messores
1284 735 1400 762 invitare
1425 735 1567 770 cmperint.
1592 734 1724 769 Vulgatus

945 781 1081 816 interpres
1097 789 1151 809 non
1167 785 1221 808 tam
1238 781 1319 808 verba
1335 788 1415 815 quam
1435 780 1598 810 sententiam
1614 788 1726 814 expres-

945 828 990 855 sit.
1006 827 1197 862 Conjecturam
1225 831 1346 854 nostram
1368 827 1478 861 adjuvat
1492 826 1723 862 Theopktiactus,

945 872 991 907 qui
1007 872 1047 900 sic
1061 872 1182 907 exponit,
1199 875 1245 898 aut
1256 872 1337 906 legit:
1353 872 1416 902 ὅταν
1426 871 1454 897 δὲ
1469 870 1580 908 παραδῷ
1590 870 1724 904 τὸνθὲμπς.

946 917 1034 950 Quod,
1052 918 1106 945 nisi
1122 921 1151 944 ιιι
1166 925 1216 944 nos
1235 916 1360 949 fecimus,
1374 917 1510 951 explicare
1526 923 1655 951 nequeas.
1672 915 1727 942 Aut

947 963 1028 998 igitur
1044 963 1122 998 plena
1138 963 1166 989 in
1192 961 1315 997 frugibus
1338 962 1481 989 maturitas
1502 962 1554 990 ista
1569 965 1726 996 spectatur;

946 1014 993 1035 aut
1010 1008 1097 1035 adhuc
1110 1007 1205 1035 viridis
1221 1011 1263 1035 est
1276 1013 1328 1034 tam
1344 1008 1419 1042 spica
1429 1015 1509 1042 quam
1523 1015 1613 1035 semen
1627 1007 1723 1041 ipsum.

946 1053 983 1079 ita
997 1057 1087 1080 tamen
1103 1055 1131 1079 ut
1145 1053 1203 1080 esui
1223 1056 1366 1087 utrumque
1382 1052 1418 1079 sit
1435 1055 1537 1087 aptum,
1553 1059 1585 1079 ac
1606 1051 1726 1079 vellicari

946 1099 1132 1134 destringique
1155 1099 1251 1133 possit.
1279 1099 1334 1126 lmo
1363 1099 1475 1126 suavius
1499 1102 1543 1125 est
1571 1105 1621 1125 esu
1636 1097 1726 1125 virens

948 1144 1045 1176 adhuc,
1061 1149 1088 1172 et
1099 1144 1179 1171 molle
1195 1144 1328 1175 triticum,
1340 1151 1421 1178 quam
1442 1143 1588 1176 torridum,
1603 1147 1629 1171 et
1644 1143 1726 1170 messi

948 1190 1111 1224 proximum.
1131 1190 1158 1216 In
1176 1189 1294 1216 Sabbato
1321 1190 1368 1216 illo
1393 1189 1596 1224 deuteroproto,
1624 1189 1658 1216 de
1672 1196 1727 1223 quo

948 1242 1036 1263 sermo
1049 1234 1128 1262 nobis
1141 1238 1193 1268 est,
1205 1238 1317 1261 maturae
1331 1241 1385 1260 non
1409 1233 1443 1260 ad
1456 1241 1532 1261 esum
1545 1237 1658 1264 tantum,
1678 1233 1725 1260 sed

948 1279 982 1306 ad
997 1287 1113 1307 messem
1126 1286 1233 1314 quoque
1246 1282 1349 1314 segetes
1367 1278 1484 1305 fuerunt.
1500 1277 1565 1304 Erat
1581 1277 1651 1304 enim
1668 1277 1727 1305 dies

948 1325 1136 1359 Aprilisxxtn.
1152 1318 1220 1352 Aliis
1235 1324 1412 1358 temporibus,
1432 1322 1541 1358 quando
1560 1322 1664 1350 Pascha
1684 1323 1725 1349 ci-

948 1370 1001 1397 tius
1021 1369 1170 1402 accidebat,
1190 1368 1355 1406 hordeaceus
1383 1368 1536 1403 manipulus
1552 1367 1725 1399 offerebatur,

948 1421 996 1442 aut
1019 1415 1145 1442 viridium
1165 1414 1253 1441 adhuc
1272 1415 1356 1441 tritici
1370 1414 1515 1449 spicarum.
1535 1412 1630 1440 Utrius
1643 1421 1725 1448 gene-

949 1462 987 1489 ris
1007 1462 1090 1496 spicis
1117 1464 1253 1488 constaret
1278 1459 1360 1487 Omer
1383 1460 1524 1494 Scriptura
1549 1467 1603 1486 non
1623 1458 1724 1485 definit.

949 1507 1081 1541 Quocirca
1109 1507 1189 1542 iustae
1207 1506 1355 1541 suspicioni
1366 1506 1443 1533 locus
1455 1509 1506 1535 est,
1521 1505 1674 1540 promiscue
1688 1504 1731 1530 al-.

950 1557 1083 1580 terutrum
1104 1551 1195 1579 οὓτεηὶ
1216 1550 1257 1578 fas
1273 1550 1366 1582 fuisse,
1385 1554 1465 1584 prout
1485 1549 1615 1576 utriusvis
1638 1552 1726 1575 rnatu-

949 1599 1016 1626 ritas
1038 1598 1065 1625 in
1094 1597 1243 1633 legitimum
1270 1596 1341 1624 diem
1367 1595 1518 1623 incidisset.
1545 1594 1612 1622 Nam
1639 1601 1726 1628 neque

950 1645 1040 1679 plena,
1056 1647 1083 1671 et
1099 1643 1133 1670 ad
1147 1650 1264 1670 messem
1278 1641 1374 1668 idonea
1387 1640 1531 1668 maturitas
1546 1639 1726 1675 exspectaba-

949 1694 1005 1722 tur,
1034 1696 1122 1724 neque
1146 1692 1236 1715 tamen
1254 1687 1355 1715 lactens
1370 1685 1458 1712 adhuc
1481 1691 1574 1712 scmcn
1598 1684 1630 1710 ad
1647 1683 1727 1711 Omer

949 1735 1136 1765 adhibebatur,
1151 1733 1197 1762 sed
1215 1733 1310 1760 saltem
1326 1731 1421 1759 viride.
1445 1730 1479 1758 At
1499 1737 1560 1757 cum
1584 1729 1665 1764 paulo
1686 1729 1726 1756 ci-

949 1781 1004 1810 tius
1014 1780 1118 1807 Pascha
1133 1780 1310 1814 contingeret,
1327 1784 1408 1812 quam
1428 1776 1460 1803 ad
1477 1775 1640 1804 oblationem
1657 1775 1736 1801 trit.i-,

949 1833 1014 1853 ceus
1033 1824 1181 1852 fasciculus
1196 1823 1350 1858 comparari
1368 1825 1468 1857 posset,
1493 1820 1656 1848 succidanea
1669 1824 1727 1847 erat

950 1870 1047 1898 messis
1058 1871 1221 1902 hordeacea,
1236 1874 1329 1904 utpote
1345 1867 1502 1903 praecocior.

949 1936 958 1944 .
983 1914 1124 1943 Postremo
1137 1922 1191 1941 non
1205 1914 1312 1941 videtur
1325 1912 1499 1940 interdictum
1518 1911 1571 1938 ulla
1598 1910 1655 1945 lege
1678 1909 1727 1937 Ju-

950 1960 1025 1994 daais,
1040 1968 1074 1988 ne
1098 1965 1159 1987 ante
1174 1960 1295 1987 oblatum
1318 1957 1487 1993 manipulum
1509 1963 1624 1984 messem
1652 1955 1726 1983 fat-e-

950 2011 1020 2039 rent,
1033 2007 1114 2034 etiam
1136 2006 1325 2032 hordeaceam.
1342 2004 1398 2033 lmo
1413 2007 1474 2030 ante
1489 2002 1586 2029 factam
1601 2010 1671 2035 esse,
1686 2002 1727 2028 lo-

950 2061 998 2080 cus
1021 2053 1065 2080 ille
1088 2051 1200 2080 Levitici
1215 2049 1306 2084 XXIII,
1325 2050 1366 2081 I0,
1388 2048 1557 2076 demonstrat
1573 2058 1578 2075 :
1597 2047 1663 2075 Cum
1685 2048 1728 2074 iu-

949 2099 1032 2134 gressi
1048 2099 1150 2133 fueritis
1165 2103 1271 2131 (errant,
1286 2105 1363 2132 quant
1377 2105 1423 2131 ego
1440 2095 1507 2122 dabo
1517 2094 1599 2126 vobis,
1619 2099 1642 2121 et
1659 2103 1727 2120 mes-

950 2145 1056 2172 sueritis
1085 2148 1204 2178 segetem,
1223 2143 1310 2178 feretis
1333 2140 1481 2175 manipulos
1507 2140 1650 2174 spicarum,
1673 2144 1725 2166 etc.

951 2190 1028 2223 Quod
1044 2196 1134 2217 tamen
1157 2197 1212 2216 non
1230 2192 1373 2224 perpetuo,
1401 2187 1448 2214 sed
1471 2185 1605 2215 interdum
1617 2185 1726 2217 accidit,

121 2231 171 2259 XII
191 2231 274 2259 Exodi
298 2232 422 2267 pluribus
445 2232 514 2259 idem
537 2232 663 2266 explicat,
690 2232 736 2259 ubi
763 2231 833 2259 inter
849 2232 897 2260 alia

953 2237 1099 2265 secundum
1125 2244 1155 2264 ea
1182 2243 1242 2271 qua:
1266 2235 1347 2270 paulo
1371 2237 1434 2261 ante
1458 2233 1586 2261 diximus.
1609 2232 1682 2260 Idem
1702 2237 1729 2260 et

121 2278 229 2310 scribit,
255 2278 322 2305 nihil
340 2279 373 2306 de
397 2279 485 2305 lunari
510 2285 602 2306 mense
618 2279 651 2305 ab
666 2278 819 2314 legislature
836 2285 901 2305 cau-

121 2329 181 2357 tum
206 2332 287 2357 esse;
307 2324 354 2351 sed
367 2324 418 2351 hoc
437 2332 520 2351 unum
540 2325 710 2360 praecepisse,
733 2328 763 2351 ut
793 2324 820 2351 in
842 2325 901 2359 ipso

121 2376 256 2396 novarum
272 2369 378 2404 frugum
398 2376 490 2396 mense
505 2368 609 2395 Pascha
629 2369 808 2396 celebrarent.
829 2368 900 2401 Quo~

121 2415 197 2442 circa
215 2423 264 2451 pro
278 2423 310 2443 eo
331 2419 412 2450 atque
430 2414 521 2449 fruges
545 2414 626 2442 citius
652 2418 698 2441 aut
719 2414 822 2441 tardius
842 2423 902 2442 cre-

121 2461 226 2489 vissent
237 2482 246 2494 ,
262 2462 298 2489 ita
313 2461 403 2489 serius
416 2460 527 2488 ociusve
549 2461 665 2495 primum
683 2460 744 2488 illos
769 2460 901 2488 indixisse

121 2515 244 2535 mensem
254 2527 262 2540 ,
279 2515 311 2535 ac
325 2512 518 2542 nonnunquam
537 2514 624 2534 annos
639 2506 816 2534 intercalares
832 2506 901 2535 duos

122 2553 308 2580 continuasse.
325 2553 396 2580 Sane
422 2552 493 2587 quod
511 2552 544 2578 ad
574 2560 635 2580 eum
661 2559 762 2579 annum
785 2556 902 2588 spectat,

122 2599 154 2626 in
169 2606 247 2632 quem
268 2597 417 2626 Sabbatum
440 2598 507 2626 illud
535 2597 758 2632 deuteroproton,
784 2604 839 2632 quo
868 2597 902 2625 de

122 2644 224 2679 agitur,
240 2644 346 2677 incidit,
370 2644 416 2678 qui
435 2643 486 2671 fuit
505 2643 643 2679 κηρύξεως
659 2643 775 2678 primus,
789 2651 907 2671 neome-.

122 2689 171 2717 uia
184 2688 326 2716 Paschalis
338 2688 441 2724 Aprilis.
452 2696 471 2715 ιι
489 2688 637 2723 contigisse
645 2687 761 2719 videtur,
778 2687 844 2716 feria
852 2696 900 2721 vn,

123 2734 214 2771 prima
241 2734 298 2761 dies
315 2742 469 2770 azymorum
487 2735 586 2768 Aprilis
604 2742 659 2766 xvt,
684 2733 747 2761 feria
769 2742 818 2761 vn.
847 2734 901 2761 Ita-

122 2788 180 2816 que
195 2778 343 2807 Sabbatum
363 2780 572 2816 deuteroproton
590 2780 616 2807 in
635 2788 701 2808 χχιιι
716 2780 785 2808 diem
800 2781 901 2815 Aprilis

123 2825 254 2856 incurrit,
270 2825 315 2860 qni
330 2830 442 2860 quartus
457 2830 497 2857 est
512 2826 545 2853 ab
564 2833 596 2852 eo
617 2834 696 2860 quem
722 2825 899 2861 Vergiliarum

124 2873 214 2905 (ιι-ιιιὶ,
226 2875 254 2900 et
273 2871 348 2899 initio
365 2871 461 2898 messis
470 2871 542 2901 Theo
559 2872 681 2904 prmlinit.
696 2872 728 2901 At
743 2879 813 2902 anno
830 2872 900 2901 ipso.

951 2283 984 2311 de
1006 2283 1166 2310 Pentecoste
1181 2282 1260 2309 debet
1287 2288 1348 2308 esse
1369 2279 1499 2315 judicium
1511 2287 1524 2313 ;-
1536 2279 1610 2306 nullo
1630 2287 1729 2314 praece-

952 2332 997 2364 pto
1009 2328 1121 2355 vetitum
1139 2326 1238 2354 Judmis
1253 2333 1324 2358 esse,
1339 2332 1372 2352 ne
1384 2328 1446 2351 ante
1465 2323 1564 2351 festum
1577 2323 1628 2350 hoc
1645 2323 1728 2358 frugi-

951 2371 1001 2401 bus
1018 2373 1095 2402 novis
1115 2380 1146 2399 ac
1162 2372 1277 2407 panibus
1288 2379 1325 2399 ex,
1335 2370 1376 2398 his
1391 2369 1524 2403 confectis
1539 2374 1724 2399 vescerentur;

952 2417 1023 2454 quod
1050 2417 1185 2452 opinionis
1208 2416 1327 2443 fautores
1346 2414 1491 2441 contraria:
1515 2419 1644 2441 sumunt:
1663 2413 1728 2447 quin

953 2464 1046 2500 potius
1062 2463 1089 2490 id
1105 2466 1184 2490 antea
1201 2461 1242 2489 fas
1261 2461 1354 2494 fuisse,
1369 2461 1489 2488 declarat
1501 2460 1614 2487 historia
1631 2458 1728 2493 capitis

953 2510 1024 2538 tertii
1051 2514 1078 2537 et
1106 2508 1194 2543 quinti
1220 2507 1320 2538 Iosue,
1349 2514 1431 2541 quant
1459 2506 1611 2533 citavimus.
1636 2503 1737 2538 Neque.

952 2555 1139 2590 primitiarum.
1165 2553 1326 2580 vocabulum
1355 2551 1383 2578 id
1418 2554 1546 2586 perpetuo
1572 2548 1726 2583 signiﬁcat,

952 2599 1023 2635 quod
1041 2599 1161 2626 omnium
1173 2598 1288 2633 primum
1304 2600 1356 2630 est,
1375 2601 1401 2624 et
1417 2599 1479 2622 ante
1493 2594 1566 2629 quod
1582 2594 1683 2620 nullum
1700 2594 1726 2620 in

951 2652 1002 2672 usu
1032 2643 1102 2675 fuit;
1129 2642 1183 2672 sed.
1203 2641 1338 2669 interdum
1369 2639 1529 2674 simpliciter
1553 2646 1601 2673 pro
1631 2645 1727 2672 quavis

951 2687 1098 2717 oblatione,
1112 2685 1152 2712 vel
1163 2692 1191 2712 re
1206 2684 1239 2711 ad
1251 2684 1379 2710 honorem
1390 2681 1435 2708 Dei
1445 2681 1564 2716 seposita
1573 2688 1603 2707 ac
1616 2680 1726 2711 selecta,

952 2723 1165 2763 utExod.XItV,
1178 2731 1240 2765 2,et
1255 2728 1387 2760 XXXV,5
1400 2731 1424 2755 et
1434 2727 1465 2754 2i
1480 2735 1488 2759 ;
1507 2726 1617 2754 Numer.
1630 2725 1727 2757 XXXI,

952 2779 995 2806 29.
1022 2778 1111 2811 Quare
1130 2777 1237 2804 tametsi
1264 2774 1392 2811 primitivi
1420 2780 1504 2809 panes
1527 2772 1554 2799 in
1571 2771 1729 2800 Pentecoste

952 2825 1034 2851 oblati
1063 2824 1176 2855 fuerint,
1197 2822 1307 2849 minime
1329 2828 1360 2847 ex
1379 2827 1410 2846 eo
1432 2818 1555 2853 sequitur
1568 2824 1652 2845 n’ovas
1667 2821 1729 2844 ante

952 2870 1004 2900 hoc
1021 2874 1127 2899 tempus
1148 2869 1238 2900 fruges
1264 2874 1316 2894 non
1333 2866 1454 2896 attigisse
1471 2863 1588 2892 Iudaeos.
1608 2863 1684 2893 Quod
1701 2863 1739 2894 iu.
