1900 3137
184 165 253 193 1595

670 162 714 189 AD
736 161 865 188 EUSEBII
884 160 1080 191 CHBONICON
1097 160 1275 189 APPENDIX.

1730 163 1803 190 1396

183 221 391 250 Commentariis
408 221 465 248 suis
478 220 583 247 erudite
595 218 753 247 Bonfrerius
767 224 859 247 noster
870 220 960 248 obser-
973 223 994 250 Α
1009 219 1162 251 offerretur,
1174 218 1282 254 quando
1300 217 1387 246 serius
1402 217 1503 245 Pascha
1521 218 1711 253 contingeret.
1727 219 1801 247 Idem

183 271 251 294 vat:
269 267 312 293 cui
338 265 423 298 idem,
453 265 524 300 quod
553 265 580 291 in
602 269 719 291 mentem
745 265 810 291 mihi
839 269 959 297 venerat.

182 312 318 348 placuisse
333 311 417 345 prius,
435 310 553 347 maxime
569 318 628 337 sum
642 318 724 345 opere
738 310 858 345 gavisus.

218 357 285 384 Hinc
300 357 355 385 illa.
373 364 432 390 qua:
445 359 541 382 contra
568 363 617 383 nos
634 356 715 382 allata
741 361 815 389 sunt,
832 355 960 383 universa

183 403 333 429 solvuntur.
350 401 378 428 Si
393 409 440 435 per
457 396 613 435 azymorum
630 401 698 434 dies,
725 401 863 436 inquiunt,
879 402 961 436 spica:

183 447 280 475 messis
293 446 448 474 hordeacea:
464 446 552 473 adhuc
563 446 697 478 virebant,
708 447 825 473 triticum
841 447 960 473 nondum

182 498 318 520 maturum
331 500 391 521 esse
410 493 507 528 potuit.
521 492 727 527 Respondemus
742 513 749 524 ,
767 493 886 520 virentes
905 493 961 528 spi-

182 547 228 566 cas
239 539 283 566 hic
298 539 367 566 sumi
384 546 432 574 pro
449 538 614 570 recentibus,
625 546 679 565 non
696 539 802 573 penitus
817 539 958 570 viridibus,

181 588 207 610 et
222 584 384 612 immaturis.
403 584 468 611 Nam
480 584 611 612 Hebraice
625 588 666 612 est
677 584 763 611 Levit.
779 592 809 615 ιι,
827 584 871 616 14,
892 588 960 614 ΞθΞΝ

181 621 237 671 ’Ίθρ
265 630 337 663 spica
360 638 466 662 recens,
493 635 576 661 tosta,
602 634 628 656 et
656 622 732 672 521p
762 635 816 659 tm:
844 630 960 656 triticum

181 679 315 701 contusum
333 675 411 709 spiam
425 676 516 709 plenw.
542 676 579 702 Ita
596 674 628 701 iV
651 674 716 710 Reg.
734 684 768 707 IV,
785 675 829 702 42.
855 675 960 702 Carmel

181 721 340 753 [ramentum
362 729 454 748 novum
469 721 549 749 vertit
574 722 716 756 interpres.
733 721 787 748 Nec
808 725 849 748 est
863 721 961 749 absur-

181 765 256 798 dum,
277 774 329 800 quo
345 769 465 800 tempore
480 767 589 794 metitur
607 767 748 796 hordeum.
772 766 893 794 triticeas
906 767 961 801 spi-

181 819 238 842 cas,
252 811 275 839 si
288 811 377 840 minus
394 812 427 839 ad
443 819 569 844 messem,
588 816 661 840 certe
675 812 707 839 ad
723 811 888 839 vescendum
904 804 960 838 nia-

181 859 256 884 turas
272 865 341 885 esse.

214 900 349 937 Iosephus
372 903 390 929 l.
412 903 446 930 lli
467 903 552 938 0rig.,
565 910 624 938 cap.
646 903 669 929 Χ
684 903 784 930 sentire
803 903 909 931 videtur
926 912 958 933 ex

179 946 330 976 hordeacea
346 956 434 976 messe
459 949 640 983 primitiarum
658 949 778 976 oblatum
794 957 855 976 esse
873 950 959 977 mani-

181 993 284 1028 pulum.
299 993 351 1021 Sed
367 995 434 1022 nihil
450 995 502 1022 boc
515 995 605 1022 obstat
626 995 691 1034 quin
708 1001 741 1022 ex
758 994 819 1021 aliis
836 994 959 1030 frugibus

977 889 997 916 Β

1012 273 1093 299 porro
1121 264 1242 300 subjicit,
1262 264 1296 291 ab
1319 263 1410 290 oblato
1429 263 1568 298 manipulo
1581 263 1693 298 publice
1707 265 1800 300 priva-

1011 310 1113 345 timque
1135 313 1235 337 metere
1264 308 1374 335 licuisse
1393 317 1400 334 -.
1419 308 1465 334 καὶ
1484 308 1543 334 τότε
1566 308 1662 334 λοιπὸν
1681 308 1801 345 δημοσίᾳ

1011 354 1096 388 ἔξεστι
1112 356 1187 387 πᾶσι,
1206 355 1252 381 καὶ
1269 354 1321 389 ἰδίᾳ
1332 353 1466 388 θερίζειν,
1477 355 1555 389 quasi
1573 353 1601 381 id
1617 358 1684 381 ante
1699 362 1757 381 non
1773 356 1801 382 ii«

1011 401 1108 427 cuerit.
1125 400 1178 427 Sed
1192 400 1273 433 hujus
1288 399 1327 426 rei
1344 399 1449 425 nullum
1465 399 1492 425 in
1508 398 1596 426 sacris
1610 399 1691 426 libris
1708 404 1801 427 exstat

1011 446 1196 474 interdictum.
1211 446 1265 473 Nos
1281 449 1370 472 autem
1383 444 1416 472 de
1436 445 1535 480 priscis
1548 444 1710 472 Iudaeorum
1731 450 1801 473 tem-

1011 493 1134 527 poribus,
1146 500 1201 520 non
1212 492 1322 527 Iosephi
1344 495 1422 518 actate
1433 490 1579 526 loquimur.
1602 490 1687 526 Atqui
1698 491 1742 518 vel
1767 501 1798 519 ex

1011 539 1062 566 hoc
1077 539 1136 574 ipso
1160 538 1282 573 ejusdem
1305 537 1428 565 historici
1449 537 1508 564 loco
1522 536 1637 564 evidens
1664 541 1720 565 est.
1748 539 1799 564 sub

1010 585 1114 612 Pascha
1133 592 1249 613 messem
1271 585 1299 612 in
1309 584 1414 620 tJudrea
1439 590 1575 619 peractam
1593 595 1600 612 ;
1620 585 1697 619 quod
1718 586 1798 613 nobis

1011 632 1078 660 satis
1095 635 1148 660 est.
1162 631 1241 664 Nam,
1259 631 1283 659 si
1297 635 1359 666 post
1374 631 1518 658 delibatam
1546 631 1687 659 oblatione
1711 632 1798 659 mani-

1010 678 1066 712 puli
1081 682 1207 713 segetem,
1224 681 1324 705 metere
1341 677 1382 705 ias
1402 677 1469 709 fuit,
1485 685 1549 712 ergo
1561 682 1678 704 maturae
1691 677 1751 712 jam
1766 678 1796 705 ad

1011 725 1125 751 messem
1149 727 1227 751 erant
1246 728 1361 759 segetes,
1374 724 1454 751 etiam
1470 723 1594 755 triticeze,
1626 728 1712 758 atque
1738 724 1798 751 ista:

1011 769 1106 796 saltem
1128 769 1161 798 ad
1188 776 1276 796 esum.
1304 768 1381 797 Unde
1405 769 1552 797 Sabbatum
1577 769 1798 805 deuteroproton

1011 814 1126 849 septimo
1142 814 1176 841 ab
1192 814 1329 842 oblatione
1344 815 1473 850 manipuli
1496 815 1539 842 die
1561 816 1725 851 contigisse,
1748 817 1796 843 mi«

1011 860 1083 887 nime
1094 867 1128 886 ex
1138 867 1170 887 eo
1186 859 1215 886 lit
1228 860 1387 892 absurdum,
1403 860 1475 895 quod
1490 864 1548 888 tum
1563 861 1688 889 virentes
1705 862 1797 897 spicas

1011 905 1138 933 manibus
1165 906 1224 933 suis
1249 906 1364 941 apostoli
1391 906 1578 934 defricarent:
1606 908 1683 942 quod
1701 913 1797 934 contra

1010 951 1251 985 reprehensionem
1275 959 1403 986 nuperam
1429 953 1599 987 propositum
1625 954 1687 980 erat
1708 957 1798 980 osten-

1010 995 1083 1023 dere.

186 1077 1790 1099 _———————F————_—_

269 1161 367 1228 DE
415 1162 867 1228 GIUECORUM
914 1164 1118 1229 ΑΞΒΙὸ
1167 1166 1263 1231 AC
1306 1169 1714 1237 COMPUTIS

751 1333 757 1340 ,
785 1289 1197 1338 DISSERTATIO.

576 1378 718 1420 (Diopysins
738 1377 864 1408 Plnvms,
878 1377 912 1403 De
927 1375 1038 1402 doctrina
1053 1380 1194 1413 temporum,
1205 1384 1224 1406 ι.
1236 1381 1280 1414 lII,
1291 1390 1316 1415 p.
1331 1381 1395 1416 153.)

465 1489 616 1520 CAPUT
641 1491 670 1520 Ι,

181 1547 219 1577 .03
232 1547 329 1581 triplici
345 1546 494 1574 Graecorum
517 1556 582 1579 (era,
601 1555 658 1582 qua:
676 1547 709 1573 ad
733 1546 956 1582 duasiredigitur.

218 1570 375 1609 ,ὶὶιὶῗςὶῗᾶιιῖἑ
383 1570 547 1609 Ἵῖᾴιῖόᾶοῆ
556 1570 939 1617 ’ὲὲνίῧιοῐόξιίᾶῗὶιιὰᾶεἶὶνῗᾶξ
949 1570 956 1573 ⁷
973 1570 994 1599 C

216 1616 338 1652 Georgius
357 1616 504 1652 Synceltus,
523 1616 809 1652 Theoplianes,raliique
824 1621 959 1643 notantur.

216 1674 369 1702 Graecorum
395 1679 547 1710 computos,
572 1682 695 1709 mrasque
723 1674 871 1709 praecipuas
900 1682 960 1702 esse

182 1724 248 1752 tres,
265 1721 334 1748 inter
347 1720 470 1747 eruditos
494 1721 629 1748 convenit.
641 1720 707 1747 Nam
731 1721 811 1747 aliam
837 1728 896 1747 esse
919 1719 958 1746 di-

182 1770 256 1797 cunt,
274 1774 335 1802 quae
354 1766 388 1794 ab
406 1767 483 1794 initio
508 1774 599 1793 rerum
622 1766 656 1793 ad
681 1765 784 1793 Christi
805 1765 832 1792 in
852 1769 958 1793 uterum

181 1811 301 1846 Virginis
323 1811 478 1844 adventum,
503 1816 549 1838 aut
574 1811 689 1838 natalem
711 1818 796 1838 annos
820 1814 960 1845 computat

181 1857 261 1888 5495,
289 1857 379 1889 aliam,
408 1864 467 1892 qum
491 1864 576 1884 annos
600 1860 725 1884 numerat
750 1856 829 1888 5501,
851 1856 959 1883 tertiam

182 1911 241 1940 quae
257 1903 326 1930 5509
340 1902 492 1930 constituit.
515 1902 632 1928 Primam
648 1902 844 1929 Antiochenam
867 1902 960 1937 appel-

182 1949 238 1976 lant
255 1949 347 1984 aliqui,
362 1948 508 1976 secundam
524 1947 714 1982 Ethiopicam,
729 1948 835 1975 tertiam
845 1948 960 1975 Alexan-

181 1994 297 2023 drinam.
331 1993 451 2029 Scaliger
475 1993 507 2020 ad
542 1993 676 2028 Excerpta
712 1993 819 2020 Maximi
845 1994 958 2028 primam

183 2039 302 2066 nominat
317 2039 450 2070 lunarem,
467 2038 581 2065 mediam
603 2038 773 2070 orientalem,
795 2041 958 2073 postremam

183 2085 335 2119 paschalem
350 2094 357 2112 :
376 2092 491 2120 quantm
510 2084 720 2119 appellationum
734 2084 853 2119 origines
866 2084 959 2118 dispu-

182 2133 221 2156 tat
246 2131 323 2157 initio
342 2130 404 2156 libri
427 2128 449 2157 ν
470 2128 508 2156 De
532 2129 710 2156 emendatione
733 2134 885 2162 temporum.
907 2128 958 2155 Sed

182 2182 229 2200 eas
251 2181 266 2200 a
288 2175 365 2201 nobis
380 2174 536 2201 confutatus
559 2174 660 2205 habes,
678 2174 839 2208 penitusque
864 2174 958 2200 convi-

182 2223 240 2244 ctas
262 2218 290 2245 in
313 2226 384 2246 nono
400 2219 437 2246 De
456 2219 575 2246 doctrina
598 2225 742 2253 temporum
757 2219 845 2254 capite
867 2218 898 2252 V,
913 2218 958 2245 ubi

183 2264 248 2291 nihil
274 2265 301 2291 in
319 2266 453 2299 computis
475 2265 534 2293 istis
555 2265 656 2292 vidisse
668 2285 675 2296 ,
702 2273 790 2300 neque
807 2265 872 2300 quid
888 2265 958 2292 scri-

183 2311 258 2337 heret
274 2310 440 2338 intellexisse
459 2311 594 2339 hominem
611 2312 767 2346 plenissime
789 2311 959 2338 demonstra—

182 2357 287 2389 vimus;
300 2363 331 2383 ac
348 2357 431 2384 multa
445 2357 472 2383 in
485 2365 543 2384 eam
555 2365 611 2384 rem
627 2358 814 2392 congessimus
829 2361 856 2384 et
868 2357 959 2392 ignota

183 2403 263 2438 vulgo
287 2406 315 2430 et
338 2403 409 2430 scitu
429 2403 603 2438 dignissima;
623 2409 648 2431 et
667 2403 700 2430 ad
726 2403 763 2436 id,
786 2403 859 2438 quod
879 2403 960 2430 modo

182 2449 281 2484 agitur,
300 2448 422 2484 apprime
442 2449 613 2482 necessaria;
628 2457 687 2483 qua:
707 2448 817 2476 minime
831 2449 882 2476 hoc
900 2449 960 2475 loco

181 2495 325 2528 repetenda
343 2499 416 2522 sunt.
431 2493 489 2521 Non
516 2501 601 2528 pauca
624 2499 714 2522 tamen
735 2495 790 2522 illie
817 2495 958 2522 omisimus

183 2540 290 2575 propria
317 2540 402 2575 magis
418 2540 536 2567 instituti
551 2540 640 2574 hujus,
658 2546 683 2568 et
702 2542 838 2576 paschalis
850 2541 959 2568 Grzeco-

182 2594 242 2613 rum
262 2586 393 2618 methodi,
409 2593 490 2620 quam
504 2585 538 2612 ad
552 2586 727 2613 illustrandos
743 2586 860 2617 Maximi,
874 2586 959 2613 lsaaci

182 2632 351 2667 aliorumque
366 2636 519 2668 computos,
530 2632 576 2667 qui
591 2632 618 2658 in
627 2631 784 2659 Auctarium
798 2634 873 2661 relati
885 2637 958 2660 sunt.

182 2677 359 2704 enarrandam
386 2678 568 2712 suscepimus,
602 2676 680 2711 cujus
710 2677 815 2704 initium
842 2678 960 2713 disputa-

183 2723 265 2750 tionis
281 2723 314 2750 ah
328 2731 382 2750 aera
396 2724 440 2750 illa
458 2723 568 2758 triplici,
592 2727 619 2750 et
640 2723 777 2750 communi
797 2723 829 2751 de
857 2724 889 2750 iis
903 2724 960 2757 opi-

184 2770 264 2796 nione
279 2770 430 2802 doctorum,
448 2775 528 2805 atque
547 2776 639 2796 errore
658 2769 781 2802 ducetur,
798 2773 826 2796 ut
851 2769 884 2796 ah
906 2769 958 2797 illis

181 2814 285 2842 trustra
309 2816 454 2843 doceamus
478 2819 534 2843 tres
557 2823 618 2843 esse
644 2815 788 2844 distinctas
812 2816 957 2848 hactenus,

184 2868 246 2888 cum
263 2860 316 2887 sint
333 2869 426 2888 revera
438 2862 628 2890 tantummodo
642 2861 710 2890 dum.

1046 1489 1150 1518 Etenim
1167 1496 1367 1527 computorum,
1385 1493 1441 1520 sive
1458 1493 1510 1520 τῶν
1527 1494 1643 1529 ὁμάδων
1661 1496 1800 1523 annalium

1010 1535 1153 1564 diversitas
1175 1537 1202 1564 in
1228 1545 1260 1565 eo
1283 1539 1402 1574 ponitur,
1421 1543 1449 1566 ut
1464 1539 1490 1566 in
1514 1548 1601 1566 unum
1625 1544 1656 1567 et
1677 1542 1797 1569 eumdem

1010 1588 1121 1614 annum,
1136 1589 1186 1609 ceu
1205 1589 1375 1611 communem
1391 1585 1546 1617 terminum,
1570 1585 1707 1620 dispares
1727 1594 1797 1613 sum-

1010 1633 1060 1653 ma:
1076 1626 1211 1654 desinant.
1221 1628 1298 1660 Quod
1319 1629 1341 1656 si
1359 1629 1420 1657 aliis
1435 1634 1515 1664 atque
1535 1630 1600 1658 aliis
1617 1631 1704 1658 annis
1720 1631 1795 1658 iidem

1010 1671 1194 1698 inscribantur
1214 1672 1297 1704 tituli,
1320 1680 1374 1700 non
1401 1673 1480 1701 debet
1502 1678 1651 1708 propterea
1673 1675 1797 1701 diversus

1010 1716 1142 1751 appellari
1155 1722 1318 1752 computus;
1333 1719 1405 1753 quod
1421 1719 1454 1746 ad
1477 1719 1692 1754 longinquiores
1713 1727 1796 1746 annos

1010 1762 1098 1796 major
1110 1771 1260 1795 numerus;
1277 1764 1366 1791 minor
1381 1768 1472 1791 autem
1485 1765 1518 1791 ad
1535 1765 1750 1800 propinquiores
1764 1765 1796 1791 ah

1010 1808 1102 1835 eodem
1119 1809 1208 1843 capite
1230 1809 1328 1837 ductus
1347 1811 1510 1838 extenditur.
1531 1809 1566 1837 Ut
1581 1811 1656 1838 enim
1673 1811 1795 1845 exemplo

1010 1854 1056 1882 ﬁat
1069 1854 1141 1890 quod
1159 1855 1220 1882 dico
1231 1856 1340 1888 clarius,
1355 1860 1479 1883 sumatur
1494 1856 1528 1883 ab
1542 1856 1611 1883 orbe
1630 1857 1746 1884 condito
1763 1855 1795 1882 ad

1010 1909 1111 1928 annum
1146 1909 1205 1929 aerae
1238 1902 1399 1929 Christiana:
1426 1902 1542 1937 primum
1573 1906 1670 1930 certus
1697 1903 1795 1937 aliquis

1010 1952 1164 1982 computus,
1180 1947 1252 1975 velut
1270 1947 1314 1974 ille
1332 1952 1423 1974 noster
1438 1955 1571 1974 annorum
1595 1947 1677 1978 5985,
1701 1947 1729 1974 in
1751 1955 1795 1974 eo-

1010 2001 1062 2027 que
1077 1993 1193 2021 diversis
1205 1993 1282 2021 annis
1296 1993 1388 2021 eadem
1402 1993 1518 2028 illigetur
1531 1993 1648 2027 cpocha,
1664 1993 1793 2019 nimirum

1011 2038 1093 2065 Urbis
1106 2038 1240 2065 conditae:
1257 2046 1338 2073 quam
1353 2038 1422 2066 alius
1439 2038 1465 2064 in
1482 2045 1514 2065 eo
1525 2045 1599 2064 anno
1620 2038 1733 2072 deligat,
1748 2038 1793 2072 qui

1010 2089 1050 2112 est
1062 2088 1124 2112 ante
1136 2092 1218 2111 ueram
1230 2084 1412 2112 Christianam
1431 2083 1492 2115 754,
1509 2084 1578 2111 alter
1594 2083 1727 2110 tredecim
1746 2091 1794 2109 an-

1010 2131 1053 2158 nis
1065 2135 1175 2166 postea;
1192 2130 1337 2160 Pictorem,
1354 2134 1400 2157 aut
1417 2130 1510 2157 nescio
1525 2137 1605 2164 quem
1622 2130 1741 2157 alterum
1761 2137 1793 2156 ex

1009 2177 1146 2204 veteribus
1160 2180 1296 2203 auctorem
1313 2179 1435 2207 secutus,
1453 2179 1516 2210 puta
1528 2175 1555 2202 in
1570 2182 1602 2202 eo
1618 2175 1666 2208 qui
1681 2175 1718 2202 sit
1733 2179 1793 2201 ante

1010 2222 1149 2250 Christum
1166 2222 1227 2249 745.
1245 2221 1305 2249 Duo
1322 2223 1403 2256 igitur
1420 2222 1458 2248 illi
1476 2221 1503 2248 in
1528 2221 1622 2249 eadem
1644 2221 1680 2247 ad
1702 2226 1792 2247 ortum

1010 2267 1111 2295 Christi
1127 2275 1232 2295 summa
1242 2268 1452 2299 consentientes,
1471 2267 1497 2294 in
1511 2267 1590 2294 annis
1604 2271 1694 2292 autem
1704 2266 1793 2293 direr—

1011 2313 1049 2341 sis
1073 2313 1194 2353 ejusdem
1223 2313 1332 2347 epochze
1358 2312 1541 2345 dissidentes;
1560 2312 1600 2338 sic
1616 2315 1646 2338 ut
1668 2311 1744 2346 prior
1761 2311 1793 2337 ab

1010 2359 1104 2387 eodem
1126 2359 1220 2386 mundi
1240 2359 1319 2385 initio
1334 2358 1367 2385 ad
1384 2358 1482 2386 Urbem
1506 2357 1644 2385 conditam
1668 2361 1794 2384 numeret

1011 2414 1096 2435 annos
1112 2406 1191 2437 5250,
1207 2405 1285 2437 alter,
1301 2413 1387 2432 annos
1400 2404 1480 2436 52453,
1494 2412 1547 2431 non
1559 2405 1654 2438 utique
1667 2403 1794 2431 diversos

1011 2452 1045 2479 ab
1072 2451 1175 2478 Adamo
1198 2454 1339 2485 computos
1371 2451 1512 2478 instituere
1543 2450 1694 2477 dicuntur:
1720 2449 1792 2484 quod

1010 2501 1067 2524 tum
1083 2497 1190 2524 demum
1205 2497 1333 2528 facerent,
1356 2496 1379 2523 si
1403 2495 1437 2522 ad
1460 2495 1583 2522 eumdem
1608 2502 1724 2526 annum,
1747 2495 1791 2528 qui

1010 2544 1045 2572 sit
1059 2547 1121 2571 ante
1140 2543 1322 2571 Christianam
1343 2550 1424 2570 aram
1448 2541 1509 2574 754,
1527 2541 1631 2576 periodi
1654 2548 1721 2568 vero
1746 2539 1791 2567 Ju-

1010 2589 1088 2616 lianaa
1097 2588 1175 2621 5960,
1190 2589 1257 2614 alter
1269 2588 1304 2615 ab
1320 2587 1421 2614 Adamo
1434 2590 1589 2614 numeraret
1607 2593 1696 2613 annos
1712 2586 1790 2615 5930,

1010 2636 1077 2662 alter
1091 2634 1181 2666 5243;
1202 2639 1229 2661 et
1245 2633 1316 2668 quod
1333 2640 1503 2667 consequens
1520 2636 1572 2664 est,
1590 2632 1634 2659 ille
1658 2631 1693 2658 ad
1713 2631 1790 2659 Chri-

1010 2684 1080 2707 stum
1099 2687 1183 2706 annos
1193 2679 1271 2711 3983,
1285 2679 1335 2706 islc
1349 2677 1429 2706 5996.

1046 2725 1091 2752 Sic
1103 2725 1185 2760 igitur
1196 2730 1251 2752 tres
1270 2725 1331 2752 illos
1347 2725 1499 2752 Grzecorum
1513 2728 1669 2758 computos,
1688 2728 1718 2751 ut
1731 2732 1747 2752 a
1765 2733 1791 2752 se

1010 2771 1131 2799 distincti
1159 2771 1274 2798 invicem
1305 2770 1459 2804 diversique
1484 2770 1555 2801 sint,
1576 2769 1604 2796 in
1634 2777 1721 2796 unum
1746 2770 1789 2796 ali-

1010 2824 1089 2852 quem
1114 2817 1270 2850 eonspirare
1298 2815 1441 2842 terminum
1467 2819 1584 2850 oportet,
1615 2815 1649 2842 ad
1676 2823 1789 2849 eumque

1010 2870 1063 2890 non
1080 2861 1173 2890 eodem
1196 2869 1211 2888 a
1234 2861 1321 2895 capite
1343 2866 1368 2888 et
1387 2861 1498 2888 exordio
1517 2859 1696 2888 descendere.
1720 2856 1790 2888 Tali;
