1900 3137
108 185 124 213 1
131 186 181 214 597

601 183 824 211 DISSERTATIO
843 182 888 209 DE
904 181 1105 211 GRAECORUM
1126 182 1226 211 .ERIS.

1648 184 1714 211 I308

107 249 155 272 est
176 247 266 271 atttem
290 243 486 271 lncarnationis
513 250 601 270 annus
616 243 747 271 natalisve
769 242 888 275 Christi;
904 241 1043 272 AAdamo
1066 250 1119 269 aera
1146 242 1311 277 perducitur,
1335 243 1458 270 eumdem
1478 250 1538 270 esse
1559 250 1619 270 cum
1645 250 1715 270 anno

107 290 147 317 ad
181 297 261 324 quem
293 289 458 322 singulorum
485 295 588 316 summa
611 292 786 324 propagatur.
812 288 890 315 Hunc

107 337 237 365 eumdem
264 335 351 363 tribus
375 335 429 363 illis
452 336 514 363 aeris
538 335 715 363 constitutum
736 343 797 363 esse
817 335 890 363 docti

107 382 152 409 illi
174 381 304 416 suspicati
328 384 400 413 sunt,
420 380 466 416 qui
484 388 529 407 eas
542 388 556 407 a
570 388 599 408 se
610 386 704 408 mutuo
719 384 890 415 separarum.

108 426 169 455 Sed
183 434 237 454 non
248 426 284 453 ita
299 434 328 454 se
348 433 392 454 res
409 426 498 453 habet.
513 425 579 452 Nam
595 434 628 453 ex
640 426 727 454 tribus
742 426 802 454 duae
816 431 889 458 sunt,

107 480 174 508 quae
197 472 310 500 diversis
334 472 413 499 annis
439 472 488 507 τὴν
510 471 713 507 ἐνανθρώπησιν
742 473 889 508 assignant,

107 519 238 546 videlicet
251 518 307 550 illa,
324 525 383 552 quae
394 525 480 544 annos
494 518 573 550 5195,
584 522 610 545 et
626 526 685 553 quae
696 517 762 545 5501
777 518 889 552 colligit.

108 563 200 591 Unius
229 570 294 599 ergo
316 563 436 598 computi
458 570 571 591 summae
591 563 649 591 ista:
674 563 734 590 dure
753 567 828 596 sunt,
844 563 890 598 qui

109 617 177 638 cum
190 610 272 638 tertio
288 617 421 636 annorum
435 609 505 637 6509
524 609 639 637 natalem
651 609 774 638 eumdem
788 609 889 637 Christi

109 656 237 691 respicit,
254 659 282 682 et
296 655 330 682 ab
345 655 390 682 illo
406 658 547 690 propterea
560 655 621 690 jure
635 655 820 690 distinguitur.

148 700 226 733 Quod
244 707 298 727 non
310 701 432 727 eumdem
452 700 479 727 in
496 707 595 727 annum
611 700 825 727 Incarnationem
839 699 891 727 Do-

109 746 181 773 mini
200 745 352 777 confcrant,
369 745 416 780 qui
429 745 461 772 ad
477 753 536 773 eam
556 749 700 772 numerant
715 753 800 773 annos
811 746 889 778 5495,

110 796 140 819 et
155 793 200 827 qui
214 792 297 825 5501;
314 791 348 819 iis
372 799 404 819 ex
420 791 576 820 auctoribus
596 795 714 825 constat,
730 792 777 827 qui
788 792 891 819 utrius-

111 845 169 872 que
204 837 244 864 vel
282 837 448 869 inventores,
488 837 528 865 vel
560 836 683 865 fautores.
719 838 888 865 exstiterunt.

111 882 237 909 Priorem
261 886 418 917 computum
453 881 597 910 Panodoro
627 883 734 910 cuidam
767 883 891 910 inscribit

111 928 247 963 Georgius
275 912 416 962 Syncellus
433 928 567 955 monacho
593 928 699 955 erudito
721 931 749 955 et
768 928 889 963 antiquo.
906 912 927 940 Β

112 973 190 1000 Vixit
203 974 274 1000 enim
289 974 406 1001 Arcadio
419 974 579 1009 imperante,
595 979 622 1001 et
641 974 674 1001 ad
689 977 791 1002 exacta:
810 974 891 1001 cliro~

112 1019 231 1054 nologiae
252 1019 395 1047 scientiam
417 1027 498 1046 usum
522 1019 634 1054 insuper
655 1020 746 1047 attulit
766 1024 891 1047 astrono-

112 1065 247 1092 micarum
262 1072 370 1098 rerum;
402 1064 481 1099 cujus
506 1065 534 1092 in
552 1063 660 1100 Georgii
680 1065 714 1093 de
735 1065 781 1092 illo
797 1072 893 1091 narra-

111 1110 200 1142 tione,
229 1117 311 1145 quam
344 1110 468 1145 sequenti
496 1111 584 1145 capite
616 1117 809 1145 proponemus,
837 1118 892 1137 non

112 1155 233 1183 obscura
247 1162 313 1182 sane
329 1156 442 1190 vestigia
458 1160 614 1190 supersunt.
628 1155 717 1191 Atque
731 1156 775 1183 hic
792 1164 892 1183 annum

112 1208 177 1228 eum
205 1200 304 1230 Christi
327 1201 554 1237 ὲνανορωπήσεως
582 1196 771 1229 δυωιιιαεέιιω
790 1203 894 1236 praasti-

111 1248 184 1280 tuit;
199 1255 214 1273 a
230 1255 284 1282 quo
298 1247 419 1282 vulgaris
437 1255 491 1274 era
502 1252 593 1274 nostra
608 1246 805 1281 proﬁciscitur:
821 1247 893 1282 quod

113 1301 179 1320 cum
205 1293 232 1320 in
262 1293 308 1321 lih.
337 1292 372 1320 IX
396 1293 434 1320 De
456 1293 575 1320 doctrina
599 1298 751 1327 temporum,
784 1300 844 1328 cap.
863 1294 893 1325 V,

111 1339 290 1367 observatum
304 1340 361 1375 jam
381 1339 472 1372 fuerit,
497 1340 603 1374 plenius
625 1339 676 1366 hoc
701 1340 761 1367 loco
782 1339 894 1367 demon-

115 1387 261 1413 strabitur.
278 1386 378 1413 Scribit
399 1385 530 1421 Georgius
553 1393 652 1413 annum
669 1386 764 1414 mortis
779 1386 895 1414 Alexan-

111 1433 158 1459 dri
173 1432 259 1467 Magni
279 1440 294 1459 a
317 1440 370 1467 quo
392 1432 480 1459 Thoth
499 1431 614 1466 Philippi
638 1431 736 1459 Aridtei
761 1432 894 1467 procedit,

112 1479 143 1507 in
159 1485 212 1505 tera
228 1477 364 1505 Pauodori
382 1484 441 1505 esse
454 1477 488 1504 ab
504 1477 607 1504 Adamo
623 1477 704 1509 5170,
718 1485 819 1505 annum
831 1479 895 1505 item

113 1523 212 1551 mortis
228 1523 390 1558 CleOpatraa,
408 1523 464 1550 sive
491 1523 609 1558 primum
628 1523 781 1556 Actiacum,
802 1532 897 1552 nume~

113 1569 171 1596 rari
195 1568 279 1602 5465;
297 1576 312 1595 a
329 1576 385 1603 quo
398 1568 527 1603 deinceps
543 1569 576 1595 ad
589 1568 705 1604 Augusti
728 1570 830 1597 obitum
849 1578 894 1605 pu-
907 1581 932 1612 ρ

114 1618 211 1641 tantur
224 1614 287 1641 anni
302 1614 352 1641 43:
369 1614 408 1641 sic
423 1618 453 1641 ut
462 1622 533 1642 anno
546 1614 669 1649 ejusdem
686 1623 746 1642 tera:
759 1615 828 1646 5506
842 1616 896 1643 Au-

115 1663 216 1694 gustus
239 1659 402 1692 excesserit;
425 1666 486 1686 cum
507 1666 580 1686 anno
589 1659 658 1687 5495
672 1659 797 1687 Christus
814 1659 896 1688 adve—

116 1705 215 1733 nisset.
230 1704 269 1731 Ex
280 1704 314 1732 iis
325 1705 396 1731 inter
409 1711 441 1732 se
452 1704 616 1740 comparatis
624 1705 671 1736 ita,
683 1705 754 1740 quod
771 1705 895 1733 volumus

116 1749 246 1777 efﬁcitur.
274 1750 353 1776 Anno
380 1749 487 1776 decimo
516 1752 613 1783 quarto
641 1757 703 1776 tera:
736 1749 896 1777 Christianae

116 1799 243 1822 mortuus
260 1798 302 1822 est
315 1794 471 1829 Augustus;
491 1794 594 1833 periodi
607 1793 721 1821 Julianaa
731 1794 810 1826 4727,
825 1799 854 1821 ιιι
868 1795 895 1822 in

117 1840 190 1867 libro
205 1839 240 1866 De
254 1839 374 1866 doctrina
392 1844 535 1873 temporum
551 1838 596 1871 XI,
613 1846 672 1874 cap.
691 1838 735 1870 VI,
754 1839 895 1874 probatum

117 1889 171 1914 est.
191 1885 225 1912 Ut
239 1886 320 1920 igitur
333 1885 461 1912 detractis
476 1885 554 1911 annis
570 1892 614 1911 xw
627 1885 660 1912 de
681 1884 751 1911 4727
771 1885 896 1912 residuus

118 1935 162 1959 est
178 1931 212 1963 is,
236 1931 264 1957 in
278 1938 358 1965 quem
374 1930 492 1965 vulgaris
512 1929 615 1957 Christi
634 1930 733 1957 natalis
753 1931 893 1964 competit:

117 1983 147 2004 et
157 1976 356 2012 sequenti/£714
364 1977 468 2011 primus
479 1984 540 2004 mra:
552 1976 712 2004 Christianae
724 1976 818 2012 incipit
829 1986 837 2010 ;
851 1977 901 2004 cui.

118 2023 337 2050 lncarnationem
346 2026 372 2050 et
379 2022 500 2050 Natalem
512 2023 683 2057 computista:
692 2027 827 2050 nostrates
835 2030 896 2049 cum

118 2068 222 2096 Graecis
232 2068 386 2095 aiﬁxerunt:
403 2069 443 2095 sic
451 2068 485 2095 de
496 2075 567 2094 anno
578 2067 713 2095 Panodori
725 2067 794 2094 5506
811 2067 901 2095 detra-

118 2114 172 2140 ctis
185 2122 239 2145 xiv,
247 2114 360 2141 exsistet
370 2121 457 2141 annus
466 2113 534 2140 5495
544 2122 551 2146 ;
562 2113 606 2140 cui
616 2112 663 2148 τὴν
673 2113 796 2148 γέννησιν
806 2112 898 2139 Salva-

118 2158 496 2186 torisPanodorusattribuit.
508 2159 614 2185 Rursus
625 2158 776 2185 Alexander
785 2158 897 2192 Magnus

120 2203 201 2239 periit
215 2211 286 2231 anno
303 2204 407 2239 periodi
422 2203 536 2231 Juliana:
555 2203 637 2236 4390,
654 2203 701 2238 qui
727 2208 768 2230 est
790 2207 897 2230 trecen-

940 287 1027 322 primo
1056 287 1230 323 Dionysiano.
1261 287 1349 315 Deceo
1373 288 1428 322 jam
1456 288 1533 315 annis
1553 291 1615 315 octo
1628 295 1716 314 remo-

940 335 998 358 tum
1013 332 1047 360 ab
1061 339 1094 359 eo
1106 333 1221 360 alterum
1230 341 1301 366 esse,
1318 333 1364 367 qui
1384 333 1529 368 quinquies
1544 333 1716 359 millesimum

939 377 1185 412 quingentesimum
1218 379 1335 413 primum
1372 385 1472 404 annum
1510 382 1625 413 occupat
1656 385 1717 405 mne

939 422 1057 455 Maximi,
1079 430 1110 450 ac
1126 423 1307 457 Theophanis,
1336 428 1362 450 et
1388 422 1493 458 Georgii
1520 423 1647 458 Syncelli.
1671 423 1717 452 Et—

940 469 1021 500 enim,
1039 469 1111 503 quod
1127 469 1175 496 lib.
1198 468 1232 496 IX
1253 469 1290 505 (p.
1307 469 1334 503 5)
1357 468 1394 496 De
1422 469 1542 496 doctrina
1562 475 1715 504 temporum,

940 514 1157 542 animadversum
1185 519 1236 547 est,
1261 515 1402 542 character
1428 523 1559 543 annorum
1591 515 1715 548 istorum,

940 568 994 595 quo
1009 560 1231 588 discernuntura
1254 561 1343 593 nobis,
1366 561 1479 589 indictio
1504 565 1553 593 est,
1566 569 1646 596 quam
1668 570 1716 588 no-

941 606 1044 633 biscum
1057 606 1095 632 illi
1111 614 1282 635 communem
1295 607 1429 639 obtinent,
1441 612 1498 634 tum
1521 606 1598 639 feria,
1617 608 1658 634 vel
1676 608 1717 634 lu-

941 652 1015 678 naris
1030 654 1095 678 aetas
1109 652 1190 678 certis
1205 651 1301 679 diebus
1315 652 1457 678 attributa.
1475 651 1538 684 Quae
1553 652 1574 679 si
1590 652 1718 680 adhibere

941 697 1074 728 velimus,
1097 697 1124 724 id
1142 705 1202 724 esse
1227 705 1332 728 verum,
1356 697 1428 732 quod
1447 697 1515 729 dixi,
1538 698 1716 733 reperiemus.

940 742 998 769 Duo
1013 747 1076 770 sunt
1100 751 1154 778 prae
1175 745 1279 772 caeteris
1303 749 1441 776 auctores.
1461 744 1509 779 qui
1527 752 1581 772 era
1603 748 1718 771 utuntur

941 788 1001 821 ista,
1024 789 1156 817 Maximus
1182 794 1209 817 et
1234 789 1423 825 Theophanes.
1451 789 1552 817 Horum
1586 790 1660 825 prior
1691 791 1718 817 in
1764 790 1767 792 ’

940 835 1026 869 prima
1053 839 1130 869 parte
1148 835 1278 869 computi.
1297 843 1357 870 cap.
1377 835 1489 868 XXXII,
1506 836 1718 872 evangelismum

941 880 1025 907 beatae
1039 880 1169 916 Virginis,
1188 882 1245 909 sive
1268 881 1494 915 Incarnationem,
1516 882 1644 910 incidisse
1662 883 1719 909 vult

942 933 1014 952 anno
1027 926 1119 953 mundi
1137 926 1216 958 5501,
1231 927 1306 961 cyclo
1320 927 1386 954 solis
1401 936 1461 959 xui,
1479 928 1549 954 Iunte
1565 936 1592 960 x,
1606 927 1672 955 feria
1688 936 1718 960 ιι,

941 971 1062 998 Natalem
1080 976 1169 999 autem
1181 971 1281 1000 Christi
1301 973 1395 1000 eodem
1416 981 1498 1006 anno,
1514 973 1581 1000 feria
1595 982 1630 1001 IV.
1647 973 1719 1006 Quo-

943 1018 1015 1044 niam
1041 1018 1123 1053 igitur
1150 1018 1363 1053 Εὐαγγελισμὺς,
1386 1027 1467 1053 quam
1489 1020 1719 1046 Annuntiationcm

943 1063 1036 1090 Latina
1044 1068 1121 1091 vocat
1133 1064 1263 1096 Ecclesia,
1277 1068 1331 1090 tam
1345 1071 1360 1090 a
1372 1063 1472 1092 Graecis
1483 1071 1563 1099 quam
1579 1073 1594 1091 a
1608 1065 1718 1098 nostris,

943 1109 1032 1136 Martii
1045 1117 1097 1136 xxv
1110 1109 1230 1143 ponitur,
1246 1116 1358 1136 necesse
1373 1113 1414 1136 est
1427 1108 1619 1137 Dominicalem
1635 1109 1720 1138 fuisse

943 1154 1061 1182 litteram
1082 1153 1112 1182 F.
1130 1154 1211 1181 Addit
1230 1161 1291 1189 cap.
1313 1153 1421 1181 XXXIII
1440 1155 1614 1182 indietioncm
1635 1155 1720 1185 fuisse

943 1204 1007 1227 tunc
1034 1208 1084 1232 xu,
1108 1201 1196 1235 capite
1219 1208 1300 1236 porro
1325 1199 1434 1226 XXXIV
1458 1201 1647 1237 χρηματισμὸν
1669 1202 1720 1234 Ζτιτ

943 1246 1042 1273 chariae
1057 1245 1208 1280 Septembri
1223 1255 1295 1273 xxvn
1309 1246 1353 1273 die
1368 1248 1515 1282 contigisse
1532 1239 1636 1281 narrat,
1652 1248 1719 1276 feria

943 1299 969 1323 v,
986 1292 1062 1327 cyclo
1077 1292 1142 1319 solis
1156 1300 1203 1324 χιι,
1222 1292 1292 1319 lunte
1307 1300 1343 1320 Ix.
1361 1292 1478 1320 Proinde
1491 1293 1580 1322 littera
1598 1293 1721 1321 Domini-

944 1338 1011 1366 calis
1025 1341 1083 1366 erat
1097 1337 1130 1365 G.
1146 1338 1211 1365 Item
1226 1343 1318 1365 natum
1338 1347 1398 1366 esse
1414 1338 1542 1367 Joannem
1556 1339 1629 1369 Junii
1644 1348 1718 1372 xxiv,

945 1383 1011 1411 feria
1034 1391 1062 1417 ιι,
1077 1391 1172 1419 nempe
1186 1384 1276 1411 littera
1294 1384 1452 1411 Dominicali
1471 1383 1502 1412 F.
1520 1384 1558 1411 Ex
1578 1388 1617 1411 tot
1635 1392 1720 1411 anno-

945 1438 1004 1457 rum
1015 1430 1234 1458 characterismis
1245 1430 1372 1463 efﬁcitur,
1389 1430 1524 1458 Zachariae
1531 1430 1721 1466 χρηματισμὸν

945 1479 972 1502 et
985 1478 1143 1509 conceptum
1169 1474 1281 1503 Joannis
1308 1475 1406 1503 cadere
1426 1475 1454 1503 in
1481 1483 1582 1503 annum
1614 1477 1720 1511 periodi

945 1520 1058 1548 Iuliana;
1072 1520 1150 1554 47%,
1166 1520 1211 1556 qui
1230 1525 1271 1548 est
1286 1529 1346 1548 terte
1360 1522 1512 1549 communis
1527 1526 1651 1553 Octavus,
1667 1530 1722 1557 quo

947 1564 1033 1592 littera
1050 1564 1100 1592 fuit
1116 1564 1138 1592 G
1154 1570 1214 1600 post
1229 1564 1365 1592 Martium.
1388 1565 1607 1594 lncarnationem
1630 1571 1720 1598 autem

944 1609 1119 1645 Natalemque
1133 1610 1245 1642 Christi,
1261 1615 1288 1638 et
1303 1616 1364 1639 ante
1378 1612 1450 1640 hunc
1468 1611 1607 1648 Joannist
1618 1612 1645 1640 in
1670 1621 1721 1640 an-

945 1662 1009 1681 num
1022 1654 1102 1688 4722,
1117 1662 1177 1682 terte
1201 1655 1364 1687 Christianae
1393 1664 1506 1690 nonum,
1528 1658 1574 1692 qui
1603 1658 1722 1688 litteram

945 1701 1038 1728 habuit
1054 1700 1084 1728 F.
1103 1700 1149 1728 Sic
1164 1702 1241 1729 annis
1255 1706 1316 1729 octo
1332 1701 1435 1729 tardior
1448 1706 1490 1729 est
1506 1703 1605 1730 natalis
1627 1703 1719 1730 Domi—

945 1747 1023 1774 nieus
1050 1747 1078 1774 in
1103 1747 1153 1774 hac
1182 1755 1247 1779 aera,
1276 1755 1357 1783 quam
1382 1748 1409 1775 in
1431 1749 1577 1776 communi.
1601 1749 1731 1783 Idipsum

945 1793 1138 1824 ἀποδεικτικῶς
1152 1801 1258 1829 quoque
1272 1795 1408 1830 colligitur
1418 1803 1452 1822 ex
1466 1803 1526 1830 cap.
1539 1794 1646 1821 XXXIII
1663 1803 1723 1830 par-

944 1839 980 1866 tis
997 1839 1090 1873 prima:
1105 1840 1224 1875 computi
1244 1839 1363 1867 Maximi.
1383 1841 1488 1877 Quippe
1505 1841 1620 1876 Augusti
1636 1841 1722 1876 impe-

945 1885 978 1911 rii
994 1885 1142 1912 secundum
1158 1893 1258 1913 annum
1275 1887 1312 1913 ait
1325 1895 1385 1915 esse
1397 1888 1587 1921 mundi‘6460,
1604 1895 1657 1924 quo
1672 1888 1721 1915 fuit

946 1930 1039 1958 indict.
1057 1939 1077 1964 ι,
1090 1931 1261 1958 incarnatum
1273 1940 1338 1960 vero
1356 1941 1416 1962 esse
1428 1933 1566 1962 Christum
1581 1941 1651 1960 anno
1664 1934 1721 1960 Au-

945 1975 1017 2011 gusti
1027 1977 1101 2009 xuii,
1114 1976 1209 2005 indict.
1223 1985 1271 2005 xu.
1288 1977 1325 2006 Ex
1339 1987 1392 2014 quo
1407 1987 1576 2015 consequens
1593 1984 1634 2007 est
1651 1987 1723 2006 anno

945 2021 1010 2048 Julii
1033 2030 1070 2049 xu
1095 2023 1197 2058 periodi
1217 2023 1329 2052 Iuliana:
1345 2025 1414 2052 4680
1437 2025 1552 2060 Augusti
1577 2026 1721 2060 imperium

946 2068 1051 2101 iniisse,
1066 2073 1092 2096 et
1108 2076 1208 2096 annum
1229 2069 1293 2097 Julii
1312 2078 1370 2102 xm,
1390 2071 1493 2106 periodi
1515 2071 1628 2099 Iuliana:
1653 2071 1719 2098 4681

947 2115 1094 2142 secundum
1110 2122 1171 2142 essc
1180 2115 1355 2144 monarchire.
1368 2116 1487 2152 Intellige
1502 2118 1635 2144 labentem
1647 2121 1722 2144 ιιιΓο-

947 2160 1038 2195 bique.
1068 2159 1175 2189 Etenim
1205 2163 1319 2198 Augusti
1343 2170 1429 2190 annos
1459 2170 1475 2189 a
1506 2162 1593 2189 Thoth
1615 2163 1722 2197 incipit.

947 2205 1064 2233 Proinde
1090 2207 1195 2242 primus
1223 2206 1311 2234 Thoth
1339 2215 1433 2234 revera
1463 2207 1558 2237 incidit
1579 2208 1606 2234 in
1623 2215 1723 2234 annum

120 2249 236 2276 tesimus
247 2250 393 2277 vicesimus
409 2254 523 2284 quartus
533 2253 596 2276 ante
609 2248 894 2277 Christianam-32mm-
912 2252 937 2279 D
947 2251 1011 2279 Jttlii
1028 2261 1068 2285 Ill,
1093 2252 1197 2287 periodi
1218 2252 1333 2280 Julianze
1352 2253 1417 2280 4711
1431 2263 1437 2280 :
1451 2258 1478 2280 at
1492 2261 1526 2280 ex
1545 2252 1652 2280 Maximi
1665 2254 1722 2280 cal-

120 2294 213 2327 Quare
229 2296 299 2322 sicut
314 2294 414 2322 additis
425 2294 477 2322 521
495 2295 528 2322 ad
547 2294 628 2327 4589,
645 2294 789 2322 conﬁcitur
808 2302 901 2322 annus

121 2339 222 2367 natalis
235 2340 388 2367 communis
408 2340 436 2367 in
457 2339 565 2367 Juliana
585 2340 695 2374 periodo
707 2340 788 2373 4715,
805 2339 844 2367 sic
864 2339 900 2366 ad

121 2393 224 2413 annum
239 2385 312 2414 5I69
322 2386 422 2413 additis
437 2386 500 2418 524,
523 2386 664 2420 consurgit
687 2393 775 2413 annus
797 2385 824 2412 in
844 2393 903 2414 aera.

120 2430 258 2458 Panodori
273 2431 352 2463 5493,
366 2432 412 2466 qui
426 2431 671 2459 Alexandrinorum
683 2431 808 2466 populari
822 2438 898 2458 exor-

121 2477 169 2504 dio
183 2478 265 2513 coepit
279 2478 314 2505 ab
330 2477 452 2512 Augusto
466 2481 581 2504 exeunte
592 2477 656 2503 anni
669 2477 749 2507 4715,
766 2477 897 2504 ecclesia-

122 2522 193 2549 stica
216 2530 281 2549 vero
299 2522 494 2550 consuetudine
504 2529 520 2548 ει
534 2529 597 2549 vere
610 2521 673 2548 anni
686 2521 765 2548 4714.
777 2521 899 2557 Denique

123 2567 228 2602 primus
246 2575 333 2595 annus
349 2568 487 2599 Actiacus,
510 2568 567 2595 sive
581 2567 677 2595 mortis
693 2568 854 2602 Cleopatrae,
870 2569 898 2595 in

120 2611 230 2639 Juliana
243 2613 352 2647 periodo
367 2617 407 2640 est
421 2612 500 2644 4684,
513 2612 546 2639 ad
561 2620 640 2647 quem
653 2612 772 2647 adjuncti
787 2613 852 2640 anni
864 2613 906 2640 45

121 2659 251 2685 desinunt
268 2659 295 2685 in
309 2666 409 2685 artuum
417 2658 497 2691 4727,
508 2666 561 2694 quo
572 2659 710 2694 Augustus
720 2658 779 2686 fato.
789 2659 899 2687 functus

122 2708 176 2730 est.
198 2703 298 2731 Eodem
320 2704 400 2731 modo
422 2705 445 2732 si
468 2705 502 2732 43
521 2704 634 2739 adjicias
652 2706 686 2732 ad
704 2706 783 2738 5465,
800 2707 907 2735 εοιιίὶειν

123 2749 152 2775 in
167 2748 300 2776 Panodori
316 2753 443 2785 computo
454 2757 542 2778 annus
557 2750 636 2783 5506,
649 2759 704 2786 quo
720 2752 783 2779 item
803 2760 900 2780 exces-

125 2795 162 2821 sit
175 2793 313 2829 Augustus
328 2804 334 2822 :
353 2796 399 2823 sed
416 2796 509 2824 exiens
523 2801 634 2831 uterque
645 2805 733 2825 annus
748 2798 898 2830 habendus,

124 2843 255 2874 sequente
274 2839 342 2867 5507
358 2845 384 2868 et
404 2841 481 2868 5464.
505 2842 639 2874 Quocirca
657 2843 725 2870 nihil
744 2848 785 2871 est
799 2845 900 2872 certius

124 2892 205 2920 quam
223 2885 419 2914 incarnationis
440 2895 549 2919 annum,
573 2889 599 2916 iu
621 2897 699 2923 quem
717 2889 850 2918 Panodori
864 2891 899 2918 ab

949 2298 1011 2325 culo
1030 2298 1144 2333 contigit
1166 2306 1239 2326 anno
1259 2297 1323 2326 Julii
1340 2307 1377 2330 χι,
1391 2298 1491 2334 periodi
1507 2298 1620 2326 Juliana:
1642 2299 1722 2326 4679.

949 2342 1026 2370 Unde
1040 2350 1110 2370 anno
1132 2343 1196 2370 4681
1227 2344 1254 2370 1η
1281 2351 1364 2371 cursu
1387 2347 1446 2372 erat
1473 2344 1562 2373 adhuc
1588 2344 1726 2372 secundus

948 2388 1062 2424 Augusti
1078 2396 1139 2415 cum
1156 2389 1302 2417 indictione
1313 2397 1331 2416 ι.
1345 2389 1419 2417 Adde
1433 2397 1519 2417 annos
1530 2398 1573 2416 xu
1585 2390 1702 2424 reliquos
1715 2397 1722 2420 ;

950 2435 1069 2462 incurret
1089 2442 1177 2462 annus
1193 2435 1307 2470 Augusti
1327 2443 1403 2467 irent,
1419 2443 1473 2470 quo
1499 2436 1657 2462 incarnatus
1682 2440 1724 2462 est

949 2480 1085 2514 Christus,
1105 2481 1133 2508 in
1155 2488 1255 2508 annum
1269 2481 1407 2509 lulianum
1424 2489 1478 2514 ιιν,
1492 2482 1596 2518 periodi
1611 2481 1724 2508 Julianae

948 2527 1028 2561 4722,
1044 2528 1082 2554 ita
1099 2531 1128 2554 ut
1142 2535 1213 2555 anno
1233 2528 1340 2556 Juliano
1362 2530 1408 2556 Llli
1427 2537 1442 2556 a
1459 2529 1547 2556 Thoth
1572 2528 1672 2559 inierit,
1697 2531 1725 2554 ct

949 2572 1048 2600 Martio
1077 2580 1169 2600 mense
1184 2574 1351 2609 insequentis
1367 2575 1429 2601 anni
1451 2573 1576 2601 tenuerit.
1590 2572 1671 2600 Vides
1694 2576 1724 2598 ut

950 2617 1029 2645 annis
1056 2621 1117 2645 octo
1131 2618 1265 2647 tardiores
1292 2620 1348 2646 sint
1371 2619 1479 2654 epocha:
1503 2625 1597 2644 omnes
1623 2617 1650 2644 in
1670 2617 1723 2644 isto

950 2667 1088 2697 computo.
1113 2663 1179 2690 Nam
1194 2663 1283 2691 Thoth
1304 2664 1433 2698 Augustei
1451 2662 1556 2697 imperii
1575 2666 1617 2689 est
1636 2670 1723 2688 annus

949 2709 1037 2737 Julius
1052 2711 1090 2742 ui,
1110 2717 1123 2736 a
1142 2710 1258 2737 Maximo
1274 2717 1338 2737 vero
1353 2709 1381 2735 ﬁt
1397 2717 1434 2736 ιι.
1451 2708 1549 2735 Eadem
1560 2711 1587 2735 et
1603 2707 1631 2734 in
1646 2707 1724 2734 Nice-

950 2756 1026 2790 pltori
1051 2755 1185 2782 Chronico
1216 2755 1381 2790 perturbatio
1409 2757 1460 2786 est,
1487 2753 1533 2788 qui
1560 2761 1621 2780 cum
1653 2761 1723 2780 anno

950 2800 1045 2828 Adami
1056 2801 1136 2834 5501,
1154 2800 1260 2836 imperii
1270 2799 1385 2835 Augusti
1402 2807 1467 2831 mi,
1491 2803 1573 2834 ponat
1597 2800 1724 2826 incarna-

950 2846 1049 2874 tionem
1072 2847 1191 2879 Domini;
1215 2846 1389 2873 nihilominus
1419 2853 1518 2872 annum
1543 2845 1658 2872 Nicmnae
1681 2853 1726 2880 sy‘

953 2892 1016 2919 nodi
1042 2897 1166 2919 numerat
1192 2892 1226 2919 ab
1248 2891 1434 2919 Incarnationc
1461 2899 1586 2918 θυεμ-ιιι.
1613 2895 1640 2918 ct
1664 2895 1726 2918 octo
