1900 3137
211 174 277 202 1599

697 173 739 199 AD
760 173 892 201 EUSEBII
910 171 1105 202 CHRONICON
1127 170 1306 198 APPENDIX.

1755 167 1824 193 11110

209 235 288 262 annis
301 233 391 261 minus
411 233 485 260 dicit.
509 232 564 260 Nos
587 233 614 260 in
643 241 714 261 nono
729 234 767 262 De
786 235 906 263 doctrina
920 241 983 263 tem-
997 240 1020 267 Α
1034 242 1094 262 esse
1108 233 1201 260 volunt
1221 231 1300 263 5777,
1314 227 1510 255 lncarnationis
1522 226 1593 259 277;
1610 223 1686 260 alqui
1703 231 1737 250 ex
1763 225 1822 251 illo-

208 287 310 313 porum,
321 286 380 313 cap.
402 277 443 308 IV,
459 278 527 304 duos
540 278 600 305 illos
612 286 699 306 annos
713 281 912 316 χρηματισμοῦ.
933 282 984 309 Za-

209 325 309 351 charias
345 328 372 351 et
406 323 602 350 lncarnationis
638 332 654 351 a
691 324 806 353 Maximo
835 331 982 362 conceptos

210 370 351 397 retulimus
375 369 401 395 in
430 368 500 396 47I0
530 372 557 396 et
580 369 646 395 1711
675 370 778 404 periodi
795 371 919 405 Julianze,
935 373 981 407 qui

210 415 303 442 iisdem
320 414 533 441 Domiuiealibus
550 414 647 442 litteris
663 415 846 445 instruuntur.
862 416 915 445 Sed
941 418 982 445 in-

208 459 290 486 dictio
318 458 375 490 XII,
399 466 480 493 quam
505 459 588 486 natali
601 458 705 488 Christi
723 460 856 490 Maximus
872 470 981 490 accom-

208 505 306 536 modat,
319 511 419 530 annum
436 503 532 531 suadet
546 504 626 537 4722,
643 513 698 540 quo
725 505 848 534 Romana
869 507 981 536 indictio

206 553 263 576 erat
282 550 309 576 in
332 556 414 576 cursu
433 557 471 576 xu
489 557 502 576 a
517 549 658 585 Januario,
674 551 716 578 vel
742 559 757 578 a
772 551 879 585 Martio,
901 552 981 588 Apri-

206 596 267 627 live,
292 599 322 622 ut
344 601 421 631 putat
444 595 586 624 Maximus.
608 595 654 624 Sic
673 596 700 624 in
721 597 855 632 baptismo
878 597 980 626 Christi

205 649 237 668 ac
255 641 381 676 passione
399 641 472 668 labes
495 641 587 668 eadem
612 641 732 676 computi
749 642 878 675 cernitur,
895 643 981 678 siqui-

205 686 264 713 dem
283 694 343 722 cap.
373 686 469 713 XXXII
491 686 655 721 baptizatum
678 695 694 714 a
714 687 818 715 Joanne
841 688 979 716 Christum

206 736 336 759 memorat
357 739 428 759 anno
446 732 613 766 5530,_fcria
629 740 668 760 IIl.
688 732 759 768 Ergo
776 733 864 761 littera
887 733 979 762 Domi-

205 779 260 805 nic.
278 777 308 810 D,
325 777 438 811 adjectis
455 785 518 805 xxix
532 778 565 805 ad
583 785 643 805 eum
656 786 768 812 annum,
784 787 837 814 quo
852 779 979 806 incarna-

204 826 249 849 tus
267 825 318 849 est.
337 821 414 849 Unde
425 825 466 849 est
482 821 527 849 hic
544 829 631 849 annus
643 823 746 858 periodi
763 823 877 851 Julianaa
898 824 977 857 4752,

204 875 257 901 quo
272 867 305 894 ad
321 875 433 894 vernum
462 875 548 902 usque
576 875 696 896 mensem
724 868 864 896 labebatur
890 876 977 897 annus

1033 286 1092 306 rum
1108 281 1198 304 mente
1226 276 1249 303 is
1271 282 1332 302 esse
1354 273 1432 300 debet
1453 280 1512 299 terte
1545 275 1652 299 nostrae
1679 269 1746 297 285.
1778 269 1821 297 Sic

1032 324 1209 359 Theophanes
1232 319 1404 348 Constantini
1429 318 1533 345 obitum
1557 317 1645 345 refert
1671 316 1700 343 in
1715 323 1821 342 annum

1031 366 1426 400 mundi5829,lncarnationis
1438 364 1507 392 329:
1537 371 1619 398 quem
1645 367 1756 390 certum
1781 367 1823 389 est

1031 423 1090 442 mra:
1105 413 1255 442 communis
1271 419 1343 439 anno
1357 411 1408 437 557
1429 409 1570 437 incidisse.
1587 409 1699 447 Rursus
1714 407 1818 434 Valen-

1031 461 1127 488 tiniani
1142 460 1282 488 exordium
1305 457 1410 485 confert
1437 457 1465 483 in
1492 463 1594 483 annum
1620 454 1718 481 mundi
1750 453 1820 480 5857

1030 501 1188 538 exeuntem;
1205 508 1334 539 sequente
1347 510 1406 529 mox
1421 501 1501 533 5858,
1519 501 1650 536 quoniam
1666 499 1818 527 Februario

1030 556 1137 579 creatus
1151 555 1193 578 est
1210 550 1372 584 imperator;
1391 548 1491 575 Christi
1508 552 1598 574 autem
1609 549 1755 581 computat
1768 546 1818 573 557

1030 596 1121 624 itidem
1137 598 1291 623 exeuntem.
1311 593 1459 621 Discrimen
1477 599 1611 619 annorum
1638 591 1666 622 7,
1683 591 1816 625 quemad-

1029 641 1139 670 modum
1160 645 1187 669 et
1207 641 1234 668 in
1257 647 1329 666 anno
1345 638 1452 666 concilii
1466 638 1721 670 Chalcedonensis,
1744 637 1814 671 quod

1031 695 1102 715 anno
1118 686 1212 714 mundi
1236 685 1315 718 5944,
1339 684 1488 712 indictione
1503 693 1519 711 v
1537 684 1709 711 celebratum
1723 682 1812 715 docet,

1030 741 1101 761 anno
1116 732 1217 761 Christi
1237 732 1300 759 444.
1316 731 1397 766 Atqui
1414 738 1486 758 anno
1502 730 1551 757 451
1576 738 1639 759 tera:
1653 735 1762 758 nostra
1776 735 1815 757 est

1029 779 1160 811 habitum,
1176 778 1216 806 sic
1235 785 1290 804 uno
1304 776 1439 803 interdum
1452 783 1524 802 anno
1541 775 1576 802 ab
1592 775 1721 802 instituta
1732 775 1814 801 chro-

1028 824 1138 859 nologia
1153 821 1332 856 Theophanes
1347 821 1472 853 aberrat:
1490 826 1521 846 ac
1543 823 1649 854 septem
1675 826 1810 846 annorum

1029 867 1216 896 tantummodo
1232 867 1378 894 discrimen
1396 865 1477 898 facit;
1493 872 1554 892 cum
1572 868 1638 892 octo
1648 872 1713 892 esse
1726 872 1812 892 anno-

204 913 310 940 llaximi
322 913 391 942 5550
408 916 435 940 et
453 913 517 940 5551
539 913 601 941 inde
618 914 760 941 successit.
784 914 850 942 Item
871 915 977 950 passio—
993 904 1014 933 Β
1029 922 1087 942 rum
1101 916 1225 948 oporteat
1236 919 1268 939 ex
1282 911 1356 939 illius
1365 911 1514 938 ratiociniis
1526 919 1533 936 :
1547 910 1627 945 cujus
1641 910 1712 937 ratio
1720 917 1756 937 ex
1771 911 1812 941 iis.

204 967 264 986 nem
283 959 385 986 Christi
405 959 516 994 conjicit
530 960 558 987 in
584 967 683 987 annum
699 960 779 992 5554,
791 967 822 987 ac
839 960 911 988 diem
925 959 977 987 Pa-

203 1012 342 1035 rasccves:
367 1013 426 1040 quae
440 1006 546 1041 quidem
564 1005 652 1032 Martii
674 1013 740 1032 xxtu
758 1005 882 1040 contigit,
899 1010 928 1033 ut
944 1014 977 1034 ex

203 1047 317 1083 Georgio
342 1057 402 1076 mox
428 1050 597 1085 probabitur,
613 1050 703 1077 littera
723 1049 855 1078 Dominic.
879 1050 911 1078 G.
925 1050 978 1078 Ita-

202 1101 255 1128 que
269 1101 356 1121 annus
375 1093 426 1121 fuit
441 1095 544 1129 periodi
560 1094 673 1122 Iuliana:
686 1095 767 1123 4755.
791 1095 857 1129 Quae
871 1095 978 1124 Graeco-

203 1146 262 1165 rum
276 1141 407 1167 sententia
422 1148 477 1167 non
493 1141 578 1176 magis
593 1141 696 1176 reliqua
713 1141 746 1169 ab
762 1141 885 1176 historia,
897 1150 977 1178 quam

202 1184 235 1212 ab
247 1185 399 1220 evangelica
414 1186 569 1214 narratione
581 1187 726 1222 discrepat.
744 1187 810 1215 Nam
827 1188 926 1216 Tiberii
943 1197 977 1216 xv

202 1229 258 1257 fere
273 1230 423 1265 baptizatus
437 1236 479 1258 est
496 1231 635 1265 Christus;
653 1236 680 1259 et
695 1232 790 1260 eodem
809 1233 974 1267 imperante,

202 1276 292 1308 tertio,
306 1280 436 1310 quartove
453 1283 524 1304 anno
539 1282 630 1312 postea
643 1285 740 1312 passus
754 1287 760 1305 :
776 1281 803 1305 at
821 1286 853 1306 ex
867 1279 975 1306 Maximi

201 1326 327 1355 computo
342 1322 474 1356 sequitur,
488 1322 552 1350 Caio
571 1323 720 1358 imperante
736 1327 762 1351 et
779 1324 837 1359 ejus
853 1332 924 1352 anno
935 1333 976 1352 se-

202 1367 289 1393 cundo
302 1367 334 1394 ad
348 1367 512 1402 baptismum
528 1367 641 1398 Joannis
657 1371 805 1398 accessisse
833 1371 974 1399 Dominum

200 1417 227 1439 et
249 1421 358 1448 passum
385 1422 445 1442 esse
461 1413 566 1443 Claudii
591 1415 727 1444 secundo:
751 1425 811 1452 qua:
835 1422 899 1446 sunt
928 1418 976 1446 ab-

201 1459 372 1486 surilissima.

236 1503 369 1539 Georgius
394 1504 534 1539 Syncellus
558 1506 586 1534 in
615 1507 707 1535 eadem
737 1513 779 1536 est
805 1517 886 1537 causa
912 1518 973 1537 cum

1028 968 1087 996 qua:
1107 960 1140 988 de
1157 966 1289 986 annorum
1310 958 1396 986 initiis
1411 958 1439 985 in
1457 964 1529 984 anno
1548 956 1659 984 Juliano
1673 957 1812 988 dicentur.

1028 1010 1164 1041 utcunque
1177 1004 1322 1032 constabit.

1061 1063 1100 1090 Ex
1124 1062 1167 1090 his
1180 1061 1306 1089 omnibus
1320 1060 1392 1096 quod
1418 1060 1495 1087 initio
1512 1060 1658 1095 posuimus
1684 1059 1810 1089 edicitur.

1026 1109 1108 1136 trium
1127 1115 1242 1136 terarum
1256 1107 1324 1134 duas
1338 1106 1555 1134 lncarnationem
1571 1105 1677 1133 Christi
1695 1106 1812 1133 diversis

1026 1154 1105 1180 annis
1126 1153 1272 1188 attingere;
1289 1159 1321 1178 ac
1337 1151 1447 1186 prioris,
1462 1159 1522 1186 quae
1535 1151 1603 1178 5501
1635 1155 1727 1186 putat,
1747 1150 1811 1178 ulti-

1026 1206 1100 1226 mum
1113 1191 1259 1226 convenire
1270 1197 1372 1225 Christi
1395 1204 1466 1223 anno
1481 1204 1573 1230 nouo;
1590 1197 1713 1224 alterius
1735 1204 1810 1227 vero,

1026 1252 1085 1279 quae
1097 1244 1166 1272 5495
1178 1247 1310 1276 numerat,
1327 1250 1399 1270 anno
1413 1244 1499 1278 primo
1511 1252 1517 1269 :
1529 1243 1656 1277 adeoque
1670 1251 1727 1270 non
1743 1243 1811 1270 duos

1026 1290 1138 1318 annales
1166 1295 1324 1324 computos;
1346 1288 1394 1316 sed
1419 1296 1503 1315 unum
1525 1293 1553 1315 et
1580 1289 1710 1316 eumdem
1741 1297 1809 1316 esse.

1026 1336 1132 1364 Etenim
1160 1343 1263 1362 annum
1289 1334 1451 1362 Christiana:
1481 1334 1522 1361 vel
1549 1333 1727 1369 Dionysiame
1752 1342 1812 1361 tera

1025 1382 1141 1417 primum
1157 1385 1272 1415 uterque
1286 1383 1429 1415 computus
1440 1380 1511 1407 5495
1523 1384 1651 1407 numerat
1665 1390 1672 1407 ;
1688 1388 1741 1407 nec
1759 1389 1810 1406 non

1025 1436 1126 1455 annum
1160 1427 1282 1462 ejusdem
1314 1433 1376 1453 εει-δε
1402 1433 1504 1453 nonum
1537 1429 1654 1460 uterque
1687 1431 1812 1452 recenset

1025 1474 1103 1501 5501.
1121 1473 1225 1507 Quippe
1240 1472 1274 1500 de
1290 1479 1362 1499 anno
1375 1476 1500 1498 currente
1515 1472 1607 1498 mundi
1623 1471 1659 1498 ad
1681 1471 1811 1498 lui-arua-

1025 1519 1107 1546 tionis
1121 1526 1222 1545 annum
1235 1517 1432 1551 asscquendum
1451 1517 1556 1551 priores
1570 1525 1659 1544 annos
1676 1517 1750 1544 55ου
1765 1518 1810 1544 dc~

201 1548 327 1604 Maximo.
345 1549 410 1576 Nam
435 1553 462 1577 et
488 1558 598 1584 passum
623 1560 684 1580 esse
700 1553 756 1580 vult
771 1553 907 1581 Christum
925 1564 973 1582 xui
989 1573 1011 1604 ο
1028 1564 1159 1595 “unum;
1178 1548 1347 1598 posterioies
1368 1548 1498 1594 5492;“
1517 1569 1571 1597 quo
1599 1561 1690 1596 major
1718 1561 1807 1596 hujus.

201 1594 307 1626 Martii,
341 1596 523 1624 resurrexisse
554 1605 616 1624 vero
655 1607 717 1630 xxv,
747 1601 835 1628 aetatis
868 1601 974 1636 expleto

202 1647 298 1670 xxxtu,
314 1648 384 1667 anno
398 1641 432 1668 ab
442 1641 545 1669 Adamo
559 1643 699 1672 desinente
718 1645 798 1677 5555,
823 1650 850 1673 et
867 1647 975 1675 ineunte

201 1685 270 1712 5551
298 1694 331 1712 ex
355 1694 380 1713 a.
408 1686 434 1714 d.
457 1696 502 1714 ιἰιι
524 1688 636 1715 Kalend.
665 1689 748 1725 April.
775 1691 905 1719 I'razterea
926 1700 974 1720 an-

201 1738 264 1756 num
276 1731 371 1758 mortis
382 1731 527 1759 Alexandri
546 1733 632 1769 Magni
644 1740 768 1762 numerat
783 1736 875 1763 mundi
894 1737 972 1768 5170,

202 1775 282 1810 idque
297 1777 323 1803 in
336 1778 463 1804 confesso
477 1779 513 1805 ait
527 1782 596 1814 apud
617 1788 711 1808 omnes
725 1789 796 1809 esse.
812 1781 845 1809 At
860 1782 973 1818 Augusti

201 1822 364 1857 mouarchia:
388 1823 513 1864 primum,
537 1833 597 1859 qua:
616 1833 686 1854 anno
703 1831 763 1861 post
776 1831 890 1855 mortem
910 1822 974 1856 Julii

200 1867 285 1893 altero
314 1869 406 1901 cmpit,
432 1875 491 1895 esse
511 1869 595 1902 5458;
620 1870 741 1904 ejusdem
772 1879 836 1900 vero
861 1878 973 1900 mortem

198 1913 346 1948 contigisse
360 1914 431 1941 inter
452 1914 520 1942 55M
533 1919 558 1942 et
582 1915 661 1947 5515,
679 1925 739 1944 cum
758 1917 882 1945 Christus
893 1926 975 1953 prope

200 1958 334 1986 decimum
351 1960 474 1994 quintum
500 1962 588 1989 aetatis
609 1970 709 1990 annum
730 1967 830 1998 ageret.
845 1964 975 1992 Interval-

200 2005 255 2031 lum
282 2005 316 2032 ab
341 2013 412 2032 anno
437 2006 506 2034 5170
523 2007 549 2034 in
572 2015 651 2042 quem
668 2008 757 2036 Thoth
778 2008 894 2045 Philippi
909 2018 974 2038 con—

199 2050 280 2084 gruit,
295 2051 327 2077 ad
342 2051 410 2079 5158
424 2053 586 2080 monarchiac
600 2054 726 2089 Augusti.
743 2059 807 2082 sunt
821 2056 884 2083 anni
901 2055 972 2090 288;

200 2105 268 2130 quos
286 2097 309 2124 si
324 2097 463 2126 addideris
482 2099 515 2126 ad
537 2108 637 2127 annum
652 2101 755 2135 periodi
766 2100 880 2129 Juliana:
893 2102 972 2135 4590,

199 2150 252 2175 quo
270 2147 391 2171 mortuus
410 2149 452 2172 est
472 2144 622 2173 Alexander
639 2146 761 2181 Magnus,
777 2147 874 2175 confiet
887 2155 974 2176 annus

199 2187 278 2219 4678,
297 2189 342 2222 qui
355 2194 396 2216 est
416 2195 526 2222 octavus
549 2196 609 2226 post
631 2196 743 2219 mortem
756 2192 820 2220 Julii
837 2193 972 2222 Caesaris:

200 2242 259 2268 qua:
276 2241 346 2261 anno
363 2235 431 2262 4670
446 2237 540 2264 incidit

236 2280 340 2307 Rursus
352 2281 521 2310 intervallum
536 2284 569 2311 ab
585 2291 655 2312 anno
666 2284 734 2312 5158
758 2285 791 2311 ad
805 2285 884 2317 5515,
901 2293 974 2313 mor-

200 2327 235 2352 tis
257 2326 382 2360 Augusti.
403 2328 466 2354 anni
486 2329 541 2362 57;
557 2337 625 2364 quos
644 2331 667 2357 si
691 2330 724 2357 ad
742 2338 841 2357 annum
869 2332 973 2367 periodi

203 2371 312 2398 iulianre
329 2371 399 2398 1678
413 2372 536 2406 adjicias,
551 2375 758 2404 exsistelauuus
772 2377 874 2411 periodi
885 2376 985 2405 Julia-.

199 2424 240 2443 u:e
267 2416 346 2447 4755,
374 2424 428 2450 quo
460 2425 587 2447 excessus
604 2420 717 2455 Augusti
742 2422 863 2456 contigit.
891 2423 973 2458 Atqui

200 2462 325 2490 convenit
336 2462 407 2489 hunc
430 2469 501 2490 anno
520 2465 622 2498 periodi
638 2466 752 2494 Juliana:
777 2467 845 2494 4727
862 2468 970 2496 obiisse.

199 2507 284 2542 Igitur
297 2508 375 2535 annis
387 2511 447 2535 octo
465 2516 553 2535 veram
563 2511 690 2544 cpocham
703 2517 824 2539 moratur
832 2513 972 2547 Georgius.

235 2554 303 2581 lliuc
318 2554 383 2581 illud
399 2554 509 2587 accidit,
523 2558 551 2581 ut
571 2555 599 2582 in
617 2558 758 2585 annalibus
778 2558 884 2594 Georgii
902 2558 972 2594 Syn-

200 2599 271 2631 relli,
296 2604 323 2626 et
345 2599 392 2634 qui
407 2600 466 2635 ejus
491 2600 658 2628 continuavit
681 2609 759 2637 opus,
780 2603 971 2639 Theophanis;

201 2653 250 2672 nec
273 2653 327 2672 non
346 2645 427 2681 hujus
453 2646 608 2682 interpretis
632 2647 766 2681 Miscellze,
786 2651 848 2677 anni
873 2650 973 2679 Christi

200 2695 261 2716 octo
277 2691 367 2719 minus
388 2692 528 2727 colligant,
554 2701 635 2728 quam
659 2701 713 2721 tera
729 2697 900 2724 communis:
923 2705 973 2725 nec

199 2739 276 2763 auter
301 2737 434 2765 Maximus
450 2738 576 2766 instituit.
593 2738 640 2767 Hic
657 2741 728 2767 enim
741 2740 857 2769 llcraclii
871 2750 972 2772 annum

200 2789 262 2809 xxxi
279 2791 339 2809 cum
356 2792 427 2811 anno
442 2785 540 2812 Christi
559 2785 610 2812 655
622 2786 758 2820 componit
774 2786 801 2814 in
813 2795 884 2815 anno
898 2796 973 2816 com-

199 2827 288 2854 munis
307 2835 366 2856 :ene
382 2830 428 2856 6M
441 2852 448 2863 ,
464 2835 493 2857 ut
512 2832 591 2866 paulo
615 2837 676 2867 post
695 2832 811 2860 dicetur.
839 2834 972 2869 Georgius

199 2875 225 2899 et
245 2871 420 2907 Timophanes
447 2883 545 2903 annum
568 2878 653 2912 primu
669 2894 680 2901 »ι
699 2877 856 2905 Diocletiani
879 2880 970 2908 mundi

1024 1617 1105 1644 quant
1137 1609 1221 1640 illius,
1255 1607 1378 1635 calculus
1410 1607 1534 1635 efﬁcitur.
1565 1607 1664 1634 Annus
1692 1607 1808 1641 exeinpii

1024 1662 1106 1682 causa
1126 1653 1219 1680 mundi
1239 1652 1310 1688 apud
1326 1652 1471 1680 Maximum
1486 1653 1555 1680 5155
1574 1653 1707 1680 detractis
1729 1652 1807 1682 5500.

1024 1701 1075 1727 erit
1097 1700 1131 1727 ab
1156 1698 1346 1726 lncarnatione
1361 1698 1422 1726 655.
1441 1698 1569 1725 Deductis
1580 1706 1645 1725 vero
1661 1698 1743 1728 5.592,
1761 1706 1808 1732 pu-

1024 1745 1125 1772 tabitur
1144 1744 1206 1776 641,
1227 1745 1260 1771 ad
1291 1752 1372 1780 quem
1402 1752 1494 1771 revera
1526 1744 1661 1772 Maximus
1675 1749 1808 1779 perpetuo

1023 1796 1176 1826 respectum
1192 1790 1298 1818 habuit.
1317 1789 1411 1828 ltaqpe
1426 1791 1452 1816 iu
1476 1791 1555 1817 armis
1570 1791 1675 1817 “mundi
1692 1798 1807 1818 consen-

1024 1837 1094 1864 tiunt
1108 1837 1188 1863 ambo
1203 1836 1333 1871 computi,
1350 1836 1376 1863 in
1390 1836 1469 1864 annis
1485 1836 1686 1864 lucarnationis
1701 1836 1807 1864 dissen-

1024 1881 1103 1907 tiunt.
1117 1880 1175 1907 Non
1203 1880 1301 1907 debent
1320 1880 1401 1915 igitur
1422 1880 1514 1907 mundi
1530 1888 1591 1908 tera:
1615 1881 1658 1908 vel
1674 1881 1805 1915 computi.

1023 1927 1127 1954 censeri
1143 1927 1212 1960 duo;
1230 1927 1275 1954 sed
1290 1934 1361 1953 unus
1376 1926 1521 1959 duntaxat;
1533 1926 1614 1961 cujus
1632 1926 1667 1953 ad
1684 1927 1806 1955 diversos

1024 1981 1109 2000 annos
1133 1972 1233 2000 Christi
1253 1971 1455 2008 ὲνανθρώπησις
1469 1972 1605 2007 alligatur.
1629 1972 1722 2005 Quare
1748 1973 1806 1999 due

1023 2023 1140 2051 tantum,
1158 2018 1229 2053 quod
1244 2018 1411 2049 dicebamus,
1422 2017 1564 2052 praecipua:
1578 2022 1641 2045 sunt
1659 2026 1722 2045 sera:
1735 2017 1807 2045 Gne-

1023 2073 1127 2097 corum,
1143 2072 1237 2099 nempe
1256 2071 1320 2095 una,
1337 2063 1415 2098 cujus
1429 2064 1457 2091 in
1477 2071 1577 2090 annum
1602 2063 1673 2091 5495
1700 2064 1805 2099 primus

1024 2117 1111 2136 annus
1128 2117 1188 2137 aera:
1207 2109 1384 2144 Dionysianm,
1412 2109 1453 2136 vel
1475 2108 1628 2136 communis
1656 2109 1802 2142 congruit:

1023 2159 1050 2182 et
1061 2155 1154 2185 altera,
1172 2161 1232 2188 quae
1256 2153 1379 2181 eumdem
1395 2161 1496 2180 annum
1524 2158 1650 2180 numerat
1680 2154 1715 2180 ab
1741 2154 1803 2181 orbe

1024 2200 1133 2227 condito
1148 2199 1227 2227 5509.
1240 2198 1392 2227 Postcriore
1404 2199 1453 2236 hac
1467 2198 1576 2225 lsaacus
1586 2199 1740 2226 monachus
1753 2200 1803 2226 uti—

989 2243 1010 2270 Ῐ)
1026 2251 1085 2279 tur;
1100 2246 1147 2281 qui
1176 2253 1235 2281 cap.
1260 2245 1293 2272 Ill
1308 2245 1428 2280 computi
1441 2253 1541 2272 annum
1557 2245 1650 2272 mundi
1666 2245 1734 2272 6881
1755 2254 1802 2272 nu-

1024 2296 1110 2319 merat
1133 2299 1206 2323 eum,
1233 2291 1279 2326 qui
1303 2292 1480 2326 aSeptembri
1507 2292 1589 2326 cmpit
1616 2293 1681 2318 anni
1703 2291 1802 2319 Christi

1025 2337 1104 2369 I572,
1121 2345 1176 2372 quo
1192 2344 1263 2364 anno
1287 2335 1412 2364 Octobris
1428 2345 1501 2370 xxvi,
1530 2337 1596 2364 l'eria
1620 2345 1649 2364 ιιι
1672 2338 1800 2372 contigit;

1024 2382 1135 2418 proinde
1146 2382 1234 2409 littera
1243 2381 1262 2409 C
1274 2381 1333 2412 fuit,
1342 2389 1373 2408 ac
1382 2383 1508 2409 nimirum
1517 2389 1605 2410 annus
1615 2382 1718 2410 Christi
1726 2385 1734 2409 1
1741 2383 1799 2411 372.

1023 2427 1145 2462 Demptis
1160 2427 1228 2454 5508
1243 2427 1275 2454 de
1290 2427 1369 2458 6881.
1387 2427 1481 2462 reliqui
1497 2432 1561 2455 sunt
1582 2428 1660 2460 1575,
1678 2429 1799 2464 quando-

1023 2472 1131 2507 quidem
1159 2479 1246 2499 annus
1274 2472 1427 2499 Graecorum
1457 2473 1522 2500 6381
1549 2474 1646 2508 majori
1663 2475 1708 2502 sui
1726 2479 1798 2510 parte

1024 2524 1084 2544 cum
1102 2517 1170 2544 1575
1181 2516 1281 2544 Christi
1292 2518 1446 2551 concurrit;
1461 2522 1506 2545 aut
1517 2526 1532 2545 a
1547 2526 1630 2546 verno
1646 2527 1740 2547 mense
1753 2529 1798 2547 an-

1023 2562 1050 2589 ni
1078 2562 1198 2596 ejusdem
1218 2570 1249 2590 ex
1273 2563 1409 2590 communi
1424 2564 1550 2591 methodo
1571 2564 1681 2591 illorum
1698 2565 1798 2600 incipit,

1023 2608 1062 2636 uti
1077 2616 1138 2636 mox
1152 2609 1300 2636 ostendam.
1311 2608 1441 2636 Prmterea
1455 2608 1524 2636 Gaza
1534 2610 1602 2637 libro
1610 2609 1644 2637 1)(
1659 2612 1753 2637 memil
1761 2620 1797 2640 us.

1023 2660 1073 2687 cap
1088 2652 1159 2687 XXI,
1175 2660 1275 2680 annum
1289 2652 1391 2680 Christi
1407 2652 1587 2680 Romanorum
1603 2654 1712 2680 calculo
1724 2653 1797 2681 H70.

1023 2698 1061 2724 ait
1074 2705 1090 2725 a
1104 2697 1205 2725 Graecis
1219 2698 1308 2733 putari
1324 2698 1417 2725 mundi
1433 2698 1511 2725 6978.
1529 2697 1610 2725 Deme
1625 2706 1716 2726 annos

1023 2747 1126 2771 restant
1152 2744 1230 2771 1470.
1248 2743 1379 2776 Quocirca
1397 2751 1470 2774 cum,
1490 2748 1519 2770 ut
1538 2743 1616 2770 initio
1635 2745 1738 2778 capitis
1752 2744 1796 2770 hu-

1020 2789 1065 2825 jus
1090 2789 1266 2821 ostendimus,
1293 2789 1391 2817 diversi
1416 2789 1453 2816 illi
1476 2791 1595 2824 computi
1621 2794 1794 2820 censeantur.

1022 2836 1067 2872 qui
1084 2836 1116 2863 ad
1130 2837 1253 2864 eumdem
1271 2844 1370 2863 annum
1382 2844 1442 2864 rem
1456 2841 1554 2863 nostra:
1570 2836 1696 2863 diversas
1715 2844 1794 2864 anno-

1022 2889 1080 2911 rum
1106 2889 1226 2909 summas
1247 2882 1391 2917 colligunt;
1412 2881 1465 2908 duo
1492 2884 1564 2913 sunt,
1584 2889 1638 2908 non
1666 2885 1734 2913 tres,
1761 2881 1793 2908 illi
