1900 3137
27 201 125 226 Laus
565 194 791 223 DISSERTATIO
812 194 854 220 DE
870 192 1074 222 GRACORUM
1094 190 1195 219 IERlS.

29 260 233 287 Graecorum
251 258 387 293 computi;
406 264 521 292 quorum
544 255 627 290 prior,
649 259 676 282 et
698 253 855 288 antiquissi—
868 257 892 284 Α

30 313 122 332 mus
151 312 258 332 annum
273 312 346 334 eum,
361 303 406 337 qui
424 302 527 337 primus
541 305 582 328 est
605 308 665 327 a‘l'it‘.
681 306 789 332 nostrze,
805 307 855 325 mt-

35 355 165 377 merat
189 350 224 376 ab
242 349 345 375 Adamo
359 347 444 380 5495;
460 346 593 382 posterior
606 345 686 376 5509,
703 352 752 371 nec
764 344 856 380 plures

1614 187 1626 214 1
1633 187 1681 214 10$

1207 246 1321 275 carur
1344 245 1374 274 ιι.
1680 220 1685 227 ’

906 320 944 347 De
958 323 1078 352 computo
1093 317 1184 344 annali
1198 323 1321 352 ceterum,
1342 315 1469 352 imprimis
1484 313 1606 352 Africani
1629 320 1683 352 me-

942 348 1021 381 thodi'
1039 353 1148 380 vinculis
1168 352 1263 378 soluto.
1287 349 1410 384 Ejusdem
1430 349 1551 384 Africani
1571 348 1685 384 Chroni-

35 395 234 423 Gi-aecorum
249 393 351 428 antiqui
367 392 533 426 computistae
547 395 711 418 memorant:
724 389 768 424 qui
784 389 857 424 prio-

38 448 120 466 rezn
142 444 247 467 vocant
271 438 340 465 κατὰ
355 436 559 472 Ἀλεξανδρέας,
578 443 628 463 nos
648 428 856 462 Alexandrinam

38 485 258 518 appellemus;
269 483 445 518 posteriorem
461 481 530 508 κατὰ
551 480 712 516 Ῥωμαίους,
725 487 774 506 nos
786 479 858 506 Con-

42 529 361 564 stantinopolitanam,
380 535 394 553 a
411 533 480 554 nova
508 525 594 552 Roma
619 525 799 552 nominemus.
818 524 857 551 lta

43 575 258 611 Theophanes
274 582 327 601 non
339 580 392 600 uno
407 573 475 599 loco.
488 571 522 598 At
536 571 659 606 Scaliger
676 577 760 597 novas
775 577 857 604 quas-

45 621 134 647 dam
160 621 199 647 uti
216 620 335 646 rationes
351 624 466 645 aerarum
492 617 615 648 istarum,
637 616 677 642 sic
699 615 857 650 appellatio-

48 674 115 692 nes
149 664 323 699 excogitavit,
342 667 472 696 utrasque
487 666 576 688 autem
590 660 703 692 alienas,
718 663 745 686 et
760 659 857 686 absur-

47 712 132 742 dus,
155 717 223 745 quas
234 709 280 737 lib.
299 708 332 735 IX
347 707 510 735 Deductrinu
524 711 678 741 temporum,
694 712 754 740 cap.
767 704 799 736 ν,
814 712 857 732 re-

52 757 209 788 fellimus,
234 762 266 781 ac
290 754 324 781 de
338 754 372 781 iis
392 753 472 788 paulo
486 756 548 787 post
559 752 656 778 iterum
665 757 785 786 agemus.
799 749 856 776 Erit

49 801 114 835 qui
137 800 175 827 ad
192 800 252 826 illas
266 798 333 825 duas
348 798 455 825 tertiam
468 800 543 831 putet
568 795 779 831 adjungendam,
797 801 857 829 quae

52 854 180 872 annum
193 843 399 875 lncarnationis,
412 847 439 870 et.
450 842 548 870 natalis
559 844 698 876 computat
711 841 746 867 ab
754 839 857 866 Adamo

53 891 159 922 5507,
172 888 253 926 quam
265 889 395 916 adhibent
415 891 541 915 auctores
561 886 664 921 aliqui,
690 889 719 912 ut
739 885 856 912 Alexan-

53 928 184 963 driiium
203 935 360 966 cltranicon;
385 941 439 960 uno
453 934 544 960 minus
560 932 700 959 Cedrenus
720 929 856 966 (pagdu)
873 926 894 953 Β

55 984 116 1020 qui
136 990 211 1009 anno
226 981 294 1009 5506
306 981 332 1008 id
349 987 409 1008 esse
427 979 527 1006 factum
544 977 653 1009 asserit,
675 980 702 1004 et
718 976 764 1011 qui
787 983 859 1002 anno

58 1031 149 1058 5500
173 1034 262 1057 ortum
283 1029 406 1056 Christi:
430 1028 584 1063 passionem
607 1026 685 1061 5535
707 1025 858 1060 assignant,

57 1081 172 1101 errare
182 1071 332 1100 contendit.
350 1070 401 1098 Sed
422 1070 491 1098 hanc
507 1077 588 1097 teram
605 1069 638 1096 ab
655 1069 712 1100 illa,
735 1075 794 1103 quae
818 1072 860 1096 est

59 1121 176 1152 lsaaci,
206 1119 362 1154 discrepare
388 1126 443 1145 non
474 1117 600 1149 arbitror,
630 1116 676 1144 sed
706 1116 733 1142 in
765 1115 858 1142 eodem

59 1171 208 1202 computo
221 1166 357 1193 diversum
371 1171 470 1191 annum
482 1162 665 1190 lncarnationi
678 1161 858 1196 praestituere,

61 1219 144 1248 puta
162 1212 271 1239 biennio
283 1218 364 1238 teram
380 1216 550 1237 communem
562 1211 739 1235 antevenere.

108 1293 172 1320 Etsi
200 1292 233 1319 de
254 1292 395 1318 amborum
424 1290 532 1317 illorum
555 1287 691 1316 sententia
708 1287 775 1314 nihil
790 1286 859 1313 certi

64 1337 210 1372 consr-qui
250 1343 412 1371 possumus,
451 1337 595 1368 propterea
624 1332 696 1367 quod
738 1331 860 1366 imperite

65 1383 172 1411 omnia
188 1382 364 1417 permiscent,
380 1383 407 1408 et
420 1387 467 1407 cos
479 1377 708 1406 characterismos
721 1376 859 1407 adhibent,

67 1429 123 1464 qui
165 1427 307 1454 conciliari
344 1426 460 1453 invicem
489 1428 636 1459 nequeunt.
670 1422 706 1449 De
738 1421 861 1449 CItrom‘ci

69 1473 258 1501 Alexandrini
271 1472 331 1498 labe
347 1471 449 1498 dictum
468 1474 510 1497 est
526 1470 552 1496 in
569 1468 614 1496 Xll
630 1467 668 1494 De
683 1467 753 1494 doct.
770 1471 860 1500 temp.,

69 1529 142 1555 cap.
156 1519 189 1546 ιν
203 1529 209 1547 :
223 1518 361 1546 Cedrenus
375 1516 455 1552 paulo
472 1516 558 1550 magis
573 1522 689 1542 concors
701 1518 742 1541 est
757 1520 859 1541 secum.

71 1566 179 1593 Natum
202 1567 339 1592 asseverat
355 1563 492 1590 Christum
508 1568 580 1588 anno
597 1560 692 1587 mundi
708 1558 790 1590 5506,
809 1557 860 1584 De-

71 1611 183 1639 cembr.
200 1618 262 1641 xxv,
278 1609 345 1636 feria
362 1616 397 1635 iv.
421 1607 483 1635 Fuit
505 1614 568 1642 ergo
593 1607 682 1633 littera
707 1604 737 1637 F.
760 1609 786 1632 et
801 1611 861 1631 esse

73 1659 173 1691 potest
188 1662 276 1681 annus
297 1653 402 1688 periodi
424 1652 538 1679 Juliante
554 1651 634 1682 4711,
661 1649 771 1677 biennio
800 1652 862 1676 ante

79 1708 259 1731 communem
282 1707 373 1727 atram.
392 1698 488 1726 Postea
507 1697 672 1732 baptizatum
695 1703 755 1723 esse
779 1694 862 1721 refert

75 1747 232 1776 indictione
250 1745 270 1778 Ι,
288 1752 359 1772 anno
377 1744 471 1771 mundi
498 1743 578 1774 5556,
595 1740 718 1769 Januarii
736 1748 771 1773 vI,
797 1739 862 1766 feria

77 1802 95 1821 ν
111 1802 120 1826 ;
138 1792 188 1818 fuit
204 1798 268 1826 ergo
283 1791 372 1817 littera
389 1789 420 1821 Β,
431 1792 458 1816 et
474 1789 524 1815 hac
538 1788 643 1814 ratione
656 1793 744 1813 annus
760 1784 862 1820 periodi

76 1839 197 1866 Julianaa
211 1837 297 1869 4742;
322 1835 367 1862 sed
384 1834 496 1861 indictio
520 1838 584 1860 tttnc
606 1836 664 1860 erat
679 1840 693 1857 a
711 1829 862 1865 Septembri

77 1888 106 1911 cl.
125 1882 255 1909 Januario
271 1889 299 1908 ll.
319 1880 417 1907 Verum
434 1883 463 1906 ut
477 1887 491 1906 a
507 1885 589 1906 verno
606 1885 697 1905 mense
711 1875 799 1911 putari
823 1877 863 1901 in-

79 1929 177 1963 cipiat,
206 1927 291 1961 pritua
318 1926 346 1952 in
371 1933 422 1952 usu
449 1928 506 1951 erat
533 1922 712 1953 Januar.’vr;
740 1918 863 1954 sequenti

80 1982 158 2002 anno
184 1973 268 2005 5057,
297 1973 335 1999 ait
364 1971 454 1999 lunam
471 1970 601 1998 decimam
620 1973 741 2003 quartam
777 1965 863 1993 Martii

81 2029 173 2052 xxv",
201 2020 267 2047 feria
290 2027 337 2045 vn.
362 2017 423 2045 Fuit
446 2024 510 2051 ergo
526 2016 615 2042 littera
634 2014 664 2046 C,
681 2013 773 2049 cyclus
794 2012 864 2038 lunze

82 2076 113 2097 χ,
131 2073 162 2093 ac
176 2063 288 2100 proinde
302 2063 415 2090 Julianae
428 2061 532 2097 periodi
549 2068 637 2088 annus
653 2058 731 2090 47H,
749 2058 803 2084 ἂνω
821 2065 865 2083 πο-

83 2112 190 2147 ταμῶν,
214 2109 285 2145 quod
302 2110 387 2136 aiunt.
411 2109 518 2134 Annum
543 2106 671 2140 denique,
699 2111 753 2139 quo
767 2109 865 2138 passus

85 2162 130 2185 est
142 2157 279 2187 Christus,
295 2156 333 2182 ait
353 2162 415 2183 esse
430 2153 509 2185 5559,
525 2161 579 2188 quo
597 2151 685 2179 Martii
702 2158 782 2181 χχιιι,
799 2148 865 2176 feria

85 2211 114 2229 τι
132 2201 198 2234 fuit;
221 2206 247 2229 et
263 2202 367 2228 decima
389 2203 484 2235 quarta
509 2198 599 2226 Martii
624 2205 697 2230 xxiv,
723 2195 789 2223 feria
816 2202 863 2222 vn.

86 2245 153 2272 Erat
169 2253 233 2279 ergo
255 2244 344 2271 littera
373 2242 405 2277 ϐ,
428 2243 520 2279 cyclus
534 2250 598 2270 vero
625 2242 695 2268 luna:
717 2248 765 2267 χιιι
782 2249 788 2267 :
806 2246 864 2274 quae

88 2296 243 2326 congruunt
270 2290 298 2317 ιιι
321 2298 421 2317 annum
442 2289 544 2324 periodi
568 2288 681 2316 Julian-.e
703 2287 773 2315 15744
791 2295 796 2313 :
813 2293 866 2322 quo

89 2345 184 2365 revera
201 2345 298 2371 passus
324 2340 366 2363 est
389 2343 422 2362 ex
448 2335 592 2369 Epiphanii
609 2338 635 2361 et
657 2333 772 2360 aliorum
794 2335 868 2359 vete-

91 2389 150 2409 rum
176 2381 303 2416 opinione
328 2380 464 2408 Christus.
492 2379 672 2412 Quamobrem
700 2377 868 2404 incarnatio‘

91 2436 152 2456 nem
166 2427 270 2455 Domini
282 2427 421 2454 Cedrenus
433 2425 550 2454 triennio
565 2430 626 2451 ante
640 2423 776 2458 vulgarem
787 2429 867 2449 teram

93 2475 197 2510 posuit;
215 2473 368 2508 passionem
383 2476 484 2503 autem,
501 2478 572 2497 anno
585 2470 706 2504 ejusdem
723 2476 783 2496 atra:
795 2475 867 2494 κικι-

95 2520 168 2547 [ade
185 2528 238 2546 non
254 2524 296 2546 est
317 2519 426 2550 mirum,
444 2525 544 2544 annum
561 2516 636 2542 illum
660 2513 868 2545 lncarnationis,

95 2566 162 2593 5506
176 2565 210 2592 ab
223 2565 270 2592 illo
285 2564 374 2600 puta;
391 2564 417 2590 in
434 2571 487 2591 aera
502 2560 814 2594 Constantinopolitano.
841 2558 869 2585 Si

93 2615 163 2642 cuitu
178 2617 233 2641 tres
250 2621 337 2640 annos
353 2612 476 2646 adjicias,
492 2611 536 2637 fiet
551 2617 638 2636 annus
654 2607 723 2635 5509
736 2608 871 2634 Constan-

96 2659 306 2694 tinopolitanus;
323 2657 436 2684 Julianaz
454 2655 557 2692 periodi
571 2654 650 2684 4714,
666 2653 712 2688 qui
729 2656 770 2679 est
789 2651 870 2686 ipsis-

97 2706 180 2731 simus
195 2712 256 2730 terte
281 2703 444 2731 communis.
472 2701 530 2728 Non
560 2704 600 2727 est
625 2699 706 2734 igitur
728 2700 871 2732 computus

98 2749 181 2781 alius;
198 2749 244 2776 sed
258 2749 378 2783 ejusdem
393 2747 511 2782 computi
535 2753 620 2773 annos
644 2745 766 2772 diversos
780 2744 871 2770 Incar-

98 2795 197 2823 nationi
220 2794 354 2829 praeliniit.
381 2793 420 2820 Ex
443 2794 484 2820 his
508 2792 587 2819 facile
610 2795 651 2819 est
677 2789 784 2818 odorari
814 2797 872 2824 qua:

101 2844 286 2876 computorum
312 2840 425 2868 istorum
451 2840 527 2875 origo
546 2838 648 2865 fuerit:
666 2837 737 2873 quod
765 2837 871 2871 in'seq.

102 2896 156 2922 cap.
175 2886 366 2914 declarabitur.

874 1589 895 1616 C

940 397 998 416 cum
1013 396 1076 422 opus
1090 388 1251 422 illustratur.
1265 385 1352 412 Pltotii
1370 385 1496 411 obscurus
1514 383 1585 410 locus
1601 383 1684 417 expli-

940 421 1032 451 catur.
1045 422 1116 450 Cesti
1131 421 1260 456 Africani.

941 479 1052 507 Veteres
1067 479 1094 506 in
1116 477 1220 505 Graecia
1234 476 1381 505 Christiani
1399 475 1426 502 in
1440 474 1518 502 annis
1534 474 1567 501 ab
1581 473 1683 500 Adamo

906 526 1033 562 putandis
1056 525 1124 557 sola,
1139 531 1199 559 quae
1222 523 1250 550 in
1267 522 1354 550 sacris
1378 521 1455 548 libris
1468 523 1586 551 exstant,
1601 519 1685 546 inter-

906 573 976 599 valla
991 571 1167 606 spectabant;
1190 577 1241 596 nec
1259 568 1372 595 annales
1384 570 1527 601 computos
1550 573 1614 592 suos
1629 564 1683 591 ulla

907 616 1060 652 paschalem
1090 615 1123 642 ad
1152 613 1308 641 methodum
1334 612 1435 648 σχέσει,
1450 611 1492 638 vel
1506 609 1622 637 artiﬁcio
1633 610 1684 636 im-

906 664 1020 699 plicatos
1044 661 1200 689 habebant:
1218 660 1252 687 ad
1267 659 1339 695 quod
1365 658 1494 692 deinceps
1516 662 1686 690 consequen-

905 710 972 736 tium
988 709 1048 736 illos
1064 712 1214 742 temporum
1232 705 1357 734 formavit
1373 703 1519 731 industria.
1553 701 1586 730 Ut
1603 701 1685 736 igitur

906 755 1022 791 quisque
1038 754 1162 790 pluribus
1179 756 1226 779 ant
1242 750 1416 787 paucioribus
1437 749 1517 776 annis
1537 747 1625 783 spatia
1639 746 1685 772 illa

906 800 1079 831 terminabat,
1097 799 1133 825 ita
1159 797 1277 831 majores
1298 796 1451 823 minoresve
1468 800 1589 820 summas
1608 791 1686 818 adhi-

905 844 995 876 bebat,
1012 851 1065 878 qua
1090 843 1124 870 de
1147 841 1306 877 opinionum
1329 839 1460 866 varietate
1476 838 1578 865 dictum
1600 840 1641 864 est
1657 836 1685 862 in

908 897 980 917 nono
994 889 1032 916 De
1041 889 1161 915 doctrina
1176 892 1331 921 temporum,
1346 891 1406 919 cap.
1424 883 1462 916 ll.-

944 934 1015 961 Inter
1036 934 1085 961 has
1102 932 1218 960 celebris
1234 931 1279 958 illa
1300 930 1351 956 fuit
1375 927 1496 955 Africani
1519 925 1634 961 antiqui,
1659 929 1686 952 et

908 979 1007 1007 eruditi
1022 976 1191 1011 chronologi,
1206 975 1253 1010 qui
1271 974 1409 1001 Christum
1426 979 1497 998 anno
1513 970 1604 998 mundi
1618 969 1684 997 5501

908 1025 1078 1052 incarnatum
1095 1030 1155 1050 esse
1166 1042 1172 1054 ,
1199 1028 1309 1056 passutn
1325 1026 1389 1046 vero
1414 1016 1594 1050 555L'tetatis
1606 1015 1688 1042 trice-

910 1070 978 1097 simo
1004 1069 1092 1105 primo
1119 1067 1230 1095 circiter
1249 1065 1388 1093 asseruit:
1411 1067 1437 1090 et
1457 1063 1588 1097 originem
1615 1061 1689 1089 dedit

909 1123 970 1143 atrae
996 1115 1046 1146 illi,
1075 1122 1155 1149 quam
1176 1111 1388 1139 Alexandrinam
1408 1108 1537 1144 appellari
1560 1108 1687 1135 diximus.

909 1161 994 1194 Quem
1009 1161 1083 1187 illius
1098 1161 1253 1193 computum
1280 1157 1351 1183 nacti
1374 1155 1488 1191 posteri,
1506 1153 1626 1180 auctoris
1647 1153 1689 1181 sui

911 1206 1114 1240 cbronologiam
1135 1203 1343 1238 interpolarunt,
1359 1208 1390 1227 ac
1407 1200 1558 1227 fmdissime
1579 1203 1690 1226 contur-

910 1252 1016 1280 barnnt.
1033 1249 1099 1276 Nam
1119 1249 1210 1277 decem
1226 1247 1335 1275 circiter
1352 1245 1430 1272 annis
1444 1245 1477 1272 ab
1492 1245 1552 1280 ejus
1566 1245 1670 1280 epocha
1681 1264 1689 1277 ,

909 1307 924 1325 a
941 1296 1102 1332 Dionysiana
1127 1300 1215 1321 autem
1237 1296 1310 1324 octo,
1340 1291 1440 1319 Christi
1465 1290 1573 1317 Domini
1599 1290 1691 1316 lucar-

910 1343 1047 1369 nationcm
1068 1341 1270 1368 abstraxerunt.
1286 1337 1314 1364 Id
1331 1344 1383 1372 qua
1400 1336 1506 1363 ratione
1519 1335 1555 1362 sit
1568 1334 1668 1362 factum
1681 1354 1689 1367 ,

910 1392 937 1416 et
949 1395 1008 1422 quae
1023 1387 1129 1414 sincera
1147 1385 1219 1411 illius
1235 1383 1327 1418 opinio
1347 1382 1440 1414 fuerit,
1455 1381 1621 1415 investigare
1637 1388 1691 1406 non

910 1435 973 1466 erit,
998 1432 1105 1468 opinor,
1131 1431 1269 1458 alienum:
1293 1429 1347 1455 imo
1374 1435 1440 1455 vero
1464 1427 1635 1454 Griecanicas
1657 1425 1691 1452 ad

910 1486 978 1506 aras
997 1476 1186 1511 intelligendas
1208 1474 1355 1509 plurimum
1376 1472 1449 1501 illius
1464 1472 1602 1507 inquisitio
1618 1471 1692 1498 utili-

911 1525 974 1552 tatis
991 1523 1096 1550 atteret.

948 1567 1048 1594 Scribit
1063 1566 1241 1602 Hieronymus
1254 1565 1280 1592 in
1299 1570 1379 1599 capttt
1394 1572 1421 1591 ix
1436 1563 1567 1594 Danielis,
1585 1562 1692 1589 Africa-

911 1622 977 1641 num
997 1613 1168 1640 existimasse
1189 1609 1292 1638 Christi
1319 1609 1426 1636 Domini
1451 1609 1605 1644 passionem
1623 1614 1693 1634 anno

913 1660 1007 1695 quinto
1020 1659 1125 1686 decimo
1146 1657 1246 1685 Tiberii
1264 1656 1381 1683 Caesaris
1396 1655 1529 1682 accidisse
1547 1663 1553 1681 :
1568 1661 1647 1688 quem
1659 1653 1694 1679 ab

912 1705 979 1733 orbe
993 1705 1103 1732 condito
1120 1703 1186 1731 5551
1205 1709 1374 1733 numerasse,
1393 1701 1480 1728 aetatis
1495 1700 1595 1727 Christi
1612 1700 1694 1727 trice-

913 1751 1011 1779 simum
1036 1750 1152 1784 primum
1180 1747 1300 1779 circiter,
1316 1746 1449 1781 Georgius
1465 1744 1607 1780 Syncellus
1623 1744 1694 1772 allir-

913 1800 979 1824 mat.
1005 1795 1119 1823 Photius
1135 1803 1200 1822 vero
1221 1803 1285 1821 num
1309 1792 1418 1820 XXXIV
1437 1792 1522 1820 refert
1536 1791 1695 1818 Africanum

913 1850 981 1877 opus
1003 1842 1164 1869 historicum
1187 1841 1307 1868 edidisse
1323 1839 1441 1866 divisum
1464 1839 1492 1865 in
1509 1838 1593 1865 libros
1615 1838 1696 1871 quin-

913 1896 981 1923 que;
993 1887 1093 1922 quibus
1105 1891 1225 1920 tempora
1241 1885 1331 1912 omnia
1346 1884 1505 1918 complexus
1517 1887 1568 1914 est,
1582 1890 1596 1909 a
1608 1882 1695 1917 prima

913 1942 1004 1962 rerutn
1018 1933 1122 1968 origine
1141 1933 1174 1959 ad
1186 1931 1288 1959 Christi
1303 1931 1464 1966 παρουσίαν,
1480 1929 1531 1956 hoc
1547 1933 1588 1956 est
1605 1927 1696 1954 lncar-

914 1981 1063 2010 nationem.
1080 1979 1147 2006 nihil
1163 1983 1193 2005 ut
1208 1985 1297 2004 rerum
1318 1977 1535 2004 necessariarum
1550 1975 1695 2007 omitteret,

915 2025 1070 2054 summatim
1095 2027 1194 2050 cuncta
1211 2022 1395 2057 perscribcns.
1416 2020 1481 2048 inde
1494 2027 1558 2048 vero
1579 2019 1612 2046 ad
1635 2018 1693 2046 Ma-

914 2071 985 2099 crini
1001 2070 1143 2105 imperium
1161 2069 1263 2103 reliqua
1279 2067 1483 2103 perstrinxisse,
1501 2069 1581 2100 atque
1602 2065 1653 2091 hoc
1669 2065 1696 2091 in

914 2124 996 2152 opere
1018 2118 1146 2142 testatum
1170 2121 1200 2141 se
1223 2120 1308 2139 annos
1335 2111 1369 2138 ab
1391 2111 1493 2137 Adamo
1517 2108 1696 2143 comprehen-

915 2163 989 2190 disse
1004 2160 1084 2188 5725.
1100 2159 1172 2186 ldem
1189 2162 1304 2186 testatur
1318 2160 1345 2184 et
1359 2156 1492 2191 Georgius
1508 2154 1651 2190 Syncellus
1668 2154 1696 2181 in

915 2207 1056 2242 Excerptis
1073 2205 1204 2240 Scaligeri
1220 2205 1292 2240 (pag.
1308 2203 1365 2234 59),
1389 2203 1434 2230 ubi
1456 2210 1489 2229 ex
1512 2201 1640 2228 Alricano
1655 2207 1698 2227 re-

882 2257 903 2284 D
919 2254 970 2282 fert
987 2253 1021 2280 ad
1038 2250 1217 2287 Olympiadem
1235 2257 1322 2284 usque
1333 2256 1381 2276 cet.
1399 2248 1545 2274 archontas
1563 2247 1597 2274 ab
1616 2246 1698 2273 Athe-

919 2299 1062 2327 niensibus
1075 2295 1212 2324 numerari
1231 2295 1293 2328 905,
1309 2303 1323 2321 a
1342 2293 1468 2327 Creonte,
1482 2294 1528 2328 qui
1548 2291 1699 2328 Olympiade

920 2353 968 2373 xtx
991 2343 1117 2380 praefuit;
1142 2346 1307 2377 postremum
1333 2348 1396 2368 vero
1413 2340 1496 2367 fuisse
1516 2338 1652 2365 Pliilinum
1668 2345 1698 2364 ca

922 2396 1002 2424 quam
1023 2388 1079 2415 dixi
1093 2386 1256 2422 Olympiade,
1274 2385 1433 2412 consulibus
1451 2384 1534 2411 Grato
1551 2383 1699 2410 Sabiniano

918 2438 945 2461 et
960 2433 1086 2465 Seleuco;
1096 2433 1141 2467 qui
1154 2439 1169 2458 a
1182 2431 1264 2458 Bruto
1275 2432 1401 2458 consules
1419 2430 1493 2457 fuere
1504 2429 1566 2456 725.
1583 2429 1697 2456 Domum

919 2479 1009 2513 colligi
1022 2480 1093 2513 (pag.
1110 2477 1153 2510 57)
1164 2484 1250 2503 annos
1264 2476 1332 2503 5725
1344 2476 1377 2503 ad
1391 2475 1499 2503 tertium
1512 2481 1621 2503 annum,
1641 2474 1699 2498 Ἀν-

919 2524 1040 2555 τωνίνου,
1057 2523 1104 2549 καὶ
1125 2521 1270 2556 Αὑγέντου.
1286 2520 1405 2547 Marcum
1421 2519 1586 2546 Antoninum
1601 2516 1697 2550 Ala-ga-

920 2570 1012 2597 balum
1033 2568 1169 2603 intelligit.
1187 2566 1214 2593 In
1237 2566 1333 2594 iisdem
1351 2563 1543 2599 Scaligerianis
1565 2561 1698 2596 excerptis

921 2616 1103 2651 fragmentum
1119 2613 1240 2640 Africani
1256 2612 1353 2647 legitur
1369 2611 1402 2638 de
1416 2607 1613 2644 olympiadibus
1626 2606 1697 2641 (pag.

921 2662 1004 2697 '5”):
1020 2661 1046 2688 in
1064 2668 1118 2695 quo
1135 2659 1206 2694 apud
1225 2658 1404 2685 Athenienses
1414 2655 1442 2682 in
1456 2653 1638 2690 olympiadum
1653 2653 1700 2691 de_-
1719 2680 1725 2686 _

923 2708 1070 2743 scriptione
1094 2706 1265 2733 Stadionicas
1291 2705 1328 2730 ait
1348 2700 1501 2738 percenseri
1524 2699 1587 2730 248,
1612 2705 1699 2738 annos

923 2754 986 2783 989.
1016 2753 1068 2781 Sed
1095 2753 1122 2779 in
1157 2750 1342 2786 Ὀλυμπιάδων
1368 2747 1510 2781 ἀναγραφῇ
1537 2745 1618 2772 etiam
1646 2743 1699 2770 9J9

924 2798 1085 2835 Olympiadis
1112 2796 1295 2824 Stadionicam
1326 2797 1448 2820 recenset
1464 2790 1594 2825 Scaliger.
1621 2789 1648 2816 Si
1666 2790 1699 2816 dc

925 2845 1003 2872 annis
1022 2845 1055 2871 ah
1073 2843 1174 2870 Adamo
1186 2841 1254 2869 5725
1271 2839 1379 2867 auferas
1396 2838 1481 2869 5500,
1501 2836 1602 2864 residui
1620 2838 1699 2862 erunt

925 2891 979 2918 2-23
992 2891 1026 2918 ab
1040 2887 1228 2916 lucarnatione
1247 2885 1351 2914 Domini
1369 2883 1515 2912 secundum
1530 2881 1688 2910 Africanum
