1900 3137
205 148 274 177 1405

713 149 757 175 AD
779 148 913 178 EUSEBII
932 150 1126 178 CllRONICON
1149 149 1324 177 APPENDIX.

1771 147 1788 175 ί
1793 148 1836 176 illi

207 207 259 235 Scd
283 215 371 235 annus
387 207 484 235 tertius
510 207 648 242 Alagahah
674 215 736 235 :erae
761 210 914 237 communis
942 215 1116 245 estAporro
1143 209 1263 236 Geminis
1291 207 1396 236 duobus
1427 215 1495 236 coss.
1527 214 1606 234 anno
1641 205 1757 233 Tiberii
1787 215 1837 235 n;

205 255 268 285 2-21,
287 255 312 281 in
333 261 412 289 quem
440 257 466 279 et
488 253 541 280 250
564 254 697 289 Olympias
718 255 845 283 incurrit.
874 256 986 284 Biennio

207 301 298 335 itaque
313 298 502 333 Dionysianam
517 299 647 333 epocham
671 301 814 328 antevertit
828 301 983 334 Africanus,

206 351 233 375 et
258 344 474 372 lnrarnationcm
498 343 604 371 Domini
628 345 742 372 contulit
762 346 790 373 in
819 354 917 374 annum
938 355 985 382 pe-

207 391 275 418 riodi
289 390 402 417 Iuliana!
417 390 499 416 1712.
517 390 593 423 Quod
609 391 719 426 insuper
734 399 767 420 ex
784 400 855 420 anno
877 393 987 421 Passio-

207 437 251 464 nis
274 436 309 463 ab
330 435 423 463 eodem
441 436 571 464 Africano
589 438 738 465 constituto
752 438 896 473 colligitur.
920 439 987 466 Nam

207 483 230 509 si
246 482 350 509 decimo
374 482 603 517 quiuto.Tiberii,
626 491 723 518 nempe
743 483 864 512 Geminis
883 485 988 513 duobus

208 535 280 556 coss.
310 535 407 562 passus
430 531 472 556 est
502 531 573 563 (qua:
599 528 650 555 fuit
666 529 842 563 plurimorum
863 534 983 558 veterum

209 573 365 608 sententia),
378 578 405 600 et
421 573 444 600 is
460 581 548 600 annus
561 573 654 601 mundi
670 574 736 601 5551
752 575 785 602 ab
797 575 927 603 Africano
940 584 990 603 nu-

208 623 330 647 meratus
354 623 406 652 est,
424 626 486 646 cum
510 618 728 647 lncarnationem
752 628 824 649 anno
849 621 916 649 5501
942 622 992 649 tri-

210 666 323 698 buisset,
350 669 380 693 ut
395 669 489 692 auctor
503 669 545 692 est
559 665 690 700 Georgius
705 665 847 702 Syncellus
862 677 869 695 :
885 675 948 694 cum
964 668 992 696 in

210 719 311 741 annum
339 719 400 738 atrae
425 711 586 739 Christianaa
608 711 652 743 29,
672 712 729 739 sive
751 713 855 748 periodi
879 712 993 741 Iuliana

210 758 280 785 4712
299 758 459 784 consulatus
484 757 659 784 Geminorum
687 762 841 794 competat;
869 759 993 787 deductis

211 803 292 830 annis
306 803 340 830 50
360 804 393 830 de
414 803 496 835 4742,
520 803 641 838 reliquus
660 803 713 831 erit
728 802 925 831 lncarnationis
942 813 992 832 an-

211 857 263 877 nus
287 849 357 876 4712
378 849 405 876 in
429 848 535 876 Juliana
559 849 680 884 periodo.
698 849 797 877 Verum
821 850 892 884 apud
913 850 994 878 Euse-

1038 255 1130 283 uiundi
1151 255 1220 282 5550
1247 258 1372 284 exeunte,
1390 261 1468 288 quem
1496 253 1565 280 5551
1599 251 1688 286 Aprili
1723 251 1837 278 circiter

1037 301 1159 335 excepit;
1190 307 1298 334 passum
1324 299 1439 333 denique
1464 306 1537 325 anno
1563 297 1664 324 mundi
1686 296 1838 324 desinente

1037 345 1117 378 5551,
1141 349 1272 380 sequente
1296 344 1365 372 5552
1386 351 1401 370 a
1422 343 1566 375 Paschate,
1588 343 1632 370 vel
1650 341 1746 377 Aprili
1774 343 1836 368 anni

1038 391 1140 420 Christi
1164 391 1316 419 communis
1338 390 1383 422 50,
1399 390 1500 417 Tiberii
1525 397 1584 422 xvi,
1611 393 1640 416 et
1665 388 1836 423 Olympiadis

1037 443 1090 463 ccu
1116 444 1186 463 anno
1210 435 1330 463 secundo
1355 434 1474 462 nondum
1496 433 1529 461 ab
1552 433 1659 461 mstivis
1685 432 1834 460 mensibus

1039 482 1182 514 inchoato;
1203 481 1250 508 sed
1265 480 1335 507 κατὰ
1356 479 1488 515 πρόληψιν
1508 487 1523 507 a
1544 478 1692 510 Januario,
1712 484 1767 505 aut
1782 478 1832 505 alio

1040 527 1166 563 quopiam
1189 528 1266 554 initio
1282 527 1419 562 popularis
1434 526 1508 557 anni,
1525 532 1582 560 quo
1597 532 1668 552 usus
1689 529 1737 551 est
1763 524 1833 550 Afri-

1041 581 1135 600 canus.
1157 572 1265 600 Scimus
1280 573 1351 600 enim
1367 572 1536 608 olympiadas
1558 578 1778 605 nonnunquam,
1794 575 1830 600 et,

1041 620 1116 654 quod
1135 626 1305 654 consequens
1321 623 1373 652 est,
1389 619 1546 654 olympiacae
1572 616 1766 645 tetraeteridis
1786 624 1820 642 an

1043 673 1092 694 nos
1107 673 1162 693 non
1177 666 1211 692 ab
1227 665 1285 700 ipso
1306 670 1426 700 tempore
1439 672 1567 700 agonum,
1587 663 1634 690 sed
1657 671 1674 689 a
1701 662 1830 697 populari

1042 712 1180 739 civitatum
1197 718 1308 738 suarum
1332 711 1443 738 exordio
1459 718 1474 737 a
1501 710 1641 745 plerisque
1664 709 1826 735 numerari:

1043 757 1080 784 ita
1095 761 1124 784 ut
1139 758 1165 784 in
1182 764 1314 784 annorum
1327 757 1416 784 exitus
1428 756 1484 783 ludi
1497 756 1548 790 ipsi
1566 759 1783 782 concurrerent.
1796 753 1828 780 Ita

1044 811 1132 831 annus
1157 803 1252 830 mundi
1266 802 1346 835 5725,
1371 803 1429 830 sive
1443 802 1476 829 ab
1490 801 1686 829 lncarnatione
1699 800 1771 831 225,
1785 802 1830 827 erit

1045 847 1198 875 communis
1213 855 1273 875 aera:
1286 847 1349 878 221,
1363 849 1390 874 ει
1402 846 1540 881 Alagabali
1558 845 1670 873 tertius.

212 896 286 923 bium
312 902 360 923 vui
385 895 422 923 De
453 883 594 924 demonstr.
622 895 693 930 (pag.
728 895 791 930 245)
813 883 994 930 fragmentum
1009 883 1031 909 Β
1079 891 1211 925 Quocirca
1227 892 1273 927 qui
1288 891 1444 918 Africanum
1459 890 1583 918 referunt
1600 891 1763 925 passionem
1782 889 1829 916 Do-

214 942 289 969 aliud
301 942 422 970 occurrit
435 942 556 969 Africani
572 942 605 969 de
619 941 749 969 Passione
763 941 879 976 Domini,
903 947 930 970 et
942 942 995 970 Da-

215 986 293 1013 nielis
308 985 523 1014 hebdomadibus
532 995 540 1019 ;
549 987 577 1013 in
588 994 642 1020 quo
652 987 743 1021 passio
760 987 903 1022 conjicitur
913 988 940 1015 iu
949 995 994 1015 an-

217 1039 282 1058 num
305 1031 453 1059 secundum
467 1031 627 1066 Olympiadis
641 1032 704 1064 202,
722 1032 820 1060 Tiberii
840 1041 895 1060 xvr.

248 1076 327 1104 Hunc
353 1077 441 1111 ipsum
466 1076 585 1104 Africani
611 1078 700 1105 locum
725 1086 793 1113 pene
821 1078 855 1105 ad
884 1079 994 1106 verbum

213 1121 359 1156 exscripsit
375 1120 556 1156 Hieronymus
580 1121 608 1148 in
625 1122 835 1150 Commentariis
857 1123 890 1149 ad
915 1127 995 1157 caput

213 1167 250 1195 lx
273 1167 401 1200 Danielis,
416 1171 443 1194 et
468 1171 557 1194 tamen
577 1168 712 1195 decimum
741 1168 863 1203 quintum
894 1167 994 1195 Tiberii

214 1214 321 1250 posuit;
335 1222 399 1245 non,
422 1217 452 1241 ut
475 1219 517 1241 est
540 1215 566 1241 in
588 1213 694 1246 Graeco,
720 1213 855 1241 decimum
876 1219 994 1242 sextum.

214 1260 375 1294 Quanquam
395 1260 448 1287 nisi
463 1260 628 1295 olympiadis
650 1261 739 1287 annus
753 1260 894 1294 appositus
912 1264 993 1291 esset,

214 1306 362 1333 conciliare
387 1306 440 1332 ista
458 1305 538 1333 facile
555 1313 709 1340 possemus,
727 1305 829 1340 quippe
850 1313 939 1333 annus
961 1314 995 1332 xv

213 1352 329 1386 Tiberii,
352 1353 374 1380 si
397 1353 431 1380 ab
449 1353 572 1387 Augusto
590 1359 683 1379 mense
700 1355 820 1386 putetur,
842 1359 897 1387 quo
911 1351 995 1387 impe-

214 1406 276 1426 rare
293 1398 393 1434 cmpit;
414 1398 476 1425 iniit
501 1405 574 1424 anno
589 1397 692 1426 Christi
706 1397 751 1429 28,
774 1403 873 1432 quarto
890 1398 997 1425 labente

214 1443 379 1478 Olympiadis
405 1443 470 1475 201,
499 1447 526 1470 et
553 1442 587 1469 ad
612 1442 765 1478 Augustum
794 1451 912 1471 mensem
931 1443 995 1470 anni

214 1489 316 1516 Christi
330 1489 364 1516 29
380 1490 555 1516 continuatus
572 1492 624 1521 est,
643 1497 697 1523 quo
707 1489 761 1516 duo
779 1488 882 1516 Gemini
897 1497 996 1517 consu-

213 1534 254 1562 les
278 1540 366 1562 erant.
388 1535 428 1562 Ita
453 1543 488 1562 xv
504 1535 606 1562 Tiberii
624 1542 722 1569 passus
744 1536 797 1562 erit
818 1535 955 1566 Christus.
972 1536 995 1562 si

216 1580 258 1608 bis
272 1581 433 1608 consulibus
450 1581 591 1608 acciderit.
608 1580 655 1607 Sin
669 1584 721 1614 est,
735 1585 764 1608 ut
779 1581 995 1608 Christianorum

215 1628 350 1656 veterum,
375 1625 546 1659 aliorumque
571 1633 658 1657 more,
681 1633 767 1653 annos
794 1625 896 1653 Tiberii
915 1633 930 1653 a
945 1626 996 1654 Pa-

216 1670 304 1697 schali
318 1678 412 1698 mense
428 1671 603 1698 antecedente
619 1671 732 1706 coeperit
750 1671 912 1705 Africanus;
928 1672 996 1700 idem

217 1725 306 1745 annus
324 1726 368 1745 xvr
393 1717 495 1745 Tiberii
513 1718 618 1745 censeri
635 1718 732 1752 potuit.
757 1716 809 1745 Sed
830 1725 892 1744 cum
911 1717 998 1752 olym-

218 1763 307 1798 piadis
333 1763 386 1791 202
414 1771 503 1791 annus
527 1764 663 1792 secundus
693 1763 836 1792 inchoatus
865 1764 900 1791 sit
927 1772 998 1791 anno

216 1808 317 1836 Christi
338 1809 384 1840 50,
410 1814 438 1836 ct
461 1808 495 1836 ad
509 1812 630 1836 aestatem
655 1817 741 1844 usque
764 1810 904 1844 sequentis
933 1809 997 1836 anni

218 1858 383 1890 propagatus
405 1854 505 1887 fuerit;
530 1861 643 1882 necesse
657 1859 699 1882 est
713 1862 784 1881 anno
799 1861 860 1881 aera
877 1862 999 1881 commu-

217 1899 260 1927 nis
275 1899 318 1931 50,
337 1899 378 1926 vel
397 1899 428 1926 51
448 1907 560 1933 passum
575 1899 629 1926 dici
649 1900 682 1926 ab
697 1899 826 1927 Africano
842 1899 997 1933 Christum;

218 1949 297 1980 prout
311 1952 413 1971 annum
434 1943 536 1972 Tiberii
551 1952 607 1976 xvr,
623 1949 670 1972 aut
684 1945 817 1972 labentem
833 1945 997 1976 adhibuerit,

218 1993 266 2015 au-t
281 1996 295 2015 a
311 1988 437 2015 Paschali
460 1996 553 2016 mense
568 1989 746 2024 praeverterit.
766 1989 794 2017 Si
811 1998 883 2017 anno
900 1989 999 2025 Dioiiy-

218 2034 296 2061 siano
320 2033 354 2060 50
370 2033 509 2060 Christum
531 2034 616 2061 voluit
636 2042 697 2062 esse
717 2042 827 2069 passum
840 2054 848 2066 ,
871 2034 998 2062 lncarna-

219 2078 317 2104 tionem
335 2085 446 2105 necessc
456 2082 498 2105 est
512 2077 547 2105 ab
561 2078 656 2106 eodem
672 2078 787 2105 locatam
806 2087 867 2106 esse
886 2081 913 2106 in
926 2087 998 2107 anno

219 2123 321 2158 periodi
344 2123 459 2151 Ju‘lianm
482 2124 563 2156 4m,
581 2131 636 2151 uno
659 2131 730 2150 anno
745 2128 809 2151 ante
827 2132 998 2153 communem

219 2176 311 2200 teram,
337 2173 365 2195 ut
383 2169 517 2204 hodieque
539 2168 660 2203 ponitur.
679 2168 726 2195 Sin
751 2177 823 2196 anno
846 2169 948 2197 Christi
965 2171 996 2197 51

1044 936 1110 963 mini
1137 943 1208 963 anno
1236 936 1333 964 Adami
1355 935 1440 967 5551,
1465 935 1671 962 incarnationis
1695 935 1727 962 51
1757 936 1830 962 attri-

1044 981 1147 1013 buisse,
1162 981 1195 1009 de
1205 981 1284 1008 annis
1295 981 1482 1008 desinentibus
1499 980 1654 1015 intelligere
1668 980 1829 1007 debuerunt.

1043 1025 1110 1053 Nam
1127 1026 1289 1060 baptismum
1312 1027 1345 1053 ab
1370 1033 1402 1053 eo
1425 1026 1554 1053 collatum
1571 1033 1634 1053 esse
1654 1026 1685 1052 in
1703 1026 1830 1053 consula-

1045 1076 1102 1098 tum
1133 1071 1306 1099 Geminorum
1332 1071 1569 1109 verisimileiest;
1597 1078 1661 1098 cum
1698 1079 1734 1098 ex
1764 1071 1830 1099 Luca

1045 1122 1150 1145 constet
1165 1125 1237 1145 anno
1261 1125 1295 1144 xv
1317 1116 1418 1144 Tiberii
1435 1117 1508 1145 istud
1522 1117 1669 1151 evenisse;
1689 1121 1739 1144 aut
1754 1117 1789 1149 si,
1806 1122 1831 1143 ut

1045 1162 1222 1198 Epiphanius,
1239 1167 1266 1191 et.
1287 1163 1331 1190 alii
1346 1163 1466 1198 quidam,
1486 1161 1636 1190 Novembri
1654 1170 1765 1193 mense,
1781 1171 1829 1189 mn

1045 1213 1123 1236 sexto
1132 1208 1263 1242 Januarii,
1277 1208 1308 1235 ad
1320 1209 1483 1244 baptismum
1496 1209 1607 1236 venisse
1618 1208 1752 1241 credidit,
1764 1216 1830 1236 anno

1046 1254 1198 1281 communis
1213 1261 1272 1280 arae
1287 1262 1387 1287 xxvm;
1414 1259 1487 1281 certc
1509 1254 1578 1285 hinc
1606 1254 1642 1281 ad
1672 1254 1829 1289 passionem

1046 1300 1149 1327 solidus
1164 1307 1252 1328 annus
1268 1300 1443 1335 interpositus
1458 1303 1590 1332 est,-cum
1612 1308 1721 1327 annum
1738 1301 1829 1328 saltem

1045 1353 1129 1372 unum
1142 1347 1176 1381 τῇ
1192 1345 1308 1381 ’κηρύξει
1324 1345 1467 1373 Africanus
1487 1345 1674 1380 imputaverit.
1696 1346 1793 1380 Atqui,
1809 1346 1828 1372 si

1045 1391 1205 1418 consulibus
1225 1391 1292 1426 ipsis
1307 1390 1427 1419 Geminis
1448 1391 1545 1418 Martio
1561 1399 1658 1419 mense
1672 1399 1777 1427 passus
1794 1393 1830 1420 fo-

1045 1441 1097 1468 ret,
1109 1441 1163 1464 tres
1178 1437 1212 1464 ab
1227 1436 1367 1470 Januario,
1381 1437 1423 1464 vel
1437 1444 1451 1464 a
1466 1437 1612 1464 Novembri
1628 1439 1756 1473 quinque
1770 1439 1829 1466 ᾶιιιι-

1046 1486 1120 1509 taxat
1134 1490 1243 1510 menses
1255 1482 1356 1511 Christi
1371 1483 1527 1518 praedicatio
1542 1487 1659 1511 teneret.
1672 1483 1755 1518 Quod
1767 1485 1829 1512 Afri-

1046 1535 1144 1555 canum
1163 1528 1282 1556 sensisse
1297 1536 1351 1555 non
1366 1529 1493 1556 arbitror.

1083 1573 1136 1600 Sed
1150 1573 1204 1601 duo
1219 1578 1283 1601 sunt
1304 1575 1331 1601 in
1354 1574 1401 1602 illo
1417 1575 1536 1602 Africani
1557 1576 1679 1609 calculo,
1696 1585 1778 1611 quem
1799 1586 1826 1604 er

1046 1619 1142 1647 Photio
1174 1625 1202 1648 et
1235 1620 1351 1656 Georgio
1385 1621 1545 1654 retulimus,
1591 1623 1826 1651 animadversione

1046 1665 1147 1700 digna:
1165 1665 1281 1693 alterum
1301 1666 1375 1701 quod
1397 1665 1511 1694 Photius
1537 1667 1646 1699 scribit,
1671 1668 1825 1696 Africanum

1046 1710 1078 1737 ad
1095 1710 1206 1738 Macrini
1220 1712 1361 1746 imperium
1378 1719 1446 1747 opus
1461 1720 1540 1739 suum
1556 1712 1733 1747 perduxisse,
1748 1722 1826 1741 anno-

1046 1764 1106 1783 rum
1120 1756 1188 1784 5725
1201 1756 1341 1783 historiam
1353 1757 1540 1791 complexum;
1557 1758 1723 1786 mendosum
1737 1760 1824 1790 rideri.

1047 1810 1079 1830 ac
1098 1810 1146 1838 pro
1164 1803 1304 1838 Μακρίνου
1330 1803 1472 1837 legendum
1549 1804 1725 1832 Ἀντωνίνῡν.
1743 1805 1822 1838 Quan—

1047 1857 1127 1884 quam
1142 1853 1169 1877 et
1191 1849 1263 1876 aliud
1280 1849 1456 1881 occurrebat;
1481 1849 1643 1877 Africanum
1663 1851 1823 1879 Sladionicas

1048 1903 1101 1922 non
1129 1895 1199 1922 ultra
1221 1895 1399 1930 Olympiadem
1422 1895 1475 1921 248
1499 1894 1527 1921 in
1542 1895 1667 1923 archivis
1682 1897 1823 1924 Athenione

1048 1941 1118 1968 sium
1141 1939 1288 1971 invenisse,
1304 1948 1363 1975 quae
1386 1939 1518 1974 olympias
1539 1940 1575 1966 ad
1602 1948 1704 1968 annum
1731 1941 1823 1969 Christi

1047 1987 1109 2019 217,
1125 1989 1151 2014 et
1164 1986 1278 2013 Macrini
1293 1986 1434 2020 imperium
1448 1985 1621 2019 extenditur;
1636 1991 1726 2014 tamen
1742 1995 1822 2015 rerum

1048 2036 1183 2067 gestarum
1203 2032 1362 2059 memoriam
1386 2032 1417 2058 ad
1445 2039 1532 2059 annos
1555 2037 1688 2066 praeterea
1714 2034 1824 2068 quinque

1047 2086 1222 2114 propagasse,
1236 2078 1262 2105 id
1279 2082 1319 2106 est
1333 2078 1366 2105 ad
1381 2086 1481 2105 annum
1497 2078 1600 2106 Christi
1616 2079 1665 2105 221
1684 2089 1691 2112 ;
1707 2080 1820 2106 Photium

1049 2132 1111 2152 vero
1121 2124 1245 2152 eumdem
1259 2124 1380 2151 historia:
1393 2124 1538 2151 terminum
1552 2127 1676 2158 putasse,
1689 2125 1734 2159 qui
1746 2126 1822 2160 olym-

1048 2171 1216 2205 pionicarum
1233 2174 1300 2197 erat.
1316 2169 1383 2197 Vide
1398 2178 1457 2204 quae
1474 2169 1519 2196 ΧΠ
1535 2170 1573 2197 De
1592 2169 1717 2196 doctrina
1733 2176 1820 2204 tempo-

219 2215 372 2249 passionem
394 2215 557 2250 assignavit,
578 2214 685 2242 Tiberio
710 2223 725 2241 v
749 2219 775 2242 et
798 2215 897 2249 Sejano
913 2224 997 2248 coss,
1015 2227 1037 2254 ι)
1051 2225 1120 2247 rum,
1136 2225 1195 2252 cap.
1213 2217 1258 2244 XL
1271 2217 1399 2243 diximus.

220 2258 300 2291 plane
315 2261 344 2283 ut
361 2257 538 2292 Epiphanius,
554 2259 654 2293 aliique
667 2263 772 2287 veteres
785 2260 908 2287 arbitrati
926 2265 998 2293 sunt,

220 2302 374 2329 lncarnatio
390 2308 521 2338 congruet
549 2304 576 2331 in
601 2312 701 2331 annum
716 2305 834 2340 primum
848 2313 908 2333 serae
922 2306 1000 2333 Chri-

221 2348 329 2380 stianaa;
345 2347 438 2374 itidem
448 2343 481 2375 ‘ut
495 2348 650 2382 Panodoro,
667 2358 699 2377 ac
716 2350 818 2378 Grzecis
831 2351 1000 2387 lLatinisque

220 2393 392 2427 computistis
416 2393 550 2427 placuisse
573 2395 709 2422 novimus.
739 2395 792 2422 Sed
818 2396 869 2423 hac
894 2397 1000 2424 ratione

221 2445 308 2466 annus
325 2438 417 2465 mundi
432 2438 500 2465 5725
513 2459 520 2472 ,
548 2440 595 2473 qui
610 2441 644 2467 ab
660 2440 847 2469 incarnatione
868 2441 946 2469 debet
967 2450 999 2469 ex

188 2505 190 2507 μ
221 2485 340 2511 Africani
356 2484 461 2512 calculo
475 2491 535 2511 esse
548 2484 611 2516 225,
626 2487 677 2512 erit
691 2488 844 2515 communis
860 2495 920 2514 aera:
931 2488 998 2521 225;

221 2538 275 2565 quo
290 2538 390 2557 annum
411 2529 516 2564 imperii
533 2531 681 2558 secundum
700 2532 851 2559 Alexander
864 2532 1000 2560 ﬂammea:

223 2576 293 2604 filius
323 2576 484 2604 inchoavit:
509 2583 569 2603 cum
595 2580 685 2603 tamen
711 2577 839 2604 Antonini
861 2578 1000 2613 Alagabali

224 2623 330 2649 tertium
357 2623 486 2651 incidisse
508 2623 535 2650 in
559 2630 660 2649 annum
680 2623 755 2650 illum
782 2625 875 2651 mundi
900 2624 1000 2654 diserte

195 2658 200 2663 ’
223 2668 364 2702 scripserit
375 2668 530 2696 Africanus.

260 2716 328 2748 Mea,
345 2721 375 2743 ut
395 2717 422 2743 in
438 2717 549 2752 ancipiti
566 2724 597 2744 ac
618 2717 745 2751 perplexa
760 2719 918 2752 quaestione,
935 2727 1000 2746 con-

222 2761 328 2796 jectura
345 2766 396 2794 est,
412 2762 562 2795 Christum,
579 2771 611 2790 ex
626 2763 748 2790 Africani
763 2764 900 2798 opinione,
914 2765 1001 2792 incar-

225 2810 317 2834 natum
345 2815 405 2835 csse
431 2816 501 2835 anno
527 2809 628 2843 periodi
654 2808 766 2837 Julianze
791 2810 869 2842 4712,
895 2810 1001 2838 biennio

226 2857 289 2882 ante
312 2860 481 2881 communem
504 2863 602 2889 aerum;
629 2856 722 2883 mundi
739 2856 818 2889 550i,
834 2857 998 2891 baptizatum

1086 2262 1206 2289 Alterum
1233 2267 1289 2294 est,
1313 2262 1385 2288 haud
1414 2262 1479 2289 satis
1506 2261 1612 2288 ﬁrmum
1639 2267 1822 2296 argumentum

1050 2314 1111 2334 esse
1127 2314 1204 2334 novae
1217 2307 1415 2342 chronologim;
1431 2315 1489 2342 qua:
1509 2314 1542 2334 ex
1564 2307 1611 2334 illo
1633 2307 1754 2334 Africani
1770 2308 1821 2334 loco

1050 2353 1189 2380 concludit
1216 2355 1335 2388 quinque
1364 2361 1496 2381 annorum
1527 2353 1613 2381 labem
1641 2354 1670 2380 in
1696 2353 1822 2381 Romanos

1051 2398 1137 2426 fastos
1155 2402 1182 2426 et
1203 2400 1315 2427 annales
1330 2399 1482 2434 irrepsisse,
1501 2407 1532 2426 ac
1549 2399 1663 2426 totidem
1681 2400 1821 2434 superﬂuos

1051 2445 1078 2471 in
1093 2445 1125 2471 iis
1148 2453 1218 2472 esse.
1234 2443 1281 2472 Vis
1298 2448 1338 2471 est
1355 2444 1595 2479 argumentationis
1610 2444 1753 2477 ejusmodi.
1773 2446 1820 2471 An-

1051 2499 1102 2518 nus
1116 2490 1238 2518 AFricani
1252 2491 1322 2518 5725
1335 2496 1376 2518 εει
1390 2499 1450 2518 απαξ
1465 2491 1566 2518 Christi
1589 2490 1653 2521 221,
1671 2490 1770 2525 periodi
1782 2490 1820 2516 Ju-

1051 2537 1130 2564 liante
1141 2537 1221 2567 4951,
1233 2544 1287 2572 quo
1301 2537 1426 2564 consules
1441 2536 1515 2563 fuere
1532 2536 1633 2563 Gratus
1648 2540 1675 2563 et
1691 2535 1817 2562 Seleucus.

1053 2583 1108 2610 lloc
1125 2591 1188 2610 vero
1203 2591 1250 2618 par
1267 2583 1409 2610 consulum
1424 2582 1461 2608 ait
1476 2583 1510 2609 ab
1530 2583 1634 2609 exactis
1650 2582 1758 2617 regibus
1768 2589 1818 2608 esse

1052 2629 1322 2664 septingentesimum
1356 2628 1514 2655 vicesimum
1549 2627 1689 2661 quintum.
1725 2627 1816 2654 Additis

1051 2683 1116 2710 ergo
1140 2682 1232 2709 regum
1256 2674 1334 2700 annis
1355 2673 1408 2699 245
1428 2672 1459 2699 ad
1475 2672 1546 2704 715,.
1559 2672 1627 2699 ﬁunt
1652 2672 1716 2699 anni
1739 2672 1814 2701 968,e

1052 2720 1150 2754 quibus
1167 2718 1290 2746 deductis
1303 2718 1366 2748 221,
1384 2720 1468 2745 restat
1484 2724 1571 2744 annus
1588 2716 1672 2744 Urbis
1690 2717 1737 2743 717
1753 2727 1758 2743 ;
1773 2723 1814 2751 quo

1051 2765 1176 2792 Christus
1200 2773 1232 2792 ex
1254 2763 1406 2791 communis
1428 2771 1488 2790 aii-te
1500 2763 1652 2790 ratiociniis
1676 2766 1749 2790 ortus
1767 2766 1812 2793 est;

1052 2811 1238 2846 quinquennio
1253 2810 1327 2845 prius
1341 2817 1422 2844 quam
1441 2810 1521 2844 vulgo
1535 2807 1649 2838 feratur,
1668 2808 1720 2834 imo
1732 2815 1814 2835 seren-

1053 2858 1109 2885 nio.
1125 2857 1209 2885 Natus
1224 2857 1302 2884 cnim'
1317 2856 1425 2890 ponitur
1447 2862 1517 2882 anno
1534 2853 1614 2881 Urbis
1634 2854 1748 2881 condita:
