1900 3137
31 140 143 170 Ιᾶοὸ
575 143 799 173 DISSERTATIO
820 145 865 172 DE
879 145 1083 173 CRIECORUM
1104 145 1204 174 ERIS.
1246 130 1255 140 Χ
1630 147 1693 176 Il't'n

37 199 192 229 Verum
209 201 355 230 Africanus
369 202 397 230 in
417 202 574 231 consulibus
589 204 644 231 sive
663 203 867 239 magistratibus
881 208 904 235 Α
918 208 971 231 cta.
1001 203 1166 239 Theophilus
1191 203 1389 232 Alexandrinus
1415 205 1557 240 episcopus
1583 207 1697 240 ρτιευιιιι-

35 248 191 276 annuis
214 249 406 280 numerandis,
430 256 476 277 eos
498 257 584 277 annos
612 250 738 283 exclusit,
766 250 865 285 quibus
916 249 967 276 Iern
997 250 1100 285 cyclum
1122 250 1239 276 instituit
1264 258 1397 277 annorum
1421 258 1587 283 ccccxsxvu,
1616 253 1695 286 cujus

38 293 148 321 nulli
184 293 312 321 consules
337 293 447 321 fuerunt
463 303 469 321 :
488 295 533 330 qui
549 295 655 330 quidem
672 295 698 322 in
716 295 803 323 Fastis
823 295 865 322 in-

40 337 206 373 signiter
220 339 339 374 quinque
359 343 487 367 notantur
503 340 537 367 ab
559 348 630 368 anno
651 340 732 368 Urbis
751 341 802 369 578
831 341 866 368 ad

42 391 190 412 annum
200 385 266 419 582;
276 385 374 420 quibus
383 386 539 413 continuum
548 386 741 421 interregnum.
751 391 777 414 et
786 387 866 422 ἀναρ-

43 429 114 464 χία.
137 431 262 459 exstitit.
284 431 342 459 Mos
360 435 401 459 est
423 435 511 459 autem
526 432 662 467 plerisque
686 432 864 467 scriptoribus

45 475 87 503 in
122 484 290 504 annuorum
315 477 521 512 magistratuum
545 482 591 504 aut
613 485 707 512 regum
733 478 864 513 tempori-

915 298 1021 322 centum
1052 295 1157 329 priores
1190 303 1276 323 annos
1305 296 1458 330 descripsit.
1486 305 1565 324 orsus
1592 305 1606 324 a
1631 305 1696 324 con-

915 340 1003 367 sulatu
1034 339 1154 367 Gratiani
1176 349 1191 367 v
1224 346 1250 368 et
1282 341 1425 369 Theodosii
1452 342 1551 377 impp.,
1579 344 1625 377 qui
1653 347 1694 370 est

914 392 1002 412 annus
1015 393 1075 412 mra:
1090 385 1255 419 Christianae
1273 394 1404 419 cccuxx,
1421 387 1498 422 cyclo
1518 387 1588 414 Iunm
1601 387 1622 414 I.
1645 388 1695 415 Hic

915 439 1001 460 annus
1023 440 1055 459 ex
1074 432 1194 460 Al‘rieani
1215 434 1321 461 calculo
1343 434 1490 467 putabatur
1511 434 1545 461 ab
1569 434 1695 460 lncarna-

915 478 989 505 tione
1013 485 1165 510 cccuxxn,
1184 479 1217 505 ab
1238 479 1340 506 Adamo
1361 479 1432 506 5882
1452 479 1509 512 (lib.
1531 487 1550 506 ιι
1569 479 1607 506 De
1622 479 1693 506 doct.

47 521 126 549 bus
165 523 373 558 percensendis,
401 531 448 551 eos
478 531 564 552 annos
596 524 737 556 omittere,
766 525 864 559 quibus

48 569 152 595 nulli
171 569 282 597 fuerunt
295 578 301 596 :
316 569 387 604 quod
402 577 416 595 a
430 569 590 607 quibusdam
605 570 740 597 veteribus
762 570 789 597 in
810 570 865 597 Ro-

50 614 177 642 manis
187 614 340 650 digerendis
357 616 500 643 annalibus
510 616 682 643 observatum
697 624 757 644 esse
771 616 864 651 dispu-

49 663 108 686 tat
142 660 317 695 Onupbrius,
335 668 396 688 eum
421 661 454 688 de
475 662 605 689 varietate
622 663 863 697 computandorum

53 705 172 734 Urbis
190 713 322 734 annorum
337 706 457 735 disserit.

101 761 262 790 Postremo
278 770 329 790 nec
349 763 416 790 illud
440 763 597 796 omiserim,
617 765 689 799 quod
711 772 744 792 ex
766 765 863 792 Photio

52 813 90 835 et
114 808 247 836 Eusebio
259 812 366 836 constat
379 809 407 836 in
425 809 562 842 Chronico,
577 810 675 845 duplex
687 811 720 838 ab
735 811 862 838 Africano

56 860 151 887 opus
179 854 385 888 elucubratum;
413 863 528 889 quorum
557 856 672 883 alterum
702 857 861 884 historicum

57 898 126 926 fuit
158 900 186 926 in
212 900 331 935 quinque
352 901 443 936 llibros
466 902 612 936 partitum,
640 906 667 930 et
699 903 732 929 ad
761 910 861 929 annum

57 946 194 973 tertium
228 946 384 982 Alagabali,
423 947 517 975 mundi
547 948 637 980 5725,
668 948 859 983 perductum:

58 990 103 1018 de
121 1000 186 1026 quo
202 992 334 1020 hactenus
359 993 442 1020 locuti
462 1001 568 1026 sumus,
588 994 702 1021 alterum
722 993 793 1028 quod
808 994 862 1019 Κε-

60 1037 163 1068 στοὺς
187 1037 327 1072 inscripsit
345 1038 372 1065 in
388 1037 475 1066 libros
488 1038 546 1066 XIV
565 1039 711 1074 digestum.
729 1037 860 1066 Eusebius

63 1090 144 1109 vero
165 1081 175 1108 I
194 1082 292 1110 Chron.
305 1090 400 1110 novem
417 1083 502 1110 libros
517 1087 652 1110 numerat.
671 1083 756 1117 Cujus
770 1082 860 1118 operis

62 1133 274 1162 argumentum
296 1127 436 1163 multiplex
460 1127 521 1155 fuit.
545 1128 613 1155 Nam
636 1128 670 1155 de
690 1127 801 1154 medicis
817 1135 859 1154 re-

63 1175 143 1206 bus,
157 1175 288 1210 physicis,
305 1174 426 1207 rusticis,
442 1174 574 1209 chymicis
585 1175 676 1207 etiam,
694 1174 727 1201 iis
743 1175 769 1200 in
783 1174 860 1201 libris

63 1222 211 1248 tractavit
228 1230 233 1248 :
250 1228 310 1256 qua:
335 1221 414 1248 ambo
439 1220 561 1255 ejusdem
583 1220 704 1247 Africani
730 1223 804 1252 sunt,
830 1222 860 1245 ut

66 1271 199 1294 testatur
212 1266 343 1298 Photius,
357 1274 412 1293 non
426 1270 455 1294 ut
473 1266 611 1301 Scaligero
625 1266 712 1293 visum
726 1269 786 1297 est,
811 1265 859 1300 qui

66 1316 209 1339 auctores
233 1312 369 1340 immerito
395 1311 527 1339 distinxit.
556 1311 647 1346 Itaque
669 1312 766 1338 Κεστοὶ
790 1310 860 1338 nihil

68 1357 108 1384 ad
141 1358 346 1393 chronologiam
371 1357 538 1390 attinebant;
555 1361 649 1384 contra
675 1363 755 1391 quam
781 1356 858 1384 nobis

69 1403 221 1431 exciderat
244 1403 292 1430 lib.
319 1402 366 1430 XII
390 1403 428 1430 De
460 1403 581 1429 doctrina
607 1407 767 1437 temporum,
798 1409 856 1437 cap.

68 1447 162 1480 XLII,
179 1448 225 1476 ubi
237 1448 357 1480 Κεστοὺς
371 1455 433 1475 cum
451 1447 617 1483 mvea6t6lqi
632 1447 745 1476 historia
763 1446 858 1475 contu-

70 1495 183 1523 dimus.

379 1571 492 1600 CAPUT
515 1571 559 1599 III.

74 1629 117 1658 De
129 1628 279 1655 Graecorum
293 1628 364 1659 (eris,
373 1632 498 1663 quatenus
511 1627 638 1663 methodis
646 1627 824 1661 paschalibus,
833 1632 859 1654 et

113 1663 194 1699 cyclis
207 1664 347 1698 implicata:
359 1667 430 1690 sunt.
446 1662 581 1699 Panadori
591 1662 859 1699 computus_i_llustra-

113 1697 168 1726 tur.
183 1699 220 1724 Ab
245 1707 273 1725 eo
292 1702 449 1734 propagatus
468 1703 506 1725 est
536 1698 603 1725 alter
622 1705 695 1732 quem
723 1697 858 1724 Maximus

115 1733 231 1761 adhibet.

116 1789 253 1818 Ilactenus
270 1798 359 1818 meras
374 1797 507 1817 annorum
521 1797 642 1817 summas
657 1789 691 1816 ab
712 1789 778 1817 orbe
791 1797 858 1816 con-

78 1838 141 1864 dito
165 1837 224 1864 sine
245 1837 299 1863 ulla
319 1837 468 1872 cyclorum,
485 1836 525 1863 uti
543 1835 645 1863 dictum
663 1841 714 1866 est,
732 1835 859 1862 methodo

79 1883 278 1911 subdueebant.
296 1881 404 1914 Postea,
419 1890 479 1909 cum
493 1882 548 1917 jam
571 1888 637 1909 usus
653 1881 760 1908 artiﬁcii
779 1881 858 1908 istius

79 1929 139 1956 fere
165 1928 192 1954 in
217 1927 338 1954 Ecclesia
363 1927 507 1962 coepisset,
534 1926 636 1961 placuit
658 1933 744 1953 annos
765 1925 859 1952 mundi

79 1975 123 2001 sic
138 1972 170 1999 ad
185 1973 308 2000 eumdem
324 1977 426 2007 aptare,
454 1976 484 1999 ut
508 1971 595 1999 divisa
612 1979 717 1999 summa
742 1979 789 2006 per
813 1979 859 2006 cy-

79 2021 184 2047 clorum
210 2018 361 2053 periodum,
387 2018 513 2054 proprius
528 2017 590 2045 anni
611 2017 743 2051 cujusque
766 2017 858 2052 cyclus

79 2066 233 2094 exsisteret.
248 2065 332 2098 Quem
350 2065 376 2091 in
395 2065 474 2091 tinem
492 2063 589 2100 partim
608 2070 740 2090 annorum
757 2063 860 2098 aliquot

81 2111 246 2140 detractione
267 2111 309 2137 vel
335 2110 485 2141 additione,
509 2108 613 2144 priores
636 2112 778 2143 computos
809 2108 859 2134 im-

84 2159 239 2188 mutarunt;
266 2156 362 2190 partim
387 2155 422 2181 iis
442 2154 565 2186 retentis,
589 2153 804 2180 lncarnationem
827 2160 858 2179 ac

915 528 1004 558 temp.,
1021 531 1081 558 cap.
1101 523 1203 558 LXIX).
1223 523 1323 551 Divisis
1338 524 1407 550 5882
1420 532 1469 558 per
1487 523 1520 551 I9
1533 524 1693 558 relinquun-

914 573 959 596 tur
975 569 1006 601 II,
1022 570 1096 604 atqui
1112 569 1121 596 I
1138 569 1277 597 residuum
1294 578 1353 597 esse
1368 570 1486 597 melbodi
1501 570 1636 604 paschalis
1652 571 1694 598 in-

914 621 1024 644 tererat.
1041 616 1202 644 Panodorus
1220 624 1284 652 ergo
1304 616 1396 644 decem
1414 617 1552 650 detractis,
1569 617 1693 645 eumdem

914 661 990 688 illum
1019 669 1121 688 annum
1146 662 1301 688 numeravit
1326 661 1360 688 ab
1385 661 1450 689 orbe
1479 661 1589 688 condito
1611 661 1691 692 5872.

913 707 1012 741 quibus
1025 715 1072 742 per
1090 707 1123 733 I9
1137 707 1253 742 partitis,
1269 707 1362 742 cyclus
1376 707 1420 734 ille
1435 707 1505 734 luna:
1517 707 1630 741 primus.
1645 707 1692 742 qui

913 752 1095 787 quaerebatur,
1118 753 1235 780 exsistit.
1262 751 1395 780 Prmterea
1417 752 1632 780 lncarnationem
1659 761 1691 780 ac

913 798 1032 825 Natalem
1056 798 1155 825 Christi
1171 798 1279 825 biennio
1294 797 1423 825 subduxit
1442 798 1475 825 ab
1487 798 1607 825 Africani
1621 806 1688 832 epo-

913 844 980 877 cha;
999 847 1025 871 et
1040 844 1067 870 in
1083 851 1184 871 annum
1200 844 1312 878 redegit,
1327 846 1373 879 qui
1393 844 1598 872 trecentesimus
1613 849 1691 871 octo-

911 890 1029 924 gesimus
1041 893 1113 917 retro
1123 889 1270 924 putabatur
1281 890 1316 916 ab
1330 889 1441 917 exordio
1455 889 1523 925 cycli
1536 889 1689 924 Theophili.

912 934 940 961 Si
956 943 1044 962 annus
1062 934 1132 961 5872
1155 934 1246 961 mundi
1272 934 1481 962 trecentesimus
1506 935 1690 969 octogesimus

911 979 1047 1006 secundus
1064 979 1207 1006 haberetur
1228 979 1262 1005 ab
1278 979 1419 1005 incarnato
1442 979 1564 1010 Domino,
1584 980 1690 1006 caderet

910 1023 1063 1051 lncarnatio
1078 1024 1106 1051 in
1128 1031 1228 1051 annum
1252 1025 1286 1051 ab
1309 1024 1412 1051 Adamo
1426 1024 1505 1051 549i.
1531 1024 1691 1052 Panodorus

911 1073 1000 1097 autem
1016 1077 1077 1097 eum
1094 1077 1194 1097 annum
1210 1070 1313 1104 putavit
1331 1070 1409 1097 5493.
1425 1069 1508 1105 Igitur
1521 1070 1626 1105 primus
1642 1078 1691 1097 an-

911 1123 961 1142 nus
975 1115 1042 1151 cycli
1064 1115 1217 1150 Theophili,
1233 1123 1293 1142 aerae
1308 1115 1506 1143 Incarnationis
1520 1116 1554 1144 ab
1569 1116 1614 1142 illo
1637 1125 1690 1143 nu-

910 1163 1029 1186 meratus
1053 1164 1096 1187 est
1115 1160 1324 1187 trecentesimus
1348 1160 1549 1193 octogesimus:
1566 1168 1626 1195 quae
1648 1165 1690 1187 est

909 1204 1023 1239 insignis
1037 1204 1191 1232 observatio
1201 1205 1341 1232 vetustatis
1354 1211 1415 1231 terte
1430 1205 1591 1237 communis.
1608 1213 1690 1240 quam

909 1248 1099 1285 Dionysianam
1121 1249 1274 1280 nominant,
1297 1255 1451 1283 quanquam
1472 1256 1527 1275 uno
1550 1256 1622 1275 anno
1645 1249 1689 1276 In-

908 1295 1094 1322 carnationem
1118 1294 1329 1327 antevertimus,
1353 1301 1385 1321 eo
1409 1293 1481 1329 quod
1506 1301 1559 1321 tera
1587 1294 1689 1322 Christi

908 1349 962 1368 non
979 1341 1191 1369 lncarnationem
1206 1341 1319 1368 includit
1337 1341 1442 1375 ipsam;
1464 1339 1511 1367 sed
1529 1347 1543 1366 a
1558 1339 1688 1368 Kalendis

907 1385 1044 1414 Januariis
1064 1386 1194 1420 proximis
1217 1393 1232 1412 a
1258 1385 1345 1413 Natali
1365 1385 1468 1420 incipit.
1503 1384 1686 1411 Nihilominus

909 1432 1044 1459 luculenta
1075 1436 1117 1459 est
1141 1432 1197 1459 haec
1226 1431 1330 1458 notatio
1357 1430 1475 1466 vulgaris
1499 1437 1578 1463 rem;
1607 1437 1686 1464 quam

908 1477 1063 1511 chronologi
1090 1476 1200 1511 quidam
1228 1475 1396 1503 recentiores
1426 1478 1456 1502 ut
1480 1466 1592 1502 minime
1616 1475 1687 1501 anti-

872 1539 892 1566 c
909 1530 1001 1558 quom,
1014 1526 1041 1549 et
1054 1530 1069 1548 a
1083 1521 1210 1557 Dionysio
1231 1521 1345 1554 primum
1362 1520 1466 1555 Exiguo
1487 1525 1620 1555 repertam
1637 1520 1687 1547 im-

911 1571 1096 1603 punevexant
1110 1574 1143 1594 ac
1156 1566 1273 1594 ludibrio
1288 1566 1397 1593 habent.
1412 1565 1464 1594 Sed
1478 1567 1537 1602 ejus
1550 1571 1687 1594 auctorem

910 1614 1005 1640 saltem
1028 1612 1198 1640 Panodorum
1221 1611 1306 1640 fuisse
1331 1619 1365 1639 es
1388 1619 1420 1639 eo
1443 1612 1589 1645 vincimus,
1614 1611 1685 1647 quod

910 1659 1040 1694 Georgius
1066 1658 1207 1694 Syncellus
1227 1657 1442 1684 lncarnationem
1467 1657 1570 1690 Christi
1591 1658 1624 1685 ab
1640 1658 1687 1684 illo

909 1704 1022 1732 relatam
1037 1703 1135 1730 astruit
1150 1703 1178 1729 in
1190 1709 1290 1729 annum
1306 1702 1399 1728 mundi
1411 1702 1497 1735 5493;
1512 1710 1591 1737 quem
1607 1702 1687 1737 ipsis-

911 1750 1008 1777 simuin
1028 1756 1089 1776 esse
1105 1748 1221 1783 primum
1237 1755 1297 1775 terte
1313 1747 1464 1775 communis
1486 1755 1547 1783 cap.
1563 1748 1687 1782 sequenti

910 1794 1166 1825 demonstrabimus,
1183 1793 1228 1820 ubi
1242 1793 1348 1828 Georgii
1362 1793 1540 1828 fragmentum
1554 1793 1618 1819 illud
1639 1801 1687 1820 ex-

911 1842 1071 1869 scribemus.
1088 1840 1180 1868 Annos
1201 1839 1269 1867 5495
1284 1839 1305 1866 si
1320 1847 1366 1874 per
1381 1840 1413 1866 I9
1428 1839 1554 1873 partiare,
1576 1839 1604 1865 tit
1616 1839 1687 1866 lunae

910 1888 1002 1924 cyclus
1017 1887 1045 1918 2,
1070 1886 1116 1921 qui
1131 1886 1241 1920 perinde
1256 1893 1325 1912 anno
1347 1885 1435 1920 primo
1449 1884 1551 1912 Christi
1571 1885 1686 1911 nostrati

909 1934 1044 1969 congruit.
1068 1932 1105 1958 Ex
1124 1932 1174 1958 hac
1189 1931 1323 1958 Panodori
1348 1930 1562 1957 conformatione
1588 1929 1687 1956 accidit

910 1983 939 2007 ut
954 1982 1096 2013 computus
1108 1977 1158 2004 iste
1174 1984 1269 2004 recens
1282 1977 1316 2004 ab
1331 1976 1396 2003 orbe
1407 1976 1516 2003 condito
1530 1980 1591 2002 octo
1607 1975 1686 2002 annis

910 2026 999 2053 minor
1012 2029 1085 2052 esset
1109 2023 1200 2059 priore
1217 2023 1273 2055 illo,
1291 2022 1337 2056 qui
1354 2022 1404 2048 fuit
1423 2021 1554 2048 Africani.
1569 2020 1687 2048 Tametsi

909 2072 980 2099 enim
992 2070 1084 2098 decem
1096 2077 1182 2097 annos
1196 2068 1228 2095 de
1239 2075 1271 2095 eo
1283 2067 1441 2095 Panodorus
1455 2067 1582 2098 abstulit,
1597 2070 1687 2093 tamen

910 2122 1079 2144 communem
1103 2114 1250 2142 terminum
1276 2113 1385 2140 biennio
1409 2111 1565 2139 summovit.
1588 2110 1616 2137 Si
1645 2111 1687 2137 In-

909 2159 1075 2188 carnationis
1084 2159 1227 2193 pristinum
1238 2165 1339 2185 annum
1350 2157 1507 2184 retinuisset
1517 2156 1551 2183 ab
1558 2155 1688 2182 Africano

83 2202 239 2230 Passionem
267 2201 368 2228 Christi
394 2201 462 2228 alios
487 2201 514 2227 in
537 2207 634 2231 annos,
653 2206 733 2234 quam
757 2199 856 2234 quibus

910 2206 1010 2234 editum
1021 2226 1028 2238 ,
1043 2205 1089 2240 qui
1107 2210 1148 2234 est
1163 2204 1264 2240 periodi
1281 2202 1394 2230 Iuliana:
1408 2203 1488 2233 4712,
1501 2201 1611 2229 biennio
1625 2207 1688 2228 ante

84 2244 193 2279 ascripti
216 2247 292 2271 erant
308 2243 395 2276 initio,
413 2243 579 2278 relcgarunt.
605 2241 661 2269 Hoc
677 2245 706 2269 ut
725 2242 857 2276 paulatim

83 2290 204 2320 evenisse
220 2290 376 2325 conjectura
392 2292 484 2316 nostra
505 2289 566 2322 fert,
581 2288 716 2324 explicare
730 2287 856 2322 deinceps

85 2336 231 2372 aggrediar.

120 2392 255 2427 Princeps,
281 2397 411 2427 quantum
435 2391 567 2426 suspicari
593 2391 665 2422 licet,
690 2390 717 2417 in
741 2390 856 2425 {Egypto

85 2438 249 2470 Panodorus,
267 2446 328 2465 cum
344 2437 570 2465 animadverteret
596 2443 680 2463 annos
704 2436 739 2462 ab
753 2435 856 2462 Adamo

86 2492 118 2510 ex
138 2482 253 2509 Africani
271 2483 404 2510 sententia
419 2482 558 2514 collectos,
577 2480 601 2508 si
627 2488 673 2515 per
699 2480 732 2507 I9
754 2479 856 2508 divide-

88 2530 184 2558 rentur,
199 2535 370 2563 nequaquam
386 2527 519 2555 labentem
540 2527 610 2554 luna:
621 2526 726 2562 cyclum
739 2525 853 2558 eﬂicere,

89 2581 138 2601 non
151 2573 281 2600 dubitavit
295 2573 434 2608 captanda:
448 2572 655 2608 opportunitatis
669 2572 744 2600 illius
758 2573 854 2607 gratia,

92 2625 183 2654 paucos
208 2625 294 2645 annos
326 2625 341 2645 e
374 2625 479 2645 summa
506 2617 660 2652 decerpere.
690 2616 750 2643 .Iam
784 2617 856 2644 enim

93 2662 323 2690 Alexandrinorum
336 2662 440 2690 lunaris
451 2662 543 2695 cyclus
558 2662 764 2697 pererebuerat;
779 2662 825 2696 qui
841 2669 856 2688 a

93 2708 203 2743 paschali
224 2707 278 2735 fere
294 2716 386 2735 mense
402 2716 512 2736 sumens
529 2708 646 2739 initium,
668 2708 738 2735 idem
753 2711 811 2734 erat
825 2715 856 2734 ac

93 2757 185 2784 noster,
210 2753 262 2780 hoc
276 2758 317 2781 est
337 2755 441 2788 primus
465 2755 545 2781 unius
569 2754 673 2789 primus
689 2753 781 2781 itidem
798 2757 856 2780 erat

94 2799 196 2827 alterius
215 2808 221 2826 :
239 2799 454 2834 quandoquidem
469 2800 605 2835 paschalis
620 2801 708 2827 omnis
722 2799 855 2827 Romano-

97 2852 150 2873 rum
166 2844 306 2873 methodus
319 2845 352 2873 ab
372 2845 614 2873 Alexandrinorum
632 2849 673 2873 cst
688 2845 759 2873 fonte
772 2844 856 2872 dedu-

907 2252 1038 2288 epocham
1059 2255 1197 2283 nostram;
1215 2257 1302 2278 almus
1324 2249 1427 2284 primus
1448 2248 1517 2283 cycli
1531 2247 1686 2282 Theophili,

909 2297 1011 2324 Christi
1038 2296 1105 2327 380,
1131 2295 1228 2323 fuisset
1253 2302 1313 2321 terte
1334 2292 1532 2321 lncarnationis
1552 2292 1687 2319 Panodori

907 2343 976 2375 382;
993 2341 1085 2369 mundi
1100 2341 1180 2368 5872.
1200 2339 1304 2367 Ablatis
1320 2340 1398 2366 annis
1409 2338 1460 2365 582
1473 2338 1506 2365 de
1521 2338 1601 2369 5872,
1619 2337 1686 2365 resi-

906 2389 953 2416 dui
968 2392 1031 2415 sunt
1054 2386 1133 2414 5490.
1157 2386 1226 2420 Ergo
1252 2393 1340 2412 annus
1357 2384 1431 2412 -5491
1459 2388 1531 2411 esset
1560 2383 1686 2410 lncarna-

906 2434 988 2462 tionis
1014 2440 1112 2460 annus.
1140 2432 1212 2459 Idem
1245 2432 1347 2466 primus
1381 2430 1522 2464 Theophili
1547 2437 1634 2456 annus
1652 2436 1686 2455 ex

907 2479 1028 2507 Africani
1050 2482 1177 2513 computo
1201 2481 1259 2504 erat
1274 2477 1308 2504 ab
1325 2477 1427 2504 Adamo
1446 2475 1525 2508 5882,
1548 2483 1562 2501 a
1582 2474 1684 2501 Christi

907 2525 1096 2553 Incarnatione
1120 2523 1181 2551 382.
1206 2523 1353 2550 Subductis
1374 2523 1425 2549 582
1441 2522 1474 2549 de
1490 2521 1569 2552 3882,
1587 2519 1684 2554 reliqui

907 2575 971 2599 sunt
986 2571 1049 2599 anni
1062 2570 1131 2597 5500
1148 2579 1154 2596 :
1175 2569 1288 2604 proinde
1304 2576 1374 2595 anno
1390 2568 1455 2595 5501
1470 2567 1627 2594 incarnatus
1644 2569 1686 2593 est

907 2615 1032 2643 Christus
1051 2623 1084 2642 ex
1106 2615 1225 2642 Africani
1249 2614 1409 2641 ratiociniis.
1435 2611 1586 2639 Discrimen
1609 2619 1685 2638 com-

907 2661 965 2696 puti
979 2660 1060 2695 hujus
1077 2664 1104 2687 et
1124 2661 1245 2691 alterius,
1264 2661 1327 2687 anni
1345 2659 1388 2685 I0.
1406 2657 1505 2684 Verum
1526 2656 1685 2685 Panodorus

907 2707 1028 2738 biennio,
1045 2711 1075 2733 ut
1096 2706 1197 2733 dictum
1217 2710 1269 2738 est,
1283 2704 1500 2732 lncarnationem
1517 2703 1682 2730 descendere

905 2753 988 2789 jussit
1009 2753 1043 2780 ad
1067 2761 1165 2780 annum
1183 2752 1251 2780 5495
1266 2760 1273 2778 :
1289 2751 1359 2779 unde
1382 2755 1443 2777 octo
1465 2757 1597 2777 annorum
1614 2749 1684 2776 dun-

908 2803 981 2827 taxat
1001 2800 1070 2827 inter
1087 2804 1229 2834 utrumque
1248 2801 1311 2824 nata
1326 2795 1475 2824 dill‘erentia
1495 2801 1546 2823 est.
1564 2795 1682 2822 Accessit

909 2845 942 2872 ad
959 2853 1018 2873 eam
1032 2846 1099 2882 cycli
1117 2845 1220 2873 lunaris
1236 2843 1474 2879 opportunitatem.
1486 2847 1513 2871 et
1528 2841 1682 2872 indictionis
