1900 3137
211 142 279 168 1407

714 139 758 166 AD
778 138 912 167 EUSEBH
932 137 1127 166 CllRONICON
1146 136 1325 163 APPENDIX.

1771 135 1838 162 “03

208 206 286 226 usus.
306 196 372 225 Nam
391 197 494 224 unitate
513 196 616 227 addita,
635 199 663 223 et
682 204 786 223 summa
802 204 850 231 per
874 195 906 222 15
926 203 988 230 par-
1005 198 1025 225 Α
1039 194 1112 229 quod
1127 198 1223 221 neuter
1238 194 1344 221 illorum
1369 193 1497 221 instituit.
1522 191 1596 218 Hinc
1619 195 1740 226 apparet
1764 199 1838 220 recte

209 245 268 274 tita,
287 244 396 278 propria
411 243 544 278 cujusque
562 243 626 269 anni
644 241 758 269 habetur
776 241 898 269 indictio.
918 241 989 268 Anni

208 287 280 315 5372
295 296 342 322 per
363 287 396 314 15
409 287 547 314 distributi
572 288 732 322 relinquunt
747 286 772 314 7.
796 285 895 313 Verum
919 293 990 312 anno

208 332 311 361 Christi
325 332 377 359 580
390 331 502 359 indictio
519 332 570 359 fuit
585 332 618 360 8:
638 333 728 360 unitas
739 339 804 367 ergo
818 331 928 366 adjungi
944 331 991 358 de-

209 379 255 407 bet
267 378 300 406 ad
316 386 470 406 numerum.
487 378 564 411 Quod
577 379 600 407 si
613 386 713 406 annum
728 378 849 406 Africani
860 377 930 405 5882
944 385 998 412 per

210 424 244 450 15
258 423 405 455 divideres,
429 423 544 451 indictio
568 423 586 450 2
609 424 775 459 proveniret,
800 431 861 458 qua:
885 422 991 457 longius

209 469 286 496 abest
301 468 337 495 ab
355 476 397 497 ea.
413 476 473 503 qua
490 473 546 496 tum
564 469 720 504 putabatur.
740 469 920 502 Quamobrem
936 476 991 495 non

209 514 299 541 minus
317 514 487 545 indictionis,
510 522 592 549 quam
607 515 675 550 cycli
693 515 797 542 lunaris
814 514 993 542 commoditas

208 559 382 587 Panodorum
400 560 518 595 impulit,
541 564 572 587 ut
587 560 709 587 Africani
730 564 886 595 computum
908 559 994 587 inter-

209 605 325 640 polaret.
350 604 380 631 Si
396 605 505 639 quidem
523 604 682 633 indictionis
704 612 771 632 usus
792 613 841 640 per
861 605 907 632 illa
925 610 994 632 tem-

209 658 277 686 pora
290 651 477 678 vehementius
491 651 693 679 increbrescere
708 651 800 687 coepit,
810 655 840 678 ιιι
853 654 894 679 est
909 651 935 678 in
946 651 993 678 lib.

210 695 245 724 XI
256 697 293 724 De
302 696 423 724 doctrina
435 702 588 731 temporum,
605 704 666 732 cap.
681 696 749 723 XLI.

245 743 353 770 Atenim
372 750 535 778 persuasum
555 743 608 770 hoc
623 743 762 778 plerisque
777 742 839 775 fuit,
855 741 994 770 Christum

212 789 356 816 Dominum
373 792 400 816 et
415 788 503 816 Martii
520 796 599 822 xxut,
613 793 639 816 et
655 789 719 816 luna
733 797 778 816 xlv
799 788 841 816 vel
856 796 900 819 xv.
914 788 939 815 id
952 792 995 815 est

212 834 370 869 plenilunio,
385 842 447 862 esse
463 842 585 870 passum.
606 835 633 862 id
649 838 732 862 estin
751 834 884 862 Paschate
900 833 994 862 Judai-

211 888 253 912 co,
272 879 360 907 Martii
385 887 451 907 vero
476 888 529 908 xxv
552 881 740 908 resurrexisse

212 926 279 952 feria
295 934 333 958 vt,
353 926 404 953 hoc
420 930 509 953 autem
527 927 595 954 feria
609 935 618 954 ι
632 927 780 962 contigisse
795 930 870 954 extra
884 930 995 954 contro-

212 972 330 999 versiam
349 976 401 999 est.
425 971 503 1005 Quod
518 972 607 999 Martii
630 980 697 999 xxiii
714 980 824 1007 passum
843 981 904 1000 esse
918 973 997 1000 Chri-

214 1023 286 1046 stum
299 1018 385 1046 Graeci
396 1019 567 1055 eomputistze
582 1019 759 1051 crediderint,
772 1023 931 1054 argumento
942 1023 994 1051 est,

213 1064 285 1098 quod
317 1064 461 1096 Maximus,
482 1065 626 1100 Georgius,
648 1065 811 1092 ‘Chronicon
835 1064 996 1092 Alexandri-

213 1117 290 1141 num,
300 1109 451 1142 Cedrcnus.
464 1114 490 1137 et
505 1111 550 1137 alii
566 1110 720 1145 complures
733 1111 769 1137 ita
782 1110 911 1137 sentiunt.
924 1110 995 1142 Quin

213 1155 295 1182 etiam
314 1155 481 1183 Caesariense
498 1156 655 1187 concilium,
675 1156 748 1190 quod
775 1155 882 1184 Victore
908 1156 997 1190 ponti-

213 1201 263 1228 ﬁce
276 1201 350 1228 circa
367 1209 468 1228 annum
490 1201 592 1229 Christi
615 1201 731 1229 CXCVII
754 1202 919 1229 celebratum
944 1205 995 1233 est,

213 1247 265 1274 hoc
278 1247 366 1281 ipsum
382 1247 485 1274 deﬁniit
501 1239 548 1274 lib.
564 1246 611 1273 Xli
622 1247 660 1274 De
674 1247 745 1274 doct.
763 1252 841 1282 temp.
856 1255 928 1282 cap.,
940 1246 996 1273 Xll.

215 1292 350 1325 Quocirca
373 1292 426 1319 tria
445 1293 502 1320 haec
525 1292 554 1320 in
579 1293 703 1321 eumdem
728 1294 902 1321 concurrisse
925 1294 996 1321 diem

215 1339 303 1366 Martii
320 1346 386 1366 xxiii
407 1339 530 1366 arbitrati
546 1342 620 1372 sunt,
637 1339 732 1368 feriam
747 1348 784 1370 Vl,
803 1344 830 1367 et
843 1340 934 1367 lunam
946 1348 996 1372 xv;

214 1392 332 1412 necnon
349 1385 498 1419 legitimum
513 1385 601 1412 aetatis
617 1385 739 1418 modum,
758 1389 786 1412 ut
805 1393 892 1412 χχχιιι
911 1393 998 1413 annos

215 1430 324 1457 circiter
348 1431 436 1460 aetatis
458 1430 593 1458 haberet:
612 1431 738 1465 quoniam
765 1431 901 1458 tricesimo
927 1438 998 1458 anno

214 1476 369 1510 baptizatus
390 1479 450 1508 est,
476 1483 508 1503 ac
534 1476 584 1502 tria
608 1475 705 1503 deinde
727 1475 861 1503 Paschata
884 1477 996 1512 peregit.

214 1520 320 1553 Quibus
337 1520 463 1547 omnibus
483 1520 651 1547 commodior
668 1521 760 1548 nullus
775 1522 997 1549 annus'inveniri

215 1566 314 1600 potuit,
323 1574 404 1601 quam
420 1566 465 1600 qui
476 1573 535 1593 tera!
546 1567 700 1594 communis
708 1570 749 1594 est
760 1574 824 1597 λιιι.
837 1572 863 1595 et
875 1567 901 1594 in
913 1567 1000 1594 Pano-

215 1611 274 1638 dori
289 1616 416 1647 computo
432 1612 502 1639 5555
513 1613 617 1645 exiens,
630 1613 771 1647 iniensque
781 1613 860 1645 5554,
875 1613 1000 1648 idemque

217 1658 251 1685 ab
261 1657 460 1690 lncarnatione,
470 1658 619 1686 secundum
628 1657 810 1690 Panodorum,
819 1654 862 1686 12.
872 1658 938 1686 Nam
950 1659 1000 1687 hoc

217 1710 289 1730 anno
309 1703 401 1738 cyclus
418 1708 476 1730 erat
505 1704 570 1731 solis
594 1702 733 1731 Romanus
762 1712 840 1737 xxttt,
856 1705 944 1732 littera
967 1704 999 1739 G,

219 1749 388 1784 proindeque
406 1750 496 1777 Martii
509 1750 576 1778 feria
592 1758 628 1784 ri,
641 1754 669 1778 et
680 1750 766 1777 Martii
779 1759 831 1778 xxv
849 1750 999 1784 Dominica,

217 1796 310 1831 cyclus
322 1796 392 1823 luna:
406 1796 616 1830 Alexandrinus,
630 1800 657 1824 et
670 1796 808 1825 Romanus
825 1797 877 1824 fuit
892 1806 918 1830 ν,
935 1805 1000 1825 neo—

219 1842 307 1869 menia
324 1841 431 1869 Nicaeus
444 1842 532 1869 Martii
548 1850 574 1869 ix
590 1847 616 1869 et
629 1850 709 1874 xxtu,
726 1843 789 1870 luna
803 1851 846 1870 xv.
863 1842 934 1878 Ergo
948 1851 1002 1871 non

218 1887 377 1914 dubitarunt
395 1887 440 1914 illo
452 1894 522 1914 anno
539 1881 695 1922 passionem
709 1887 854 1916 accidisse.
872 1887 907 1915 Ut
921 1888 1003 1924 igitur

218 1933 377 1960 tricesimus
387 1933 431 1960 hic
442 1936 467 1959 et
479 1933 587 1966 tertius,
597 1933 638 1961 vel
650 1937 763 1969 quartus
774 1935 861 1963 aetatis
875 1940 948 1964 esset
959 1944 1003 1963 an-

220 1986 272 2006 nus
281 1978 392 2014 patienti
404 1978 525 2011 Christo,
537 1979 739 2008 constituerunt
747 1988 819 2008 anno
829 1982 947 2017 contputi
958 1981 1004 2009 Pa-

222 2025 317 2051 nodori
336 2025 401 2052 5501
421 2025 592 2052 incarnalum
609 2033 670 2053 esse
685 2026 839 2060 Christum;
860 2035 920 2054 aera:
946 2027 1004 2054 vul-

221 2072 291 2106 garis
300 2079 382 2101 nono.
390 2071 494 2106 periodi
502 2070 617 2098 Iuliana:
627 2071 708 2099 4722.
720 2072 758 2100 De
768 2080 820 2108 qua
832 2073 940 2100 illorum
950 2073 1004 2108 opi-

222 2117 311 2146 nione.
330 2120 357 2143 et
373 2117 548 2151 chronologia
564 2117 596 2143 ad
611 2115 801 2152 Fragmentum
815 2116 922 2152 Georgii
936 2117 1005 2153 Syn-

222 2161 281 2187 eelli
289 2160 469 2194 disputabitur
477 2161 563 2196 capite
569 2161 773 2196 sequenti.Huic
780 2162 887 2189 illorum
894 2163 1007 2198 castiga-

1012 1545 1033 1573 C

1038 248 1089 268 nos
1100 241 1188 275 capite
1204 240 1212 266 l
1227 239 1367 271 docuisse,
1386 244 1542 273 computum
1566 237 1642 264 hunc
1659 238 1797 264 annalem
1813 244 1838 264 et

1038 285 1269 316 Alexandrinum,
1294 284 1360 310 nihil
1380 291 1396 311 a
1412 283 1548 310 Panodori
1571 286 1706 317 computo
1730 282 1838 310 disere-

1038 338 1114 365 pare,
1130 331 1152 358 si
1169 331 1201 357 ad
1218 338 1304 358 annos
1318 329 1413 357 Adami
1435 330 1472 357 vel
1484 329 1580 357 mundi
1601 329 1756 364 respicias.
1768 328 1836 356 Tum

1040 377 1066 404 id
1081 380 1204 410 constat;
1228 377 1342 404 multum
1360 377 1431 403 hunc
1444 376 1478 403 ab
1491 384 1545 403 tera
1569 376 1697 403 Africani
1717 383 1787 403 esse
1798 376 1837 402 di-

1040 431 1158 450 versum.
1167 423 1301 456 Quocirca
1313 423 1384 458 quod
1395 423 1421 450 in
1432 423 1468 450 lx
1479 423 1516 450 De
1529 423 1655 450 doctrina
1669 428 1834 458 temporum,

1041 477 1100 505 cap.
1112 469 1146 496 IV
1155 470 1285 502 diximus,
1300 478 1333 497 ex
1350 470 1437 498 tribus
1449 470 1566 504 vulgatis
1579 469 1749 497 Graecorum
1761 478 1833 497 coru-

1042 515 1124 550 putis,
1142 515 1311 549 antiquitatis
1324 515 1439 550 palmam
1456 515 1481 542 ei
1498 515 1604 546 deberi,
1619 515 1669 551 qui
1688 515 1725 542 ad
1741 514 1832 541 lucar-

1043 563 1178 589 nationem
1194 561 1296 589 Christi
1317 565 1441 589 numerat
1465 562 1606 589 absolutos
1630 569 1727 590 annos
1753 562 1831 593 5500.

1042 605 1096 633 late
1113 605 1140 632 id
1157 606 1345 641 accipiendutn
1361 610 1416 638 est;
1434 609 1461 634 et
1483 606 1610 639 καθόλου,
1638 607 1665 634 si
1693 615 1830 635 annorum

1043 652 1231 679 tantummodo
1260 659 1365 680 summa
1395 656 1552 687 spectetur,
1581 653 1746 688 cujusmodi
1774 662 1830 681 eam

1043 695 1190 723 Africanus
1206 696 1334 723 instituit.
1352 695 1400 723 Sin
1415 704 1447 724 eo
1461 697 1542 724 modo
1557 697 1770 729 consideretur,
1783 707 1830 734 quo

1045 741 1078 768 ab
1093 741 1267 776 computandi
1282 741 1419 777 magistris
1433 743 1637 771 accommodata
1658 748 1762 779 postea
1784 750 1828 773 est.

1046 795 1106 815 cum
1124 795 1189 815 usus
1214 788 1333 816 tnethodi
1356 789 1490 824 paschalis
1514 790 1649 826 implexa;
1673 791 1775 818 eadem
1794 795 1831 818 est

1046 841 1107 861 cum
1133 834 1178 860 illa
1194 834 1347 870 Panodori;
1368 836 1416 864 sed
1430 837 1490 872 ejus
1511 841 1554 865 est
1576 837 1708 865 tractatio
1722 838 1831 865 confor-

761 890 768 908 ε
793 888 909 915 quorum
929 880 995 908 illud
1011 866 1031 893 Β
1047 878 1185 914 natioque
1200 866 1342 907 recentior.

1081 965 1145 994 Post
1163 967 1234 995 hunc
1247 967 1380 996 Panodori
1397 975 1552 1005 computum
1566 980 1725 1006 perperam,
1746 977 1775 1000 et
1787 973 1831 1000 ad-

1045 1019 1141 1040 versus
1161 1012 1370 1049 Evangeliorum
1388 1015 1465 1042 fidem
1483 1023 1497 1043 a
1515 1015 1620 1045 Graecis
1634 1026 1666 1045 ea
1683 1026 1768 1053 quam
1787 1027 1830 1046 ex-

1046 1059 1136 1093 posui.
1152 1059 1256 1087 ratione
1271 1060 1468 1095 depravatum,
1487 1062 1555 1090 alter
1575 1064 1756 1098 excogitatus
1776 1069 1828 1096 est;

1046 1104 1092 1139 qui
1114 1104 1165 1132 hoc
1180 1105 1290 1133 excluso
1305 1107 1406 1141 priore,
1425 1107 1555 1143 pleraque
1578 1109 1606 1136 in
1630 1111 1709 1137 omni
1730 1110 1830 1138 Graecia

1046 1156 1073 1179 et
1085 1151 1195 1180 Oriente
1211 1153 1261 1180 hac
1278 1158 1357 1182 aetate
1370 1160 1493 1190 receptus
1509 1160 1563 1183 est.
1580 1156 1631 1183 Hic
1646 1156 1682 1183 ad
1699 1156 1830 1184 Panodori

1047 1199 1177 1232 epoeham
1193 1199 1241 1234 τῆς
1255 1199 1483 1236 ἐνανορωπήσεως
1500 1209 1587 1229 annos
1603 1201 1682 1229 addit
1697 1203 1829 1235 sedecim;

1047 1244 1080 1270 ad
1095 1244 1304 1273 Alexandrinam
1331 1246 1438 1273 Maximi
1462 1251 1489 1274 et
1513 1247 1622 1283 Georgii
1651 1256 1742 1276 annos
1763 1250 1830 1276 addit

1047 1293 1120 1321 octo,
1145 1291 1167 1317 si
1192 1291 1341 1326 simplicem
1367 1299 1501 1320 annorum
1525 1302 1672 1322 numerum
1695 1295 1827 1323 advertas.

1047 1334 1125 1367 Nam,
1144 1337 1167 1364 si
1192 1345 1281 1366 annus
1305 1338 1362 1372 ipse
1383 1343 1530 1374 spectetur,
1551 1344 1614 1368 octo
1643 1341 1712 1372 illis,
1735 1343 1829 1377 quibus

1048 1380 1258 1410 Alexandrinum
1281 1388 1437 1418 computum
1460 1392 1590 1420 superare
1609 1386 1734 1418 videtur,
1756 1388 1828 1414 annis

1048 1433 1081 1453 eo
1097 1426 1185 1453 minor
1197 1431 1239 1454 est
1258 1436 1263 1454 :
1281 1427 1333 1455 hoc
1347 1433 1388 1456 est
1404 1428 1617 1457 [incarnationem
1641 1431 1748 1459 Christi
1771 1434 1828 1459 toti-

1049 1472 1108 1499 dem
1125 1473 1203 1500 annis
1218 1474 1367 1508 anticipat;-
1375 1478 1402 1502 et
1417 1482 1478 1502 cum
1493 1476 1595 1510 epocha
1613 1476 1755 1504 Panodori
1769 1486 1828 1505 cou-

1050 1518 1131 1545 venit.
1145 1518 1224 1544 Anno
1238 1519 1328 1553 itaque
1342 1520 1435 1547 tnundi
1449 1517 1518 1547 5M9
1535 1521 1638 1548 Christi
1655 1523 1827 1558 ὲνανθρὼπη-

1024 1564 1033 1599 _‘
1051 1571 1092 1589 σιν
1105 1567 1248 1598 ortumque
1262 1564 1366 1591 tribuit.
1380 1564 1464 1599 Cujus
1478 1566 1588 1600 quidem
1601 1567 1766 1595 instituendi
1779 1574 1826 1596 tres

1051 1608 1161 1636 omnino
1176 1617 1273 1637 causas
1290 1610 1427 1638 exstitisse
1444 1618 1605 1645 persuasum
1621 1612 1725 1640 habeo.
1743 1614 1829 1640 Prima

1052 1655 1112 1688 fuit,
1129 1660 1158 1683 ut
1180 1656 1257 1685 annis
1280 1664 1328 1692 per
1352 1657 1383 1684 l5
1399 1658 1518 1691 tributis,
1539 1658 1608 1686 citra
1629 1660 1748 1690 unitatis
1762 1660 1826 1695 adje-

1051 1702 1178 1735 ctionem,
1204 1703 1348 1730 haberetur
1369 1703 1492 1731 indictio.
1518 1704 1618 1734 Divisis
1632 1707 1707 1734 5509
1726 1716 1773 1743 per
1790 1709 1825 1739 15,

1052 1749 1214 1783 relinquitur
1242 1749 1353 1776 indictio
1376 1749 1420 1782 ιν,
1441 1750 1530 1785 qualis
1557 1758 1628 1779 anno
1658 1753 1751 1786 primo
1774 1762 1826 1780 τιτι

1052 1792 1211 1820 Christianm
1224 1793 1378 1829 fuitzquem
1392 1795 1574 1823 lncarnationi
1588 1796 1730 1824 dicarunt.
1744 1798 1826 1825 Altera

1054 1838 1105 1865 fuit
1117 1839 1185 1874 cycli
1203 1838 1306 1867 Judaici
1325 1841 1516 1874 commoditas,
1534 1850 1616 1876 quem
1633 1848 1662 1870 et
1677 1843 1827 1872 Victorinus

1054 1892 1085 1911 ac
1106 1884 1194 1912 Latini
1220 1889 1246 1912 et
1271 1885 1458 1914 Occidentales
1485 1887 1608 1922 plerique
1638 1890 1731 1916 secuti
1761 1895 1824 1917 sunt.

1053 1930 1213 1966 Quanquam
1235 1932 1301 1959 nihil
1327 1937 1425 1967 praeter
1454 1934 1591 1968 cyclorum
1618 1935 1663 1962 vel
1691 1943 1825 1963 aureorum

1055 1985 1227 2004 numerorum
1244 1977 1365 2004 ordinem
1385 1978 1552 2012 expressisse
1566 1977 1681 2007 Graecos
1693 1981 1823 2012 existimo;

1054 2030 1104 2050 nec
1120 2023 1146 2049 iu
1164 2022 1324 2049 celebrando
1347 2022 1478 2050 Paschate
1499 2024 1532 2050 ad
1549 2032 1596 2052 eos
1618 2033 1730 2053 errores
1745 2026 1823 2053 adhaz-

1055 2069 1134 2101 sisse,
1150 2076 1218 2103 quos
1233 2069 1260 2096 in
1275 2068 1407 2096 Victorini
1424 2077 1456 2096 ac
1472 2070 1631 2097 Latinorum
1648 2077 1750 2098 sectam
1764 2080 1823 2107 pne-

1055 2117 1164 2149 postera
1184 2113 1337 2141 Iudaeorum
1356 2114 1470 2142 imitatio
1485 2115 1644 2143 transfudit.
1667 2117 1763 2151 Cyclus
1781 2117 1823 2143 Ju—

1055 2160 1149 2188 daicus
1162 2168 1193 2188 ac
1200 2160 1312 2188 Latinus
1319 2161 1352 2188 ab
1359 2161 1539 2188 Alexandrino
1545 2165 1572 2189 et
1580 2161 1707 2190 Romano
1717 2164 1825 2190 ternario

222 2206 289 2232 tioni
301 2206 440 2241 suti‘ragari
451 2212 581 2242 prmterea
589 2207 719 2235 vetusilla
729 2208 839 2235 traditio
847 2208 1002 2242 videbatur,
1019 2216 1041 2243 ι)
1056 2205 1202 2240 discrepat,
1218 2209 1247 2232 ut
1263 2206 1309 2240 qui
1328 2205 1431 2240 primus
1445 2209 1487 2233 est
1505 2205 1704 2238 Romanorum,
1726 2207 1824 2234 Latino-

222 2259 294 2279 auuo
306 2253 397 2278 mundi
408 2253 473 2280 5501
491 2254 663 2281 incarnatuin
676 2260 737 2281 esse
751 2253 888 2281 Christum
899 2274 906 2287 ,
922 2261 1003 2289 quam

223 2297 369 2326 Africanus
381 2300 542 2327 auctoritate
554 2307 603 2328 sua
614 2301 827 2329 commendarat.
841 2301 880 2329 Ita
891 2309 1004 2336 prorsus

225 2344 421 2371 admirabiliter
435 2346 556 2381 contigit,
580 2349 610 2372 ut
629 2346 663 2373 ad
679 2353 761 2373 teram
776 2346 917 2381 pristinam
929 2354 1006 2381 spre-

224 2389 261 2417 tis
276 2388 411 2416 Panodori
428 2390 538 2418 calculis
553 2390 693 2424 redirent;
711 2394 766 2422 aut,
791 2394 820 2417 ut
839 2390 955 2425 priorem
974 2391 1006 2418 il-

226 2436 282 2462 lum
298 2439 454 2469 computum
478 2439 636 2463 constanter
648 2436 776 2464 Ecclesia!
789 2436 895 2471 aliqute,
912 2436 1006 2464 civita-

226 2486 322 2517 tesque
339 2481 518 2515 retinuerint;
534 2481 662 2517 deinceps
679 2483 752 2509 nulla
768 2484 795 2510 in
809 2490 841 2510 eo
856 2482 1008 2510 mutatione

228 2527 310 2560 facta,
335 2526 453 2562 epocbas
477 2526 674 2554 incarnationis
697 2535 728 2555 ac
746 2528 885 2556 Passionis
906 2527 1007 2555 Christi

228 2573 416 2601 tantummodo
447 2572 639 2600 sollicitarunt.
664 2571 763 2600 Verum
789 2581 840 2600 nec
872 2574 899 2600 in
928 2573 1007 2600 annis

230 2620 321 2646 mundi
335 2627 397 2646 cum
408 2618 536 2645 Africano
547 2638 554 2651 ,
570 2625 620 2645 nec
632 2618 659 2644 in
669 2618 746 2645 annis
755 2617 856 2645 Christi
869 2618 1007 2653 putandis,
1020 2640 1023 2642 η

231 2674 291 2693 cum
315 2665 459 2692 Panodoro
482 2664 699 2692 consentiebant.
726 2663 832 2692 Etenim
853 2672 939 2691 annus
964 2664 1009 2691 ille

231 2720 292 2739 sane
305 2712 466 2739 Christianae
481 2718 570 2738 nonus
591 2710 625 2737 ab
639 2709 768 2736 Africano
789 2714 946 2736 numeratus
967 2712 1009 2736 est

231 2758 325 2785 mundi
339 2757 405 2785 55H
418 2766 425 2791 ;
441 2757 543 2785 Christi
557 2755 735 2784 undecimus:
756 2763 772 2782 a
791 2755 933 2782 Panodoro
946 2762 1009 2782 vero

233 2803 325 2830 mundi
341 2803 420 2834 550i,
435 2802 534 2830 Christi
554 2809 652 2830 nonus.
672 2801 706 2828 At
727 2801 764 2828 illi
784 2800 888 2831 mundi.
908 2804 936 2826 ut
956 2799 1009 2826 Pa-

235 2849 366 2882 nudorus,
390 2849 474 2881 5501,
496 2848 596 2877 Christi
613 2856 676 2876 vero
699 2847 815 2882 primum
842 2846 1009 2875 censebant:

1056 2260 1115 2279 rum
1132 2252 1166 2279 sit
1188 2259 1271 2285 xvm;
1287 2251 1332 2286 qui
1348 2252 1454 2278 illorum
1471 2251 1568 2279 tertius
1579 2271 1589 2284 ,
1601 2251 1702 2279 horum
1723 2253 1756 2280 sit
1774 2261 1822 2283 xix.

1056 2300 1085 2323 ul.
1100 2297 1146 2323 lib.
1164 2295 1197 2323 Vl
1212 2295 1250 2323 De
1264 2296 1383 2322 doctrina
1397 2300 1540 2330 temporum
1563 2296 1692 2330 pluribus
1709 2299 1823 2332 exposui-

1056 2349 1133 2375 mus;
1150 2342 1297 2376 praesertim
1315 2341 1403 2376 capite
1421 2340 1454 2373 V,
1478 2340 1523 2367 ubi
1546 2342 1670 2369 numeris
1693 2342 1822 2369 amborum

1057 2387 1147 2413 aureis
1157 2386 1311 2414 Kalendarii
1322 2385 1438 2413 Romani
1451 2385 1508 2413 dies
1517 2385 1646 2420 utrinque
1662 2386 1820 2421 stipavimus.

1057 2432 1097 2460 lbi
1109 2432 1142 2458 ad
1156 2429 1442 2458 KalcndasJanuarias
1457 2430 1596 2458 Romanus
1608 2437 1738 2458 numerus
1751 2432 1822 2458 ascri-

1058 2482 1120 2513 ptus
1141 2482 1182 2507 est
1203 2485 1244 2510 ιιι¹
1271 2477 1429 2504 Latinorum
1455 2485 1511 2504 xix.
1534 2476 1678 2511 Ejusmodi
1696 2478 1820 2513 cyclorum

1057 2524 1128 2550 ratio
1149 2523 1176 2552 in
1197 2527 1336 2557 postremo
1348 2522 1395 2549 illo
1410 2526 1536 2557 computo
1551 2522 1641 2549 locum
1659 2522 1748 2549 habet.
1764 2522 1820 2549 Nam

1058 2568 1153 2596 divisis
1165 2568 1233 2596 5509
1244 2576 1291 2603 per
1303 2567 1346 2601 19,
1360 2571 1462 2595 restant
1473 2567 1514 2599 18,
1528 2567 1572 2602 qui
1584 2567 1716 2595 Iudaicus
1729 2569 1818 2603 cyclus.

1058 2618 1085 2641 et
1098 2613 1209 2641 Latinus
1224 2617 1283 2641 erat
1298 2620 1368 2640 anno
1383 2612 1589 2644 lncarnationis,
1608 2611 1666 2639 sive
1682 2612 1819 2642 communis

1058 2667 1118 2686 terte
1131 2659 1218 2694 primo
1232 2668 1238 2686 :
1254 2658 1287 2685 ad
1304 2666 1382 2693 quem
1406 2658 1492 2685 tribus
1512 2656 1636 2691 adjectis,
1659 2657 1768 2684 edicitur
1778 2665 1814 2683 au-

1059 2713 1122 2734 reus
1138 2713 1267 2732 numerus
1281 2704 1523 2732 Alexandrinorum
1539 2704 1566 2735 2,
1584 2704 1631 2738 qui
1649 2704 1768 2730 eumdem
1780 2711 1817 2729 au-

1059 2759 1123 2778 num
1140 2755 1262 2786 occupat.
1282 2750 1326 2778 Sic
1341 2758 1413 2777 anno
1429 2749 1529 2777 Christi
1549 2749 1617 2776 1575
1631 2757 1729 2776 aureus
1742 2755 1816 2775 nume-

1060 2805 1106 2824 rus
1130 2796 1328 2824 Alexandrinus
1351 2802 1409 2823 erat
1430 2803 1467 2822 vr.
1492 2795 1568 2822 llunc
1597 2802 1699 2820 annum
1726 2795 1816 2820 lsaacus

1060 2848 1183 2871 numerat
1197 2843 1275 2870 istius
1288 2849 1347 2869 arras
1363 2841 1446 2869 0881;
1462 2848 1515 2869 uno
1535 2847 1650 2867 numero
1664 2847 1711 2866 θρι-
1726 2839 1754 2866 l9
1767 2845 1815 2866 oar-
