1900 3137
21 169 104 197 1109
558 169 781 198 DISSERTATIO
800 169 844 196 DE
863 169 1065 198 GRAECORUM
1084 166 1185 198 IERIS.

1611 174 1680 201 1410

27 227 102 260 tito,
121 232 298 263 supersunt
314 229 340 255 5.
355 227 471 255 Proinde
488 226 616 256 Judaicus
632 228 683 255 iste
697 228 788 263 cyclus
799 227 848 254 fuit
862 245 885 271 Α
899 227 961 255 Haec
971 228 1062 255 omnia
1073 228 1211 256 consecuti
1226 232 1290 273 smnt
1302 228 1401 256 additis
1413 228 1446 256 ad
1459 228 1592 256 Panodori
1607 237 1681 256 sum-

24 273 100 300 anni
122 274 229 307 1373;
247 275 381 310 duplicem
397 274 430 300 ad
447 274 517 301 hanc
530 281 639 302 causam
658 278 794 309 postrema
807 274 846 300 in-
897 281 969 300 mam
994 274 1124 301 sedecim.
1153 275 1249 302 Annus
1275 273 1475 302 lncarnationis
1501 283 1515 302 a
1540 275 1683 303 Pauodoro

25 327 123 353 super
142 321 292 348 accedere
307 321 402 355 potuit,
425 324 454 347 ut
468 328 528 347 eam
543 320 630 347 labem
646 321 844 355 abstergerent,
898 319 1007 346 habitus
1026 324 1067 346 est
1083 319 1177 346 mundi
1192 319 1280 353 5593;
1300 327 1353 355 quo
1371 327 1419 354 per
1434 320 1467 346 19
1485 320 1600 352 tributo,
1616 322 1684 347 resi-

25 373 88 400 qua
107 364 272 393 Panodori
290 370 446 401 computum
472 366 637 401 posteriores
663 366 710 393 illo
729 365 848 393 artiﬁces
898 364 970 391 duus
988 369 1030 392 est
1043 366 1135 399 cyclus
1154 365 1223 392 luna:
1240 373 1285 398 x1;
1301 373 1348 400 per
1365 366 1397 392 -15
1414 369 1504 392 autem
1520 365 1625 393 divisus
1641 374 1684 392 re-

28 411 237 445 infecerant;
254 416 280 438 et
295 412 430 447 ingentem
446 412 519 439 hunc
535 411 774 439 anachronismum
797 411 850 438 tol-
900 410 999 445 linquit
1013 417 1044 437 ιιι
1061 419 1067 437 :
1084 411 1198 445 adjectis
1220 411 1253 438 l6
1274 411 1308 438 ad
1331 411 1410 443 5495,
1434 419 1594 446 summaque
1613 412 1684 451 5509

28 456 132 483 let-ent
146 477 156 490 ,
179 465 246 492 quo
263 457 413 492 haptismus
435 462 462 485 et
484 458 574 492 passio
590 457 703 489 Christi,
719 458 790 484 ultra
804 456 851 483 Ti—
901 465 950 492 per
966 457 1060 484 ambos
1074 458 1166 492 cyclos
1180 457 1322 489 distracta,
1340 457 1370 484 [it
1385 457 1498 483 indictio
1515 464 1551 489 iv,
1568 464 1630 484 cum
1643 458 1684 484 lu-

30 501 112 529 berii
125 503 262 536 obitum,
274 503 302 530 in
313 502 371 530 Caii
381 507 409 530 et
422 503 528 531 Claudii
539 507 663 538 tempora
677 502 848 530 diffunditur.
900 502 960 530 nari
976 502 1052 538 cyclo
1065 510 1142 535 xvnt,
1157 502 1229 538 quod
1241 505 1299 530 erat
1313 502 1495 538 propositum.

769 579 882 607 CAPUT
905 579 950 607 Ν.

34 640 258 676 Fragmentum
275 639 436 675 Theophanis
451 640 552 674 insigne
569 638 602 666 ad
625 638 776 667 ercnrum
790 644 971 673 compa/orum
987 639 1115 666 rationem
1132 639 1332 673 explicandam;
1350 640 1384 666 ad
1400 639 1476 675 idque
1492 639 1572 668 Nota:
1595 641 1684 668 eadem

789 677 956 708 pertirteules.
1050 707 1053 709 Α

76 733 148 760 ’Ὁτι
166 733 228 768 μὲν
242 732 334 768 ,εφλαζ
345 733 403 768 οὐχ).
415 733 443 759 δὲ
455 733 535 768 βφλγ¹
544 734 558 759 ὁ
576 733 735 770 Ἀφρικανὸς
749 733 843 768 λέγων,

934 733 1011 767 Quod
1037 733 1184 762 Africanus
1210 742 1297 762 annos
1329 735 1374 770 (ad
1397 735 1497 763 Christi
1522 737 1683 771 passionem)

35 779 89 805 δύο
106 778 273 813 σφάλλεται
287 779 345 814 ἔτη,
360 778 429 805 κατὰ
438 779 487 814 τὴν
500 779 599 815 ἀψευδῆ
612 779 665 806 τῶν
676 779 843 814 Εὐαγγελίων

897 782 1059 813 computans
1079 779 1160 811 5551,
1179 786 1234 806 non
1250 779 1331 810 5555,
1349 784 1378 806 ιιι
1394 780 1503 808 sincera
1521 781 1683 816 Evangelia-

37 826 211 860 ὑφήγησιν
230 826 238 841 ¹
254 825 384 860 πρόδηλον
401 825 466 860 γὰρ,
480 826 521 851 ὅτι
537 825 575 861 τῷ
594 824 615 852 λ’
632 826 686 852 ἔτει
705 826 843 861 ἀρχομένῳ

897 831 958 851 rum
974 825 1095 851 narratio
1109 825 1242 857 continet,
1260 825 1367 853 duobus
1386 826 1466 853 annis
1489 826 1603 854 fallitur.
1628 827 1685 854 Ma-

41 880 111 903 που,
138 872 158 907 ἦ
190 871 286 906 μικρῷ
303 871 380 907 πρὸς,
403 871 419 907 ἢ
442 871 560 904 ἔλαττον,
583 871 627 899 διὰ
647 872 677 898 τὸ
693 872 843 908 εἰρημένον,

898 869 1027 897 nifestum
1044 874 1086 898 est
1103 870 1273 897 enimianno
1293 870 1432 899 Christum
1451 873 1681 903 :etatisjneuute,

47 917 180 951 Ἰησοῦς
195 917 234 944 δὲ
249 916 287 953 ἦν
299 917 370 944 ὡσεὶ
382 917 457 944 ἐτῶν
468 919 504 950 λ’,
513 918 587 953 παρά
597 918 635 953 τῷ
648 907 757 953 μεγάλῳ
769 918 843 952 εὐαγ-

897 916 948 943 lioc
964 920 1006 944 est
1021 917 1102 951 paulo
1125 916 1185 951 plus
1204 917 1339 948 minusve,
1357 918 1507 948 tricesimo,
1530 919 1681 945 secundum

42 962 167 998 γελιστῇ
190 963 296 998 Λουκᾷ,
317 963 476 998 ἐϐαπτίσθη,
492 964 538 990 καὶ
552 963 669 996 ἐδίδαξεν
691 963 736 989 καὶ
753 963 847 998 ἑθερά-

43 1016 138 1035 πευσε
164 1008 371 1041 πᾶσαννόσον,
390 1009 436 1035 καὶ
455 1009 544 1035 πᾶσαν
562 1008 696 1043 μαλακίαν
718 1009 765 1035 ἐπὶ.
786 1008 849 1044 τρία

45 1052 107 1088 ἒτη·
133 1053 178 1084 ὡς
205 1052 276 1080 εἷναι
296 1054 340 1080 τὸν
359 1053 412 1081 ἀπὸ
433 1053 482 1089 τῆς
501 1053 575 1085 θείας
592 1053 747 1090 συλλήψεως
766 1054 848 1081 αὑτοῦ

45 1100 150 1135 χρόνον
177 1100 335 1135 ἀρξάμενον
357 1099 394 1135 τῷ
409 1100 492 1135 ,εφλιί
505 1102 513 1116 ¹
534 1100 586 1127 ἔτει
609 1101 656 1127 τοῦ
678 1101 790 1136 κόσμου,
814 1102 846 1137 τῇ

46 1144 152 1180 πρώτῃ
166 1145 221 1172 τοῦ
238 1145 439 1180 πρωτοκτίστου
460 1145 542 1180 μηνὸς
556 1145 651 1178 Νισὰν,
670 1146 783 1181 Μαρτίῳ
798 1146 846 1178 κε’,

50 1190 137 1226 μέχρι
163 1192 221 1225 τῆς
246 1190 374 1223 ζωοποιοῦ
401 1191 572 1222 ἀναστάσεως
598 1191 668 1218 κατὰ
690 1191 739 1227 τὴν
763 1192 847 1226 αὐτὴν

50 1236 260 1271 συμπεσοῦσαν
281 1236 388 1271 ἡμέραν
411 1236 450 1263 κε’
472 1237 605 1272 Μαρτίου,
630 1236 697 1263 ἑτῶν
723 1237 774 1270 λγ¹,
800 1238 847 1264 καὶ

51 1282 167 1318 ἡμέρας
191 1284 258 1318 μιᾶς
274 1283 312 1318 τῷ
327 1283 403 1318 ἐφλδ¹
421 1283 475 1309 ἔτει
490 1283 631 1318 ἀρξαμένη
643 1282 669 1298 ³⁵
689 1283 734 1317 ἀφ’
749 1280 783 1318 ἦς
802 1283 847 1309 ἐπὶ

50 1328 102 1362 τὴν
119 1330 162 1360 είς
180 1329 313 1363 οὐρανοὺς
328 1329 395 1364 μετὰ
410 1328 531 1364 σώματος
548 1329 685 1364 θεοπρεπῆ
700 1328 772 1355 θείαν
784 1329 847 1355 ἀνά-

52 1372 137 1408 ληψιν
153 1374 262 1409 ἡμέραι
278 1374 314 1409 μ’.
334 1375 365 1401 El
385 1374 412 1401 δέ
431 1382 471 1406 τις
491 1374 599 1401 ἀπιστεῖ
617 1375 672 1405 τοῖς
694 1374 847 1409 λεγομένοις

53 1420 121 1454 περὶ
137 1420 229 1455 αὐτῆς
245 1419 374 1454 πολλαχοῦ
387 1420 544 1456 λεγομένης,
558 1421 598 1447 ὅτι
613 1421 641 1446 ὲν
658 1420 725 1455 αὐτῇ
739 1420 783 1446 τὸν
801 1419 847 1446 θά-

42 1470 138 1492 ’νατον
160 1466 290 1501 πατήσας
304 1467 318 1492 ὁ
332 1466 433 1501 Κύριος
452 1466 529 1502 ήμῶν
547 1466 739 1502 πρωτοκτίστῳ
757 1466 846 1501 ἡμέρᾳ

54 1509 132 1546 ζωὴν
150 1512 222 1546 ήμίν
240 1512 272 1538 ὲκ
285 1512 388 1547 νεκρῶν
403 1513 535 1547 ὲπήγασε·
549 1511 682 1538 σκοπείτω
695 1513 733 1543 εἰς
747 1512 796 1548 τὴν
813 1511 845 1538 ια’

56 1557 185 1592 περίοδον
205 1557 259 1584 τῶν
280 1557 339 1592 (ρλβ’
353 1557 489 1584 κυκλικῶν
502 1558 579 1589 ἑτῶν,
597 1558 666 1585 κατὰ
683 1558 713 1584 τὸ
728 1561 776 1592 σιγ¹
788 1558 845 1590 ἔτος

55 1603 107 1638 τῆς
135 1604 227 1639 αὐτῆς
250 1603 382 1639 περιόδου,
409 1602 459 1640 τὴν
482 1603 776 1639 τεσσαρεσκαιδεκάτην
799 1603 846 1630 τοῦ

57 1651 124 1685 παρ’
150 1650 289 1686 Ἑϐραίοις
310 1650 414 1686 Πάσχα,
437 1651 483 1677 καὶ
499 1650 643 1687 εὑρήσεις⁸
658 1650 727 1677 κατὰ
743 1649 790 1685 τὴν
804 1653 846 1684 κγ’

55 1696 104 1722 τοῦ
117 1696 208 1723 αὑτοῦ
224 1697 345 1732 Μαρτίου
363 1697 455 1732 μηνὸς,
468 1698 496 1723 ὲν
507 1697 598 1732 ἡμέρᾳ
612 1698 767 1732 παρασκευῇ
782 1705 846 1722 κατ-

59 1742 187 1768 αντῷσαν
205 1741 251 1768 ἐπὶ
270 1742 300 1768 τὸ
314 1743 443 1778 σωτήριον
461 1742 555 1774 πάθος,
570 1743 584 1768 ὂ
599 1743 668 1778 ὑπὲρ
678 1742 756 1778 ήμῶν
769 1744 846 1768 ἐκου-

59 1789 126 1820 ciu);
146 1789 264 1824 ὑπέστη·
279 1789 324 1815 καὶ
335 1789 428 1823 ταφεὶς
444 1789 495 1815 ὑπὸ
517 1789 613 1824 Ἰωσὴφ
628 1789 674 1815 τοῦ
688 1788 717 1821 ἐξ
735 1789 847 1824 Ἀριμα-

60 1834 146 1866 θείας,
164 1835 214 1861 καὶ
235 1834 401 1869 Νικοδήμου,
424 1834 521 1869 ἀνέστη
545 1836 577 1869 τῇ
601 1835 670 1869 μετὰ
691 1834 740 1868 τὴν
762 1834 846 1869 αὐτὴν

60 1881 243 1916 παρασκευὴν
258 1880 448 1916 ἐπιφωσκούσῃ
467 1881 652 1916 τρίτῃήμὲρᾳ,
673 1881 721 1916 μιᾷ
740 1880 845 1907 Σαϐϐά-

61 1935 125 1958 των,
149 1927 248 1962 πρώτῃ
267 1927 294 1953 δὲ
315 1926 362 1953 τοῦ
386 1927 449 1962 παρ’
470 1926 604 1962 Ἑϐραίοις
628 1926 714 1953 Νισὰν
739 1926 845 1960 πρώτου

63 1972 157 2006 μηνός·
175 1973 237 2007 ἥτις
249 1972 292 1999 ἀεὶ
305 1973 337 2007 τῇ
351 1975 388 1998 κε’
405 1971 450 1998 τοῦ
467 1972 587 2008 Μαρτίου
602 1971 685 2008 μηνὸς
702 1971 750 2007 μία
767 1972 814 1998 καὶ
826 1973 843 2007 ή

63 2019 130 2054 αὐτή
147 2020 233 2046 ἐστιν.

104 2109 133 2135 '0
152 2109 203 2144 μὲν
217 2107 263 2136 οὖν
285 2110 455 2146 Ἀφρικανὸς,
473 2109 622 2146 συμφώνως
634 2111 666 2145 τῇ
681 2109 843 2146 ἀποστολικῇ

64 2154 212 2188 παραδόσει
227 2154 265 2189 τῷ
281 2154 346 2189 ,εφα’
358 2154 470 2190 ἐτειτὴν
481 2155 554 2182 Θείαν
571 2155 766 2191 χρονολογήσας
779 2155 844 2190 σάρ-

64 2207 158 2231 κωσιν,
180 2201 244 2236 mp!
264 2201 294 2227 τὸ
314 2201 397 2233 πάθος
412 2202 458 2228 καὶ
475 2202 523 2237 τὴν
547 2201 677 2236 σωτήριον
698 2201 844 2227 ἀνάστασιν

64 2245 138 2273 δυσὶν
149 2247 223 2274 ἔτεσι
237 2247 377 2282 διήμαρτε,
395 2247 465 2274 κατὰ
476 2248 506 2274 τὸ
516 2247 595 2283 laeta!
607 2247 665 2279 ἔτος
679 2247 725 2273 τοῦ
740 2246 842 2281 κόσμου

64 2291 164 2327 ταύτην
181 2291 349 2326 συναγαγών·
366 2292 493 2324 Εὐσέϐιος
506 2292 534 2318 δὲ
550 2293 564 2318 ὁ
584 2291 724 2326 Παμφίλου
741 2290 775 2317 τὰ
791 2290 844 2317 ἀπὸ

72 2335 155 2372 Ἀδὰμ
170 2337 222 2369 ἓως
241 2336 364 2372 Ἀϐραὰμ
379 2337 521 2372 γενέσεως,
537 2338 554 2373 ἢ
572 2337 641 2364 κατά
658 2337 720 2368 τοὺς
731 2336 844 2372 χρόνους

65 2381 145 2409 Νίνου
159 2384 206 2410 καὶ
217 2385 394 2421 Σεμιράμεως
402 2384 455 2410 τῶν
472 2384 619 2419 ’Δσσυρίων
632 2383 760 2419 βασιλέων
774 2383 845 2419 ὡμο-

66 2426 194 2463 λόγηται,
221 2431 359 2466 συντεμὼν
382 2430 428 2466 ἔτη
455 2432 541 2465 ,γρπα’
559 2429 570 2445 ⁸
594 2428 779 2464 ὲστοιχείωσε,
803 2428 842 2464 τῷ

72 2472 205 2510 Ἐὃραῖκῷ
225 2475 446 2512 ὲξακολουθήσας,
467 2476 514 2502 καὶ
531 2475 576 2501 τὸν
594 2474 718 2510 δεύτερον
738 2475 842 2501 Καϊνᾶν

67 2519 112 2555 ἔτη
129 2521 165 2556 ρλ¹
182 2521 299 2556 ζήσαντα
314 2522 366 2558 πρὸ
379 2523 427 2557 τῆς
438 2520 592 2552 τεκνώσεως
606 2521 642 2556 μή
659 2520 840 2556 στοιχειώσας·

66 2562 95 2593 οὗ
107 2567 122 2592 ὁ
133 2566 202 2599 Θεῖος
216 2568 407 2604 εὑαγγελιστὴς
421 2568 526 2599 Λουκᾶς
539 2567 672 2602 μέμνηται
689 2568 717 2594 ὲν
731 2569 763 2603 τῇ
783 2569 841 2594 κατ’

67 2611 144 2639 αὑτὸν
160 2614 326 2649 γενεαλογιᾳ·
348 2614 386 2645 ὡς
407 2614 454 2640 καὶ
477 2612 592 2648 ἀλλαχοῦ
615 2612 746 2639 λέλεκται.
762 2613 797 2639 Th
813 2613 842 2639 δὲ

68 2658 126 2684 καθ’
139 2660 211 2694 ἡμᾶς
222 2659 303 2687 τοῦτο
315 2659 508 2695 χρονογρὰφιον
526 2657 579 2685 ἀπὸ
599 2657 683 2692 Ἀδὰμ
701 2658 753 2689 ἕως
766 2658 840 2691 γενέ-

69 2711 133 2734 σεως
150 2705 271 2740 Ἀϐραὰμ
283 2705 329 2741 ἐτη
343 2705 407 2740 ,γλβ’
419 2706 428 2721 ⁸
440 2703 560 2740 περιέχει
575 2703 725 2738 συμφώνως
738 2704 770 2738 τῇ
783 2702 842 2738 θείᾳ.

68 2749 202 2781 Μωῡσέως
217 2752 308 2786 γραφῇ
331 2751 376 2777 καὶ
393 2752 451 2782 ταῖς
464 2751 569 2784 γενεαῖς
584 2750 629 2776 τοῦ
648 2749 717 2776 κατὰ
737 2749 841 2776 Λουκᾶν

69 2794 239 2830 Εὑαγγελίου.
258 2798 310 2823 Καὶ
327 2797 380 2823 ἀπὸ
400 2797 448 2832 τῆς
470 2795 620 2830 γεννήσεως
644 2796 767 2831 Ἀϐραὰμ
790 2795 842 2826 ἕως

105 2872 115 2890 ⁶
125 2873 146 2908 Ι.
163 2875 296 2911 ὑφήγησιν
310 2876 446 2912 πρόδηλον.
463 2875 532 2903 Ὅτι.
571 2875 581 2891 ²
594 2883 648 2903 cor.
662 2882 720 2910 ,εφα
729 2895 736 2901 .

780 2874 791 2890 ³
807 2874 828 2908 f.
844 2872 1008 2910 ἀρξαμένης.

897 962 942 989 illa
954 961 1034 989 Luca;
1046 963 1218 997 evangelista}
1229 963 1311 990 verba
1327 971 1388 998 cap.
1404 963 1448 997 lll,
1468 964 1504 990 25
1518 973 1524 990 :
1538 963 1617 991 Jesus
1638 972 1683 991 aa-

898 1013 948 1035 tem
965 1014 1022 1036 erat
1041 1009 1118 1044 quasi
1135 1003 1265 1036 annorum
1282 1010 1402 1044 triginta,
1424 1010 1592 1046 baptizatum
1609 1019 1681 1043 esse,

897 1061 928 1081 ac
949 1054 1092 1088 docuisse;
1109 1058 1135 1082 et
1152 1055 1263 1082 morbos
1282 1062 1388 1087 omnes,
1414 1056 1614 1091 languoresque
1631 1066 1682 1084 cn-

897 1108 973 1128 rasse
990 1101 1069 1128 annis
1083 1101 1186 1134 tribus;
1207 1101 1275 1129 adeo
1293 1105 1323 1129 ut
1337 1106 1446 1137 tempus
1464 1110 1554 1135 omne,
1576 1104 1647 1138 quod
1668 1111 1684 1131 a

896 1145 989 1172 divino
1005 1145 1078 1172 illius
1093 1149 1237 1180 conceptu,
1253 1150 1280 1172 et
1303 1145 1337 1172 ab
1353 1153 1425 1173 anno
1442 1147 1535 1174 mundi
1554 1148 1633 1178 5501,
1652 1155 1685 1174 ac

896 1190 980 1218 Nisan
1000 1191 1133 1225 principis
1149 1191 1284 1218 mensium
1298 1187 1343 1219 die
1359 1193 1458 1226 prima,
1471 1193 1560 1220 Martii
1573 1203 1636 1226 xxv,
1650 1194 1684 1221 ad

896 1235 1030 1262 viviﬁcam
1047 1243 1134 1270 usque
1151 1236 1380 1264 resurrectionem
1396 1238 1562 1272 extenditur,
1578 1248 1638 1274 qua:
1655 1240 1682 1266 in

896 1281 1018 1309 eamdem
1046 1289 1099 1308 xxv
1122 1281 1211 1308 Martii
1237 1281 1310 1309 diem
1336 1282 1449 1316 incidit;
1481 1291 1616 1312 annorum
1647 1287 1684 1313 sit

896 1335 993 1360 χχχιιι,
1004 1331 1031 1355 et
1041 1327 1122 1354 unius
1134 1326 1196 1359 diei,
1211 1335 1271 1362 quae
1283 1335 1384 1355 annum
1396 1329 1465 1356 5554
1477 1330 1587 1365 incepit.
1605 1331 1684 1359 Unde

897 1371 930 1399 ad
950 1371 1070 1399 divinam
1096 1380 1158 1400 cum
1183 1380 1300 1408 corpore
1323 1375 1539 1408 assumptionem
1563 1376 1637 1404 illius
1654 1377 1682 1404 in

897 1418 995 1446 coelum
1019 1418 1077 1446 dies
1103 1419 1334 1446 intercedunth.
1353 1419 1381 1447 Si
1405 1421 1467 1455 quis
1490 1427 1579 1449 autem
1599 1423 1678 1450 ﬁdem

896 1465 986 1492 minus
1001 1465 1113 1492 adhibet
1137 1465 1181 1497 iis,
1203 1473 1264 1500 qua:
1288 1467 1321 1494 de
1342 1466 1386 1493 die
1411 1466 1456 1493 illa
1473 1475 1527 1494 non
1549 1476 1603 1494 uno
1619 1469 1679 1495 loco

896 1514 1092 1542 memorantur,
1108 1510 1238 1538 nimirum
1255 1511 1398 1538 Dominum
1414 1517 1535 1539 nostrum
1548 1514 1680 1548 primaria

897 1556 924 1582 in
943 1556 987 1583 illa
1001 1557 1055 1589 die,
1076 1557 1180 1584 calcata
1199 1561 1296 1590 morte,
1312 1558 1395 1584 vitam
1415 1558 1495 1586 nobis
1513 1567 1546 1586 ex
1564 1561 1680 1588 mortuis

897 1601 1035 1634 effudisse,
1052 1602 1084 1629 ad
1101 1603 1268 1630 undecimam
1286 1604 1427 1639 periodum
1448 1605 1614 1640 cyclicorum
1632 1614 1682 1634 an-

898 1656 995 1675 norum
1011 1647 1072 1678 552.
1088 1652 1115 1676 et
1138 1648 1197 1684 ejus
1213 1656 1314 1676 annum
1337 1649 1389 1675 2l3
1405 1650 1525 1677 animum
1545 1651 1681 1684 advertat,

873 1688 884 1699 ’
897 1695 924 1722 in
940 1703 1026 1730 eoque
1046 1694 1179 1722 decimam
1198 1699 1323 1730 quartam
1347 1694 1453 1722 Hebraei
1471 1695 1615 1723 Paschalis
1639 1701 1682 1723 at-

896 1741 998 1769 tendat.
1012 1740 1087 1768 Hanc
1095 1741 1167 1768 enim
1180 1741 1299 1768 inveniet
1310 1740 1354 1767 die
1365 1748 1432 1767 mu
1443 1740 1533 1767 Martii
1543 1741 1678 1775 ejusdem,

897 1795 928 1814 ac
942 1787 1101 1819 Parasceve,
1127 1787 1154 1814 in
1172 1786 1340 1814 salutiferam
1359 1787 1514 1821 passionem
1536 1787 1678 1819 incidisse,

898 1840 978 1868 quam
995 1840 1044 1867 pro
1060 1832 1140 1860 nobis
1157 1832 1203 1859 ille
1217 1832 1363 1866 sustinuit;
1380 1835 1406 1859 et
1424 1833 1547 1867 sepultus
1568 1840 1583 1859 a
1603 1832 1681 1860 Jose-

896 1878 1015 1914 plm,qui
1029 1886 1062 1906 ex
1074 1878 1235 1905 Arimathaea
1250 1882 1310 1906 erat
1321 1878 1467 1910 oriundus,
1484 1883 1508 1906 et
1520 1878 1679 1912 Nicodemo,

896 1925 975 1952 tertia
988 1924 1022 1951 ab
1033 1923 1126 1951 eadem
1142 1923 1290 1952 Parasceve
1301 1924 1345 1951 die
1360 1925 1509 1952 resurrexit
1525 1933 1532 1951 :
1548 1932 1600 1951 una
1612 1924 1680 1952 Sab-

895 1970 1030 2002 batorum,
1056 1974 1083 1997 et
1109 1969 1194 1996 Nisan
1217 1969 1298 2004 primi
1321 1970 1392 2005 apud
1416 1969 1544 1997 Hebrteos
1574 1971 1677 1998 mensis

895 2016 982 2051 prima
997 2015 1057 2049 die;
1071 2023 1131 2050 qum
1145 2015 1274 2043 vicesima
1288 2015 1384 2050 quinta
1396 2015 1485 2042 Martii
1501 2023 1555 2043 una
1567 2016 1677 2043 eadem-

895 2069 948 2096 que
968 2068 1075 2096 semper
1094 2061 1201 2088 incidit.

930 2106 1013 2142 lgitur
1026 2106 1182 2140 Africanus,
1199 2114 1262 2134 cum
1279 2106 1307 2134 in
1325 2113 1427 2134 annum
1444 2106 1539 2133 mundi
1554 2106 1620 2134 5501
1637 2107 1678 2134 di-

895 2154 986 2180 vinam
1005 2153 1222 2181 Incarnationem
1240 2157 1422 2180 consentanee
1449 2152 1591 2179 traditioni
1612 2160 1678 2187 apo-

896 2199 997 2226 stolica:
1011 2199 1182 2234 conjecisset,
1204 2199 1231 2225 in
1244 2198 1370 2233 passione
1385 2205 1416 2225 ac
1430 2197 1568 2224 salutifera
1583 2205 1675 2225 resur'

896 2244 1015 2272 rectione
1035 2243 1219 2278 consignanda
1242 2243 1352 2270 biennio
1367 2242 1513 2273 aberravit,
1532 2247 1675 2278 utramque

895 2289 1037 2318 conferens
1048 2290 1076 2317 in
1086 2297 1187 2317 annum
1203 2289 1296 2316 mundi
1313 2289 1391 2316 5551.
1408 2288 1442 2314 At
1457 2287 1589 2316 Eusebius
1599 2287 1677 2315 Pam-

895 2336 961 2372 phili
971 2344 1056 2364 annos
1071 2336 1105 2363 ab
1119 2336 1223 2363 Adamn
1242 2335 1276 2362 ad
1289 2338 1379 2361 ortum
1393 2333 1533 2366 Abraami,
1554 2334 1599 2369 qui
1614 2333 1675 2361 Nini

895 2389 926 2409 ac
946 2381 1133 2409 Semiramidis
1154 2388 1246 2415 regum
1268 2379 1387 2415 Assyriae.
1403 2379 1582 2414 temporibus,
1599 2385 1674 2406 com-

894 2429 970 2455 muni
989 2428 1116 2463 opinione
1137 2427 1272 2462 congruit,
1297 2427 1324 2453 in
1346 2433 1429 2452 unam
1447 2432 1580 2465 summam
1598 2424 1676 2451 colli-

894 2482 971 2510 gens,
991 2474 1057 2502 '5l81
1081 2474 1193 2509 putavit,
1212 2473 1340 2500 Hebraeos
1362 2471 1472 2500 codices
1496 2475 1606 2499 secutus
1626 2474 1674 2498 εει

895 2520 1045 2548 secundum
1059 2519 1173 2551 Cainan,
1193 2519 1239 2554 qui
1255 2519 1323 2545 vixit
1339 2525 1426 2558 annos
1440 2525 1508 2544 cxx:
1527 2520 1672 2550 antequam

895 2566 1028 2601 gigneret,
1043 2567 1070 2592 in
1087 2565 1156 2593 serie
1171 2565 1281 2591 minime
1293 2562 1435 2590 collocavit
1449 2571 1456 2589 :
1470 2561 1549 2595 cujus
1563 2559 1673 2594 quidem

895 2611 982 2639 Lucas
997 2611 1162 2646 evangelista
1175 2609 1298 2638 meminit
1311 2609 1338 2636 in
1351 2607 1506 2644 genealogia
1517 2613 1566 2634 sua
1580 2614 1588 2632 :
1601 2605 1672 2640 quod

895 2658 959 2685 alibi
979 2657 1033 2691 jam
1059 2658 1187 2684 diximus.
1211 2656 1310 2684 Nostra
1338 2662 1419 2690 porro
1443 2651 1617 2686 chronologia
1637 2651 1672 2678 ab

895 2704 997 2731 Adamo
1025 2703 1058 2730 ad
1086 2707 1176 2731 ortum
1205 2701 1332 2729 Abraami
1366 2707 1452 2727 annos
1481 2696 1672 2731 complectitur

895 2750 976 2776 5512ε
990 2749 1036 2784 qui
1053 2757 1183 2776 numerus
1199 2753 1253 2775 tam
1266 2747 1347 2774 Mosis
1361 2745 1479 2773 historiae
1490 2751 1570 2778 quam
1589 2750 1672 2769 evan-

895 2796 986 2830 gelica:
1004 2796 1166 2831 genealogize
1193 2794 1272 2822 Luca:
1298 2792 1435 2820 convenit.
1453 2790 1475 2818 A
1498 2789 1581 2817 natali
1606 2795 1672 2816 vero

1489 2870 1500 2886 ⁸
1517 2878 1571 2898 cor.
1586 2865 1671 2902 ,γτιθι

1047 2874 1057 2889 ⁸
1075 2875 1095 2908 Ῑ.
1112 2874 1231 2908 εὑρήσει.
1276 2873 1286 2889 ³
1302 2872 1321 2907 f.
1339 2871 1434 2906 ιγρπδν.
