1900 3137
229 180 292 207 Mll

229 235 356 264 Ahraami
378 243 463 270 usque
477 235 509 262 ad
530 235 697 262 salutiferam
713 241 820 262 crucem
831 241 858 263 et
871 235 1004 263 viviticam
1019 239 1042 267 Α

228 283 465 312 resurrectionem,
482 288 567 308 annos
582 281 652 308 2048
668 281 775 316 collegit
790 281 933 313 Eusebius,
944 289 1005 309 cum

230 335 263 353 cx
280 326 432 354 verioribus
458 325 609 352 ratiociniis
636 330 765 360 putentur
787 333 802 352 a
826 325 904 352 nobis
924 326 1004 352 222i.

229 371 312 398 Fiunt
329 371 356 398 in
379 375 463 398 totum
488 371 551 397 anni
572 371 606 397 ab
625 371 728 398 Adamo
748 371 818 398 5553
834 381 840 398 :
857 371 1006 398 secundum

228 417 377 444 Eusebium
391 423 466 448 vero,
483 417 546 442 anni
560 416 640 448 5232,
657 416 727 450 quod
744 417 778 443 ab
791 417 939 451 apostolica
952 421 1008 443 tra~

228 462 331 489 ditionc
352 461 461 496 penitus
484 462 622 488 abhorret.
643 461 692 488 llic
712 466 802 489 autem
821 470 854 489 ex
873 462 1006 496 ejusmodi

229 507 444 534 hallucinatione
459 507 498 534 illi
519 514 597 534 error
615 507 747 542 obrepsit,
764 507 837 542 quod
850 511 947 542 praeter
958 515 1008 534 an-

229 561 278 580 uos
293 553 409 580 Cainani
426 553 487 584 150,
506 553 574 580 alios
591 554 702 588 insuper
716 553 867 590 lli'omisit
881 553 1007 588 Allophy-

228 599 327 630 lorum,
344 599 390 633 qui
408 598 434 625 in
451 598 577 625 Judicum
592 599 662 626 libro
676 599 851 626 continentur
868 607 940 626 :.nec
952 607 1007 626 nou

228 644 378 679 interregni
389 647 415 671 et
426 642 512 679 pacis,
526 643 575 677 40;
593 644 655 672 item
674 643 758 676 Darii,
772 644 819 679 qui
835 648 862 671 et
876 645 1006 680 Astyages

228 687 320 715 dictus
334 693 386 720 est,
403 696 490 716 annos
505 696 541 715 xi.

262 733 420 762 Panodorus
436 742 500 762 vero
522 742 592 761 unus
609 742 642 762 ex
664 733 771 770 [Egypli
791 735 941 767 monachis,
965 735 1007 762 hi-

228 779 354 812 storicus,
369 787 456 814 neque
467 780 648 814 chronologiaa
661 780 839 808 accuratioris
854 781 1005 816 imperitus,

228 824 274 858 qui
290 824 398 851 Arcadii
419 824 601 858 imperatoris,
620 832 652 851 ac
669 824 812 860 Theophili
830 825 1006 852 Alexandrini

227 869 427 904 archiepiscopi
454 873 575 904 tempore
600 869 701 903 ﬂoruit,
726 878 787 897 eum
810 870 950 898 veritatem
978 871 1006 898 in

227 914 365 949 plerisque
379 914 521 947 tenuisset,
537 919 639 949 septem
657 915 793 942 aberravit
807 916 896 948 annis,
913 915 957 943 ubi
972 916 1005 943 ad
1022 906 1042 934 Β

226 958 395 986 salutiferam
410 960 622 987 incarnationem
638 961 769 994 pervenit.
786 960 861 988 llanc
876 961 948 988 enim
962 969 1007 987 an-

227 1013 263 1032 no
277 1005 369 1032 mundi
387 1005 456 1032 5493
472 1005 595 1039 illigavit.
611 1005 696 1040 Cujus
710 1006 754 1033 ille
766 1007 867 1034 erroris
880 1006 1005 1034 occasio-

227 1059 289 1078 nem
306 1051 399 1077 habuit
415 1059 447 1077 ex
469 1058 512 1082 eo,
537 1051 611 1085 quod
633 1052 661 1078 in
684 1059 755 1078 anno
778 1052 866 1086 primo
890 1052 1005 1087 Philippi

226 1095 335 1128 Arideei,
348 1096 394 1130 qui
407 1095 562 1123 Alexandro
575 1096 714 1124 Macedoni
730 1097 834 1132 primus
850 1099 876 1125 in
893 1106 1005 1133 regnum

227 1143 377 1174 Successit;
393 1141 488 1169 eodem
505 1142 640 1173 videlicet,
659 1143 685 1169 in
703 1151 757 1178 quo
766 1147 793 1171 et
803 1144 933 1172 Claudius
943 1144 1007 1171 Pto-

227 1187 338 1214 lemaeus
360 1187 546 1222 expeditorum
568 1179 704 1214 ca'nouum
727 1189 869 1216 ratiocinia
893 1189 1003 1223 deﬁxit;

227 1232 334 1258 initium
358 1232 455 1259 statuit
472 1232 624 1268 :Egyptiaci
651 1234 726 1266 anni,
754 1239 834 1268 atque
854 1233 950 1266 Graeci,
974 1235 1004 1261 in

226 1278 313 1312 prima
328 1278 372 1305 die
387 1277 487 1309 Thoth,
509 1278 589 1313 primi
613 1277 801 1314 Egyptiorum
819 1279 932 1311 mensis,
949 1279 1005 1306 Διι-

225 1323 297 1357 gusti
313 1330 393 1357 xxix;
411 1323 484 1358 quod
499 1323 532 1350 ad
547 1324 669 1352 eamdem
690 1325 822 1360 epocham
846 1325 1003 1352 revolvitur.

226 1369 282 1396 Hoc
299 1377 363 1396 vero
378 1373 486 1405 tempus
503 1370 572 1397 citra
584 1371 801 1398 controversiam
817 1377 890 1398 anno
910 1371 1004 1398 mundi

225 1415 294 1443 51Ἱο
309 1416 446 1443 tribuitur.
459 1415 544 1443 Porro
554 1417 588 1444 ab
599 1424 671 1449 anno
682 1417 769 1452 primo
779 1416 905 1452 Philippi,
917 1424 1004 1452 usque

225 1462 259 1489 ad
281 1462 381 1489 victam
407 1460 591 1497 Cleopatram.
617 1463 682 1490 anni
707 1463 856 1491 secundum
885 1471 1003 1492 canones

225 1509 422 1536 astronomicos
436 1513 614 1536 numerantur
630 1509 690 1537 295.
706 1508 787 1536 Fiunt
804 1511 838 1537 ab
856 1510 922 1537 orbe
937 1518 1001 1537 con-

224 1553 291 1585 dito,
303 1557 329 1579 et
345 1553 379 1580 ab
391 1554 493 1581 Adaiuo
506 1554 539 1581 ad
551 1556 653 1582 exitum
668 1555 828 1590 Cleopatrae,
846 1556 910 1582 anni
922 1555 1000 1583 5465.

226 1598 326 1625 Verum
341 1599 375 1625 ab
385 1599 572 1627 ecclesiastica
585 1599 731 1627 traditione
745 1600 872 1627 dissentit
889 1600 916 1626 in
932 1607 1004 1627 anno

223 1643 258 1670 45
277 1643 390 1678 Augusti
410 1644 536 1676 Caesaris,
558 1652 612 1679 quo
633 1644 763 1672 Dominus
782 1648 875 1672 nostcr
894 1652 1002 1672 carnem

225 1689 324 1716 induit.
355 1689 415 1716 Non
433 1691 506 1717 enim
529 1691 621 1726 plures
640 1698 721 1725 quam
740 1691 776 1718 45
796 1699 883 1718 annos
899 1699 914 1717 a
930 1691 1002 1718 victa

182 1767 183 1773 γ
223 1735 365 1770 Cleopatra
388 1740 415 1762 et
434 1735 550 1771 (Egypto
571 1737 695 1769 subacta,
713 1736 783 1771 apud
798 1737 1002 1764 mathematicos

224 1781 372 1815 imperasse
388 1780 489 1807 dicitur
511 1782 661 1817 Augustus.
675 1782 753 1815 Quod
770 1783 792 1810 si
811 1790 971 1810 concessum
986 1790 1002 1809 τι

223 1827 302 1854 nobis
316 1827 408 1857 fuerit,
426 1835 598 1862 consequens
617 1829 670 1856 erit
686 1836 757 1855 anno
775 1828 868 1855 mundi
885 1828 953 1855 5505
968 1835 1001 1855 ex

223 1873 273 1900 hac
290 1873 345 1900 vita
359 1874 511 1909 Augustum
526 1874 690 1902 excessisse.
713 1874 748 1901 At
762 1874 832 1901 idem
848 1874 906 1909 ipse
920 1874 1001 1909 quiu—

222 1924 266 1947 tus
286 1920 338 1946 erit
353 1921 441 1947 astatis
460 1919 608 1948 Salvatoris
626 1928 714 1948 annus
731 1929 737 1947 :
753 1920 826 1955 quod
844 1925 935 1955 aperte
951 1920 1002 1947 lal-

221 1974 281 1994 sum
296 1969 347 1993 est.
363 1965 439 1998 Quod
454 1969 542 1993 autem
558 1966 631 1993 circa
643 1967 746 1994 obitum
759 1967 874 1994 Caesaris
886 1967 1000 2002 Augusti

221 2011 377 2047 quindecim
393 2011 507 2039 circiter
522 2019 656 2039 annorum
673 2011 803 2039 Dominus
818 2015 901 2044 esset,
919 2020 951 2039 ac
966 2020 1000 2039 xv

221 2057 322 2085 Tiberii
339 2058 456 2085 Caesaris
473 2065 606 2085 annorum
624 2057 679 2085 fere
699 2066 763 2089 xxx,
781 2061 811 2084 ut
831 2064 909 2084 sacra
926 2057 1000 2084 Scri-

221 2109 298 2137 ptura
313 2104 404 2136 docet,
422 2104 522 2131 nemini
538 2104 650 2131 dubium
669 2108 719 2131 est.
740 2103 777 2130 Ita
791 2103 933 2138 contigerit
944 2103 998 2130 Au-

221 2148 294 2182 gusti
311 2148 426 2176 Caesaris
442 2150 530 2176 exitus
553 2149 623 2176 inter
646 2157 746 2176 annum
768 2148 860 2176 mundi
883 2149 953 2175 55M
973 2152 1000 2176 et

221 2193 305 2226 5515;
323 2195 429 2222 initium
444 2199 534 2222 autem
552 2195 657 2229 imperii
674 2194 756 2221 totius
773 2201 844 2220 anno
856 2194 934 2221 5458.
952 2194 1000 2221 Pa-

220 2240 341 2267 nodorus
353 2248 418 2267 vero
435 2241 654 2268 mathematicum
673 2248 803 2268 canonem
819 2245 929 2269 secutus
943 2241 997 2268 Au-
1012 2251 1034 2277 ι)

220 2284 292 2318 gusti
303 2283 408 2318 imperii
420 2286 597 2320 primordium
613 2286 728 2313 contulit
743 2286 770 2312 in
788 2293 888 2313 annum
904 2287 997 2314 mundi

222 2327 300 2360 5451,
317 2333 432 2356 mortem
451 2339 514 2358 vero
532 2332 557 2358 in
581 2339 681 2359 annum
702 2331 780 2364 5506,
796 2332 995 2368 generationem

190 2397 201 2407 ,
220 2374 337 2409 denique
349 2373 449 2402 Christi
462 2376 488 2402 in
503 2376 581 2409 5495,
597 2377 668 2412 quod
683 2379 717 2405 ab
730 2385 762 2405 eo
776 2385 916 2413 perperam
933 2385 997 2404 con-

220 2423 274 2447 stat
287 2427 347 2447 esse
363 2419 473 2446 factum.

1017 1577 1038 1605 C

668 2497 716 2528 Ad
734 2499 863 2537 Georgii
884 2497 1022 2536 Syncelli

255 2557 319 2583 Ὅτι
328 2556 386 2590 μὲν
400 2558 484 2590 ,εφλα
494 2575 500 2582 .
515 2555 641 2582 Veterum
660 2557 807 2584 multorum
822 2558 915 2593 opinio
935 2559 996 2591 fuit,

219 2601 356 2628 Christum
369 2608 425 2628 uno
442 2603 546 2627 tantum
562 2607 635 2627 anno
649 2601 823 2635 praedicasse,
834 2611 920 2638 eoque
933 2611 996 2638 pas-

219 2653 278 2671 sum
295 2644 390 2671 fuisse.
418 2643 457 2671 Ex
480 2651 576 2670 eorum
593 2651 708 2671 numero
727 2645 778 2672 fuit
796 2646 953 2679 Africanus,
967 2651 996 2674 ut

219 2694 333 2717 testatur
350 2689 529 2724 Hieronymus
545 2689 573 2716 in
584 2688 619 2715 lx
629 2688 748 2718 Dauielis
761 2700 767 2717 ε
782 2699 862 2726 quem
874 2697 947 2720 recte
961 2700 995 2720 ex

219 2736 379 2763 auctoritate
391 2736 546 2771 evangelica
561 2735 695 2771 Georgius
713 2736 859 2772 redarguit.
868 2738 935 2766 Vide
948 2738 994 2764 Xll

221 2780 257 2806 De
266 2781 387 2808 doctrina
399 2786 542 2815 temporum
552 2802 559 2814 ,
576 2790 636 2817 cap.
653 2781 698 2809 IX.

253 2857 263 2872 ⁷
277 2865 330 2883 cor.
347 2859 392 2884 καὶ
405 2859 457 2884 τῶν
467 2864 490 2887 et
503 2859 665 2895 ἀλλοφύλων.
704 2860 714 2876 ⁸
725 2861 745 2895 f.
759 2860 773 2887 ὃ
786 2861 863 2896 ὁμοχ.
899 2861 910 2877 ⁶
926 2862 978 2888 imo
991 2863 1024 2888 α’.

733 178 778 205 AD
793 178 923 206 EUSEBll
939 176 1134 206 CHRONlCON
1150 175 1328 204 APPENDIX.

1791 178 1853 205 Ml:

1054 234 1099 260 τοῦ
1116 234 1247 269 σωτηρίου
1263 232 1378 269 σταυροῦ
1395 233 1500 268 καὶτῆς
1519 231 1661 264 {memmi
1675 231 1854 265 ἀναστάσεως

1057 279 1127 314 ,βμη’
1149 279 1194 314 ἔτη
1213 279 1331 314 συνῆξεν·
1355 279 1432 305 ἇτινα
1450 279 1520 305 κατὰ
1535 279 1584 305 τὸν
1601 277 1698 313 ἀληθῆ
1715 278 1798 312 λόγον
1810 281 1852 315 ἐτη

1057 325 1138 359 γβσκα]
1154 326 1218 360 ἡμῖν
1230 324 1436 358 ὲπιλελόγισται.
1447 325 1514 359 Ἐτη
1526 325 1554 350 δὲ
1568 324 1602 350 τὰ
1616 325 1713 351 πάντα
1724 325 1756 358 ἐξ
1772 325 1853 360 Ἀδὰμ

1056 370 1146 404 γεφλγθ
1171 369 1240 396 κατὰ
1252 369 1279 395 δὲ
1295 369 1422 395 Εὑσέῦιον
1435 369 1523 404 ,εσλβ’·
1539 370 1609 405 ὅπερ
1623 370 1773 405 ἀλλότριον
1789 372 1853 398 πᾶν-

1054 424 1088 450 τη
1105 415 1154 450 τῆς
1170 415 1350 450 ἀποπολικῆς
1366 414 1551 450 παραδόσεωςο
1569 415 1584 441 ὃ
1600 416 1651 442 καὶ
1676 417 1711 442 ἐκ
1728 416 1851 451 παραλο-

1055 460 1154 496 γισμοῦ
1170 460 1271 486 τοιοῦδε
1291 459 1418 493 πέπονθε,
1442 460 1510 495 πρὸς
1528 462 1586 492 τοῖς
1604 461 1646 495 ρλ¹
1670 461 1720 487 τοῦ
1746 462 1850 488 Καῑνὶν

1055 506 1137 538 ἔτεσι,
1153 505 1223 533 κατὰ
1235 506 1280 532 τὸν
1294 505 1322 532 ὲν
1336 507 1391 537 τοῖς
1403 506 1516 541 Κριταίς
1533 506 1697 540 ἀλλοφύλων
1708 507 1718 522 ⁷
1734 507 1786 542 ἐτη
1801 512 1848 542 μα’

1056 553 1233 589 παραλείψας’
1249 553 1284 579 τά.
1299 561 1329 579 τε
1345 553 1392 588 τῆς
1407 553 1538 588 ἀναρχίας
1554 553 1601 579 καὶ
1616 553 1734 588 εἰρήνης
1750 554 1799 588 ἐτη
1812 558 1845 588 px-

1057 599 1103 626 καὶ
1118 598 1158 625 ἔτι
1170 598 1217 625 τοῦ
1231 598 1343 634 Δαρείου
1359 598 1405 624 τοῦ
1416 598 1463 624 καὶ
1480 598 1649 633 Ἀστυάγους
1665 598 1716 633 ἔτη
1731 602 1780 624 ια’.

1090 731 1246 766 Πανόδωρος
1260 731 1289 757 δέ
1307 739 1350 762 τις
1364 730 1418 757 τῶν
1437 730 1497 758 κατ’
1511 731 1652 764 Αἴγυπτον
1671 728 1715 762 εἷς
1731 733 1843 766 μοναχῇ

1057 777 1200 812 ἱστορικὸς,
1219 777 1268 804 οὐκ
1284 778 1396 813 ἄπειρος
1412 777 1542 812 χρονικῆς
1558 777 1717 812 ἀκριϐείας,
1744 779 1776 804 ὲν
1797 780 1842 809 τοις

1056 826 1161 861 χρόνοις
1180 825 1307 861 ἀκμάσας
1328 825 1468 860 ’Δρκαδίου
1491 824 1623 859 βασιλέως
1645 825 1696 851 καὶ
1716 825 1842 859 Θεοξῦω

1062 871 1261 906 Ἀλεξανδρείας
1271 871 1495 906 ἀρχιεπισκόπου,
1508 869 1640 905 ἀλήθειαν
1651 870 1843 905 ἀσπασάμενος

1055 917 1083 942 ὲν
1100 916 1216 949 πολλοῖς,
1230 917 1252 948 ζ’
1263 915 1412 951 διήμαρτεν
1425 915 1522 948 ἐτεσιν,
1537 915 1623 941 ἐλθὼν
1639 915 1682 947 εὶς
1694 915 1746 950 τὴν
1765 918 1843 949 σωτή-

1055 971 1112 998 ριον
1126 962 1269 998 σάρκωσιν,
1285 961 1323 997 τῷ
1343 963 1423 995 ,ξω-ιγ’
1444 961 1498 988 ἔτει
1522 961 1626 996 ταύτην
1645 961 1843 996 συλλογισάμε-

1055 1014 1108 1038 νος.
1132 1005 1161 1032 'H
1177 1006 1205 1032 δὲ
1221 1005 1294 1032 αἰτία
1304 1004 1350 1032 τοῦ
1361 1005 1517 1041 σφάλματος
1527 1005 1610 1032 αὐτοῦ
1625 1006 1740 1039 γέγονεν
1751 1006 1843 1036 οὓτως.

1061 1051 1121 1077 Ἐπὶ
1137 1050 1191 1086 γὰρ
1205 1050 1233 1077 τὸ
1251 1054 1274 1077 α’
1291 1050 1350 1082 ἔτος
1360 1050 1491 1077 Φιλίππου
1505 1050 1552 1077 τοῦ
1571 1051 1712 1086 Ἀριδαίου
1728 1051 1776 1077 τοῦ
1790 1053 1842 1085 μετ’

1062 1096 1231 1132 Ἀλέξανδρον
1244 1096 1288 1122 τὸν
1302 1096 1441 1122 Μακεδόνα
1454 1096 1666 1131 βασιλεύσαντος
1681 1096 1841 1123 Μακεδόνες-ι

1054 1145 1089 1174 α’,
1106 1142 1167 1168 καθ’
1185 1142 1199 1168 ὂ
1219 1142 1277 1173 ἔτος
1296 1142 1341 1168 καὶ
1362 1143 1376 1168 ὁ
1393 1141 1524 1173 Κλαύδιος
1540 1142 1714 1177 Πτολεμαῖος
1731 1143 1781 1177 τὴν
1794 1143 1843 1168 τῶν

1055 1186 1206 1221 προχείρων
1227 1186 1345 1213 κανόνων
1363 1186 1538 1222 ψηφηφορίαν
1551 1186 1672 1222 ἐπήξατο
1691 1187 1784 1222 ἀρχὴν
1799 1188 1842 1213 Al-

1055 1231 1205 1266 γυπτιακοῦ
1228 1232 1275 1258 καὶ
1297 1231 1452 1267 Ἑλληνικοῦ
1472 1231 1558 1263 ἔτους,
1587 1232 1660 1258 κατὰ
1684 1233 1738 1267 τὴν
1762 1236 1786 1259 α’
1800 1233 1840 1258 τοῦ

1054 1277 1113 1304 Θὼθ
1131 1278 1213 1314 μηνὸς
1230 1279 1294 1313 παρ’
1314 1277 1473 1312 Αἰγυπτίοις
1486 1277 1647 1312 λεγομένου,
1666 1278 1711 1304 κθ¹
1729 1279 1777 1304 τοῦ
1793 1279 1841 1305 Αὖ-

1053 1323 1166 1357 γούστου
1187 1323 1270 1359 μηνὸς
1284 1321 1364 1350 οὖσαν
1384 1323 1652 1359 ἀποκαταστατικὴν,
1669 1324 1820 1359 ὁμόχρονονι
1830 1325 1839 1339 ¹

1055 1368 1273 1403 ὁμολογουμένως
1292 1369 1350 1395 ἐστὶ
1362 1368 1400 1403 τῷ
1419 1367 1477 1404 ,ερο¹
1491 1367 1544 1395 ἔτει
1562 1367 1609 1395 τοῦ
1633 1369 1755 1404 κόσμου.
1782 1369 1840 1396 Ἀπὸ

1053 1413 1100 1440 τοῦ
1115 1414 1195 1440 αὐτοῦ
1209 1413 1228 1440 δ’
1241 1415 1251 1430 ⁹
1265 1414 1340 1445 ἔτους
1353 1413 1484 1440 Φιλίππου
1497 1414 1578 1449 μέχρι
1589 1414 1641 1449 τῆς
1656 1414 1840 1451 καθαιρέσεως

1053 1460 1228 1495 Κλεοπάτρας
1245 1459 1291 1495 ἐτη
1316 1460 1387 1487 κατὰ
1402 1461 1464 1492 τοὺς
1485 1461 1705 1495 ὰστρονομικοὺς
1731 1462 1839 1492 κανόνας

1053 1505 1242 1539 ἑπιωνάγεται
1269 1505 1333 1538 σῐ-,δκ
1363 1506 1428 1532 ’Λπὺ
1447 1506 1494 1532 τοῦ
1515 1506 1598 1533 αὑτοῦ
1620 1506 1684 1541 ,ερο¹
1710 1508 1837 1542 κοσμικαῦ

1054 1551 1129 1582 ἔτους
1145 1550 1199 1576 ε¹¹⁰
1217 1551 1334 1585 γίνονται
1358 1550 1437 1587 γευξγ’
1468 1552 1552 1587 Ἀδὰμ
1575 1552 1628 1584 ἓως
1653 1553 1837 1588 καθαιρέσεως

1055 1597 1241 1632 Κλεοπάτρας.
1253 1597 1331 1624 Κατὰ
1340 1597 1418 1624 τοῦτο
1429 1597 1459 1624 οὐ
1472 1598 1577 1633 συνᾴδει
1594 1599 1628 1633 τῇ
1643 1599 1835 1633 ἐκκλησιατιιῇ

1053 1643 1207 1678 παραδόσει,
1221 1643 1258 1675 ὡς
1270 1644 1299 1669 τὸ
1313 1643 1380 1678 πρὸς
1392 1644 1421 1670 τὸ
1440 1647 1484 1679 μγ¹
1497 1644 1556 1675 ἔτος
1569 1644 1733 1678 Αὐγούστου
1741 1646 1836 1672 Καίσι-

1029 1682 1036 1690 ”
1053 1698 1108 1725 ρος·
1124 1690 1203 1724 ἡνίκα
1219 1691 1232 1716 ὁ
1246 1689 1346 1725 Κῦριος
1360 1689 1437 1725 ἡμῶν
1449 1689 1603 1726 ἐσαρκώοη·
1623 1691 1695 1725 μόνα
1718 1692 1773 1726 γὰρ
1790 1692 1835 1718 ἀπὶ

1051 1736 1100 1770 τῆς
1112 1736 1195 1770 αὐτῆς
1210 1735 1394 1771 καθαιρέσεως
1412 1736 1458 1763 καὶ
1474 1736 1613 1772 ὑποταγῆς
1630 1737 1776 1771 Αἰγύπτου
1798 1742 1834 1772 μγ

1051 1781 1097 1816 ἔτη
1111 1781 1214 1816 λέγεται
1230 1781 1448 1817 βεδασιλευκέναι
1462 1783 1537 1817 παρὰ
1547 1784 1602 1814 τοῖς
1613 1783 1689 1818 μαθη
1695 1785 1834 1819 ματικοίςό

1051 1827 1211 1861 Αὒγουστος.
1232 1828 1320 1863 Ὅπερ
1335 1831 1359 1855 εί
1374 1829 1461 1864 δῶμεν
1477 1828 1628 1863 ἀληθεύειν,
1652 1830 1832 1864 εὖρηθήσεται

1052 1873 1121 1900 κατὰ
1137 1874 1167 1899 τὸ
1181 1872 1240 1908 ,εφέ
1261 1873 1319 1905 ἔτος
1333 1874 1380 1901 τοῦ
1402 1875 1503 1909 κόσμου
1524 1875 1692 1910 τελευτήσας
1710 1877 1726 1902 ὁ
1740 1875 1835 1910 Αὔγου-

1053 1927 1120 1950 στος.
1136 1918 1180 1954 Τῷ
1194 1919 1216 1945 δ’
1231 1919 1304 1954 αὐτῷ
1320 1919 1339 1945 ε’
1357 1919 1433 1946 ἔσται
1447 1921 1495 1955 τῆς
1512 1920 1558 1946 τοῦ
1576 1920 1708 1956 Σωτῆρος
1723 1922 1831 1956 ἡλικίας.

1058 1967 1125 1993 Ἀλλ’
1142 1968 1182 1994 ὅτι
1200 1968 1248 2002 μέν
1267 1969 1324 1994 ἐστι
1341 1968 1361 1984 “
1375 1968 1516 2004 πρόδηλον·
1531 1969 1571 1994 ὅτι
1587 1968 1616 1994 δὲ
1629 1969 1706 1995 κατὰ
1725 1970 1769 1996 τὸν
1787 1970 1831 1995 Αὑ-

1050 2012 1162 2046 γούστου
1176 2014 1312 2049 Καίσαρος
1326 2014 1438 2041 Θάνατον
1453 2018 1482 2041 ιε’
1499 2015 1581 2049 ἐγγυς
1597 2013 1666 2050 ἦγεν
1682 2016 1745 2047 ἑτος
1757 2018 1770 2043 ὁ
1783 2017 1831 2042 Κύ-

1051 2067 1117 2094 ριος,
1130 2059 1176 2085 καὶ
1188 2060 1257 2086 κατὰ
1269 2059 1299 2085 τὺ
1314 2063 1342 2085 ιε’
1355 2060 1480 2096 Τιϐερίου
1492 2061 1630 2096 Καίσαρος
1643 2062 1712 2087 ὡσεὶ
1726 2063 1793 2088 ἐτῶν
1803 2060 1829 2096 ἦν

1050 2105 1081 2136 λ’,
1097 2105 1133 2136 ὡς
1148 2105 1182 2131 τὰ
1198 2105 1285 2139 λόγια,
1303 2106 1349 2132 καὶ
1368 2106 1447 2133 τοῦτο
1467 2107 1615 2143 προῳανές,
1641 2108 1742 2134 Ἔσται
1759 2109 1830 2144 ipso

1051 2150 1098 2184 μὲν
1114 2149 1266 2183 Αὐγούστου
1282 2151 1421 2187 Καίσαρος
1444 2151 1556 2184 θάνατος
1583 2153 1687 2187 μεταξύ
1714 2162 1766 2180 που
1788 2154 1828 2180 τοῦ

1049 2194 1121 2229 γεφιδ¹
1138 2194 1268 2229 κοσμικοῦ
1285 2195 1360 2227 ἔτους
1374 2196 1420 2222 καὶ
1435 2196 1481 2222 τοῦ
1497 2200 1583 2232 legata"
1604 2197 1621 2232 ἡ
1645 2197 1675 2223 δὲ
1698 2199 1770 2233 ἀρχὴ
1788 2199 1830 2233 τῆς

1048 2240 1110 2275 ὅλης
1129 2240 1266 2275 βασιλείας
1286 2241 1366 2267 αὑτοῦ
1388 2241 1426 2276 τῷ
1442 2245 1530 2278 ιευνηκ
1558 2243 1724 2279 Πανόδωρος
1744 2245 1780 2276 δὲ,

1051 2287 1226 2322 μαθηματικῇ
1238 2287 1420 2319 ἐξακολουθῶν
1433 2288 1545 2320 ἐκδόσει,
1560 2289 1610 2324 τὴν
1625 2290 1676 2324 μὲν
1689 2290 1776 2326 ἀρχὴν
1787 2291 1827 2324 ri;
1843 2298 1849 2308 '

1049 2332 1200 2366 Αὐγούστου
1215 2332 1351 2367 βασιλείας
1364 2333 1403 2368 τῷ
1413 2337 1489 2364 ,ευνα¹
1505 2334 1559 2360 ἔτει
1574 2335 1621 2361 τοῦ
1635 2336 1741 2370 κόσμου
1753 2338 1828 2362 ἐστοιη

1049 2379 1155 2412 χείωσε,
1170 2378 1199 2404 τὸ
1213 2378 1240 2404 δὲ
1256 2379 1330 2410 τέλος
1342 2378 1380 2414 τῷ
1391 2383 1469 2414 βφςθ,
1483 2380 1530 2415 τὴν
1547 2380 1575 2406 δὲ
1590 2382 1728 2417 σωτήριον
1741 2383 1827 2418 γέννηι

1051 2431 1090 2448 σιν
1103 2422 1141 2457 τῷ
1156 2425 1248 2457 ,ευυγκ
1265 2424 1296 2449 οὐ
1312 2424 1402 2456 καλῶς
1414 2425 1636 2460 διανοησὰμενος.

1044 2499 1264 2537 Fragmentum
1280 2501 1378 2531 Νοιίτ.

1087 2559 1136 2591 Ὦς
1148 2557 1223 2586 εἶναι
1232 2559 1285 2586 τὸν
1302 2560 1360 2587 ἀπὸ
1377 2561 1432 2595 τῆς
1449 2563 1541 2595 θείας.
1557 2563 1622 2591 Tria
1641 2565 1689 2592 hic
1702 2567 1820 2594 obserra-

1046 2603 1119 2630 tione
1135 2603 1226 2639 digna.
1241 2604 1375 2638 Alterum,
1391 2611 1473 2641 caput
1484 2609 1548 2635 anni
1564 2609 1592 2636 in
1611 2616 1745 2646 computo
1758 2613 1820 2641 Gm-

1046 2656 1088 2681 co,
1103 2657 1159 2676 non
1181 2654 1301 2685 repetere
1316 2651 1461 2686 Georgium
1478 2661 1494 2680 a
1518 2654 1594 2682 civili
1614 2658 1736 2692 epocha,
1751 2659 1818 2687 idest

1046 2694 1244 2730 a-Septembri;
1265 2698 1312 2725 sed
1328 2705 1342 2724 a
1359 2706 1444 2726 verno
1469 2705 1593 2736 tempore
1617 2708 1704 2738 atque
1731 2706 1763 2732 ab
1780 2713 1816 2732 na

1045 2739 1156 2769 Kalend.
1177 2742 1263 2777 April.
1285 2750 1339 2777 quo
1359 2743 1403 2771 die
1415 2745 1554 2773 conditum
1567 2750 1768 2777 essemuudum
1777 2759 1816 2785 pn-

1044 2786 1156 2814 tabant:
1175 2788 1289 2815 alterum
1306 2796 1415 2825 passum
1432 2798 1463 2818 ex
1486 2791 1596 2820 illortuu
1618 2796 1750 2824 opinione
1766 2803 1815 2825 est:

1064 2864 1086 2879 ”
1099 2863 1121 2898 Ῑ.
1139 2865 1195 2899 ἔτη.
1235 2867 1254 2882 “
1275 2866 1351 2894 Deest
1366 2867 1476 2900 aliquid.
