1900 3137
47 153 117 179 LM?)

538 149 727 177 DISSERTAT
730 149 763 178 l0
783 149 826 177 DE
841 148 1041 176 GRECORUM
1061 148 1162 177 IERIS.

1585 151 1653 177 MM

47 209 190 236 Christum
213 207 302 234 Maitii
317 216 395 239 xxiii,
416 207 483 235 feria
500 216 543 240 νι;
564 208 746 235 resurrexisse
764 215 828 234 vero
842 211 865 238 Α
879 213 1012 233 annorum
1025 206 1109 239 5181;
1128 196 1218 242 itaque
1243 207 1384 241 legendum
1405 208 1473 242 apud
1499 207 1653 243 Georgium.

48 256 92 283 die
106 263 159 281 xxv
178 264 184 281 :
201 261 280 289 quam
292 253 433 288 Epiphanii
447 261 555 288 quoque
571 255 731 280 sententiam
744 252 827 279 fuisse

48 305 170 327 constat.
181 299 245 326 Vide
261 307 320 334 quae
340 307 421 333 super
435 307 464 325 ea
481 300 579 332 partim
595 299 621 325 in
637 298 825 326 Animadvers.

49 346 81 373 ad
110 346 179 372 hatr.
202 345 246 377 ιι,
267 345 366 379 partim
386 345 413 371 in
433 344 478 371 Xll
494 345 531 371 De
543 345 662 371 doctrina
683 349 827 378 temporum

48 391 237 427 exposuimus.
259 391 325 417 Cum
353 395 441 418 autem
458 393 545 425 capite
565 391 697 425 superiori
716 390 828 417 demon-

49 439 168 464 stratum
184 436 220 463 sit
243 436 403 469 Maximum,
422 444 501 471 quem
520 436 661 471 Georgius,
677 440 703 463 et
726 435 825 468 caeteri,

49 481 96 516 qui
124 480 337 508 Alexandrinam
359 489 441 508 teram
468 484 623 512 tenuerunt,
639 480 725 507 secuti
752 484 826 511 sunt,

39 523 154 554 .L‘hris‘ti
180 527 334 561 passionem
359 527 385 553 in
401 534 462 553 eum
487 533 587 553 annum
606 527 765 557 contulisse,
781 526 827 561 qui

49 577 92 599 est
116 580 179 599 atra:
212 576 311 599 nostra:
327 580 395 604 XLII,
424 572 528 606 periodi
555 571 669 599 Iulianis
688 572 769 604 4755,
796 579 828 599 eo

49 624 124 643 anno
141 616 339 644 admirabiliter
354 617 476 651 conligit,
491 622 519 643 ut
536 617 562 643 in
573 616 643 644 diem
658 616 747 643 Martii
759 624 828 643 xxiii

51 662 157 689 decima
191 667 288 696 quarta
317 661 456 689 Paschalis
485 662 626 689 incideret.
654 661 827 689 Novilunium

50 708 124 734 enim
138 715 172 734 ex
188 707 319 735 Parisinis
331 708 428 735 tabulis
445 708 619 736 commissum
637 712 679 735 est
695 707 784 735 Martii
800 716 827 740 x,

53 753 118 780 feria
135 761 185 785 vn,
211 753 276 780 hora
293 753 340 785 10,
358 754 399 780 21¹
420 754 447 780 in
470 754 609 781 liorizonte
635 753 828 789 Hierosolymi-

51 803 128 827 tano.
138 799 229 833 Quare
240 799 346 826 decima
360 803 457 835 quarta
473 799 598 827 convenit
608 800 636 826 in
646 799 734 826 Martii
750 808 826 832 xxiii,

52 845 121 872 feria
146 853 190 878 v1;
219 845 393 880 plenilunium
420 853 482 873 vero
519 846 637 873 medium
664 846 752 873 Martii
776 854 828 873 xxv

52 890 176 922 ineunte,
188 891 253 917 hora
263 890 387 918 videlicet
398 891 424 923 ‘l,
438 890 500 918 53a
514 890 600 918 media
613 895 703 918 nocte.
718 891 827 918 Nicaeae

51 944 116 964 vero
131 940 255 971 tempore
274 936 414 964 neomenia
434 936 547 964 cadebat
562 937 590 963 in
615 945 640 963 ix
667 937 767 969 Martii,
783 945 829 973 cy-

52 981 94 1008 clo
108 988 124 1007 v
142 981 250 1008 decima
265 985 371 1016 quarta,
389 980 478 1007 Martii
496 988 571 1007 xxii:
590 980 662 1014 quod
674 980 708 1006 ad
723 979 829 1007 Graeco-

52 1034 113 1053 rum
126 1027 355 1061 computistarum
377 1031 495 1053 mentem
514 1025 632 1060 perbelle
651 1025 828 1060 congruebat,

52 1073 98 1107 qui
113 1076 141 1100 et
170 1071 257 1099 Martii
281 1079 359 1103 xxiii,
374 1074 401 1097 et
418 1070 485 1098 feria
500 1079 536 1102 νι,
555 1074 582 1098 et
603 1070 754 1105 plenilunio
769 1078 830 1105 pas-

54 1125 112 1144 sum
138 1125 202 1144 esse
227 1116 364 1144 Christum
382 1116 582 1143 asseverabant.
600 1115 652 1143 Sed
673 1116 729 1143 haec
749 1123 829 1151 quam

54 1163 160 1190 illorum
184 1162 337 1189 rationibus
351 1160 531 1189 consentanea
549 1162 673 1189 videntur
687 1167 740 1188 tam
765 1167 840 1190 suiit‘

52 1208 169 1240 absona,
188 1212 214 1235 et
232 1208 266 1235 ab
285 1207 440 1243 evangelica
462 1207 575 1246 veritate
597 1215 709 1242 prorsus
730 1208 826 1236 aliena.

55 1253 106 1280 Sed
126 1261 180 1280 nec
203 1252 345 1287 Epiphanii
370 1252 531 1279 sententiam
553 1252 669 1280 assecuti
688 1252 727 1279 illi
750 1256 828 1285 sunt;

53 1307 134 1333 quam
153 1306 206 1326 nos
222 1299 327 1326 abunde
350 1298 426 1326 libris
445 1298 498 1325 illis
514 1298 720 1333 explicavimus.
738 1298 830 1326 Tertio

52 1345 172 1380 denique
186 1337 294 1372 constat
302 1352 334 1372 ex
348 1344 456 1370 Maximi
476 1351 508 1371 ac
523 1343 696 1379 Theophanis
710 1343 829 1377 decreto,

56 1390 194 1418 Shristum
212 1390 355 1417 Dominum
369 1389 486 1417 triennio
497 1410 505 1422 ,
520 1397 551 1416 ac
565 1389 706 1417 mensibus
721 1390 831 1417 circiter

54 1436 143 1463 tribus
159 1444 175 1462 a
191 1436 328 1471 baptismo
344 1436 515 1470 praedicasse,
540 1439 569 1463 ut
592 1436 638 1471 qui
656 1443 728 1463 anno
743 1437 831 1463 aatatis

56 1477 168 1509 ineunte
194 1489 269 1514 xxxi,
289 1480 411 1508 Januarii
434 1489 471 1514 vi,
490 1481 641 1516 baptizatus
666 1483 711 1514 sit,
737 1482 831 1509 mundi

55 1527 123 1555 5550
132 1533 262 1561 exeunte,
274 1528 310 1554 ita
322 1532 350 1554 ut
360 1527 425 1557 5551
440 1527 562 1562 proximo
571 1535 632 1555 vere
647 1528 809 1555 successerit
822 1536 829 1553 :

56 1580 126 1600 anno
143 1574 249 1609 periodi
264 1573 377 1600 Julianaa
388 1573 468 1606 4752,
482 1580 580 1608 passus
601 1578 691 1601 autem
706 1575 741 1601 sit
760 1581 831 1601 anno

53 1620 142 1647 aetatis
158 1627 245 1646 xxxni
260 1620 395 1651 absoluto,
420 1627 452 1646 ac
479 1619 566 1647 tribus
584 1625 712 1654 praeterea
729 1620 831 1647 mensi-

57 1664 123 1698 bus;
138 1665 235 1692 mundi
253 1665 322 1692 5555
335 1665 487 1697 desinente,
510 1665 613 1700 periodi
625 1664 739 1692 Iuliana:
751 1665 830 1693 1.755.

58 1710 87 1736 In
108 1718 165 1745 quo
186 1711 220 1738 ab
243 1710 386 1745 Epiphanii
409 1711 544 1738 sententia
572 1711 738 1737 desciscunt.
766 1710 833 1738 Vide

58 1754 167 1782 Maximi
182 1762 241 1790 cap.
256 1754 362 1782 XXXII.
387 1754 532 1782 Sciendum
555 1759 596 1782 est
615 1762 707 1789 porro,
725 1754 833 1782 Graecos

56 1804 164 1828 aetatem
184 1800 285 1828 Christi
314 1801 348 1827 ab
373 1800 563 1827 lncarnatione
588 1801 647 1835 ipsa
671 1808 832 1833 numerare,

58 1853 122 1878 non,
133 1851 165 1873 ut
181 1846 252 1873 ratio
270 1846 400 1881 postulat,
416 1850 442 1873 et
454 1854 502 1873 nos
522 1846 602 1881 vulgo
616 1846 740 1878 facimus,
757 1847 833 1874 abeo

59 1895 191 1927 tempore,
209 1900 262 1927 quo
273 1897 349 1921 extra
371 1896 477 1920 uterum
492 1893 603 1927 prodiit.
620 1892 740 1925 Quorum
754 1893 833 1921 insti-

59 1942 146 1965 tutum
164 1937 277 1965 Romani
293 1946 400 1973 quoque
421 1939 591 1973 computista:
611 1939 744 1974 complexi
759 1943 833 1972 sunt,

61 1983 206 2019 Dionysius
225 1984 355 2020 Exiguus,
371 1984 456 2016 Beda,
473 1989 499 2013 et
520 1985 657 2013 inferioris
675 1986 723 2012 aevi
738 1994 835 2021 prope-

61 2030 169 2057 modum
184 2038 287 2058 omnes.
309 2031 377 2059 Ilinc
399 2032 530 2067 Georgius
549 2039 636 2059 annos
650 2031 710 2059 vitae
729 2031 834 2059 Domini

62 2079 156 2109 putare
169 2077 288 2112 incipita
305 2085 356 2103 xxv
373 2077 472 2104 Martii.
576 2108 580 2113 .

97 2123 244 2149 Σκοπείτω
257 2125 299 2156 εις
314 2122 371 2157 τὴν
390 2127 435 2150 ια’.
459 2123 548 2152 Divisa
573 2131 677 2152 summa
700 2131 834 2150 annorum

63 2166 130 2195 5555
155 2177 201 2203 per
217 2169 277 2200 552,
298 2169 361 2197 ﬁent
384 2170 513 2197 absolutie
530 2170 632 2205 periodi
648 2178 675 2202 x,
696 2174 722 2197 et
747 2178 834 2197 annus

844 1549 865 1577 C

878 252 918 278 Ad
945 251 1015 278 lianc
1043 259 1176 278 summam
1207 252 1229 279 si
1248 252 1317 279 ’2215
1343 253 1493 288 adjeceris,
1524 258 1591 289 quot
1620 255 1654 281 ab

878 296 1021 323 Abraliami
1038 296 1119 323 natali
1133 297 1167 323 ad
1179 301 1267 323 ortum
1280 296 1381 324 Christi
1397 298 1544 333 interponit
1569 299 1655 327 Ense.

878 342 948 372 hius,
966 342 1064 369 ellicies
1079 350 1165 370 annos
1177 342 1254 369 5199.
1270 343 1308 370 Ac
1324 351 1417 371 revera
1437 344 1550 372 totidem
1567 352 1654 372 aiints

877 395 910 414 ex
923 388 1031 415 Eusebii
1056 388 1161 415 calculo
1178 388 1266 415 Latini
1290 389 1457 424 antiquiores
1474 391 1629 425 exprimunt
1645 401 1653 420 :

878 434 948 460 etin
974 433 1093 461 Romano
1114 434 1304 470 Martyrologio
1334 444 1381 463 vni
1408 436 1519 464 Kalend.
1541 436 1653 465 Ianuar.

878 488 1006 507 numerus
1022 480 1065 507 ille
1081 481 1242 514 concipitur.
1261 480 1327 509 Vide
1346 482 1392 509 lib.
1418 481 1451 508 IX
1471 483 1509 509 De
1533 483 1655 510 doctrina

879 531 1032 560 temporum,
1045 533 1105 562 cap.
1123 525 1153 553 ll.
1169 526 1254 553 Porro
1270 527 1301 554 ad
1321 528 1485 562 passionem,
1508 537 1568 563 qua:
1583 537 1655 556 anno

878 572 1022 599 Abraliami
1037 572 1104 599 2047
1122 572 1241 607 ponitur,
1254 574 1315 599 anni
1328 577 1391 600 sunt
1408 581 1422 600 a
1439 574 1547 600 conditu
1564 582 1655 601 rerum

879 617 955 645 5251.
974 617 1107 650 Qiizcritur
1123 618 1255 652 Georgius
1267 618 1300 644 ab
1314 618 1429 645 Eusebio
1444 619 1654 652 prarterinissuni

878 663 991 694 Cainan,
1008 667 1035 690 et
1059 663 1118 697 ejus
1143 671 1230 690 annos
1244 671 1333 690 cxxx:
1349 663 1409 691 ideo
1429 664 1560 692 minorem
1581 665 1656 699 justo

878 716 938 737 esse
949 717 1081 736 summam
1097 709 1129 736 ad
1145 713 1233 735 ortum
1253 709 1416 743 Abraliami;
1434 717 1514 744 quam
1541 710 1597 744 ipse
1619 711 1657 737 ait

878 761 940 781 esse
955 758 1089 781 annorum
1109 754 1188 786 5512,
1201 755 1300 789 quibus
1324 755 1406 782 additi
1424 756 1489 782 anni
1515 753 1595 787 29.9.1,
1609 757 1655 790 qui

879 799 912 826 ab
925 799 1080 826 Abrahamo
1094 800 1128 827 ad
1146 800 1248 828 Christi
1263 801 1418 835 passionem
1433 801 1567 833 interjecti
1581 808 1655 834 sunt,

878 845 996 875 cilicium
1008 852 1094 872 annos
1107 845 1175 872 5555
1186 854 1192 878 ;
1204 853 1264 872 cum
1280 849 1370 872 tamen
1384 846 1516 873 Eusebius
1527 850 1553 873 et
1569 854 1656 873 annos

879 890 912 917 ab
922 890 1076 917 Abrahamo
1087 895 1210 917 numeret
1223 891 1255 917 ad
1266 891 1401 918 Christum
1413 891 1491 924 €20.18,
1501 897 1527 918 et
1541 892 1574 919 iis
1587 892 1657 927 prio-

878 943 934 962 rem
951 934 985 961 ad
996 943 1138 962 numerum
1155 935 1279 969 adjectis,
1298 944 1428 962 summam
1444 936 1506 963 inde
1529 937 1656 963 conliciat

879 988 1011 1011 annorum
1024 980 1103 1008 5252.
1118 980 1220 1007 Desunt
1235 981 1297 1007 anni
1317 982 1363 1007 501
1385 981 1417 1007 ad
1439 980 1545 1016 Georgii
1562 981 1655 1008 calcu-

878 1027 934 1053 lum
950 1035 956 1053 :
976 1033 1044 1060 quos
1059 1026 1116 1061 ipse
1132 1026 1215 1053 variis
1230 1026 1316 1053 modis
1339 1027 1476 1053 inculcare
1491 1027 1597 1053 nititur.
1620 1028 1656 1053 lie

879 1072 1010 1101 Cainano.
1028 1075 1055 1098 et
1069 1071 1148 1098 annis
1165 1071 1290 1098 Judicum
1310 1071 1466 1105 plenissime
1480 1071 1564 1099 habes
1581 1072 1607 1098 in
1620 1071 1655 1097 lx

880 1117 917 1144 De
928 1117 1048 1144 doctrina
1064 1121 1217 1150 temporum.
1230 1116 1337 1152 Georgii
1361 1117 1518 1153 μικρολογία
1535 1118 1587 1145 ista
1602 1125 1657 1144 non

879 1166 920 1189 est
934 1162 1027 1189 nauci.

913 1207 1086 1241 Πανόδωρος
1101 1207 1134 1235 δέ
1146 1216 1201 1241 τις.
1218 1207 1295 1235 Nunc
1312 1208 1346 1236 de
1359 1208 1443 1236 altero
1457 1213 1595 1244 computo,
1610 1210 1657 1245 qui

879 1257 920 1281 est
939 1253 1074 1280 Panodori
1090 1253 1229 1281 monachi.
1250 1253 1275 1281 ls
1288 1258 1368 1281 teram
1389 1254 1505 1289 priorem
1523 1263 1657 1282 annorum

881 1301 913 1328 ad
944 1300 1045 1327 Christi
1077 1299 1278 1336 ὲνανθρώπησιν
1304 1300 1370 1327 5501
1397 1304 1459 1327 octo
1492 1301 1585 1333 annis,
1614 1302 1657 1328 vel

880 1345 974 1373 decem
997 1345 1165 1379 decurtavit;
1183 1346 1262 1380 cujus
1282 1345 1384 1373 inventi
1412 1346 1560 1381 probabilis
1581 1351 1622 1373 est
1642 1354 1657 1374 a

880 1393 959 1419 nobis
979 1399 1061 1426 supra
1074 1392 1177 1419 reddita
1189 1392 1275 1419 ratio:
1288 1399 1370 1427 quam
1386 1399 1449 1419 vero
1465 1391 1597 1427 Georgius
1617 1392 1658 1419 af-

881 1438 942 1470 fert,
956 1437 1123 1470 frivola-cst;
1145 1444 1194 1465 nec
1219 1437 1281 1472 jure
1304 1437 1441 1465 hominem
1466 1438 1605 1472 redarguit
1629 1441 1658 1465 ut

881 1491 943 1511 mox
954 1483 1097 1510 videbitur.

922 1529 986 1555 Ἐπὶ
999 1528 1052 1562 γὰρ
1064 1528 1097 1555 τὸ
1116 1532 1141 1555 α’
1153 1529 1229 1562 ἔτος.
1251 1528 1317 1561 Qum
1341 1531 1494 1563 sequuntur
1517 1528 1659 1564 insigniter

882 1573 1026 1608 depravata
1051 1577 1132 1606 sunt;
1158 1581 1245 1609 neque
1270 1573 1311 1600 vis
1337 1573 1589 1608 argumentationis,
1603 1581 1659 1609 qua

882 1617 1053 1645 Panodorum
1076 1618 1217 1654 Syncellus
1239 1623 1392 1653 oppugnat,
1408 1619 1477 1645 satis
1490 1619 1660 1646 animadver-

883 1665 958 1693 titur.
983 1665 1069 1700 llujus
1094 1670 1183 1693 tamen
1211 1666 1267 1692 haec
1288 1673 1394 1692 summa
1421 1665 1583 1692 conﬁcitur:
1598 1666 1660 1692 ideo

883 1715 983 1745 septem
992 1711 1071 1738 annis
1083 1711 1174 1738 minus
1188 1714 1297 1745 putasse
1310 1710 1493 1743 Panodorum,
1509 1711 1582 1745 quod
1596 1719 1658 1740 cum

883 1763 954 1783 anno
973 1756 1065 1783 mundi
1075 1756 1143 1783 5458
1158 1756 1296 1791 Augustus
1313 1756 1447 1790 imperare
1459 1757 1571 1791 coeperit
1597 1762 1661 1792 post

883 1801 1049 1829 necemJulii
1066 1802 1191 1833 Caesaris,
1207 1801 1367 1828 Panodorus
1381 1802 1445 1828 5451
1470 1803 1659 1829 tantummodo

883 1848 1015 1881 posuerit,
1036 1847 1289 1874 mathematicorum
1306 1847 1440 1874 calculum
1461 1852 1581 1875 secutus.
1597 1847 1660 1874 Fuit

884 1892 953 1927 apud
973 1896 1143 1920 astronomos
1162 1893 1187 1919 in
1203 1901 1253 1919 usu
1273 1900 1360 1919 canon
1376 1893 1497 1928 quidam.
1511 1893 1566 1921 sive
1577 1894 1660 1921 later-

884 1938 975 1964 culum
988 1946 1092 1973 regum,
1102 1939 1146 1973 qui
1162 1946 1176 1965 a
1186 1938 1375 1966 Nabonassaro
1389 1939 1422 1966 ad
1437 1939 1601 1966 Antoninum
1615 1948 1661 1967 us-

884 1991 937 2018 que
959 1988 1132 2019 propagatur,
1149 1984 1277 2011 nimirum
1299 1985 1332 2011 ad
1355 1984 1490 2012 Ptolemtei
1511 1989 1631 2020 tempora
1650 1994 1659 2011 :

885 2029 930 2063 qui
943 2037 957 2055 a
970 2029 1102 2057 Chaldaeis
1116 2030 1242 2057 traditum
1256 2038 1386 2058 canonem
1403 2030 1532 2057 Romanis
1547 2031 1661 2065 impera-

884 2076 989 2102 toribus
1002 2075 1112 2103 auxisse
1126 2076 1242 2103 videtur.
1259 2076 1357 2104 Verum
1378 2076 1404 2102 in
1420 2076 1489 2103 libro
1510 2077 1661 2111 προχείρων

885 2121 1013 2153 κανόνων,
1037 2122 1083 2156 qui
1106 2122 1212 2150 tabulas
1236 2123 1431 2149 astronomicas
1462 2123 1660 2157 complectitur.

885 2175 971 2194 canon
985 2168 1055 2195 idem
1069 2176 1083 2194 a
1105 2168 1230 2204 Philippo
1254 2169 1359 2196 Aridaeo
1376 2169 1490 2203 incipit,
1507 2172 1537 2195 ut
1552 2169 1578 2195 in
1602 2176 1660 2195 ma-

62 2212 113 2239 215
128 2215 277 2242 undecimae
287 2235 293 2247 ,
309 2223 363 2250 quo
386 2223 480 2243 revera
495 2221 591 2251 quarta
615 2215 719 2243 decima
733 2216 833 2243 Chrisu
850 2215 871 2243 D
886 2213 1034 2247 nuscriptis
1046 2213 1185 2241 codicibus
1197 2218 1318 2249 apparet,
1331 2214 1376 2248 qui
1390 2213 1507 2241 Theonis
1520 2221 1660 2241 commen-

64 2260 162 2285 saeculo
183 2260 277 2288 incidit
290 2261 317 2288 in
336 2261 426 2288 Martii
441 2261 511 2289 diem
528 2270 608 2294 xxiii,
621 2266 651 2289 ut
669 2262 750 2297 paulo
773 2265 834 2289 ante

63 2304 189 2332 vidimus.

97 2348 197 2384 Πρώτη
209 2350 242 2377 δὲ
252 2351 303 2378 τοῦ
319 2352 384 2386 παρ’
406 2351 557 2385 Ἑϐραίοις.
579 2351 675 2378 Mirum
701 2351 766 2378 illud
782 2355 834 2384 est,

64 2401 117 2421 non
140 2396 227 2422 solum
254 2397 421 2424 neomeniam
443 2397 528 2424 fuisse
550 2396 633 2424 Nisan
655 2396 726 2423 diem
748 2397 834 2428 illum,

64 2447 141 2474 quem
164 2442 235 2470 inme
251 2451 296 2470 xw
315 2443 356 2470 vel
372 2451 427 2470 xvn
444 2451 503 2471 esse
521 2443 586 2470 dicit
601 2464 608 2476 ,
632 2443 679 2470 sed
702 2442 835 2477 ejusmodi

65 2493 170 2521 semper
183 2489 331 2517 exstitisse.
349 2488 431 2524 Nugae
452 2490 510 2517 istae
528 2493 606 2521 sunt,
622 2489 674 2516 nisi
690 2488 741 2516 hoc
766 2488 836 2515 forte

67 2533 158 2566 voluit,
179 2534 255 2561 init-io
275 2543 367 2562 rerum
389 2536 507 2570 primum
527 2542 658 2568 mensem,
676 2534 732 2562 sive
751 2534 836 2562 Nisan

65 2579 232 2607 neomeniam
247 2580 375 2608 habuisse
386 2588 438 2607 xxv
451 2580 494 2608 die
509 2579 608 2607 Martii.

105 2623 135 2649 '0
142 2624 200 2658 μὲν
209 2623 266 2652 οὖν
284 2626 465 2660 Ἀφρικανός.
476 2625 540 2653 Vide
555 2625 699 2660 superiora
711 2625 771 2652 libri
787 2625 836 2652 hu-

63 2667 107 2700 jus
117 2672 200 2698 nostri
216 2672 315 2706 capita.

97 2715 240 2747 Εὐσέϐιος
264 2716 298 2742 δὲ
315 2718 331 2743 d
350 2717 517 2751 Παμφίλου.
546 2716 574 2743 ln
597 2716 725 2744 chronico
746 2720 837 2751 poste-

65 2759 147 2792 riore,
165 2761 311 2796 interprete
337 2767 431 2790 sancto
454 2762 628 2798 Hieronymo,
654 2762 786 2790 Eusebius
808 2762 836 2789 in

66 2801 198 2833 Prommio
210 2812 333 2834 numerat
356 2808 389 2835 ab
417 2808 520 2835 Adamo
538 2808 571 2835 ad
593 2808 723 2835 diluvium
750 2815 836 2834 annos

64 2847 141 2885 ΜΞ,
160 2860 174 2878 a
192 2852 293 2880 diluvio
318 2853 351 2880 ad
366 2857 454 2881 ortum
468 2854 623 2886 Abrahami,
640 2854 701 2882 942.
725 2852 836 2882 Summa

885 2259 969 2286 tarios
984 2260 1023 2290 εἰς
1039 2260 1101 2291 τοὺς
1116 2260 1273 2296 προχείρους
1297 2261 1410 2292 κανόνας
1425 2260 1562 2288 exhibent.
1577 2260 1663 2295 Igitur

884 2311 899 2329 a
914 2308 1002 2331 morte
1025 2304 1182 2336 Alexandri,
1198 2310 1225 2333 et
1238 2305 1324 2332 Tholh
1342 2305 1469 2339 Philippi,
1490 2305 1523 2331 ad
1547 2308 1659 2332 mortem

884 2349 1042 2383 Cleopatrm,
1059 2352 1123 2377 anni
1140 2352 1304 2387 colliguntur
1317 2352 1379 2379 29L
1397 2351 1459 2378 Inde
1475 2351 1590 2386 Augusti
1604 2351 1662 2377 Ca;-

886 2395 955 2422 saris
972 2395 1017 2422 45.
1034 2394 1137 2430 Duplex
1155 2398 1227 2424 enim
1246 2398 1353 2424 initium
1369 2397 1494 2432 Augusti,
1515 2397 1629 2423 alterunt
1644 2404 1659 2422 a

885 2444 971 2467 m0rte
997 2439 1062 2467 Julii
1085 2441 1210 2473 Caesaris,
1228 2442 1343 2469 alterum
1365 2450 1381 2469 a
1409 2450 1475 2469 nece
1499 2441 1607 2468 Antonii
1633 2446 1660 2467 et

885 2485 1044 2520 Cleopatrae,
1061 2494 1119 2521 quae
1134 2490 1176 2514 est
1195 2488 1297 2521 epocha
1322 2495 1454 2515 annorum
1477 2488 1657 2514 Actiacorum.

885 2532 1027 2561 Intervalla
1042 2539 1123 2567 porro
1143 2539 1275 2559 annorum
1289 2541 1304 2559 a
1325 2534 1467 2561 neomenia
1481 2532 1580 2564 Thoth,
1599 2539 1660 2567 qua:

885 2580 1039 2615 principum
1068 2582 1182 2606 mortem
1198 2579 1321 2614 proxime
1337 2585 1482 2608 consecuta
1498 2583 1548 2612 est,
1566 2579 1593 2606 in
1613 2579 1659 2605 illo

885 2632 990 2652 canone
1008 2624 1168 2659 procedunt.
1190 2624 1311 2651 Mortuus
1323 2628 1364 2652 est
1379 2625 1531 2653 Alexander
1546 2624 1660 2659 Magnus

885 2678 957 2699 anno
968 2671 1055 2706 primo
1064 2672 1174 2698 ineunte
1186 2669 1346 2705 olympiadis
1354 2678 1425 2702 cxiv,
1434 2670 1658 2705 periodiJuliana:

885 2717 966 2749 4590,
982 2725 1054 2744 anno
1066 2716 1251 2744 Nabonassari
1265 2715 1326 2747 424,
1341 2716 1388 2751 qui
1400 2717 1481 2751 etrapit
1498 2716 1659 2744 Novembris

886 2770 935 2789 χιι.
953 2762 1042 2795 Quare
1055 2763 1144 2789 Thotli
1160 2761 1277 2797 Philippi
1291 2762 1399 2793 Aridzei,
1412 2762 1468 2789 sive
1486 2763 1582 2789 mortis
1596 2762 1658 2788 Ale-

888 2807 993 2839 xandri,
1005 2808 1129 2835 convenit
1145 2808 1171 2834 in
1184 2807 1340 2835 Novembris
1349 2815 1385 2833 xii
1402 2807 1464 2833 anni
1478 2807 1598 2841 ejusdem
1613 2816 1658 2840 pc-

886 2852 955 2879 riodi
970 2852 1082 2881 Iuliana;
1096 2854 1175 2884 4590.
1194 2857 1220 2882 et
1230 2853 1336 2881 initium
1348 2852 1421 2881 dedit
1436 2859 1506 2880 anno
1519 2852 1659 2880 Nabonas-
