1900 3137
229 151 296 177 Ill?)

732 144 777 171 ΑΙ)
798 142 929 170 EUSEBII
949 139 1145 171 CHRONICON
1164 139 1342 166 APPE’NDIX.

1781 133 1841 161 1415

228 207 282 234 sari
301 206 362 234 425.
383 205 445 233 Haec
468 208 508 233 est
524 204 627 239 epocha
649 203 702 230 τῶν
719 202 870 238 προχείρων
886 201 1003 228 κανόνων

1056 199 1125 227 ticus
1140 198 1174 225 ab
1188 197 1297 225 exordio
1307 196 1422 231 Philippi
1431 195 1463 222 ad
1472 193 1593 229 Augusti
1604 192 1741 219 ultimum
1753 198 1841 218 nume-

227 251 374 279 Ptolemaai.
388 251 410 276 A
426 257 478 285 qua
496 249 558 275 anni
577 252 640 275 sunt
655 247 807 282 [Egyptiaci
822 244 1002 277 294_absoluti

227 299 261 323 ad
277 296 364 323 Thoth
387 295 539 325 Actiacum,
563 293 620 320 sive
639 292 808 320 neomeniam
829 290 928 322 Thoth,
943 297 1002 325 quae

227 349 299 368 anno
319 341 375 373 illo,
392 347 446 374 quo
465 342 571 365 mortua
593 343 634 366 est
659 338 818 372 Cleopatra,
838 336 953 363 incurrit
975 336 1003 362 in

227 394 290 413 xm
303 386 373 413 diem
385 384 516 419 Augusti;
533 388 560 411 et
574 383 713 410 exordium
725 383 815 409 attulit
829 389 900 408 anno
916 381 1004 408 Nabo-

226 431 332 459 nassari
350 430 409 462 7l9,
430 437 501 456 anno
521 429 623 464 periodi
637 428 751 455 Julianae
765 428 845 459 4684,
863 426 944 454 Urbis
958 434 1002 454 se-

226 476 344 503 cundum
356 475 505 502 Varronem
515 475 575 501 724.
585 473 759 502 Intervallum
771 481 786 500 a
796 478 882 500 morte
888 473 1004 499 Alexan-

225 523 267 549 dri
284 522 318 549 ad
341 522 430 549 Thoth
453 521 606 552 Actiacum,
630 520 694 547 anni
720 519 801 547 solidi
818 519 880 546 294.
898 518 1003 545 Rursus

225 567 340 602 Augusti
356 575 430 594 mors
450 567 565 602 contigit
584 574 655 594 anno
670 566 750 594 Urbis
764 565 823 597 76?,
838 564 940 592 mensis
957 571 1004 591 co-

226 614 364 647 gnominis
392 621 450 645 xIx,
467 620 654 649 epagomenon
669 619 700 644 v,'
717 611 781 638 anni
803 610 1003 638 Nabonassarei

226 659 277 685 762
288 667 294 691 ;
306 658 386 693 cujus
404 658 493 685 Thoth
512 658 573 685 iniit
586 657 698 693 Augusti
714 665 760 689 xx,
774 657 877 692 periodi
890 656 1004 684 Julianae

225 705 305 736 4727,
319 705 423 732 decimo
438 708 535 740 quarto
554 704 706 731 communis
734 711 804 731 mne.
818 703 870 730 Sed
887 707 944 730 tum
958 711 1006 729 an-

226 757 278 776 nus
294 750 374 781 ﬁxus,
389 753 416 777 et
430 749 558 776 Actiacus
580 749 677 776 eratin
696 756 794 780 cursu;
815 748 895 782 cujus
916 746 1003 775 Thoth

226 800 354 830 perpetuo
375 794 409 822 ab
431 795 546 830 Augusti
566 802 629 821 XXIX
645 794 687 821 die
712 794 934 828 auspicabantur.
952 793 1005 820 Ita-

225 849 277 876 que
291 848 305 867 a
316 840 403 868 Thoth
413 841 533 872 Actiaco,
550 841 582 868 ad
598 840 686 867 Thoth
699 841 793 868 mortis
804 839 928 874 Augusti,
941 839 1004 866 anni

1053 250 1096 272 rat
1108 251 1194 271 annos
1208 247 1343 270 vertentes
1351 242 1412 273 357,
1424 241 1460 267 ita
1473 245 1502 267 ut
1513 241 1568 267 558
1578 240 1615 266 ab
1625 237 1747 273 Augusti
1761 241 1841 264 morte

1053 291 1174 325 coeperit.
1189 289 1247 316 Jan:
1261 290 1284 316 si
1297 296 1382 316 annos
1394 287 1445 314 558
1456 288 1571 322 adjicias
1586 286 1623 313 ad
1638 285 1696 311 424
1707 283 1841 311 Nabonas-

1054 338 1125 369 sari,
1142 336 1302 364 conﬂabitur
1324 341 1411 361 annus
1433 331 1622 359 Nahonassari
1647 330 1714 361 762,
1736 330 1784 364 qui
1803 335 1841 357 est

1053 383 1140 410 Thoth
1155 382 1250 409 mortis
1263 379 1387 415 Augusti.
1401 378 1477 406 Adde
1489 378 1601 406 eosdem
1620 377 1677 404 553
1693 376 1726 402 ad
1743 384 1838 402 annum

1052 429 1186 457 Panodori
1198 427 1278 459 5169,
1294 427 1407 454 exsistet
1421 432 1509 452 annus
1527 424 1621 451 mundi
1637 423 1722 450 5507.
1741 422 1840 450 Rectis—

1054 477 1122 503 sime
1143 475 1233 509 itaque
1246 473 1405 500 Panodorus
1420 480 1475 499 non
1496 471 1585 499 solum
1603 469 1700 497 Thoth
1723 469 1837 513 Philippi

1054 530 1115 549 cum
1134 528 1205 548 anno
1227 519 1346 554 computi
1364 519 1405 545 sui
1422 518 1490 545 5170
1509 516 1665 551 copulavit,
1685 515 1735 542 sed
1761 515 1836 542 etiam

1054 568 1170 603 primum
1185 573 1285 593 annum
1295 564 1423 600 Augustei
1436 563 1543 598 imperii
1559 570 1622 590 eum
1636 562 1724 594 545];
1740 561 1764 587 si
1781 561 1836 595 qui-

1054 613 1114 640 dem
1130 612 1344 639 incarnationem
1355 610 1458 638 Christi
1467 610 1583 637 contulit
1595 609 1624 636 in
1637 616 1744 635 annum
1760 607 1832 637 5495,

1054 666 1085 685 ac
1096 658 1164 685 luna:
1179 658 1284 693 cyclum
1302 656 1319 683 2
1335 664 1350 682 a
1370 655 1492 691 populari
1508 654 1765 682 Alexandrinorum
1777 661 1833 687 epo-

1054 704 1104 731 eha
1117 704 1318 739 procedentem,
1332 702 1359 729 id
1371 706 1413 729 est
1426 701 1625 736 Augustixxu,
1640 708 1654 726 a
1664 707 1722 735 quo
1736 707 1831 726 annum

1054 750 1245 781 ordiebantur;
1263 749 1303 776 vel
1319 755 1334 775 a
1350 755 1433 775 verno
1455 751 1588 782 tempore,
1615 750 1645 773 ut
1663 746 1832 779 computistz

1055 799 1152 825 solent.
1164 797 1236 830 Quin
1253 804 1286 824 ex
1301 796 1334 824 iis
1355 795 1475 830 vestigiis
1493 794 1681 829 chronologim
1699 793 1829 820 Panodori

1055 843 1211 878 conjectura
1235 841 1292 870 ﬁeri
1318 845 1406 877 potest
1420 845 1577 868 accuratum
1594 840 1629 867 iis
1650 841 1679 867 in
1704 839 1789 866 rebus
1804 847 1830 864 ac

225 886 341 914 absoluti
359 891 422 913 sunt
446 886 489 912 45.
506 885 569 913 "ac
590 889 653 913 sunt
675 885 839 916 indubitata,
854 889 881 912 et
893 892 908 911 a
925 885 1003 912 nobis
1019 883 1040 910 Β
1054 890 1211 924 diligentem
1227 887 1364 915 hominem
1380 887 1481 919 fuisse;
1501 890 1583 921 atque
1601 884 1675 912 haud
1700 884 1832 919 ρηυιοίη-

225 931 445 958 demonstrantur
473 931 500 957 in
519 935 591 958 tomo
613 930 764 965 posteriore
789 930 878 964 operis
898 928 936 956 De
956 929 1003 955 do-

225 977 309 1003 ctrina
323 981 478 1010 temporum.
497 975 535 1002 Ex
551 976 651 1011 quibus
661 974 832 1002 intervallum
848 974 920 1001 aliud
934 982 1003 1001 com-

226 1023 315 1058 putari
326 1026 425 1057 potest,
438 1022 510 1057 quod
525 1023 594 1049 inter
613 1022 725 1057 Augusti
738 1022 854 1056 primum
862 1021 1002 1049 exordium

225 1076 257 1096 ac
270 1076 362 1096 necem
379 1068 528 1103 Cleopatrae
541 1072 710 1100 numeratur,
729 1075 862 1094 annorum
878 1068 920 1094 15.
934 1066 1002 1093 Nam

225 1115 340 1148 Augusti
361 1114 503 1149 imperium
519 1114 601 1149 coepit
626 1122 697 1141 anno
721 1113 803 1141 Urbis
827 1113 873 1139 711
893 1121 899 1138 :
923 1113 1002 1147 cujus

225 1160 314 1188 Thoth
342 1160 468 1187 convenit
495 1159 522 1186 in
550 1159 715 1194 Septembris
747 1166 788 1191 ιιι,
814 1158 917 1186 Nabon.
940 1158 1001 1190 706,

225 1206 326 1241 periodi
344 1206 459 1233 Juliana:
471 1206 551 1232 4671.
563 1205 627 1233 Inde
643 1206 675 1233 ad
689 1206 775 1232 Thoth
784 1207 924 1233 Actiacum
937 1206 1001 1232 anni

226 1252 306 1280 Urbis
321 1252 380 1285 724,
398 1252 461 1279 anni
486 1251 603 1279 confecti
631 1256 694 1279 sunt
711 1252 755 1279 15.
775 1251 863 1285 Quare
877 1259 892 1278 a
912 1251 1001 1279 Thoth

224 1298 330 1332 imperii
346 1298 472 1333 Augusti,
496 1297 528 1324 ad
554 1296 643 1324 Thoth
672 1298 768 1325 mortis
788 1298 921 1332 ejusdem,
936 1298 1001 1324 anni

225 1346 288 1368 sunt
302 1341 455 1377 Egyptiaci
472 1345 608 1369 vertentes
625 1341 668 1369 56.
697 1342 855 1369 Panodorus
877 1343 1002 1369 incarna-

224 1388 325 1415 tionem
349 1387 451 1415 Christi
464 1386 623 1414 conl‘erebat
642 1388 670 1414 in
694 1395 756 1415 eum
773 1395 884 1420 annum,
898 1388 945 1422 qui
960 1395 1003 1423 cy-

224 1435 297 1461 clum
319 1434 441 1461 lunarem
469 1433 564 1461 habuit
578 1433 596 1460 ‘2
618 1441 633 1460 a
656 1433 743 1460 Thoth
768 1434 961 1466 Alexandrino,
979 1434 1001 1462 si

225 1480 304 1506 civile
323 1479 430 1506 initium
445 1480 567 1515 cogites,
584 1480 624 1506 uti
639 1480 686 1507 lib.
699 1479 734 1506 IX
749 1479 787 1506 De
805 1479 925 1506 doctrina
941 1485 1003 1507 tem-

223 1532 328 1558 porum,
344 1524 433 1559 capite
444 1523 478 1551 IV
494 1524 646 1552 docuimus.
665 1524 729 1551 Erat
752 1532 816 1560 ergo
834 1525 936 1559 periodi
955 1524 1002 1551 Ju-

223 1571 303 1598 lianm
316 1570 395 1602 4715,
412 1570 439 1597 1η
454 1578 534 1605 quem
556 1571 674 1605 vulgaris
689 1578 797 1605 quoque
814 1572 912 1598 natalis
928 1579 1002 1598 com-

224 1618 302 1653 petit,
319 1617 360 1645 vel
374 1617 453 1649 4714,
473 1618 497 1645 si
516 1618 640 1653 populari
666 1618 768 1653 epocha
783 1626 850 1645 usus
862 1626 920 1651 est;
933 1626 1004 1646 anno

223 1663 407 1691 Nabonassari
430 1662 490 1690 748.
517 1662 635 1690 Proinde
658 1671 672 1690 a
698 1663 786 1690 Thoth
811 1664 874 1690 anni
900 1663 1003 1690 Actiaci

224 1709 324 1744 primi,
342 1708 399 1736 sive
421 1708 604 1735 Nabonassari
622 1709 681 1741 719,
701 1709 734 1736 ad
754 1708 843 1735 Thoth
859 1709 922 1736 anni
941 1709 1002 1740 748,

225 1758 356 1790 putantur
373 1754 438 1781 anni
465 1754 544 1781 solidi
560 1754 605 1786 29,
620 1755 656 1781 ita
680 1759 710 1781 ut
739 1755 875 1782 tricesimo
894 1754 1004 1781 Actiaco

226 1801 339 1828 ineunte
365 1801 527 1828 incarnatus
551 1801 587 1827 sit
611 1800 752 1828 Dominus.
774 1801 858 1835 Igitur
877 1801 911 1828 ab
934 1808 1004 1828 anno

225 1846 411 1874 Nabonassari
426 1846 538 1873 ineunte
553 1846 616 1877 425,
628 1846 686 1873 sive
700 1854 714 1873 a
731 1846 819 1873 Thoth
833 1846 959 1881 Philippi,
970 1845 1004 1873 ad

227 1901 329 1921 annum
350 1894 489 1920 ineuntem
517 1892 566 1919 748
589 1891 782 1923 Nabonassari,
808 1900 862 1927 quo
882 1892 1004 1919 Christus

226 1942 386 1968 incarnatus
411 1943 464 1971 est,
486 1939 550 1966 anui
567 1939 700 1974 interjecti
720 1943 784 1967 sunt
806 1939 920 1966 absoluti
937 1938 1002 1971 523;

228 1987 265 2013 ita
281 1991 311 2013 ut
324 1993 396 2012 anno
412 1985 464 2012 524
476 1985 511 2012 ab
523 1985 601 2012 initio
619 1984 735 2020 Philippi
755 1985 856 2012 Christi
873 1983 1004 2020 ἑνανθρώ-

229 2041 311 2068 πησις
326 2032 464 2059 inciderit.
480 2031 615 2059 Detractis
628 2038 693 2065 ergo
708 2031 788 2058 annis
802 2031 853 2058 524
872 2030 905 2057 de
924 2030 1003 2061 5495,

229 2078 327 2113 reliqui
338 2070 496 2111 sdut5169;
511 2077 632 2111 adeoque
646 2085 718 2104 anno
735 2077 803 2104 5170
820 2077 853 2103 ab
874 2080 1004 2103 autumno

230 2120 358 2150 inclmato
379 2122 468 2149 Thoth
495 2122 612 2157 Philippi
626 2122 737 2154 accidit,
756 2127 785 2148 ut
807 2121 902 2148 scribit
922 2121 1006 2148 Geor-

230 2169 310 2204 gius:
327 2168 372 2203 qui
388 2173 416 2195 et
435 2168 538 2195 frustra
565 2167 737 2194 Pauodorum
759 2167 909 2201 redarguit,
932 2166 1004 2201 quod

231 2214 348 2248 primum
377 2213 480 2240 initium
514 2212 630 2247 Augusti
660 2211 775 2240 Caesaris
798 2212 910 2246 illigavit
935 2219 1006 2238 anno
1022 2216 1043 2244 1)

230 2257 325 2285 mundi
336 2257 414 2285 5451.
424 2257 453 2284 Id
464 2258 536 2285 enim
550 2262 732 2285 consentanee
745 2257 809 2284 fecit
823 2257 978 2284 constitutae
989 2264 1004 2283 a

232 2311 262 2331 se
272 2303 463 2337 chronologiae.
479 2304 583 2331 Etenim
597 2304 715 2338 primum
729 2302 844 2338 Augusti
860 2303 1006 2338 imperato-

232 2349 270 2377 ris
280 2349 420 2376 exordium
429 2350 463 2376 ab
470 2357 541 2377 anno
554 2351 665 2378 deduxit
681 2350 784 2385 periodi
795 2349 910 2377 Iuliana:
924 2348 1004 2380 4671,

233 2394 314 2422 Urbis
326 2394 442 2423 conditae
458 2395 518 2427 7ll,
531 2404 546 2423 a
565 2404 620 2432 quo
635 2397 760 2431 plerique
771 2397 916 2431 imperium
932 2395 1006 2422 illius

233 2441 364 2476 auspicati
377 2445 450 2473 sunt,
471 2446 501 2468 ut
515 2443 596 2476 paulo
612 2447 675 2471 ante
694 2443 824 2470 diximus.
837 2442 896 2469 Jam
908 2449 971 2469 vero
990 2449 1005 2468 a

234 2486 322 2513 Thoth
352 2485 480 2521 Philippi,
508 2487 565 2514 sive
592 2488 626 2514 ab
651 2496 722 2516 anno
746 2488 929 2516 Nabonassari
954 2487 1007 2514 425

233 2533 354 2565 ineunte,
381 2533 414 2560 ad
442 2533 579 2560 ineuntem
606 2541 707 2561 annum
730 2534 834 2562 NabOn.
861 2534 921 2566 706,
943 2534 1007 2560 anni

234 2583 298 2606 sunt
316 2583 463 2612 vertentes,
481 2583 508 2607 et
532 2579 628 2614 integri
647 2580 696 2607 281
714 2588 720 2606 :
737 2581 783 2615 qui
797 2581 880 2607 additi
903 2580 937 2607 ad
959 2587 1008 2606 an-

234 2633 298 2652 num
310 2626 402 2652 mundi
417 2626 496 2659 5l70,
513 2625 556 2652 cui
571 2625 658 2652 Thoth
669 2625 783 2660 Philippi
793 2626 929 2661 congruit,
943 2633 1008 2652 con-

235 2670 331 2696 ticiunt
360 2678 462 2697 annum
486 2670 579 2698 mundi
603 2671 682 2702 5451,
708 2671 824 2706 primum
844 2671 1008 2698 monarchia:

235 2716 358 2750 Augusti.
370 2716 472 2744 Exinde
487 2717 566 2745 annis
580 2717 694 2751 adjectis
708 2716 741 2744 56
753 2717 858 2751 imperii
874 2717 1005 2751 ejusdem,

236 2762 342 2789 exsistit
361 2770 448 2790 annus
463 2763 556 2791 mundi
571 2764 650 2797 5507,
667 2771 720 2798 quo
732 2762 869 2797 Augustus
880 2763 1007 2795 excessit,

236 2813 389 2838 quanquam
416 2808 536 2835 nondum
559 2809 686 2836 inchoato
704 2808 784 2840 5507,
806 2807 853 2835 sed
866 2807 954 2834 adhuc
971 2808 1009 2834 la-

233 2849 316 2894 bente
327 2853 393 2880 5306
409 2855 498 2888 periit.
512 2854 581 2888 Quin
592 2856 672 2884 etiam
687 2863 774 2883 canon
795 2855 839 2883 illc
859 2854 1006 2881 mathema-

1052 933 1260 969 telligentiorem
1277 932 1337 967 ejus
1353 933 1549 968 reprehensore
1566 931 1684 966 Georgio
1695 950 1703 962 ,
1717 929 1797 965 cujus
1809 931 1830 956 in

1052 979 1103 1006 hoc
1115 986 1213 1014 genere
1226 978 1331 1006 inﬁnita
1343 982 1451 1013 peccata
1461 974 1542 1010 sunt;
1553 978 1599 1004 sed
1615 978 1724 1004 nullum
1735 977 1830 1010 majus.

1052 1033 1133 1060 quam
1146 1024 1218 1060 quod
1233 1032 1264 1052 ea
1274 1024 1400 1052 vellicare
1418 1024 1545 1056 instituit,
1561 1031 1622 1058 quae
1638 1031 1729 1058 neque
1745 1024 1830 1057 capie-

1051 1071 1097 1098 bat
1114 1071 1182 1105 ipse,
1196 1074 1223 1098 et
1240 1071 1274 1097 ab
1294 1071 1340 1098 illo
1356 1070 1427 1105 ipso,
1442 1078 1521 1105 quem
1541 1070 1710 1101 accusabat,
1728 1069 1829 1096 fueram

1052 1116 1153 1151 scripta
1165 1120 1331 1144 constanter.

1057 1160 1061 1163 ’
1093 1163 1139 1195 Ὧς
1150 1162 1182 1189 τὸ
1191 1163 1264 1197 πρὸς
1280 1163 1312 1189 τὸ
1320 1166 1367 1198 μγ
1374 1164 1449 1195 ἆτος.
1463 1162 1526 1189 Haec
1539 1166 1604 1189 sunt
1614 1161 1760 1188 mendosa.
1769 1160 1829 1186 Nam

1052 1209 1141 1236 dicere
1156 1208 1263 1235 videtur
1277 1209 1413 1235 Christum
1429 1208 1456 1235 in
1480 1207 1613 1234 mundum
1634 1207 1746 1234 venisse
1765 1214 1829 1232 anno

1051 1254 1166 1288 Augusti
1177 1261 1259 1287 xI.III;
1276 1258 1303 1281 et
1318 1254 1386 1280 idem
1403 1257 1492 1279 tamen
1512 1257 1567 1280 tres
1583 1252 1647 1279 illos
1670 1255 1699 1278 et
1715 1252 1830 1286 quadra-

1052 1301 1126 1335 ginta
1140 1307 1227 1327 annos
1249 1306 1264 1325 a
1282 1304 1369 1326 morte
1388 1299 1535 1334 Cleopatra:
1551 1297 1585 1324 ad
1597 1297 1716 1332 Augusti
1734 1297 1830 1324 obitum

1052 1345 1182 1372 extendit.
1200 1345 1353 1379 Utrumque
1369 1351 1462 1370 verum
1477 1347 1537 1376 est;
1560 1347 1588 1370 et
1609 1350 1625 1369 a
1643 1343 1736 1377 primo
1758 1343 1832 1369 initio

1052 1390 1168 1417 Cmsaris
1188 1390 1304 1425 Augusti
1329 1390 1362 1416 ad
1389 1389 1586 1416 lncarnationis
1611 1396 1736 1419 annum,
1756 1396 1830 1423 quem

1051 1434 1211 1462 Panodorus
1227 1435 1380 1465 constituit,
1398 1441 1485 1462 annos
1504 1441 1565 1461 esse
1581 1441 1668 1465 XLIII;
1690 1437 1720 1460 et
1736 1441 1751 1459 a
1771 1441 1832 1460 nece

1051 1481 1202 1515 Cleopatrae
1216 1480 1327 1507 totidem
1355 1480 1389 1506 ad
1411 1486 1554 1506 excessum
1577 1478 1710 1513 Augusti.
1730 1477 1830 1504 Etenim

1053 1533 1124 1553 anno
1139 1526 1218 1553 tertio
1232 1524 1350 1558 Iuliano,
1360 1525 1461 1560 periodi
1476 1524 1591 1551 Julianae
1604 1524 1688 1556 4671,
1704 1525 1832 1559 imperare

1053 1572 1134 1607 coepit
1156 1572 1304 1607 Augustus,
1329 1579 1361 1598 ex
1381 1571 1508 1605 opinione
1535 1569 1687 1597 Panodori.
1711 1570 1832 1597 Christus

1053 1619 1210 1647 incarnatus
1221 1622 1263 1646 est
1275 1625 1347 1645 anno
1361 1616 1470 1644 Juliano
1487 1625 1560 1644 χωνι.
1576 1616 1702 1651 Demptis
1719 1616 1829 1645 duobus.

1053 1666 1174 1700 reliquus
1191 1668 1232 1692 est
1256 1672 1343 1691 annus
1358 1671 1419 1690 xLIv
1442 1664 1475 1690 ab
1496 1663 1575 1690 initio
1598 1663 1717 1697 Augusti
1739 1672 1746 1688 :
1764 1662 1831 1696 quia

1053 1711 1141 1737 Thoth
1157 1710 1220 1737 anni
1245 1709 1344 1736 Juliani
1366 1717 1437 1740 vaI,
1451 1708 1555 1744 periodi
1573 1707 1695 1734 Julianae
1712 1708 1782 1734 4714
1800 1709 1832 1733 in-

1053 1757 1177 1783 choatur.
1206 1755 1325 1783 Labente
1352 1755 1443 1790 itaque
1471 1762 1533 1781 xLIII
1562 1754 1684 1781 Caesaris
1710 1755 1829 1788 Augusti.

1054 1807 1146 1827 mense
1157 1799 1251 1826 Martio
1265 1799 1378 1835 contigit
1397 1798 1613 1834 ὲνανϐρώπησις.
1631 1798 1744 1826 Rursus
1768 1799 1830 1825 obiit

1054 1846 1191 1880 Augustus
1206 1852 1276 1872 anno
1286 1844 1393 1872 Iuliano
1403 1853 1457 1876 ιιι,
1472 1844 1586 1879 Augusti
1598 1846 1704 1872 mensis
1717 1853 1773 1876 xIx,
1790 1853 1830 1879 pe-

1054 1891 1123 1918 riodi
1136 1891 1250 1919 Juliame
1275 1891 1353 1919 4727.
1374 1890 1547 1919 Intervallum
1568 1891 1604 1918 ab
1633 1899 1710 1918 anno
1730 1890 1832 1918 Iuliano

1054 1945 1109 1968 xVI,
1119 1944 1173 1971 quo
1186 1938 1290 1972 primus
1304 1937 1431 1964 Actiacus
1445 1937 1536 1972 coepit,
1555 1936 1589 1963 ad
1615 1945 1673 1968 ιιι.
1689 1941 1755 1965 sunt
1776 1938 1832 1964 anni

1055 1991 1129 2010 XLIII.
1144 1983 1216 2010 Obiit
1232 1984 1315 2018 igitur
1326 1983 1464 2019 Augustus
1478 1987 1595 2010 exeunte
1607 1990 1683 2010 anno
1705 1992 1773 2011 XLIII
1786 1984 1832 2009 ἀπὸ

1054 2030 1104 2064 τῆς
1121 2029 1302 2065 καθαιρέσεως
1318 2030 1475 2064 Cleopatrae,
1497 2029 1547 2056 hoc
1566 2032 1610 2055 est
1632 2028 1726 2056 Thoth
1744 2030 1831 2055 mortis

1055 2075 1169 2111 Augusti
1182 2076 1231 2103 fuit
1240 2076 1462 2111 quadragesimus
1471 2079 1584 2110 quartus
1595 2082 1610 2101 a
1617 2074 1709 2103 Thoth
1718 2076 1830 2102 Actiaco.

1057 2121 1119 2148 llaec
1134 2129 1196 2149 vera
1215 2126 1287 2150 sunt.
1304 2122 1357 2150 Sed
1376 2121 1508 2157 Georgius
1531 2123 1663 2156 perplexe
1680 2125 1708 2148 et
1724 2122 1832 2149 obscure

1057 2167 1185 2202 loquitur.

1358 2224 1471 2254 CAPUT
1492 2224 1524 2251 V.

1058 2272 1095 2299 De
1111 2271 1262 2298 Grrecorum
1275 2275 1453 2305 computorum
1466 2269 1563 2304 epocha
1579 2270 1607 2296 in
1618 2278 1699 2305 anno
1716 2270 1831 2301 Iuliana,
1844 2265 1847 2270 ’

1094 2307 1173 2341 deque
1203 2304 1335 2341 cydarum
1356 2306 1383 2332 in
1399 2306 1431 2331 iis
1456 2305 1584 2332 met/Iade.
1612 2304 1752 2332 Marium;
1777 2308 1833 2332 ἱιιι.⁸

1094 2346 1205 2369 uratur.

1093 2397 1186 2424 Civilis
1198 2396 1560 2431 Constantinopolitanorum
1570 2403 1662 2423 annus
1678 2404 1693 2422 a
1710 2396 1831 2423 Kalendis

1061 2442 1228 2477 Septembris
1256 2442 1402 2477 incipiebat
1429 2449 1481 2468 una
1507 2449 1569 2468 eum
1592 2442 1758 2470 indictione.
1776 2441 1832 2469 Inde

1060 2489 1142 2523 igitur
1157 2488 1223 2516 solis
1236 2495 1267 2515 ac
1279 2488 1348 2515 luna;
1360 2488 1451 2522 cyclos
1466 2495 1514 2522 par
1524 2490 1583 2514 erat
1593 2487 1729 2522 incipere,
1744 2495 1831 2522 quem-

1059 2534 1204 2561 admodum
1220 2533 1406 2565 Alexandrini,
1421 2534 1467 2568 qui
1488 2533 1576 2560 triduo
1609 2536 1674 2559 ante
1700 2533 1831 2568 popularis

1060 2580 1122 2607 anni
1138 2580 1298 2614 principium
1312 2580 1457 2611 habebant,
1472 2579 1589 2606 indidem
1599 2583 1627 2606 et
1641 2579 1736 2613 cyclos
1750 2579 1830 2605 ordie-

1059 2626 1169 2652 bantur.
1188 2625 1240 2653 Sed
1259 2633 1321 2652 cum
1347 2625 1461 2652 Romani
1487 2625 1550 2652 anui
1576 2625 1767 2659 descriptione
1790 2622 1831 2649 [Io-

1061 2673 1200 2707 manisque
1219 2666 1358 2700 mensibus
1374 2675 1523 2703 uterentur,
1539 2670 1612 2697 illius
1628 2671 1714 2697 etiam
1732 2670 1828 2696 initium

1060 2718 1144 2746 Graeci
1155 2726 1347 2752 nonnunquam
1357 2717 1546 2744 adhibuerunt.
1554 2716 1624 2743 Tum
1634 2716 1708 2750 quod
1723 2715 1829 2743 Paser-

1061 2764 1095 2790 tis
1110 2770 1192 2790 causa
1206 2763 1275 2798 cycli
1298 2770 1312 2788 a
1328 2762 1490 2789 Christianis
1510 2761 1644 2796 assumpti
1668 2766 1754 2788 sunt:
1769 2758 1828 2794 quoi

1061 2808 1158 2835 festum
1182 2816 1265 2835 verno
1287 2812 1408 2843 tempore
1431 2807 1597 2838 celebratur;
1623 2807 1690 2833 hinc
1721 2806 1828 2841 plerique

1062 2862 1115 2881 non
1126 2853 1206 2881 modo
1222 2853 1369 2888 cyclorum,
1385 2853 1431 2881 sed
1455 2857 1481 2880 et
1502 2853 1565 2879 anni
1589 2853 1681 2887 ipsius
1698 2852 1828 2881 exordium
