1900 3137
44 158 144 186 141⁵7

567 154 793 183 DISSERTATIO
810 153 853 180 DE
872 152 1075 181 GRECORUM
1096 152 1198 179 Αςῐιιε.

1627 151 1693 179 HIS

46 217 88 242 in
119 222 213 242 verno
237 221 331 241 mense
357 216 528 246 statuerunt;
557 212 643 247 Aprili
666 211 791 238 videlicet
816 215 862 237 aut
878 216 899 242 Α
914 211 1018 237 scitur:
1033 210 1144 236 ubitam
1160 210 1280 236 lunarem
1297 216 1408 240 annum,
1427 216 1458 235 ac
1479 209 1596 244 cyclum,
1613 217 1694 244 quam

49 261 82 288 Μ
90 261 185 287 :H'tio.

100 307 180 340 Quae
199 310 237 333 tot
259 305 397 332 mitiorum
414 306 533 331 varietas
554 305 629 338 prius
651 304 802 338 scriptores
820 303 862 337 ip-

49 361 129 384 sos,
144 360 227 387 quain
240 354 334 378 eorum
347 351 472 382 lectores.
490 349 644 376 admirabili
657 348 864 384 perturbatione

50 399 214 425 confudit.
228 396 294 424 Nam
308 396 362 423 duo
377 396 537 430 plerumque
550 395 658 422 diversa
678 402 823 425 annorum,
838 397 864 420 et

52 445 219 479 cycl‘orum
243 442 376 477 principia
405 442 520 468 miscent
544 441 683 467 invicem:
701 448 752 466 nec
778 440 811 466 ad
837 439 865 466 id

56 490 152 524 quod
164 489 248 517 semel
265 488 381 522 amplexi
399 490 474 516 sunt.
490 490 649 513 constanter
661 485 863 512 adhaerescunt.

59 538 191 562 Annum
206 542 270 562 ecce
291 534 337 561 alii
362 534 396 561 ab
414 532 565 566 Septembri
587 532 629 559 vel
660 530 773 558 Octobri
797 530 866 557 inci-

61 582 178 616 piunt;
201 580 291 616 cyclos
308 583 399 606 autem
427 578 492 605 solis
510 585 542 604 ac
558 578 629 604 lunae
649 576 683 603 ab
702 575 799 602 Martio
822 575 867 602 vel

61 628 179 663 Aprili.
194 626 310 660 Quidam
327 625 435 661 cyclum
452 625 518 652 solis
528 624 561 651 ab
574 623 703 656 Octobri;
721 622 792 648 luna:
803 629 866 649 vero

62 675 109 700 ab
131 680 219 700 verno
243 680 337 699 mense
356 674 510 704 cmperunt.
525 670 623 696 Plures
641 676 742 695 annum
759 668 866 695 civilem

62 729 85 746 a
109 719 284 755 Septembri;
296 718 513 745 ecclesiasticum
523 716 556 743 ab
574 715 660 750 Aprili
675 715 867 750 proﬁcisciju-

66 766 163 798 bent;
177 766 250 792 hunc
267 764 350 792 etiam
371 764 453 798 aliqui
469 762 567 789 Martio
583 762 617 788 ab
638 767 743 792 mense,
761 764 788 787 et
807 760 867 794 ejus

66 815 160 839 certa
176 811 220 838 die
233 813 369 845 repetunt.

113 856 155 883 Ea
173 856 292 883 methodi
305 856 458 883 obscuritas
470 858 497 882 et
511 854 638 882 confusio
651 854 712 881 luce
727 856 757 879 ut
775 851 865 886 aliqua

69 908 186 931 nostra:
196 903 387 937 disputationis
399 902 563 934 illustretur,
576 901 610 929 de
625 900 741 935 singulis
756 899 866 926 Graeco—
881 888 904 917 Β

70 957 145 976 rum
164 950 300 983 eomputis
317 948 413 975 ordine
429 947 574 974 dicendum
589 946 651 978 erit,
669 950 696 972 et
711 945 757 980 qui
771 945 868 972 unius-

71 998 219 1031 cujusque
238 995 364 1023 tradendi
391 995 528 1030 principes
553 993 675 1022 fuerunt,
695 999 790 1019 eorum
806 998 869 1025 per-

75 1042 245 1077 vestiganda
262 1042 396 1069 sententia
405 1044 457 1071 est,
474 1044 513 1071 ut,
524 1037 753 1073 quemadmodum
769 1036 803 1063 ab
815 1036 869 1062 illis

75 1087 228 1115 constituti
245 1087 313 1122 cycli
332 1085 449 1116 fuerint;
465 1090 492 1112 et
512 1091 567 1119 quo
587 1087 666 1117 pacto
690 1090 752 1109 cum
770 1080 870 1108 Roma-

75 1134 127 1161 nis
144 1132 333 1165 consentiant;
353 1138 385 1157 ac
398 1131 470 1165 quod
484 1129 548 1155 anni
559 1129 677 1163 denique
688 1127 868 1162 primordium

77 1180 219 1214 ceperint,
230 1183 303 1205 certa
316 1177 420 1203 ratione
434 1175 597 1202 declaretur.
613 1174 636 1200 A
652 1174 771 1200 Maximo
787 1173 870 1207 igitur

79 1223 272 1259 incipiendum
287 1224 351 1254 erit,
362 1223 406 1257 qui
426 1227 452 1249 ct
470 1221 608 1255 antiquior
623 1223 716 1251 est,et
734 1219 870 1253 antiquio—

79 1269 125 1296 ris
146 1269 306 1296 observator
333 1274 406 1298 tene,
438 1268 518 1301 cujus
546 1265 579 1304 de
598 1272 670 1291 anno
693 1264 826 1299 primum,
844 1268 870 1291 et

80 1315 153 1342 ann-i
168 1314 271 1349 epocha
286 1317 448 1341 statuemus.

121 1360 336 1388 Alexandrinum
353 1362 511 1393 computum
538 1358 565 1384 in
593 1356 719 1384 Paschali
742 1364 791 1383 sua
812 1363 870 1383 me-

81 1407 172 1435 thodo
195 1412 287 1434 tenere
311 1414 340 1433 se
364 1405 500 1432 Maximus
526 1404 646 1431 ostendit
660 1403 747 1438 capite
760 1401 869 1435 XXXII,

83 1462 152 1482 eum
179 1461 279 1480 annum
310 1452 509 1480 Incarnationis
527 1459 559 1478 ac
584 1450 683 1477 natalis
712 1449 814 1477 Christi
833 1448 871 1475 ait

86 1501 176 1527 fuisse
200 1499 294 1526 mundi
310 1498 390 1530 5301,
410 1498 554 1532 scripsisse
574 1504 637 1524 vero
656 1504 685 1523 se
700 1504 772 1523 anno
790 1495 870 1527 6155,

87 1546 207 1573 Iieraclii
223 1553 286 1572 xxxi
298 1553 357 1579 cap.
377 1544 450 1571 XVII
466 1544 620 1579 signiticat;
639 1543 718 1575 cujus
734 1542 798 1569 anni
812 1549 872 1577 pas-

87 1594 143 1620 sim
158 1592 281 1626 exemplo
298 1592 392 1618 utitur.
417 1591 512 1617 Annus
538 1590 642 1625 primus
658 1588 774 1616 Heraclii
790 1589 873 1623 ccepit

89 1637 202 1665 Octobri
219 1645 311 1664 mense
328 1636 393 1663 anni
415 1643 476 1662 aera:
489 1635 654 1662 Christiana:
675 1642 745 1666 mox,
768 1634 873 1661 tricesi-

90 1691 154 1711 mus
165 1690 228 1710 vero
242 1683 344 1717 pritnus
360 1689 432 1709 anno
447 1689 538 1711 IDCXL.
556 1682 702 1708 indictione
716 1679 874 1707 Constanti-

91 1729 249 1763 nopolitana
264 1736 308 1755 xw
322 1732 383 1763 post
408 1727 603 1762 Septembrem,
627 1727 705 1762 cyclo
726 1727 799 1753 lunae
816 1734 872 1758 xiv,

92 1775 194 1808 solisv,
216 1774 305 1801 littera
328 1773 435 1800 Domin.
449 1773 503 1800 BA.
524 1773 599 1799 lianc
611 1780 694 1807 porro
716 1772 874 1798 methodum

92 1821 158 1848 anni
172 1821 213 1848 sui
236 1820 320 1847 tradit
335 1821 423 1854 capite
437 1819 519 1850 XVII,
536 1823 565 1845 ut
583 1819 670 1846 divisa
695 1825 803 1845 summa
825 1825 874 1852 per

92 1874 188 1898 xxvut,
205 1866 228 1893 si
248 1866 311 1901 quid
337 1865 476 1892 residuum
492 1865 541 1896 sit,
562 1872 611 1899 pro
626 1865 684 1891 sola
693 1864 715 1890 ri
738 1864 815 1898 cyclo
830 1870 876 1889 ca-

93 1913 205 1948 piatur:
226 1917 272 1939 aut
293 1913 316 1939 si
342 1912 409 1938 nihil
435 1915 527 1943 restet,
556 1912 660 1946 integer
683 1911 741 1945 ipse
767 1910 873 1945 cyclus.

94 1958 167 1986 Idem
188 1962 214 1985 et
236 1959 263 1985 in
281 1958 378 1989 lunari,
404 1962 483 1992 atque
500 1957 648 1984 indictione
669 1956 803 1991 prmcipit.
818 1955 874 1982 Hoc

95 2003 176 2031 modo
192 2004 286 2031 divisis
298 2003 377 2030 annis
392 2003 472 2034 6|53,
494 2006 587 2038 cyctus
612 2002 780 2036 relinquetur
809 2002 875 2029 solis

95 2059 116 2082 ι,
132 2049 199 2076 luna:
213 2057 265 2082 xv,
279 2049 435 2076 indictionis
458 2057 517 2075 χιιι.
537 2048 631 2075 Restat
652 2047 719 2074 illud
739 2047 876 2082 inquiren-

96 2096 288 2130 dum;ecquid
317 2103 405 2122 annus
431 2095 475 2122 ille
499 2094 569 2121 6I55
593 2102 608 2121 a
634 2094 789 2129 Septembri
812 2096 875 2121 anni

95 2143 194 2171 Christi
207 2151 294 2176 mort,
309 2151 344 2170 an
360 2150 376 2169 a
391 2142 515 2170 Pascbali
530 2149 624 2169 mense
643 2141 707 2169 anni
727 2149 817 2169 tocxu
834 2141 877 2167 in-

96 2189 187 2224 cipiat.

913 257 1030 284 sularem
1044 264 1059 282 a
1073 263 1157 282 verno
1172 263 1264 282 mense
1275 255 1385 289 incipit;
1400 255 1476 282 illum
1487 255 1596 290 quidem
1612 256 1646 283 ab
1662 256 1695 282 iis

913 303 1020 335 diebus,
1037 302 1138 336 quibus
1157 301 1228 328 aﬂixi
1254 306 1318 328 sunt
1342 301 1418 328 aurci
1435 301 1558 333 numeri;
1578 302 1694 328 solarem

914 355 1005 378 autem
1031 350 1063 377 ab
1076 349 1262 384 aequinoctiali
1287 356 1392 375 mense.
1408 347 1474 375 Item
1492 349 1582 383 capite
1597 347 1694 379 XXIII,

914 397 1020 432 cyclum
1033 397 1099 423 solis
1113 404 1209 426 χχχιιι,
1228 401 1255 422 ct
1267 396 1336 422 luna:
1352 403 1408 427 xiv,
1424 394 1510 429 Aprili
1523 401 1555 420 ac
1568 388 1695 420 Paschati

916 443 979 468 anni
990 442 1048 476 ejus
1062 442 1188 476 imputat,
1201 440 1246 475 qui
1261 440 1365 467 I’aseha
1375 440 1439 467 anui
1451 439 1520 466 6155
1530 440 1694 472 antecessit;

915 488 994 521 cujus
1014 489 1106 523 cyclus
1128 492 1186 515 erat
1202 487 1300 514 solaris
1316 495 1334 519 ι,
1351 487 1454 513 lunaris
1480 494 1530 518 xv;
1545 493 1599 520 quo
1614 486 1696 512 etiam

916 535 1005 569 capite
1021 534 1127 568 cyclum
1146 534 1211 561 solis
1223 541 1308 561 χχνιιι
1320 540 1335 559 a
1348 532 1478 559 Kalendis
1494 532 1595 566 Aprilis
1617 539 1697 559 orsus

916 584 967 607 est.
986 579 1061 607 Unde
1077 584 1188 614 epactas
1204 579 1270 606 solis
1292 578 1387 606 feriam
1415 578 1487 605 illam
1509 585 1570 605 esse
1591 577 1696 609 deﬁnit;

917 634 976 661 qua:
992 632 1033 654 est
1050 626 1137 653 Martii
1152 634 1228 657 xxxi,
1251 626 1322 653 sicut
1335 630 1444 660 epactas
1460 625 1579 656 lunares,
1591 627 1698 649 :etatem

918 675 988 701 luna:
1003 675 1029 701 in
1043 674 1137 700 eodetn
1152 673 1205 700 die.
1223 672 1261 699 Ex
1276 679 1330 707 quo
1357 671 1481 706 sequitur
1497 670 1560 696 anni
1581 669 1698 704 primor-

916 719 992 745 dium
1003 719 1028 745 in
1041 718 1175 745 Kalendas
1186 717 1297 752 Aprilis,
1312 717 1345 744 ab
1359 717 1405 744 illo
1421 716 1561 743 constitui.
1578 715 1700 750 Duplici-

916 769 959 792 ter
967 765 1057 799 itaque
1066 772 1166 791 annum
1180 772 1258 791 suum
1272 763 1432 798 auspicatur
1441 761 1574 789 Maximus
1585 781 1591 793 ,
1601 765 1700 796 nempe

918 819 932 838 a
949 810 1078 838 Kalendis
1101 811 1202 845 Aprilis
1214 830 1221 841 ,
1241 815 1268 836 et
1286 818 1299 836 a
1320 809 1460 835 neomcnia
1483 804 1608 835 Paschali
1626 815 1632 832 :
1649 815 1700 834 cu-

916 857 1035 891 jusmodi
1049 858 1076 883 in
1096 857 1198 884 nostris
1215 865 1331 891 quoque,
1349 857 1374 882 id
1391 860 1431 884 cst
1450 855 1565 889 Latinis,
1580 854 1700 889 computi

919 903 1318 938 scriptoribusim-onstantiam
1330 902 1572 930 animadvertimus
1584 901 1655 928 libro
1666 900 1699 927 VI

918 948 957 976 De
970 948 1090 975 doctrina
1102 953 1245 982 temporum
1256 956 1326 983 qum,
1336 949 1397 983 qttia
1413 948 1540 982 pcrlevis,
1553 947 1631 975 facile
1644 947 1701 974 dis-

920 996 1079 1028 simulatur;
1106 995 1170 1021 dum
1193 995 1258 1021 illud
1280 999 1395 1025 constet.
1420 1002 1503 1021 verno
1526 1002 1630 1025 mense,
1647 1001 1700 1020 non

920 1041 1070 1068 autumnali
1089 1049 1223 1068 annorum
1244 1049 1356 1069 suorum
1372 1041 1490 1075 epochas
1506 1040 1598 1068 ﬁxisse
1616 1040 1702 1067 Maxi-

919 1093 1004 1115 mum.

954 1134 1023 1160 Cum
1040 1134 1098 1160 lucc
1116 1132 1339 1168 exploratissima
1362 1132 1434 1164 sint,
1451 1136 1542 1159 tamen
1559 1140 1592 1159 ex
1607 1131 1703 1158 eodem

921 1180 1029 1206 Maximi
1056 1184 1185 1214 computo
1199 1179 1316 1207 diﬂicilis
1337 1179 1426 1206 nodus
1447 1179 1578 1207 occurrit.
1599 1178 1704 1214 Quippe

920 1233 1020 1253 annum
1044 1225 1124 1257 6I55,
1141 1229 1168 1253 ct
1192 1225 1368 1252 indictionem
1402 1232 1447 1251 xtv
1473 1224 1614 1258 componit
1640 1231 1702 1251 cum

921 1279 993 1299 anno
1010 1279 1075 1298 xxxi
1100 1270 1230 1301 Heraclii,
1244 1270 1366 1304 adeoque
1378 1277 1439 1296 cum
1458 1270 1534 1304 c'yclo
1549 1269 1614 1296 solis
1631 1276 1649 1301 ι,
1662 1269 1704 1295 Iu-

921 1324 963 1344 uat
976 1325 1021 1344 xv.
1039 1316 1119 1350 Atqui
1137 1323 1226 1342 annus
1239 1323 1303 1341 χχχι
1324 1314 1440 1342 Ileraclii
1452 1318 1558 1349 emptus
1570 1317 1611 1341 est
1623 1313 1697 1340 Octo-

922 1362 964 1390 bri
979 1362 1043 1388 anni
1054 1361 1156 1388 Christi
1179 1368 1250 1388 tocx.
1277 1360 1399 1387 Mortuus
1420 1363 1461 1386 est
1483 1366 1548 1386 vero
1571 1358 1659 1385 Martii
1676 1365 1702 1384 χι

922 1408 987 1435 anni
1013 1414 1112 1435 locxtt.
1135 1407 1162 1433 Si
1180 1414 1268 1434 annus
1292 1405 1388 1433 mundi
1411 1406 1480 1432 6135
1496 1405 1530 1432 ab
1542 1405 1639 1439 Aprili,
1655 1410 1704 1433 aut

921 1455 1064 1482 neomenia
1088 1454 1214 1481 Paschali
1230 1457 1340 1488 caperet
1354 1453 1496 1480 exordium
1508 1473 1515 1485 ,
1536 1460 1590 1479 non
1607 1452 1703 1487 utique

922 1500 992 1527 6155
1014 1507 1115 1526 annum
1136 1500 1270 1533 attigisset
1287 1498 1463 1533 [Heraclius:
1486 1498 1703 1534 quandoguidem

923 1546 1066 1573 neomenia
1081 1545 1222 1573 Paschalis
1237 1552 1309 1572 anno
1326 1546 1379 1573 isto
1399 1545 1512 1580 centigit
1531 1545 1619 1572 Martii
1640 1553 1703 1578 xtx;

925 1596 1021 1627 quarta
1035 1590 1139 1618 decima
1155 1590 1293 1618 Paschalis
1302 1589 1429 1617 Kalendis
1441 1591 1590 1625 Aprilibus,
1607 1591 1672 1618 feria
1687 1592 1704 1617 i.

925 1637 1003 1665 Unde
1014 1636 1119 1665 Pascha
1135 1637 1162 1663 in
1174 1637 1274 1671 Aprilis
1290 1645 1337 1663 vtu
1349 1636 1527 1669 diITunditur;
1542 1638 1619 1672 cyelo
1634 1638 1704 1665 lunae

925 1689 979 1711 tam
994 1683 1118 1711 Romano
1134 1691 1214 1718 quam
1236 1683 1538 1717 Constantinopolitano
1557 1693 1607 1718 xv;
1630 1684 1705 1720 cyclo

925 1736 990 1756 vero
1019 1728 1084 1756 solis
1104 1737 1112 1755 ι
1132 1727 1444 1763 Constantinopolitano,
1458 1727 1582 1755 Romano
1607 1737 1643 1762 vt,
1663 1730 1704 1757 lit~

925 1778 982 1802 tera
997 1773 1029 1806 G,
1047 1774 1118 1808 quod
1132 1774 1264 1801 Maximus
1282 1781 1340 1808 cap.
1358 1773 1418 1799 XIX
1433 1774 1534 1801 diserte
1545 1775 1654 1801 astruit.

962 1820 1018 1847 IIoc
1035 1828 1090 1847 non
1117 1820 1169 1846 alia
1184 1820 1290 1846 ratione
1317 1819 1430 1847 dissolvi
1454 1824 1544 1855 potest
1566 1827 1647 1856 quam
1675 1829 1705 1849 ea

926 1874 987 1900 qua:
1001 1865 1036 1892 ιχ
1056 1865 1095 1891 De
1107 1865 1229 1892 doctrina
1248 1871 1393 1899 temporth
1416 1866 1497 1893 allata
1516 1870 1569 1898 est,
1584 1875 1642 1902 cap.
1661 1865 1705 1899 III,

926 1911 971 1938 ubi
987 1911 1135 1937 Maximum
1157 1911 1327 1938 ostendimus
1342 1910 1478 1945 duplicem
1499 1913 1628 1947 epochatn
1642 1914 1705 1940 anni

926 1956 1013 1983 civilis
1040 1961 1067 1983 et
1081 1956 1260 1983 ecclesiastici
1277 1956 1435 1984 contudisse
1451 1965 1458 1985 :
1474 1966 1590 1992 quarum
1612 1959 1658 1985 illa
1672 1960 1706 1987 ab

928 2001 1080 2037 Septembri
1105 2002 1268 2036 procedebat
1288 2012 1294 2029 :
1319 2002 1376 2030 ιιωο
1395 2003 1429 2030 ab
1444 2003 1540 2038 Aprili,
1557 2009 1603 2032 aut
1624 2014 1706 2034 verno

926 2055 1029 2075 mense.
1042 2046 1160 2074 Proinde
1178 2047 1247 2074 6155
1261 2055 1362 2077 annum
1380 2048 1486 2076 civilem
1498 2049 1565 2077 alias
1578 2058 1639 2078 cum
1655 2051 1706 2079 IIe-

927 2094 1004 2121 raclii
1014 2101 1084 2121 anno
1098 2101 1173 2125 xxxi,
1188 2097 1214 2121 et
1227 2093 1376 2120 indictione
1388 2101 1433 2120 .\'IV
1445 2096 1628 2130 comparavit;
1640 2097 1706 2126 alias

927 2141 1051 2168 eumdem
1069 2148 1170 2167 annum
1183 2140 1289 2167 distulit
1305 2140 1332 2167 in
1346 2140 1504 2168 Paschalem
1515 2149 1647 2176 mensem,
1660 2153 1706 2172 ec-

927 2187 1082 2215 clesiastico
1099 2195 1165 2214 usus
1177 2187 1300 2214 exordio.

133 2231 207 2265 Quod
219 2232 300 2267 Igitur
314 2239 486 2267 nequaquam
501 2240 516 2258 a
530 2231 683 2267 Septembri
703 2241 791 2261 annos
807 2241 873 2260 suos
892 2235 914 2262 D
963 2231 1033 2261 Ante
1049 2232 1194 2260 Maximum
1216 2234 1375 2262 Panodorus
1395 2243 1481 2264 annos
1504 2245 1569 2266 suos
1592 2246 1607 2265 a
1626 2242 1710 2268 vernd

98 2278 134 2306 sit
153 2286 276 2310 exorsus,
292 2286 325 2305 ex
343 2277 438 2305 XXXII
454 2279 542 2314 capite
566 2280 692 2307 concludi
716 2284 815 2315 potest.
839 2280 875 2307 lbi

97 2323 168 2351 enim
180 2324 205 2350 in
218 2324 342 2351 eumdem
359 2332 458 2351 annum
477 2324 704 2352 mundiMarlium
719 2333 750 2352 ac
765 2325 876 2353 Decem—

98 2370 170 2396 brem
187 2369 308 2403 conjicit,
329 2378 425 2405 nempe
449 2371 529 2402 530i,
556 2379 610 2405 quo
632 2375 658 2398 et
684 2371 779 2398 feriam
799 2379 815 2397 ιι
839 2372 876 2397 ait

99 2415 180 2442 fuisse
208 2415 296 2443 Martii
324 2424 387 2448 xxv,
416 2421 443 2444 et
471 2421 596 2452 quartam
627 2416 783 2444 Decembris
811 2424 874 2445 xxv.

98 2461 174 2489 Certe
181 2461 313 2497 Georgius
326 2461 480 2497 Syncellus,
492 2463 538 2496 qui
553 2463 675 2490 eamdem
688 2470 770 2489 teram
782 2463 876 2497 expri-

99 2506 156 2537 mit.
182 2514 267 2533 annos
296 2514 361 2534 suos
390 2515 404 2534 a
422 2515 474 2534 xxv
497 2507 586 2534 Martii
613 2507 790 2542 incipit;nec
822 2516 876 2534 non

98 2553 305 2580 Alexandrinum
315 2553 469 2580 Chronieon
479 2563 486 2587 ;
496 2554 546 2581 etsi
556 2554 693 2581 interdum
705 2554 783 2580 aliter
798 2562 877 2581 usur—

99 2603 153 2634 pat.
167 2599 200 2626 de
215 2607 269 2633 quo
288 2600 347 2626 vide
362 2608 422 2634 cap.
435 2599 479 2632 III,
494 2600 540 2626 lib.
558 2598 594 2625 IX
612 2599 650 2626 De
665 2599 790 2626 doctrina
809 2604 877 2626 tem-

99 2653 198 2680 porum,
215 2646 305 2680 cyclo‘s
325 2651 413 2672 autem
435 2646 501 2673 so‘lis
519 2653 550 2673 ac
579 2646 649 2672 lunae
676 2646 821 2680 perspicue
842 2645 877 2673 ab

100 2690 190 2717 eodem
206 2690 309 2722 Martio,
324 2698 377 2717 non
393 2699 407 2717 a
424 2690 577 2726 Septembri
601 2692 731 2718 inchoare
745 2699 774 2718 se
789 2692 878 2718 decla-

102 2741 149 2765 rat.
169 2743 229 2769 cap.
249 2735 291 2766 VI,
315 2737 359 2763 ubi
377 2737 538 2764 Iaterculum
555 2745 699 2768 enarrans,
719 2737 793 2772 quod
821 2737 879 2764 edi—

104 2788 155 2808 tum
169 2785 211 2807 est
228 2789 287 2815 pag.
304 2782 365 2812 315,
389 2782 549 2809 Januarium
566 2789 592 2810 et
617 2782 795 2810 Februarium
812 2784 877 2809 anni

104 2825 435 2860 antecedentisessedicit;
449 2827 553 2855 Pascha
562 2833 669 2861 vero,ct
676 2828 736 2863 ejus
748 2836 803 2860 xtv,
815 2828 878 2854 anni

103 2870 384 2905 sequentisJ’rreterca
393 2872 418 2899 id
430 2880 462 2900 ex
472 2873 604 2907 capitibus
626 2873 647 2900 Χ
664 2882 694 2900 ac
707 2873 762 2900 XIII
778 2881 877 2908 cognus

177 2916 309 2949 Partica.
327 2920 384 2949 Gtt.
403 2919 488 2948 XIX.

928 2284 1048 2314 tempore
1073 2280 1216 2307 inchoasse
1238 2281 1343 2308 videtur
1364 2291 1371 2309 :
1395 2282 1447 2309 etsi
1476 2283 1610 2320 Georgius
1626 2286 1654 2314 in
1675 2296 1708 2315 eo

928 2327 1096 2361 fragmento,
1118 2327 1189 2361 quod
1211 2328 1300 2361 capite
1314 2329 1448 2363 superiori
1481 2332 1635 2364 retulimus,
1660 2334 1707 2359 ubi

927 2371 1132 2407 ὲνανθρώπησιν
1145 2392 1152 2403 ,
1173 2376 1199 2399 et
1217 2372 1341 2408 γέννησιν
1365 2374 1398 2401 ab
1422 2382 1454 2402 eo
1470 2376 1600 2411 illigatam
1627 2378 1709 2405 rel'ert

928 2422 999 2442 anno
1019 2416 1113 2443 mundi
1135 2416 1215 2448 5493,
1240 2417 1344 2444 nullam
1367 2424 1471 2447 certam
1487 2420 1547 2455 ejus
1569 2422 1608 2448 rei
1624 2422 1709 2457 signi-

928 2461 1081 2488 ﬁcationem
1102 2462 1217 2493 dederit.
1238 2468 1327 2491 tamen
1354 2464 1392 2491 ita
1418 2465 1567 2494 Christiani
1583 2467 1639 2494 fere
1661 2475 1709 2495 ve-

929 2512 1012 2538 teres,
1037 2508 1131 2535 saltem
1152 2509 1348 2537 ecclesiasticis
1368 2511 1395 2538 in
1421 2513 1556 2546 computis
1568 2516 1595 2539 et
1620 2512 1708 2540 histo-

929 2554 996 2586 riis,
1017 2553 1107 2582 I'acere
1132 2561 1331 2583 consueverant
1355 2561 1384 2583 ut
1412 2557 1446 2585 de
1465 2557 1593 2585 Africano
1616 2566 1676 2594 cap.
1698 2560 1707 2586 I

929 2599 1011 2633 hujus
1027 2600 1089 2627 libri
1107 2600 1260 2629 docuimus.

965 2644 1014 2672 His
1037 2646 1244 2679 animadversis,
1266 2646 1345 2675 I'acile‘
1362 2648 1417 2681 jam
1433 2648 1485 2675 erit
1510 2649 1576 2676 solis
1592 2656 1623 2676 ac
1638 2649 1709 2678 luna:

930 2692 1020 2726 cyclos
1035 2699 1095 2718 rem
1106 2692 1197 2726 hujus,
1216 2697 1243 2720 et
1258 2694 1379 2728 computi
1391 2694 1518 2728 proprios
1533 2695 1708 2730 investigare,

930 2744 961 2763 ac
978 2744 1040 2763 cum
1058 2737 1160 2764 nostris
1177 2742 1351 2772 componere,
1372 2738 1400 2765 in
1414 2746 1469 2773 quo
1487 2739 1637 2767 fmdissitve
1650 2741 1709 2767 hal-

931 2782 1066 2809 lucinatus
1078 2786 1120 2809 est
1137 2781 1275 2816 Scaliger;
1294 2784 1331 2810 uti
1349 2784 1428 2818 paulo
1449 2790 1513 2818 post
1537 2785 1707 2813 ostendetur.

929 2826 1050 2853 Primum
1070 2828 1145 2854 enim
1171 2829 1244 2862 quod
1269 2829 1301 2855 ad
1319 2829 1386 2857 solis
1399 2829 1505 2865 cyclum
1526 2830 1641 2863 attinet,
1666 2830 1709 2857 di—

930 2872 997 2901 visis
1023 2875 1102 2901 annis
1128 2874 1161 2902 ab
1185 2875 1251 2903 orbe
1274 2875 1405 2910 condito,
1430 2877 1557 2905 residuus
1580 2875 1713 2905 numeru!‘

1536 2923 1573 2954 [ιὸ
