1900 3137
186 135 254 164 “19

700 128 746 155 AD
765 128 899 156 EUSEBII
920 127 1117 156 CIIRONICON
1137 126 1320 154 APPENDIX.

1767 125 1838 153 149

190 194 284 230 cyclus
296 195 337 219 est
356 191 423 218 solis
436 200 442 217 :
461 193 507 216 aut
521 191 595 216 certe
612 191 687 215 totus
703 187 761 222 ipse
776 194 908 214 numertts
918 185 970 219 28;
986 189 1009 217 Α
1025 194 1098 213 anno
1110 186 1190 212 1572.
1205 185 1244 212 Ac
1257 186 1299 213 vel
1309 193 1341 212 ex
1356 192 1399 217 eo,
1412 184 1483 219 quod
1498 192 1513 211 a
1529 183 1670 211 Kalendis
1684 181 1838 210 Ianuariis

191 247 264 267 anno
286 237 356 266 6155
370 236 458 263 diviso
481 243 530 270 per
548 234 601 267 28,
628 233 793 268 relinqttitur
808 232 833 259 1.
855 231 973 259 Proinde

192 286 286 321 cyclus
302 284 368 312 solis
381 292 390 310 t
406 281 547 310 concurrit
558 288 619 307 cum
636 287 709 307 anno
725 278 830 306 Christi
844 278 905 310 6M,
918 285 973 313 quo

189 332 330 359 Romanus
353 329 419 357 solis
436 328 529 363 cyclus
545 330 605 354 erat
629 334 667 357 vt,
683 325 774 352 littera
797 324 973 351 Dominicalis

189 377 229 404 G:
247 377 317 403 unde
332 374 431 409 reliqui
444 373 573 407 deinceps
590 370 734 406 propagari
750 374 885 405 possunt;
901 368 973 404 quod

190 424 218 450 in
241 421 419 458 sequentibus
445 418 592 447 constabit.
610 416 710 452 Cyclus
735 415 840 442 lunaris
864 413 974 440 Maximi

191 470 261 497 idem
277 475 391 504 prorsus
407 470 448 494 est
472 472 533 492 cum
559 463 693 491 Romano.
712 461 857 496 Siquidem
879 459 975 487 divisis

190 515 259 542 6155
270 522 317 550 per
331 513 374 547 I9,
387 511 484 547 reliqui
499 513 564 538 sunt
578 517 625 541 xv,
636 514 662 535 et
678 515 773 535 revera
789 514 861 533 anno
872 504 974 532 Christi

189 562 251 595 611,
266 561 359 596 cyclus
381 562 441 586 erat
459 558 530 584 luna:
548 555 591 582 15.
615 554 695 587 Quod
719 554 819 580 mirum
838 559 899 579 esse
919 558 974 577 non

190 608 278 636 debet.
308 607 347 633 Ex
372 605 468 633 eodem
490 604 593 638 quippe
623 600 873 629 Alexandrinorum
900 598 974 624 fonte

190 654 275 681 Graeci
292 660 324 679 ac
337 651 427 678 Latini
447 650 550 685 pariter
571 649 694 675 lunarem
718 646 837 672 hausere
851 643 973 678 cyclum;

190 704 217 727 et
237 699 271 726 ab
288 698 382 725 eadem
405 696 528 731 cpocha,
545 694 674 721 nimirum
699 691 732 718 ab
760 697 845 718 verno
869 695 973 719 mense,

191 753 271 774 usum
288 745 360 772 illius
374 742 507 778 auspicati
527 745 604 769 sunt.

225 791 255 818 In
271 789 423 818 indictione
436 788 555 823 putanda
573 787 720 821 perplexus
733 787 773 810 est
786 782 933 813 Maximus,
947 780 976 807 in

190 845 277 873 eaque
287 835 432 864 methodus
446 834 524 865 fallit,
533 840 593 867 quae
606 840 653 867 per
664 831 769 866 cyclum
783 830 918 863 integrum
926 827 976 862 τὴν

288 863 403 910 dividit.
415 880 481 907 Nam
499 863 522 906 si
538 863 667 912 6153-per
734 876 862 910 partiare,
878 880 975 920 superi
990 863 1013 893 Β

191 918 244 959 erit
270 928 382 957 indictio
404 934 466 954 Illi.
484 925 566 960 Atqui
592 932 636 950 xtv
657 926 745 957 empta
767 926 808 947 est
824 918 977 954 Septembri

191 977 256 1004 anui
268 975 331 1007 610,
343 977 370 1002 et
390 977 522 1007 sequente
536 970 586 997 6111
607 969 696 995 adhuc
710 966 846 997 obtinuit;
863 972 912 992 nec
925 964 977 991 alia

191 1030 254 1050 eum
270 1027 342 1047 anno
358 1018 452 1046 mundi
469 1018 538 1044 6155
552 1014 677 1049 componi
697 1013 802 1039 debuit.
825 1012 923 1038 Verum
944 1008 978 1036 ad

192 1066 351 1094 methodum
371 1064 463 1090 unitas
488 1060 596 1088 additur
621 1059 700 1086 annis
726 1057 832 1088 mundi,
852 1061 881 1082 ut
906 1055 978 1082 indi—

192 1113 311 1139 ctionem
337 1110 474 1136 labentem
499 1107 645 1134 obtineas:
663 1104 893 1140 quemadmodum
916 1109 977 1137 cap.

193 1155 303 1185 XXXIII
322 1155 449 1189 Computi
472 1153 609 1180 admonet.
638 1150 779 1185 Duplicem
803 1149 876 1176 enirn
903 1148 977 1175 indi-

193 1204 312 1231 ctionem
329 1200 424 1229 statuit
437 1210 443 1227 :
459 1206 553 1230 unam,
566 1205 626 1233 qua:
636 1196 744 1225 exsistit
752 1203 784 1223 ex
793 1196 872 1222 annis
885 1193 979 1220 tnundi

194 1257 243 1285 per
259 1257 293 1276 xv
309 1247 423 1279 divisis;
442 1249 540 1279 estque
556 1244 661 1271 unitate
678 1242 779 1274 minor,
796 1248 878 1276 quam
890 1240 979 1274 reipsa

194 1300 259 1322 tunc
273 1296 439 1329 usurpatur;
455 1291 579 1322 alteram,
595 1297 657 1324 qua:
672 1288 705 1315 ab
721 1287 836 1323 Augusti
856 1286 978 1314 secundo

195 1341 302 1376 imperii
320 1347 392 1366 anno
407 1342 450 1366 est
461 1344 560 1365 exorsa
575 1345 581 1362 :
595 1343 676 1370 qttent
690 1334 800 1369 quidem
817 1332 931 1360 allirmat
946 1340 980 1359 ex

194 1396 229 1416 xv
242 1386 392 1414 indictione
412 1384 531 1419 primam
550 1390 622 1409 anno
641 1382 694 1408 isto
715 1380 823 1408 fecisse.
837 1379 899 1406 Haec
916 1382 980 1405 sunt

195 1430 393 1458 commentitia.
411 1428 481 1455 Vera
496 1431 585 1454 autem
601 1426 678 1461 origo
688 1424 824 1461 patefacta
843 1428 883 1451 est
897 1431 979 1458 supra

195 1485 255 1512 cap.
266 1475 310 1503 IlI.
326 1475 394 1503 Vide
411 1478 438 1502 et
451 1481 511 1508 cap.
526 1473 547 1506 I,
563 1473 610 1501 ubi
624 1473 658 1500 de
679 1470 877 1499 indictionibus
895 1470 980 1497 Maxi-

195 1523 233 1550 mi
245 1522 362 1557 egimus.

232 1567 262 1593 In
273 1567 358 1593 altero
371 1569 511 1601 computo,
526 1572 606 1600 quem
620 1564 689 1591 κατὰ
703 1563 853 1599 Ῥωμαίους
864 1562 981 1598 appellat

196 1613 348 1647 Georgius,
380 1612 480 1646 quique
507 1618 608 1637 annum
644 1610 844 1637 Incarnationis
871 1609 982 1636 exhibet

196 1658 291 1686 mundi
309 1656 389 1689 5509,
403 1656 515 1692 perinde
530 1656 657 1691 ambigua
669 1660 710 1683 est
721 1663 854 1682 annorum
866 1656 980 1690 epocha.

196 1704 308 1731 Isaacus
326 1704 447 1739 Argyrus
473 1711 532 1738 cap.
555 1702 589 1729 lll
603 1702 729 1737 Contputi
753 1702 863 1737 prioris,
880 1709 981 1728 attnum

197 1751 304 1777 civilem
318 1750 356 1777 ait
370 1758 384 1776 a
402 1749 555 1781 Septembri
573 1749 713 1782 inchoari;
726 1749 832 1784 cyclum
848 1748 977 1779 solarem,

197 1798 231 1825 ab
244 1796 372 1825 Octobris
387 1796 530 1824 Kalendis.
543 1796 654 1832 Cyclum
664 1804 731 1823 vero
746 1796 868 1823 lunarem
877 1803 937 1830 cap.
949 1794 981 1822 IV

197 1844 232 1871 ab
256 1843 387 1870 Januario
414 1842 525 1877 incipit,
542 1850 574 1869 ac
599 1842 695 1869 divisis
721 1842 802 1869 anttis
821 1841 914 1868 mundi
935 1849 984 1876 per

198 1894 392 1923 congruentem
409 1889 486 1925 cyclo
505 1888 593 1916 cuivis
610 1896 765 1920 numerum,
785 1888 876 1922 colligi
892 1887 984 1914 laben-

198 1941 252 1963 tem
269 1943 341 1962 anno
357 1935 452 1962 ultimo
471 1935 578 1970 cyclum
602 1935 711 1961 asserit.
727 1934 846 1964 Annum,
861 1941 915 1968 quo
933 1933 984 1960 ista

198 1979 341 2014 prodebat,
357 1980 446 2014 rapite
463 1978 496 2006 lll
520 1979 618 2006 scribit
636 1986 697 2006 esse
722 1979 814 2005 mundi
833 1978 914 2010 6881,
930 1986 984 2013 quo

198 2024 287 2053 diviso
309 2033 356 2060 per
369 2025 414 2057 28,
438 2025 468 2051 tit
492 2025 558 2052 solis
581 2025 677 2060 cyclus
708 2024 752 2057 21,
775 2028 832 2051 tum
856 2024 983 2051 Octobris

198 2078 262 2097 xxvt
274 2070 318 2098 die
335 2070 430 2098 feriam
452 2078 481 2097 ιιι
497 2071 593 2098 scribit
616 2070 711 2104 fuisse,
735 2072 822 2105 capite
848 2069 983 2105 seqttenti.

198 2116 247 2143 Est
269 2117 313 2143 hic
337 2124 424 2144 annus
449 2117 551 2145 Christi
581 2118 667 2148 1572,
689 2117 767 2153 cyclo
796 2116 920 2143 Romano
946 2124 984 2148 ις,

202 2161 291 2189 littera
304 2163 436 2191 Dominic.
460 2163 513 2191 DC.
531 2163 604 2191 Idem
623 2169 713 2190 tamen
734 2164 823 2198 capite
839 2162 884 2194 VI,
902 2163 983 2198 μέχρι

1025 233 1149 259 lttnarem
1177 233 1284 267 cyclum
1323 231 1447 259 inchoari
1473 231 1595 263 scribit,
1629 230 1838 264 conjecturam

1025 282 1147 305 nostram
1161 277 1304 313 approbat,
1322 285 1404 312 quam
1422 278 1511 312 capite
1528 276 1563 304 IIl
1576 276 1724 311 superius
1749 277 1839 310 expli-

1024 325 1163 357 cavimus;
1180 324 1288 351 Graecos
1311 325 1339 351 itt
1355 324 1408 351 hoc
1431 331 1531 359 genere
1555 322 1690 357 computi
1720 321 1839 348 Latino-

1024 378 1090 405 rum
1123 378 1154 397 ac
1179 370 1335 398 Judworum
1378 378 1475 397 aureos
1504 377 1643 396 numeros
1671 368 1838 402 accepisse.

1025 416 1091 443 Nam
1106 416 1265 444 Latinorum
1289 417 1429 452 proprium
1445 416 1473 443 id
1492 416 1555 448 fuit,
1574 416 1717 442 lunarem
1736 413 1777 441 ab
1794 413 1836 440 Ja-

1026 463 1123 489 nuario
1142 463 1249 498 eyclum
1268 463 1413 494 inchoare;
1439 470 1501 490 cum
1519 462 1554 489 ab
1581 461 1689 496 Aprili,
1708 461 1760 487 vel
1785 459 1836 486 Pa-

1026 508 1112 535 scltali
1126 516 1219 536 mense
1236 507 1370 535 Romants
1386 508 1455 536 idem
1473 508 1567 543 cyclus
1583 507 1778 542 procederet.
1797 506 1835 533 Ex

1026 555 1070 582 Itis
1101 555 1276 582 concluditur
1303 562 1405 582 annum
1434 555 1540 582 civilem
1562 553 1834 587 Constantinopoli-

1027 605 1121 627 tanunt
1149 600 1257 628 duobus
1291 600 1458 635 respondere
1481 600 1567 635 cyclis
1597 598 1780 629 lunaribus,
1805 603 1832 624 ut

1026 654 1115 674 annus
1137 646 1205 674 6881
1225 655 1240 673 a
1260 646 1415 682 Septembri
1433 647 1498 673 anni
1522 645 1593 673 I372
1615 645 1778 680 incipiens,
1799 643 1830 670 ad

1026 693 1184 721 Decembris
1200 694 1281 720 tinem
1299 694 1376 729 cyclo
1397 693 1414 719 2
1431 693 1771 727 Constantinopolitano,
1790 692 1829 718 vel

1026 738 1043 765 5
1056 737 1181 766 Romano
1202 739 1370 774 respondet:
1389 746 1405 765 a
1425 738 1556 767 Kalendis
1570 738 1734 769 Januariis,
1753 738 1831 773 θεὼ

1027 785 1119 816 tertio,
1135 789 1162 812 et
1177 784 1303 812 Romano
1317 785 1344 817 6,
1366 785 1440 820 quod
1462 786 1495 812 de
1511 785 1596 812 solari
1616 792 1737 820 quoque
1752 785 1830 820 cyclo

1029 831 1153 859 Romano
1169 831 1315 860 dicendttm
1333 837 1385 860 est.
1405 832 1565 860 Distributis
1582 832 1667 859 annis
1685 831 1763 858 6881
1782 838 1829 866 per

1028 877 1073 909 28,
1092 882 1177 905 restat
1196 878 1290 913 cyclus
1307 878 1374 905 solis
1389 878 1420 905 21
1439 878 1474 905 ab
1495 877 1609 905 Octobri
1636 877 1704 904 anni
1734 877 1826 904 1372:

1027 931 1082 958 quo
1110 922 1250 951 Romanus
1271 923 1287 950 9
1311 924 1401 952 adhuc
1423 924 1450 951 in
1472 932 1524 951 usu
1546 927 1627 951 erat:
1657 931 1736 950 anno
1763 931 1828 950 vero

1028 972 1158 1003 sequente
1176 969 1247 995 I373
1268 973 1327 996 erat
1355 969 1449 1004 cyclus
1477 969 1520 996 10.
1545 969 1687 1001 Quocirca
1714 969 1827 1004 primus

1028 1015 1121 1051 cyclus
1140 1015 1239 1043 solaris
1253 1014 1619 1050 Constantinopolitanorum
1638 1019 1701 1043 erat
1719 1014 1824 1042 Roma-

1028 1069 1080 1089 nus
1096 1061 1128 1088 I7
1143 1061 1177 1088 ab
1191 1060 1322 1093 Octobri;
1337 1061 1468 1089 Januario
1488 1069 1551 1089 vero
1567 1065 1714 1096 sequente,
1729 1062 1781 1094 18;
1797 1066 1824 1089 et

1027 1107 1134 1140 primus
1154 1108 1247 1142 cyclus
1267 1107 1407 1134 llomantts
1432 1106 1563 1134 Januario
1583 1115 1681 1135 mense
1704 1115 1824 1142 respon-

1028 1153 1109 1180 debat
1127 1154 1203 1189 cyclo
1224 1153 1528 1188 Constantinopolitano
1550 1153 1595 1180 12.
1617 1153 1737 1181 Octobri
1759 1161 1824 1181 vero

1029 1203 1169 1234 sequente,
1192 1200 1270 1235 cyclo
1295 1200 1338 1227 15.
1362 1200 1479 1227 Lunaris
1495 1200 1589 1235 cyclus
1608 1199 1769 1232 idem_erat
1792 1207 1824 1227 ac

1028 1244 1207 1278 Latinorum;
1234 1249 1261 1272 et
1288 1245 1411 1274 ternario
1438 1246 1528 1272 minor
1553 1250 1616 1272 erat
1645 1244 1776 1272 Romano
1796 1250 1821 1272 et

1028 1290 1223 1317 Alexandrino.
1240 1289 1303 1323 Sed,
1325 1295 1354 1317 ut
1367 1290 1423 1325 jam
1443 1292 1546 1323 moniti,
1566 1299 1657 1326 neque
1679 1291 1708 1318 in
1722 1291 1821 1318 embo-

1029 1335 1172 1363 lismorum
1192 1336 1315 1369 ratione;
1337 1344 1389 1364 nec
1403 1337 1430 1363 in
1447 1336 1591 1364 Paschatis
1611 1337 1777 1365 celebritate
1789 1338 1821 1364 ab

1029 1381 1221 1409 Alexandrinis
1240 1387 1267 1409 et
1283 1382 1434 1410 Catholicis
1449 1383 1583 1411 institutis
1598 1384 1819 1421 abhorrnerunt.

1029 1426 1145 1454 Indictio
1173 1428 1293 1462 denique
1316 1428 1411 1456 eadem
1439 1432 1499 1456 erat
1524 1436 1557 1456 ac
1584 1428 1731 1462 Romana,
1765 1430 1821 1457 sive

1030 1473 1217 1508 imperatoria,
1234 1478 1264 1500 ut
1285 1478 1394 1503 vocant.
1419 1482 1434 1501 a
1453 1473 1627 1508 Septembri;
1650 1475 1710 1502 sive
1731 1475 1820 1502 eccle-

992 1537 1014 1565 α
1033 1520 1144 1547 siastica
1161 1520 1195 1547 ab
1211 1519 1352 1547 Januario.
1371 1519 1481 1548 Unitate
1494 1528 1560 1555 ergo
1581 1521 1673 1556 major
1689 1527 1750 1549 erat
1765 1522 1817 1551 illa,

1032 1574 1092 1601 qum
1105 1574 1136 1594 ex
1149 1566 1335 1594 Alexandrino
1355 1570 1483 1600 computo
1497 1567 1590 1601 prodit
1604 1576 1611 1594 :
1633 1567 1709 1601 quod
1727 1568 1819 1602 impri-

1031 1612 1083 1640 mis
1117 1612 1267 1639 notandum
1288 1612 1379 1644 venit,
1404 1616 1434 1639 ut
1463 1619 1497 1640 ex
1529 1620 1562 1640 eo
1589 1613 1818 1648 chronolugorutu

1032 1658 1200 1688 Graecorum,
1216 1663 1242 1684 et
1263 1658 1397 1692 imprimis
1413 1657 1590 1693 Theophanis
1608 1664 1702 1686 errata
1724 1659 1817 1694 depre-

1032 1702 1195 1730 hendamus.
1218 1701 1306 1737 Hujus
1327 1703 1529 1731 observationis
1549 1704 1693 1738 specimen
1717 1704 1817 1738 praebe-

1032 1749 1132 1777 bimus.

1068 1795 1248 1830 Theophanes
1264 1795 1301 1822 ait
1319 1796 1473 1823 Heraclium
1495 1797 1614 1831 cepisse
1630 1804 1705 1824 anno
1727 1797 1817 1824 mundi

1033 1841 1324 1873 6102,1ncarnationis
1333 1841 1396 1873 602,
1408 1842 1533 1869 Octobris
1548 1851 1584 1874 ιιι,
1599 1843 1667 1870 feria
1679 1851 1713 1873 ιι,
1726 1844 1815 1870 indict.

1033 1894 1087 1913 xtv.
1108 1885 1158 1913 Hic
1175 1890 1218 1914 est
1236 1894 1325 1914 annus
1346 1887 1448 1914 Christi
1463 1886 1648 1922 Dionysianus
1665 1887 1728 1919 610,
1743 1888 1817 1922 cyclo

1033 1932 1167 1967 prmditus
1176 1933 1260 1960 solari
1278 1940 1323 1965 ιιι,
1342 1932 1430 1960 littera
1449 1932 1478 1960 D.
1495 1933 1588 1968 Itaque
1600 1941 1678 1960 error
1693 1937 1734 1960 est
1749 1934 1815 1968 apud

1034 1976 1239 2011 Theophanem,
1266 1978 1464 2012 legendumque
1495 1977 1562 2005 feria
1578 1986 1598 2010 1,
1621 1986 1677 2005 non
1702 1986 1731 2005 ιι.
1756 1978 1816 2005 Erat

1035 2022 1149 2049 indtctgo
1175 2023 1482 2058 Constantinopolitana
1517 2024 1552 2051 ab
1580 2023 1736 2059 Septembri
1763 2033 1815 2051 xlv.

1035 2069 1113 2095 IIunc
1130 2068 1212 2104 igitur
1229 2077 1332 2096 annum
1353 2074 1431 2104 putat
1453 2070 1634 2105 Tbeopltanes
1660 2071 1694 2097 ab
1717 2071 1816 2098 Adamo

1036 2114 1123 2148 6102;
1141 2115 1339 2143 Incarnationis
1351 2116 1413 2143 602.
1428 2118 1462 2143 At
1473 2116 1615 2144 Cedrenus
1633 2117 1727 2144 mandi
1738 2118 1813 2149 6105,

1037 2161 1236 2188 Incarnationis
1262 2161 1325 2189 609.
1341 2160 1444 2189 Verum
1467 2162 1540 2196 quod
1566 2162 1600 2189 ad
1620 2162 1814 2190 Incarnationis

201 2207 250 2241 τῆς
264 2207 349 2242 ἀρχῆς
365 2208 411 2234 τοῦ
439 2208 589 2244 ἀρχομένου
611 2207 773 2244 Ἰανουαρίου
786 2227 794 2239 ,
820 2217 829 2233 ι
846 2204 933 2242 usque
950 2207 980 2234 ad

1036 2213 1122 2233 annos
1134 2208 1238 2239 attinet,
1252 2207 1382 2239 Miscclla,
1393 2216 1453 2243 qua:
1465 2216 1498 2235 ex
1515 2208 1692 2243 Theophanis
1706 2208 1815 2236 historia

200 2252 307 2279 initium
324 2251 455 2286 Januarii,
468 2255 513 2289 qui
529 2255 652 2289 proxime
667 2254 804 2289 sequitur,
819 2263 828 2279 ι
842 2261 930 2280 annos
946 2253 984 2279 ait

199 2305 261 2325 esse
277 2296 366 2325 6880:
386 2300 485 2333 quibus
501 2300 597 2327 divisis
620 2308 669 2335 per
690 2300 733 2332 I9,
750 2300 856 2335 eyelum
882 2299 953 2326 lunae
967 2299 985 2325 2

200 2343 309 2370 coniici.
342 2342 404 2370 Hec
438 2345 476 2371 ita
507 2346 650 2373 conciliari
680 2350 806 2381 possunt.
842 2344 986 2372 Scribebat

201 2387 310 2414 Isaacus
332 2386 443 2415 Octobri
469 2396 562 2417 mense
588 2391 653 2417 anni
680 2391 783 2419 Christi
810 2390 897 2424 1572;
923 2398 985 2417 cum

199 2432 255 2466 jam
283 2433 317 2459 ab
341 2432 494 2467 Septembri
518 2440 625 2470 ereptus
646 2441 719 2465 esset
740 2445 828 2464 annus
849 2438 986 2465 Constan-

201 2479 397 2514 tinopolitanus
414 2479 482 2508 6881
495 2488 557 2508 cum
575 2482 724 2510 indictione
735 2491 761 2510 ιιι
776 2503 784 2516 ,
801 2483 908 2510 ratione
921 2490 986 2510 vero

201 2524 270 2559 cycli
290 2525 389 2552 solaris
414 2532 429 2552 ει
446 2524 575 2553 Kalendis
599 2526 743 2556 Octobris:
769 2536 852 2563 porro
877 2528 986 2556 ratione

200 2571 270 2606 cycli
287 2571 407 2603 lunaris,
425 2570 554 2599 Kalendis
572 2571 711 2599 Januariis
728 2575 907 2608 sequentibus
932 2574 986 2601 ini-

201 2617 270 2643 tium
284 2617 427 2645 Itabiturus
438 2621 507 2649 erat,
520 2618 561 2645 sic
573 2621 602 2645 ut
615 2626 703 2645 anntts
714 2618 986 2654 6880,perseveraret

202 2670 274 2689 anno
289 2663 366 2690 1572.
386 2663 479 2699 Itaque
495 2663 530 2691 ad
548 2663 684 2691 Kalendas
694 2664 817 2692 Januarii
833 2667 898 2693 anui
915 2667 985 2693 I575

202 2707 312 2736 ﬂuxisse
327 2709 364 2735 ait
380 2717 466 2737 annos
482 2709 571 2737 6880:
587 2710 684 2737 horum
702 2711 815 2738 ultimus
832 2712 985 2746 occupabat

203 2761 304 2780 annum
316 2754 394 2787 1372,
411 2755 491 2790 cujus
507 2755 574 2783 adeo
591 2756 697 2791 cyclum
717 2756 872 2791 investigat.
890 2757 986 2785 Divide

203 2806 290 2826 annos
307 2800 376 2827 6880
393 2809 441 2836 per
455 2801 498 2834 19,
514 2806 599 2829 restat
613 2802 630 2828 2
648 2802 719 2828 lunae
734 2802 826 2835 cyclus
840 2802 983 2837 Judaieus,

203 2849 230 2873 et
244 2845 372 2879 Latinus;
390 2849 436 2882 qui
453 2848 575 2876 Romano
591 2849 608 2877 5
631 2849 787 2884 respondet,
806 2855 907 2885 quotus
924 2856 984 2879 erat

1035 2257 1154 2285 constat,
1170 2254 1297 2281 eumdem
1317 2254 1399 2281 habet
1414 2262 1516 2281 annum
1533 2253 1597 2286 602,
1615 2259 1644 2281 ut
1661 2259 1761 2281 certum
1783 2256 1816 2283 sit

1036 2307 1051 2326 a
1069 2299 1233 2335 Theophane
1263 2301 1299 2328 ita
1325 2301 1458 2336 scriptum
1481 2300 1584 2334 fuisse,
1611 2301 1709 2328 mundi
1733 2301 1814 2333 6102,

1036 2345 1235 2374 Incarnationis
1258 2346 1332 2374 602:
1363 2347 1458 2375 divisis
1481 2347 1552 2374 6102
1581 2355 1630 2382 per
1648 2347 1698 2381 15,
1724 2348 1814 2383 reliqui

1036 2395 1101 2418 sunt
1114 2391 1163 2425 I2;
1175 2391 1267 2418 addita
1283 2392 1399 2425 unitate,
1415 2401 1449 2420 ex
1458 2397 1595 2428 prmeepto
1607 2392 1728 2425 Maximi,
1743 2394 1815 2420 colli-

1036 2437 1109 2471 gitur
1122 2437 1236 2464 indictio
1253 2445 1315 2470 χιιι,
1334 2437 1386 2465 hoc
1403 2443 1444 2466 est
1462 2439 1584 2466 ltomana
1602 2447 1617 2466 a
1637 2438 1764 2467 Januario
1783 2440 1813 2467 ad

1039 2484 1119 2509 linem
1145 2483 1320 2517 Decembris;
1336 2483 1642 2519 Constantinopolitana
1669 2493 1734 2513 vero
1746 2493 1759 2512 a
1770 2486 1813 2513 Ja-

1038 2529 1145 2560 nttario,
1163 2529 1197 2556 ad
1215 2530 1295 2556 linem
1313 2530 1439 2565 Augusti.
1455 2530 1592 2562 Quocirca
1608 2532 1724 2559 indictio
1744 2540 1812 2560 com-

1038 2574 1095 2608 puti
1108 2575 1297 2607 Alexandrini,
1313 2584 1374 2610 qua:
1387 2583 1419 2603 ex
1436 2576 1570 2604 divisione
1584 2578 1635 2613 τῆς
1654 2577 1751 2613 ὀμάδος
1763 2579 1812 2605 ori-

1039 2624 1094 2650 tur.
1112 2621 1164 2647 nisi
1178 2622 1212 2648 ab
1227 2621 1383 2656 Septembri
1397 2630 1484 2650 annos
1498 2623 1651 2656 ordiamur,
1667 2631 1682 2650 a
1693 2623 1811 2651 Januario

1039 2666 1073 2693 ad
1095 2666 1282 2702 Septembrem
1306 2669 1440 2695 unitatem
1466 2668 1529 2695 addi
1559 2669 1612 2697 sibi
1643 2671 1773 2704 postulat;
1796 2677 1809 2697 a

1039 2711 1203 2746 Septembri,
1222 2714 1255 2739 ad
1273 2714 1339 2740 anni
1359 2715 1451 2747 tinem,
1466 2714 1574 2741 binario
1588 2720 1631 2742 est
1646 2716 1774 2751 augenda,
1784 2721 1809 2743 ut

1038 2758 1146 2786 civilem
1172 2758 1506 2795 Constantinopolitanam
1535 2766 1714 2796 assequatur.
1738 2762 1808 2797 Igitur

1039 2814 1111 2833 anno
1136 2805 1238 2834 Christi
1260 2806 1332 2839 610,
1355 2811 1414 2834 erat
1434 2815 1524 2836 annus
1549 2808 1742 2837 Alexandrina:
1759 2818 1809 2837 tera:

1039 2853 1108 2881 6102
1122 2860 1137 2880 a
1163 2860 1260 2889 verno_
1274 2860 1369 2881 mense
1383 2859 1507 2890 cceptus.
1529 2854 1550 2880 A
1577 2854 1733 2890 Septembri
1756 2864 1809 2885 vero
