1900 3137
69 165 171 194 1421

596 163 822 192 DlSSERTATlO
845 162 887 190 DE
908 161 1109 190 GllzliCOllUM
1130 161 1232 189 ERIS.

1654 163 1719 191 “2‘2

73 223 198 252 civilis
224 231 312 251 annus
330 222 399 250 6105
422 223 510 258 putari
533 223 637 257 cmpit:
660 221 731 256 quod
751 220 890 247 Cedrcnus
906 222 927 249 Α
943 219 1223 254 labentem'cujusque
1239 221 1358 254 computi
1375 220 1583 252 numerandum,
1598 223 1720 256 przecipit

77 274 222 298 secutus
239 273 298 302 est;
319 270 395 304 prius
418 273 518 300 autem,
535 268 727 303 Theophanes,
744 267 789 301 qui
805 266 891 292 ert-le-

82 315 224 343 siastico
241 323 326 348 more,
348 319 378 341 ut
392 314 521 347 vidimus,
534 321 620 340 annos
642 320 656 339 a
676 312 806 339 Paschate
824 311 892 338 solet

75 358 243 396 "incipere.

136 406 328 440 Theophanes
361 405 430 433 idem
465 407 559 432 narrat
588 404 706 431 Leonem
742 402 892 430 Isauricum

90 452 214 480 abiisse
242 458 314 478 anno
336 451 441 485 imperii
462 452 504 478 sui
524 459 588 482 xxv,
609 450 664 485 jam
693 450 726 477 ab
754 448 892 476 mensibus

93 497 231 528 duobus,
245 496 341 523 diebus
362 503 417 522 χχιι
436 496 579 527 inchoato,
597 503 643 522 χιιι
658 493 794 521 Kalendas
817 493 891 523 Julii,

96 542 262 569 indictione
275 550 312 571 ιιι,
329 542 400 576 quod
418 546 444 568 et
469 542 582 569 historia
604 541 722 568 Miscella
737 540 820 567 refert
843 540 894 566 sub

99 587 192 613 linem
211 587 271 613 libri
288 586 358 613 XXI.
377 587 456 618 Ἔτος
475 584 509 621 ἦν
527 586 579 613 ἀπὸ
596 586 644 621 μὲν
660 585 773 617 κτίσεως
792 586 892 620 κόσμου

101 631 183 658 κατὰ
201 631 457 667 Ῥωμαίους,ςσμη¹
480 631 534 658 ἀπὸ
557 631 650 666 Ἀδὰμ,
669 631 738 657 κατὰ
762 631 790 657 δὲ
812 632 894 665 Αιγυ-

102 677 219 708 πτίους,
236 677 320 711 ἦγουν
337 676 530 713 Ἀλεξανδρεῖς,
543 675 639 711 ,ςσλβᾌ
656 676 709 702 ἀπὸ
721 676 748 702 δὲ
760 675 893 702 Φιλίππη-ι

103 722 183 749 ’κατὰ
206 722 364 754 Μακεδόνας
383 722 460 758 ,αξγπ
486 722 550 755 Quae
566 722 605 749 sic
636 721 738 749 Paulus
758 721 894 749 Diaconus

105 769 211 796 vertit:
235 778 244 793 ι
261 768 329 795 Cum
354 776 443 795 annus
469 772 541 797 esset
569 776 584 795 a
603 768 759 796 conditione
784 769 893 804 quidem

105 813 224 845 mundi,
240 813 318 847 juxta
344 813 501 845 Romanos,
523 814 558 841 ab
574 814 660 840 Adam
689 817 783 841 sextus
805 814 892 841 mille-

109 860 199 887 simus
223 859 429 888 ducentesimus
449 859 675 895 quadragesimus
699 864 822 891 octavus,
849 867 893 887 sc-

110 905 233 932 cundum
247 905 391 940 [Egyptios
406 914 481 939 vero,
504 914 551 933 seu
568 906 779 937 Alexandrinos,
801 910 894 933 sextus

110 951 274 979 millesimus
296 952 500 978 ducentesimus
518 951 674 979 tricesimus
703 951 861 984 secundus;
881 959 895 978 a

112 996 248 1032 Philippo,
268 997 418 1024 secundum
444 997 615 1030 Macedones,
637 998 799 1025 millesimus
819 1004 897 1024 sexa—

112 1043 233 1077 gesimus
247 1043 352 1070 tertius.
367 1052 375 1069 I
395 1042 455 1069 Fuit
469 1044 513 1070 hic
529 1051 616 1070 annus
627 1043 729 1071 Christi
744 1043 896 1070 communis

113 1095 175 1115 terre
186 1088 245 1120 741,
255 1096 308 1123 quo
320 1089 369 1116 fuit
379 1089 490 1116 indictio
498 1097 537 1121 lx,
546 1093 601 1116 tam
611 1088 730 1115 Romana
738 1097 817 1123 quam
827 1088 897 1115 Con-

114 1134 368 1168 stantinopolitana,
379 1133 460 1161 Junio
471 1142 572 1161 mense.
587 1134 719 1162 Delractis
736 1135 815 1161 annls
827 1134 896 1162 5508

113 1179 150 1206 de
168 1179 246 1211 6948,
259 1183 362 1207 restant
386 1179 436 1206 740
450 1187 510 1206 σει-ω
525 1179 706 1215 Dionysianae.
725 1179 785 1207 Uno
805 1180 896 1214 itaque

116 1225 207 1252 minus
222 1232 294 1252 anno
304 1229 444 1260 computat
456 1225 650 1260 Theophanes;
663 1225 735 1260 quod
748 1229 774 1252 et
785 1225 897 1252 indietio

115 1272 302 1299 demonstrat:
322 1279 385 1298 nam
402 1271 425 1299 si
443 1278 528 1298 annos
540 1270 609 1298 6⁵248
624 1278 672 1305 per
687 1270 720 1297 l5
734 1270 895 1304 distribuas,

117 1316 231 1344 exsistet
251 1317 364 1344 indictio
380 1324 438 1344 νιιι.
456 1317 536 1352 Atqui
549 1317 635 1343 intcra
646 1312 896 1352 Constantinopoli-

118 1368 192 1393 tana,
207 1370 288 1397 quam
307 1362 464 1389 Paschalem
487 1367 567 1390 vocat
592 1362 724 1397 Scaliger,
746 1361 897 1389 llomanam

120 1408 317 1444 Theophanes;
345 1409 440 1436 divisis
472 1409 551 1435 annis
575 1408 609 1435 ab
634 1407 756 1439 Adamo,
784 1415 898 1435 currens

121 1455 234 1482 indictio
246 1454 420 1488 relinquitur.
437 1453 484 1480 Sic
501 1461 573 1479 anno
586 1452 760 1479 Alexandrini
778 1453 898 1486 computi

119 1501 189 1528 6232
214 1508 261 1535 per
286 1500 319 1527 15
338 1500 437 1531 diviso,
455 1502 579 1533 superest
596 1498 707 1526 indiclio
723 1506 771 1531 vn,
791 1499 898 1525 biuario

944 265 1044 292 addere
1075 266 1153 292 annis
1179 265 1280 292 Christi
1314 265 1486 301 Dionysianis
1517 275 1605 294 annos
1632 266 1720 300 5494,

943 310 1012 337 5508
1029 315 1055 337 et
1074 311 1152 342 5500,
1169 316 1249 346 atque
1266 318 1281 337 a
1298 311 1449 346 Septembri
1467 316 1547 346 caput
1563 312 1627 339 anni
1646 321 1722 346 repe-

943 361 1019 382 tere:
1039 356 1112 390 quod
1133 356 1184 383 hoc
1203 357 1325 391 exemplo
1354 357 1527 392 perspicuum
1544 357 1619 386 facit.
1644 357 1722 385 Auno

943 401 1044 429 Christi
1062 403 1142 435 1596,
1158 403 1239 438 coepit
1255 403 1288 430 ab
1304 402 1454 438 Septembri
1476 403 1630 430 Graacorum
1647 411 1724 432 more

945 455 1032 475 anuus
1057 448 1145 475 1597ε
1165 449 1233 476 adde
1258 456 1346 476 annos
1368 449 1454 480 5500,
1483 448 1596 476 habebis
1619 457 1722 476 annum

945 493 1014 520 7097
1036 501 1096 522 aera:
1119 494 1279 528 orientalis;
1308 494 1377 522 adde
1395 495 1477 527 5508,
1498 494 1542 522 ﬁet
1558 503 1644 523 annus
1663 502 1724 522 tene

944 538 1087 566 Paschalis
1102 539 1188 573 7105;
1206 540 1275 567 adde
1291 539 1375 572 5494,
1393 540 1444 567 erit
1465 547 1552 567 annus
1566 548 1626 567 tera:
1646 540 1725 567 luna-

945 585 983 612 ris
999 584 1078 614 7091,
1095 585 1195 613 Verum
1212 586 1239 613 iu
1263 586 1315 612 hoc
1331 590 1468 621 postremo
1493 586 1582 613 lunari
1597 590 1725 620 computo

945 630 1000 657 duo
1017 630 1139 658 subtrahi
1160 634 1289 665 perpetua
1314 630 1442 657 methodo
1454 629 1542 664 jubet,
1565 634 1594 656 ut
1611 630 1724 665 proinde

945 676 1056 704 nonnisi
1071 676 1140 703 7089
1156 684 1244 704 annus
1271 676 1317 703 ille
1341 681 1459 711 putetur.
1488 675 1566 709 llmc,
1593 676 1723 711 inquam,

945 722 1037 748 cautio
1051 721 1199 749 falsissima
1213 725 1266 753 est.
1281 725 1311 749 ut
1326 729 1359 749 ea
1369 722 1558 749 demonstrant
1572 730 1632 756 qua:
1645 729 1725 756 supc—

945 767 1067 794 riorihus
1081 768 1218 802 capitibus
1232 767 1348 803 exposui
1360 768 1393 795 de
1405 768 1493 795 tribus
1507 767 1567 795 istis
1578 767 1722 802 computis.

945 810 1012 838 Nam
1038 812 1098 839 dum
1119 820 1150 840 ex
1176 812 1236 845 his,
1264 812 1369 840 lunaris
1393 817 1420 840 et
1445 813 1603 845 orientalis,
1623 819 1724 839 annum

946 858 1100 884 communis
1115 857 1224 889 natalis,
1238 866 1270 884 ac
1282 857 1440 893 Dionysiani
1455 858 1576 893 praebent
1589 857 1723 888 eumdem.

946 903 993 937 qui
1008 907 1050 930 est
1071 903 1140 930 5493
1155 903 1243 931 iniens
1258 911 1273 929 a
1292 903 1454 939 Septembri.
1473 903 1616 936 Maximus,
1639 903 1724 930 Geor-

947 947 1021 982 gius,
1050 955 1082 974 ac
1100 947 1280 983 Theophanes
1300 956 1354 975 mra
1375 949 1417 976 usi
1435 953 1510 982 sunt,
1533 956 1614 984 quam
1634 948 1726 976 orien-

948 993 1029 1020 talem
1046 997 1124 1020 vocat
1137 992 1269 1029 Scaliger.
1283 993 1340 1021 lloc
1354 1000 1430 1021 extra
1445 995 1658 1022 controversiam
1672 1000 1724 1022 est.

946 1037 1014 1064 Nam
1032 1037 1171 1065 Christum
1197 1043 1324 1066 asserunt
1339 1039 1523 1072 incarnatum,
1544 1043 1572 1067 et
1586 1039 1614 1066 in
1639 1039 1726 1066 lucem

947 1083 1050 1110 editum
1069 1091 1141 1110 anno
1154 1085 1274 1120 computi
1299 1085 1342 1112 sui
1358 1085 1438 1112 5501.
1463 1084 1545 1120 Igitur
1564 1093 1652 1112 annus
1668 1091 1728 1111 atrae

947 1128 1120 1164 Dionysianae
1133 1129 1196 1163 641,
1215 1138 1269 1166 quo
1285 1130 1402 1157 llcraclii
1414 1138 1502 1158 annus
1522 1138 1583 1157 xxx:
1604 1129 1728 1157 Paschali

947 1182 1042 1202 mense
1064 1176 1201 1208 currebat,
1219 1177 1372 1211 computari
1398 1177 1432 1204 ab
1454 1177 1508 1204 illis
1533 1177 1626 1204 debuit
1643 1176 1726 1209 6141,

948 1223 1048 1250 additis
1064 1223 1135 1251 5500
1155 1224 1189 1251 ad
1214 1224 1276 1251 641.
1303 1225 1386 1260 Atqui
1398 1233 1459 1252 eum
1488 1225 1577 1260 ipsum
1603 1229 1727 1253 statuunt

951 1274 1053 1294 annum
1081 1268 1176 1296 mundi
1193 1269 1277 1302 6155,
1296 1273 1397 1304 quotus
1415 1274 1456 1297 est
1483 1271 1509 1297 iu
1536 1270 1626 1297 lunari
1654 1279 1729 1298 com-

951 1318 1033 1348 puto;
1052 1314 1075 1341 si
1091 1314 1125 1342 ad
1140 1323 1227 1343 annos
1244 1315 1290 1342 641
1311 1315 1446 1351 adjungas
1462 1315 1549 1348 5492,
1567 1317 1605 1343 uti
1625 1318 1731 1344 methoo

952 1359 1005 1388 dus
1027 1360 1185 1396 exigit..Sic
1209 1369 1311 1389 annum
1332 1362 1449 1398 primum
1465 1361 1590 1395 lleraclii,
1606 1362 1652 1398 qui
1670 1363 1731 1390 iniit

950 1405 1062 1434 Octobri
1079 1408 1144 1434 anni
1168 1407 1270 1436 Christi
1292 1408 1344 1435 610
1362 1408 1501 1436 numerari
1517 1409 1636 1444 oportuit
1660 1410 1730 1437 6110

949 1453 1090 1482 orientalis
1111 1462 1189 1487 aera),
1218 1460 1246 1482 at
1271 1455 1360 1482 solum
1380 1455 1450 1482 6l02
1475 1457 1586 1490 putatur
1606 1462 1621 1482 a
1642 1455 1731 1483 Theo-

950 1498 1054 1533 phane;
1073 1504 1174 1535 quotus
1196 1504 1238 1528 est
1259 1501 1286 1528 in
1301 1508 1348 1535 ea,
1363 1508 1445 1536 quam
1465 1500 1588 1528 lunarem
1611 1501 1731 1537 Scaliger

120 1547 241 1574 Humana
261 1545 360 1578 minor,
377 1552 438 1572 cum
455 1545 560 1571 unitate
580 1548 686 1571 tantum
705 1544 829 1579 superari
851 1545 898 1571 de-
914 1555 936 1585 ρ
952 1545 1080 1579 appellat.

121 1593 192 1620 heat.
205 1592 268 1619 Item
282 1591 315 1619 de
327 1590 397 1618 625‘!
409 1589 539 1618 detractis
550 1590 629 1622 5492,
646 1590 748 1617 residui
762 1594 826 1617 sunt
838 1590 899 1623 740,

121 1645 182 1666 cum
201 1637 245 1664 741
266 1637 386 1672 reliquos
411 1644 473 1664 esse
500 1641 633 1671 oporteat.
664 1635 785 1671 Denique
812 1645 901 1664 annus

122 1683 237 1718 Philippi
251 1690 298 1718 per
309 1683 380 1710 idem
392 1686 500 1716 tempus
512 1682 655 1710 labebatur
664 1682 744 1714 1064,
754 1691 808 1710 non
822 1684 900 1711 l063.

123 1729 214 1764 Itaque
229 1728 314 1755 falsus
340 1732 382 1755 est
399 1727 580 1762 Theophanes
591 1747 599 1758 ,
620 1732 646 1755 et
663 1729 837 1756 scribendum
863 1730 902 1756 illi

124 1773 185 1806 fuit,
200 1778 307 1800 mortuo
322 1771 412 1800 Leone
424 1773 594 1800 successisse
604 1772 815 1800 Constantinum
830 1783 902 1802 anno

124 1817 273 1845 secundum
298 1817 435 1845 Romanos
463 1816 550 1850 6249,
579 1817 763 1845 Alexandrino
779 1817 859 1851 6255,
887 1828 902 1846 a

124 1863 248 1900 Philippo
263 1863 342 1891 1064.

417 1919 530 1948 CAPUT
559 1919 604 1948 Vl.

125 1968 300 2003 Confutantur
315 1976 346 1995 ea
365 1976 423 2003 quae
441 1968 473 1994 de
489 1966 587 1994 Grcecis
608 1967 735 2000 computis
762 1967 903 2002 explicavit

161 2003 276 2038 Scaliger
289 2004 316 2030 in
334 2002 377 2030 VII
391 2004 425 2029 lle
439 2002 626 2030 emendatione
642 2007 794 2038 temporum
808 2003 902 2030 iidem-

160 2047 206 2073 que
225 2036 305 2065 uariis
322 2037 445 2072 exemplis
460 2038 620 2064 illustriores
631 2036 788 2066 redduntur.

160 2092 236 2120 Nunc
251 2093 285 2120 ad
301 2092 463 2120 excutienda
484 2092 529 2119 illa
545 2093 687 2120 veniamus
707 2100 768 2128 qua:
782 2093 815 2120 de
830 2093 905 2121 Grae-

126 2139 167 2166 cis
184 2139 249 2166 iisce
268 2139 406 2174 computis
420 2137 557 2173 Iosephus
579 2138 701 2174 Scaliger
721 2139 749 2166 in
771 2147 852 2174 opere
868 2139 906 2167 De

126 2184 304 2212 emendatione
327 2189 471 2219 temporum
495 2185 585 2212 attulit
607 2185 653 2220 (p.
678 2185 730 2212 749
752 2186 817 2213 edit.
844 2194 906 2221 pos-

986 1588 1121 1617 Praeterea
1135 1590 1267 1626 Georgius
1287 1599 1319 1619 ac
1337 1591 1526 1627 Theophanes,
1536 1595 1565 1619 ut
1580 1599 1662 1627 supra
1675 1599 1733 1620 me—

952 1635 1092 1668 minimus,
1101 1644 1182 1663 aeram
1194 1637 1352 1664 orientalem
1365 1636 1495 1673 Scaligeri
1506 1638 1649 1666 nominant
1662 1637 1733 1665 κατὰ

952 1682 1133 1716 Αἰγυπτίους,
1165 1683 1222 1711 sive
1249 1683 1442 1718 Ἀλεξανδρεῖς,
1471 1682 1630 1712 Paschalem
1650 1693 1732 1717 vero,

953 1727 1024 1753 κατὰ
1040 1727 1200 1762 Ῥωμαίους.
1219 1726 1336 1763 Insignis
1350 1733 1391 1755 est
1405 1735 1437 1755 ea
1453 1728 1487 1756 de
1511 1735 1541 1755 re
1556 1728 1734 1763 Theophanis

953 1772 1041 1804 locus,
1062 1781 1142 1807 quem
1155 1773 1243 1808 capite
1255 1773 1389 1808 superiori
1405 1774 1559 1807 retulimus,
1571 1774 1617 1801 ubi
1632 1781 1734 1801 annum

953 1818 1076 1850 Christi,
1113 1821 1158 1853 qui
1188 1819 1369 1854 respondebat
1391 1827 1454 1847 xxiv
1482 1819 1582 1847 Leonis
1609 1819 1733 1853 Isaurici,

954 1869 1066 1900 eratque
1083 1863 1146 1897 740,
1163 1865 1201 1892 ait
1218 1866 1369 1893 secundum
1385 1866 1533 1900 Romanos,
1549 1866 1575 1894 id
1587 1871 1629 1894 est
1643 1867 1671 1894 in
1684 1867 1737 1894 Pa-

955 1910 1052 1943 schali,
1066 1914 1095 1937 ut
1108 1910 1230 1946 Scaliger
1241 1919 1301 1939 eam
1316 1916 1404 1945 vocat,
1419 1919 1473 1939 aera
1488 1920 1549 1940 esse
1561 1912 1648 1945 6248;
1665 1913 1737 1940 κατὰ

962 1955 1145 1991 Ἀλεξανδρεῖς
1163 1956 1245 1985 6259.
1267 1957 1395 1986 Deductis
1411 1958 1491 1985 annis
1507 1958 1589 1991 5598,
1607 1958 1640 1986 de
1655 1958 1734 1991 6248,

955 2005 1040 2029 restat
1066 2009 1153 2029 annus
1168 2002 1220 2028 740
1233 2010 1240 2034 ;
1259 2002 1291 2030 de
1306 2002 1375 2030 6252
1390 2008 1480 2031 autem
1495 2004 1638 2032 subductis
1655 2005 1734 2037 5500.

955 2050 986 2074 ut
1002 2047 1071 2074 solet
1087 2047 1277 2082 Theophanes,
1296 2048 1418 2083 reliquus
1434 2054 1475 2076 est
1490 2056 1579 2076 annus
1595 2049 1628 2076 ab
1644 2049 1737 2076 lucar-

956 2092 1066 2120 natione
1090 2092 1157 2124 752,
1173 2096 1236 2119 octo
1263 2093 1343 2120 annis
1367 2093 1456 2120 minor
1472 2101 1526 2120 acra
1550 2093 1713 2128 Dionysiana
1728 2113 1736 2125 ,

957 2137 997 2165 uti
1013 2141 1228 2165 consentaneum
1249 2143 1291 2165 est
1305 2147 1310 2164 :
1330 2138 1428 2166 ablatis
1443 2142 1533 2166 autem
1544 2140 1636 2174 pannis
1657 2140 1737 2172 5492,

957 2183 1086 2211 residuus
1111 2187 1154 2211 est
1180 2191 1270 2211 annus
1296 2184 1494 2212 Incarnationis
1514 2185 1649 2212 Panodori
1676 2186 1738 2215 7l0.

127 2230 240 2265 tremae),
263 2238 333 2265 quae,
362 2234 390 2257 ut
407 2230 532 2257 universe
548 2230 649 2263 dicam,
671 2231 804 2266 ejusmodi
825 2236 904 2265 sunt;
923 2230 944 2256 D
958 2231 1077 2266 Apparet
1098 2238 1164 2266 ergo
1178 2236 1335 2266 computum
1359 2234 1514 2266 utrumque,
1530 2239 1647 2266 quorum
1673 2232 1740 2259 alte-

128 2281 158 2304 ut
174 2277 281 2304 illorum
306 2275 429 2304 scientia:
452 2275 576 2302 funditus
593 2281 730 2310 expertem
755 2282 787 2303 ac
810 2274 905 2303 rudem

130 2322 263 2349 hominem
291 2321 376 2348 fuisse
388 2320 587 2348 demonstrent.
609 2319 663 2348 Nec
675 2328 707 2348 ea
727 2321 807 2347 modo
826 2321 908 2355 repli-

130 2368 260 2401 cabimus,
269 2375 332 2403 quat
339 2367 439 2401 abipso
452 2367 480 2393 in
490 2365 511 2392 V
521 2366 560 2393 De
571 2367 751 2393 emendatione
764 2372 908 2401 temporum

131 2414 264 2449 disputata
282 2413 418 2448 capitibus
442 2412 569 2445 duobus,
594 2413 622 2439 in
640 2420 713 2440 nono
731 2412 768 2440 De
787 2413 909 2440 doctrina

131 2464 273 2493 temporum
296 2459 386 2493 capite
411 2456 432 2484 V
458 2458 671 2485 conlutavimus.
690 2457 740 2484 llic
769 2465 801 2485 ea
821 2458 908 2485 solum

132 2504 284 2540 attingenda
298 2508 373 2537 sunt,
383 2511 443 2538 qua:
454 2503 487 2531 ad
499 2507 657 2539 computum
669 2503 778 2530 Maximi
794 2504 910 2539 septimo

133 2551 160 2578 in
175 2551 244 2577 libro
262 2550 410 2583 disseruit;
426 2557 488 2584 quae
505 2550 533 2576 in
558 2549 631 2576 hunc
657 2549 758 2582 locum,
785 2554 812 2577 et
827 2549 910 2584 hujus

132 2596 275 2625 editionem
286 2595 414 2630 Computi
429 2600 567 2622 reservata
583 2595 701 2622 fuerant.

165 2641 202 2668 Ex
217 2642 260 2669 his
271 2641 390 2676 primum
407 2640 472 2667 illud
492 2641 775 2675 apertissimerl‘alsum
793 2647 835 2668 est
855 2645 911 2669 tres

134 2688 198 2715 istos
215 2692 358 2721 computos
373 2686 414 2713 sic
426 2685 537 2717 habere.
554 2690 583 2712 ut
598 2688 715 2715 natalem
733 2687 834 2716 Christi
849 2687 912 2715 Dio-

135 2733 276 2768 nysianum
301 2732 436 2763 habeant,
464 2732 606 2760 orientalis
633 2734 760 2768 quidem,
789 2734 816 2761 in
840 2742 912 2761 anno

134 2777 198 2804 550l
213 2777 338 2809 ,lunaris
365 2778 393 2804 in
417 2785 489 2804 anno
515 2778 600 2810 5495,
627 2778 769 2806 Paschalis
795 2780 822 2806 in
840 2788 912 2807 anno

134 2822 211 2851 5309.
230 2823 280 2858 (Ita
296 2824 368 2850 enim
383 2824 475 2850 vocari
491 2827 546 2850 tres
564 2831 633 2851 arras
653 2825 714 2852 illas
727 2833 743 2852 a
762 2825 911 2860 Scaligcrn,

135 2869 194 2897 libri
218 2869 301 2904 hujus
331 2869 408 2897 initio
434 2869 619 2905 monuimus.)
641 2871 716 2899 Unde
742 2872 775 2899 ad
809 2880 912 2900 annum

960 2285 1020 2303 rum
1037 2276 1172 2310 lunarem,
1197 2277 1356 2304 orientalem
1372 2277 1489 2304 alterum
1509 2278 1659 2306 nominavit
1673 2279 1740 2306 Sca-

959 2322 1043 2357 liger,
1072 2322 1106 2349 ab
1130 2323 1235 2349 Adamo
1262 2330 1372 2357 parem,
1401 2327 1429 2350 et
1452 2324 1577 2351 eumdem
1605 2332 1741 2359 annorum

960 2376 1105 2395 numerum
1122 2369 1260 2404 colligere.
1278 2369 1317 2396 Ac
1333 2369 1355 2396 si
1377 2377 1440 2397 vera
1465 2374 1539 2398 esset
1556 2370 1742 2405 Scaligeriana

960 2414 1115 2448 methodus,
1131 2419 1158 2442 et
1183 2415 1216 2442 ad
1232 2423 1333 2442 annum
1350 2423 1411 2442 aera:
1428 2415 1602 2452 Dionysiana:
1624 2416 1742 2444 addendi

961 2461 1052 2488 forent
1066 2461 1148 2493 5500,
1165 2465 1195 2488 ut
1220 2469 1454 2497 consequeremur
1477 2470 1578 2490 annum
1601 2463 1742 2489 orientalis

961 2507 1093 2542 computi,
1109 2507 1166 2535 sive
1178 2507 1249 2534 κατὰ
1261 2508 1456 2545 Ἀλεξανδρεῖς,
1471 2517 1525 2536 non
1542 2509 1635 2544 utique
1647 2509 1743 2537 mundi

961 2552 1042 2585 6252,
1055 2553 1103 2580 sed
1122 2553 1192 2580 6240
1208 2555 1347 2582 numerari
1361 2555 1482 2590 oportuit
1493 2561 1594 2582 annum
1610 2554 1671 2583 740.

997 2598 1131 2627 Praeterea
1151 2600 1220 2628 falso
1231 2604 1258 2628 et
1283 2600 1349 2628 illud
1365 2608 1380 2628 a
1400 2600 1540 2636 Scaligero
1555 2600 1688 2635 scripturn
1701 2605 1743 2629 est

962 2652 1056 2674 teram.
1074 2653 1156 2680 quam
1168 2647 1285 2682 appellat
1303 2647 1438 2679 lunarem,
1454 2654 1527 2673 anno
1543 2646 1612 2674 5495
1625 2647 1743 2674 natalem

962 2690 1091 2718 exhibere
1102 2690 1205 2719 Christi
1216 2701 1223 2719 ;
1236 2692 1284 2719 sed
1300 2691 1333 2719 ad
1345 2691 1501 2719 methodum
1513 2691 1651 2718 decurtari
1665 2692 1743 2720 annis

962 2736 979 2762 2
993 2745 999 2764 ;
1016 2737 1089 2771 quod
1104 2742 1286 2765 commentum
1303 2737 1398 2772 ἄλογον
1416 2741 1457 2764 est
1469 2741 1496 2765 et
1511 2737 1667 2764 ridiculum.
1676 2737 1743 2764 Nam

964 2790 1053 2817 neque
1085 2783 1209 2812 ratione.
1239 2791 1327 2818 neque
1353 2783 1516 2810 auctoritate
1539 2783 1660 2810 nititur:
1689 2782 1744 2810 imo

965 2832 1080 2863 utraque
1112 2829 1294 2856 convincitur.
1327 2828 1467 2864 Siquidem
1498 2828 1620 2863 computi
1650 2833 1743 2856 auctor

966 2874 1057 2908 istius,
1076 2879 1105 2902 ut
1127 2875 1234 2909 quidem
1252 2879 1374 2910 apparet,
1401 2874 1451 2902 l'uit
1472 2874 1645 2903 .Panodorus.
1666 2875 1699 2901 At
1721 2874 1746 2903 is
