1900 3137
187 141 196 167 Ι
202 141 254 168 825

187 205 255 224 anno
271 197 341 225 5495
356 197 573 225 lncarnationem
593 198 730 229 attribuit,
750 203 820 226 teste
837 199 962 235 Georgio.
979 203 1002 230 Α

186 244 253 271 Tum
271 245 408 280 cyclorum
432 249 459 270 et
479 243 658 270 indictionum
687 244 810 271 calculus
831 244 966 272 hactenus

186 292 335 326 explicatus
351 300 366 317 a
381 291 458 318 nobis
474 290 598 317 eumdem
610 290 722 317 damnat
739 299 869 319 errorem.

222 338 298 365 Unus
315 337 348 364 ab
367 336 532 372 illorcitatur
546 336 637 364 fautor
658 337 741 371 hujus
764 337 900 372 opinionis
914 337 965 364 Ce—

187 381 306 409 drenus:
326 371 460 416 quem'ait
474 388 556 407 aerum
572 381 645 407 illam
665 380 752 415 sequi,
769 389 829 414 quae
847 381 963 407 natalem

186 428 287 456 Christi
312 427 449 461 componit
471 435 532 453 cum
558 435 630 454 anno
665 427 759 454 mundi
784 426 875 458 M95;
904 426 965 453 ideo

187 479 314 508 perpetua
334 473 461 500 methodo
484 475 516 500 de
544 474 618 501 illitis
634 481 687 500 tera
702 473 883 508 ideducendos
905 480 965 500 esse

186 520 263 546 5494.
276 519 332 547 Etsi
347 519 431 546 futilis
445 523 487 546 est
503 524 600 546 auctor
612 519 671 551 iste,
690 527 741 546 nec
760 519 792 545 ad
809 519 963 546 uniusmodi

186 570 341 600 computum
359 565 537 598 adhmrescit;
554 569 644 592 tamen
666 572 700 592 ne
725 565 751 591 id
772 564 881 599 quidem
902 572 964 591 vere

185 611 218 638 de
241 619 273 639 eo
300 611 455 646 przedicavit
481 610 610 646 Scaliger
633 612 709 646 (pag;
728 609 819 645 565),
846 610 963 637 natalem

184 663 354 683 communem
372 656 399 683 in
415 656 501 691 ipsius
517 663 571 683 tera
589 664 660 683 anno
676 656 819 683 convenire
832 655 912 682 5495.

220 701 340 728 Primum
357 701 457 729 diserte
485 702 529 729 hic
549 702 628 737 (pag.
645 702 716 732 Ml)
736 701 853 728 atlirmat
874 708 904 728 se
929 701 963 727 ad

185 755 271 774 annos
295 747 493 776 lncarnationis
516 752 612 783 putare
638 747 725 778 5506,
741 751 768 774 et
798 747 880 781 paulo
902 750 964 772 ante

185 793 280 820 scribit
297 800 398 819 annum
413 792 512 820 Tiberii
525 801 559 820 xv
574 800 636 820 esse
657 792 751 820 mundi
772 792 851 820 5556.
867 792 963 819 Annus

185 847 220 865 xv
236 838 339 866 Tiberii
364 844 405 866 est
422 847 482 866 mne
505 838 657 866 communis
681 847 755 865 xxtx.
775 838 857 866 Deme
877 845 963 865 annos

186 884 253 911 5494
267 884 300 911 de
311 884 392 916 5556,
410 889 438 911 ut
459 885 580 919 praecipit
599 884 734 919 Scaliger,
751 883 854 911 orietur
873 892 962 911 annus

186 938 238 956 XLII
255 937 315 957 aera:
330 929 506 962 Christianae;
519 930 674 957 tricesimus
689 934 778 956 autem
798 929 922 963 exsistet,
940 929 963 956 si

185 974 254 1002 5506
269 974 392 1002 auferas.
781 979 784 983 λ

220 1019 260 1046 Ad
290 1020 347 1047 haec
370 1021 462 1047 urbem
487 1020 817 1055 Constantinopolitanam
844 1019 963 1047 exaedifi-

184 1070 272 1092 catam
284 1066 367 1092 refert
380 1065 490 1092 indictio
507 1073 535 1091 IIl
558 1073 629 1092 anno
644 1065 737 1092 mundi
751 1065 820 1092 5858
838 1065 875 1100 (p.
887 1065 961 1100 255),

185 1111 247 1138 Μειἰί
267 1119 312 1143 xt,
337 1111 403 1138 feria
425 1119 455 1138 ii.
484 1111 545 1138 Fuit
564 1119 629 1146 ergo
653 1112 742 1138 littera
760 1111 791 1143 D,
824 1115 850 1139 et
875 1118 962 1139 annus

183 1157 284 1184 Christi
295 1163 405 1183 cccxxx.
415 1155 443 1183 Si
457 1156 490 1183 de
505 1156 575 1183 5858
589 1156 692 1184 adinias
707 1156 777 1184 5494
790 1178 797 1190 ,
813 1156 857 1184 ﬁet
873 1164 964 1184 annus

183 1202 284 1229 Christi
302 1209 421 1229 cecxtiv.
440 1201 524 1228 Vides
541 1201 708 1235 ἀλογιστίαν.

217 1247 322 1275 ltursus
338 1247 407 1274 idem
423 1247 564 1274 Cedrenus
580 1248 617 1273 ait
636 1249 713 1283 (pag.
728 1247 794 1282 269)
807 1247 963 1275 Nectarium

185 1294 510 1328 Constantinopolitanam
546 1295 665 1322 tenuisse
702 1294 859 1321 cathedram
890 1302 961 1321 anno

184 1339 277 1366 mundi
291 1339 369 1372 5888,
386 1339 585 1366 lncarnationis
602 1339 664 1366 594.
688 1339 782 1366 Aunus
797 1347 852 1374 quo
868 1340 962 1367 sedere

182 1385 265 1419 cmpit
289 1384 441 1415 Nectarius,
456 1387 498 1411 est
511 1384 538 1410 in
554 1391 606 1411 aera
622 1383 785 1419 Dionysiana
802 1385 869 1418 58!;
889 1392 962 1411 mor-

183 1433 246 1456 tuus
260 1434 301 1456 est
317 1434 405 1456 autem
421 1429 484 1456 593.
511 1429 638 1457 Deductis
659 1430 738 1458 annis
754 1430 823 1457 5494
842 1432 875 1458 de
892 1430 962 1458 5888

182 1475 278 1509 reliqui
297 1478 361 1502 sunt
388 1475 451 1502 594.
469 1475 566 1502 Verum
592 1483 645 1502 non
671 1475 714 1502 ille
737 1483 825 1503 annus
841 1479 883 1503 est
900 1484 961 1504 tera:

182 1519 350 1555 Dionysiame
375 1529 380 1546 :
399 1520 478 1554 cujus
493 1520 527 1547 ad
548 1521 703 1548 methoduin
723 1521 885 1549 auferendos
899 1529 960 1550 esse
972 1539 997 1570 α

181 1565 260 1593 scivit
278 1572 364 1592 annos
381 1565 461 1593 5494.

216 1609 319 1641 Quarto
336 1611 467 1645 synodum
486 1610 649 1645 Ephesinam
672 1612 787 1646 primam
807 1612 914 1640 confert
930 1613 958 1640 in

181 1662 281 1681 annum
302 1655 372 1682 5915
390 1656 469 1691 (pag.
483 1656 564 1691 2'16).
585 1656 677 1684 Deduc
700 1665 786 1685 annos
810 1658 888 1690 5494,
914 1658 959 1686 fiet

181 1708 268 1728 unus
283 1701 383 1729 Christi
393 1702 454 1729 421.
472 1703 554 1738 Atqui
566 1708 626 1731 erat
641 1712 730 1731 annus
747 1704 810 1731 451.

214 1746 314 1779 Quinto
339 1748 491 1775 Romanum
514 1749 714 1784 imperatorem,
731 1751 777 1785 qui
803 1758 863 1778 cum
883 1751 955 1778 Con-

180 1793 299 1819 stantino
310 1792 545 1829 Porphyrogeneto
555 1795 697 1829 imperium
709 1796 804 1827 tenuit,
814 1804 828 1823 a
844 1795 958 1832 Stepha-

179 1845 215 1864 no
230 1838 285 1865 filio
298 1838 325 1865 in
340 1838 460 1866 ordinem
471 1839 609 1867 rcdacttmi
623 1849 683 1868 esse
695 1847 866 1869 narratanno
876 1843 956 1875 6455,

179 1884 325 1913 indictione
341 1893 371 1912 iii
388 1885 426 1920 (p.
439 1885 518 1921 522).
532 1885 626 1913 Annus
641 1892 700 1913 erat
716 1887 816 1915 Christi
829 1888 890 1919 944,
904 1897 959 1923 quo

178 1929 291 1956 indictio
308 1938 335 1956 ιιι
349 1930 405 1964 jam
418 1933 599 1965 usurpabatur
611 1931 765 1960 Decembris
778 1941 831 1966 xVi,
845 1934 955 1969 quando

179 1975 244 2002 illud
258 1976 365 2003 accidit.
374 1975 433 2003 Jam
445 1977 466 2004 si
485 1977 519 2004 ab
530 1979 608 2005 annis
618 1978 687 2006 6455
699 1979 807 2007 auferas
822 1980 904 2012 5494,
916 1989 959 2008 re-

177 2020 313 2055 linquetur
325 2029 412 2049 annus
425 2022 525 2050 Christi
541 2023 602 2050 959.
611 2023 758 2052 Subductis
770 2030 861 2052 autent
876 2027 955 2053 annis

178 2066 257 2099 5508,
267 2068 374 2094 exsistit
388 2075 476 2095 annus
493 2068 556 2095 9M.
570 2068 659 2102 Quare
677 2078 730 2097 non
752 2072 888 2105 lunarem,
906 2071 955 2098 sed

177 2111 332 2140 Paschalem
350 2118 507 2148 computum
524 2114 611 2141 tenuit
627 2115 677 2142 hoc
693 2116 754 2141 loco
770 2116 918 2143 Cedrcnus.

212 2157 294 2187 Sexto
308 2159 539 2195 Theophylactum
551 2161 730 2195 patriarcham
745 2162 846 2188 obiissc
857 2162 952 2189 scribit

178 2203 248 2240 (pag.
258 2204 320 2238 5'26)
329 2212 399 2232 anno
407 2206 486 2238 6464,
497 2206 644 2234 indictione
652 2215 706 2239 xiv,
719 2207 857 2234 Februarii
867 2217 951 2236 xxvn.
968 2219 995 2248 ο

177 2249 226 2276 llic
240 2257 327 2277 annus
343 2254 384 2278 est
394 2258 454 2278 serie
469 2253 620 2279 communis
632 2252 692 2284 956,
706 2253 804 2287 quibus
819 2254 951 2282 detractis

177 2296 209 2322 de
219 2294 287 2321 6464
301 2296 391 2328 annis,
403 2301 507 2324 restant
518 2298 597 2326 5508.
610 2298 728 2326 Proinde
743 2301 824 2326 etiam
840 2300 884 2327 hic
899 2309 955 2328 wra-

175 2339 300 2367 Paschali
317 2341 455 2369 Cedrenus
473 2343 570 2370 utitur.

210 2385 331 2419 Denique
351 2387 466 2421 scriptor
480 2388 550 2415 idem
564 2389 692 2425 deinceps
712 2390 745 2417 ad
763 2390 844 2418 finem
859 2391 949 2426 operis

174 2436 300 2466 computo
309 2433 355 2459 illo
369 2433 465 2466 utitur,
481 2435 528 2469 qui
536 2435 568 2462 ad
579 2443 660 2462 teram
676 2437 857 2464 Christianam
870 2446 956 2474 appos

173 2478 212 2504 nit
226 2485 311 2505 annos
323 2479 403 2511 5308,
417 2483 446 2505 ut
463 2487 496 2506 ex
511 2480 658 2509 indictione
670 2483 753 2516 liquet
766 2493 772 2510 :
792 2485 864 2511 velut
879 2492 951 2511 anno

174 2523 267 2548 mundi
283 2522 361 2554 6468,
375 2523 453 2555 6471,
473 2524 550 2556 649Ἅ,
574 2525 654 2558 6508,
670 2527 748 2559 6518,
769 2528 849 2561 6524,
868 2529 954 2561 6526,-

175 2567 252 2599 0327,
268 2574 293 2595 et
311 2569 391 2596 sicin
403 2570 524 2605 reliquis.
542 2570 607 2604 Quae
621 2577 708 2606 potest
722 2575 804 2608 igitur
821 2583 870 2610 par
887 2575 951 2603 huic

174 2620 234 2640 esse
247 2615 396 2647 temeritas,
419 2624 479 2650 quae
494 2617 638 2644 oscitantia
665 2619 761 2653 major,
778 2628 859 2656 quam
876 2622 950 2648 allii--

174 2666 247 2685 iiiare
261 2659 412 2687 Cedrenum
434 2662 471 2689 ita
492 2670 578 2691 annos
593 2664 686 2690 mundi
709 2672 839 2700 perpetuo
864 2675 950 2694 eom—

173 2707 293 2737 putasse,
309 2710 338 2732 ut
353 2706 386 2733 ad
409 2715 488 2742 azrain
502 2708 684 2737 Christianam
712 2711 841 2745 adjiceret
854 2713 924 2740 549i
941 2722 947 2745 ;

173 2758 234 2775 cuni
259 2751 357 2786 ubique
379 2753 434 2781 fere
452 2753 521 2782 5.308
537 2755 685 2791 adjungat;
702 2762 748 2784 aut
765 2758 788 2784 si
809 2759 887 2786 aliter
907 2760 948 2786 iii-

174 2794 286 2826 siituat,
304 2797 425 2825 mendosi
447 2799 590 2834 perspicue
616 2803 722 2828 numeri
752 2803 827 2829 sint?
852 2803 948 2837 Unus,

173 2840 283 2874 opinor,
303 2842 376 2870 locus
393 2848 444 2876 est,
465 2845 492 2871 in
517 2853 570 2880 quo
586 2853 648 2873 cum
675 2855 730 2874 cera
746 2848 847 2884 vulgari
870 2851 946 2885 paria

978 871 998 898 Β

678 141 722 168 AD
743 142 874 169 EUSEBH
894 142 1092 172 CllRONlCON
1109 143 1290 173 APPENDIX.

1740 149 1813 177 ιιΞι

1018 201 1092 232 facit,
1111 201 1242 230 detractis
1263 203 1297 229 de
1312 211 1384 230 anno
1406 205 1497 232 mundi
1511 205 1604 233 5494:
1623 202 1759 233 nimirum
1782 207 1810 234 in

1015 253 1047 271 eo
1065 247 1111 280 qui
1139 252 1250 281 putatur
1265 247 1346 278 6021.
1363 256 1416 282 quo
1431 249 1619 277 Justinianuni
1644 251 1744 278 iniisse
1766 259 1809 278 re-

1016 291 1066 318 fert
1081 301 1088 323 ;
1108 293 1210 327 quique
1231 292 1413 329 Dionysianus
1432 296 1481 321 l‘nit
1498 304 1588 323 annus
1600 296 1666 323 59.7.
1695 297 1722 323 Si
1738 306 1808 332 pra:-

1015 341 1056 363 ter
1090 337 1141 365 hoc
1174 339 1297 373 exempla
1328 340 1380 366 alia
1407 346 1552 375 suppetant
1585 343 1704 376 (neque
1731 343 1809 369 enim

1015 385 1130 410 scrutari
1151 388 1228 411 vacat
1253 385 1374 420 omnia),
1391 393 1423 413 ca
1440 387 1517 422 longe
1541 388 1713 422 paucissima
1727 393 1807 421 stitit,

1015 436 1064 455 nec
1078 437 1139 456 cum
1158 438 1263 464 eorum,
1276 439 1336 466 quae
1350 433 1539 467 produximus,
1556 442 1674 461 numero
1691 443 1807 470 compa-

1018 475 1071 501 rari
1088 480 1202 510 queunt.
1228 478 1363 509 Quocirca
1389 486 1469 505 nemo
1495 478 1655 506 Graecorum
1678 485 1807 507 veterum

1015 521 1048 547 de
1062 521 1112 547 hac
1127 529 1181 548 aera
1205 523 1334 557 cogitavit
1358 531 1495 558 unquam;
1521 532 1602 552 nemo
1627 526 1740 554 biennio
1758 527 1806 553 de-

1014 568 1131 594 curtavit
1147 568 1237 602 :quod
1255 569 1378 604 ineptum
1394 574 1436 597 est
1454 578 1485 597 ac
1501 570 1640 598 frivolum.

1049 613 1078 640 ln
1089 614 1174 649 cyclis
1188 622 1252 641 vero
1269 615 1336 642 solis
1348 624 1379 642 ac
1392 616 1473 648 lunae,
1488 624 1557 651 quos
1569 618 1709 652 computis
1725 618 1802 645 Cra:-

1014 660 1053 687 cis
1077 661 1291 687 accommodavit
1314 662 1342 687 in
1368 661 1446 689 Notis
1471 663 1504 690 ad
1529 662 1646 698 Eclogas
1676 664 1803 695 Maximi,

1013 711 1114 740 quanta
1130 706 1255 733 ca‘citas!
1272 706 1354 742 Cyclo
1370 708 1436 735 solis
1448 716 1508 735 ιλιι-ω
1529 709 1636 736 lunaris
1651 709 1743 744 primo
1762 719 1804 737 rc-

1013 751 1147 785 spondere
1165 755 1265 778 asserit
1285 752 1390 786 cyclum
1413 753 1480 780 solis
1492 761 1548 780 xvii
1570 761 1631 781 tera:
1644 753 1801 787 Paschalis,

1013 799 1040 822 et
1065 795 1207 823 orientalis
1231 804 1333 824 nonum
1348 805 1354 828 ;
1370 805 1401 825 ac
1415 798 1504 825 tribus
1526 799 1588 826 istis
1606 800 1712 827 litteras
1729 799 1751 826 Β
1770 800 1801 831 Δ,

1013 844 1043 866 ut
1061 841 1096 868 sit
1117 841 1257 869 Romanus
1274 842 1366 876 cyclus
1380 851 1414 870 v:
1439 844 1516 878 cyrlo
1531 851 1596 871 vero
1612 845 1702 871 lunari
1729 853 1802 877 aera,-

1015 894 1096 921 quam
1114 887 1235 913 lunarem
1247 891 1335 920 vocat,
1349 889 1514 923 respondere
1530 890 1658 917 similiter
1675 890 1704 916 in
1725 898 1801 917 com-

1013 937 1078 968 puto
1106 933 1229 960 Paschali
1258 934 1364 968 cyclum
1384 942 1458 966 xvii,
1476 935 1504 962 iu
1527 936 1656 963 orientali
1684 944 1805 966 nonum,

1012 978 1121 1014 quando
1133 988 1177 1006 xtv
1187 979 1326 1008 Paschalis
1339 981 1507 1016 eratApi-ilis
1520 990 1544 1009 v.
1555 981 1654 1009 Mirum
1669 990 1734 1010 cum
1749 985 1801 1011 ista

1012 1026 1152 1058 scriberet,
1163 1034 1216 1053 non
1231 1027 1305 1054 illum
1321 1027 1492 1054 consuluisse
1504 1026 1652 1055 Maximum
1669 1035 1801 1061 suum,et

1012 1070 1165 1106 exemplum
1188 1072 1221 1098 ab
1248 1079 1280 1099 eo
1304 1072 1433 1108 descripti
1459 1072 1601 1100 Paschalis
1625 1075 1800 1102 animadver-

1012 1117 1098 1143 tisse:
1125 1124 1198 1144 anno
1221 1119 1317 1145 mundi
1341 1119 1425 1150 6155,
1455 1119 1561 1154 cyclum
1588 1121 1657 1148 solis
1682 1121 1799 1156 imputat

1012 1162 1147 1190 Maximus
1163 1164 1293 1198 primum,
1306 1165 1411 1199 cyclum
1427 1165 1497 1192 luna:
1508 1173 1558 1198 xv;
1579 1167 1732 1193 terminum
1748 1166 1799 1193 Pa-

1012 1208 1142 1240 schalem,
1167 1210 1224 1237 sive
1241 1218 1286 1236 xiv
1310 1211 1347 1236 ait
1371 1211 1500 1239 incidisse
1518 1211 1649 1240 Kalendis
1674 1214 1796 1248 Aprilis,

1012 1253 1078 1280 feria
1099 1254 1196 1289 prima.
1221 1254 1250 1282 Si
1268 1256 1330 1290 quis
1343 1256 1413 1284 alius
1430 1258 1600 1289 orientalem,
1612 1267 1695 1293 quem
1719 1265 1797 1287 vocat

1013 1297 1144 1334 Scaliger,
1165 1305 1322 1335 computum
1336 1301 1473 1335 adhibuit,
1495 1303 1517 1330 is
1540 1310 1581 1330 est
1602 1306 1728 1338 profecto
1742 1305 1797 1331 Ma-

1013 1345 1113 1372 ximus.
1137 1344 1204 1372 l‘lam
1230 1347 1308 1373 docet
1334 1355 1406 1374 anno
1434 1348 1501 1375 5501
1533 1349 1708 1377 incarnatum
1736 1360 1797 1378 esse

1012 1389 1163 1418 Christum.
1180 1391 1263 1426 Igitur
1278 1393 1355 1428 cyclo
1379 1394 1451 1421 illitis
1465 1401 1526 1422 terte
1541 1395 1630 1428 primo
1649 1397 1797 1431 respondet

1011 1443 1045 1463 ex
1059 1436 1191 1464 laterculo
1204 1438 1334 1473 Scaligeri
1348 1440 1441 1474 cyclus
1451 1441 1517 1468 solis
1527 1449 1571 1468 xxt
1584 1441 1611 1468 in
1625 1449 1681 1468 aera
1694 1443 1794 1474 lunari,

1013 1485 1040 1507 et
1054 1488 1081 1508 ix
1095 1481 1122 1508 in
1135 1482 1261 1509 Paschali
1275 1492 1283 1510 :
1306 1483 1446 1511 Romanus
1461 1492 1525 1512 vero
1540 1487 1635 1520 cyelus
1660 1495 1725 1518 xxv,
1743 1488 1795 1514 hoc

1011 1526 1154 1554 estlittera:
1164 1527 1217 1554 El).
1228 1529 1308 1564 Atqui
1317 1535 1423 1557 constat
1432 1531 1577 1558 litteramG
1587 1539 1661 1559 anno
1672 1533 1721 1560 illo
1733 1541 1795 1559 cuni

1012 1579 1037 1598 vi
1055 1572 1177 1600 llomano
1198 1575 1274 1609 cyclo
1298 1576 1364 1602 solis
1375 1576 1527 1604 obtinuisse
1545 1587 1551 1604 :
1570 1578 1703 1605 nimirum
1723 1586 1799 1605 anno

1009 1617 1113 1645 Christi
1128 1626 1224 1651 lDCXLI,
1241 1628 1294 1655 quo
1313 1621 1380 1648 feria
1400 1623 1486 1657 prima
1504 1623 1598 1650 incidit
1615 1624 1641 1650 in
1658 1623 1797 1652 Kalendas

1010 1662 1121 1698 Aprilis.
1140 1665 1207 1692 item
1223 1673 1257 1692 ex
1282 1667 1381 1694 tabella
1407 1668 1538 1704 Scaligeri
1565 1669 1675 1696 decima
1694 1675 1797 1704 quarta

1009 1707 1148 1738 Paschalis
1162 1711 1239 1746 cyclo
1261 1712 1331 1740 luna
1345 1722 1380 1741 xv
1395 1715 1491 1742 cadere
1512 1715 1644 1743 debuerat
1660 1717 1687 1743 in
1702 1716 1795 1744 Martii

1009 1763 1073 1787 XXX,
1091 1761 1119 1783 ul.
1135 1761 1208 1784 esset
1222 1766 1322 1787 {IUI‘CUS
1338 1768 1467 1788 numerus
1480 1769 1526 1792 VII,
1543 1770 1607 1788 Clllll
1628 1767 1723 1790 tamen
1737 1771 1794 1790 2⁵33⁵-

1010 1803 1066 1827 tum
1082 1800 1118 1828 Sit
1144 1809 1214 1830 anno
1235 1804 1329 1831 eodem
1358 1813 1469 1832 aureum
1492 1814 1635 1834 numerum
1651 1809 1794 1836 exstitisse

1009 1853 1053 1877 xv,
1067 1851 1094 1873 et
1106 1848 1249 1875 terminttm
1264 1849 1420 1877 Paschalcm
1437 1851 1571 1879 Kalendas
1584 1852 1694 1888 Apriles
1710 1862 1793 1880 occu-

1009 1899 1098 1926 passe.
1116 1893 1227 1921 Possem
1251 1896 1300 1922 ista
1320 1896 1401 1924 latius
1425 1899 1568 1932 persequi,
1587 1904 1614 1926 et
1640 1900 1791 1931 inscitiam,

1008 1945 1062 1972 qua
1077 1939 1150 1965 nulla
1164 1940 1214 1967 hoc
1228 1941 1254 1967 in
1270 1947 1430 1976 argumento
1444 1944 1529 1978 major
1549 1950 1639 1979 potest
1654 1947 1791 1975 accidere.

1008 1984 1132 2018 pluribus
1158 1987 1290 2021 exemplis
1318 1987 1471 2016 traducere.
1495 1989 1547 2017 Sed
1588 1998 1622 2018 ex
1646 1993 1791 2026 superiore

1008 2029 1082 2055 omni
1096 2030 1280 2065 disputatione
1291 2041 1372 2067 quam
1387 2033 1420 2060 de
1432 2035 1569 2069 computis
1581 2036 1640 2063 istis
1651 2042 1680 2064 et
1694 2045 1788 2064 eorum

1008 2075 1079 2102 inter
1093 2084 1122 2103 se
1134 2077 1240 2105 ratione
1251 2084 1406 2106 accuratam
1423 2080 1601 2113 instituimus,
1618 2082 1683 2111 licet
1700 2085 1789 2111 cuivis

1008 2121 1048 2147 vel
1059 2121 1191 2149 mediocri
1207 2131 1257 2150 usu
1272 2123 1364 2150 talium
1381 2125 1514 2152 instructo
1528 2126 1634 2155 infinite
1647 2132 1791 2163 patentem

1007 2165 1244 2195 hallucinatiouem
1260 2170 1435 2197 convincere.

1300 2214 1412 2242 CAPUT
1433 2215 1490 2243 VII.

1008 2257 1045 2284 De
1065 2258 1185 2296 utet/lado
1217 2261 1335 2294 paschali
1360 2267 1540 2296 compulerunt
1571 2264 1724 2291 Gra‘cnrum
1757 2273 1791 2292 ac

1040 2293 1152 2334 primum
1169 2293 1200 2320 de
1214 2293 1426 2334 ἦμεροευρεσξῳζ
1442 2298 1494 2324 sive
1506 2298 1688 2334 itteestiganﬂa
1709 2302 1784 2334 feria.

1041 2327 1212 2370 {imponuntur
1225 2327 1351 2357 clementi:
1366 2327 1528 2370 ejus-munia
1537 2327 1621 2370 λιιιιῷ
1642 2335 1695 2361 sint
1709 2327 1786 2370 regis;

1041 2363 1120 2394 lares,
1141 2370 1336 2403 concurrentes,
1358 2363 1514 2401 π’ροσθεταί.
1537 2363 1678 2403 νδὲαιίρενί
1705 2363 1791 2397 ἰπἿιὶε

1038 2406 1121 2424 error.
1136 2399 1270 2426 Maximus
1285 2406 1309 2427 et
1323 2399 1433 2428 [satiata
1449 2403 1573 2436 expositi.

1038 2441 1180 2471 Paschalis
1210 2445 1352 2473 methodus
1368 2446 1395 2472 in
1414 2446 1468 2473 duo
1498 2447 1606 2483 fastigia
1634 2449 1783 2483 dividitur;

1004 2495 1053 2522 pro
1075 2490 1158 2524 cyclis
1181 2490 1304 2523 totidem,
1332 2492 1398 2519 solis
1427 2500 1458 2519 ac
1489 2493 1569 2520 lunaa.
1598 2494 1666 2523 Pars
1695 2496 1785 2530 itaque

1004 2533 1078 2568 prior
1092 2539 1134 2562 est
1151 2536 1294 2564 character
1310 2536 1373 2569 diei,
1392 2538 1450 2565 sive
1466 2539 1544 2572 feria,
1562 2541 1635 2575 quod
1650 2542 1782 2577 ἡμεροευ-

1005 2580 1093 2614 ρέσιον
1110 2580 1243 2609 Maximus
1252 2584 1377 2618 appellat,
1396 2585 1532 2619 posterior
1548 2586 1580 2613 ad
1598 2592 1724 2621 quartam
1737 2589 1779 2615 de-

1004 2625 1101 2652 cimam
1118 2627 1288 2661 paschalem;
1307 2629 1449 2665 ipsumque
1463 2630 1567 2658 Pascha
1578 2633 1781 2667 Christianum;

1004 2675 1029 2697 et
1046 2671 1078 2698 ad
1097 2672 1176 2703 luna},
1195 2678 1224 2700 ut
1240 2679 1348 2706 vocant,
1361 2680 1466 2703 aetatem
1486 2677 1704 2713 investigandam
1722 2688 1781 2715 per-

1004 2717 1080 2743 tinet.
1097 2716 1244 2753 Utriusque
1259 2720 1328 2746 ratio
1340 2729 1355 2747 a
1371 2721 1448 2748 nobis
1460 2723 1651 2757 explicabitur,
1670 2730 1752 2760 atque
1766 2735 1783 2752 ιι

1002 2762 1098 2796 pripri,
1112 2771 1172 2798 qua:
1185 2765 1252 2792 solis
1263 2767 1373 2800 propria
1388 2771 1439 2799 est,
1456 2769 1593 2802 capiemus
1616 2769 1736 2797 init-ium.

1038 2807 1099 2835 Tria
1116 2815 1180 2837 sunt
1211 2810 1245 2837 ad
1270 2812 1446 2847 indagandam
1472 2814 1566 2841 feriam
1583 2816 1610 2843 in
1625 2816 1778 2844 Gnecorinn

1002 2859 1129 2889 computo
1144 2857 1316 2890 necessaria;
1332 2858 1487 2894 προσϐεταί,
1503 2859 1561 2888 sive
1577 2865 1681 2896 cpactie
1706 2869 1780 2891 nien-
