1900 3137
175 185 241 212 Ηιὶῖ
663 186 709 212 AD
724 186 857 215 EUSEBII
874 187 1070 216 CHRONICON
1091 187 1268 216 APPENDIX.
1725 184 1797 212 1-528

174 244 284 272 tributis
319 248 422 273 restant
447 244 482 276 2,
511 252 571 279 quae
600 246 748 280 προαῡεταί
768 254 828 274 esse
855 248 953 275 debent
968 252 990 279 Α,
1008 249 1123 276 habebat
1147 248 1239 283 cyclus
1258 255 1350 278 xxvm,
1380 247 1458 281 cujus
1473 251 1575 282 epacta:
1597 248 1666 273 sunt
1696 253 1736 272 vr.
1756 246 1796 271 Ad

173 291 319 324 Januarii,
355 292 378 319 si
410 291 443 318 ab
474 290 560 326 Aprili
592 296 806 327 computentur;
840 299 868 321 at
906 294 952 321 Ja-
1005 294 1143 329 regulares
1168 294 1259 328 itaque
1280 291 1418 320 Februarii
1445 301 1487 324 Iv,
1514 292 1537 319 si
1566 291 1700 318 accedant
1727 274 1806 324 era}

176 338 288 365 )ltlal'llls
318 340 421 364 tantum
454 337 535 364 habet
563 345 582 364 ι.
602 337 719 366 Proinde
735 339 775 366 sic
793 347 808 365 a
823 339 954 367 Januario
1005 344 1055 367 ctm
1076 348 1111 371 vr,
1127 344 1153 367 et
1173 338 1318 374 ὴπθσταία
1340 347 1347 365 ι
1368 338 1412 365 lict
1431 337 1558 364 Kalendis
1577 335 1736 364 Februariis
1756 335 1797 362 fe—

176 384 298 411 calculus
316 386 489 418 propagatur.
505 383 638 416 Quoniam
656 392 717 411 cum
742 384 859 412 litteraG
871 390 912 413 est
927 386 955 412 in
1006 386 1045 412 ria
1059 394 1095 413 IV.
1108 385 1172 412 Erat
1188 389 1278 412 autem
1286 393 1311 411 v.
1324 384 1409 419 igitur
1424 391 1478 410 non
1491 387 1593 418 epaeta:
1608 391 1635 409 v1
1653 382 1796 408 annicur-

177 437 239 460 usu,
253 428 374 455 Januarii
387 428 517 456 Kalendis
533 429 599 456 feria
623 433 665 456 est
691 430 827 464 secunda';
854 435 955 465 epacta:
1007 431 1102 462 reutis,
1119 431 1167 458 sed
1183 438 1218 458 vn
1237 430 1301 457 anni
1319 430 1459 464 sequentis
1476 428 1639 456 adhibenda:
1667 431 1745 459 sunt,
1765 431 1794 454 ut

176 473 297 502 Januarii
320 477 384 501 sunt
399 481 419 506 ι,
438 474 532 500 ultima
550 474 608 501 dies
632 473 753 502 Januarii
778 480 820 503 est
838 475 904 503 feria
917 484 953 503 iv.
1007 476 1074 503 feria
1089 476 1237 511 vprodeat.
1256 475 1341 510 llujus
1357 476 1395 502 rei
1411 482 1493 502 causa
1511 483 1544 502 ex
1558 474 1695 509 dispositu
1712 481 1795 508 regu-

177 519 242 547 Nam
255 519 350 546 divisis
364 519 399 546 52
410 519 517 552 diebus,
529 520 579 546 hoc
595 525 638 547 est
661 521 691 547 51
708 520 842 553 Januarii,
854 526 881 549 et
892 529 957 557 epa-
1007 522 1103 548 larium
1120 521 1229 556 petitur.
1246 521 1312 548 Nam
1326 521 1348 548 si
1367 521 1401 548 ab
1420 520 1505 556 Aprili
1522 524 1611 555 empta
1637 519 1795 554 progressio

177 569 219 592 cla
231 565 290 600 ejus
306 573 313 591 ι
330 572 379 600 per
394 565 421 597 7,
440 568 544 593 restant
560 566 619 593 dies
633 565 667 597 4;
681 566 721 593 sic
736 566 833 594 divisis
848 567 893 599 9|,
906 567 957 594 hoc
1008 576 1062 595 non
1078 567 1298 602 iuterpellaretur
1311 567 1337 594 in
1355 566 1492 599 Januario,
1507 570 1637 600 essetque
1659 564 1793 600 regularis

176 615 219 638 est
233 611 328 639 diebus
345 612 478 638 mensium
495 612 587 645 trium,
607 611 698 638 addita
714 616 808 646 epacta
820 612 955 643 Januarii,
1009 614 1102 648 hujus,
1125 618 1155 640 ut
1174 620 1222 648 par
1253 616 1321 645 erat,
1337 620 1367 644 ιι,
1393 616 1420 640 et
1446 611 1585 638 Februarii
1602 620 1629 641 v.
1641 619 1676 638 ex
1691 611 1792 646 epact‘s

177 664 226 691 Per
239 657 265 689 7.
280 657 418 684 residuum
430 661 472 684 est
487 657 502 682 7
515 661 610 692 epacta
628 658 729 685 mensis
741 657 859 692 Aprilis;
879 657 957 684 dein-
995 660 1108 688 -veteris
1131 660 1206 691 anni,
1235 663 1262 686 et
1291 659 1462 694 regularibus
1487 658 1628 685 Februarii
1652 665 1714 684 eum
1749 666 1792 683 m-

177 711 241 739 ceps
253 709 341 731 autem
363 704 398 731 ab
412 704 498 739 Aprili
515 704 582 731 nihil
596 704 720 737 additur,
738 705 867 740 quoniam
896 711 959 739 epa-
1011 706 1090 741 σταίᾳ
1104 708 1344 740 rcprmsentaretur
1353 704 1418 730 l‘eria
1425 704 1529 739 quinta.
1539 703 1616 730 Nunc
1628 702 1794 730 iuJanuario

177 754 221 777 cta
235 750 336 785 Aprilis
345 754 387 778 est
403 750 429 783 7,
444 751 485 778 vel
499 751 525 778 6.
544 750 630 785 Hujus
642 751 692 782 rei,
709 750 857 785 quamlibet
872 750 938 778 levis
950 770 957 781 .
1010 759 1109 778 novum
1126 751 1266 778 exordium
1288 750 1502 784 imprudentibus
1522 749 1662 784 obrepsit,
1693 753 1722 776 ut
1754 757 1795 775 re-

179 795 332 823 observatio
343 803 397 822 non
409 796 571 824 mediocrem
590 797 679 824 lucem
705 796 784 823 aﬂ'ert
803 795 958 822 Graecorum
1010 796 1113 831 gularis
1135 799 1294 830 competens
1320 802 1374 821 uno
1396 795 1553 822 deminutus
1580 795 1658 821 ﬁeret
1675 802 1693 822 I.
1711 794 1754 820 0b
1771 794 1794 820 il

179 844 308 875 computo
325 851 332 868 :
349 841 429 875 cujus
442 842 609 876 ignoratione
620 842 687 869 adeo
705 841 851 869 manifesto
865 849 959 870 errore
1010 848 1104 878 epacta
1121 843 1223 870 unitate
1235 842 1330 877 major,
1346 842 1373 869 id
1388 847 1428 870 est
1450 842 1514 869 anni
1540 841 1692 877 sequentis,
1717 844 1794 867 antc-

179 886 334 921 implicatus
354 890 396 914 est
412 886 539 922 Scaliger.
1012 889 1126 916 vertitur

214 933 324 959 lsaacus
350 932 500 960 monachus
530 933 629 965 prioris
655 932 782 968 Cotnputi
807 934 894 969 capite
917 932 961 965 IV,
977 928 999 955 Β
1049 935 1211 970 Epactarum
1224 941 1386 966 annuarum,
1405 935 1460 962 sive
1473 934 1697 962 concurrentium
1720 934 1798 959 inve-

180 977 330 1013 προσθετάς
345 978 476 1005 mensium
491 983 570 1005 vocat
585 979 841 1014 émxtdg,{quarum
854 979 930 1014 epilot

1046 981 1131 1017 igatio
1146 981 1226 1008 aliter
1239 987 1254 1006 a
1271 979 1388 1007 Maximo
1408 981 1569 1015 proponitur
1586 979 1677 1014 capite
1701 977 1796 1005 XXIX.

180 1031 269 1051 sinum
286 1024 382 1058 incipit
395 1024 430 1051 ab
456 1024 559 1058 Aprili;
588 1031 620 1051 ac
649 1024 784 1060 superiori
801 1025 839 1052 illi
864 1025 963 1052 rationi
1014 1025 1119 1059 Quotus
1134 1030 1173 1054 est
1185 1029 1278 1063 cyclus
1289 1029 1363 1061 anni,
1381 1027 1426 1063 qui
1445 1026 1587 1060 Quaeritur,
1603 1024 1717 1051 totidem
1728 1024 1797 1053 dies,

181 1069 344 1104 suffragator
355 1069 468 1096 accedit.
484 1069 590 1097 Etenim
604 1075 715 1105 epactas
725 1070 875 1105 cujuslibet
889 1078 964 1098 men-
1016 1079 1069 1098 uno
1078 1072 1197 1107 dempto.
1215 1074 1284 1100 sumi
1299 1073 1428 1108 praecipit.
1441 1071 1502 1098 lude
1513 1070 1652 1105 cyclorum
1663 1068 1798 1098 omnium,

181 1114 220 1142 sis
236 1114 378 1141 constituit
394 1113 488 1141 feriam
501 1115 602 1142 ultima:
617 1114 669 1142 diei
683 1115 868 1142 antecedentis
888 1116 964 1151 eyelo
1016 1118 1090 1145 nullo
1105 1122 1241 1153 exempto,
1266 1127 1408 1146 numerum
1429 1125 1475 1152 per
1491 1116 1508 1142 4
1523 1115 1617 1151 partiri
1636 1123 1642 1140 :
1671 1114 1744 1149 quod
1767 1122 1798 1140 ex

181 1160 279 1194 primo,
292 1167 353 1186 eum
372 1159 461 1187 littera
471 1164 513 1187 est
528 1159 559 1187 G.
578 1160 753 1188 Ostendimus
768 1169 850 1196 supra
865 1169 925 1196 cap.
941 1161 964 1189 V
1015 1162 1149 1191 diviSione
1163 1164 1285 1198 provenit
1306 1163 1340 1190 ad
1359 1162 1528 1197 superiorem
1558 1167 1696 1188 summam
1724 1158 1799 1185 addi-

181 1204 288 1240 cyclum
305 1205 370 1232 solis
385 1204 470 1232 lsaaci
484 1205 649 1240 respondere
668 1214 723 1232 xvu
736 1205 870 1239 Romano,
885 1206 964 1241 cujus
1016 1212 1083 1240 tum,
1104 1212 1214 1243 totoque
1224 1217 1271 1244 per
1286 1209 1301 1235 7
1317 1209 1426 1244 partito,
1453 1207 1587 1241 reliquum
1607 1206 1661 1232 erit
1692 1208 1797 1239 epacta,

183 1251 279 1277 littera:
292 1254 357 1277 sunt
369 1250 425 1278 AG.
443 1250 536 1285 Itaque
549 1251 677 1279 Octobris
687 1251 814 1279 Kalenda:
829 1253 855 1279 in
870 1251 965 1280 feriam
1015 1254 1056 1280 vel
1066 1254 1088 1281 si
1103 1254 1222 1288 supersit
1238 1254 1316 1285 nihil,
1333 1252 1504 1288 septenarius
1520 1251 1588 1285 ipse.
1601 1249 1686 1277 Verbi
1702 1249 1799 1285 gratia.

183 1297 330 1324 secundam
345 1296 486 1330 incidunt;
502 1301 530 1325 et
546 1297 609 1332 quia
628 1297 688 1325 dies
716 1298 810 1324 ultima
842 1297 964 1332 Septcm-
1015 1305 1172 1334 quaarantur
1183 1303 1284 1334 epactte
1297 1299 1359 1326 anni
1371 1307 1444 1325 XXVI.
1459 1297 1500 1325 0b
1510 1297 1602 1332 cyclos
1619 1304 1674 1323 xxv
1688 1300 1801 1330 practer-

184 1343 241 1370 bris
254 1342 306 1370 fuit
325 1343 393 1370 feria
410 1343 508 1378 prima,
523 1343 587 1370 hinc
607 1347 710 1378 epactze
723 1343 849 1371 Octobris
866 1347 930 1371 sunt
943 1351 963 1377 ι,
1017 1345 1069 1373 itos
1098 1353 1176 1373 sumo
1200 1345 1259 1372 dies
1277 1345 1323 1376 (ξὸ,
1341 1349 1397 1372 tum
1414 1344 1505 1371 divido
1518 1343 1553 1370 26
1579 1351 1626 1378 per
1652 1342 1681 1374 4,
1707 1350 1803 1376 prove-

182 1393 283 1423 epactae
314 1387 474 1416 Novembris
492 1396 527 1420 IV,
547 1393 648 1423 epacta:
668 1388 789 1416 Januarii
806 1397 838 1420 tl,
855 1397 904 1416 nec
921 1389 964 1416 in-
1017 1392 1096 1418 niunt
1108 1392 1133 1419 ϐ.
1149 1392 1321 1426 Colliguutur
1338 1391 1363 1417 5.
1379 1390 1443 1417 ltem
1461 1390 1531 1423 cycli
1546 1389 1612 1416 solis
1634 1387 1669 1414 28
1692 1391 1802 1422 epactas

184 1434 362 1470 terrumpitur
373 1442 406 1461 eo
422 1442 514 1462 mense
528 1435 626 1462 calculi
648 1435 821 1470 progressio;
841 1439 870 1462 ut
893 1435 965 1471 apud
1017 1437 1054 1463 ita
1065 1437 1204 1464 coniicias.
1224 1435 1372 1471 Cape,dies
1398 1435 1432 1462 27
1449 1435 1483 1462 ob
1507 1438 1662 1461 transactos
1690 1433 1802 1460 totidem

184 1481 340 1510 Maximum.
357 1481 425 1508 Vide
439 1487 521 1516 caput
538 1480 570 1507 IV
582 1480 668 1508 lsaaci
685 1481 823 1508 monachi.
1016 1483 1118 1519 eyelos,
1146 1483 1244 1510 deinde
1256 1482 1290 1509 28
1303 1482 1396 1517 cyclos
1413 1482 1498 1516 ipsos,
1517 1481 1591 1507 nullo
1607 1480 1731 1506 detracto
1742 1485 1803 1512 par—

219 1527 376 1562 Sequuntur
392 1534 524 1554 annorum
537 1530 649 1560 epaetze,
675 1534 743 1560 quos
770 1529 965 1554 concurrentes
1017 1528 1068 1556 tire
1079 1537 1126 1564 per
1141 1529 1168 1561 4,
1179 1532 1205 1556 et
1215 1533 1328 1563 septem,
1340 1528 1386 1563 qui
1396 1527 1458 1554 inde
1469 1530 1623 1554 nascuntur
1633 1525 1704 1552 adde
1714 1525 1746 1550 ad
1757 1523 1801 1555 27,

185 1572 301 1600 Romani
328 1575 531 1606 computatorcs
546 1574 654 1598 vocant.
670 1569 717 1597 Est
731 1574 820 1597 autent
838 1570 935 1598 residui

1061 1583 1195 1603 summam
1214 1574 1248 1601 54
1261 1574 1351 1601 divide
1363 1581 1410 1608 per
1425 1573 1450 1600 7.
1461 1573 1600 1600 Exsistent
1618 1575 1724 1606 epactae
1739 1570 1802 1596 anni

185 1617 314 1645 feriarum
328 1625 458 1644 numerus
471 1625 502 1644 ex
519 1624 590 1643 anno
618 1615 798 1643 antecedenti.
816 1615 850 1642 Ut
875 1615 897 1642 si
911 1623 961 1642 an-
979 1615 998 1623 “⁴¹
1016 1621 1102 1648 ultimi
1127 1629 1163 1647 γι,
1194 1620 1280 1654 Hujus
1317 1619 1435 1646 methodi
1463 1619 1604 1653 perspicua
1641 1617 1712 1644 ratio
1751 1620 1802 1641 est.

185 1672 236 1692 nus
263 1664 397 1699 primusa
413 1663 479 1691 feria
506 1664 592 1698 prima
606 1663 735 1698 incipiat,
765 1663 877 1690 ultimus
904 1663 963 1691 dies
1014 1665 1081 1692 Nam
1093 1666 1195 1701 epactis
1207 1666 1293 1692 ultimi
1312 1673 1443 1692 annorum
1470 1664 1528 1691 dies
1556 1665 1731 1690 accrescunt.
1742 1660 1805 1687 Ideo

187 1711 242 1738 erit
256 1710 322 1737 l'eria
340 1710 569 1745 prima;proinde
588 1715 690 1744 epacta:
705 1709 818 1736 secundi
834 1708 898 1736 anui
912 1709 964 1736 crit
1015 1719 1077 1738 eum
1103 1712 1222 1739 nondum
1248 1712 1370 1746 expletus
1390 1715 1430 1738 est
1451 1710 1596 1738 vicesimus
1624 1713 1740 1735 octavus
1757 1715 1802 1732 an-

186 1755 286 1787 unitas,
315 1758 342 1782 et
358 1755 394 1781 ita
407 1755 545 1789 deinceps.
559 1753 672 1789 Cyclum
688 1754 803 1781 solarem
831 1753 936 1780 Maximi

1056 1765 1080 1789 s,
1106 1757 1209 1784 nullam
1235 1757 1262 1784 in
1287 1764 1431 1784 commune
1457 1755 1607 1791 symbolam
1623 1754 1740 1781 confert.
1758 1752 1804 1779 Ve-

184 1801 290 1828 orditur
303 1801 339 1828 ab
360 1799 484 1827 Romano
514 1808 552 1831 νι,
580 1799 660 1834 cujus
687 1799 774 1826 littera
807 1799 839 1827 G.
858 1798 930 1825 l'rim

1053 1811 1076 1830 m
1093 1804 1155 1838 quia
1173 1807 1234 1838 post
1248 1803 1382 1830 bisextum
1399 1802 1506 1837 incipit,
1519 1801 1579 1828 ideo
1597 1800 1735 1828 bisestilis
1749 1799 1803 1833 ipse

186 1847 289 1874 lllt‘nSiS
306 1850 348 1874 est
372 1846 483 1880 Aprilis-
516 1845 601 1880 Ῐεῖιω·
625 1845 703 1881 cyclo
727 1845 814 1880 Primo
836 1845 966 1872 Kalendis
1017 1850 1077 1877 dies
1092 1849 1164 1876 cedit
1177 1851 1204 1876 in
1227 1856 1372 1876 summam.
1399 1847 1545 1882 Propterea
1572 1846 1648 1873 nullo
1670 1845 1803 1872 detracto.

184 1891 322 1927 Aprilibus
346 1892 465 1919 θειηέτίίλ
489 1892 588 1926 Primn-
615 1890 721 1926 Ερπιω
737 1894 801 1918 sum
824 1898 878 1924 V“;
903 1897 966 1917 nam
1019 1896 1047 1922 lit
1063 1895 1201 1931 cyclorum
1223 1895 1343 1921 omnium
1367 1893 1475 1920 divisio.
1502 1892 1557 1919 llae
1577 1890 1707 1918 methodo
1721 1890 1805 1916 utitur

183 1942 286 1973 epactze
311 1941 375 1966 sunt
401 1937 468 1964 feria
495 1937 582 1963 ultimi
611 1937 664 1963 diei
692 1937 871 1971 praecedentis
891 1937 965 1963 anni.
1019 1942 1129 1968 153mm,-
1144 1943 1265 1976 Argyrus
1287 1941 1375 1975 capite
1402 1939 1446 1966 ul,
1481 1938 1622 1966 Postremo
1656 1945 1708 1963 nec
1741 1936 1804 1962 illud

186 1985 256 2012 Anni
275 1984 388 2012 secundi
409 1988 510 2019 epactae
535 1988 599 2010 sunt
615 1992 633 2016 ι,
650 1984 723 2011 tertii
751 1987 814 2010 sunt
833 1991 864 2015 ll,
877 1991 936 2018 qua]

1055 1989 1159 2020 tittam;
1177 1987 1229 2014 etsi
1247 1987 1370 2014 Romano
1385 1994 1460 2012 more
1490 1985 1625 2011 bisextilis
1643 1983 1703 2010 dies
1731 1983 1805 2008 inlin-

185 2036 295 2062 suntiv,
310 2036 419 2065 propter
431 2030 585 2057 bisextilem
611 2029 694 2056 diem.
711 2029 780 2056 Cum
809 2029 881 2056 enim
901 2036 933 2055 co

1057 2038 1100 2060 tur
1117 2033 1186 2060 inter
1207 2040 1272 2059 xxrv
1299 2036 1326 2058 et
1352 2040 1404 2058 xxv
1427 2030 1585 2061 Februarii;
1614 2029 1734 2062 indeque
1752 2028 1803 2054 lio-

185 2077 353 2105 ευπθηιίυηι
382 2076 485 2112 e90"“a
512 2085 527 2103 ³
547 2076 644 2103 mani“
661 2076 704 2103 vel
731 2076 818 2110 Aprili
841 2075 967 2106 ευωίιυτν
1021 2088 1101 2107 Inano
1114 2080 1165 2106 ritu
1185 2087 1253 2106 nova
1268 2078 1356 2105 littera
1368 2076 1513 2109 succedat;
1528 2076 1708 2103 nihilominus
1732 2075 1804 2101 Isaa-

185 2123 302 2157 simplex
313 2127 356 2150 est
365 2126 472 2157 epacta.
486 2122 533 2149 sed
548 2130 563 2148 a
578 2121 709 2148 Januario
718 2121 879 2148 ineuntibus
888 2128 935 2147 anr

1053 2133 1082 2152 .m
1095 2125 1247 2152 bisextilem
1260 2124 1330 2151 dieln
1342 2131 1404 2150 eum
1418 2127 1526 2157 putare,
1543 2122 1588 2156 qui
1601 2125 1643 2148 est
1659 2119 1803 2147 vicesimus

185 2170 284 2205 duplex
301 2170 462 2202 assumitur,
476 2173 505 2196 ut
520 2170 547 2196 in
562 2169 685 2195 Romano
713 2172 842 2202 computo
869 2167 970 2202 duplex
1023 2179 1121 2201 nonus,
1136 2175 1162 2197 ct
1175 2171 1303 2203 ultimus;
1317 2169 1354 2196 uti
1368 2172 1467 2204 quarto
1478 2167 1568 2201 capite
1584 2167 1717 2195 declarat,
1733 2166 1803 2200 quod

184 2217 275 2243 littera
287 2215 356 2243 solet
369 2222 458 2243 esse".
474 2222 590 2249 quarum
604 2214 678 2248 prior
693 2222 709 2240 a
724 2213 853 2240 Kalendis
869 2212 970 2239 Janua-
1022 2221 1048 2243 et
1060 2216 1128 2242 alios
1147 2216 1308 2242 observasse
1334 2207 1518 2245 meminimus,
1535 2213 1589 2239 imo
1616 2212 1650 2238 ab
1667 2210 1804 2237 nonnullis

186 2262 236 2289 riis
247 2261 282 2288 ad
297 2260 432 2288 bisextum
447 2263 608 2294 usurpatur;
619 2259 753 2294 posterior
774 2259 837 2286 inde
860 2258 893 2285 ad
912 2266 936 2285 vr

1069 2261 1193 2288 Martium
1209 2269 1270 2288 esse
1291 2260 1462 2287 translatum.
1481 2257 1517 2284 De
1543 2265 1598 2292 quo
1615 2257 1675 2284 vide
1689 2265 1750 2291 qua:
1774 2257 1804 2281 li-

186 2311 288 2333 tentem
313 2314 424 2332 artuum.
446 2305 552 2340 Epacta:
576 2312 624 2339 per
639 2308 726 2331 totum
755 2304 861 2339 eyclum
889 2304 968 2330 nullis
1020 2308 1069 2334 bro
1083 2306 1130 2338 ιν,
1147 2314 1206 2341 cap.
1223 2305 1281 2336 XII,
1300 2305 1333 2331 ad
1357 2304 1450 2331 Galerii
1468 2303 1556 2330 locum
1576 2301 1678 2329 ibidem
1702 2300 1806 2327 descri-

186 2352 302 2388 siugulis
325 2357 506 2386 congruentes
533 2351 663 2378 describit
687 2350 822 2377 Maximus
851 2349 878 2376 in
899 2353 967 2380 rota,
1022 2357 1098 2387 ptum
1113 2351 1365 2379 animadvertimus.

186 2406 268 2434 quam
293 2398 383 2433 capite
413 2398 501 2432 primo
525 2397 686 2431 posuimus:
706 2404 755 2423 nec
779 2395 896 2422 dillicilis
928 2399 970 2422 est
1310 2406 1423 2435 CAPUT
1441 2405 1508 2431 νηί,

187 2446 340 2474 Ιηθιὴοάυδ·
1024 2451 1450 2487 Explicaturmel/todusluuw‘iu
1470 2454 1590 2487 computo
1603 2448 1728 2476 Maximi.
1757 2447 1806 2487 sire

221 2493 350 2525 Quamvis
383 2495 472 2518 autem
501 2490 633 2517 Maximus
664 2499 776 2522 annum,
809 2489 970 2524 cyclumque
1061 2482 1251 2525 Alexandrino.
1271 2487 1379 2520 Eprium
1405 2485 1483 2525 Iuna',
1509 2484 1676 2518 ejusdemque
1705 2482 1806 2515 tegula-

187 2539 303 2565 solarem
333 2537 368 2564 ab
394 2537 478 2572 Aprili
511 2536 632 2571 incipiat,
665 2541 692 2562 et
716 2523 863 2563 Januarius
895 2542 937 2561 me

721 2523 863 2563 Ianuarii“
895 2542 970 2561 ηιεη,
1058 2533 1107 2555 res,
1124 2529 1147 2550 et
1163 2523 1299 2548 ambarum
1310 2523 1471 2556 propagatio.

187 2586 225 2612 sis
239 2585 362 2612 decimus
372 2585 417 2616 sit,
437 2585 463 2610 in
482 2583 587 2610 ratione
612 2588 700 2609 tamen
727 2583 779 2609 τῶν
803 2584 970 2617 ήμεροωρε-
1058 2582 1110 2608 Pro
1135 2580 1249 2608 diversis
1277 2578 1432 2606 Graecorum
1465 2577 1526 2603 teris
1560 2583 1592 2602 ac
1621 2575 1759 2608 compulis
1773 2574 1805 2599 ab

188 2630 245 2656 σίου
260 2631 287 2657 in
304 2630 356 2657 hoc
374 2637 476 2660 mense,
489 2635 513 2657 et
527 2629 635 2656 duobus
659 2628 836 2661 sequentibus
859 2632 970 2662 cpactas
1022 2627 1088 2654 orbe
1107 2627 1226 2657 condito,
1240 2625 1306 2652 varii
1325 2624 1416 2651 itidem
1432 2623 1502 2658 cyeli
1517 2627 1581 2649 Stllll
1598 2621 1664 2648 solis
1677 2628 1708 2647 ac
1721 2620 1802 2646 Ιιιιιᾱεξ

189 2677 302 2704 assumit
315 2676 375 2710 ejus
392 2676 454 2703 anni
474 2697 481 2709 ,
500 2676 545 2709 qui
562 2682 648 2701 novus
665 2674 700 2700 ab
726 2674 807 2708 Aprili
828 2673 968 2700 succedit:
1021 2676 1234 2707 epactarumque
1275 2669 1487 2704 colligendorum
1526 2667 1601 2694 varia
1637 2666 1802 2692 methodns:

188 2724 225 2748 uti
238 2723 327 2757 capite
343 2722 401 2748 XIX
417 2722 558 2757 signiﬁcat.
576 2720 749 2754 Exemplum:
766 2727 853 2746 annus
876 2719 970 2745 Adami
1023 2727 1104 2754 quatit
1121 2718 1154 2744 ad
1179 2718 1296 2750 unicam,
1324 2717 1529 2750 simpliccmque
1559 2713 1685 2748 redigere
1700 2711 1802 2746 potuis‘

189 2769 259 2795 6153
271 2756 331 2795 iniit
347 2776 362 2794 a
377 2756 506 2796 Kalendis
518 2767 655 2802 Aprilibus
672 2766 736 2793 anni
751 2766 851 2792 Christi
872 2772 970 2795 tocxu,
1024 2770 1097 2797 sent;
1115 2764 1136 2791 5i
1155 2763 1188 2789 ad
1219 2763 1352 2789 labentem
1380 2768 1481 2788 annum
1506 2758 1626 2792 computi
1644 2757 1688 2784 sui
1704 2756 1801 2790 aliquot

188 2813 265 2848 t-yelo
282 2813 404 2840 Romano
420 2822 456 2845 vr,
468 2814 558 2840 littera
576 2812 607 2839 G.
625 2812 723 2847 Cyclus
737 2819 802 2845 ergo
813 2810 971 2837 Constanli-
1024 2817 1109 2835 annos
1121 2808 1265 2838 adderent;
1290 2815 1338 2834 nec
1354 2815 1412 2834 eam
1441 2804 1662 2832 commoditatem
1679 2808 1799 2837 perscqm

189 2860 363 2895 nopolitanus
379 2861 403 2887 ei
420 2859 606 2894 respondensr
628 2859 724 2886 iisdem
753 2857 881 2884 Kalendis
899 2857 968 2883 iniit.
1023 2854 1143 2886 mallent,
1158 2859 1184 2880 ut
1205 2862 1264 2880 tene
1286 2861 1340 2879 sua:
1354 2859 1457 2879 summa
1473 2858 1519 2885 per
1545 2849 1685 2884 cyclorum
1712 2853 1802 2873 nume-

191 2905 281 2936 (iuare
295 2904 435 2936 Januario,
449 2905 606 2936 Februario,
627 2913 656 2930 ac
670 2903 862 2930 .‘vlai'liolocum
883 2902 968 2929 adhuc
1025 2909 1084 2928 rum
1112 2900 1269 2932 distributa,
1300 2898 1426 2934 proprius
1458 2896 1589 2932 cujusque
1618 2894 1682 2921 anni
1714 2892 1803 2928 cyclus
