1900 3137
85 187 167 215 “29

582 182 811 212 DISSEBTATIO
831 181 874 208 DE
893 178 1098 208 GII/ECORUM
1115 176 1216 205 IERIS.

1659 171 1668 198 I
1673 171 1725 199 45‘.)

85 249 265 273 exsrsteret.
283 244 317 273 Ut
336 245 363 272 in
379 244 503 273 Romano
515 248 644 279 computo
657 251 718 271 mra
731 243 845 275 Christi,
858 242 892 269 ad
908 245 930 273 Α
980 239 1058 273 Quod
1083 242 1173 265 autem
1196 236 1224 263 in
1246 234 1281 263 IX
1304 234 1342 261 De
1365 233 1485 261 doctrina
1510 237 1664 279 ιετιιΡοτωξιι
1679 238 1724 256 ea-

85 292 249 327 cynlorum
262 295 471 327 epactarumque
484 290 789 322 methodum,unitatem
804 288 896 323 adjici-

85 343 159 362 mus
176 347 192 369 ;
207 344 297 371 neque
314 336 387 364 solos
411 344 471 363 mra:
496 343 581 363 annos
600 335 768 362 adhibemus.
798 334 827 361 In
841 341 895 368 quo

85 377 195 405 Latini
227 387 323 408 omnes
346 380 528 407 consentiunt.
544 380 573 407 In
589 380 670 408 annis
693 387 759 406 vero
787 378 893 411 mundi,

86 425 222 452 tametsi
237 433 364 460 magnum
388 426 460 452 inter
480 425 662 460 chronologos
680 425 829 452 discrimen
855 424 896 450 in-

87 471 250 503 tercedat;
279 478 310 498 ac
339 472 418 506 longe
433 471 526 506 plures
540 471 601 499 aliis
622 471 666 498 alii
683 473 842 501 numerent;
862 469 896 496 de

91 516 197 551 cyclis
230 521 330 549 tamen,
357 518 516 553 epactisque
541 525 635 545 omnes
665 517 738 544 inter
753 524 783 544 se
798 523 896 543 conve-

87 561 187 588 niunt
203 569 210 587 :
224 561 296 596 quod
308 562 354 596 qui
371 562 489 597 plurium
516 569 648 589 annorum
663 569 797 589 summam
821 560 897 587 insti-

88 610 202 640 tuunt,
213 607 246 634 ad
257 608 364 634 illorum
378 607 533 635 methodum
543 611 740 643 competentem
752 614 895 633 numerum

90 653 257 687 adjiciunt,
269 653 307 680 sic
322 658 351 679 ut
368 661 473 680 summa
484 661 532 688 per
545 654 636 689 cyclos
651 653 771 688 integros
797 652 895 685 divisa,

90 698 189 725 iidem
221 697 369 724 labentium
389 699 452 726 anni
468 699 607 734 cyclorum
617 699 687 733 apud
699 706 794 726 omnes
807 699 898 726 orian-

91 747 155 770 tur.
177 743 304 778 Exempli
322 751 418 775 causa;
439 752 489 772 nos
507 745 540 772 ab
549 745 615 772 orbe
627 744 736 772 condito
750 745 782 772 ad
795 753 895 772 annum

92 789 230 824 primum
241 797 302 816 τιτι-ιε
317 790 470 817 communis
482 794 609 825 putamus
625 798 712 818 annos
721 790 801 822 5984,
819 790 855 817 ita
868 794 897 816 ut

94 836 226 864 ultimus
251 836 287 863 sit
311 836 365 868 ille,
392 844 471 872 quem
499 837 616 870 primum
642 836 745 864 Christi
769 837 894 864 facimus.

93 880 189 909 A'lius
204 888 291 908 annos
304 886 431 909 numerat
448 881 529 914 5950,
545 887 574 909 ut
587 882 718 917 Scaliger.
737 881 767 909 Si
783 889 833 909 nos
847 889 896 917 op-

947 285 1004 321 pite
1017 284 1051 317 ν,
1064 282 1232 311 credidimus
1263 280 1408 307 Maximum
1428 279 1549 305 lunarem
1577 277 1724 311 προήγεσιν

945 331 1072 359 olfecisse
1085 329 1140 356 diei
1153 328 1233 355 unius
1246 334 1261 353 a
1273 325 1377 353 Nicaani
1389 324 1497 352 coacilii
1510 328 1642 358 tempore,
1653 321 1726 356 quod

945 383 1077 404 canonem
1092 374 1180 401 astatis
1194 373 1275 405 lunze,
1289 375 1369 406 atque
1376 373 1531 405 epactarum
1539 367 1727 395 constituisset

946 422 974 448 in
990 429 1045 447 xxx
1061 419 1161 451 Martii,
1186 425 1241 445 non
1272 417 1300 444 in
1324 423 1404 449 xxxi;
1420 415 1459 442 uti
1474 421 1580 449 aequum
1606 416 1675 445 erat,
1689 411 1725 445 ‘si

946 468 1055 503 quidem
1070 466 1173 501 epocha
1190 464 1253 491 anni
1270 465 1297 491 in
1312 462 1439 491 Kalendis
1455 461 1557 496 Aprilis
1571 460 1606 487 ab
1626 467 1658 487 eo
1682 459 1726 486 de-

946 513 1047 548 ﬁgitur,
1061 512 1130 540 scito
1143 518 1265 538 errorem
1281 516 1352 541 esse,
1369 515 1450 543 quem
1475 507 1623 541 depravata
1639 504 1726 532 Scali-

946 558 1003 594 geri
1028 558 1110 585 lectio
1133 557 1214 584 nobis
1239 555 1353 591 peperit,
1371 554 1460 589 quiin
1484 551 1591 586 Eclogis
1616 549 1726 577 Maximi

947 605 1019 640 (pag.
1035 603 1108 639 759),
1120 611 1188 638 quas
1201 601 1234 629 ad
1252 608 1329 629 suam
1345 603 1463 627 mentem
1479 597 1662 633 interpolavit,
1677 602 1727 622 nec

947 651 1042 678 iisdem
1061 650 1133 677 illius
1147 649 1236 676 verbis
1250 647 1402 682 exprimere
1421 645 1539 676 curavit,
1564 644 1726 678 scripserat;

952 697 984 723 Ἠ
1000 696 1115 722 ποσταία
1129 695 1178 730 τῆς
1194 694 1307 729 σελήνης
1317 692 1345 718 ἐν
1357 693 1390 727 τῇ
1408 690 1532 726 τριακάδι
1543 689 1589 716 τοῦ
1605 688 1727 723 Μαρτίου

948 742 1041 777 μηνός,
1055 746 1106 768 etc.
1122 741 1154 767 ‘H
1170 740 1199 766 δὲ
1214 739 1329 766 ποσταία
1342 737 1390 772 τῆς
1413 736 1558 771 ἑϐδομάδος
1584 734 1654 762 κατὰ
1679 734 1728 769 τὴν

945 787 1080 822 τριακάδα
1095 785 1206 822 πρώτην
1233 784 1279 811 τοῦ
1294 783 1376 810 αὑτοῦ
1405 782 1497 818 μηνὸς,
1514 781 1563 812 τὰς
1576 780 1624 807 τοῦ
1641 779 1726 814 ἡλίου.

947 831 999 859 Sed
1016 838 1168 867 perperam.
1183 829 1252 856 Nam
1269 828 1445 856 scribendum
1474 825 1598 862 τριακάδι
1620 824 1726 860 πρώτῃ.

949 876 1061 912 Sumpta
1074 882 1116 905 est
1136 877 1192 904 haec
1206 876 1298 910 ecloga
1310 882 1343 901 ex
1357 873 1445 908 capite
1458 871 1541 899 XXXI
1557 872 1652 907 primae
1665 878 1728 905 par-

93 927 269 962 portunitas
284 927 336 954 ista
348 928 503 962 delectaret,
520 931 550 955 ut
573 935 604 955 ea
618 935 735 961 summa,
757 935 839 963 quam
862 928 895 955 ab
912 923 933 952 Β
947 926 982 952 tis
993 923 1119 959 Computi
1133 933 1139 950 :
1155 923 1181 950 in
1192 929 1246 957 quo
1257 922 1306 953 ita,
1323 925 1353 947 ut
1363 919 1430 953 dixi,
1443 919 1550 954 legitur.

96 973 218 1001 Adamo
233 974 387 1007 delinimus,
399 975 510 1009 praecise
523 975 679 1007 distributa,
689 975 757 1010 cycli
774 974 897 1002 labentes

94 1017 283 1047 eﬂicerentur
302 1029 309 1047 :
326 1021 405 1048 annis
431 1020 501 1048 5984
515 1028 562 1055 per
577 1020 612 1047 28
634 1021 752 1056 partitis,
775 1021 897 1055 reliquus

96 1069 184 1092 esset
201 1066 296 1100 cyclus
306 1066 372 1093 solis
388 1073 453 1100 vui;
468 1074 516 1101 per
534 1066 568 1093 I9
589 1074 654 1094 vero
670 1066 782 1099 divisis;
805 1067 897 1102 cyclus

98 1111 182 1138 lunae
196 1120 258 1144 xm,
275 1113 316 1140 sic
328 1120 361 1140 ex
373 1112 507 1140 divisione
523 1118 656 1140 annorum
668 1113 748 1145 5950,
768 1113 835 1141 solis
852 1121 898 1140 es-

98 1161 146 1185 set
165 1159 265 1194 cyclus
282 1167 311 1190 ιι,
331 1159 401 1186 lunae
417 1167 483 1187 xvu.
496 1159 530 1186 At
544 1163 603 1187 erat
619 1159 759 1187 Romanus
776 1160 841 1188 solis
856 1168 899 1195 cy-

98 1204 168 1231 clus
182 1212 211 1235 x,
230 1204 334 1233 lunaris
350 1213 381 1237 Il,
394 1212 465 1232 anno
477 1205 566 1240 primo
589 1213 650 1232 aarae
668 1205 842 1237 Christianae,
869 1206 896 1232 in

99 1257 192 1284 quem
207 1249 315 1285 utrique
329 1251 528 1285 conspiramus.
555 1250 641 1286 Igitur
653 1251 686 1278 ad
701 1251 835 1279 eruendos
851 1260 899 1287 cy-

98 1295 179 1326 clos,
200 1294 322 1331 Scaliger
335 1296 351 1323 8
366 1296 441 1324 addit
454 1296 488 1323 ad
503 1304 658 1330 summam;
673 1301 702 1324 ut
718 1297 791 1325 5958
803 1305 852 1333 per
862 1298 897 1325 28

100 1341 222 1375 partitis
237 1342 330 1377 cyclus
347 1342 413 1370 solis
424 1342 619 1374 inveniaturx;
641 1343 808 1370 adlunarem
821 1351 896 1376 vero,

100 1386 249 1422 Iadjicit;
271 1391 301 1414 ut
322 1387 392 1415 5954
408 1395 456 1423 per
478 1388 510 1415 I9
526 1389 647 1421 tributis,
674 1390 791 1417 exsistat
800 1391 895 1426 cyclus

103 1433 184 1460 lunae
198 1441 228 1460 ll.
240 1433 294 1462 Nos
308 1435 341 1462 ad
354 1435 509 1462 methodum
521 1435 590 1470 cycli
604 1434 702 1463 solaris
717 1436 861 1470 adjicimus
869 1437 896 1469 2,

104 1479 141 1505 ad
163 1479 238 1506 luna:
248 1480 365 1514 cyclum.
384 1480 411 1507 8.
426 1479 465 1508 Ita
490 1480 585 1508 divisis
601 1481 681 1508 annis
694 1481 764 1509 5986
788 1490 835 1517 per
851 1483 896 1515 28,

105 1525 255 1552 residuum
279 1526 331 1553 erit
355 1527 398 1557 I0,
419 1535 467 1562 per
482 1527 515 1554 I9
531 1532 620 1554 autem
634 1527 731 1555 divisis
747 1528 828 1561 5992,
854 1537 898 1556 re—

105 1575 187 1598 stant
201 1570 228 1598 2.
243 1569 288 1599 Sic
305 1571 506 1599 incommodam
528 1573 602 1599 illam
626 1574 764 1608 cyclorum
780 1574 897 1601 varieta-

106 1619 167 1643 tem
183 1615 346 1644 Latinorum
362 1619 482 1653 computi
498 1618 532 1645 ab
541 1619 608 1646 orbe
624 1619 746 1652 condito,
775 1627 806 1647 ac
820 1620 900 1648 chro—

106 1663 232 1698 nologiae
248 1663 390 1691 devitant:
407 1671 489 1700 quam
515 1664 632 1693 Graeculi
654 1666 737 1694 nimis
758 1667 900 1695 ambitiose

108 1708 266 1734 consectati
283 1711 357 1736 sunt.

145 1752 218 1780 Cum
237 1752 291 1781 duo
305 1754 359 1781 sint
377 1753 533 1782 Graecorum
554 1759 745 1791 computorum
772 1756 898 1789 divortia,

108 1802 141 1825 ut
153 1806 226 1833 saepe
250 1799 330 1828 nobis
359 1807 473 1828 necesse
489 1805 530 1828 est
543 1805 684 1836 repetere;
702 1805 729 1829 et
756 1802 900 1837 utriusque

107 1844 253 1880 principes
267 1844 319 1872 hoc
339 1845 366 1872 in
380 1852 463 1880 opere
476 1853 491 1872 a
507 1846 586 1874 nobis
600 1847 666 1874 editi
680 1847 744 1879 duo,
763 1847 899 1877 Maximus

107 1893 138 1917 et
156 1889 283 1921 Isaacus;
309 1897 342 1918 ex
367 1895 484 1925 utroque
514 1891 701 1926 depromptam
730 1892 898 1928 singulorum

109 1936 248 1962 rationem
261 1935 356 1970 paucis
371 1937 586 1971 explicabimus;
606 1945 636 1964 ac
651 1939 766 1972 primum
778 1938 897 1968 Maximi.

109 1981 140 2009 Is
155 1981 370 2009 A!exandrinam
398 1990 479 2009 atram
504 1983 641 2018 sequitur;
668 1984 695 2011 in
724 1992 777 2019 qua
797 1985 899 2019 primus

111 2034 205 2054 annus
213 2035 273 2054 aera:
281 2028 442 2055 Christianae
452 2033 612 2056 numeratur
624 2029 693 2056 5495
706 2037 712 2054 :
725 2037 777 2064 qua
793 2038 899 2057 summa

112 2079 165 2106 per
178 2071 214 2098 28
227 2072 315 2099 divisa
330 2073 423 2108 cyclus
444 2072 559 2100 elIicitur
579 2073 645 2100 solis
662 2081 677 2100 v
689 2093 696 2105 ,
712 2082 760 2108 per
784 2074 816 2101 I9
835 2082 899 2101 vero

112 2117 215 2152 partita
241 2118 311 2145 lunae
336 2119 430 2153 cyclus
452 2119 481 2146 2.
509 2119 573 2145 Erat
592 2123 682 2146 autent
698 2119 837 2148 Romanus
853 2129 899 2156 cy-

112 2163 176 2192 clus
188 2164 254 2191 solis
270 2172 296 2195 x,
312 2164 427 2192 lumen.
444 2164 636 2200 ιςὶιιιιυργειυς
651 2165 719 2193 solis
732 2165 759 2192 in
778 2166 829 2193 hac
844 2174 898 2193 aera

113 2210 231 2244 primus,
247 2215 289 2237 est
303 2210 419 2237 Romani
433 2211 500 2247 cycli
515 2219 552 2243 Vl,
579 2211 684 2239 lunaris
699 2219 766 2239 vero
794 2211 899 2239 utrobi-

113 2263 169 2290 que
187 2264 257 2283 unus
272 2259 323 2288 est,
340 2260 367 2284 ct
383 2257 465 2285 idem.
487 2257 598 2293 Epocha
613 2258 688 2289 anni,
708 2258 831 2293 cyclique
855 2258 898 2285 Iu-
915 2262 936 2289 Ι)

109 2302 191 2329 naris
220 2303 292 2336 (nam
309 2302 342 2330 de
359 2303 441 2330 solari
456 2303 512 2337 jam
528 2303 657 2339 diximus)
671 2311 686 2330 a
700 2303 816 2330 Maximo
841 2308 898 2331 sta-

115 2346 205 2373 tuitur
221 2346 247 2373 in
262 2346 389 2374 Kalendis
402 2348 513 2382 Aprilis.
525 2347 614 2383 Caput
625 2348 899 2376 enneadecaeteridos

115 2396 160 2420 est
171 2400 269 2420 aureus
283 2400 413 2420 numerus
427 2401 444 2419 I.
455 2392 600 2421 Neomenia
610 2394 708 2428 prima,
720 2394 808 2420 Martii
817 2402 898 2422 xxm.

116 2437 211 2472 Itaque
222 2446 292 2465 anno
306 2439 394 2472 primo
405 2438 473 2473 cycli
502 2439 617 2471 lunaris,
640 2440 769 2467 Kalendis
797 2440 899 2475 Aprilis

117 2481 182 2508 luna
194 2478 371 2511 l'uitdccima.
394 2483 463 2510 Hinc
479 2484 606 2518 estquod
628 2484 761 2511 Maximus
789 2489 898 2519 epactas

117 2528 183 2555 anni
196 2529 275 2563 primi
286 2528 388 2557 lunaris
398 2529 516 2557 le'uisse
531 2530 627 2557 scribit
638 2538 697 2565 cap.
716 2530 821 2562 XXVII,
836 2538 900 2565 quo-

119 2574 191 2600 niam
209 2578 273 2602 aetas
294 2575 365 2601 lume
390 2578 465 2602 tanta
493 2575 543 2602 fuit
568 2574 656 2602 Martii
673 2583 756 2607 xxxi,
777 2577 822 2610 qui
840 2576 899 2604 dies

118 2626 206 2647 canon
219 2623 263 2647 est
279 2624 435 2654 epactarum
450 2621 517 2648 solis
532 2629 564 2647 ac
581 2621 661 2650 lume.
673 2626 701 2648 ut
718 2621 787 2648 idem
805 2623 841 2648 ait
857 2630 901 2649 ca-

118 2665 173 2698 pite
197 2664 292 2692 XXXI.
311 2665 388 2699 Quod
416 2674 470 2693 non
493 2667 712 2694 animadvertens
738 2666 858 2702 Scaliger
873 2669 900 2694 in

118 2710 196 2738 Notis
209 2711 243 2738 ad
263 2712 378 2747 Eclogas
391 2713 429 2748 (ι).
445 2713 496 2740 735
517 2713 584 2740 edit.
609 2713 670 2746 ult.)
686 2713 807 2744 Maximi,
823 2717 902 2747 puta-

119 2756 158 2782 vit
176 2757 300 2784 imminui
319 2759 425 2786 duabus
448 2759 597 2787 unitatibus
616 2767 750 2787 summam
770 2768 777 2786 ε
793 2760 864 2794 quod
887 2769 901 2787 a

119 2802 287 2837 temporibus
303 2804 404 2831 Christi
425 2805 487 2831 luna
503 2804 615 2832 biduum
631 2805 819 2839 anticipasset,
847 2814 901 2840 quo

121 2847 188 2874 nihil
204 2847 354 2881 joeularius
369 2850 518 2884 excogitari
548 2850 646 2884 potuit.
667 2849 718 2877 Sed
736 2850 768 2877 de
788 2850 836 2877 hoc
858 2859 902 2878 er-

121 2900 181 2921 rore
200 2893 253 2926 iam
268 2894 345 2923 alias.

984 970 1035 997 Hic
1054 969 1132 997 bidui
1153 967 1276 996 deiectus
1293 975 1341 1002 per
1355 970 1443 993 totum
1459 965 1564 1000 cyclum
1581 965 1653 991 luna:
1668 970 1728 990 ser-

947 1016 986 1050 pit
998 1024 1005 1048 ;
1019 1018 1046 1042 et
1060 1017 1162 1049 epacta:
1175 1016 1305 1048 perpetuo
1319 1011 1426 1038 duobus
1441 1011 1560 1037 minores
1573 1013 1728 1043 suntquam

947 1061 1086 1088 Romanae.
1109 1059 1232 1094 Exempli
1253 1066 1347 1090 causa,
1370 1057 1447 1092 cyclo
1471 1064 1514 1084 ιιιν
1536 1059 1636 1090 epactm
1655 1062 1730 1081 coni-

947 1115 1044 1134 munes
1062 1109 1127 1133 sunt
1149 1113 1186 1138 ιν,
1215 1104 1331 1132 Maximo
1351 1111 1381 1136 ιι,
1404 1107 1434 1130 ut
1452 1103 1490 1129 ait
1510 1101 1598 1136 capite
1622 1099 1728 1126 XXVII.

946 1152 1034 1186 Atque
1059 1151 1116 1178 haec
1136 1154 1295 1185 cpactarum
1313 1147 1470 1185 progressio
1488 1146 1622 1173 naturalis
1638 1149 1690 1177 est,
1704 1149 1731 1171 et

941 1200 1104 1232 epactarum
1133 1203 1289 1230 germanam
1311 1194 1497 1222 conditionem
1519 1191 1616 1219 retinet
1641 1200 1648 1218 :
1671 1199 1731 1225 qua:

947 1247 989 1270 est
1010 1241 1155 1276 ejusmodi,
1178 1244 1208 1267 ut
1228 1240 1340 1268 totidem
1370 1239 1487 1274 quilibet
1511 1245 1599 1264 annus
1620 1241 1730 1272 epactas

948 1289 1056 1321 habeat,
1068 1292 1135 1323 quot
1149 1291 1213 1315 sunt
1225 1286 1328 1315 residui
1344 1285 1403 1313 dies
1419 1292 1434 1311 a
1449 1284 1592 1311 ncomenia
1608 1283 1731 1318 proxime

948 1334 1123 1362 antecedente
1141 1333 1174 1360 ad
1189 1334 1253 1360 anni
1271 1334 1362 1367 caput.
1377 1331 1466 1366 Cyclo
1479 1330 1548 1357 lunae
1561 1337 1616 1361 xlv,
1630 1328 1729 1355 Kalen-

948 1380 990 1408 dis
1011 1379 1112 1415 Aprilis
1134 1380 1198 1406 luna
1222 1377 1331 1405 Nicaena
1355 1377 1407 1404 fuit
1424 1376 1515 1404 tertia.
1539 1375 1609 1410 Ergo
1629 1378 1729 1409 epactm

948 1427 1046 1454 merito
1065 1429 1130 1454 sunt
1151 1425 1179 1452 2.
1199 1424 1228 1452 In
1242 1425 1366 1452 Romano
1388 1426 1515 1457 computo
1538 1420 1658 1456 vulgaris
1673 1428 1728 1447 me-

949 1473 1048 1500 thodus
1064 1472 1082 1500 4
1096 1475 1233 1499 numerat.
1249 1470 1287 1498 De
1301 1477 1354 1506 qua
1372 1470 1432 1497 vide
1447 1469 1496 1496 lib.
1511 1467 1545 1495 VI
1561 1467 1599 1494 De
1610 1466 1729 1493 doctrmu

949 1522 1102 1553 temporum,
1111 1525 1172 1553 cap.
1183 1516 1277 1544 XXIII.

984 1566 1148 1601 Epactarum
1183 1563 1407 1593 inveniendarum
1447 1561 1591 1590 mcthodus
1623 1562 1682 1588 bmc
1715 1567 1729 1586 ε

951 1611 1078 1645 Maximo,
1093 1612 1181 1646 capite
1190 1609 1296 1643 XXVII,
1315 1608 1434 1636 traditur
1447 1617 1455 1642 ;
1477 1608 1585 1643 cyclum
1601 1607 1671 1634 lunae
1684 1615 1728 1642 per

951 1658 1077 1685 undecim
1089 1658 1180 1685 ducito
1197 1666 1203 1685 :
1222 1663 1356 1684 summam
1371 1655 1477 1682 binario
1493 1655 1626 1682 minutam
1642 1653 1729 1680 divide

950 1711 998 1738 per
1013 1703 1057 1734 50,
1076 1703 1160 1730 habes
1175 1705 1285 1738 epactas
1302 1701 1376 1733 anni,
1395 1700 1474 1735 cujus
1489 1700 1582 1735 cyclus
1602 1699 1728 1733 multipli-

950 1754 1029 1776 catus
1039 1751 1091 1776 est.
1103 1747 1186 1784 Cyclo
1201 1748 1270 1775 luna:
1285 1755 1340 1779 xiv,
1356 1746 1379 1774 si
1395 1746 1428 1772 14
1444 1753 1491 1780 per
1511 1745 1541 1772 II
1556 1744 1728 1779 multiplices,

950 1794 1015 1822 Iicnt
1029 1795 1090 1821 154.
1105 1793 1234 1822 Deductis
1245 1793 1273 1826 2,
1289 1800 1322 1819 ac
1334 1792 1443 1820 residuo
1456 1791 1506 1818 I52
1522 1798 1569 1826 per
1582 1790 1617 1817 50
1630 1789 1728 1819 diviso.

950 1844 1099 1876 supersunt
1118 1840 1146 1872 2,
1165 1844 1266 1875 cpacta:
1282 1839 1351 1874 cycli
1371 1846 1427 1865 xiv.
1447 1836 1482 1864 Ut
1501 1844 1546 1864 res
1570 1839 1628 1863 tota
1645 1835 1727 1869 subji-

950 1886 1037 1913 ciatur
1062 1885 1159 1918 oculis,
1179 1885 1306 1913 tabellam
1331 1883 1510 1916 ascribemus,
1526 1883 1553 1910 in
1570 1889 1624 1918 qua
1640 1882 1735 1917 cyclus

950 1931 1055 1958 lunaris
1087 1930 1229 1965 adjunctas
1261 1930 1342 1957 habet
1372 1933 1483 1964 epactas
1510 1932 1565 1955 tam
1595 1927 1731 1955 Romanus

949 1980 976 2002 et
986 1983 1156 2008 communes,
1168 1983 1249 2010 quam
1259 1975 1425 2007 decurtatas,
1437 1980 1464 2002 et
1476 1973 1583 2000 Maximi
1596 1973 1728 2008 proprias.

1152 2019 1322 2046 Luterculum
1339 2019 1405 2054 cycli
1419 2018 1531 2045 lunaris.

1095 2075 1165 2102 Anni
1253 2074 1360 2110 Epactm
1379 2073 1432 2100 Ro-
1447 2071 1650 2110 EpactaaqMaxi-

1294 2117 1380 2136 manu:
1530 2108 1566 2134 mi

1021 2164 1027 2182 I
1315 2154 1346 2180 11
1545 2153 1562 2179 9

1021 2198 1039 2217 ιι
1314 2189 1350 2216 22
1526 2187 1561 2215 20

1020 2233 1050 2252 nx
1335 2223 1402 2250 ὃν
1546 2223 1558 2248 1

1022 2279 1047 2298 Iv
1318 2270 1352 2297 14
1530 2268 1564 2294 I2

1020 2314 1036 2332 V
1313 2305 1349 2332 25
1526 2304 1562 2330 25

1020 2349 1046 2368 vr
1336 2341 1353 2366 6
1547 2338 1564 2364 4

1019 2395 1056 2414 vn
1317 2385 1351 2411 I7
1529 2383 1563 2409 I5

1020 2429 1068 2448 vnt
1316 2420 1352 2446 28
1524 2418 1560 2444 26

1018 2464 1046 2483 ix
1335 2455 1352 2481 9
1547 2453 1562 2478 ’1

1018 2509 1033 2528 x
1315 2500 1352 2528 20
1528 2500 1561 2526 I8

1019 2544 1045 2563 ιιι
1335 2535 1349 2562 1
1529 2535 1563 2561 29

1021 2579 1058 2598 xu
1319 2570 1354 2597 I2
1530 2570 1564 2596 I0

1021 2625 1066 2644 xm
1319 2616 1355 2643 23
1530 2615 1562 2641 21

1022 2660 1066 2679 xiv
1337 2651 1355 2678 ι
1547 2651 1565 2676 2

1022 2696 1055 2714 xv
1319 2687 1352 2713 15
1530 2685 1563 2711 I5

1023 2741 1066 2760 xv:
1320 2732 1356 2758 26
1529 2731 1564 2758 24

1024 2776 1079 2796 Xvu
1337 2767 1352 2793 7
1547 2766 1564 2793 5

1025 2812 1088 2831 xvnl
1323 2802 1356 2827 18
1532 2801 1563 2828 16

1025 2847 1069 2865 xix
1340 2838 1357 2864 0
1529 2836 1564 2863 28

990 2895 1029 2922 Ex
1054 2897 1095 2924 his
1120 2900 1186 2925 aetas
1213 2897 1284 2924 lunae
1307 2902 1401 2923 mense
1423 2895 1555 2930 quolibet,
1574 2902 1605 2922 ac
1629 2894 1673 2922 die
1693 2893 1725 2921 do
