1900 3137
196 171 258 204 1151

194 273 327 307 praecipit.
351 271 469 299 Inventis
490 271 593 306 epactis
611 270 680 298 adde
703 270 762 298 dies
785 278 880 297 omnes
896 277 910 296 a
925 269 977 296 Ka-

195 319 268 346 lend.
280 318 380 353 Ap'rilis
396 317 430 344 ad
447 325 520 348 eum,
543 316 622 350 cujus
640 321 706 344 aetas
726 317 886 351 inquiritur,
902 324 976 344 sum-

194 372 264 392 mam
288 363 390 399 partire
404 371 452 398 per
465 363 500 390 29
514 363 574 398 ΗΞ,
589 363 726 390 residuum
742 363 794 390 erit
812 366 878 390 tetas
893 363 974 390 lunae.

194 410 256 438 Haec
270 409 413 437 methodus
434 417 542 437 morosa
563 413 615 439 est,
633 417 684 436 nec
701 409 775 436 utilis
800 411 889 444 vulgo,
913 417 975 442 pro-

193 461 253 490 pter
278 455 422 489 adjunctus
449 454 575 482 horarios
603 454 788 490 epilogismos.
817 454 976 488 Expeditior

191 509 236 528 res
248 501 310 533 erit,
333 501 356 528 si
372 501 512 536 regulares
533 500 664 528 adhibeas
683 510 689 527 :
706 508 820 534 quorum
843 507 974 534 propaga-

191 547 293 574 tionem
318 546 429 574 Isaacus
453 546 565 581 exponit
587 546 675 581 capite
690 545 733 573 IX.
750 546 868 573 Possunt
884 549 973 572 autent

190 591 293 627 duplici
319 592 399 620 modo
421 592 566 627 propagari
592 601 598 619 ς
625 592 700 626 prior
718 595 769 623 est,
790 595 820 618 ut
840 591 973 626 regularis

191 638 326 672 cujusque
341 638 445 666 mensis
463 646 595 665 numerus
612 637 659 669 sit,
675 638 721 672 qui
736 638 812 673 cyclo
835 638 923 672 primo
939 637 972 664 ad

190 689 313 718 epactam
327 691 445 711 annuam
461 684 596 718 adjectus,
612 687 718 710 aetatem
729 683 801 710 lunae
814 684 931 717 complet
945 682 972 709 in

189 730 320 757 Kalendis
333 730 430 765 ipsius.
447 730 526 757 Anno
545 730 633 765 primo
650 729 729 765 cycli,
744 734 846 764 epacta:
863 730 972 756 lunares

189 780 254 803 sunt
269 785 307 808 ix,
324 777 400 804 deest
414 777 504 804 unitas
519 776 552 803 ad
570 779 677 803 atatem
696 776 767 803 luna:
782 776 970 810 complendam

189 821 318 849 Kalendis
336 822 496 857 Aprilibus;
513 826 556 850 est
571 822 642 849 enim
656 822 762 849 decitna
781 831 788 849 :
802 830 833 849 ac
850 821 890 849 sic
906 821 971 849 reli-

189 867 250 902 quis
267 868 294 894 in
306 867 455 896 mensibus.
472 867 610 898 Posterior
623 868 720 895 modus
737 875 820 894 unum
838 867 922 894 demit
937 875 969 896 ex

187 913 273 948 priori
293 921 392 949 genere
415 915 590 949 regularium.
609 915 667 946 Vel,
690 919 731 942 est
752 922 883 942 numerus
903 915 972 941 resi-
988 904 1008 932 Β

189 959 259 987 duus
285 964 348 995 post
377 968 488 991 aureum
517 969 662 988 numerum
691 961 814 988 citimum
842 960 971 988 Kalendis

188 1007 290 1042 Aprilis
324 1007 352 1036 in
383 1009 560 1036 antecedente
588 1017 692 1040 mense.
717 1009 796 1036 initio
823 1010 857 1036 ab
884 1009 970 1044 Aprili

189 1051 269 1080 Iacto.
290 1052 374 1088 Cyclo
399 1054 479 1081 tertio
501 1054 586 1086 lunze,
604 1055 747 1081 neomenia
769 1055 865 1081 incidit
884 1055 911 1082 in
928 1055 970 1081 ul-

187 1098 282 1126 timum
303 1097 404 1126 Martii.
425 1098 495 1134 Ergo
512 1101 604 1126 nullus
618 1104 660 1127 est
678 1108 710 1127 eo
734 1108 828 1127 mense
844 1100 970 1128 residuus

186 1143 244 1171 dies
268 1148 329 1178 post
351 1145 522 1172 neomeniam
548 1153 553 1170 :
573 1145 694 1180 adeoque
714 1145 846 1181 regularis
868 1146 970 1181 Aprilis

185 1194 229 1218 est
248 1190 275 1218 0.
293 1190 377 1225 Aprili
397 1199 460 1218 vero
478 1195 538 1227 post
562 1193 745 1225 neomeniam,
766 1201 826 1228 quae
848 1201 911 1220 xxix
925 1193 970 1220 die

187 1237 298 1269 accidit,
319 1241 404 1265 restat
420 1245 490 1265 unus
503 1239 572 1266 dies.
589 1239 673 1274 Igitur
689 1240 823 1274 regularis
841 1240 902 1266 Maii
927 1248 969 1268 se-

185 1284 295 1317 quentis
321 1288 363 1311 est
383 1285 409 1311 1.
431 1286 505 1312 Inter
530 1286 610 1312 ambo
636 1293 736 1321 genera
762 1286 813 1313 hoc
841 1286 966 1317 interest,

186 1328 257 1362 quod
277 1329 415 1364 regulares
439 1331 543 1365 priores
562 1338 623 1358 cum
641 1334 737 1365 epacta
753 1336 881 1359 currente
898 1332 969 1359 luna!

185 1377 291 1406 aetatem
310 1375 429 1406 exhibet.
453 1377 521 1403 citra
536 1375 589 1403 diei
606 1376 687 1403 ullius
701 1377 893 1410 adjectionem,
916 1384 967 1411 po-

185 1420 312 1453 steriores
335 1420 470 1449 Kalendas
498 1422 570 1456 ipsas
593 1421 735 1456 adjiciunt.
754 1421 904 1457 Utrumque
919 1430 967 1458 ge-

185 1473 237 1500 nus
254 1474 372 1502 sequens
386 1467 484 1494 tabella
499 1468 719 1501 comprehendet.

237 1521 340 1553 Tabula
354 1523 691 1585 Kregulariumﬂdupli‘cium
712 1524 783 1552 luna:
798 1525 824 1552 in
841 1524 914 1561 cyclo

544 1567 638 1585 axtmt.

544 1567 638 1587 axtmt.

529 1604 626 1667 Rapui.
755 1605 851 1668 Reﬁul.

234 1683 335 1718 Aprilis
568 1687 581 1713 1
795 1686 812 1713 0

235 1718 324 1746 Maius
566 1721 585 1748 2
794 1722 807 1748 1

233 1753 332 1782 Junius
567 1757 586 1784 3
794 1757 813 1784 9

232 1798 320 1827 Julius
565 1801 584 1832 4
794 1802 812 1830 3

231 1835 372 1869 Augustus
566 1837 585 1864 5
793 1837 812 1867 4

233 1868 390 1904 September
565 1871 582 1899 7
794 1872 812 1901 6

235 1915 353 1944 October
565 1917 583 1945 Ἰ
791 1919 809 1947 6

233 1950 387 1979 November
562 1953 580 1980 9
791 1955 808 1983 8

234 1985 331 2013 Decem
336 1987 384 2013 bcr
563 1987 581 2015 9
791 1990 809 2017 8

232 2030 381 2060 Ianuarius
549 2033 580 2061 11
771 2035 807 2062 10

230 2065 397 2096 Februarius
551 2068 585 2095 12
773 2071 802 2098 11

230 2101 345 2130 Martius
551 2104 581 2130 11
772 2107 807 2133 te

214 2155 374 2192 Exemplum
399 2167 406 2185 :
435 2162 513 2195 cyclo
538 2159 609 2188 lunae
631 2168 676 2187 rw
701 2169 772 2188 seire
793 2161 858 2189 libet
879 2166 961 2197 quota

179 2201 243 2232 Iuna
259 2202 294 2228 sit
307 2202 434 2231 Kalendis
460 2202 639 2238 Septembris.
656 2204 764 2239 Epactse
775 2205 792 2232 2
804 2212 864 2232 cum
881 2213 961 2241 regu-

179 2246 282 2275 laribus
302 2249 440 2282 prioribus
461 2250 487 2281 7,
509 2250 550 2278 vel
568 2257 629 2277 cum
654 2251 849 2285 posterioribus
870 2252 896 2284 6,
913 2252 960 2279 sed
977 2249 998 2276 ι)

179 2293 284 2320 unitate
308 2294 411 2326 addita,
431 2295 496 2322 dant
514 2296 604 2323 lunam
623 2304 722 2324 nouant
738 2306 745 2329 ;
761 2301 791 2324 ut
809 2301 850 2324 est
867 2305 960 2325 revera

179 2337 255 2372 cyclo
285 2347 330 2365 xlv
359 2339 477 2369 Nicaano.
504 2341 610 2370 Rursus
633 2348 771 2377 quaeratur
801 2347 867 2370 atas
890 2344 962 2371 luna:

178 2384 255 2418 cyclo
276 2384 346 2412 luna:
369 2394 384 2411 ν
402 2385 528 2415 Kalendis
545 2387 682 2415 Octobris.
708 2388 815 2423 Epacta:
835 2389 878 2419 25,
898 2397 961 2416 cum

179 2430 349 2464 regularibus
368 2431 394 2462 7,
411 2432 452 2459 vel
469 2431 495 2464 6,
508 2441 522 2460 c
535 2433 664 2465 Kalendis
688 2433 753 2469 ipsis
778 2435 898 2469 praebent
917 2435 959 2461 lu-

179 2482 242 2502 nam
253 2476 431 2510 tricesimam.

477 2533 592 2561 CAPUT
611 2534 654 2561 IX.

179 2587 218 2614 De
241 2589 361 2617 mel/mdo
379 2597 448 2616 tuna:
470 2590 496 2616 in
512 2589 805 2624 Conslantinopolitano
827 2598 957 2627 computo.

212 2645 290 2672 Nunc
312 2647 425 2673 alterius
447 2654 507 2673 atra:
532 2654 563 2673 ac
583 2648 714 2681 computi,
731 2656 810 2683 quem
825 2649 959 2678 Constan-

178 2692 389 2726 tinopolitanum
413 2696 529 2726 vocant,
557 2694 701 2727 aperienda
729 2694 873 2723 methodus
900 2700 957 2726 est.

178 2745 209 2764 cx
227 2737 311 2764 Isaaci
328 2739 407 2769 libro,
426 2739 471 2773 qui
493 2747 553 2766 eam
569 2739 714 2775 diligenter
728 2742 849 2775 exponit.
868 2741 897 2768 In
913 2742 958 2769 illa

180 2784 296 2810 primum
312 2785 450 2820 cyclorum
471 2785 720 2821 inrestigandorunt
736 2788 841 2820 eadem,
855 2797 915 2823 qua:
931 2789 958 2816 in

176 2828 326 2862 Superiore,
351 2830 442 2863 ratio;
462 2836 491 2857 ut
513 2831 599 2858 divisa
622 2840 728 2858 summa
744 2840 792 2868 per
811 2834 958 2868 querulith

176 2875 294 2918 cyclum,
308 2881 463 2919 competens
476 2878 550 2910 anni,
560 2879 606 2914 qui
622 2880 764 2919 qumritur,
776 2881 869 2915 cyclus
882 2889 958 2909 erua—

687 165 731 193 AD
753 164 884 192 EUSEBII
905 162 1102 192 CHRONICON
1119 160 1298 189 APPENDIX.

197 225 385 262 prehenditur.
399 225 534 252 Maximus
548 225 636 260 capite
649 223 766 256 XXVIII,
780 225 816 251 ita
835 223 869 251 de
883 225 933 251 hac
953 232 981 251 re
996 226 1018 253 Α
1034 227 1088 249 tur.
1115 222 1167 249 Sed
1194 221 1321 256 quoniam
1345 227 1475 246 numerus
1498 224 1636 262 annorum
1658 215 1748 262 hujus
1767 223 1830 262 επις

1760 156 1830 187 H32

1031 267 1149 295 sedecim
1168 267 1286 301 priorem
1301 263 1408 292 excedit
1426 273 1432 290 :
1447 263 1509 290 hinc
1523 262 1556 290 ad
1573 261 1670 296 cyclus
1682 260 1762 286 illius
1779 260 1829 287 ad-

1030 313 1095 339 ditis
1114 312 1157 344 I6,
1171 311 1239 346 cycli
1258 310 1340 344 hujus
1362 309 1494 335 orientur.
1510 308 1610 334 Annus
1629 306 1741 341 primus
1767 312 1829 331 anc

1029 357 1209 388 Christiana,
1237 353 1426 382 Alexandrina!
1453 356 1494 379 est
1518 351 1605 380 5195.
1636 351 1687 385 qui
1716 358 1770 385 per
1796 349 1829 375 19

1030 403 1135 431 divisus
1161 402 1208 429 dat
1232 400 1260 428 2.
1284 400 1391 427 Additis
1415 399 1459 430 16,
1485 399 1531 425 lict
1561 397 1658 432 cyclus
1687 396 1765 422 luna:
1783 395 1826 425 18,

1028 458 1108 485 quem
1130 449 1175 476 dat
1201 455 1290 474 annus
1309 445 1378 476 5509
1392 444 1554 480 posterioris
1569 443 1709 477 computi,
1734 442 1761 468 si
1779 449 1827 475 per

1029 495 1062 522 19
1080 495 1226 521 tribuatur.
1247 491 1292 519 Sic
1317 491 1349 518 ad
1374 491 1479 526 cyclum
1505 490 1572 517 solis
1589 489 1606 515 5
1628 496 1694 516 terra
1710 487 1824 522 prioris.

1028 540 1141 574 adjectis
1165 538 1209 570 16,
1236 537 1349 565 exsistet
1376 537 1469 571 cyclus
1496 536 1563 563 solis
1589 535 1621 561 2|
1645 534 1716 560 anni
1741 533 1823 560 5509.

1027 585 1091 612 Item
1108 586 1139 612 ad
1157 593 1186 611 ιιι
1204 584 1391 616 intlictionem,
1415 591 1475 618 quae
1496 591 1530 610 ex
1556 581 1627 608 51595
1652 579 1823 614 relinquitur

1027 640 1074 667 per
1094 631 1126 658 I5
1146 631 1263 666 partitis,
1290 630 1311 656 si
1337 630 1467 658 accedant
1485 629 1529 661 16,
1550 628 1662 655 residua
1679 627 1735 653 erit
1754 626 1822 653 indi-

1026 679 1080 705 ctio
1098 687 1124 704 tv
1141 677 1204 704 anni
1224 676 1303 703 5509.
1319 676 1406 711 Caput
1425 676 1494 711 cycli
1519 675 1619 702 solaris
1635 674 1671 700 ab
1686 672 1819 705 Octobri,

1026 725 1129 752 lunaris
1156 732 1170 750 a
1197 722 1326 750 Januario
1349 726 1479 757 sequente
1499 721 1598 756 repetit
1617 721 1736 746 Isaacus
1760 726 1819 753 cap.

1025 771 1057 798 III
1073 775 1099 798 et
1118 770 1159 797 VI.
1177 770 1262 805 Igitur
1285 769 1390 796 lunaris
1411 769 1503 804 cyclus
1527 775 1535 795 ι
1558 766 1820 800 Constantinopoli-

1025 822 1106 845 tanus
1130 821 1172 844 est
1198 821 1312 852 quartus
1334 815 1475 847 Romani;
1503 819 1530 841 et
1558 814 1669 849 primus
1701 812 1818 838 Romani

1024 869 1066 891 est
1090 871 1144 891 xvn
1171 862 1478 897 Constantinopolitani.
1509 860 1578 887 Cum
1608 861 1686 887 enim
1712 859 1817 885 lunaris

1022 911 1115 946 cyclus
1132 909 1307 937 Alexandrini
1324 907 1443 942 contputi
1458 907 1529 934 idern
1546 906 1582 933 sit
1597 914 1630 933 ac
1647 905 1816 934 Romanus;

1021 958 1044 984 si
1067 956 1098 982 16
1115 955 1147 983 ad
1165 956 1235 982 hunc
1252 955 1357 990 cyclum
1374 954 1497 988 adjicias,
1512 956 1578 987 puta
1604 951 1640 978 ad
1660 951 1688 982 1,
1715 950 1817 977 ellicies

1023 1002 1056 1028 17
1071 1002 1154 1028 illius.
1181 1001 1346 1035 Epactarum
1363 999 1519 1034 progressio
1537 999 1629 1034 plane.
1652 1001 1686 1024 ut
1706 997 1734 1023 in
1763 996 1816 1022 Ro-

1020 1054 1114 1077 mano.
1136 1055 1183 1081 per
1198 1046 1450 1081 mttltiplicationem
1467 1045 1542 1072 aurei
1557 1043 1668 1071 numeri
1684 1043 1715 1070 in
1731 1044 1815 1070 unde-

1021 1093 1073 1119 cim
1090 1092 1205 1119 eliicitur
1224 1102 1230 1119 :
1248 1099 1336 1126 neque
1353 1091 1435 1118 biduo
1460 1091 1614 1121 mutilatur,
1638 1093 1670 1115 ut
1694 1089 1814 1116 instituit

1021 1138 1166 1169 Maximus,
1193 1137 1240 1164 scd
1266 1141 1367 1173 cpactaa
1395 1137 1449 1164 illae
1474 1140 1548 1167 sunt.
1579 1143 1650 1170 quas
1675 1135 1814 1170 superiori

1020 1184 1110 1219 capite
1127 1184 1155 1210 in
1177 1184 1308 1210 laterculo
1324 1183 1392 1218 cycli
1410 1183 1516 1209 lunaris
1532 1181 1676 1208 Romanas
1693 1181 1814 1215 appella~

1020 1236 1090 1256 mus.
1107 1228 1205 1255 Verum
1223 1235 1310 1254 annus
1329 1228 1436 1262 primus
1450 1227 1565 1253 Romani
1578 1227 1661 1261 cycli,
1685 1226 1729 1253 vel
1743 1226 1811 1260 ejus,

1019 1284 1073 1310 quo
1093 1275 1226 1303 Maximus
1248 1275 1344 1306 utitur,
1360 1274 1461 1308 quique
1478 1273 1559 1300 habet
1578 1276 1695 1308 epat-tas
1711 1281 1757 1303 ςι,
1774 1277 1814 1300 est

1019 1323 1134 1355 quartus
1157 1318 1462 1353 Constantinopolitani.
1488 1317 1597 1352 Epacta:
1618 1321 1686 1344 sunt
1709 1317 1813 1344 residui

1019 1366 1087 1396 dies,
1111 1365 1158 1400 qui
1181 1365 1214 1391 ad
1240 1364 1428 1400 complendam
1447 1363 1614 1390 Iunationem
1636 1362 1671 1389 ad
1688 1362 1750 1389 dies
1766 1371 1812 1390 cu-

1016 1412 1129 1447 juslibet
1145 1411 1247 1439 mensis
1265 1411 1438 1438 adhibentur.
1453 1410 1532 1437 Anno
1545 1410 1635 1444 primo
1654 1410 1726 1444 cycli
1746 1417 1812 1443 epa-

1019 1462 1070 1485 ctze
1086 1461 1151 1485 sttnt
1173 1457 1310 1484 undecim.
1330 1456 1355 1483 Is
1371 1460 1412 1483 est
1436 1459 1551 1491 quartus
1572 1455 1637 1482 anni
1659 1454 1779 1482 Romani
1802 1464 1810 1480 :

1018 1506 1061 1532 cui
1086 1505 1183 1532 tertius
1208 1503 1371 1531 antecedens
1396 1503 1516 1537 reliquos
1538 1501 1597 1528 dics
1625 1500 1756 1528 undecim
1777 1499 1810 1526 ab

1018 1550 1115 1577 ultima
1141 1550 1250 1586 syzygia
1272 1548 1401 1583 reliquit,
1430 1555 1489 1582 quas
1511 1545 1670 1574 Decembris
1684 1553 1732 1572 ut
1755 1552 1809 1572 cce-

1020 1595 1071 1631 pit.
1085 1594 1223 1622 Naturalis
1240 1601 1316 1629 ergo,
1329 1598 1355 1621 et
1369 1592 1479 1628 propria
1492 1592 1546 1618 τῶν
1565 1591 1696 1618 ὲπακτῶν
1714 1591 1742 1616 ἱιι
1758 1590 1808 1617 hoc

1019 1640 1097 1676 cyclo
1114 1640 1191 1668 notio
1211 1644 1263 1671 est,
1276 1644 1303 1666 et
1318 1639 1472 1674 appellatio.

1054 1685 1228 1721 Regularium
1246 1693 1294 1719 par
1308 1689 1359 1718 cst,
1379 1689 1460 1719 atque
1481 1683 1508 1710 in
1524 1682 1679 1717 superiore,
1699 1682 1806 1709 metho-

1019 1732 1071 1759 dus
1096 1740 1103 1758 :
1121 1734 1158 1763 et,
1177 1735 1207 1758 ut
1224 1731 1289 1762 illic,
1305 1730 1390 1757 duum
1416 1736 1544 1764 generum
1571 1731 1648 1755 sunt.
1664 1728 1720 1754 Alii
1745 1735 1805 1754 cum

1019 1778 1124 1813 epactis
1147 1781 1255 1804 aetatem
1279 1777 1350 1804 lunte
1373 1775 1528 1811 perﬁciunt,
1549 1774 1596 1801 alii
1616 1774 1724 1801 unitate
1744 1777 1806 1801 sunt

1018 1823 1152 1850 minores.
1180 1821 1259 1854 Tum,
1286 1822 1357 1856 quod
1381 1829 1396 1848 a
1414 1820 1555 1852 Januario,
1581 1828 1638 1847 non
1661 1819 1698 1846 ab
1724 1819 1806 1853 Aprili

1018 1869 1122 1903 epoeha
1137 1868 1257 1900 ducitur,
1288 1867 1420 1894 nonnulla
1436 1867 1554 1893 varietas
1568 1866 1677 1892 incidit.
1694 1864 1805 1892 Utrum-

1018 1923 1071 1950 que
1086 1923 1172 1950 genus
1188 1915 1215 1942 in
1230 1918 1360 1950 sequente
1375 1913 1505 1940 laterculo
1516 1911 1719 1939 describemus.

1071 1971 1239 1998 Lalerculum
1265 1971 1424 2005 regularium
1455 1970 1525 1997 Ιιιηιε
1547 1969 1696 2003 duplicium
1728 1970 1756 1996 in

1316 2006 1388 2041 cyclo
1406 2007 1505 2032 Isaaci.

1360 2051 1456 2114 Rcful.
1586 2051 1686 2113 Reﬁul.

1066 2132 1212 2162 Januarius
1399 2133 1411 2160 1
1627 2133 1646 2160 0

1067 2168 1234 2197 Februarius
1378 2169 1382 2173 ”
1397 2169 1415 2194 2
1629 2169 1640 2193 1

1067 2202 1180 2231 Martius
1397 2204 1409 2230 1
1624 2202 1641 2229 0

1067 2249 1166 2284 Aprilis
1395 2249 1414 2275 ‘2
1627 2248 1638 2284 1

1066 2284 1151 2311 Mutus
1397 2285 1413 2310 5
1623 2283 1641 2308 9.

1063 2319 1161 2347 Junius
1395 2319 1412 2346 4
1623 2318 1656 2347 5.

1063 2363 1150 2392 Julius
1392 2364 1408 2392 5
1620 2363 1637 2390 4

1064 2401 1203 2433 Augustus
1393 2401 1410 2425 6
1621 2400 1638 2426 5

1065 2435 1223 2469 September
1395 2435 1411 2462 8
1625 2435 1640 2461 ’1

1065 2480 1182 2507 October
1395 2481 1411 2507 8
1625 2483 1639 2508 'l

1063 2514 1216 2542 November
1381 2515 1411 2542 I0
1622 2517 1639 2544 9

1064 2549 1210 2577 December
1378 2551 1407 2576 11
1605 2553 1638 2580 10

1051 2606 1172 2641 Exempli
1187 2614 1269 2633 causa
1288 2614 1294 2632 :
1313 2606 1396 2641 Cyclo
1413 2608 1483 2634 Iunzc
1502 2616 1558 2639 xw,
1576 2612 1795 2644 quaeratur'a‘tal

1011 2653 1084 2680 illius
1113 2653 1240 2681 Kalendis
1268 2653 1442 2688 Septembris.
1464 2654 1571 2689 Epacta:
1593 2662 1658 2683 sunt
1677 2665 1715 2689 tv,
1739 2668 1794 2694 qua‘

1010 2707 1071 2726 cum
1103 2700 1277 2734 regularibus
1307 2699 1474 2735 Septembris
1497 2708 1554 2734 vut,
1581 2705 1628 2728 aut
1658 2711 1722 2730 eum
1749 2713 1792 2735 vn.

1011 2745 1101 2772 addita
1124 2746 1238 2776 unitate,
1257 2746 1321 2772 dant
1351 2745 1441 2773 lunam
1463 2747 1653 2774 duodecimam
1684 2758 1691 2775 :
1714 2755 1790 2785 quota

1010 2799 1102 2818 revera
1131 2795 1174 2819 est
1200 2791 1275 2826 cyclo
1306 2791 1428 2819 Romano
1449 2800 1515 2824 xvu,
1542 2793 1790 2832 Constantinopoli-

1010 2840 1073 2863 tano
1090 2845 1143 2864 xw.

1057 2882 1165 2914 Isaacus
1196 2883 1283 2924 capite
1307 2883 1341 2917 IX
1366 2891 1415 2925 pro
1446 2884 1626 2923 regularibusl
1653 2887 1788 2918 residuum
