1900 3137
125 177 136 203 Ι
143 177 198 204 4’15

621 175 852 205 DISSERTATIO
870 176 915 205 DE
933 175 1135 204 GRECORUM
1154 175 1255 204 AERIS.
1293 197 1297 202 .

1677 177 1746 205 ηδε

124 236 264 264 mensium
291 235 472 267 Julianorum,
498 236 629 264 detractis
652 237 765 272 integris
784 236 912 272 syzygiis,
928 240 950 266 Α
966 236 1103 270 Contigit;
1132 243 1192 270 quae
1214 243 1262 270 per
1279 239 1402 269 epactam
1421 234 1472 267 22,
1494 235 1632 269 regulares
1655 240 1746 270 poste-

123 283 239 318 aceipit.
262 281 376 318 Syzygia
394 283 499 310 lunaris
517 287 559 310 est
578 282 684 310 dierum
702 291 767 310 xxtx
783 282 835 318 1/2
851 282 913 316 qui-

122 329 180 357 bus
193 329 226 356 de
239 336 302 357 rut
316 328 451 359 deductis.
465 333 568 356 restant
580 329 592 355 1
607 329 659 364 l/‘2
673 330 699 355 in
716 328 864 357 Februario
879 327 912 354 ad

121 378 239 409 epactas
255 381 359 401 annuas
382 374 509 401 addeudi.
525 374 578 401 Sed
600 382 658 401 eam
680 374 836 401 methodum
862 373 913 399 mi-

121 420 201 448 nime
229 421 310 453 vulgo
336 424 426 454 aptam
454 428 515 447 esse
543 427 624 455 supra
655 420 820 446 monuimus.
848 419 909 446 ldeo

120 465 244 493 Romani
270 474 442 500 nequaquam
473 474 504 493 ea
531 469 595 493 sunt
625 466 677 493 usi.
712 465 845 498 Quocirca
872 466 911 492 uti

119 511 282 538 Graecorum
295 512 469 547 epilogismos
481 512 513 538 ad
526 511 679 538 Kalendarii
692 511 822 539 nostratis
832 519 910 539 usum

120 565 158 584 ac
179 558 343 592 dispositqu
360 557 608 589 accommodemus,
631 565 692 584 cum
708 561 811 592 epactts
831 565 911 591 regin-

120 604 198 631 lares
209 604 408 638 componimus.
428 603 515 630 Unum
533 607 622 631 tamen
639 603 840 630 observandum
857 608 908 635 est,

119 657 188 676 cum
208 650 284 684 cyelo
305 650 391 676 lsaaci
411 657 477 681 nu,
493 653 603 684 epactas
617 657 674 682 vui,
692 657 746 676 non
765 658 814 680 vn,
832 658 909 676 corn-

120 694 262 729 parandas
286 702 366 726 esse;
383 698 485 721 etcum
512 694 588 729 cyclo
611 702 687 726 ιιίιι,
717 698 828 728 cpactas
851 701 908 724 XII,

118 748 180 767 non
199 748 277 768 xvut.
302 740 386 774 Cujus
409 741 477 767 ratio
500 748 532 767 ex
558 741 679 775 ὑποτομῇ
703 740 773 767 luna:
795 739 910 774 petenda

117 789 166 813 est
181 794 189 817 ;
212 793 227 812 a
246 794 301 821 qua
318 786 396 816 luum,
412 793 491 820 quem
509 790 619 816 vocant,
634 786 722 813 saltus
746 786 844 812 oritur.
861 784 910 812 llic

118 832 196 859 enim
217 833 244 859 in
266 832 343 866 Cyclo
359 831 482 858 Romano
499 840 555 862 vix,
573 831 733 859 Latinorum
752 839 795 858 xvt
819 831 908 858 ccuti-

118 878 172 911 git,
194 878 233 904 uti
258 878 306 905 lib.
331 877 362 904 Vl
385 878 422 904 De
443 878 563 904 doctrina
579 883 738 911 temporum,
756 885 816 912 cap.
838 876 909 904 XVII

117 923 253 951 diximus.
277 923 392 958 Propter
410 924 479 950 hanc
505 924 660 959 ὑποτομὴν,
686 930 786 950 aureus
810 930 906 949 nume-

117 978 170 997 rus
194 978 239 997 tux
257 977 311 996 uno
337 970 380 996 die
401 970 482 997 situm
502 969 650 996 antevertit
672 970 699 996 in
721 969 907 1003 descriptione

117 1015 236 1042 Romani
255 1015 421 1043 Kalendarii.
443 1015 483 1042 0b
501 1015 527 1042 id
545 1023 598 1042 non
615 1023 652 1046 ιιι,
669 1015 714 1042 sed
730 1023 766 1041 xu
783 1014 907 1042 addenda

117 1066 186 1089 sunt
203 1062 235 1088 ad
253 1066 373 1096 cpaetam
393 1061 455 1087 anni
473 1061 659 1088 antecedentis
681 1068 765 1092 xxvi;
786 1065 815 1087 ut
843 1060 907 1087 ﬁant

114 1116 167 1134 vui
188 1114 291 1142 cpactze
315 1107 379 1134 anni
397 1115 464 1140 xvu,
481 1108 582 1142 quibus
598 1107 700 1134 additis
714 1115 752 1137 x1,
769 1107 906 1133 exsistunt

115 1158 221 1189 opacus
239 1162 283 1180 XIX
306 1154 369 1180 anni
389 1162 465 1183 xvru.
482 1154 527 1188 qui
543 1159 584 1181 est
607 1153 745 1181 secundus
764 1153 832 1188 cycli
853 1153 906 1180 lto?

114 1199 192 1224 matri
218 1207 225 1224 :
247 1206 279 1225 ac
308 1199 416 1225 denmm
446 1199 559 1233 adjectis
588 1207 629 1230 χι,
662 1199 729 1226 ﬁunt
758 1202 860 1233 epactaa
888 1199 905 1225 0

115 1245 182 1274 anui
205 1253 263 1276 xix,
281 1245 326 1280 qui
349 1249 390 1272 est
410 1246 508 1273 tertius
528 1245 644 1272 Romani
665 1245 744 1280 cycli.
764 1245 820 1272 Hoc
841 1252 905 1272 vero

115 1291 208 1317 locum
230 1290 313 1318 habet
334 1291 361 1317 in
380 1298 525 1317 aureorum
548 1298 724 1317 numerorum
749 1290 904 1325 dispositu;

114 1336 270 1369 tujusmodi
291 1340 332 1363 est
353 1337 379 1363 in
394 1340 488 1364 nostro
505 1336 678 1364 Kalendario.
694 1335 763 1363 Nam
786 1337 811 1363 si
826 1336 905 1366 aliter

117 1381 291 1417 iustituattu‘,
320 1381 373 1408 alia
389 1389 497 1416 quoque
512 1382 565 1408 erit
576 1381 694 1409 ineunda
709 1382 789 1410 ratio.

428 1447 541 1476 CAPUT
563 1448 598 1475 Χ.

113 1506 155 1537 De
175 1507 263 1533 lunari
290 1506 441 1541 προηγήσει
455 1524 463 1536 ,
489 1511 512 1532 et
531 1506 702 1532 terminat-um
722 1503 903 1541 μεταπτώᾳει.

152 1541 245 1568 lsaaci
267 1542 362 1575 Argyri
380 1540 494 1567 ridicula
516 1542 595 1568 ratio.
619 1541 825 1574 Quartadecima
849 1540 904 1566 Ρα-

926 909 946 938 Β

150 1578 249 1604 scltnlis
275 1585 322 1602 cur
345 1576 518 1609 plenilunium
542 1576 660 1602 dicatur.
690 1575 781 1602 lsaaci
802 1583 903 1602 errores
918 1580 940 1611 ς

152 1614 242 1643 varii;
267 1612 452 1645 wquiuuctium
478 1611 548 1646 falso
567 1612 599 1638 ab
618 1611 706 1640 eadem
727 1611 902 1638 observatum.

152 1658 425 1693 Hucusquelunarem
434 1658 561 1685 methodu
567 1666 590 1684 ιιι
609 1658 794 1693 expressimus
804 1657 904 1684 utrius-

112 1712 168 1739 que
191 1704 332 1739 computi;
354 1712 414 1739 quae
428 1703 540 1731 Nicatno
557 1705 668 1735 saeculo,
688 1712 720 1731 ac
743 1704 812 1731 citra
826 1704 903 1731 novi-

113 1750 253 1777 luniorum
277 1751 429 1785 προήγησιν
445 1750 567 1777 adhiberi
591 1753 697 1784 poterat
714 1759 720 1777 :
739 1757 820 1784 quam
839 1757 901 1776 Cllm

112 1796 284 1831 antiquiores
309 1796 483 1830 computandi
511 1796 655 1831 magistri,
684 1795 722 1821 uti
748 1794 900 1826 Maximus,

112 1842 271 1877 Dionysius.
294 1841 364 1868 Beda
390 1841 547 1872 nescirent,
569 1844 731 1875 perpetuum
753 1840 819 1866 illud
835 1840 904 1865 arti-

111 1889 206 1915 ﬁcium
223 1887 393 1922 inquirendae
412 1887 515 1914 lunaris
528 1887 617 1913 :ctalis
633 1894 694 1914 esse
714 1886 898 1913 crediderunt.

112 1935 227 1962 lsaacus
252 1942 327 1966 vero,
346 1938 377 1961 ut
394 1939 452 1961 erat
470 1932 645 1961 astronomia:
667 1933 784 1968 peritus,
802 1932 899 1967 pratsi-

110 1979 159 2006 dio
181 1979 333 2006 cmlestium
353 1979 574 2006 Observationum
597 1981 624 2005 et
647 1978 822 2004 astrononiici
844 1978 899 2005 cal-

111 2024 178 2055 culi,
202 2024 268 2051 solis
290 2031 322 2050 ac
342 2024 412 2050 luna:
432 2023 636 2051 antecessiones
653 2023 845 2050 animadvertit
870 2023 898 2050 in

111 2078 185 2097 anno
198 2069 319 2097 Iluliano.
338 2069 401 2097 Ideo
422 2075 477 2096 tam
491 2069 625 2101 Nicmnas,
640 2069 683 2096 vel
699 2069 898 2097 Alexandrinas

112 2116 205 2151 potius
224 2116 382 2143 neomenias
404 2115 562 2147 Paschales,
577 2124 658 2151 quam
676 2116 819 2147 terminos.
837 2116 898 2143 inu-

111 2162 174 2189 tiles
199 2166 277 2189 retate
300 2169 349 2188 sua
373 2169 434 2189 esse
457 2162 610 2196 comperit;
637 2166 666 2188 ut
688 2162 734 2196 qui
756 2163 788 2189 ab
806 2170 898 2190 mense

111 2208 201 2243 primo
216 2207 249 2234 ad
268 2207 417 2235 secundum
436 2208 565 2242 paulatim
590 2208 736 2235 transitum
758 2207 895 2237 fecissent.

964 283 1051 309 riores
1066 282 1094 313 7,
1112 289 1143 309 ac
1155 282 1205 317 τὴν
1223 281 1364 312 ποσταίαν,
1381 281 1406 308 id
1419 285 1461 308 est
1473 280 1531 308 dies
1542 281 1577 308 26
1591 281 1744 309 conficitur.

963 328 1138 355 Noviluuium
1161 327 1258 354 incidit
1296 326 1463 361 Septembris
1485 334 1589 358 xxvru,
1615 327 1682 354 feria
1704 335 1743 354 I-u.

965 374 1042 402 Unde
1058 375 1121 401 luna
1138 374 1270 402 vicesima
1291 381 1363 400 nona
1386 373 1514 407 competit
1529 372 1653 400 Octobris
1669 381 1744 406 xxvi,

964 421 1010 448 sed
1028 420 1197 447 ueomeniam
1213 420 1316 455 putavit
1337 419 1446 446 lsaacus
1462 426 1476 444 a
1491 426 1556 446 xxix
1571 418 1615 446 die
1627 418 1746 453 Septem-

963 466 1030 493 bris.
1054 466 1148 500 Itaque
1170 466 1221 492 tria
1249 466 1342 500 adjicit
1363 469 1466 500 epactze
1489 465 1524 491 29..
1538 485 1545 496 ,
1567 468 1596 491 ut
1622 465 1658 492 sit
1678 465 1714 493 25
1736 473 1744 492 :

962 519 1022 546 quae.
1041 520 1103 538 cum
1128 511 1233 546 cpactis
1259 512 1393 538 mensium
1414 510 1439 541 7,
1462 514 1488 537 et
1504 511 1539 537 ‘26
1553 511 1648 538 diebus
1664 510 1746 538 Octo-

962 557 1019 584 bris
1040 558 1132 584 lunam
1155 557 1310 593 producunt
1331 556 1486 583 vicesimam
1507 560 1647 588 octavam,
1670 556 1745 584 dem-

962 602 1015 636 ptis
1042 602 1085 629 50.
1114 602 1169 628 (Zur
1203 602 1253 628 tria
1279 602 1337 629 haec
1360 600 1505 632 addantur,
1534 608 1644 627 causam
1670 600 1745 628 allurt

959 648 1108 683 jucularem
1123 656 1130 680 ;
1147 649 1209 683 quia
1232 656 1293 675 eum
1310 648 1375 674 luna
1394 648 1471 682 plena
1489 653 1577 674 creata
1596 648 1632 674 sit
1653 655 1667 673 a
1690 647 1746 674 Deo

961 694 1005 721 die
1034 698 1143 728 quarto,
1170 694 1290 721 triduum
1313 698 1421 728 oportet
1442 694 1634 721 antecessisse.
1659 692 1745 720 Porro

961 743 1037 777 cyclo
1062 743 1150 777 primo
1173 743 1345 778 deprehensa
1369 746 1411 770 est
1438 743 1502 769 luna
1521 742 1625 769 decima
1649 743 1744 777 quinta

962 789 1143 816 Kalendarum
1160 788 1303 821 Januarii;
1328 793 1429 823 quanta
1457 793 1516 815 erat
1540 796 1573 815 eo
1596 792 1743 820 momento,

960 842 1014 868 quo
1039 840 1131 861 creata
1150 839 1202 862 est.
1219 834 1352 867 Quoniam
1369 842 1434 869 ergo
1453 835 1546 869 cyclus
1560 835 1663 869 primus
1680 841 1743 868 epa-

961 885 1020 907 ctas
1046 880 1126 908 habet
1144 881 1269 908 undecim
1288 889 1320 908 ex
1341 880 1468 908 metbodo
1482 889 1489 914 ;
1504 880 1554 907 hac
1573 881 1678 908 ratione
1694 881 1743 908 lin-

961 927 1035 961 gitur
1056 927 1226 954 novilunium
1250 927 1383 955 incidisse
1408 927 1534 955 undecim
1561 927 1656 954 diebus
1681 932 1743 955 ante

958 972 1097 1000 Kalendas
1115 981 1121 1000 :
1142 973 1241 1007 quibus
1257 973 1339 999 additi
1356 978 1410 1001 tres
1423 973 1460 1000 illi
1483 972 1536 1008 πρὸ
1554 972 1609 999 τῶν
1626 972 1742 1005 αἰώνων,

957 1022 987 1045 ιιι
1001 1022 1206 1053 computatorcs
1223 1019 1308 1046 Graeci
1331 1020 1494 1052 nominant;
1514 1019 1645 1046 decimam
1660 1019 1742 1053 quin-

957 1068 1012 1090 tam
1027 1064 1117 1090 lunam
1132 1065 1276 1092 conferunt
1289 1065 1315 1091 iu
1325 1065 1460 1092 Kalendas
1472 1064 1624 1092 Januarias.
1640 1064 1743 1092 Idcirco

957 1110 1040 1136 trium
1052 1118 1159 1144 semper
1174 1110 1207 1137 ad
1220 1115 1333 1144 epactas
1349 1110 1377 1136 ﬁt
1392 1110 1526 1138 accessio.

993 1154 1056 1182 Hzec
1074 1156 1145 1182 ratio
1166 1163 1201 1183 ne
1216 1156 1392 1183 astronomitc
1410 1156 1519 1190 quidem
1538 1159 1634 1191 tyrone
1650 1155 1741 1190 digna,

955 1204 982 1228 et
1009 1201 1212 1235 imperitissima
1229 1206 1279 1228 est.
1297 1202 1417 1228 Primum
1444 1202 1480 1228 ita
1498 1201 1637 1236 procedit,
1663 1202 1742 1236 quasi

956 1247 1074 1274 mundus
1092 1246 1231 1274 Deccmbri
1252 1255 1345 1274 mense
1360 1248 1488 1274 conditus
1506 1248 1551 1279 sit,
1573 1248 1644 1282 quod
1662 1255 1742 1276 nemo

956 1292 1091 1320 hactenus
1108 1293 1237 1328 opinatus
1254 1297 1317 1321 est.~
1329 1293 1432 1321 Deinde
1454 1294 1580 1328 quamvis
1601 1294 1653 1320 hoc
1670 1293 1742 1321 ultro

956 1338 1139 1368 concedatur,
1172 1338 1258 1365 nihilo
1282 1338 1368 1372 magis
1392 1338 1515 1373 expediri
1543 1343 1643 1373 potest.
1669 1338 1737 1365 Nam

956 1383 980 1410 si
1000 1391 1094 1410 verum
1119 1383 1197 1416 dicit,
1224 1384 1344 1418 oportuit
1363 1383 1491 1411 onmibus
1514 1388 1587 1411 retro
1612 1384 1739 1416 saeculis,

956 1430 1081 1464 adeoque
1094 1430 1214 1458 Nicmno.
1229 1430 1349 1457 triduum
1362 1429 1427 1456 illud
1445 1430 1525 1464 adjici
1541 1439 1547 1457 τ
1563 1430 1635 1465 quod
1650 1435 1738 1457 tamen

955 1484 1068 1504 necesse
1091 1484 1144 1503 non
1164 1476 1236 1509 fuit;
1251 1477 1385 1511 siquidem
1405 1480 1507 1511 epactae
1525 1476 1662 1512 simplices
1674 1480 1739 1503 mta-

955 1528 1007 1550 tem
1029 1523 1098 1549 lunae
1121 1523 1362 1557 rcprmseutabant.
1387 1522 1520 1549 Praeterea
1547 1523 1657 1550 lsaacus
1681 1522 1739 1557 ipso

955 1569 1044 1603 capite
1065 1568 1135 1600 XVI,
1153 1569 1198 1595 ubi
1215 1568 1247 1596 dc
1266 1569 1370 1595 lunaris
1389 1575 1421 1595 ac
1440 1568 1538 1596 solaris
1559 1568 1622 1595 antri
1642 1568 1739 1595 antici-

956 1617 1067 1651 patione
1078 1616 1200 1647 disserit,
1221 1621 1314 1642 censet
1327 1614 1406 1642 annis
1421 1621 1508 1646 cccrv,
1528 1622 1582 1641 uno
1599 1614 1643 1641 die
1660 1621 1738 1649 syzy-

956 1662 1014 1697 gias
1044 1661 1178 1697 ἀκριϐεῖς,
1203 1661 1307 1693 civiles,
1330 1667 1364 1686 ac,
1382 1660 1493 1686 minime
1517 1659 1641 1694 ἀκριϐεῖς
1665 1665 1736 1686 aute-

955 1712 1071 1735 vertcre.
1097 1707 1173 1734 Unde
1194 1714 1368 1741 consequens
1389 1710 1440 1737 est,
1462 1709 1525 1732 ante
1547 1712 1634 1732 annos
1652 1704 1738 1736 1047,

954 1754 1052 1789 quibus
1075 1753 1182 1780 Nicmua
1203 1752 1325 1788 synodus
1343 1751 1428 1779 lsaaci
1450 1754 1568 1782 aetatem,
1586 1754 1614 1777 et
1636 1757 1737 1777 annum

955 1799 1025 1829 1572
1042 1799 1207 1832 antecessit;
1227 1797 1324 1827 diebus
1343 1797 1460 1832 amplius
1478 1796 1566 1823 tribus
1585 1795 1656 1822 infra
1676 1795 1737 1822 dies

953 1853 1001 1872 eos
1019 1845 1116 1875 fuisse.
1129 1844 1229 1878 quibus
1241 1844 1314 1871 illius
1330 1851 1387 1871 aevo
1404 1842 1558 1870 commissa:
1572 1845 1645 1869 sunt.
1667 1840 1735 1867 Tum

953 1884 1018 1918 vero
1041 1890 1064 1917 si
1085 1889 1205 1916 triduum
1230 1889 1262 1916 ad
1287 1894 1396 1924 epactas
1418 1888 1541 1920 adderes,
1562 1893 1736 1922 nequaquam

954 1938 1045 1964 lunam
1063 1942 1251 1970 assequerere.
1274 1934 1477 1962 Absurdissime
1502 1933 1585 1969 igitur
1604 1932 1735 1963 lsaacus;

952 1983 1009 2017 qui,
1029 1990 1090 2009 cum
1112 1981 1251 2009 uovilunia
1273 1984 1364 2008 certos
1383 1980 1416 2006 ad
1441 1979 1499 2007 dies
1518 1979 1630 2006 minime
1644 1977 1736 2005 adhaaq

952 2024 1066 2054 resccre‘
1096 2026 1213 2057 sentiat,
1239 2024 1275 2051 ita
1298 2025 1478 2052 ratiocinator
1512 2024 1630 2056 interim,
1655 2022 1735 2058 quasi

952 2081 1060 2108 semper
1084 2073 1109 2100 in
1127 2072 1221 2099 eodem
1241 2071 1285 2099 die
1304 2072 1456 2099 consistant
1472 2081 1478 2098 :
1495 2072 1567 2106 quod
1585 2072 1626 2097 vel
1648 2071 1736 2106 impcq

951 2119 1004 2146 rite
1019 2119 1053 2145 ah
1066 2126 1097 2145 eo
1114 2118 1215 2145 factum
1232 2121 1293 2151 est;
1310 2117 1331 2144 si
1352 2117 1378 2143 id
1396 2117 1467 2144 bona
1488 2116 1539 2144 ﬁde
1557 2117 1734 2152 praescripsit,

951 2162 993 2189 vel
1009 2162 1105 2188 callide
1121 2170 1128 2193 ς
1145 2162 1167 2188 si
1185 2160 1352 2189 declinanda:
1374 2161 1481 2188 invidiae
1499 2169 1599 2194 causa,
1617 2169 1651 2189 ne
1673 2163 1736 2197 plus

953 2207 1104 2241 majoribus
1122 2207 1180 2234 suis
1203 2213 1298 2240 sapere
1323 2205 1471 2238 videretur,
1488 2210 1581 2241 aperte
1601 2207 1673 2240 quod
1690 2215 1737 2238 res

111 2253 189 2280 Hanc
214 2254 366 2289 προήγησιν
389 2254 415 2280 in
440 2257 519 2280 a-tate
542 2254 613 2280 lume
633 2253 786 2288 colligenda
813 2253 895 2280 tridui
913 2259 937 2288 υ
953 2255 1022 2282 erat,
1036 2251 1154 2286 proﬁteri
1174 2251 1270 2278 noluit.

111 2299 243 2337 prudens,
272 2307 306 2325 au
332 2299 491 2334 imprudens
512 2300 607 2326 statuit
639 2299 770 2332 lsaacus;
796 2307 827 2326 ac
859 2299 899 2327 vel

111 2344 237 2375 ridicule,
261 2345 302 2372 vel
325 2345 458 2372 malitiose
475 2345 501 2371 in
514 2352 545 2371 ea
556 2344 686 2371 tradenda
702 2345 830 2372 metbodo
841 2352 901 2373 vcr-

111 2394 189 2418 satus
205 2394 256 2418 est.
267 2390 373 2418 Etenim
386 2391 475 2425 capite
489 2390 535 2417 VII
550 2391 652 2418 docens
666 2390 898 2426 quemadmodum

111 2438 220 2464 lunares
253 2441 355 2472 epacta:
386 2437 583 2472 investiganda:
611 2438 689 2469 sint,
720 2438 753 2464 ad
787 2440 899 2472 epactas

110 2483 164 2509 tria
187 2482 264 2516 jubet
288 2483 379 2516 adjici.
400 2482 482 2509 Verbi
505 2483 592 2517 gratia
614 2490 687 2510 anno
708 2482 805 2509 Adami
827 2482 898 2510 6880

111 2528 206 2563 cyclus
219 2532 277 2555 erat
288 2528 359 2555 lunte
373 2527 401 2559 2,
414 2531 516 2562 epaclae
526 2528 570 2560 22,
584 2536 643 2562 quas
653 2536 714 2555 cum
727 2527 898 2563 regularibus

110 2572 233 2600 Januarii
252 2581 271 2604 ι,
288 2573 406 2600 reddunt
427 2574 518 2600 luuam
539 2573 697 2600 vicesimam
715 2574 826 2601 tertiam
845 2573 898 2600 Ka-

111 2618 199 2645 lendis
225 2617 364 2646 Januariis
397 2628 404 2646 :
435 2623 464 2645 ut
493 2622 553 2646 erat
583 2618 694 2645 Nicarno
722 2619 832 2646 saeculo.
863 2619 897 2646 At

111 2663 198 2690 lsaaci
217 2667 338 2698 tempore
360 2668 418 2694 erat
439 2665 566 2691 vicesima
585 2664 689 2700 quinta.
709 2663 777 2691 Nam
791 2664 898 2691 novilu-

112 2711 188 2737 nium
212 2717 283 2736 anno
306 2711 407 2737 Christi
433 2710 497 2737 1571
524 2710 639 2745 contigit
665 2709 820 2736 Decembris
835 2717 895 2743 vut,

112 2756 193 2790 cujus
211 2755 362 2786 character,
384 2756 451 2782 feria
467 2757 493 2788 2,
510 2757 537 2787 3,
556 2756 608 2787 28',
629 2755 688 2788 ‘27",
703 2755 896 2782 Constantino-

113 2802 181 2837 poli,
198 2801 275 2836 cyclo
296 2802 363 2829 solis
382 2802 504 2829 Romano
520 2811 576 2835 vui,
593 2803 682 2829 littera
697 2801 727 2829 E.
746 2801 830 2837 lgitur
844 2810 896 2829 xxv

113 2850 178 2874 tuna
196 2847 291 2873 incidit
308 2847 334 2874 in
353 2847 489 2875 Kalendas
506 2847 651 2876 Ianuarias
665 2848 729 2875 anni
753 2848 894 2883 sequentis

114 2894 196 2928 157:2.
212 2893 248 2926 ita
265 2893 392 2927 Octobris
407 2902 469 2926 xxvi
493 2895 537 2924 die
557 2895 651 2925 eodem
673 2902 744 2922 anno
761 2895 824 2922 luna
842 2902 895 2926 xxv

988 2298 1124 2324 Caeterum
1148 2296 1291 2324 Paschalis
1315 2297 1435 2332 computi
1459 2297 1555 2324 vitium
1585 2298 1651 2325 illud
1679 2307 1735 2331 non

953 2343 1059 2379 primus
1086 2342 1215 2370 odoratus
1247 2347 1290 2370 est
1317 2343 1439 2378 Argyrus
1467 2353 1473 2370 :
1502 2343 1550 2370 sed
1572 2344 1619 2379 qui
1639 2344 1736 2375 eodem

951 2393 1073 2423 tempore
1104 2388 1194 2415 ﬂoruit
1215 2388 1382 2423 Nicephorus
1407 2389 1551 2424 Gregoras,
1572 2391 1629 2425 qui,
1645 2395 1674 2417 ut
1693 2395 1733 2418 to-

953 2438 1043 2474 statur
1067 2434 1112 2461 ille
1130 2434 1220 2469 capite
1239 2434 1297 2461 XVI
1310 2455 1317 2467 ,
1337 2434 1469 2463 Paschale
1490 2436 1648 2463 laterculum
1668 2444 1683 2466 a
1703 2444 1737 2464 se

949 2478 1122 2506 emendatum
1142 2479 1242 2506 obtulit
1260 2479 1419 2514 imperatori
1436 2487 1467 2507 ac
1490 2481 1616 2512 senatui;
1633 2481 1659 2507 in
1678 2489 1735 2515 quo

949 2525 1060 2552 termini
1075 2524 1159 2552 biduo
1173 2529 1238 2551 ante
1252 2524 1376 2552 Nicaznos
1391 2525 1515 2553 collocati
1529 2529 1601 2553 sunt.
1620 2525 1732 2553 Utrum-

948 2579 1001 2606 que
1017 2578 1159 2604 cauonem,
1187 2575 1306 2599 veterem
1326 2572 1430 2598 scilicet
1456 2579 1487 2598 ac
1510 2571 1667 2604 Nicmnum,
1703 2577 1731 2600 et

948 2617 1143 2649 recentiorem,
1179 2617 1262 2644 habes
1298 2617 1326 2643 in
1357 2617 1442 2644 lsaaci
1470 2622 1620 2652 computo;
1651 2617 1730 2647 illum

947 2663 1055 2698 quidem
1081 2663 1133 2691 sub
1151 2663 1311 2690 Damasceni
1336 2663 1463 2695 nomine,
1487 2663 1532 2698 qui
1554 2663 1669 2691 fortasse
1692 2664 1730 2694 ita

947 2709 1071 2744 digessit,
1089 2710 1173 2744 capit.
1194 2709 1229 2742 Χ,
1248 2710 1361 2736 alterum
1374 2710 1400 2736 in
1414 2709 1465 2736 tiue
1478 2710 1577 2744 prioris
1597 2710 1729 2744 computi,

948 2755 982 2783 de
1008 2763 1060 2790 qua
1083 2755 1228 2790 Nicephori
1254 2755 1429 2790 castigatione
1452 2755 1580 2782 nonnulla
1605 2755 1730 2784 dicemus

947 2801 1046 2832 obiter,
1066 2809 1125 2836 qua:
1140 2802 1173 2828 ad
1199 2802 1386 2829 illustrandam
1402 2801 1559 2836 Gregoriani
1573 2801 1729 2833 Kalendarii

947 2848 1166 2883 descriptionem,
1190 2852 1271 2883 atque
1297 2848 1331 2875 ab
1353 2848 1483 2883 Scaligcri
1506 2852 1532 2875 et
1551 2847 1659 2876 Calvisii
1680 2856 1727 2883 op-

948 2893 1119 2933 pugnatione
1142 2893 1349 2926 vindicandam,
1373 2894 1424 2921 hoc
1453 2899 1494 2922 cst
1518 2893 1550 2923 ad
1574 2894 1618 2925 lib.
1643 2893 1664 2921 ιι
1689 2893 1728 2925 Do
