1900 3137
185 170 289 200 Ξ1455

669 187 675 190 -
714 169 758 196 ΑΙ)
780 168 913 197 EUSEBII
932 167 1129 197 CIIRONICON
1149 167 1329 195 APPENDIX.

1766 143 1857 196 “Mi

218 227 339 255 doctrina
366 231 511 261 temporum
537 225 665 253 ὑπόθεσιν
693 227 896 255 accommodata
928 230 1002 255 sunt.
1018 230 1040 257 Α
1058 226 1120 261 quis
1140 227 1218 262 prius
1236 226 1391 253 institutum
1412 225 1527 253 retinere
1546 233 1574 252 in
1590 224 1718 253 Paschali
1733 226 1817 253 metho-

255 273 307 306 Qui
335 272 481 300 Paschales
504 272 670 299 neomenias‘
693 279 725 299 ac
753 273 885 300 terminos
914 274 942 300 in
968 281 1002 301 eo

218 318 349 351 laterculo
370 316 494 352 digessit,
517 323 571 351 quo
590 315 724 343 Catholici
741 324 837 345 omnes
858 325 873 344 a
892 317 1003 345 Nicaeuo

219 368 340 398 tempore
353 363 386 390 ad
404 366 511 390 aetatem
532 366 654 390 nostram
670 363 858 391 ecclesiastica
881 368 1002 399 tempora

219 410 423 444 gubernarunt;
446 413 590 436 accuratos
624 416 656 436 ac
687 409 813 436 cmiestes
844 409 914 436 luna:
942 417 1001 437 mo-

219 458 264 483 tus
289 456 317 482 in
339 454 491 483 statuendis
515 455 668 482 neomeniis
690 454 834 490 diligenter
855 455 973 482 obtinuit
995 465 1000 482 :

217 508 272 537 quo
287 500 316 528 ﬁt
332 504 361 528 ut
378 500 412 528 iis
429 500 486 528 fere
507 501 615 533 diebus,
631 501 730 536 quibus
744 501 883 529 novilunia
903 509 1003 529 secun—

217 548 282 574 dum
305 546 409 583 ὁμαλὴν
431 547 538 582 κίνησιν
559 547 706 575 commissa
726 552 800 579 sunt,
820 551 915 574 exacte
938 555 1004 574 con-

218 597 319 628 gruaut
331 602 339 627 ;
351 593 460 621 termini
473 601 537 621 vero
552 592 708 625 Paschales,
727 593 784 621 sive
796 593 908 621 decimas
920 601 1004 628 quar-

218 644 264 672 tie,
289 639 372 667 biduo
388 639 487 674 saepius
514 639 661 674 plenilunia
681 638 845 673 praecedant,
862 644 1003 674 propterea

219 685 293 720 quod
311 685 418 713 decimo
432 688 509 712 sexto
524 685 567 712 die
584 685 752 720 frequentius
768 685 802 712 ab
817 692 859 717 eo,
877 685 924 720 qui
940 693 1005 713 neo-

218 731 338 759 meniam
365 731 469 763 habuit,
499 731 580 766 plena
605 731 669 757 luna
697 730 838 766 contingat
867 740 874 758 :
896 730 929 759 de
950 739 1005 766 quo

220 777 248 804 in
269 777 363 812 quinto
385 776 423 803 De
443 776 565 803 doctrina
591 780 748 809 temporum,
764 783 825 811 cap.
844 776 914 803 XIII.
935 775 1005 803 Hinc

219 829 273 849 non
281 829 343 849 raro
351 825 413 849 ante
423 821 616 856 Gregorianam
629 821 775 849 editionem
787 821 895 854 accidit,
906 826 936 849 ut
944 821 1006 849 Pas-

219 868 270 895 cha
279 875 334 895 uno
342 868 386 895 die
396 871 459 894 ante
476 867 654 903 plenilunium
663 867 824 895 incurreret.
839 867 904 895 Post
919 875 1005 895 annos

219 914 283 942 inde
310 915 477 950 complures,
501 922 564 942 cum
588 915 670 942 unius
693 915 750 949 jam
772 914 827 942 diei
851 915 1005 951 προήγησιν

218 961 283 988 luna
302 960 414 988 fecisset
426 969 433 989 :
447 960 558 988 termini
571 964 677 988 veteres
691 960 780 996 pridie
794 960 854 995 eius
868 961 933 993 diei,
950 968 1005 996 quo

219 1007 307 1035 media
323 1007 458 1041 oppositio
475 1006 565 1039 flebat,
577 1007 773 1041 propemodum
794 1007 958 1038 inciderunt,
976 1010 1006 1034 ut

218 1060 251 1081 ex
266 1060 326 1087 cap.
342 1052 412 1086 Xlll,
434 1052 481 1078 lib.
499 1051 517 1078 V
535 1051 575 1078 De
589 1051 711 1078 doctrina
727 1056 874 1085 temporum
885 1055 1004 1079 constat.

219 1096 324 1124 Exinde
340 1100 402 1131 post
417 1097 520 1131 aliquot
533 1097 644 1128 szecula,
656 1097 769 1124 alterius
783 1096 837 1124 diei
849 1096 1006 1132 anticipatio

220 1143 338 1170 mediam
354 1143 552 1178 oppositionem
566 1147 672 1170 veteres
689 1143 716 1170 in
730 1143 861 1171 terminos
871 1144 1004 1179 provexit,

220 1190 251 1213 ut
262 1191 318 1213 tum
329 1186 475 1215 Paschales
484 1187 591 1214 termini
600 1195 694 1215 revera
705 1192 797 1215 essent
805 1188 965 1223 plenilunia.
979 1193 1006 1216 et

220 1232 327 1259 decimo
345 1236 425 1259 sexto
440 1233 485 1260 die
497 1232 531 1259 ab
550 1233 694 1260 neomenia
712 1233 917 1268 contingerent,
932 1234 1005 1269 quod

219 1277 329 1312 quidem
351 1278 402 1305 sub
423 1278 501 1305 Beda:
515 1282 623 1313 tempus
641 1279 740 1306 evenit.
758 1278 841 1306 Isaaci
857 1287 939 1314 porro
955 1288 1006 1308 saa-

219 1324 282 1351 culo
298 1324 379 1359 paulo
395 1324 456 1359 plus
477 1324 582 1351 dierum
598 1325 680 1352 trium
695 1325 860 1360 προήγησις,
881 1326 1005 1361 Gregorii

219 1367 280 1395 XIII
307 1372 397 1401 :etate,
421 1368 561 1403 quatridui
582 1372 624 1396 est
650 1369 706 1396 fere
727 1369 862 1403 confecta,
886 1370 953 1398 adeo
975 1375 1005 1397 ut

219 1413 322 1441 Nicacni
334 1414 442 1441 termini
455 1414 589 1441 decimam
605 1418 728 1441 octavam
742 1416 833 1443 lunam
848 1417 1004 1445 redderent.

221 1458 291 1486 Iluic
317 1458 492 1486 incommodo
515 1459 722 1486 neomeniarum
756 1460 946 1494 Paschalium,
973 1470 1006 1490 ac

221 1505 401 1532 terminorum
416 1505 559 1532 translatio
573 1506 723 1533 remedium
740 1507 847 1540 attulit;
863 1516 923 1543 quae
942 1516 1005 1535 cum

221 1549 327 1577 dierum
348 1556 479 1584 praeterea
507 1550 601 1578 decem
631 1551 784 1584 ablatione,
805 1560 887 1588 quam
908 1554 1005 1581 solaris

221 1603 311 1622 annus
334 1595 469 1629 exigebat,
491 1599 546 1622 tam
569 1599 721 1630 opportune
745 1595 816 1624 facta
842 1600 893 1629 est,
917 1601 946 1623 ut
971 1598 1006 1625 ab

222 1641 343 1676 antiquis
364 1641 499 1673 terminis,
517 1649 549 1668 ac
566 1641 685 1670 Nicaanis
702 1650 756 1670 uno
773 1647 879 1669 tantum
899 1643 943 1671 die
960 1643 1008 1671 de-

221 1689 392 1717 scenderent.
414 1691 493 1716 Anno
513 1689 616 1717 Christi
633 1698 769 1723 cccxxni,
795 1691 936 1718 neomenia
957 1691 1009 1718 Pa-

222 1735 324 1763 schalis
348 1735 425 1770 cyclo
444 1736 461 1763 5
480 1736 576 1763 incidit
600 1737 627 1763 in
656 1736 744 1763 Martii
770 1744 848 1768 xxiii,
867 1744 920 1763 una
945 1744 1006 1764 cum

222 1782 406 1809 astronomica
429 1782 559 1817 syzygia;
581 1783 733 1815 terminus,
759 1782 861 1818 Aprilis
883 1791 912 1816 ν,
936 1791 1008 1811 anno

223 1827 304 1858 I577,
327 1827 405 1862 cyclo
432 1827 527 1855 eodem
557 1827 728 1855 novilunium
755 1828 934 1856 commissum
967 1833 1009 1856 est

222 1871 311 1899 Martii
338 1880 394 1904 xix,
418 1871 524 1899 decima
545 1875 643 1907 quarta
662 1871 814 1905 Paschalis,
834 1872 935 1907 Aprilis
954 1872 1007 1900 Ka-

222 1916 320 1943 lendis.
336 1915 485 1951 Expunctis
505 1916 598 1943 decem
620 1916 715 1944 diebus
736 1916 845 1944 Nicmna
864 1917 1006 1944 neomenia

222 1962 338 1989 cadebat
352 1961 378 1989 in
397 1961 485 1988 Martii
502 1969 568 1990 xxtx
583 1962 655 1989 diem
674 1971 680 1989 :
697 1962 832 1990 terminus
847 1963 873 1989 in
889 1969 915 1989 xl
927 1962 1007 1997 Apri-

222 2006 266 2033 lis.
287 2006 322 2033 At
350 2007 401 2034 hoc
424 2006 505 2033 modo
528 2006 611 2033 biduo
638 2007 748 2034 circiter
775 2010 838 2034 ante
859 2006 1007 2042 plenilunia

222 2060 294 2088 saepe
307 2050 577 2087 contigissent.‘lloc
597 2060 630 2079 ne
653 2052 740 2085 fieret,
760 2052 926 2088 Gregoriana
946 2060 1008 2079 cor-

222 2097 307 2124 rectio
328 2101 382 2123 tam
404 2097 561 2125 neomenias
589 2105 671 2132 quam
699 2098 831 2125 terminos
859 2097 1006 2125 Paschales

222 2151 278 2171 uno
291 2143 334 2171 die
354 2144 519 2176 summovit;
536 2144 615 2178 quasi
632 2143 714 2171 tridui
736 2143 925 2171 tantummodo
940 2144 1007 2171 anti-

222 2189 386 2223 cipationem
401 2189 466 2216 luna
480 2189 643 2224 collegisset.
663 2190 701 2216 Ita
723 2197 852 2216 numerus
873 2197 972 2216 aureus
985 2198 1004 2221 i,

1053 273 1088 299 do
1111 271 1271 307 castiganda
1299 270 1447 303 voluisset;
1472 271 1631 298 neomenias
1652 278 1685 298 ac
1706 272 1818 300 terminos

1053 318 1230 353 anticipasset
1243 317 1334 344 triduo
1352 317 1450 345 solido.
1471 316 1523 344 Sed
1540 317 1590 345 hac
1603 318 1713 345 ratione
1729 320 1817 347 termini

1052 364 1134 391 biduo
1158 371 1276 398 persaepe
1299 362 1478 398 plenilunium
1500 363 1717 394 antevenissrznt,
1734 364 1768 390 uti
1782 364 1817 391 Ni-

1054 416 1129 436 cxno
1145 409 1244 436 saeculo
1261 409 1384 436 evenisse
1399 407 1528 435 diximus.
1544 407 1635 440 Quare
1652 408 1733 435 biduo
1746 410 1769 436 in
1783 417 1817 436 an-

1057 454 1158 481 teriora
1174 460 1334 488 promovere
1349 453 1435 480 satius
1456 452 1517 479 fuit.
1537 452 1614 485 Quod
1630 457 1659 479 et
1671 452 1816 488 Nicephorus

1053 499 1190 536 praestitit.
1209 497 1261 526 Sed
1278 507 1330 525 non
1348 499 1383 526 ob
1398 498 1434 531 id,
1450 502 1480 525 ut
1495 499 1545 530 illi,
1560 499 1634 534 quod
1650 499 1718 530 dixi.
1733 500 1817 527 incom-

1055 544 1136 571 modo
1161 543 1331 576 subveniret;
1352 544 1384 570 ad
1407 543 1478 578 quod
1499 542 1662 579 Gregoriani
1683 544 1816 573 Kalendarii

1059 591 1215 618 conditores
1231 595 1385 624 respectum
1402 590 1554 618 habuerunt
1570 600 1576 617 :
1593 598 1691 617 verum
1713 591 1775 625 quod
1789 593 1816 619 ita

1054 644 1216 670 persuasum
1241 636 1384 668 haberent,
1402 636 1533 663 terminos
1549 635 1700 664 Paschalcs
1717 636 1814 665 Nicaeum

1054 683 1230 709 concurrisse
1246 690 1308 709 culti
1331 681 1499 717 pleniluniis.
1516 682 1568 715 Qui
1586 682 1640 710 fuit
1657 691 1732 710 error
1748 683 1815 710 Theo-

1054 727 1132 762 phili,
1150 727 1245 762 Cyrilli
1268 734 1300 754 ac
1323 727 1491 762 reliquorum
1519 727 1650 763 deinceps
1673 732 1816 762 computam-

1055 781 1128 806 rum,
1146 774 1179 800 ad
1196 773 1307 806 Bedam,
1323 777 1350 801 et
1364 773 1436 800 infra
1454 773 1515 808 ejus
1534 777 1644 801 aetatem
1668 782 1674 800 :
1694 782 1766 808 quem
1781 782 1815 800 nos

1055 819 1083 846 in
1098 818 1120 846 V
1140 819 1179 846 De
1198 818 1321 846 doctrina
1347 823 1506 853 temporum,
1530 827 1590 855 cap.
1615 818 1700 846 XXIII
1723 820 1816 847 comici

1056 872 1127 892 mus.
1155 864 1225 891 Hinc
1245 868 1286 892 est
1306 865 1378 900 quod
1404 865 1581 900 plenilunium
1605 872 1678 899 saepe
1696 865 1730 892 illi
1746 865 1816 892 tenni-

1056 918 1122 937 num
1144 911 1292 946 appellant,
1308 911 1350 938 vel
1369 916 1493 946 quartam
1509 911 1658 943 decimam,
1675 915 1704 938 ut
1720 915 1744 937 et
1762 910 1816 938 Isaa-

1057 963 1106 984 cus
1122 960 1227 989 noster,
1245 965 1301 989 non
1317 965 1348 985 ea
1364 958 1473 992 quidem
1497 958 1605 984 ratione
1626 964 1707 992 quam
1722 957 1816 991 Scaliger

1056 1006 1084 1029 et
1104 1002 1240 1030 Calvisius
1264 1003 1414 1031 defendunt
1434 1004 1552 1039 (tametsi
1575 1002 1700 1037 Scaliger
1718 1010 1730 1029 a
1744 1002 1816 1029 Clavio

1056 1051 1152 1075 nostro
1168 1048 1300 1076 dedoctus
1321 1049 1437 1083 pristina
1463 1049 1498 1076 ab
1519 1048 1658 1076 sententia
1675 1049 1783 1078 recessit.
1794 1052 1814 1074 ut

1056 1093 1150 1121 eodem
1167 1094 1237 1121 libro
1255 1095 1478 1130 monstravimus)
1492 1114 1500 1127 ,
1516 1094 1596 1130 quasi
1614 1101 1749 1129 nunquam
1762 1093 1815 1121 deci-

1056 1145 1101 1164 mo
1121 1138 1220 1172 quinto
1240 1138 1284 1166 die
1307 1139 1342 1166 ab
1364 1140 1508 1167 neomenia
1523 1138 1630 1166 Pascha
1652 1139 1776 1166 celebrare
1792 1137 1814 1164 li-

1057 1183 1163 1211 cuerit:
1182 1184 1229 1211 sed
1252 1184 1296 1211 vel
1321 1184 1348 1211 in
1373 1192 1429 1212 xxii
1447 1192 1534 1219 usque
1557 1184 1653 1211 lunam
1669 1183 1770 1210 diffundi
1781 1190 1813 1209 nev

1057 1235 1135 1256 cesse
1157 1228 1239 1256 fuerit
1263 1239 1270 1256 :
1290 1237 1384 1257 verum
1411 1230 1489 1263 ideo,
1516 1230 1589 1265 quod
1621 1230 1755 1257 neomenia
1776 1236 1814 1255 uno

1057 1278 1118 1309 post
1134 1275 1247 1310 ἀκριϐὲς
1266 1275 1437 1303 novilunium
1460 1275 1504 1303 die
1527 1276 1719 1303 collocaretur.
1734 1274 1780 1302 Hoc
1794 1277 1814 1300 ut

1057 1326 1168 1358 tyrones
1192 1330 1291 1358 capere
1314 1324 1411 1352 melius
1435 1323 1550 1358 possint,
1566 1323 1677 1350 tabulas
1701 1322 1814 1357 subjiciam

1056 1369 1125 1396 duas
1139 1369 1245 1397 lunaris
1262 1369 1344 1398 unius
1365 1369 1433 1405 cycli
1454 1369 1487 1396 ad
1505 1374 1655 1404 utrumque
1670 1367 1815 1403 tempus.Ni-

1056 1416 1123 1444 caeni
1146 1417 1267 1450 concilii,
1294 1421 1323 1444 et
1348 1416 1433 1444 lsaaci
1456 1416 1568 1451 Argyri;
1594 1420 1626 1443 ut
1647 1424 1679 1443 ex
1701 1415 1814 1442 ambarum

1057 1462 1260 1497 comparatione
1284 1462 1355 1489 lunae
1373 1461 1542 1496 anticipatio,
1557 1465 1583 1488 et
1597 1460 1739 1495 Nicephori
1751 1459 1815 1486 casti-

1056 1507 1129 1544 gatio
1144 1507 1283 1535 intellectu
1303 1508 1338 1535 sit
1360 1507 1476 1534 facilior.
1492 1506 1521 1534 In
1539 1511 1658 1542 utraque
1673 1506 1754 1533 tabula
1770 1513 1814 1532 vcr-

1057 1561 1104 1581 sus
1124 1558 1205 1581 erunt
1221 1562 1270 1581 vii.
1288 1552 1397 1580 Primus
1411 1561 1523 1581 aureum
1541 1561 1685 1580 numerum
1698 1552 1772 1584 dabit;
1785 1559 1815 1578 se-

1057 1599 1164 1627 cundus
1181 1600 1288 1635 cyclum
1307 1599 1374 1627 solis
1389 1598 1558 1631 Romanum;
1575 1599 1676 1626 tertius
1690 1597 1815 1625 Dominica-

1056 1644 1108 1673 lem
1134 1645 1268 1678 litteram;
1295 1648 1412 1680 quartus
1440 1645 1613 1672 novilunium
1638 1644 1716 1680 primi
1736 1643 1814 1670 mensis

1057 1690 1133 1718 verni
1143 1698 1206 1718 cum
1220 1690 1391 1723 charactere,
1406 1690 1439 1717 ad
1453 1690 1637 1718 meridianum
1651 1690 1814 1718 Constantino-

1057 1736 1166 1772 poleos;
1189 1737 1303 1771 quintus
1325 1736 1396 1764 diem
1420 1736 1526 1764 civilem
1548 1736 1652 1764 Juliani
1674 1737 1777 1768 mensis;
1794 1736 1814 1761 iu

1056 1788 1137 1816 quem
1156 1782 1298 1809 neomenia
1316 1786 1471 1817 competere
1491 1782 1599 1815 debuit;
1617 1787 1709 1810 sextus
1724 1781 1814 1817 plenilu-

1057 1827 1133 1855 nium
1153 1828 1256 1855 mensis
1270 1827 1410 1862 ejusdcm:
1431 1828 1563 1862 septimus
1578 1828 1718 1863 plenilunii
1732 1827 1813 1855 civilem

1056 1873 1139 1901 diem.
1166 1875 1205 1901 Ac
1226 1877 1281 1901 tam
1309 1873 1337 1901 in
1358 1874 1500 1901 neomenia
1526 1881 1609 1909 quam
1637 1874 1665 1901 in
1693 1873 1813 1909 plenilunia

1057 1919 1083 1946 id
1110 1919 1301 1952 observamus,
1320 1924 1349 1946 ut
1373 1919 1481 1954 quoties
1508 1919 1640 1947 horarum
1666 1919 1813 1955 epilogismus

1057 1965 1200 1993 duodecim
1215 1965 1297 1993 horas
1311 1965 1428 1998 excedit,
1440 1973 1500 2001 qua:
1514 1966 1549 1993 ab
1564 1970 1647 1993 nocte
1666 1965 1745 1993 media
1757 1971 1813 1991 com-

1058 2015 1200 2046 putantur,
1217 2011 1251 2038 ad
1269 2015 1416 2046 utrumque
1433 2019 1551 2046 sequens
1570 2012 1631 2039 dies
1650 2012 1733 2039 civilis
1747 2009 1813 2037 ascri-

1058 2056 1139 2083 batur
1156 2065 1163 2084 :
1181 2056 1252 2091 quod
1274 2056 1433 2084 laterculum
1451 2057 1589 2084 Nicaenum
1612 2057 1721 2084 minime
1737 2054 1810 2083 tenuit.

1059 2101 1095 2128 Ut
1108 2101 1134 2128 in
1148 2109 1220 2129 anno
1233 2102 1330 2136 primo,
1347 2110 1408 2130 cum
1429 2103 1597 2129 novilunium
1614 2107 1689 2130 sexta
1704 2102 1752 2129 fere
1768 2104 1812 2135 post

1057 2147 1198 2175 meridiem
1216 2147 1282 2175 hora
1303 2148 1356 2176 diei
1374 2156 1440 2175 xxiii
1456 2148 1544 2175 Martii
1561 2149 1713 2184 contigerit,
1725 2153 1811 2174 neome-

1057 2194 1102 2220 nia
1122 2198 1213 2221 tamen
1234 2202 1301 2222 xxiii
1318 2195 1377 2229 ipso
1394 2194 1438 2222 die
1452 2196 1597 2223 constituta
1613 2199 1734 2229 est,.qu:e
1745 2195 1812 2218 astro-

222 2234 270 2269 qui
277 2234 310 2261 ad
319 2242 352 2261 xx
361 2234 448 2262 Martii
455 2236 670 2270 progressionem
679 2235 776 2263 fecisse
783 2235 904 2269 ponitur,
911 2235 943 2261 ad
950 2243 1002 2261 xxx

1057 2239 1165 2267 nomico
1183 2240 1289 2268 calculo
1313 2240 1341 2267 in
1364 2245 1522 2275 sequentem
1539 2241 1702 2268 refunditur.
1718 2239 1763 2266 llas
1777 2244 1811 2271 sy-

223 2280 312 2307 Martii
333 2280 494 2314 descendit;
517 2285 546 2308 ut
566 2281 699 2309 terminus
716 2282 742 2308 in
757 2289 796 2308 xu
813 2281 884 2309 diem
901 2282 1004 2316 Aprilis

222 2333 396 2364 congrueret.
414 2329 483 2357 Hinc
504 2330 577 2357 enim
597 2330 706 2362 accidit,
723 2334 753 2357 ut
773 2330 882 2358 termini
906 2330 1006 2365 saepius

223 2374 251 2401 in
268 2382 329 2401 eum
346 2374 418 2402 diem
434 2380 610 2407 concurrant,
631 2375 678 2409 qui
692 2378 734 2403 est
747 2373 836 2410 pridie
849 2375 935 2407 illius,
951 2384 1006 2410 quo

223 2420 402 2455 plenilunium
415 2420 523 2448 accidit.
538 2419 575 2448 De
588 2428 642 2456 qua
655 2428 684 2448 re
698 2418 805 2456 plenius
819 2425 909 2448 actum
919 2425 961 2449 est
976 2421 1003 2448 in

225 2466 245 2493 ν
260 2466 436 2494 De'doctrina
451 2471 604 2500 temporum.

262 2512 295 2541 Ut
306 2512 340 2540 ad
353 2516 460 2540 aetatem
470 2511 615 2547 Nicephori
633 2516 662 2541 et
676 2512 761 2541 lsaacn
774 2516 928 2540 revertatur
942 2520 1004 2540 ora-

223 2559 278 2592 tio,
300 2565 364 2587 cum
390 2558 474 2587 tridui
486 2562 551 2587 tunc
572 2559 637 2587 luna
658 2559 810 2595 προήγησιν
831 2557 957 2592 haberet;
980 2557 1005 2586 sl

1057 2286 1150 2321 zygias
1162 2293 1195 2313 ex
1209 2286 1302 2313 tabula
1315 2294 1376 2321 cap.
1393 2286 1427 2320 Χ,
1443 2287 1492 2315 lib.
1505 2286 1550 2314 Vll
1564 2287 1601 2314 De
1611 2286 1726 2313 doctrina
1737 2290 1810 2316 tempo-

1057 2340 1114 2358 rum
1140 2334 1339 2368 excerpsimus,
1354 2342 1415 2369 qu:e
1438 2343 1492 2362 non
1519 2335 1611 2362 minus
1634 2337 1755 2363 accuratze
1771 2331 1810 2358 sint

1058 2386 1139 2413 quam
1153 2387 1214 2413 quae
1227 2387 1261 2407 ex
1276 2380 1469 2408 astronomicis
1491 2381 1593 2408 tabulis
1616 2380 1678 2407 libri
1700 2378 1748 2406 Vlll
1761 2384 1810 2404 cou-

1059 2424 1200 2458 liciuntur,
1226 2433 1315 2461 neque
1342 2426 1458 2453 multum
1486 2426 1521 2454 ab
1545 2427 1600 2454 illis
1622 2426 1773 2460 discrepant,
1790 2424 1810 2446 el

1057 2475 1169 2506 propter
1184 2471 1342 2515 adjunctum
1366 2471 1440 2500 feriae
1451 2473 1637 2501 characterem
1652 2471 1684 2499 ad
1700 2469 1809 2506 negotium

1027 2543 1031 2546 .
1058 2517 1269 2552 opportuniores
1289 2518 1425 2547 videntur.
