1888 3136
205 182 217 210 1
223 182 274 210 439

713 176 756 204 ΑΙ)
776 175 909 203 EUSEBII
925 172 1120 202 CHKONICON
1140 171 1324 200 APPENDIX.

1772 166 1842 193 μω

206 237 281 272 ginta
295 241 367 268 octo,
381 236 505 263 Videlicet
521 241 591 262 anno
605 233 740 268 69l9,qui
761 239 803 261 est
814 232 993 269 Dionysianus
1010 234 1031 262 Α
1046 230 1134 257 Martii
1151 238 1212 263 xxI;
1229 237 1292 257 cum
1315 229 1466 256 certissime
1482 229 1591 272 constet
1605 225 1734 272 idipsnul
1750 223 1841 272 Martii

208 283 288 315 Mil,
303 283 381 318 plena
399 282 452 313 fiet,
470 281 568 316 inquit,
583 280 658 307 bidui
681 281 844 315 προήγησις,
864 279 927 307 lianc
944 279 996 305 Ar-

206 336 301 364 gyrus.
317 328 347 354 Et
360 328 468 362 quidem
484 335 578 354 revera
593 334 665 353 anno
685 326 731 353 illo
743 334 821 360 quem
836 326 902 352 dicit
915 324 995 352 Chri-

206 375 241 402 sti
259 374 337 406 1373,
353 373 496 400 Judaicum
515 372 694 408 plenilunium
709 372 824 406 contigit
844 371 918 398 horis
937 372 992 397 eir-

206 420 276 446 citer
294 419 382 445 tribus
398 422 458 453 post
479 418 545 445 solis
562 422 698 446 exortum.
715 417 779 444 Erat
792 424 880 444 annus
900 415 994 443 Iudai-

205 474 256 493 cus
271 465 350 495 5l55,
368 465 447 498 cujus
469 464 540 491 Tisri
566 464 627 491 iniit
644 463 757 497 Augusti
784 471 848 495 xxx,
873 463 939 490 feria
963 463 993 493 2,

206 519 278 538 anno
295 510 395 537 Christi
415 510 495 541 1579.,
511 510 588 545 eyrlo
612 510 678 536 solis
695 509 817 536 Romano
839 517 876 540 rx,
905 510 992 536 littera

204 556 259 584 DC.
276 556 340 583 Nam
359 557 432 582 illius
448 556 591 582 character
603 560 661 582 erat
675 555 703 586 Ξ,
718 555 744 585 5,
762 555 825 582 1106.
843 555 926 582 Nisan
944 562 993 580 att-

204 606 259 630 tem
274 603 417 630 character
429 602 456 631 5.
469 602 511 631 ΞΟ,
525 602 586 630 757.
603 601 668 628 feria
684 609 708 628 vt
722 601 756 628 ob
768 601 989 632 translationem;

204 648 295 676 Martii
314 656 376 678 xxv,
391 648 467 683 ψ·ιο
490 648 556 674 solis
578 647 701 674 Retnano
721 655 748 679 x,
770 647 858 673 littera
875 646 903 677 Β,
919 653 991 672 attno

205 694 306 721 Christi
335 694 413 721 1577:.
439 693 620 720 l‘lenilttnium
651 700 716 727 ergo
746 693 922 718 commissum
949 695 991 718 est

205 740 271 774 Apr.
286 748 347 771 vttt,
367 739 432 766 feria
448 739 475 771 6,
492 739 536 770 15,
557 739 655 772 731/2
666 759 672 770 ,
690 739 739 765 hoc
754 743 795 765 est
809 738 882 764 horis
899 738 940 768 15,
956 737 991 763 75

205 789 267 819 post
289 789 378 811 ortum
404 783 480 811 solis.
504 783 571 810 Nam
597 783 774 818 cpilogismtts
798 782 928 810 Iudaicus
956 783 990 809 ab

203 837 305 856 occasu
333 829 399 856 solis
424 829 529 863 incipit.
550 829 602 856 Sed
626 829 712 855 tnirns
737 828 854 855 hominis
877 832 987 862 stupor:

205 874 251 909 qui
266 882 320 900 tton
339 874 562 900 animadverterit
581 873 711 900 terminos
727 873 884 904 Pascltales,
899 873 944 907 qui
962 873 987 898 in

203 921 336 948 laterculo
362 920 490 954 descripti
516 924 590 952 sunt,
614 920 656 946 cui
684 919 870 946 Damascenus
896 923 991 946 auctor

204 966 377 998 inscribitur,
394 974 447 993 non
469 966 536 992 alios
551 973 622 998 esse,
640 974 674 1000 qu
688 974 720 991 im
738 957 873 993 Nic-mnos.
891 957 990 999 quibus

203 1011 382 1047 Theophilus,
406 1013 542 1047 Cyrillus,
571 1016 597 1039 et
629 1012 759 1038 Catholici
792 1011 920 1045 deinceps
948 1010 989 1038 usi

203 1061 277 1084 sunt.
295 1057 328 1083 At
343 1057 451 1083 lsaacus
466 1057 540 1083 circa
557 1065 657 1083 annum
669 1056 771 1084 Christi
789 1056 840 1084 765
857 1063 988 1082 canonem

202 1102 279 1131 illum
297 1103 437 1128 conditum
455 1109 486 1128 ac
500 1103 631 1128 terminos
647 1109 707 1128 esse.
723 1102 886 1128 constitutos
898 1099 989 1128 existi-

202 1151 269 1174 mat.
296 1146 432 1174 Detractis
452 1147 524 1174 enim
541 1147 592 1174 608
612 1146 645 1174 de
666 1146 745 1177 15⁸15,
761 1146 870 1173 exsistit
899 1152 988 1172 annus

202 1192 264 1219 765.
285 1191 356 1219 Sane
371 1191 491 1219 Joannes
508 1192 693 1219 Damascenus
721 1199 753 1219 eo
780 1192 881 1219 saeculo
902 1191 986 1224 vixit;

201 1239 249 1273 qui
273 1238 395 1265 latcrculi
417 1238 490 1265 illius
507 1238 647 1265 artificiosi
666 1237 791 1265 conditor
807 1246 868 1265 esse
882 1237 985 1273 potuit;

203 1291 258 1310 non
273 1287 363 1310 tamen
377 1284 508 1309 terminos
525 1283 653 1309 instituit.
675 1282 728 1309 Sed
742 1283 875 1318 Argyrum
892 1282 987 1309 fefellit

201 1329 238 1359 id,
256 1329 290 1356 de
308 1337 362 1363 quo
377 1329 458 1363 paulo
475 1333 538 1355 ante
564 1329 667 1355 monui.
686 1327 794 1355 Putavit
807 1335 840 1356 eo
853 1332 984 1362 tempore,

198 1382 254 1410 quo
270 1374 415 1402 Pascltales
435 1375 479 1401 ﬁxi
498 1378 561 1402 sunt
585 1374 704 1406 termini,
727 1374 832 1408 plenam
849 1374 940 1401 lunam
957 1374 985 1400 in

199 1429 248 1448 cos
277 1420 438 1449 incurrisse.
468 1420 545 1453 Quod
577 1420 686 1455 quidem
713 1420 799 1447 sancti
825 1420 984 1448 Damasceni

199 1470 277 1493 :ctate
292 1466 415 1501 contigit,
429 1474 491 1493 cum
507 1467 570 1493 olim
593 1466 701 1494 Nicaeno
714 1467 813 1494 saeculo
828 1467 911 1494 biduo
927 1467 983 1494 fere

199 1513 349 1548 plenilunia
376 1512 565 1546 prtcvenirent.
589 1512 638 1539 llic
662 1512 722 1540 fons
741 1513 843 1540 erroris
858 1517 900 1540 est
917 1513 981 1540 :cui

200 1559 323 1594 proxime
349 1559 537 1593 subjiciendus
564 1563 606 1586 est
634 1559 715 1591 alter,
742 1559 814 1593 quod
837 1558 980 1586 Iudaicum

199 1603 304 1631 Pascha
339 1608 470 1639 perpetuo
505 1604 638 1632 decimam
676 1608 803 1639 quartam
825 1604 982 1632 Paschalem

197 1650 419 1678 Christianorum
449 1658 510 1678 esse
533 1651 613 1684 velit;
640 1658 690 1678 nec
711 1650 853 1685 intelligat,
875 1650 983 1679 Iudaeos

198 1699 262 1726 ante
281 1703 394 1723 vernum
413 1696 606 1730 aequinoctium
625 1697 783 1731 plerumque
798 1695 901 1724 Pascha
913 1697 983 1724 cele-

198 1742 292 1770 brasse
311 1752 317 1769 :
337 1745 393 1769 tum
415 1750 478 1769 vero
499 1748 610 1777 propter
629 1743 718 1770 varias
737 1743 938 1774 translationes,
956 1743 981 1769 in

197 1788 334 1815 decimum
352 1788 479 1823 quintum
497 1789 539 1816 vel
564 1789 698 1816 decimutn
715 1794 820 1824 sextum
841 1789 982 1817 diffudisse

198 1833 281 1861 diem.

233 1879 304 1912 Quin
317 1879 401 1906 etiam
419 1879 532 1907 ridicule
548 1880 670 1915 Argyrus
682 1880 752 1908 idem
770 1880 802 1908 de
817 1881 981 1915 mquinoctio

196 1934 281 1953 verno
309 1926 358 1953 abs
391 1933 420 1953 se
447 1926 618 1960 deprehenso
642 1931 704 1954 ante
737 1926 806 1954 diem
836 1935 869 1954 xv
892 1927 980 1954 Martii

197 1971 293 2000 scribit
315 1978 349 1998 ex
374 1972 568 1999 observatione
591 1972 772 1999 solstitiorum
796 1982 801 1999 :
824 1973 902 2008 quasi
925 1982 979 2001 non

195 2018 282 2045 multo
307 2018 402 2050 tutius,
417 2025 448 2045 ac
476 2017 584 2046 facilius
612 2019 658 2048 sit.
675 2019 836 2054 aequinoctia
857 2020 914 2055 ipsa
932 2021 980 2048 ob-

195 2071 304 2091 servare
316 2070 362 2098 per
374 2071 444 2094 sese,
454 2071 535 2098 quant
546 2071 578 2090 ex
595 2064 773 2091 solstitiorum
787 2064 890 2091 ratione
904 2065 980 2091 colli-

195 2117 268 2144 gere.
286 2109 334 2136 Est
355 2110 426 2137 enim
454 2110 550 2136 horum
578 2110 779 2137 animadversio
806 2110 933 2142 dillicilis,
953 2115 980 2138 et

195 2154 300 2183 lubrica
317 2159 429 2189 propter
445 2154 624 2182 lentissimam
641 2158 667 2182 et
681 2155 841 2191 ἀναίσθητον
854 2164 980 2191 progres-

196 2201 300 2228 sionem
316 2201 382 2227 solis
395 2208 410 2227 a
423 2200 535 2235 tropicis
548 2200 668 2235 punctis,
683 2205 712 2227 ut
723 2201 876 2228 mirandum
893 2203 978 2237 magis

1046 284 1104 303 xxii
1120 278 1181 310 post
1195 274 1335 301 meridiem
1350 277 1472 300 notatum
1488 271 1522 298 ab
1538 271 1585 297 illo
1602 269 1700 297 fuisse.
1716 267 1841 302 Denique

1045 319 1117 354 quod
1144 319 1240 347 scribit
1263 322 1326 345 ante
1350 325 1436 344 annos
1463 316 1662 351 quinquaginta
1685 314 1714 340 in
1738 313 1840 348 oppido

1045 365 1168 392 Thracia:
1192 364 1264 393 ᾸΞιιο
1285 363 1393 390 ιιιιᾱαιος
1421 362 1525 389 Pascha
1550 361 1710 388 celebrasse
1749 359 1840 386 Martii

1045 419 1097 441 xx,
1121 418 1183 437 cttm
1213 409 1398 436 Christianum
1425 407 1591 435 celebratum
1619 406 1706 433 fuerit
1737 406 1841 441 Aprilis

1045 463 1128 487 xxm;
1155 455 1244 481 littera
1271 454 1321 480 fuit
1334 455 1367 482 A.
1385 458 1412 481 et
1425 461 1512 480 annus
1534 452 1637 480 Christi
1661 452 1747 480 1518.
1763 453 1840 486 cyclo

1044 502 1110 528 solis
1123 509 1159 531 ιιι,
1173 501 1243 527 luna:
1256 508 1316 530 vnt.
1336 500 1475 527 neomenia
1490 499 1562 526 Tisri
1575 507 1649 525 anno
1672 499 1747 525 1317
1763 498 1839 532 t-yelo

1043 547 1110 574 solis
1133 555 1159 577 ιι,
1177 547 1265 573 littera
1288 546 1318 577 B,
1335 545 1502 587 Septembris
1523 553 1571 575 vn,
1596 545 1666 572 feria
1680 545 1709 573 4.
1730 545 1759 574 8,
1774 544 1836 573 385,

1043 591 1125 618 Nisan
1141 590 1229 616 Martii
1250 599 1290 620 ιιι,
1307 589 1374 616 feria
1388 590 1414 619 6.
1437 589 1481 619 1‘2,
1499 589 1560 619 724,
1577 597 1652 615 anno
1667 588 1750 616 1518.
1767 589 1836 614 litte—

1041 644 1071 662 ra
1087 635 1117 661 Α.
1136 635 1188 661 Sed
1210 640 1319 669 propter
1336 634 1423 665 Badu,
1446 634 1587 660 neomenia
1608 633 1661 660 fuit
1683 633 1778 659 Martii
1800 641 1834 663 tv,

1043 680 1109 707 feria
1125 681 1149 712 '1,
1165 681 1192 711 5,
1208 680 1243 707 40
1260 680 1321 715 1/2.
1345 679 1372 707 Si
1394 680 1534 706 neomenia
1556 679 1647 713 Martii
1674 686 1704 705 tv
1724 679 1833 708 accidit,

1042 727 1146 754 Pascha
1168 727 1334 754 celebratum
1358 730 1401 753 est
1427 726 1460 753 ad
1486 733 1626 760 vesperam
1647 725 1704 752 dtei
1727 734 1797 754 xvtt.
1812 731 1836 750 et

1041 773 1172 806 postridie
1197 772 1247 799 fuit
1273 773 1359 807 prima
1384 773 1443 799 dies
1465 779 1633 806 azymorum.
1657 771 1755 803 Quare
1777 779 1834 797 cum

1041 818 1125 845 lsaaci
1157 817 1343 851 descriptione
1381 826 1434 844 non
1471 817 1606 851 congruit.
1642 816 1834 844 Christianum

1041 870 1136 898 porro,
1152 861 1346 897 Nicmnumque
1364 862 1468 889 Pascha
1487 863 1656 889 celebratum
1672 867 1719 889 est
1736 863 1834 897 Aprilis

1007 909 1026 936 Β
1043 917 1121 940 xxtn,
1139 916 1201 935 cum
1219 909 1352 936 terminus
1377 909 1403 935 in
1426 917 1491 935 xvtu
1515 909 1635 939 caderet,
1655 908 1727 935 feria
1746 910 1833 935 tertia.

1330 965 1445 992 CAPUT
1464 964 1509 992 ΧΙ.

1039 1011 1132 1038 Altera
1149 1010 1285 1038 metltarlns
1304 1011 1443 1038 Paschalis
1463 1011 1613 1045 exponitur,
1630 1019 1694 1045 qua:
1711 1012 1740 1038 in
1754 1014 1833 1038 sancti

1231 1046 1345 1073 Andrcw
1365 1051 1485 1080 computo
1501 1047 1627 1073 cernitur.

1075 1091 1123 1119 Est
1138 1091 1295 1119 Grmcorunt
1318 1095 1538 1126 computaturum
1558 1095 1586 1117 et
1610 1091 1669 1118 alia
1690 1092 1832 1119 methodus

1039 1138 1072 1166 ad
1103 1138 1250 1165 Paschales
1286 1138 1434 1169 terminos,
1460 1138 1517 1165 sive
1544 1137 1665 1164 Judaica
1698 1139 1834 1166 Paschal:

1037 1185 1246 1220 cognoscenda:
1268 1191 1349 1219 qttam
1367 1184 1525 1211 Chronicon
1547 1184 1779 1212 Alexandrinum
1797 1193 1835 1213 se-

1037 1231 1152 1266 quitur:
1171 1230 1215 1257 cui
1236 1238 1292 1257 non
1315 1230 1431 1256 multum
1448 1230 1592 1257 dissimilis
1618 1234 1666 1257 est
1687 1239 1723 1257 ea
1739 1240 1798 1266 qum
1810 1232 1835 1258 in

1037 1280 1166 1311 computo
1197 1276 1312 1303 Andreae
1337 1275 1577 1311 llierosolymitani
1607 1276 1738 1311 legitur;
1762 1277 1835 1311 cujus

1036 1323 1187 1350 declaratio
1206 1323 1240 1349 ad
1255 1331 1287 1350 ea
1306 1330 1366 1357 quae
1386 1323 1523 1357 capitibus
1540 1324 1784 1352 antecedentibus
1798 1332 1830 1352 ex

1036 1369 1136 1404 plicata
1151 1372 1225 1400 sunt,
1240 1376 1292 1394 non
1307 1376 1402 1403 parum
1416 1367 1558 1396 condttcet.

1071 1413 1158 1440 Annis
1171 1413 1206 1440 ab
1219 1413 1323 1440 Adatno
1337 1420 1384 1447 per
1398 1412 1430 1439 i9
1443 1413 1610 1444 distributis,
1628 1415 1748 1449 t-yclum
1759 1415 1835 1445 lunae,

1034 1462 1062 1486 et
1098 1459 1123 1486 ei
1155 1464 1340 1494 congruentes
1371 1463 1481 1493 epactas
1511 1459 1637 1486 invenire
1667 1460 1764 1494 jubet.
1791 1460 1835 1487 ΠΕ

1034 1505 1134 1532 deinde
1152 1505 1212 1532 dies
1233 1513 1283 1531 xttt
1307 1504 1406 1532 addere
1430 1504 1480 1536 τὰς
1509 1505 1562 1540 πρὸ
1590 1505 1648 1531 τῶν
1669 1508 1834 1542 ςωστήρων,

1033 1559 1093 1586 qum
1105 1550 1271 1577 antecedunt
1283 1550 1444 1583 luminaria;
1459 1551 1535 1582 item,
1557 1551 1755 1585 προσελήνους
1770 1558 1831 1578 ante-

1035 1600 1140 1624 lunares
1154 1596 1209 1627 VII,
1227 1600 1285 1623 tum
1310 1597 1343 1623 ad
1371 1597 1561 1631 complendam
1589 1587 1740 1623 det'imanr
1754 1606 1834 1632 quar-

1034 1647 1100 1674 tam,
1121 1646 1189 1676 quot
1209 1650 1280 1677 optts
1295 1646 1338 1669 est
1352 1641 1410 1668 dics
1433 1642 1562 1675 adjicere.
1590 1641 1700 1669 Facilis
1720 1648 1764 1670 est
1778 1652 1833 1670 nte-

1033 1689 1143 1716 thodus.
1170 1689 1190 1714 A
1216 1687 1347 1714 Kalendis
1376 1687 1481 1715 Martiis
1503 1688 1537 1714 ad
1556 1695 1604 1714 vttt
1629 1696 1727 1723 usque
1750 1689 1830 1721 diem.

1031 1742 1092 1769 qua:
1106 1734 1193 1768 prima
1220 1738 1262 1761 est
1282 1734 1423 1761 neomenia
1443 1733 1595 1765 Paschalis,
1614 1735 1678 1763 dies
1696 1741 1766 1763 sunt
1786 1745 1829 1763 nt.

1032 1778 1052 1807 li
1078 1784 1221 1815 propterea
1251 1781 1410 1816 προσέληνοι
1434 1785 1583 1813 vocantur;
1611 1782 1682 1816 quia
1712 1784 1828 1817 primam

1031 1827 1202 1854 neomeniam
1219 1827 1384 1862 praecedunt.
1400 1826 1464 1854 Inde
1482 1827 1514 1854 ad
1526 1836 1560 1854 xx
1572 1827 1677 1861 Martii,
1693 1829 1758 1857 dies
1771 1838 1829 1859 xm,

1031 1873 1077 1908 qui
1095 1874 1147 1909 πρὸ
1168 1873 1222 1899 τῶν
1239 1875 1389 1909 φωστήρων
1408 1874 1590 1909 appellantur,
1610 1883 1646 1902 eo
1672 1877 1752 1910 quod
1779 1879 1830 1912 pri-

1030 1928 1115 1951 mam,
1139 1927 1171 1946 ac
1188 1921 1309 1947 citimam
1327 1920 1450 1947 omnium
1465 1920 1600 1948 decimam
1618 1927 1755 1956 quartam
1768 1932 1829 1959 pro-

1030 1965 1103 1992 xitne
1117 1965 1302 1998 antecedunt,
1315 1974 1377 2000 qua:
1396 1971 1438 1993 est
1450 1974 1495 1993 xxt
1512 1967 1613 1995 Martii.
1632 1968 1828 1997 Luminarium

1031 2016 1121 2039 autent
1146 2013 1284 2047 oppositio
1307 2012 1364 2039 fieri
1382 2012 1416 2038 ab
1428 2013 1482 2039 illis
1496 2013 1650 2047 putabatur
1666 2015 1695 2042 in
1713 2017 1828 2044 termino

1029 2057 1166 2085 Paschali.
1182 2058 1277 2092 Itaque
1292 2058 1361 2084 citra
1374 2059 1513 2093 ambages,
1532 2058 1591 2086 dies
1607 2068 1644 2086 xx
1665 2061 1701 2087 ad
1718 2067 1829 2096 epaclas

1030 2104 1170 2132 addendas
1197 2112 1259 2132 esse
1277 2104 1418 2140 prcescribi
1441 2109 1557 2139 poterat.
1577 2105 1638 2132 Jam
1662 2107 1686 2134 si
1711 2108 1827 2135 conﬂata

1029 2150 1135 2177 diertnn
1152 2158 1258 2178 summa
1273 2150 1363 2177 minor
1385 2151 1422 2177 sit
1444 2158 1525 2185 quam
1545 2159 1618 2185 κων,
1640 2154 1770 2189 reliquos
1782 2156 1829 2181 ad-

1027 2196 1094 2230 jice.
1109 2197 1198 2224 donec
1213 2205 1276 2224 xuv
1291 2197 1430 2230 compleas
1447 2206 1454 2224 :
1471 2197 1604 2231 quidquid
1616 2198 1749 2227 additum
1764 2201 1827 2230 erit.

194 2247 230 2273 sit
252 2246 469 2282 qualemcunque
497 2252 682 2274 astronomum
707 2255 765 2274 eam
798 2248 977 2282 cognoscendi
994 2254 1016 2283 ῃ
1030 2247 1141 2278 D051“
1165 2243 1254 2270 Μίὶηὶί
1282 2243 1434 2278 Ριιῑῖὼὶῑυν,
1457 2244 1640 2280 ostendetque
1662 2245 1827 2275 Paschalem

194 2292 271 2319 verni
284 2293 439 2326 aequinoctii
458 2293 589 2320 rationem
601 2293 723 2323 inivisse.
738 2302 818 2329 qttam
835 2295 885 2321 hac
900 2295 978 2322 aditi-

194 2339 261 2369 bita,
285 2337 375 2365 triduo
396 2338 506 2366 circiter
533 2340 684 2367 aberrasse.
700 2340 766 2366 Nam
782 2348 875 2367 verum
891 2342 976 2377 aequi-

194 2385 316 2411 noctium
339 2392 451 2411 vernnm
480 2393 552 2412 anno
576 2386 677 2413 Christi
706 2386 775 2413 i572
800 2388 976 2414 commissum

193 2434 236 2458 cst
250 2429 339 2457 Martii
357 2438 395 2457 xtl
412 2430 532 2463 ineunte,
548 2431 613 2458 feria
627 2440 652 2459 νι
669 2433 735 2460 hora
752 2433 777 2464 1,
790 2433 829 2459 11⁷
846 2437 907 2469 post
920 2441 977 2460 me-

194 2476 266 2503 diam
285 2480 402 2508 noctem,
418 2476 664 2512 Constantinopoli.
680 2477 796 2511 Quinam
813 2482 901 2506 autem
919 2478 976 2506 ﬁeri

193 2526 294 2558 potest,
310 2527 338 2550 ut
361 2522 446 2551 lsaaci
472 2527 594 2558 tempore
617 2525 810 2559 mquinoctium
831 2524 977 2552 incurrerit

193 2569 221 2595 in
238 2568 330 2595 Martii
345 2577 390 2598 xv,
406 2568 448 2596 vel
470 2576 516 2595 xtv
535 2568 617 2599 diem,
633 2577 694 2596 cum
717 2574 825 2597 centum
844 2569 899 2597 fere
915 2574 977 2605 post

193 2612 285 2643 annis,
300 2612 352 2640 hoc
368 2616 410 2640 est
429 2619 500 2639 anno
516 2612 595 2645 1188,
611 2613 728 2644 Joannes
747 2613 976 2649 Regiomontanus

193 2657 265 2684 idem
288 2658 421 2693 repererit
436 2657 525 2685 Martii
542 2667 579 2692 ιιι,
603 2659 670 2687 hora
684 2660 713 2692 3,
728 2660 769 2686 40'
784 2664 845 2695 post
860 2661 975 2688 mediam

193 2705 320 2731 noctem?
334 2705 406 2740 quod
433 2709 460 2732 et
483 2705 522 2733 illi
548 2713 580 2733 ex
606 2707 708 2733 nostris
724 2706 824 2734 tabulis
846 2711 924 2734 eruto
942 2708 975 2734 ad

194 2750 279 2777 lsaaci
294 2755 402 2785 tempus
415 2751 649 2778 accommodatum
664 2755 715 2779 est.
727 2751 794 2778 Tum
809 2752 976 2786 Copernicus

194 2801 266 2820 anno
279 2794 358 2826 1516,
373 2794 460 2822 Martii
477 2804 514 2828 ιιι,
530 2796 598 2822 hora
612 2796 640 2828 Δ,
659 2796 701 2823 20¹
717 2797 879 2825 observavit.
898 2796 975 2826 Falsa

193 2839 277 2872 igitur
290 2840 442 2869 observatio
457 2842 502 2869 illa
517 2846 559 2869 est
573 2841 658 2870 lsaaci
675 2842 790 2878 Argyri;
807 2843 881 2870 velut
892 2843 974 2871 etiam

194 2892 255 2913 eunt
269 2883 440 2916 Ptolemmum
463 2887 537 2916 addit
558 2888 748 2921 aequinoctium
763 2887 975 2917 deprehendisse

1030 2290 1186 2316 terminum.
1207 2289 1254 2316 Sin
1279 2289 1338 2317 dies
1354 2297 1427 2321 κων,
1445 2295 1491 2317 aut
1505 2291 1600 2325 plures
1622 2294 1711 2320 etiam
1733 2302 1829 2322 nume-

1027 2340 1133 2367 rentur,
1149 2339 1254 2363 tantum
1279 2335 1348 2363 adde
1360 2335 1478 2367 dierum,
1493 2342 1627 2371 quanttun
1642 2347 1762 2368 necesse
1773 2346 1826 2371 est.

1027 2385 1067 2413 ut,
1093 2381 1191 2409 diebus
1207 2382 1315 2413 ablatis,
1343 2384 1552 2417 quatuordccim
1569 2384 1729 2416 residcant.
1747 2392 1773 2414 et
1788 2387 1826 2414 id-

1027 2428 1116 2463 ipsntu
1136 2428 1207 2463 quod
1232 2428 1375 2461 adjeceris,
1393 2433 1454 2463 post
1476 2437 1523 2456 xxr
1552 2429 1645 2457 Martii
1670 2438 1772 2466 putare
1787 2434 1826 2459 in-

1026 2475 1098 2509 cipe.
1114 2475 1218 2501 Etenim
1245 2474 1350 2501 decima
1375 2479 1473 2509 quarta
1495 2477 1624 2510 quaalibet
1641 2478 1715 2505 citra
1736 2479 1824 2506 Martii

1026 2529 1070 2548 xxi
1091 2520 1214 2548 incidens
1227 2520 1347 2548 nondum
1367 2521 1509 2549 Paschalis
1521 2525 1564 2550 est
1578 2523 1632 2550 :ob
1650 2524 1678 2551 id
1698 2526 1823 2553 calculus

1026 2567 1097 2594 ultra
1114 2567 1304 2602 propagandus
1321 2571 1372 2594 est.
1388 2567 1453 2595 Esto
1472 2569 1565 2603 cyclus
1580 2570 1821 2606 Constantinopo~

1026 2613 1127 2640 litanus
1143 2622 1197 2645 xiv,
1219 2614 1264 2648 qui
1276 2618 1318 2640 est
1333 2613 1474 2642 Romanus
1494 2623 1561 2647 xv",
1578 2621 1687 2650 epacta’:
1705 2623 1773 2646 sunt
1787 2627 1819 2646 tr.

1026 2668 1087 2695 qua?
1101 2667 1162 2687 cum
1173 2668 1209 2686 xx
1223 2659 1323 2692 Martii,
1339 2660 1488 2687 coniiciunt
1502 2661 1548 2688 21.
1566 2661 1603 2689 Ut
1616 2667 1714 2690 autent
1732 2664 1818 2691 ablat:

1026 2707 1130 2741 integra
1152 2706 1272 2741 syzvgia,
1302 2706 1400 2740 reliqui
1429 2706 1484 2733 sint
1509 2706 1567 2734 dies
1589 2716 1648 2740 xtv,
1681 2709 1756 2738 adde
1774 2710 1816 2736 20.

1025 2751 1106 2779 Fiunt
1117 2752 1152 2778 Μ
1168 2752 1236 2779 dies.
1251 2751 1337 2778 Porro
1347 2752 1465 2779 addititii
1480 2752 1518 2779 illi
1536 2753 1571 2780 20
1585 2761 1601 2780 a
1615 2762 1663 2781 xxi
1681 2755 1772 2782 Martii
1784 2755 1815 2781 ad

1026 2806 1051 2825 ix
1065 2797 1166 2832 Aprilis
1180 2798 1358 2832 perveniunt;
1372 2806 1427 2832 quo
1445 2798 1488 2825 die
1499 2807 1545 2825 xtv
1555 2798 1706 2828 Paschalis
1720 2808 1815 2828 conve-

1026 2844 1074 2874 nit,
1090 2843 1166 2878 cyclo
1178 2843 1248 2870 luna»:
1260 2842 1370 2870 Nicazno
1386 2851 1450 2871 xvn.

1061 2889 1167 2919 Rursus
1180 2889 1255 2926 cyclo
1264 2897 1278 2917 v
1290 2889 1604 2927 Constantinopolitano,
1623 2892 1750 2923 Romano
1759 2902 1813 2925 nu.
