1888 3136
43 173 106 201 {Ml

530 166 756 194 DlSSERTATlO
776 166 820 194 DE
840 163 1046 194 GRECORUM
1066 162 1167 191 IERIS.

1587 163 1597 188 ί
1603 163 1658 191 442

40 233 140 265 epacte
156 236 216 259 xxv.
233 235 292 262 quae
307 235 368 254 cum
385 234 421 253 xx
442 226 538 253 diebus
561 225 650 251 Martii
664 224 729 251 dant
748 231 798 250 xtv
812 232 820 257 ;
838 229 859 255 Α
873 222 941 258 giuti
960 242 968 254 ,
984 221 1086 249 idcirco
1105 219 1309 247 accommodata
1333 218 1438 254 integra
1452 218 1573 254 syzygia,
1589 226 1658 246 con-

42 281 71 304 ut
86 276 165 311 igitur
182 282 261 301 Lxxtv
275 273 334 300 dies
348 273 493 303 exsistant,
513 270 629 298 addendi
648 278 725 297 xxix.
741 269 820 297 Fient

42 323 84 349 74.
105 322 235 349 Detractis
249 321 293 349 60.
315 319 416 346 residui
433 323 496 346 sunt
518 318 560 344 Η.
579 317 714 344 Cmternm
738 316 770 343 ad
785 315 821 342 20

40 370 98 396 dies
119 367 217 400 Martii,
242 366 340 393 additis
351 365 395 397 29,
412 369 437 391 et
459 372 492 390 ex
510 371 616 391 sutnma
631 362 677 392 49.
696 362 821 389 deductis

39 415 69 441 5|
83 414 179 445 Martii,
193 417 278 440 restat
293 411 394 446 Aprilis
411 411 454 441 18,
476 410 503 436 in
526 417 608 444 qualn
623 408 756 436 terminus
772 407 822 434 Ρδοι

38 461 139 488 schalis
158 459 283 486 Nicasnus
309 457 445 492 congruit,
470 456 547 491 cyclo
559 463 619 481 vm.

30 524 34 541 ,
72 507 108 533 At
121 509 230 533 sanctus
250 504 372 531 Andreas
386 502 536 533 Cretensis,
550 505 578 527 ut
596 500 666 527 idem
686 499 822 527 terminus

36 553 202 583 obtineatur,
216 552 349 578 labentem
366 550 436 576 luo-.e
452 549 559 584 cyclum
574 555 622 582 per
643 555 670 574 xl
686 546 820 580 multipli-

36 603 92 626 cat.
121 598 238 625 Summa:
266 597 386 624 collecta'.
401 603 448 622 sex
470 595 530 622 dies
553 593 657 627 adjicit,
684 601 753 627 quas
773 593 820 618 ἀπ’

35 645 141 672 αἰώνων
156 648 244 676 vocat,
270 650 356 677 usque
383 641 416 668 ad
436 642 543 677 cyclum
570 647 633 672 xvr;
664 639 741 674 cyclo
755 646 820 666 vero

35 701 110 722 xvn,
129 699 196 718 xvm
220 693 247 717 et
265 697 310 716 xix
332 694 435 724 septem
455 687 538 714 addit.
556 686 621 714 Post
644 686 701 713 haec
715 686 819 720 integra

34 745 142 766 summa
158 745 205 772 per
220 737 255 764 50
272 736 385 766 tributa,
402 734 474 770 quod
486 733 619 768 reliquum
633 737 675 759 est
690 740 705 758 a
720 730 818 758 Martio

33 785 137 820 putari,
155 784 234 818 eique
255 788 384 817 quantum
404 782 509 808 dierum
526 787 595 814 opus
608 782 649 806 est
672 778 734 806 addi
751 786 820 813 prae-

33 831 113 865 cipit,
126 835 154 857 ut
178 836 308 856 numerus
321 828 354 855 ad
374 827 569 863 quinquaginta
585 826 736 860 perveniat,
751 825 819 851 adeo

32 882 64 904 ut
79 877 161 904 etiam
177 876 209 903 de
227 875 310 909 Aprili
327 874 428 909 aliquid
451 873 625 907 adjungatur.
640 871 742 898 llorum
761 871 818 898 die-

31 930 96 950 ium
116 922 225 948 ultimus
241 920 345 948 Pascha
359 919 502 946 Iudaicum
518 919 580 946 erit.
602 918 687 951 Cujus
703 917 816 948 decreti,

31 978 68 996 ne
82 969 148 1003 quid
162 967 327 1002 diligentiam
341 969 463 994 nostram
474 964 613 999 eﬂ‘ugeret,
631 971 742 991 causam
757 969 819 991 esse

30 1015 227 1049 comperimus.

68 1061 178 1096 Epactaa
194 1059 314 1090 lunares,
331 1065 391 1093 quae
410 1057 536 1084 Martium
557 1055 732 1088 antecedunt,
755 1058 819 1082 sunt

30 1107 138 1134 residui
155 1106 213 1133 dies
222 1111 282 1141 post
305 1105 426 1132 ultimam
438 1104 574 1139 syzygiam
592 1112 599 1130 :
617 1109 733 1137 quorum
745 1109 817 1128 com-

31 1155 200 1189 plementum
223 1152 256 1178 ad
271 1158 335 1182 xxx,
353 1149 519 1176 quationcm
544 1156 602 1175 eam
624 1148 740 1183 perlicit,
759 1155 820 1182 quin

29 1200 157 1228 nondum
188 1197 327 1225 Paschalis
351 1204 412 1224 esse
441 1199 539 1230 potest.
568 1194 652 1229 Igitur
678 1193 820 1220 Paschalis

27 1246 102 1278 crit,
120 1250 287 1280 quaecunque
302 1247 373 1277 .post
401 1242 504 1276 ipsam,
533 1241 666 1268 decimam
694 1243 819 1273 quartam

27 1293 118 1319 habet
134 1291 161 1318 in
182 1299 225 1317 xxi
237 1289 336 1320 Martii,
356 1293 403 1315 aut
418 1288 540 1323 proxime
557 1291 620 1322 post
633 1294 687 1313 xxi.
704 1285 820 1312 Proinde

27 1339 64 1366 ad
83 1341 209 1372 epactatn
232 1336 332 1362 addere
354 1337 471 1370 oportet,
495 1333 567 1360 ultra
590 1333 819 1366 complementum

25 1384 114 1420 ejus,
140 1390 194 1417 quo
222 1382 326 1416 integra
350 1380 459 1416 syzygia
484 1379 640 1414 periit-itur;
674 1377 732 1404 dies
762 1384 818 1409 xlv,

26 1431 64 1458 ad
85 1429 218 1457 decimam
237 1426 361 1462 quartam
382 1426 497 1461 syzygia:
516 1424 685 1459 insequentis
696 1423 820 1450 obtinen-

24 1477 109 1503 dam.
135 1475 199 1507 Quze
218 1473 326 1508 quidem
353 1472 375 1500 si
401 1472 435 1498 ad
457 1478 502 1498 xxI
534 1470 621 1496 Martii
650 1469 819 1504 pervenerit,

24 1523 131 1556 utique
153 1519 294 1547 Paschalis
318 1518 378 1545 erit.
403 1516 452 1544 Sin
480 1517 588 1548 minus,
617 1516 666 1542 toti
690 1523 741 1542 xxx
762 1515 820 1542 dies

874 269 942 295 ﬁunt
955 268 1014 295 dies
1034 274 1116 299 xux;
1132 265 1165 293 dc
1180 265 1279 300 quibus
1294 264 1436 291 subductis
1455 263 1545 291 Martii
1560 264 1657 292 diebus

874 321 949 343 xxxi,
975 315 1080 339 restant
1097 319 1175 337 xvm.
1213 309 1320 336 llursus
1352 309 1505 344 inquiratur
1525 310 1657 338 terminus

873 357 951 392 cyclo
972 357 1043 383 luna:
1062 363 1138 383 xvm.
1154 355 1261 390 Epacta:
1276 359 1340 382 sunt
1354 362 1431 386 xvm,
1444 354 1477 380 ad
1492 362 1560 388 quas
1577 361 1657 382 acre-

873 402 942 429 dunt
960 409 1008 434 vn,
1025 405 1056 428 ut
1071 401 1135 428 (iant
1153 408 1215 430 xxv.
1236 400 1336 435 quibus
1352 400 1386 426 ad
1401 400 1598 434 quinquaginta
1613 400 1658 427 de-

873 453 937 476 sunt
953 456 1016 475 xxv.
1045 447 1115 482 Ergo
1136 447 1229 473 Martii
1243 446 1287 473 die
1304 453 1357 473 xxv
1374 450 1470 481 quarta
1485 445 1590 473 decima
1605 445 1657 472 Pa-

871 495 973 521 sehalis
993 494 1108 520 incurrit
1120 493 1196 529 cyclo
1209 492 1331 519 Romano
1343 500 1386 522 xv,
1405 492 1656 527 Constantinopoli-

872 544 936 567 tano
959 547 1037 566 xvtsl.
1063 539 1140 566 idem
1160 538 1213 570 ﬁet,
1235 538 1256 566 si
1275 541 1431 573 epactarum
1449 545 1514 564 xvm
1538 538 1658 572 comple-

871 588 993 611 mentum
1010 585 1043 611 ad
1060 591 1138 617 xuu,
1162 584 1212 611 hoc
1227 588 1270 612 est
1286 592 1339 610 xxv
1360 591 1488 610 numeres
1504 591 1518 610 a
1529 583 1658 610 Kalendis

871 629 986 657 Martiis.
1004 630 1066 657 llaec
1081 630 1225 658 methodus
1243 631 1332 658 locum
1352 630 1468 657 habetin
1485 630 1601 657 Nic-aenis
1613 637 1658 665 sy-

872 676 966 712 zygiis.
987 676 1064 709 Quod
1077 676 1099 704 si
1116 677 1296 712 προηγήσεως
1312 676 1416 703 lunaris
1428 675 1561 702 rationem
1574 676 1657 702 duce-

870 729 900 748 re
911 721 972 756 quis
988 722 1072 754 velit,
1089 725 1178 756 potest
1196 721 1230 748 ad
1252 725 1374 756 epactam
1391 721 1450 748 dies
1471 721 1570 748 addere
1593 721 1658 748 toti-

870 765 942 797 dem,
959 770 1025 800 quot
1041 766 1105 792 luna
1130 765 1274 800 pristinam
1297 765 1428 801 epocham
1451 765 1607 798 antevertit,
1627 769 1659 792 ut

871 810 980 838 lsaacus
993 810 1115 846 Argyrus
1127 810 1255 837 inszituit.

1166 855 1279 884 CAPUT
1297 855 1355 883 XII.

835 907 856 934 Β
870 901 1028 935 Declaratur
1048 910 1111 929 usus
1139 903 1253 936 computi
1276 903 1419 936 superioris
1440 900 1609 935 Gra’corum,
1631 906 1657 928 at

940 938 1131 971 pra'cipuorum
1154 937 1281 971 festorum
1300 937 1424 970 exemplis
1446 938 1584 964 astruitur.

906 981 1036 1017 Superest
1052 986 1080 1008 ut
1100 981 1186 1008 Graeci
1202 982 1332 1016 cotnputi,
1347 989 1426 1016 quem
1444 986 1571 1009 accurate
1591 982 1657 1008 hac-

870 1032 950 1056 tenus
973 1028 1174 1060 enarravimos,
1192 1035 1270 1055 usum
1295 1035 1327 1054 ac
1350 1028 1468 1054 fructum
1485 1028 1656 1062 experiamur

871 1075 897 1101 iu
919 1074 995 1101 festis
1024 1074 1132 1100 illorum
1151 1073 1297 1108 praecipuis
1323 1073 1493 1108 indagandis,
1521 1081 1582 1108 quze
1606 1081 1656 1100 nos

870 1120 980 1147 mobilia
997 1120 1078 1154 vulgo
1100 1127 1302 1153 uuncupamus.
1315 1119 1351 1145 Ea
1372 1127 1452 1153 porro
1465 1119 1663 1146 describuntur‘

870 1167 896 1192 in
912 1166 1020 1193 illorum
1034 1164 1190 1200 llorologio,
1202 1166 1274 1200 quod
1287 1164 1407 1192 Venetiis
1419 1165 1521 1192 editum
1533 1169 1575 1192 est
1585 1172 1657 1192 anno

869 1209 971 1236 Christi
996 1209 1074 1236 1555.
1097 1209 1182 1243 Cujus
1202 1210 1228 1235 in
1246 1209 1346 1236 calcem
1362 1217 1494 1236 annorum
1517 1217 1550 1236 χι.
1571 1209 1661 1236 series

870 1255 1044 1286 describitur,
1062 1254 1096 1281 ab
1111 1262 1182 1281 anno
1210 1255 1302 1281 mundi
1333 1254 1401 1281 70M
1427 1255 1460 1281 ad
1485 1255 1552 1282 7083
1567 1264 1574 1282 :
1588 1263 1656 1290 quo-

870 1307 930 1326 rum
946 1299 974 1326 in
997 1299 1112 1334 singulis
1130 1299 1261 1326 festorum
1285 1306 1317 1326 ac
1338 1298 1528 1334 religiosorum
1551 1298 1655 1325 dierum

871 1349 993 1378 tempora
1009 1344 1197 1371 continentur.

905 1388 997 1416 Primo
1009 1389 1068 1416 loco
1088 1390 1104 1424 ἡ
1121 1389 1265 1426 παραμοιιὴ
1282 1388 1337 1415 τῶν
1352 1388 1468 1424 Χριστοῦ
1487 1388 1587 1423 γεννῶν
1604 1396 1655 1424 po-

871 1435 955 1469 nitur,
978 1435 1030 1462 hoc
1046 1439 1087 1463 est
1110 1435 1208 1471 Vigilia
1233 1435 1336 1463 Natalis
1353 1435 1469 1467 Domini,
1485 1435 1563 1470 cujus
1589 1434 1660 1462 feria»

871 1485 991 1509 notatur.

907 1526 1045 1558 Secundo,
1060 1526 1239 1562 Κρεωφάγια,
1257 1525 1308 1552 hoc
1328 1530 1368 1553 est
1388 1525 1446 1552 dies
1459 1533 1553 1552 omnes
1570 1531 1585 1551 a
1601 1524 1656 1551 Na-

22 1566 153 1595 addendi
185 1570 281 1595 erunt.
306 1569 336 1591 ut
358 1563 499 1590 Paschalis
522 1562 654 1589 terminus
677 1561 818 1588 habeatur.
834 1575 855 1605 ε
872 1572 919 1598 ιδῃ
949 1572 984 1598 ad
1013 1561 1181 1599 Dom'nicam
1214 1570 1403 1606 Sexagesimm,
1426 1578 1485 1605 qua,
1503 1571 1663 1607 Ἀπόκρεως;

63 1612 204 1645 Quocirca
220 1611 253 1637 ad
265 1618 327 1637 eum
346 1609 454 1636 modum
470 1608 635 1635 conformari
657 1607 749 1642 regula
767 1607 818 1634 ista

22 1661 143 1693 poterat
160 1667 166 1684 :
182 1656 220 1683 Ad
243 1659 367 1691 epactam
389 1655 476 1689 adjice
488 1659 619 1688 quantum
631 1653 736 1680 dierum
752 1660 821 1687 opus

22 1705 61 1731 ad
82 1702 258 1738 complendos
276 1709 348 1733 xtiv,
368 1700 470 1735 acyclo
488 1700 576 1734 primo
598 1700 629 1726 ad
649 1706 709 1731 xvi,
727 1699 768 1725 vcl
787 1697 821 1725 ad

22 1758 100 1777 thn
127 1749 274 1783 cxpleudos
304 1748 330 1774 iu
363 1747 452 1774 tribus
479 1747 563 1781 cyclis
589 1746 713 1780 reliquis,
742 1745 820 1772 initio

21 1798 109 1824 facto
134 1804 149 1822 a
166 1794 293 1822 Kalendis
309 1794 422 1826 Martiis,
440 1793 463 1820 si
483 1793 555 1827 quod
573 1792 648 1819 deest
676 1791 764 1825 majus
778 1794 821 1818 est

21 1850 78 1869 xx.
99 1841 149 1868 Sin
166 1841 317 1872 minusest,
346 1844 429 1866 totam
458 1841 588 1873 praaterea
613 1837 750 1873 syzygiam
766 1845 820 1864 xxx

21 1890 142 1916 dicrqu
170 1885 354 1914 accommoda.
376 1883 514 1918 Quidquid
538 1883 659 1910 additum
683 1886 736 1914 est,
761 1883 783 1910 si
805 1890 819 1909 a

21 1933 166 1961 Kalendis
185 1932 286 1959 Martiis
301 1935 420 1966 putetur,
439 1930 466 1956 in
492 1929 637 1956 terminum
659 1929 819 1955 Paschalem

21 1980 153 2007 desinet.
168 1978 230 2005 Ilaec
248 1978 339 2012 regula
354 1977 448 2003 eodem
462 1983 522 2003 cum
538 1975 582 2001 illa
597 1975 684 2002 sancti
705 1974 820 2001 Andreas

21 2025 144 2053 recidit.
161 2023 227 2050 Nam
243 2024 289 2058 qui
304 2031 351 2050 sex
367 2023 425 2049 dies
439 2022 513 2049 addit
528 2022 559 2048 ad
572 2025 713 2055 epactam;
728 2028 759 2047 ac
778 2028 821 2048 rc-

21 2073 142 2106 liquum
157 2069 255 2097 deinde
278 2071 401 2095 numerat
423 2075 438 2094 a
453 2067 581 2094 Kalendis
599 2066 714 2095 Martiis.
733 2066 820 2093 donec

21 2115 235 2152 quinquaginta
263 2113 413 2147 compleat;
442 2112 511 2139 idem
535 2112 598 2139 facit
624 2119 655 2138 ac
680 2112 703 2138 si
725 2111 821 2139 diebus

21 2163 88 2188 illis
104 2168 153 2188 sex
170 2167 225 2186 nou
245 2158 358 2188 additis,
370 2158 443 2185 solos
464 2165 525 2184 xuv
539 2157 670 2192 expleret.
687 2156 756 2183 Cum
773 2165 820 2183 au-

21 2213 88 2235 tem
107 2207 180 2232 lume
200 2205 296 2236 saltus,
311 2207 337 2231 et
357 2204 477 2239 ὑποτομή
499 2203 551 2230 diei
569 2203 652 2230 unius
675 2203 751 2238 cyclo
775 2211 819 2230 xvr

21 2252 198 2287 :‘ontingat,
236 2252 282 2286 qui
314 2255 356 2277 est
381 2249 579 2277 Alexandrinus
605 2257 675 2280 x-tx,
713 2252 742 2275 ut
773 2256 821 2276 su-

21 2307 83 2334 pra
104 2297 373 2329 demonstravimus;
405 2295 466 2322 ideo
495 2295 600 2321 numeri
628 2294 703 2321 aurei
731 2295 822 2330 cyclo-

22 2352 96 2372 -utn
122 2344 293 2379 sequentium
315 2349 370 2369 uno
397 2342 440 2369 die
459 2341 628 2369 neomcniam
655 2341 736 2368 citius
755 2339 821 2367 olI'e«

22 2393 110 2416 -uut.
124 2387 165 2415 0b
179 2388 206 2414 id
222 2393 323 2422 septem
339 2386 397 2414 dies
418 2387 452 2413 ad
478 2390 588 2420 epactas
606 2385 681 2411 addit
699 2385 822 2412 Andreas

21 2435 112 2471 :yclo
130 2441 195 2465 xvtt,
211 2441 276 2460 xvnt
296 2437 322 2461 et
336 2441 392 2465 nx,
403 2437 430 2460 et
444 2440 493 2460 nos
505 2433 537 2458 ad
552 2439 620 2458 xum
632 2432 821 2458 tantummodo

21 2480 168 2516 -omplcri
187 2487 321 2507 summam
341 2480 529 2515 praecipimus;
554 2484 582 2506 ut
602 2486 657 2505 uno
682 2479 725 2506 die
748 2483 820 2509 ante.

21 2534 118 2564 juam
144 2526 172 2552 in
202 2525 326 2560 reliquis,
353 2525 496 2552 ncomcnia
524 2524 647 2552 sistatur.
680 2524 823 2557 Qumratur

21 2571 154 2607 :xempli
170 2572 256 2606 gratia
268 2571 399 2598 terminus
415 2570 556 2598 Paschalis
577 2570 653 2605 cyclo
674 2578 700 2596 ν.
715 2570 823 2605 Epactm

30 2624 100 2646 unt
117 2625 180 2647 xxv,
196 2618 285 2644 adeas
299 2616 412 2650 adjectis
427 2624 464 2647 Vt,
477 2617 544 2643 tiunt
566 2624 646 2648 xxxi;
662 2620 689 2642 et
708 2616 823 2650 objectis

21 2670 100 2693 εχιτ,
113 2665 198 2688 restat
212 2669 230 2687 ι.
246 2661 322 2688 Adde
334 2662 425 2695 itaque
440 2668 503 2687 χιιι
522 2661 588 2691 dies,
600 2660 690 2695 deque
707 2661 741 2688 iis
753 2661 823 2687 Mar-

22 2709 51 2736 ιῑ
77 2707 142 2733 dics
155 2706 232 2733 aufer
245 2714 320 2738 xxxi,
339 2706 435 2739 reliqui
453 2710 533 2733 erum
549 2714 615 2733 xvnt
634 2708 737 2741 Aprilis
752 2707 820 2734 dies.

21 2755 124 2790 gitur
144 2753 244 2787 Aprilis
267 2761 330 2779 xvut
348 2753 392 2780 die
410 2752 544 2780 terminus
569 2753 710 2780 Paschalis
726 2754 822 2780 incidit

21 2799 115 2837 :yclo
129 2798 430 2832 Constantinopolitano
446 2806 471 2829 v,
496 2797 542 2832 qui
564 2801 605 2824 est
619 2797 820 2825 Alexandrinus

21 2853 95 2873 an.
113 2843 149 2870 At
166 2844 315 2871 secundum
339 2844 459 2879 regulam
482 2847 620 2875 nostram,
635 2844 763 2878 quoniam
786 2845 820 2871 ad

21 2898 112 2922 ,va.
129 2891 226 2918 desunt
241 2890 301 2919 dies
317 2899 372 2923 xix,
398 2889 443 2926 qui
465 2897 595 2917 numerus
611 2890 699 2918 minor
721 2895 763 2918 est
781 2891 820 2918 vi-

869 1623 992 1650 vocatur,
1003 1617 1101 1653 quibus
1117 1617 1239 1644 carnium
1253 1625 1316 1644 esus
1335 1616 1499 1651 indulgetur.

904 1664 1009 1696 Tertio,
1038 1664 1068 1690 τὸ
1091 1663 1230 1698 Τριώδιον,
1250 1670 1309 1698 qua:
1323 1667 1364 1690 est
1378 1662 1519 1690 Dominica
1533 1662 1661 1698 proxime

871 1709 1035 1736 antecedens
1052 1708 1221 1735 Dominicam
1237 1708 1461 1744 Septiiagesitme.

910 1754 1031 1787 Quarto,
1058 1755 1075 1790 ἠ
1096 1755 1252 1789 ’Λπόκρεως
1266 1775 1272 1786 ,
1302 1753 1440 1781 Dominica
1460 1752 1654 1788 Carnisprivii;

871 1808 951 1834 quam
966 1799 1167 1834 Sexagesimam
1185 1800 1362 1834 appellamus,
1376 1806 1391 1825 a
1408 1806 1461 1833 qua
1474 1798 1560 1825 Graeci
1574 1798 1656 1824 absti-

871 1852 936 1871 nere
953 1844 1084 1870 carnibus
1111 1843 1256 1878 incipiunt,
1275 1843 1370 1870 diebus
1388 1847 1451 1869 ante
1468 1842 1572 1869 Pascha
1588 1850 1630 1869 LVI
1647 1852 1653 1868 :

871 1889 943 1924 quod
957 1897 989 1916 eo
1005 1888 1118 1920 faciunt,
1136 1892 1164 1915 ut
1180 1897 1212 1916 χι,
1229 1888 1334 1915 dierum
1347 1888 1482 1924 jejunium
1497 1888 1523 1915 in
1539 1888 1655 1915 solidum

871 1937 988 1962 constet.
1017 1934 1085 1960 Cum
1111 1934 1183 1960 enim
1214 1933 1334 1961 Sabbato
1360 1934 1484 1968 jejunare
1512 1932 1589 1960 nefas
1607 1933 1657 1959 ha-

871 1980 963 2012 beant,
992 1987 1046 2007 uno
1069 1985 1182 2014 excepto
1201 1979 1288 2014 pridie
1301 1979 1451 2011 Paschalis,
1467 1980 1490 2006 si
1505 1980 1538 2006 de
1554 1979 1657 2006 hebdo-

871 2025 997 2052 madihus
1012 2032 1075 2056 vut,
1092 2025 1189 2052 diebus
1210 2032 1263 2057 LVI,
1278 2030 1340 2052 octo
1357 2025 1522 2055 Dominicas.
1539 2032 1571 2051 ac
1588 2023 1656 2051 Sab-

871 2071 935 2098 bata
962 2078 1000 2098 vn
1027 2078 1176 2105 expungas,
1201 2071 1297 2106 reliqui
1325 2071 1384 2098 dies
1409 2074 1490 2098 erunt
1516 2078 1570 2097 xLi.
1588 2069 1662 2097 Nam

872 2119 1039 2151 postremum
1066 2116 1213 2142 Sahbatum
1231 2120 1308 2143 extra
1332 2116 1454 2143 ordinem
1478 2115 1585 2151 jejunio
1609 2114 1655 2142 di-

871 2166 961 2190 Cﬂllﬂ‘.

907 2207 1016 2240 Quinto,
1035 2207 1120 2242 legale
1135 2206 1253 2236 Pascha.-

837 2251 862 2280 Ι)
909 2252 1002 2284 Sexto,
1015 2253 1198 2280 Christianum
1215 2253 1328 2280 Pascha.

908 2298 1039 2334 Septimo,
1057 2299 1212 2334 ήΚυριακὴ
1233 2299 1286 2325 τῶν
1306 2299 1401 2333 Ἀγίων
1425 2298 1543 2328 πάντων,
1562 2298 1654 2327 Domi-

872 2346 932 2372 uiea
943 2344 1106 2372 Sanctorum
1120 2345 1242 2372 omnium
1255 2354 1262 2379 ;
1279 2353 1338 2381 quae
1355 2345 1499 2373 Dominieae
1512 2345 1662 2373 Trinitatis

872 2390 1029 2426 respondet.

907 2435 1020 2466 Octavo,
1035 2435 1169 2470 jejunium
1191 2438 1346 2462 sanctorum
1366 2435 1567 2471 Apostolorum,
1582 2436 1661 2471 quod?

872 2481 959 2509 Graeci
991 2481 1093 2508 obeunt
1126 2488 1141 2507 a
1168 2480 1307 2508 Dominica
1334 2481 1495 2509 Sanctorum
1519 2482 1653 2513 omnium,

876 2535 964 2562 usque
982 2527 1015 2554 ad
1031 2534 1112 2554 xxvm
1134 2525 1297 2553 Junii.Nam
1322 2533 1386 2554 uix
1406 2526 1477 2554 Junii
1498 2530 1655 2554 sanctorum

871 2572 1056 2607 apostolorum
1072 2570 1144 2598 Petri
1164 2575 1189 2598 et
1211 2571 1289 2598 Pauli
1307 2571 1405 2599 festum
1432 2572 1579 2600 celebrant.
1601 2571 1655 2599 Pe—

872 2617 966 2645 stridie
986 2617 1036 2653 τὴν
1068 2617 1176 2650 σύναξιν
1203 2617 1258 2643 τῶν
1280 2617 1382 2644 δώδεκα
1407 2618 1571 2645 ἀποστόλων.
1598 2617 1655 2645 Hoc

872 2671 954 2698 porro
964 2663 1098 2698 jejunium
1114 2663 1181 2690 alias
1193 2663 1298 2698 longius
1309 2683 1316 2696 ,
1339 2664 1406 2690 alias
1422 2664 1590 2692 contractius
1602 2668 1654 2691 est.

872 2708 996 2736 Totidem
1018 2709 1089 2736 enim
1106 2709 1210 2736 dierum
1225 2712 1277 2741 cst,
1294 2712 1360 2744 quot
1373 2717 1388 2736 a
1403 2708 1534 2736 Paschate
1549 2709 1582 2736 ad
1599 2713 1654 2736 ter-

871 2755 940 2780 tium
965 2754 1036 2782 diem
1058 2753 1131 2781 Junii
1158 2758 1359 2788 computantur,
1383 2757 1413 2780 ut
1442 2754 1551 2781 lsaacus
1576 2754 1661 2781 docetl

871 2800 960 2834 capite
970 2799 1029 2827 XV.
1047 2799 1114 2826 Nam
1131 2807 1145 2826 a
1157 2799 1291 2827 Paschate
1309 2800 1342 2826 ad
1361 2799 1526 2826 Dominicam
1542 2803 1653 2834 aposto-

870 2845 1042 2876 lorum,.dies
1057 2850 1121 2872 sunt
1137 2853 1202 2872 Lru.
1217 2845 1239 2872 Α
1253 2846 1334 2872 tertio
1349 2845 1410 2872 Maii
1424 2844 1457 2872 ad
1470 2852 1553 2872 xxvtu
1568 2843 1659 2875 Junii,

871 2890 929 2918 dies
945 2890 1068 2918 totidem.
1084 2891 1174 2924 Quare
1188 2890 1296 2925 dempto
1307 2891 1450 2920 intervallo
1465 2898 1480 2917 ιι
1495 2890 1577 2919 tertio
1590 2889 1661 2918 Maiit
