  <div class='ocr_page' id='page_1' title='image "/cluster/home/n/w/nwhite01/storage/ocr_20150623/19/njp.32101077772463/809.png"; bbox 0 0 1888 3136; ppageno 0'>
   <div class='ocr_carea' id='block_1_1' title="bbox 175 142 275 191">
    <p class='ocr_par' dir='ltr' id='par_1_1' title="bbox 175 142 275 191">
     <span class='ocr_line' id='line_1_1' title="bbox 175 142 275 191; baseline 0 0"><span class='ocrx_word' id='word_1_1' title='bbox 175 142 179 147; x_wconf 23' lang='grc' dir='ltr'>ζ</span> <span class='ocrx_word' id='word_1_2' title='bbox 206 163 275 191; x_wconf 61' lang='lat' dir='ltr'><strong>ait;</strong></span> 
     </span>
    </p>
   </div>
   <div class='ocr_carea' id='block_1_2' title="bbox 702 157 1319 189">
    <p class='ocr_par' dir='ltr' id='par_1_2' title="bbox 702 157 1319 189">
     <span class='ocr_line' id='line_1_2' title="bbox 702 157 1319 189; baseline -0.002 -2"><span class='ocrx_word' id='word_1_3' title='bbox 702 159 748 187; x_wconf 81' lang='lat' dir='ltr'><strong>AD</strong></span> <span class='ocrx_word' id='word_1_4' title='bbox 767 159 810 188; x_wconf 85' lang='lat' dir='ltr'><strong>EU</strong></span> <span class='ocrx_word' id='word_1_5' title='bbox 816 160 888 187; x_wconf 80' lang='lat' dir='ltr'><strong>SEBl</strong></span> <span class='ocrx_word' id='word_1_6' title='bbox 897 163 906 189; x_wconf 65' lang='grc' dir='ltr'><em>ζ</em></span> <span class='ocrx_word' id='word_1_7' title='bbox 914 157 1113 188; x_wconf 73' lang='lat' dir='ltr'><strong>CllRONlCON</strong></span> <span class='ocrx_word' id='word_1_8' title='bbox 1136 157 1319 186; x_wconf 76' lang='lat' dir='ltr'><strong>APPENDIX.</strong></span> 
     </span>
    </p>
   </div>
   <div class='ocr_carea' id='block_1_3' title="bbox 1779 158 1842 186">
    <p class='ocr_par' dir='ltr' id='par_1_3' title="bbox 1779 158 1842 186">
     <span class='ocr_line' id='line_1_3' title="bbox 1779 158 1842 186; baseline 0.032 -2"><span class='ocrx_word' id='word_1_9' title='bbox 1779 158 1842 186; x_wconf 64' lang='lat' dir='ltr'><strong>HM</strong></span> 
     </span>
    </p>
   </div>
   <div class='ocr_carea' id='block_1_4' title="bbox 206 218 1841 255">
    <p class='ocr_par' dir='ltr' id='par_1_4' title="bbox 206 218 1841 255">
     <span class='ocr_line' id='line_1_4' title="bbox 206 218 1841 255; baseline -0.002 -6"><span class='ocrx_word' id='word_1_10' title='bbox 206 223 240 250; x_wconf 87' lang='lat' dir='ltr'><strong>ad</strong></span> <span class='ocrx_word' id='word_1_11' title='bbox 264 221 435 249; x_wconf 87' lang='lat' dir='ltr'><strong>Dominicam</strong></span> <span class='ocrx_word' id='word_1_12' title='bbox 463 220 664 255; x_wconf 67' lang='lat' dir='ltr'><strong>apostolorum,</strong></span> <span class='ocrx_word' id='word_1_13' title='bbox 689 228 774 248; x_wconf 86' lang='lat' dir='ltr'><strong>unum</strong></span> <span class='ocrx_word' id='word_1_14' title='bbox 791 221 916 255; x_wconf 85' lang='lat' dir='ltr'><strong>idemque</strong></span> <span class='ocrx_word' id='word_1_15' title='bbox 932 227 995 254; x_wconf 85' lang='lat' dir='ltr'><strong>spa-</strong></span> <span class='ocrx_word' id='word_1_16' title='bbox 1012 223 1031 250; x_wconf 78' lang='grc' dir='ltr'><strong>Α</strong></span> <span class='ocrx_word' id='word_1_17' title='bbox 1047 218 1114 246; x_wconf 86' lang='lat' dir='ltr'><strong>Nam</strong></span> <span class='ocrx_word' id='word_1_18' title='bbox 1129 225 1145 245; x_wconf 88' lang='lat' dir='ltr'><strong>a</strong></span> <span class='ocrx_word' id='word_1_19' title='bbox 1157 218 1297 246; x_wconf 88' lang='lat' dir='ltr'><strong>Dominica</strong></span> <span class='ocrx_word' id='word_1_20' title='bbox 1311 218 1626 254; x_wconf 65' lang='lat' dir='ltr'><strong>Sexagesimm,quaeest</strong></span> <span class='ocrx_word' id='word_1_21' title='bbox 1638 220 1656 254; x_wconf 82' lang='grc' dir='ltr'>ἡ</span> <span class='ocrx_word' id='word_1_22' title='bbox 1671 218 1841 255; x_wconf 36' lang='grc' dir='ltr'><strong>’Δπύκρεδξ</strong></span> 
     </span>
    </p>
   </div>
   <div class='ocr_carea' id='block_1_5' title="bbox 189 264 995 324">
    <p class='ocr_par' dir='ltr' id='par_1_5' title="bbox 189 264 995 324">
     <span class='ocr_line' id='line_1_5' title="bbox 189 264 995 324; baseline -0.002 -30"><span class='ocrx_word' id='word_1_23' title='bbox 189 267 274 324; x_wconf 76' lang='grc' dir='ltr'>ἰὶιιιη</span> <span class='ocrx_word' id='word_1_24' title='bbox 293 267 346 294; x_wconf 89' lang='lat' dir='ltr'><strong>erit</strong></span> <span class='ocrx_word' id='word_1_25' title='bbox 361 274 375 293; x_wconf 92' lang='lat' dir='ltr'><strong>a</strong></span> <span class='ocrx_word' id='word_1_26' title='bbox 390 266 523 293; x_wconf 81' lang='lat' dir='ltr'><strong>Paschate</strong></span> <span class='ocrx_word' id='word_1_27' title='bbox 537 266 572 293; x_wconf 89' lang='lat' dir='ltr'><strong>ad</strong></span> <span class='ocrx_word' id='word_1_28' title='bbox 592 266 702 293; x_wconf 89' lang='lat' dir='ltr'><strong>tertium</strong></span> <span class='ocrx_word' id='word_1_29' title='bbox 716 264 799 298; x_wconf 86' lang='lat' dir='ltr'><strong>Junii,</strong></span> <span class='ocrx_word' id='word_1_30' title='bbox 816 266 888 301; x_wconf 93' lang='lat' dir='ltr'><strong>quod</strong></span> <span class='ocrx_word' id='word_1_31' title='bbox 914 269 957 293; x_wconf 91' lang='lat' dir='ltr'><strong>est</strong></span> <span class='ocrx_word' id='word_1_32' title='bbox 979 272 995 291; x_wconf 89' lang='lat' dir='ltr'><strong>a</strong></span> 
     </span>
     <span class='ocr_line' id='line_1_6' title="bbox 206 311 819 324; baseline 0 0"><span class='ocrx_word' id='word_1_33' title='bbox 206 312 347 324; x_wconf 45' lang='grc' dir='ltr'><strong>ΠμμΖ-ξμυι</strong></span> <span class='ocrx_word' id='word_1_34' title='bbox 365 312 416 324; x_wconf 48' lang='grc' dir='ltr'><strong>...ΗΠ</strong></span> <span class='ocrx_word' id='word_1_35' title='bbox 431 312 582 324; x_wconf 43' lang='grc' dir='ltr'><strong>1.--..1ἴλιυ</strong></span> <span class='ocrx_word' id='word_1_36' title='bbox 601 312 632 324; x_wconf 81' lang='grc'>...1</span> <span class='ocrx_word' id='word_1_37' title='bbox 648 319 732 324; x_wconf 66' lang='grc'><strong>--......</strong></span> <span class='ocrx_word' id='word_1_38' title='bbox 751 311 819 324; x_wconf 58' lang='lat' dir='ltr'><strong>In-“</strong></span> 
     </span>
    </p>
   </div>
   <div class='ocr_carea' id='block_1_6' title="bbox 187 311 830 354">
    <p class='ocr_par' dir='ltr' id='par_1_6' title="bbox 187 311 830 354">
     <span class='ocr_line' id='line_1_7' title="bbox 187 311 830 354; baseline -0.003 -14"><span class='ocrx_word' id='word_1_39' title='bbox 187 311 349 354; x_wconf 54' lang='lat' dir='ltr'><strong>{Dominica</strong></span> <span class='ocrx_word' id='word_1_40' title='bbox 364 312 416 339; x_wconf 80' lang='grc' dir='ltr'><strong>τῶν</strong></span> <span class='ocrx_word' id='word_1_41' title='bbox 428 312 582 338; x_wconf 81' lang='grc' dir='ltr'><strong>ἀποστόλων</strong></span> <span class='ocrx_word' id='word_1_42' title='bbox 601 312 634 339; x_wconf 86' lang='lat' dir='ltr'><strong>ad</strong></span> <span class='ocrx_word' id='word_1_43' title='bbox 648 319 732 339; x_wconf 81' lang='lat' dir='ltr'><strong>xxvnl</strong></span> <span class='ocrx_word' id='word_1_44' title='bbox 747 311 830 339; x_wconf 84' lang='lat' dir='ltr'><strong>Junii.</strong></span> 
     </span>
    </p>
   </div>
   <div class='ocr_carea' id='block_1_7' title="bbox 242 356 995 393">
    <p class='ocr_par' dir='ltr' id='par_1_7' title="bbox 242 356 995 393">
     <span class='ocr_line' id='line_1_8' title="bbox 242 356 995 393; baseline 0 -8"><span class='ocrx_word' id='word_1_45' title='bbox 242 357 279 385; x_wconf 88' lang='lat' dir='ltr'><strong>Ut</strong></span> <span class='ocrx_word' id='word_1_46' title='bbox 303 357 361 384; x_wconf 66' lang='lat' dir='ltr'><strong>haec</strong></span> <span class='ocrx_word' id='word_1_47' title='bbox 378 356 468 383; x_wconf 83' lang='lat' dir='ltr'><strong>omnia</strong></span> <span class='ocrx_word' id='word_1_48' title='bbox 488 357 623 391; x_wconf 72' lang='lat' dir='ltr'><strong>superiori</strong></span> <span class='ocrx_word' id='word_1_49' title='bbox 649 357 778 384; x_wconf 87' lang='lat' dir='ltr'><strong>methodo</strong></span> <span class='ocrx_word' id='word_1_50' title='bbox 793 357 913 393; x_wconf 89' lang='lat' dir='ltr'><strong>expediri</strong></span> <span class='ocrx_word' id='word_1_51' title='bbox 932 365 995 393; x_wconf 89' lang='lat' dir='ltr'><strong>pos-</strong></span> 
     </span>
    </p>
   </div>
   <div class='ocr_carea' id='block_1_8' title="bbox 208 401 996 438">
    <p class='ocr_par' dir='ltr' id='par_1_8' title="bbox 208 401 996 438">
     <span class='ocr_line' id='line_1_9' title="bbox 208 401 996 438; baseline 0 -8"><span class='ocrx_word' id='word_1_52' title='bbox 208 402 278 436; x_wconf 88' lang='lat' dir='ltr'><strong>sint,</strong></span> <span class='ocrx_word' id='word_1_53' title='bbox 301 401 384 429; x_wconf 91' lang='lat' dir='ltr'><strong>unius</strong></span> <span class='ocrx_word' id='word_1_54' title='bbox 406 401 470 428; x_wconf 88' lang='lat' dir='ltr'><strong>anni</strong></span> <span class='ocrx_word' id='word_1_55' title='bbox 498 401 651 438; x_wconf 71' lang='grc' dir='ltr'>διαγραφὴν</span> <span class='ocrx_word' id='word_1_56' title='bbox 672 410 705 430; x_wconf 88' lang='lat' dir='ltr'><strong>ex</strong></span> <span class='ocrx_word' id='word_1_57' title='bbox 725 401 871 438; x_wconf 69' lang='lat' dir='ltr'><strong>Horologio</strong></span> <span class='ocrx_word' id='word_1_58' title='bbox 896 411 996 438; x_wconf 91' lang='lat' dir='ltr'><strong>propo-</strong></span> 
     </span>
    </p>
   </div>
   <div class='ocr_carea' id='block_1_9' title="bbox 207 455 317 476">
    <p class='ocr_par' dir='ltr' id='par_1_9' title="bbox 207 455 317 476">
     <span class='ocr_line' id='line_1_10' title="bbox 207 455 317 476; baseline 0.009 -1"><span class='ocrx_word' id='word_1_59' title='bbox 207 455 317 476; x_wconf 75' lang='lat' dir='ltr'><strong>nemus.</strong></span> 
     </span>
    </p>
   </div>
   <div class='ocr_carea' id='block_1_10' title="bbox 243 494 994 531">
    <p class='ocr_par' dir='ltr' id='par_1_10' title="bbox 243 494 994 531">
     <span class='ocr_line' id='line_1_11' title="bbox 243 494 994 531; baseline 0.001 -10"><span class='ocrx_word' id='word_1_60' title='bbox 243 495 339 526; x_wconf 85' lang='grc' dir='ltr'><strong>Ἐτους</strong></span> <span class='ocrx_word' id='word_1_61' title='bbox 362 494 428 530; x_wconf 81' lang='grc' dir='ltr'><strong>⁴ζμδ¹</strong></span> <span class='ocrx_word' id='word_1_62' title='bbox 459 494 620 526; x_wconf 73' lang='grc' dir='ltr'>ἰνδικτιῶνος</span> <span class='ocrx_word' id='word_1_63' title='bbox 650 494 672 521; x_wconf 85' lang='lat'><strong>0&#39;</strong></span> <span class='ocrx_word' id='word_1_64' title='bbox 686 502 693 509; x_wconf 84' lang='lat'><strong>&#39;</strong></span> <span class='ocrx_word' id='word_1_65' title='bbox 715 495 790 530; x_wconf 80' lang='grc' dir='ltr'>ἡλίου</span> <span class='ocrx_word' id='word_1_66' title='bbox 814 495 908 521; x_wconf 82' lang='grc' dir='ltr'>κύκλοι</span> <span class='ocrx_word' id='word_1_67' title='bbox 940 496 994 531; x_wconf 55' lang='grc' dir='ltr'><strong>ις’λ·</strong></span> 
     </span>
    </p>
   </div>
   <div class='ocr_carea' id='block_1_11' title="bbox 206 540 994 576">
    <p class='ocr_par' dir='ltr' id='par_1_11' title="bbox 206 540 994 576">
     <span class='ocr_line' id='line_1_12' title="bbox 206 540 994 576; baseline 0.001 -9"><span class='ocrx_word' id='word_1_68' title='bbox 206 541 354 576; x_wconf 84' lang='grc' dir='ltr'>φεγγαρίου</span> <span class='ocrx_word' id='word_1_69' title='bbox 380 541 473 568; x_wconf 78' lang='grc' dir='ltr'>κύκλοι</span> <span class='ocrx_word' id='word_1_70' title='bbox 495 541 534 568; x_wconf 81' lang='grc' dir='ltr'><strong>ιδ’.</strong></span> <span class='ocrx_word' id='word_1_71' title='bbox 568 541 601 567; x_wconf 82' lang='grc' dir='ltr'><strong><em>Ἠ</em></strong></span> <span class='ocrx_word' id='word_1_72' title='bbox 627 541 773 576; x_wconf 78' lang='grc' dir='ltr'>παραμονὴ</span> <span class='ocrx_word' id='word_1_73' title='bbox 796 540 850 567; x_wconf 80' lang='grc' dir='ltr'>τῶν</span> <span class='ocrx_word' id='word_1_74' title='bbox 876 541 994 576; x_wconf 82' lang='grc' dir='ltr'><strong>Χριστοῦ</strong></span> 
     </span>
    </p>
   </div>
   <div class='ocr_carea' id='block_1_12' title="bbox 206 586 997 624">
    <p class='ocr_par' dir='ltr' id='par_1_12' title="bbox 206 586 997 624">
     <span class='ocr_line' id='line_1_13' title="bbox 206 586 997 624; baseline 0 -11"><span class='ocrx_word' id='word_1_75' title='bbox 206 587 308 621; x_wconf 85' lang='grc' dir='ltr'>γεννῶν</span> <span class='ocrx_word' id='word_1_76' title='bbox 322 587 414 622; x_wconf 77' lang='grc' dir='ltr'>ἡμέρα</span> <span class='ocrx_word' id='word_1_77' title='bbox 435 591 479 624; x_wconf 68' lang='lat' dir='ltr'><strong>g’f</strong></span> <span class='ocrx_word' id='word_1_78' title='bbox 496 587 656 622; x_wconf 81' lang='grc' dir='ltr'><strong>κρεωφαγία</strong></span> <span class='ocrx_word' id='word_1_79' title='bbox 672 586 774 622; x_wconf 81' lang='grc' dir='ltr'><strong>ἡμέραι</strong></span> <span class='ocrx_word' id='word_1_80' title='bbox 795 588 842 618; x_wconf 77' lang='grc' dir='ltr'><strong>νζ¹.</strong></span> <span class='ocrx_word' id='word_1_81' title='bbox 860 587 896 613; x_wconf 80' lang='grc' dir='ltr'><strong>Τὸ</strong></span> <span class='ocrx_word' id='word_1_82' title='bbox 916 587 997 623; x_wconf 82' lang='grc' dir='ltr'>τριώ-</span> 
     </span>
    </p>
   </div>
   <div class='ocr_carea' id='block_1_13' title="bbox 205 632 996 668">
    <p class='ocr_par' dir='ltr' id='par_1_13' title="bbox 205 632 996 668">
     <span class='ocr_line' id='line_1_14' title="bbox 205 632 996 668; baseline 0 -10"><span class='ocrx_word' id='word_1_83' title='bbox 205 633 260 659; x_wconf 85' lang='grc' dir='ltr'>διον</span> <span class='ocrx_word' id='word_1_84' title='bbox 275 633 386 668; x_wconf 79' lang='grc' dir='ltr'>ἄρχεται</span> <span class='ocrx_word' id='word_1_85' title='bbox 399 632 570 668; x_wconf 77' lang='grc' dir='ltr'>Φεῦρουαρίῳ</span> <span class='ocrx_word' id='word_1_86' title='bbox 584 632 625 659; x_wconf 87' lang='grc' dir='ltr'><strong>ιο¹.</strong></span> <span class='ocrx_word' id='word_1_87' title='bbox 643 633 763 667; x_wconf 69' lang='grc' dir='ltr'>Νομικὺν</span> <span class='ocrx_word' id='word_1_88' title='bbox 777 633 872 667; x_wconf 80' lang='grc' dir='ltr'><strong>Πάσχα</strong></span> <span class='ocrx_word' id='word_1_89' title='bbox 887 633 996 668; x_wconf 78' lang='grc' dir='ltr'>Ἀπριλ-</span> 
     </span>
    </p>
   </div>
   <div class='ocr_carea' id='block_1_14' title="bbox 207 678 995 714">
    <p class='ocr_par' dir='ltr' id='par_1_14' title="bbox 207 678 995 714">
     <span class='ocr_line' id='line_1_15' title="bbox 207 678 995 714; baseline 0.001 -9"><span class='ocrx_word' id='word_1_90' title='bbox 207 679 256 714; x_wconf 79' lang='grc' dir='ltr'>λεῳ</span> <span class='ocrx_word' id='word_1_91' title='bbox 272 678 304 705; x_wconf 88' lang='grc' dir='ltr'><strong>θ’.</strong></span> <span class='ocrx_word' id='word_1_92' title='bbox 322 678 492 712; x_wconf 78' lang='grc' dir='ltr'>Χριστιανῶν</span> <span class='ocrx_word' id='word_1_93' title='bbox 519 679 613 713; x_wconf 80' lang='grc' dir='ltr'><strong>Πάσχα</strong></span> <span class='ocrx_word' id='word_1_94' title='bbox 632 678 780 713; x_wconf 79' lang='grc' dir='ltr'><strong>Ἀπριλλίῳ</strong></span> <span class='ocrx_word' id='word_1_95' title='bbox 796 682 844 710; x_wconf 77' lang='grc' dir='ltr'><strong>ις’.</strong></span> <span class='ocrx_word' id='word_1_96' title='bbox 869 679 995 714; x_wconf 83' lang='grc' dir='ltr'>Κυριακὴ</span> 
     </span>
    </p>
   </div>
   <div class='ocr_carea' id='block_1_15' title="bbox 207 723 995 759">
    <p class='ocr_par' dir='ltr' id='par_1_15' title="bbox 207 723 995 759">
     <span class='ocr_line' id='line_1_16' title="bbox 207 723 995 759; baseline 0.001 -9"><span class='ocrx_word' id='word_1_97' title='bbox 207 723 260 750; x_wconf 84' lang='grc' dir='ltr'><strong>τῶν</strong></span> <span class='ocrx_word' id='word_1_98' title='bbox 293 723 390 757; x_wconf 76' lang='grc' dir='ltr'>Ἀγίων</span> <span class='ocrx_word' id='word_1_99' title='bbox 414 724 522 750; x_wconf 81' lang='grc' dir='ltr'>πάντων</span> <span class='ocrx_word' id='word_1_100' title='bbox 551 723 651 758; x_wconf 80' lang='grc' dir='ltr'><strong>Ἰουνὶῳ</strong></span> <span class='ocrx_word' id='word_1_101' title='bbox 673 727 723 749; x_wconf 74' lang='grc' dir='ltr'>ια’·</span> <span class='ocrx_word' id='word_1_102' title='bbox 753 724 770 758; x_wconf 85' lang='grc' dir='ltr'><strong>ἡ</strong></span> <span class='ocrx_word' id='word_1_103' title='bbox 799 723 910 759; x_wconf 78' lang='grc' dir='ltr'>νηστεία</span> <span class='ocrx_word' id='word_1_104' title='bbox 942 724 995 751; x_wconf 79' lang='grc' dir='ltr'><strong>τῶν</strong></span> 
     </span>
    </p>
   </div>
   <div class='ocr_carea' id='block_1_16' title="bbox 207 769 648 805">
    <p class='ocr_par' dir='ltr' id='par_1_16' title="bbox 207 769 648 805">
     <span class='ocr_line' id='line_1_17' title="bbox 207 769 648 805; baseline -0.002 -9"><span class='ocrx_word' id='word_1_105' title='bbox 207 770 292 804; x_wconf 78' lang='grc' dir='ltr'>ἁγίων</span> <span class='ocrx_word' id='word_1_106' title='bbox 307 769 473 801; x_wconf 79' lang='grc' dir='ltr'>ἀποστόλων,</span> <span class='ocrx_word' id='word_1_107' title='bbox 486 769 588 805; x_wconf 83' lang='grc' dir='ltr'>ἡμέραι</span> <span class='ocrx_word' id='word_1_108' title='bbox 605 769 648 801; x_wconf 79' lang='grc' dir='ltr'><strong>ιζ’.</strong></span> 
     </span>
    </p>
   </div>
   <div class='ocr_carea' id='block_1_17' title="bbox 245 815 996 851">
    <p class='ocr_par' dir='ltr' id='par_1_17' title="bbox 245 815 996 851">
     <span class='ocr_line' id='line_1_18' title="bbox 245 815 996 851; baseline 0.001 -10"><span class='ocrx_word' id='word_1_109' title='bbox 245 825 255 841; x_wconf 84' lang='grc'><strong><em>‹</em></strong></span> <span class='ocrx_word' id='word_1_110' title='bbox 270 816 350 843; x_wconf 84' lang='lat' dir='ltr'><strong>Anno</strong></span> <span class='ocrx_word' id='word_1_111' title='bbox 371 816 449 847; x_wconf 38' lang='lat' dir='ltr'><strong>70AM,</strong></span> <span class='ocrx_word' id='word_1_112' title='bbox 466 816 616 842; x_wconf 76' lang='lat' dir='ltr'><strong>indictione</strong></span> <span class='ocrx_word' id='word_1_113' title='bbox 630 823 668 847; x_wconf 75' lang='lat' dir='ltr'><strong>is,</strong></span> <span class='ocrx_word' id='word_1_114' title='bbox 687 815 753 844; x_wconf 92' lang='lat' dir='ltr'><strong>solis</strong></span> <span class='ocrx_word' id='word_1_115' title='bbox 772 815 841 851; x_wconf 82' lang='lat' dir='ltr'><strong>cycli</strong></span> <span class='ocrx_word' id='word_1_116' title='bbox 857 823 912 847; x_wconf 82' lang='lat' dir='ltr'><strong>xvt,</strong></span> <span class='ocrx_word' id='word_1_117' title='bbox 926 815 996 842; x_wconf 71' lang='lat' dir='ltr'><strong>luna:</strong></span> 
     </span>
    </p>
   </div>
   <div class='ocr_carea' id='block_1_18' title="bbox 208 862 993 897">
    <p class='ocr_par' dir='ltr' id='par_1_18' title="bbox 208 862 993 897">
     <span class='ocr_line' id='line_1_19' title="bbox 208 862 993 897; baseline 0 -9"><span class='ocrx_word' id='word_1_118' title='bbox 208 869 264 894; x_wconf 83' lang='lat' dir='ltr'><strong>xw,</strong></span> <span class='ocrx_word' id='word_1_119' title='bbox 279 863 446 897; x_wconf 73' lang='lat' dir='ltr'><strong>exspectatio</strong></span> <span class='ocrx_word' id='word_1_120' title='bbox 468 862 568 889; x_wconf 87' lang='lat' dir='ltr'><strong>natalis</strong></span> <span class='ocrx_word' id='word_1_121' title='bbox 582 862 693 896; x_wconf 80' lang='lat' dir='ltr'><strong>Christi,</strong></span> <span class='ocrx_word' id='word_1_122' title='bbox 719 862 785 890; x_wconf 80' lang='lat' dir='ltr'><strong>feria</strong></span> <span class='ocrx_word' id='word_1_123' title='bbox 804 870 831 888; x_wconf 82' lang='lat' dir='ltr'><strong>vr</strong></span> <span class='ocrx_word' id='word_1_124' title='bbox 843 882 851 894; x_wconf 92' lang='lat'><strong>,</strong></span> <span class='ocrx_word' id='word_1_125' title='bbox 870 863 993 889; x_wconf 89' lang='lat' dir='ltr'><strong>carnium</strong></span> 
     </span>
    </p>
   </div>
   <div class='ocr_carea' id='block_1_19' title="bbox 207 896 1031 944">
    <p class='ocr_par' dir='ltr' id='par_1_19' title="bbox 207 896 1031 944">
     <span class='ocr_line' id='line_1_20' title="bbox 207 896 1031 944; baseline 0 -9"><span class='ocrx_word' id='word_1_126' title='bbox 207 916 272 936; x_wconf 89' lang='lat' dir='ltr'><strong>esus</strong></span> <span class='ocrx_word' id='word_1_127' title='bbox 285 896 381 935; x_wconf 88' lang='lat' dir='ltr'><strong>diebus</strong></span> <span class='ocrx_word' id='word_1_128' title='bbox 397 916 460 935; x_wconf 83' lang='lat' dir='ltr'><strong>Lvu.</strong></span> <span class='ocrx_word' id='word_1_129' title='bbox 485 907 625 935; x_wconf 92' lang='lat' dir='ltr'><strong>Triodium</strong></span> <span class='ocrx_word' id='word_1_130' title='bbox 653 909 749 944; x_wconf 84' lang='lat' dir='ltr'><strong>incipit</strong></span> <span class='ocrx_word' id='word_1_131' title='bbox 773 908 915 936; x_wconf 80' lang='lat' dir='ltr'><strong>Februarii</strong></span> <span class='ocrx_word' id='word_1_132' title='bbox 937 916 992 935; x_wconf 78' lang='lat' dir='ltr'><strong>xu.</strong></span> <span class='ocrx_word' id='word_1_133' title='bbox 1009 896 1031 925; x_wconf 73' lang='grc' dir='ltr'><strong>Β</strong></span> 
     </span>
    </p>
   </div>
   <div class='ocr_carea' id='block_1_20' title="bbox 209 953 995 988">
    <p class='ocr_par' dir='ltr' id='par_1_20' title="bbox 209 953 995 988">
     <span class='ocr_line' id='line_1_21' title="bbox 209 953 995 988; baseline 0 -8"><span class='ocrx_word' id='word_1_134' title='bbox 209 953 307 988; x_wconf 73' lang='lat' dir='ltr'><strong>Legale</strong></span> <span class='ocrx_word' id='word_1_135' title='bbox 334 953 438 980; x_wconf 80' lang='lat' dir='ltr'><strong>Pascha</strong></span> <span class='ocrx_word' id='word_1_136' title='bbox 452 953 552 988; x_wconf 86' lang='lat' dir='ltr'><strong>Aprilis</strong></span> <span class='ocrx_word' id='word_1_137' title='bbox 579 961 615 980; x_wconf 85' lang='lat' dir='ltr'><strong>Ix.</strong></span> <span class='ocrx_word' id='word_1_138' title='bbox 645 953 861 981; x_wconf 86' lang='lat' dir='ltr'><strong>Christianorum</strong></span> <span class='ocrx_word' id='word_1_139' title='bbox 891 953 995 981; x_wconf 77' lang='lat' dir='ltr'><strong>Pascha</strong></span> 
     </span>
    </p>
   </div>
   <div class='ocr_carea' id='block_1_21' title="bbox 208 998 993 1035">
    <p class='ocr_par' dir='ltr' id='par_1_21' title="bbox 208 998 993 1035">
     <span class='ocr_line' id='line_1_22' title="bbox 208 998 993 1035; baseline -0.001 -9"><span class='ocrx_word' id='word_1_140' title='bbox 208 1000 310 1035; x_wconf 83' lang='lat' dir='ltr'><strong>Aprilis</strong></span> <span class='ocrx_word' id='word_1_141' title='bbox 324 1007 380 1026; x_wconf 81' lang='lat' dir='ltr'><strong>va.</strong></span> <span class='ocrx_word' id='word_1_142' title='bbox 396 999 537 1026; x_wconf 88' lang='lat' dir='ltr'><strong>Dominica</strong></span> <span class='ocrx_word' id='word_1_143' title='bbox 552 998 715 1026; x_wconf 88' lang='lat' dir='ltr'><strong>Sanctorum</strong></span> <span class='ocrx_word' id='word_1_144' title='bbox 730 1000 850 1026; x_wconf 88' lang='lat' dir='ltr'><strong>omnium</strong></span> <span class='ocrx_word' id='word_1_145' title='bbox 866 999 939 1026; x_wconf 81' lang='lat' dir='ltr'><strong>Junii</strong></span> <span class='ocrx_word' id='word_1_146' title='bbox 957 1007 993 1026; x_wconf 82' lang='lat' dir='ltr'><strong>xi.</strong></span> 
     </span>
    </p>
   </div>
   <div class='ocr_carea' id='block_1_22' title="bbox 208 1045 905 1081">
    <p class='ocr_par' dir='ltr' id='par_1_22' title="bbox 208 1045 905 1081">
     <span class='ocr_line' id='line_1_23' title="bbox 208 1045 905 1081; baseline -0.003 -8"><span class='ocrx_word' id='word_1_147' title='bbox 208 1045 345 1081; x_wconf 85' lang='lat' dir='ltr'><strong>Jejunium</strong></span> <span class='ocrx_word' id='word_1_148' title='bbox 362 1050 518 1073; x_wconf 87' lang='lat' dir='ltr'><strong>sanctorum</strong></span> <span class='ocrx_word' id='word_1_149' title='bbox 530 1046 735 1080; x_wconf 77' lang='lat' dir='ltr'><strong>Apostolorum,</strong></span> <span class='ocrx_word' id='word_1_150' title='bbox 752 1045 811 1072; x_wconf 89' lang='lat' dir='ltr'><strong>dies</strong></span> <span class='ocrx_word' id='word_1_151' title='bbox 825 1053 905 1072; x_wconf 65' lang='lat' dir='ltr'><strong>xvn.»</strong></span> 
     </span>
    </p>
   </div>
   <div class='ocr_carea' id='block_1_23' title="bbox 244 1090 996 1125">
    <p class='ocr_par' dir='ltr' id='par_1_23' title="bbox 244 1090 996 1125">
     <span class='ocr_line' id='line_1_24' title="bbox 244 1090 996 1125; baseline 0 -8"><span class='ocrx_word' id='word_1_152' title='bbox 244 1091 291 1118; x_wconf 85' lang='lat' dir='ltr'><strong>Est</strong></span> <span class='ocrx_word' id='word_1_153' title='bbox 309 1091 355 1118; x_wconf 90' lang='lat' dir='ltr'><strong>hic</strong></span> <span class='ocrx_word' id='word_1_154' title='bbox 379 1098 468 1118; x_wconf 90' lang='lat' dir='ltr'><strong>annus</strong></span> <span class='ocrx_word' id='word_1_155' title='bbox 493 1090 596 1118; x_wconf 87' lang='lat' dir='ltr'><strong>Christi</strong></span> <span class='ocrx_word' id='word_1_156' title='bbox 622 1091 701 1123; x_wconf 73' lang='grc'><strong>1556,</strong></span> <span class='ocrx_word' id='word_1_157' title='bbox 724 1095 752 1117; x_wconf 85' lang='grc' dir='ltr'><strong>ιιι</strong></span> <span class='ocrx_word' id='word_1_158' title='bbox 772 1096 894 1125; x_wconf 82' lang='lat' dir='ltr'><strong>apparet,</strong></span> <span class='ocrx_word' id='word_1_159' title='bbox 917 1091 940 1118; x_wconf 91' lang='lat' dir='ltr'><strong>si</strong></span> <span class='ocrx_word' id='word_1_160' title='bbox 963 1091 996 1118; x_wconf 79' lang='lat' dir='ltr'><strong>de.</strong></span> 
     </span>
    </p>
   </div>
   <div class='ocr_carea' id='block_1_24' title="bbox 211 1134 996 1171">
    <p class='ocr_par' dir='ltr' id='par_1_24' title="bbox 211 1134 996 1171">
     <span class='ocr_line' id='line_1_25' title="bbox 211 1134 996 1171; baseline -0.001 -8"><span class='ocrx_word' id='word_1_161' title='bbox 211 1136 279 1164; x_wconf 69' lang='lat' dir='ltr'><strong>70H</strong></span> <span class='ocrx_word' id='word_1_162' title='bbox 295 1136 465 1164; x_wconf 83' lang='lat' dir='ltr'><strong>deducantur</strong></span> <span class='ocrx_word' id='word_1_163' title='bbox 486 1136 567 1163; x_wconf 78' lang='lat'><strong>5508.</strong></span> <span class='ocrx_word' id='word_1_164' title='bbox 580 1135 680 1171; x_wconf 87' lang='lat' dir='ltr'><strong>Cyclus</strong></span> <span class='ocrx_word' id='word_1_165' title='bbox 695 1139 753 1163; x_wconf 89' lang='lat' dir='ltr'><strong>erat</strong></span> <span class='ocrx_word' id='word_1_166' title='bbox 771 1134 910 1162; x_wconf 73' lang='lat' dir='ltr'><strong>Roxnanus</strong></span> <span class='ocrx_word' id='word_1_167' title='bbox 925 1136 996 1163; x_wconf 88' lang='lat' dir='ltr'><strong>sola-</strong></span> 
     </span>
    </p>
   </div>
   <div class='ocr_carea' id='block_1_25' title="bbox 209 1181 994 1215">
    <p class='ocr_par' dir='ltr' id='par_1_25' title="bbox 209 1181 994 1215">
     <span class='ocr_line' id='line_1_26' title="bbox 209 1181 994 1215; baseline -0.003 -5"><span class='ocrx_word' id='word_1_168' title='bbox 209 1183 249 1210; x_wconf 87' lang='lat' dir='ltr'><strong>ris</strong></span> <span class='ocrx_word' id='word_1_169' title='bbox 270 1190 298 1215; x_wconf 88' lang='lat' dir='ltr'><strong>v,</strong></span> <span class='ocrx_word' id='word_1_170' title='bbox 329 1183 426 1210; x_wconf 72' lang='lat' dir='ltr'><strong>litterae</strong></span> <span class='ocrx_word' id='word_1_171' title='bbox 454 1181 508 1214; x_wconf 87' lang='lat' dir='ltr'><strong>BA,</strong></span> <span class='ocrx_word' id='word_1_172' title='bbox 533 1181 604 1208; x_wconf 76' lang='lat' dir='ltr'><strong>lunae</strong></span> <span class='ocrx_word' id='word_1_173' title='bbox 621 1190 676 1208; x_wconf 85' lang='lat' dir='ltr'><strong>xiv.</strong></span> <span class='ocrx_word' id='word_1_174' title='bbox 704 1182 782 1208; x_wconf 82' lang='lat' dir='ltr'><strong>Anno</strong></span> <span class='ocrx_word' id='word_1_175' title='bbox 809 1181 994 1213; x_wconf 85' lang='lat' dir='ltr'><strong>antecedente,</strong></span> 
     </span>
    </p>
   </div>
   <div class='ocr_carea' id='block_1_26' title="bbox 211 1226 995 1264">
    <p class='ocr_par' dir='ltr' id='par_1_26' title="bbox 211 1226 995 1264">
     <span class='ocr_line' id='line_1_27' title="bbox 211 1226 995 1264; baseline -0.003 -9"><span class='ocrx_word' id='word_1_176' title='bbox 211 1228 281 1255; x_wconf 63' lang='lat'><strong>1555</strong></span> <span class='ocrx_word' id='word_1_177' title='bbox 303 1229 379 1264; x_wconf 81' lang='lat' dir='ltr'><strong>cyclo</strong></span> <span class='ocrx_word' id='word_1_178' title='bbox 396 1227 520 1255; x_wconf 79' lang='lat' dir='ltr'><strong>Romano</strong></span> <span class='ocrx_word' id='word_1_179' title='bbox 535 1236 561 1255; x_wconf 83' lang='lat' dir='ltr'><strong>iv</strong></span> <span class='ocrx_word' id='word_1_180' title='bbox 575 1228 667 1254; x_wconf 84' lang='lat' dir='ltr'><strong>littera</strong></span> <span class='ocrx_word' id='word_1_181' title='bbox 679 1232 737 1254; x_wconf 87' lang='lat' dir='ltr'><strong>erat</strong></span> <span class='ocrx_word' id='word_1_182' title='bbox 749 1226 770 1254; x_wconf 88' lang='lat' dir='ltr'><strong>C</strong></span> <span class='ocrx_word' id='word_1_183' title='bbox 788 1235 794 1252; x_wconf 91' lang='lat'><strong>:</strong></span> <span class='ocrx_word' id='word_1_184' title='bbox 809 1227 869 1254; x_wconf 91' lang='lat' dir='ltr'><strong>ideo</strong></span> <span class='ocrx_word' id='word_1_185' title='bbox 883 1226 949 1254; x_wconf 81' lang='lat' dir='ltr'><strong>feria</strong></span> <span class='ocrx_word' id='word_1_186' title='bbox 969 1235 995 1254; x_wconf 84' lang='lat' dir='ltr'><strong>vi</strong></span> 
     </span>
    </p>
   </div>
   <div class='ocr_carea' id='block_1_27' title="bbox 212 1274 997 1309">
    <p class='ocr_par' dir='ltr' id='par_1_27' title="bbox 212 1274 997 1309">
     <span class='ocr_line' id='line_1_28' title="bbox 212 1274 997 1309; baseline -0.003 -7"><span class='ocrx_word' id='word_1_187' title='bbox 212 1274 367 1302; x_wconf 88' lang='lat' dir='ltr'><strong>Decembris</strong></span> <span class='ocrx_word' id='word_1_188' title='bbox 381 1282 456 1302; x_wconf 83' lang='lat' dir='ltr'><strong>xxtv.</strong></span> <span class='ocrx_word' id='word_1_189' title='bbox 470 1274 571 1302; x_wconf 86' lang='lat' dir='ltr'><strong>Divisis</strong></span> <span class='ocrx_word' id='word_1_190' title='bbox 589 1274 658 1301; x_wconf 78' lang='lat' dir='ltr'><strong>70M</strong></span> <span class='ocrx_word' id='word_1_191' title='bbox 682 1282 729 1309; x_wconf 89' lang='lat' dir='ltr'><strong>per</strong></span> <span class='ocrx_word' id='word_1_192' title='bbox 750 1277 934 1308; x_wconf 85' lang='lat' dir='ltr'><strong>competentes</strong></span> <span class='ocrx_word' id='word_1_193' title='bbox 951 1281 997 1309; x_wconf 85' lang='lat' dir='ltr'><strong>cy-</strong></span> 
     </span>
    </p>
   </div>
   <div class='ocr_carea' id='block_1_28' title="bbox 211 1319 995 1355">
    <p class='ocr_par' dir='ltr' id='par_1_28' title="bbox 211 1319 995 1355">
     <span class='ocr_line' id='line_1_29' title="bbox 211 1319 995 1355; baseline -0.003 -8"><span class='ocrx_word' id='word_1_194' title='bbox 211 1321 280 1352; x_wconf 88' lang='lat' dir='ltr'><strong>clos,</strong></span> <span class='ocrx_word' id='word_1_195' title='bbox 297 1319 416 1355; x_wconf 92' lang='lat' dir='ltr'><strong>prodibit</strong></span> <span class='ocrx_word' id='word_1_196' title='bbox 431 1320 497 1348; x_wconf 91' lang='lat' dir='ltr'><strong>solis</strong></span> <span class='ocrx_word' id='word_1_197' title='bbox 512 1328 568 1352; x_wconf 82' lang='lat' dir='ltr'><strong>xvi,</strong></span> <span class='ocrx_word' id='word_1_198' title='bbox 587 1320 658 1346; x_wconf 68' lang='lat' dir='ltr'><strong>lunae</strong></span> <span class='ocrx_word' id='word_1_199' title='bbox 674 1327 729 1352; x_wconf 85' lang='lat' dir='ltr'><strong>xiv,</strong></span> <span class='ocrx_word' id='word_1_200' title='bbox 751 1324 854 1354; x_wconf 64' lang='lat' dir='ltr'><strong>epactaa</strong></span> <span class='ocrx_word' id='word_1_201' title='bbox 871 1320 941 1346; x_wconf 67' lang='lat' dir='ltr'><strong>luna:</strong></span> <span class='ocrx_word' id='word_1_202' title='bbox 958 1327 995 1346; x_wconf 84' lang='lat' dir='ltr'><strong>iv.</strong></span> 
     </span>
    </p>
   </div>
   <div class='ocr_carea' id='block_1_29' title="bbox 210 1365 997 1400">
    <p class='ocr_par' dir='ltr' id='par_1_29' title="bbox 210 1365 997 1400">
     <span class='ocr_line' id='line_1_30' title="bbox 210 1365 997 1400; baseline -0.001 -8"><span class='ocrx_word' id='word_1_203' title='bbox 210 1365 285 1394; x_wconf 88' lang='lat' dir='ltr'><strong>Adde</strong></span> <span class='ocrx_word' id='word_1_204' title='bbox 301 1374 334 1393; x_wconf 87' lang='lat' dir='ltr'><strong>xt.</strong></span> <span class='ocrx_word' id='word_1_205' title='bbox 347 1366 416 1398; x_wconf 88' lang='lat' dir='ltr'><strong>dies,</strong></span> <span class='ocrx_word' id='word_1_206' title='bbox 433 1370 459 1393; x_wconf 91' lang='lat' dir='ltr'><strong>et</strong></span> <span class='ocrx_word' id='word_1_207' title='bbox 479 1365 610 1393; x_wconf 89' lang='lat' dir='ltr'><strong>detractis</strong></span> <span class='ocrx_word' id='word_1_208' title='bbox 624 1365 720 1393; x_wconf 91' lang='lat' dir='ltr'><strong>diebus</strong></span> <span class='ocrx_word' id='word_1_209' title='bbox 743 1365 843 1396; x_wconf 82' lang='lat' dir='ltr'><strong>Martii,</strong></span> <span class='ocrx_word' id='word_1_210' title='bbox 861 1365 997 1400; x_wconf 89' lang='lat' dir='ltr'><strong>relinque-</strong></span> 
     </span>
    </p>
   </div>
   <div class='ocr_carea' id='block_1_30' title="bbox 210 1410 995 1446">
    <p class='ocr_par' dir='ltr' id='par_1_30' title="bbox 210 1410 995 1446">
     <span class='ocr_line' id='line_1_31' title="bbox 210 1410 995 1446; baseline 0 -8"><span class='ocrx_word' id='word_1_211' title='bbox 210 1415 256 1438; x_wconf 90' lang='lat' dir='ltr'><strong>tur</strong></span> <span class='ocrx_word' id='word_1_212' title='bbox 279 1419 369 1438; x_wconf 91' lang='lat' dir='ltr'><strong>nonus</strong></span> <span class='ocrx_word' id='word_1_213' title='bbox 391 1411 503 1446; x_wconf 87' lang='lat' dir='ltr'><strong>Aprilis,</strong></span> <span class='ocrx_word' id='word_1_214' title='bbox 526 1418 581 1446; x_wconf 92' lang='lat' dir='ltr'><strong>quo</strong></span> <span class='ocrx_word' id='word_1_215' title='bbox 610 1411 744 1438; x_wconf 86' lang='lat' dir='ltr'><strong>terminus</strong></span> <span class='ocrx_word' id='word_1_216' title='bbox 769 1410 910 1438; x_wconf 86' lang='lat' dir='ltr'><strong>Paschalis</strong></span> <span class='ocrx_word' id='word_1_217' title='bbox 934 1410 995 1438; x_wconf 77' lang='lat' dir='ltr'><strong>fuit.</strong></span> 
     </span>
    </p>
   </div>
   <div class='ocr_carea' id='block_1_31' title="bbox 210 1456 994 1493">
    <p class='ocr_par' dir='ltr' id='par_1_31' title="bbox 210 1456 994 1493">
     <span class='ocr_line' id='line_1_32' title="bbox 210 1456 994 1493; baseline -0.001 -8"><span class='ocrx_word' id='word_1_218' title='bbox 210 1457 413 1486; x_wconf 88' lang='lat' dir='ltr'><strong>Concurrentes</strong></span> <span class='ocrx_word' id='word_1_219' title='bbox 423 1461 501 1485; x_wconf 88' lang='lat' dir='ltr'><strong>erant</strong></span> <span class='ocrx_word' id='word_1_220' title='bbox 511 1457 588 1493; x_wconf 85' lang='lat' dir='ltr'><strong>cyclo</strong></span> <span class='ocrx_word' id='word_1_221' title='bbox 599 1457 665 1485; x_wconf 88' lang='lat' dir='ltr'><strong>solis</strong></span> <span class='ocrx_word' id='word_1_222' title='bbox 679 1456 786 1484; x_wconf 87' lang='lat' dir='ltr'><strong>decimo</strong></span> <span class='ocrx_word' id='word_1_223' title='bbox 803 1460 880 1484; x_wconf 80' lang='lat' dir='ltr'><strong>sexto</strong></span> <span class='ocrx_word' id='word_1_224' title='bbox 896 1465 923 1488; x_wconf 91' lang='lat' dir='ltr'><strong>v,</strong></span> <span class='ocrx_word' id='word_1_225' title='bbox 933 1464 994 1492; x_wconf 65' lang='lat' dir='ltr'><strong>quae</strong></span> 
     </span>
    </p>
   </div>
   <div class='ocr_carea' id='block_1_32' title="bbox 211 1503 995 1543">
    <p class='ocr_par' dir='ltr' id='par_1_32' title="bbox 211 1503 995 1543">
     <span class='ocr_line' id='line_1_33' title="bbox 211 1503 995 1543; baseline 0 -13"><span class='ocrx_word' id='word_1_226' title='bbox 211 1511 273 1531; x_wconf 88' lang='lat' dir='ltr'><strong>cum</strong></span> <span class='ocrx_word' id='word_1_227' title='bbox 294 1503 412 1538; x_wconf 68' lang='lat' dir='ltr'><strong>regulari</strong></span> <span class='ocrx_word' id='word_1_228' title='bbox 434 1503 547 1543; x_wconf 51' lang='lat' dir='ltr'><strong>Aprilis:</strong></span> <span class='ocrx_word' id='word_1_229' title='bbox 560 1504 585 1536; x_wconf 81' lang='grc' dir='ltr'><strong>Ι,</strong></span> <span class='ocrx_word' id='word_1_230' title='bbox 601 1508 628 1531; x_wconf 90' lang='lat' dir='ltr'><strong>et</strong></span> <span class='ocrx_word' id='word_1_231' title='bbox 642 1503 658 1531; x_wconf 88' lang='lat'><strong>9</strong></span> <span class='ocrx_word' id='word_1_232' title='bbox 669 1504 775 1537; x_wconf 89' lang='lat' dir='ltr'><strong>diebus,</strong></span> <span class='ocrx_word' id='word_1_233' title='bbox 802 1503 922 1531; x_wconf 86' lang='lat' dir='ltr'><strong>elIiciunt</strong></span> <span class='ocrx_word' id='word_1_234' title='bbox 937 1503 971 1531; x_wconf 82' lang='lat'><strong>15</strong></span> <span class='ocrx_word' id='word_1_235' title='bbox 988 1513 995 1530; x_wconf 92' lang='lat'><strong><em>:</em></strong></span> 
     </span>
    </p>
   </div>
   <div class='ocr_carea' id='block_1_33' title="bbox 210 1547 996 1584">
    <p class='ocr_par' dir='ltr' id='par_1_33' title="bbox 210 1547 996 1584">
     <span class='ocr_line' id='line_1_34' title="bbox 210 1547 996 1584; baseline 0.001 -9"><span class='ocrx_word' id='word_1_236' title='bbox 210 1548 341 1576; x_wconf 85' lang='lat' dir='ltr'><strong>detractis</strong></span> <span class='ocrx_word' id='word_1_237' title='bbox 357 1547 373 1574; x_wconf 86' lang='grc'><strong>7</strong></span> <span class='ocrx_word' id='word_1_238' title='bbox 385 1548 494 1576; x_wconf 89' lang='lat' dir='ltr'><strong>residua</strong></span> <span class='ocrx_word' id='word_1_239' title='bbox 509 1551 551 1576; x_wconf 86' lang='lat' dir='ltr'><strong>est</strong></span> <span class='ocrx_word' id='word_1_240' title='bbox 564 1548 632 1576; x_wconf 79' lang='lat' dir='ltr'><strong>feria</strong></span> <span class='ocrx_word' id='word_1_241' title='bbox 651 1550 750 1584; x_wconf 89' lang='lat' dir='ltr'><strong>prima,</strong></span> <span class='ocrx_word' id='word_1_242' title='bbox 763 1549 790 1575; x_wconf 95' lang='lat' dir='ltr'><strong>in</strong></span> <span class='ocrx_word' id='word_1_243' title='bbox 805 1556 886 1584; x_wconf 89' lang='lat' dir='ltr'><strong>quam</strong></span> <span class='ocrx_word' id='word_1_244' title='bbox 901 1550 996 1577; x_wconf 88' lang='lat' dir='ltr'><strong>termi-</strong></span> 
     </span>
    </p>
   </div>
   <div class='ocr_carea' id='block_1_34' title="bbox 211 1593 996 1631">
    <p class='ocr_par' dir='ltr' id='par_1_34' title="bbox 211 1593 996 1631">
     <span class='ocr_line' id='line_1_35' title="bbox 211 1593 996 1631; baseline 0.003 -10"><span class='ocrx_word' id='word_1_245' title='bbox 211 1602 264 1622; x_wconf 85' lang='lat' dir='ltr'><strong>nus</strong></span> <span class='ocrx_word' id='word_1_246' title='bbox 290 1594 397 1622; x_wconf 86' lang='lat' dir='ltr'><strong>incidit.</strong></span> <span class='ocrx_word' id='word_1_247' title='bbox 416 1593 479 1623; x_wconf 85' lang='lat' dir='ltr'><strong>ideo</strong></span> <span class='ocrx_word' id='word_1_248' title='bbox 499 1594 606 1623; x_wconf 85' lang='lat' dir='ltr'><strong>Pascha</strong></span> <span class='ocrx_word' id='word_1_249' title='bbox 634 1599 810 1631; x_wconf 69' lang='lat' dir='ltr'><strong>prorogatum</strong></span> <span class='ocrx_word' id='word_1_250' title='bbox 833 1599 876 1623; x_wconf 88' lang='lat' dir='ltr'><strong>est</strong></span> <span class='ocrx_word' id='word_1_251' title='bbox 900 1595 928 1622; x_wconf 94' lang='lat' dir='ltr'><strong>in</strong></span> <span class='ocrx_word' id='word_1_252' title='bbox 951 1604 996 1623; x_wconf 84' lang='lat' dir='ltr'><strong>xvr</strong></span> 
     </span>
    </p>
   </div>
   <div class='ocr_carea' id='block_1_35' title="bbox 210 1639 998 1676">
    <p class='ocr_par' dir='ltr' id='par_1_35' title="bbox 210 1639 998 1676">
     <span class='ocr_line' id='line_1_36' title="bbox 210 1639 998 1676; baseline 0.004 -10"><span class='ocrx_word' id='word_1_253' title='bbox 210 1639 322 1674; x_wconf 86' lang='lat' dir='ltr'><strong>Aprilis.</strong></span> <span class='ocrx_word' id='word_1_254' title='bbox 337 1639 396 1666; x_wconf 89' lang='lat' dir='ltr'><strong>Jam</strong></span> <span class='ocrx_word' id='word_1_255' title='bbox 418 1640 442 1668; x_wconf 88' lang='lat' dir='ltr'><strong>si</strong></span> <span class='ocrx_word' id='word_1_256' title='bbox 463 1640 496 1668; x_wconf 91' lang='lat' dir='ltr'><strong>de</strong></span> <span class='ocrx_word' id='word_1_257' title='bbox 511 1641 614 1676; x_wconf 87' lang='lat' dir='ltr'><strong>Aprilis</strong></span> <span class='ocrx_word' id='word_1_258' title='bbox 631 1648 676 1667; x_wconf 84' lang='lat' dir='ltr'><strong>xvi</strong></span> <span class='ocrx_word' id='word_1_259' title='bbox 692 1640 748 1674; x_wconf 84' lang='lat' dir='ltr'><strong>die,</strong></span> <span class='ocrx_word' id='word_1_260' title='bbox 767 1641 794 1668; x_wconf 93' lang='lat' dir='ltr'><strong>id</strong></span> <span class='ocrx_word' id='word_1_261' title='bbox 811 1645 852 1668; x_wconf 93' lang='lat' dir='ltr'><strong>est</strong></span> <span class='ocrx_word' id='word_1_262' title='bbox 863 1641 897 1669; x_wconf 91' lang='lat' dir='ltr'><strong>de</strong></span> <span class='ocrx_word' id='word_1_263' title='bbox 911 1641 962 1669; x_wconf 77' lang='grc' dir='ltr'><strong>1οῚ</strong></span> <span class='ocrx_word' id='word_1_264' title='bbox 982 1651 998 1670; x_wconf 92' lang='lat' dir='ltr'><strong>a</strong></span> 
     </span>
    </p>
   </div>
   <div class='ocr_carea' id='block_1_36' title="bbox 212 1685 996 1724">
    <p class='ocr_par' dir='ltr' id='par_1_36' title="bbox 212 1685 996 1724">
     <span class='ocr_line' id='line_1_37' title="bbox 212 1685 996 1724; baseline 0.004 -12"><span class='ocrx_word' id='word_1_265' title='bbox 212 1685 339 1713; x_wconf 82' lang='lat' dir='ltr'><strong>Kalendis</strong></span> <span class='ocrx_word' id='word_1_266' title='bbox 363 1685 502 1714; x_wconf 90' lang='lat' dir='ltr'><strong>Januariis</strong></span> <span class='ocrx_word' id='word_1_267' title='bbox 530 1686 597 1721; x_wconf 81' lang='lat' dir='ltr'><strong>(fuit</strong></span> <span class='ocrx_word' id='word_1_268' title='bbox 625 1686 698 1714; x_wconf 89' lang='lat' dir='ltr'><strong>enim</strong></span> <span class='ocrx_word' id='word_1_269' title='bbox 727 1686 861 1714; x_wconf 76' lang='lat' dir='ltr'><strong>bisextilis</strong></span> <span class='ocrx_word' id='word_1_270' title='bbox 888 1688 996 1724; x_wconf 88' lang='lat' dir='ltr'><strong>annus)</strong></span> 
     </span>
    </p>
   </div>
   <div class='ocr_carea' id='block_1_37' title="bbox 212 1731 998 1767">
    <p class='ocr_par' dir='ltr' id='par_1_37' title="bbox 212 1731 998 1767">
     <span class='ocr_line' id='line_1_38' title="bbox 212 1731 998 1767; baseline 0.001 -8"><span class='ocrx_word' id='word_1_271' title='bbox 212 1731 357 1760; x_wconf 85' lang='lat' dir='ltr'><strong>subtrahas</strong></span> <span class='ocrx_word' id='word_1_272' title='bbox 384 1732 429 1766; x_wconf 84' lang='lat'><strong>57,</strong></span> <span class='ocrx_word' id='word_1_273' title='bbox 440 1732 628 1767; x_wconf 87' lang='lat' dir='ltr'><strong>relinquentur</strong></span> <span class='ocrx_word' id='word_1_274' title='bbox 645 1732 689 1764; x_wconf 80' lang='lat'><strong>50,</strong></span> <span class='ocrx_word' id='word_1_275' title='bbox 706 1732 763 1760; x_wconf 86' lang='lat' dir='ltr'><strong>sive</strong></span> <span class='ocrx_word' id='word_1_276' title='bbox 785 1731 928 1760; x_wconf 83' lang='lat' dir='ltr'><strong>Februarii</strong></span> <span class='ocrx_word' id='word_1_277' title='bbox 952 1741 998 1760; x_wconf 82' lang='lat' dir='ltr'><strong>xix</strong></span> 
     </span>
    </p>
   </div>
   <div class='ocr_carea' id='block_1_38' title="bbox 212 1777 999 1814">
    <p class='ocr_par' dir='ltr' id='par_1_38' title="bbox 212 1777 999 1814">
     <span class='ocr_line' id='line_1_39' title="bbox 212 1777 999 1814; baseline 0.003 -9"><span class='ocrx_word' id='word_1_278' title='bbox 212 1777 280 1810; x_wconf 84' lang='lat' dir='ltr'><strong>dies.</strong></span> <span class='ocrx_word' id='word_1_279' title='bbox 296 1779 368 1814; x_wconf 85' lang='lat' dir='ltr'><strong>quod</strong></span> <span class='ocrx_word' id='word_1_280' title='bbox 384 1777 525 1806; x_wconf 88' lang='lat' dir='ltr'><strong>Dominica</strong></span> <span class='ocrx_word' id='word_1_281' title='bbox 541 1779 558 1814; x_wconf 78' lang='grc' dir='ltr'>ἡ</span> <span class='ocrx_word' id='word_1_282' title='bbox 581 1778 735 1814; x_wconf 75' lang='grc' dir='ltr'><strong>Ἀπόκρεως</strong></span> <span class='ocrx_word' id='word_1_283' title='bbox 747 1779 871 1814; x_wconf 80' lang='lat' dir='ltr'><strong>contigit.</strong></span> <span class='ocrx_word' id='word_1_284' title='bbox 886 1779 909 1806; x_wconf 83' lang='lat' dir='ltr'><strong>A</strong></span> <span class='ocrx_word' id='word_1_285' title='bbox 925 1779 999 1807; x_wconf 87' lang='lat' dir='ltr'><strong>vice-</strong></span> 
     </span>
    </p>
   </div>
   <div class='ocr_carea' id='block_1_39' title="bbox 212 1823 999 1861">
    <p class='ocr_par' dir='ltr' id='par_1_39' title="bbox 212 1823 999 1861">
     <span class='ocr_line' id='line_1_40' title="bbox 212 1823 999 1861; baseline 0.001 -9"><span class='ocrx_word' id='word_1_286' title='bbox 212 1826 282 1852; x_wconf 84' lang='lat' dir='ltr'><strong>sima</strong></span> <span class='ocrx_word' id='word_1_287' title='bbox 297 1825 392 1861; x_wconf 89' lang='lat' dir='ltr'><strong>quinta</strong></span> <span class='ocrx_word' id='word_1_288' title='bbox 407 1824 565 1852; x_wconf 85' lang='lat' dir='ltr'><strong>Decembris</strong></span> <span class='ocrx_word' id='word_1_289' title='bbox 580 1824 613 1852; x_wconf 88' lang='lat' dir='ltr'><strong>ad</strong></span> <span class='ocrx_word' id='word_1_290' title='bbox 627 1832 672 1852; x_wconf 83' lang='lat' dir='ltr'><strong>xtx</strong></span> <span class='ocrx_word' id='word_1_291' title='bbox 689 1823 842 1858; x_wconf 86' lang='lat' dir='ltr'><strong>Februarii,</strong></span> <span class='ocrx_word' id='word_1_292' title='bbox 858 1826 917 1854; x_wconf 82' lang='lat' dir='ltr'><strong>dies</strong></span> <span class='ocrx_word' id='word_1_293' title='bbox 935 1830 999 1853; x_wconf 88' lang='lat' dir='ltr'><strong>sunt</strong></span> 
     </span>
    </p>
   </div>
   <div class='ocr_carea' id='block_1_40' title="bbox 213 1870 1000 1907">
    <p class='ocr_par' dir='ltr' id='par_1_40' title="bbox 213 1870 1000 1907">
     <span class='ocr_line' id='line_1_41' title="bbox 213 1870 1000 1907; baseline 0.003 -9"><span class='ocrx_word' id='word_1_294' title='bbox 213 1878 286 1900; x_wconf 78' lang='lat' dir='ltr'><strong>LVII:</strong></span> <span class='ocrx_word' id='word_1_295' title='bbox 314 1871 415 1906; x_wconf 78' lang='lat' dir='ltr'><strong>quibus</strong></span> <span class='ocrx_word' id='word_1_296' title='bbox 434 1870 563 1898; x_wconf 87' lang='lat' dir='ltr'><strong>carnibus</strong></span> <span class='ocrx_word' id='word_1_297' title='bbox 584 1870 659 1898; x_wconf 85' lang='lat' dir='ltr'><strong>vesci</strong></span> <span class='ocrx_word' id='word_1_298' title='bbox 677 1870 750 1904; x_wconf 88' lang='lat' dir='ltr'><strong>licet,</strong></span> <span class='ocrx_word' id='word_1_299' title='bbox 772 1875 835 1899; x_wconf 84' lang='lat' dir='ltr'><strong>ante</strong></span> <span class='ocrx_word' id='word_1_300' title='bbox 848 1872 1000 1907; x_wconf 78' lang='lat' dir='ltr'><strong>quadrage-</strong></span> 
     </span>
    </p>
   </div>
   <div class='ocr_carea' id='block_1_41' title="bbox 213 1916 1000 1952">
    <p class='ocr_par' dir='ltr' id='par_1_41' title="bbox 213 1916 1000 1952">
     <span class='ocr_line' id='line_1_42' title="bbox 213 1916 1000 1952; baseline 0.001 -8"><span class='ocrx_word' id='word_1_301' title='bbox 213 1917 309 1944; x_wconf 85' lang='lat' dir='ltr'><strong>simale</strong></span> <span class='ocrx_word' id='word_1_302' title='bbox 320 1916 466 1952; x_wconf 86' lang='lat' dir='ltr'><strong>jejunium.</strong></span> <span class='ocrx_word' id='word_1_303' title='bbox 482 1916 558 1944; x_wconf 85' lang='lat' dir='ltr'><strong>Adde</strong></span> <span class='ocrx_word' id='word_1_304' title='bbox 574 1924 617 1943; x_wconf 82' lang='lat' dir='ltr'><strong>LVI</strong></span> <span class='ocrx_word' id='word_1_305' title='bbox 633 1916 691 1944; x_wconf 87' lang='lat' dir='ltr'><strong>dies</strong></span> <span class='ocrx_word' id='word_1_306' title='bbox 714 1916 748 1943; x_wconf 88' lang='lat' dir='ltr'><strong>ad</strong></span> <span class='ocrx_word' id='word_1_307' title='bbox 766 1916 925 1945; x_wconf 85' lang='lat' dir='ltr'><strong>Paschalem</strong></span> <span class='ocrx_word' id='word_1_308' title='bbox 947 1917 1000 1945; x_wconf 89' lang='lat' dir='ltr'><strong>Do-</strong></span> 
     </span>
    </p>
   </div>
   <div class='ocr_carea' id='block_1_42' title="bbox 213 1961 999 1998">
    <p class='ocr_par' dir='ltr' id='par_1_42' title="bbox 213 1961 999 1998">
     <span class='ocr_line' id='line_1_43' title="bbox 213 1961 999 1998; baseline -0.001 -8"><span class='ocrx_word' id='word_1_309' title='bbox 213 1963 354 1993; x_wconf 85' lang='lat' dir='ltr'><strong>Ininicam,</strong></span> <span class='ocrx_word' id='word_1_310' title='bbox 371 1970 432 1998; x_wconf 77' lang='lat' dir='ltr'><strong>qua:</strong></span> <span class='ocrx_word' id='word_1_311' title='bbox 453 1967 495 1989; x_wconf 85' lang='lat' dir='ltr'><strong>est</strong></span> <span class='ocrx_word' id='word_1_312' title='bbox 509 1969 558 1994; x_wconf 31' lang='grc' dir='ltr'>ινιη</span> <span class='ocrx_word' id='word_1_313' title='bbox 572 1961 691 1996; x_wconf 83' lang='lat' dir='ltr'><strong>Aprilis;</strong></span> <span class='ocrx_word' id='word_1_314' title='bbox 710 1961 832 1990; x_wconf 89' lang='lat' dir='ltr'><strong>calculus</strong></span> <span class='ocrx_word' id='word_1_315' title='bbox 849 1962 956 1990; x_wconf 85' lang='lat' dir='ltr'><strong>desinet</strong></span> <span class='ocrx_word' id='word_1_316' title='bbox 971 1963 999 1990; x_wconf 94' lang='lat' dir='ltr'><strong>in</strong></span> 
     </span>
    </p>
   </div>
   <div class='ocr_carea' id='block_1_43' title="bbox 213 2007 1000 2043">
    <p class='ocr_par' dir='ltr' id='par_1_43' title="bbox 213 2007 1000 2043">
     <span class='ocr_line' id='line_1_44' title="bbox 213 2007 1000 2043; baseline 0 -7"><span class='ocrx_word' id='word_1_317' title='bbox 213 2016 240 2036; x_wconf 85' lang='lat' dir='ltr'><strong>xt</strong></span> <span class='ocrx_word' id='word_1_318' title='bbox 254 2007 340 2041; x_wconf 91' lang='lat' dir='ltr'><strong>Junii,</strong></span> <span class='ocrx_word' id='word_1_319' title='bbox 355 2016 416 2043; x_wconf 69' lang='lat' dir='ltr'><strong>quae</strong></span> <span class='ocrx_word' id='word_1_320' title='bbox 436 2009 488 2036; x_wconf 91' lang='lat' dir='ltr'><strong>erit</strong></span> <span class='ocrx_word' id='word_1_321' title='bbox 511 2007 652 2035; x_wconf 87' lang='lat' dir='ltr'><strong>Dominica</strong></span> <span class='ocrx_word' id='word_1_322' title='bbox 679 2007 853 2037; x_wconf 84' lang='lat' dir='ltr'><strong>Sanctorum.</strong></span> <span class='ocrx_word' id='word_1_323' title='bbox 869 2008 1000 2036; x_wconf 86' lang='lat' dir='ltr'><strong>Interval-</strong></span> 
     </span>
    </p>
   </div>
   <div class='ocr_carea' id='block_1_44' title="bbox 213 2052 1000 2089">
    <p class='ocr_par' dir='ltr' id='par_1_44' title="bbox 213 2052 1000 2089">
     <span class='ocr_line' id='line_1_45' title="bbox 213 2052 1000 2089; baseline 0.001 -8"><span class='ocrx_word' id='word_1_324' title='bbox 213 2054 270 2081; x_wconf 91' lang='lat' dir='ltr'><strong>lum</strong></span> <span class='ocrx_word' id='word_1_325' title='bbox 293 2061 310 2080; x_wconf 89' lang='lat' dir='ltr'><strong>a</strong></span> <span class='ocrx_word' id='word_1_326' title='bbox 333 2052 466 2081; x_wconf 86' lang='lat' dir='ltr'><strong>Paschate</strong></span> <span class='ocrx_word' id='word_1_327' title='bbox 480 2053 514 2080; x_wconf 90' lang='lat' dir='ltr'><strong>ad</strong></span> <span class='ocrx_word' id='word_1_328' title='bbox 538 2060 568 2080; x_wconf 89' lang='grc' dir='ltr'><strong>ιιι</strong></span> <span class='ocrx_word' id='word_1_329' title='bbox 594 2053 658 2080; x_wconf 83' lang='lat' dir='ltr'><strong>Maii</strong></span> <span class='ocrx_word' id='word_1_330' title='bbox 674 2053 733 2082; x_wconf 91' lang='lat' dir='ltr'><strong>dies</strong></span> <span class='ocrx_word' id='word_1_331' title='bbox 756 2061 824 2087; x_wconf 78' lang='lat' dir='ltr'><strong>xvii,</strong></span> <span class='ocrx_word' id='word_1_332' title='bbox 840 2059 907 2089; x_wconf 89' lang='lat' dir='ltr'><strong>quot</strong></span> <span class='ocrx_word' id='word_1_333' title='bbox 921 2055 956 2082; x_wconf 90' lang='lat' dir='ltr'><strong>ab</strong></span> <span class='ocrx_word' id='word_1_334' title='bbox 973 2063 1000 2082; x_wconf 79' lang='grc' dir='ltr'><strong>ιιι</strong></span> 
     </span>
    </p>
   </div>
   <div class='ocr_carea' id='block_1_45' title="bbox 212 2099 1000 2136">
    <p class='ocr_par' dir='ltr' id='par_1_45' title="bbox 212 2099 1000 2136">
     <span class='ocr_line' id='line_1_46' title="bbox 212 2099 1000 2136; baseline 0.004 -9"><span class='ocrx_word' id='word_1_335' title='bbox 212 2100 287 2128; x_wconf 87' lang='lat' dir='ltr'><strong>Junii</strong></span> <span class='ocrx_word' id='word_1_336' title='bbox 305 2100 339 2127; x_wconf 87' lang='lat' dir='ltr'><strong>ad</strong></span> <span class='ocrx_word' id='word_1_337' title='bbox 354 2108 448 2128; x_wconf 79' lang='lat' dir='ltr'><strong>xxvtn.</strong></span> <span class='ocrx_word' id='word_1_338' title='bbox 464 2099 582 2127; x_wconf 87' lang='lat' dir='ltr'><strong>Proinde</strong></span> <span class='ocrx_word' id='word_1_339' title='bbox 592 2099 726 2135; x_wconf 85' lang='lat' dir='ltr'><strong>jejunium</strong></span> <span class='ocrx_word' id='word_1_340' title='bbox 742 2101 929 2136; x_wconf 86' lang='lat' dir='ltr'><strong>apostolorum</strong></span> <span class='ocrx_word' id='word_1_341' title='bbox 941 2102 1000 2130; x_wconf 89' lang='lat' dir='ltr'><strong>dies</strong></span> 
     </span>
    </p>
   </div>
   <div class='ocr_carea' id='block_1_46' title="bbox 214 2146 395 2173">
    <p class='ocr_par' dir='ltr' id='par_1_46' title="bbox 214 2146 395 2173">
     <span class='ocr_line' id='line_1_47' title="bbox 214 2146 395 2173; baseline -0.006 0"><span class='ocrx_word' id='word_1_342' title='bbox 214 2146 309 2173; x_wconf 87' lang='lat' dir='ltr'><strong>habuit</strong></span> <span class='ocrx_word' id='word_1_343' title='bbox 329 2153 395 2173; x_wconf 81' lang='lat' dir='ltr'><strong>xvn.</strong></span> 
     </span>
    </p>
   </div>
   <div class='ocr_carea' id='block_1_47' title="bbox 251 2192 1002 2226">
    <p class='ocr_par' dir='ltr' id='par_1_47' title="bbox 251 2192 1002 2226">
     <span class='ocr_line' id='line_1_48' title="bbox 251 2192 1002 2226; baseline 0.003 -6"><span class='ocrx_word' id='word_1_344' title='bbox 251 2192 353 2220; x_wconf 73' lang='lat' dir='ltr'><strong>Praeter</strong></span> <span class='ocrx_word' id='word_1_345' title='bbox 366 2193 423 2220; x_wconf 79' lang='lat' dir='ltr'><strong>haec</strong></span> <span class='ocrx_word' id='word_1_346' title='bbox 441 2192 520 2224; x_wconf 80' lang='lat' dir='ltr'><strong>festa,</strong></span> <span class='ocrx_word' id='word_1_347' title='bbox 537 2199 597 2226; x_wconf 67' lang='lat' dir='ltr'><strong>quae</strong></span> <span class='ocrx_word' id='word_1_348' title='bbox 617 2192 728 2219; x_wconf 86' lang='lat' dir='ltr'><strong>mobilia</strong></span> <span class='ocrx_word' id='word_1_349' title='bbox 743 2198 884 2225; x_wconf 81' lang='lat' dir='ltr'><strong>vocantur,</strong></span> <span class='ocrx_word' id='word_1_350' title='bbox 898 2201 1002 2222; x_wconf 91' lang='lat' dir='ltr'><strong>memo-</strong></span> 
     </span>
    </p>
   </div>
   <div class='ocr_carea' id='block_1_48' title="bbox 215 2238 1037 2276">
    <p class='ocr_par' dir='ltr' id='par_1_48' title="bbox 215 2238 1037 2276">
     <span class='ocr_line' id='line_1_49' title="bbox 215 2238 1037 2276; baseline 0.001 -10"><span class='ocrx_word' id='word_1_351' title='bbox 215 2244 290 2266; x_wconf 89' lang='lat' dir='ltr'><strong>ratur</strong></span> <span class='ocrx_word' id='word_1_352' title='bbox 305 2238 376 2274; x_wconf 91' lang='lat' dir='ltr'><strong>apud</strong></span> <span class='ocrx_word' id='word_1_353' title='bbox 388 2238 496 2266; x_wconf 64' lang='lat' dir='ltr'><strong>Graecos</strong></span> <span class='ocrx_word' id='word_1_354' title='bbox 511 2238 527 2273; x_wconf 84' lang='grc' dir='ltr'><strong>ὴ</strong></span> <span class='ocrx_word' id='word_1_355' title='bbox 541 2239 788 2274; x_wconf 77' lang='grc' dir='ltr'><strong>μεσοπεντηκοστή,</strong></span> <span class='ocrx_word' id='word_1_356' title='bbox 800 2247 860 2274; x_wconf 61' lang='lat' dir='ltr'><strong>quae</strong></span> <span class='ocrx_word' id='word_1_357' title='bbox 872 2243 913 2267; x_wconf 90' lang='lat' dir='ltr'><strong>est</strong></span> <span class='ocrx_word' id='word_1_358' title='bbox 928 2240 1000 2268; x_wconf 92' lang='lat' dir='ltr'><strong>vice-</strong></span> <span class='ocrx_word' id='word_1_359' title='bbox 1014 2248 1037 2276; x_wconf 75' lang='grc' dir='ltr'><strong>Ι)</strong></span> 
     </span>
    </p>
   </div>
   <div class='ocr_carea' id='block_1_49' title="bbox 214 2283 998 2320">
    <p class='ocr_par' dir='ltr' id='par_1_49' title="bbox 214 2283 998 2320">
     <span class='ocr_line' id='line_1_50' title="bbox 214 2283 998 2320; baseline 0 -7"><span class='ocrx_word' id='word_1_360' title='bbox 214 2286 302 2314; x_wconf 89' lang='lat' dir='ltr'><strong>simus</strong></span> <span class='ocrx_word' id='word_1_361' title='bbox 317 2285 428 2320; x_wconf 83' lang='lat' dir='ltr'><strong>quintus</strong></span> <span class='ocrx_word' id='word_1_362' title='bbox 454 2284 512 2312; x_wconf 84' lang='lat' dir='ltr'><strong>dies</strong></span> <span class='ocrx_word' id='word_1_363' title='bbox 541 2291 556 2310; x_wconf 92' lang='lat' dir='ltr'><strong>a</strong></span> <span class='ocrx_word' id='word_1_364' title='bbox 582 2283 726 2317; x_wconf 86' lang='lat' dir='ltr'><strong>Paschate,</strong></span> <span class='ocrx_word' id='word_1_365' title='bbox 752 2293 784 2312; x_wconf 89' lang='lat' dir='ltr'><strong>ac</strong></span> <span class='ocrx_word' id='word_1_366' title='bbox 806 2293 913 2320; x_wconf 85' lang='lat' dir='ltr'><strong>semper</strong></span> <span class='ocrx_word' id='word_1_367' title='bbox 932 2285 998 2314; x_wconf 84' lang='lat' dir='ltr'><strong>feria</strong></span> 
     </span>
    </p>
   </div>
   <div class='ocr_carea' id='block_1_50' title="bbox 214 2327 998 2365">
    <p class='ocr_par' dir='ltr' id='par_1_50' title="bbox 214 2327 998 2365">
     <span class='ocr_line' id='line_1_51' title="bbox 214 2327 998 2365; baseline -0.001 -8"><span class='ocrx_word' id='word_1_368' title='bbox 214 2333 312 2365; x_wconf 89' lang='lat' dir='ltr'><strong>quarta</strong></span> <span class='ocrx_word' id='word_1_369' title='bbox 329 2329 470 2364; x_wconf 78' lang='lat' dir='ltr'><strong>contingit.</strong></span> <span class='ocrx_word' id='word_1_370' title='bbox 487 2327 572 2363; x_wconf 78' lang='lat' dir='ltr'><strong>Igitur</strong></span> <span class='ocrx_word' id='word_1_371' title='bbox 585 2328 684 2355; x_wconf 86' lang='lat' dir='ltr'><strong>additis</strong></span> <span class='ocrx_word' id='word_1_372' title='bbox 696 2328 732 2355; x_wconf 70' lang='grc'><strong>24</strong></span> <span class='ocrx_word' id='word_1_373' title='bbox 743 2328 777 2355; x_wconf 89' lang='lat' dir='ltr'><strong>ad</strong></span> <span class='ocrx_word' id='word_1_374' title='bbox 791 2328 863 2356; x_wconf 90' lang='lat' dir='ltr'><strong>diem</strong></span> <span class='ocrx_word' id='word_1_375' title='bbox 875 2328 998 2361; x_wconf 61' lang='lat' dir='ltr'><strong>Pascha,</strong></span> 
     </span>
    </p>
   </div>
   <div class='ocr_carea' id='block_1_51' title="bbox 215 2371 999 2410">
    <p class='ocr_par' dir='ltr' id='par_1_51' title="bbox 215 2371 999 2410">
     <span class='ocr_line' id='line_1_52' title="bbox 215 2371 999 2410; baseline 0 -10"><span class='ocrx_word' id='word_1_376' title='bbox 215 2372 454 2410; x_wconf 81' lang='grc' dir='ltr'>μεσοπεντηκοστή</span> <span class='ocrx_word' id='word_1_377' title='bbox 483 2372 631 2406; x_wconf 88' lang='lat' dir='ltr'><strong>proveniet.</strong></span> <span class='ocrx_word' id='word_1_378' title='bbox 659 2371 704 2399; x_wconf 86' lang='lat' dir='ltr'><strong>Sic</strong></span> <span class='ocrx_word' id='word_1_379' title='bbox 729 2380 801 2399; x_wconf 89' lang='lat' dir='ltr'><strong>anno</strong></span> <span class='ocrx_word' id='word_1_380' title='bbox 826 2373 872 2400; x_wconf 87' lang='lat' dir='ltr'><strong>illo</strong></span> <span class='ocrx_word' id='word_1_381' title='bbox 898 2373 999 2401; x_wconf 82' lang='lat' dir='ltr'><strong>Christi</strong></span> 
     </span>
    </p>
   </div>
   <div class='ocr_carea' id='block_1_52' title="bbox 214 2417 999 2453">
    <p class='ocr_par' dir='ltr' id='par_1_52' title="bbox 214 2417 999 2453">
     <span class='ocr_line' id='line_1_53' title="bbox 214 2417 999 2453; baseline -0.003 -5"><span class='ocrx_word' id='word_1_382' title='bbox 214 2419 294 2452; x_wconf 72' lang='grc'><strong>1556,</strong></span> <span class='ocrx_word' id='word_1_383' title='bbox 310 2419 334 2447; x_wconf 89' lang='lat' dir='ltr'><strong>si</strong></span> <span class='ocrx_word' id='word_1_384' title='bbox 348 2418 381 2445; x_wconf 89' lang='lat' dir='ltr'><strong>ad</strong></span> <span class='ocrx_word' id='word_1_385' title='bbox 395 2426 440 2445; x_wconf 81' lang='lat' dir='ltr'><strong>xvr</strong></span> <span class='ocrx_word' id='word_1_386' title='bbox 453 2417 555 2453; x_wconf 84' lang='lat' dir='ltr'><strong>Aprilis</strong></span> <span class='ocrx_word' id='word_1_387' title='bbox 571 2417 702 2445; x_wconf 88' lang='lat' dir='ltr'><strong>accedant</strong></span> <span class='ocrx_word' id='word_1_388' title='bbox 714 2418 772 2446; x_wconf 88' lang='lat' dir='ltr'><strong>dies</strong></span> <span class='ocrx_word' id='word_1_389' title='bbox 790 2418 836 2450; x_wconf 73' lang='grc'><strong>24,</strong></span> <span class='ocrx_word' id='word_1_390' title='bbox 848 2419 999 2447; x_wconf 88' lang='lat' dir='ltr'><strong>incidemus</strong></span> 
     </span>
    </p>
   </div>
   <div class='ocr_carea' id='block_1_53' title="bbox 214 2463 999 2500">
    <p class='ocr_par' dir='ltr' id='par_1_53' title="bbox 214 2463 999 2500">
     <span class='ocr_line' id='line_1_54' title="bbox 214 2463 999 2500; baseline -0.003 -5"><span class='ocrx_word' id='word_1_391' title='bbox 214 2467 244 2495; x_wconf 89' lang='lat' dir='ltr'><strong>in</strong></span> <span class='ocrx_word' id='word_1_392' title='bbox 265 2475 282 2494; x_wconf 88' lang='lat' dir='ltr'><strong>x</strong></span> <span class='ocrx_word' id='word_1_393' title='bbox 294 2465 366 2496; x_wconf 79' lang='lat' dir='ltr'><strong>Maii,</strong></span> <span class='ocrx_word' id='word_1_394' title='bbox 382 2472 443 2500; x_wconf 76' lang='lat' dir='ltr'><strong>quae</strong></span> <span class='ocrx_word' id='word_1_395' title='bbox 456 2464 507 2491; x_wconf 76' lang='lat' dir='ltr'><strong>fuit</strong></span> <span class='ocrx_word' id='word_1_396' title='bbox 518 2465 766 2499; x_wconf 84' lang='grc' dir='ltr'>μεσοπεντηκοστή.</span> <span class='ocrx_word' id='word_1_397' title='bbox 782 2463 904 2492; x_wconf 84' lang='lat' dir='ltr'><strong>Meminit</strong></span> <span class='ocrx_word' id='word_1_398' title='bbox 919 2465 999 2498; x_wconf 89' lang='lat' dir='ltr'><strong>hujus</strong></span> 
     </span>
    </p>
   </div>
   <div class='ocr_carea' id='block_1_54' title="bbox 215 2509 1000 2544">
    <p class='ocr_par' dir='ltr' id='par_1_54' title="bbox 215 2509 1000 2544">
     <span class='ocr_line' id='line_1_55' title="bbox 215 2509 1000 2544; baseline -0.004 -4"><span class='ocrx_word' id='word_1_399' title='bbox 215 2512 278 2540; x_wconf 73' lang='lat' dir='ltr'><strong>festi</strong></span> <span class='ocrx_word' id='word_1_400' title='bbox 290 2511 446 2540; x_wconf 86' lang='lat' dir='ltr'><strong>Chronicon</strong></span> <span class='ocrx_word' id='word_1_401' title='bbox 458 2509 679 2541; x_wconf 82' lang='lat' dir='ltr'><strong>Alexandrinum,</strong></span> <span class='ocrx_word' id='word_1_402' title='bbox 690 2513 719 2536; x_wconf 93' lang='lat' dir='ltr'><strong>ut</strong></span> <span class='ocrx_word' id='word_1_403' title='bbox 734 2509 767 2536; x_wconf 87' lang='lat' dir='ltr'><strong>ad</strong></span> <span class='ocrx_word' id='word_1_404' title='bbox 780 2509 924 2544; x_wconf 88' lang='lat' dir='ltr'><strong>Nicephori</strong></span> <span class='ocrx_word' id='word_1_405' title='bbox 937 2509 1000 2537; x_wconf 80' lang='lat' dir='ltr'><strong>Bre-</strong></span> 
     </span>
    </p>
   </div>
   <div class='ocr_carea' id='block_1_55' title="bbox 215 2554 998 2589">
    <p class='ocr_par' dir='ltr' id='par_1_55' title="bbox 215 2554 998 2589">
     <span class='ocr_line' id='line_1_56' title="bbox 215 2554 998 2589; baseline 0 -5"><span class='ocrx_word' id='word_1_406' title='bbox 215 2558 331 2586; x_wconf 76' lang='lat' dir='ltr'><strong>viariam</strong></span> <span class='ocrx_word' id='word_1_407' title='bbox 346 2556 567 2589; x_wconf 81' lang='lat' dir='ltr'><strong>observavimus;</strong></span> <span class='ocrx_word' id='word_1_408' title='bbox 582 2562 634 2582; x_wconf 82' lang='lat' dir='ltr'><strong>nee</strong></span> <span class='ocrx_word' id='word_1_409' title='bbox 647 2563 702 2582; x_wconf 93' lang='lat' dir='ltr'><strong>non</strong></span> <span class='ocrx_word' id='word_1_410' title='bbox 715 2554 870 2582; x_wconf 64' lang='lat' dir='ltr'><strong>Graecorum</strong></span> <span class='ocrx_word' id='word_1_411' title='bbox 884 2555 998 2584; x_wconf 85' lang='lat' dir='ltr'><strong>Horolo-</strong></span> 
     </span>
    </p>
   </div>
   <div class='ocr_carea' id='block_1_56' title="bbox 216 2604 302 2640">
    <p class='ocr_par' dir='ltr' id='par_1_56' title="bbox 216 2604 302 2640">
     <span class='ocr_line' id='line_1_57' title="bbox 216 2604 302 2640; baseline 0.012 -9"><span class='ocrx_word' id='word_1_412' title='bbox 216 2604 302 2640; x_wconf 71' lang='lat' dir='ltr'><strong>gium.</strong></span> 
     </span>
    </p>
   </div>
   <div class='ocr_carea' id='block_1_57' title="bbox 251 2647 1000 2682">
    <p class='ocr_par' dir='ltr' id='par_1_57' title="bbox 251 2647 1000 2682">
     <span class='ocr_line' id='line_1_58' title="bbox 251 2647 1000 2682; baseline -0.004 -4"><span class='ocrx_word' id='word_1_413' title='bbox 251 2651 292 2678; x_wconf 88' lang='lat' dir='ltr'><strong>Ad</strong></span> <span class='ocrx_word' id='word_1_414' title='bbox 306 2655 455 2678; x_wconf 82' lang='lat' dir='ltr'><strong>extremum</strong></span> <span class='ocrx_word' id='word_1_415' title='bbox 477 2655 532 2676; x_wconf 94' lang='lat' dir='ltr'><strong>non</strong></span> <span class='ocrx_word' id='word_1_416' title='bbox 553 2651 595 2674; x_wconf 89' lang='lat' dir='ltr'><strong>est</strong></span> <span class='ocrx_word' id='word_1_417' title='bbox 611 2648 816 2682; x_wconf 80' lang='lat' dir='ltr'><strong>praetereundus</strong></span> <span class='ocrx_word' id='word_1_418' title='bbox 826 2656 903 2675; x_wconf 90' lang='lat' dir='ltr'><strong>error</strong></span> <span class='ocrx_word' id='word_1_419' title='bbox 913 2647 1000 2675; x_wconf 79' lang='lat' dir='ltr'><strong>Maxi-</strong></span> 
     </span>
    </p>
   </div>
   <div class='ocr_carea' id='block_1_58' title="bbox 215 2692 999 2732">
    <p class='ocr_par' dir='ltr' id='par_1_58' title="bbox 215 2692 999 2732">
     <span class='ocr_line' id='line_1_59' title="bbox 215 2692 999 2732; baseline -0.006 -8"><span class='ocrx_word' id='word_1_420' title='bbox 215 2697 264 2729; x_wconf 90' lang='lat' dir='ltr'><strong>mi,</strong></span> <span class='ocrx_word' id='word_1_421' title='bbox 278 2697 325 2732; x_wconf 91' lang='lat' dir='ltr'><strong>qui</strong></span> <span class='ocrx_word' id='word_1_422' title='bbox 347 2700 389 2723; x_wconf 86' lang='lat' dir='ltr'><strong>est</strong></span> <span class='ocrx_word' id='word_1_423' title='bbox 411 2695 500 2729; x_wconf 90' lang='lat' dir='ltr'><strong>capite</strong></span> <span class='ocrx_word' id='word_1_424' title='bbox 521 2692 578 2720; x_wconf 74' lang='lat' dir='ltr'><strong>Vlli</strong></span> <span class='ocrx_word' id='word_1_425' title='bbox 594 2693 688 2728; x_wconf 62' lang='lat' dir='ltr'><strong>primae</strong></span> <span class='ocrx_word' id='word_1_426' title='bbox 702 2694 786 2728; x_wconf 87' lang='lat' dir='ltr'><strong>partis</strong></span> <span class='ocrx_word' id='word_1_427' title='bbox 805 2693 940 2728; x_wconf 83' lang='lat' dir='ltr'><strong>Coniputi.</strong></span> <span class='ocrx_word' id='word_1_428' title='bbox 961 2692 999 2720; x_wconf 89' lang='lat' dir='ltr'><strong>ibi</strong></span> 
     </span>
    </p>
   </div>
   <div class='ocr_carea' id='block_1_59' title="bbox 216 2738 999 2774">
    <p class='ocr_par' dir='ltr' id='par_1_59' title="bbox 216 2738 999 2774">
     <span class='ocr_line' id='line_1_60' title="bbox 216 2738 999 2774; baseline -0.006 -5"><span class='ocrx_word' id='word_1_429' title='bbox 216 2743 288 2770; x_wconf 86' lang='lat' dir='ltr'><strong>enim</strong></span> <span class='ocrx_word' id='word_1_430' title='bbox 302 2750 317 2768; x_wconf 88' lang='lat' dir='ltr'><strong>a</strong></span> <span class='ocrx_word' id='word_1_431' title='bbox 329 2741 468 2768; x_wconf 86' lang='lat' dir='ltr'><strong>Dominica</strong></span> <span class='ocrx_word' id='word_1_432' title='bbox 485 2740 623 2774; x_wconf 84' lang='grc' dir='ltr'><strong>ἀπόκρεῳ,</strong></span> <span class='ocrx_word' id='word_1_433' title='bbox 641 2747 700 2773; x_wconf 72' lang='lat' dir='ltr'><strong>quae</strong></span> <span class='ocrx_word' id='word_1_434' title='bbox 711 2744 736 2766; x_wconf 91' lang='lat' dir='ltr'><strong>et</strong></span> <span class='ocrx_word' id='word_1_435' title='bbox 749 2739 930 2774; x_wconf 74' lang='grc' dir='ltr'>Παρείσϐασις</span> <span class='ocrx_word' id='word_1_436' title='bbox 946 2738 999 2764; x_wconf 84' lang='grc' dir='ltr'>τῶν</span> 
     </span>
    </p>
   </div>
   <div class='ocr_carea' id='block_1_60' title="bbox 218 2785 998 2823">
    <p class='ocr_par' dir='ltr' id='par_1_60' title="bbox 218 2785 998 2823">
     <span class='ocr_line' id='line_1_61' title="bbox 218 2785 998 2823; baseline -0.006 -8"><span class='ocrx_word' id='word_1_437' title='bbox 218 2788 301 2822; x_wconf 76' lang='grc' dir='ltr'>ἁγίων</span> <span class='ocrx_word' id='word_1_438' title='bbox 316 2787 447 2823; x_wconf 83' lang='grc' dir='ltr'>νηστειῶν</span> <span class='ocrx_word' id='word_1_439' title='bbox 463 2787 574 2819; x_wconf 92' lang='lat' dir='ltr'><strong>dicitur,</strong></span> <span class='ocrx_word' id='word_1_440' title='bbox 591 2794 677 2821; x_wconf 87' lang='lat' dir='ltr'><strong>usque</strong></span> <span class='ocrx_word' id='word_1_441' title='bbox 702 2786 736 2812; x_wconf 90' lang='lat' dir='ltr'><strong>ad</strong></span> <span class='ocrx_word' id='word_1_442' title='bbox 758 2785 852 2820; x_wconf 71' lang='grc' dir='ltr'>Πάσχα</span> <span class='ocrx_word' id='word_1_443' title='bbox 878 2785 998 2817; x_wconf 82' lang='grc' dir='ltr'>νομικόν,</span> 
     </span>
    </p>
   </div>
   <div class='ocr_carea' id='block_1_61' title="bbox 218 2830 1000 2866">
    <p class='ocr_par' dir='ltr' id='par_1_61' title="bbox 218 2830 1000 2866">
     <span class='ocr_line' id='line_1_62' title="bbox 218 2830 1000 2866; baseline -0.006 -4"><span class='ocrx_word' id='word_1_444' title='bbox 218 2835 275 2862; x_wconf 75' lang='lat' dir='ltr'><strong>sive</strong></span> <span class='ocrx_word' id='word_1_445' title='bbox 298 2835 330 2861; x_wconf 89' lang='lat' dir='ltr'><strong>ad</strong></span> <span class='ocrx_word' id='word_1_446' title='bbox 354 2842 400 2862; x_wconf 81' lang='lat' dir='ltr'><strong>xiv</strong></span> <span class='ocrx_word' id='word_1_447' title='bbox 422 2833 592 2865; x_wconf 90' lang='lat' dir='ltr'><strong>Paschalem,</strong></span> <span class='ocrx_word' id='word_1_448' title='bbox 615 2833 673 2860; x_wconf 89' lang='lat' dir='ltr'><strong>dies</strong></span> <span class='ocrx_word' id='word_1_449' title='bbox 697 2835 837 2866; x_wconf 88' lang='lat' dir='ltr'><strong>computat</strong></span> <span class='ocrx_word' id='word_1_450' title='bbox 854 2839 919 2858; x_wconf 82' lang='lat' dir='ltr'><strong>LVII.</strong></span> <span class='ocrx_word' id='word_1_451' title='bbox 943 2830 1000 2858; x_wconf 80' lang='lat' dir='ltr'><strong>Hoc</strong></span> 
     </span>
    </p>
   </div>
   <div class='ocr_carea' id='block_1_62' title="bbox 217 2876 997 2916">
    <p class='ocr_par' dir='ltr' id='par_1_62' title="bbox 217 2876 997 2916">
     <span class='ocr_line' id='line_1_63' title="bbox 217 2876 997 2916; baseline -0.005 -7"><span class='ocrx_word' id='word_1_452' title='bbox 217 2881 300 2909; x_wconf 88' lang='lat' dir='ltr'><strong>modo</strong></span> <span class='ocrx_word' id='word_1_453' title='bbox 321 2880 426 2909; x_wconf 83' lang='lat' dir='ltr'><strong>Pascha</strong></span> <span class='ocrx_word' id='word_1_454' title='bbox 454 2881 538 2916; x_wconf 66' lang='lat' dir='ltr'><strong>legale</strong></span> <span class='ocrx_word' id='word_1_455' title='bbox 570 2879 641 2907; x_wconf 87' lang='lat' dir='ltr'><strong>idem</strong></span> <span class='ocrx_word' id='word_1_456' title='bbox 666 2879 718 2906; x_wconf 91' lang='lat' dir='ltr'><strong>erit</strong></span> <span class='ocrx_word' id='word_1_457' title='bbox 740 2885 802 2906; x_wconf 90' lang='lat' dir='ltr'><strong>cum</strong></span> <span class='ocrx_word' id='word_1_458' title='bbox 832 2876 997 2906; x_wconf 77' lang='lat' dir='ltr'><strong>Christiano.</strong></span> 
     </span>
    </p>
   </div>
   <div class='ocr_carea' id='block_1_63' title="bbox 1047 263 1844 296">
    <p class='ocr_par' dir='ltr' id='par_1_63' title="bbox 1047 263 1844 296">
     <span class='ocr_line' id='line_1_64' title="bbox 1047 263 1844 296; baseline 0.004 -6"><span class='ocrx_word' id='word_1_459' title='bbox 1047 265 1080 291; x_wconf 90' lang='lat' dir='ltr'><strong>ad</strong></span> <span class='ocrx_word' id='word_1_460' title='bbox 1097 263 1214 296; x_wconf 84' lang='lat' dir='ltr'><strong>Pascha,</strong></span> <span class='ocrx_word' id='word_1_461' title='bbox 1229 265 1287 292; x_wconf 91' lang='lat' dir='ltr'><strong>dies</strong></span> <span class='ocrx_word' id='word_1_462' title='bbox 1307 270 1369 292; x_wconf 91' lang='lat' dir='ltr'><strong>sunt</strong></span> <span class='ocrx_word' id='word_1_463' title='bbox 1390 273 1455 293; x_wconf 88' lang='lat' dir='ltr'><strong>Lvu.</strong></span> <span class='ocrx_word' id='word_1_464' title='bbox 1470 266 1511 293; x_wconf 83' lang='lat' dir='ltr'><strong>Ad</strong></span> <span class='ocrx_word' id='word_1_465' title='bbox 1525 266 1679 292; x_wconf 88' lang='lat' dir='ltr'><strong>terminum</strong></span> <span class='ocrx_word' id='word_1_466' title='bbox 1706 273 1775 292; x_wconf 79' lang='lat' dir='ltr'><strong>vero</strong></span> <span class='ocrx_word' id='word_1_467' title='bbox 1791 266 1844 293; x_wconf 70' lang='lat' dir='ltr'><strong>Si“:</strong></span> 
     </span>
    </p>
   </div>
   <div class='ocr_carea' id='block_1_64' title="bbox 1046 310 1843 344">
    <p class='ocr_par' dir='ltr' id='par_1_64' title="bbox 1046 310 1843 344">
     <span class='ocr_line' id='line_1_65' title="bbox 1046 310 1843 344; baseline 0.003 -7"><span class='ocrx_word' id='word_1_468' title='bbox 1046 319 1092 338; x_wconf 82' lang='lat' dir='ltr'><strong>xtv</strong></span> <span class='ocrx_word' id='word_1_469' title='bbox 1115 310 1286 344; x_wconf 85' lang='lat' dir='ltr'><strong>Paschalem,</strong></span> <span class='ocrx_word' id='word_1_470' title='bbox 1302 311 1438 339; x_wconf 86' lang='lat' dir='ltr'><strong>interdum</strong></span> <span class='ocrx_word' id='word_1_471' title='bbox 1461 312 1520 340; x_wconf 86' lang='lat' dir='ltr'><strong>dies</strong></span> <span class='ocrx_word' id='word_1_472' title='bbox 1544 315 1611 339; x_wconf 90' lang='lat' dir='ltr'><strong>sunt</strong></span> <span class='ocrx_word' id='word_1_473' title='bbox 1637 316 1669 338; x_wconf 90' lang='lat' dir='ltr'><strong>ut</strong></span> <span class='ocrx_word' id='word_1_474' title='bbox 1700 313 1843 339; x_wconf 85' lang='lat' dir='ltr'><strong>minimum</strong></span> 
     </span>
    </p>
   </div>
   <div class='ocr_carea' id='block_1_65' title="bbox 1045 356 1778 393">
    <p class='ocr_par' dir='ltr' id='par_1_65' title="bbox 1045 356 1778 393">
     <span class='ocr_line' id='line_1_66' title="bbox 1045 356 1778 393; baseline 0.001 -11"><span class='ocrx_word' id='word_1_475' title='bbox 1045 356 1258 391; x_wconf 78' lang='lat' dir='ltr'><strong>quinquaginta,</strong></span> <span class='ocrx_word' id='word_1_476' title='bbox 1276 357 1309 384; x_wconf 88' lang='lat' dir='ltr'><strong>ad</strong></span> <span class='ocrx_word' id='word_1_477' title='bbox 1333 365 1470 384; x_wconf 92' lang='lat' dir='ltr'><strong>summum</strong></span> <span class='ocrx_word' id='word_1_478' title='bbox 1483 357 1689 393; x_wconf 80' lang='lat' dir='ltr'><strong>quinquaginta</strong></span> <span class='ocrx_word' id='word_1_479' title='bbox 1714 365 1778 384; x_wconf 88' lang='lat' dir='ltr'><strong>sex.</strong></span> 
     </span>
    </p>
   </div>
   <div class='ocr_carea' id='block_1_66' title="bbox 1334 414 1537 442">
    <p class='ocr_par' dir='ltr' id='par_1_66' title="bbox 1334 414 1537 442">
     <span class='ocr_line' id='line_1_67' title="bbox 1334 414 1537 442; baseline 0.005 -1"><span class='ocrx_word' id='word_1_480' title='bbox 1334 414 1449 442; x_wconf 81' lang='lat' dir='ltr'><strong>CAPUT</strong></span> <span class='ocrx_word' id='word_1_481' title='bbox 1468 414 1537 442; x_wconf 77' lang='lat' dir='ltr'><strong>Xlil.</strong></span> 
     </span>
    </p>
   </div>
   <div class='ocr_carea' id='block_1_67' title="bbox 1046 470 1840 506">
    <p class='ocr_par' dir='ltr' id='par_1_67' title="bbox 1046 470 1840 506">
     <span class='ocr_line' id='line_1_68' title="bbox 1046 470 1840 506; baseline -0.004 -8"><span class='ocrx_word' id='word_1_482' title='bbox 1046 471 1183 499; x_wconf 71' lang='lat' dir='ltr'><strong>Illetlzodux</strong></span> <span class='ocrx_word' id='word_1_483' title='bbox 1197 472 1312 506; x_wconf 84' lang='lat' dir='ltr'><strong>computi</strong></span> <span class='ocrx_word' id='word_1_484' title='bbox 1329 471 1490 503; x_wconf 74' lang='lat' dir='ltr'><strong>Cra-corum.</strong></span> <span class='ocrx_word' id='word_1_485' title='bbox 1503 472 1572 506; x_wconf 85' lang='lat' dir='ltr'><strong>quia</strong></span> <span class='ocrx_word' id='word_1_486' title='bbox 1587 470 1732 500; x_wconf 68' lang='lat' dir='ltr'><strong>Maximo.</strong></span> <span class='ocrx_word' id='word_1_487' title='bbox 1743 470 1840 501; x_wconf 63' lang='lat' dir='ltr'><strong>Isaura,</strong></span> 
     </span>
    </p>
   </div>
   <div class='ocr_carea' id='block_1_68' title="bbox 1081 507 1841 542">
    <p class='ocr_par' dir='ltr' id='par_1_68' title="bbox 1081 507 1841 542">
     <span class='ocr_line' id='line_1_69' title="bbox 1081 507 1841 542; baseline -0.004 -8"><span class='ocrx_word' id='word_1_488' title='bbox 1081 508 1192 541; x_wconf 80' lang='lat' dir='ltr'><strong>aliisque</strong></span> <span class='ocrx_word' id='word_1_489' title='bbox 1210 508 1323 533; x_wconf 77' lang='lat' dir='ltr'><strong>traditus</strong></span> <span class='ocrx_word' id='word_1_490' title='bbox 1339 511 1387 540; x_wconf 77' lang='lat' dir='ltr'><strong>est,</strong></span> <span class='ocrx_word' id='word_1_491' title='bbox 1410 515 1456 542; x_wconf 84' lang='lat' dir='ltr'><strong>per</strong></span> <span class='ocrx_word' id='word_1_492' title='bbox 1476 507 1580 533; x_wconf 81' lang='lat' dir='ltr'><strong>tabulas</strong></span> <span class='ocrx_word' id='word_1_493' title='bbox 1601 512 1626 533; x_wconf 86' lang='lat' dir='ltr'><strong>et</strong></span> <span class='ocrx_word' id='word_1_494' title='bbox 1653 514 1777 532; x_wconf 70' lang='lat' dir='ltr'><strong>canones</strong></span> <span class='ocrx_word' id='word_1_495' title='bbox 1802 514 1841 531; x_wconf 73' lang='lat' dir='ltr'><strong>e1-</strong></span> 
     </span>
    </p>
   </div>
   <div class='ocr_carea' id='block_1_69' title="bbox 1079 542 1386 576">
    <p class='ocr_par' dir='ltr' id='par_1_69' title="bbox 1079 542 1386 576">
     <span class='ocr_line' id='line_1_70' title="bbox 1079 542 1386 576; baseline -0.003 -7"><span class='ocrx_word' id='word_1_496' title='bbox 1079 543 1244 576; x_wconf 79' lang='lat' dir='ltr'><strong>peditissima</strong></span> <span class='ocrx_word' id='word_1_497' title='bbox 1261 542 1386 568; x_wconf 85' lang='lat' dir='ltr'><strong>traditur.</strong></span> 
     </span>
    </p>
   </div>
   <div class='ocr_carea' id='block_1_70' title="bbox 1044 587 1840 625">
    <p class='ocr_par' dir='ltr' id='par_1_70' title="bbox 1044 587 1840 625">
     <span class='ocr_line' id='line_1_71' title="bbox 1044 587 1840 625; baseline -0.003 -10"><span class='ocrx_word' id='word_1_498' title='bbox 1044 589 1139 625; x_wconf 56' lang='lat' dir='ltr'><strong>“Non</strong></span> <span class='ocrx_word' id='word_1_499' title='bbox 1169 589 1240 622; x_wconf 86' lang='lat' dir='ltr'><strong>erit,</strong></span> <span class='ocrx_word' id='word_1_500' title='bbox 1267 588 1374 623; x_wconf 89' lang='lat' dir='ltr'><strong>opinor,</strong></span> <span class='ocrx_word' id='word_1_501' title='bbox 1392 589 1526 623; x_wconf 71' lang='lat' dir='ltr'><strong>ingratum</strong></span> <span class='ocrx_word' id='word_1_502' title='bbox 1560 587 1704 615; x_wconf 89' lang='lat' dir='ltr'><strong>studiosis</strong></span> <span class='ocrx_word' id='word_1_503' title='bbox 1727 587 1840 614; x_wconf 78' lang='lat' dir='ltr'><strong>historia:</strong></span> 
     </span>
    </p>
   </div>
   <div class='ocr_carea' id='block_1_71' title="bbox 1045 633 1840 668">
    <p class='ocr_par' dir='ltr' id='par_1_71' title="bbox 1045 633 1840 668">
     <span class='ocr_line' id='line_1_72' title="bbox 1045 633 1840 668; baseline -0.004 -6"><span class='ocrx_word' id='word_1_504' title='bbox 1045 635 1144 662; x_wconf 66' lang='lat' dir='ltr'><strong>Graecae</strong></span> <span class='ocrx_word' id='word_1_505' title='bbox 1171 638 1198 662; x_wconf 90' lang='lat' dir='ltr'><strong>et</strong></span> <span class='ocrx_word' id='word_1_506' title='bbox 1225 634 1366 661; x_wconf 89' lang='lat' dir='ltr'><strong>annalium</strong></span> <span class='ocrx_word' id='word_1_507' title='bbox 1390 634 1557 666; x_wconf 87' lang='lat' dir='ltr'><strong>lectoribus;</strong></span> <span class='ocrx_word' id='word_1_508' title='bbox 1582 641 1691 668; x_wconf 80' lang='lat' dir='ltr'><strong>magno</strong></span> <span class='ocrx_word' id='word_1_509' title='bbox 1716 639 1793 660; x_wconf 86' lang='lat' dir='ltr'><strong>certe</strong></span> <span class='ocrx_word' id='word_1_510' title='bbox 1813 633 1840 659; x_wconf 83' lang='lat' dir='ltr'><strong>iis</strong></span> 
     </span>
    </p>
   </div>
   <div class='ocr_carea' id='block_1_72' title="bbox 1045 678 1841 714">
    <p class='ocr_par' dir='ltr' id='par_1_72' title="bbox 1045 678 1841 714">
     <span class='ocr_line' id='line_1_73' title="bbox 1045 678 1841 714; baseline -0.005 -7"><span class='ocrx_word' id='word_1_511' title='bbox 1045 679 1203 714; x_wconf 90' lang='lat' dir='ltr'><strong>adjumento</strong></span> <span class='ocrx_word' id='word_1_512' title='bbox 1217 679 1274 707; x_wconf 79' lang='lat' dir='ltr'><strong>[ore</strong></span> <span class='ocrx_word' id='word_1_513' title='bbox 1291 679 1409 711; x_wconf 89' lang='lat' dir='ltr'><strong>conﬁdo,</strong></span> <span class='ocrx_word' id='word_1_514' title='bbox 1434 680 1458 706; x_wconf 95' lang='lat' dir='ltr'><strong>si</strong></span> <span class='ocrx_word' id='word_1_515' title='bbox 1476 687 1508 706; x_wconf 90' lang='lat' dir='ltr'><strong>ex</strong></span> <span class='ocrx_word' id='word_1_516' title='bbox 1523 679 1558 706; x_wconf 89' lang='lat' dir='ltr'><strong>iis</strong></span> <span class='ocrx_word' id='word_1_517' title='bbox 1574 679 1726 710; x_wconf 82' lang='lat' dir='ltr'><strong>omnibus.</strong></span> <span class='ocrx_word' id='word_1_518' title='bbox 1743 686 1803 713; x_wconf 61' lang='lat' dir='ltr'><strong>qua</strong></span> <span class='ocrx_word' id='word_1_519' title='bbox 1814 678 1841 704; x_wconf 82' lang='lat' dir='ltr'><strong>de</strong></span> 
     </span>
    </p>
   </div>
   <div class='ocr_carea' id='block_1_73' title="bbox 1045 725 1840 760">
    <p class='ocr_par' dir='ltr' id='par_1_73' title="bbox 1045 725 1840 760">
     <span class='ocr_line' id='line_1_74' title="bbox 1045 725 1840 760; baseline -0.005 -6"><span class='ocrx_word' id='word_1_520' title='bbox 1045 726 1202 754; x_wconf 64' lang='lat' dir='ltr'><strong>Graecorum</strong></span> <span class='ocrx_word' id='word_1_521' title='bbox 1218 726 1280 753; x_wconf 67' lang='lat' dir='ltr'><strong>aeris</strong></span> <span class='ocrx_word' id='word_1_522' title='bbox 1296 734 1328 753; x_wconf 87' lang='lat' dir='ltr'><strong>ac</strong></span> <span class='ocrx_word' id='word_1_523' title='bbox 1345 726 1482 760; x_wconf 91' lang='lat' dir='ltr'><strong>computis</strong></span> <span class='ocrx_word' id='word_1_524' title='bbox 1499 725 1610 760; x_wconf 83' lang='lat' dir='ltr'><strong>copiose</strong></span> <span class='ocrx_word' id='word_1_525' title='bbox 1632 725 1781 751; x_wconf 84' lang='lat' dir='ltr'><strong>hactenus</strong></span> <span class='ocrx_word' id='word_1_526' title='bbox 1799 732 1840 751; x_wconf 75' lang='lat' dir='ltr'><strong>ex-</strong></span> 
     </span>
    </p>
   </div>
   <div class='ocr_carea' id='block_1_74' title="bbox 1044 771 1839 808">
    <p class='ocr_par' dir='ltr' id='par_1_74' title="bbox 1044 771 1839 808">
     <span class='ocr_line' id='line_1_75' title="bbox 1044 771 1839 808; baseline -0.005 -8"><span class='ocrx_word' id='word_1_527' title='bbox 1044 773 1217 808; x_wconf 82' lang='lat' dir='ltr'><strong>plicavimus,</strong></span> <span class='ocrx_word' id='word_1_528' title='bbox 1239 772 1385 800; x_wconf 86' lang='lat' dir='ltr'><strong>methodus</strong></span> <span class='ocrx_word' id='word_1_529' title='bbox 1401 773 1491 807; x_wconf 88' lang='lat' dir='ltr'><strong>aliqua</strong></span> <span class='ocrx_word' id='word_1_530' title='bbox 1511 771 1696 802; x_wconf 89' lang='lat' dir='ltr'><strong>conﬁciatur,</strong></span> <span class='ocrx_word' id='word_1_531' title='bbox 1714 776 1808 798; x_wconf 78' lang='lat' dir='ltr'><strong>certos</strong></span> <span class='ocrx_word' id='word_1_532' title='bbox 1820 771 1839 795; x_wconf 75' lang='lat' dir='ltr'><strong>in</strong></span> 
     </span>
    </p>
   </div>
   <div class='ocr_carea' id='block_1_75' title="bbox 1045 817 1840 854">
    <p class='ocr_par' dir='ltr' id='par_1_75' title="bbox 1045 817 1840 854">
     <span class='ocr_line' id='line_1_76' title="bbox 1045 817 1840 854; baseline -0.004 -8"><span class='ocrx_word' id='word_1_533' title='bbox 1045 827 1163 847; x_wconf 83' lang='lat' dir='ltr'><strong>canones</strong></span> <span class='ocrx_word' id='word_1_534' title='bbox 1179 819 1304 852; x_wconf 83' lang='lat' dir='ltr'><strong>redacta;</strong></span> <span class='ocrx_word' id='word_1_535' title='bbox 1328 827 1445 854; x_wconf 89' lang='lat' dir='ltr'><strong>quorum</strong></span> <span class='ocrx_word' id='word_1_536' title='bbox 1462 818 1591 854; x_wconf 61' lang='lat' dir='ltr'><strong>presidio</strong></span> <span class='ocrx_word' id='word_1_537' title='bbox 1605 818 1766 845; x_wconf 82' lang='lat' dir='ltr'><strong>celerrime</strong></span> <span class='ocrx_word' id='word_1_538' title='bbox 1778 817 1840 852; x_wconf 81' lang='lat' dir='ltr'><strong>quod</strong></span> 
     </span>
    </p>
   </div>
   <div class='ocr_carea' id='block_1_76' title="bbox 1047 864 1842 901">
    <p class='ocr_par' dir='ltr' id='par_1_76' title="bbox 1047 864 1842 901">
     <span class='ocr_line' id='line_1_77' title="bbox 1047 864 1842 901; baseline -0.005 -8"><span class='ocrx_word' id='word_1_539' title='bbox 1047 866 1178 901; x_wconf 59' lang='lat' dir='ltr'><strong>quaeritur</strong></span> <span class='ocrx_word' id='word_1_540' title='bbox 1191 866 1349 901; x_wconf 80' lang='lat' dir='ltr'><strong>investigari</strong></span> <span class='ocrx_word' id='word_1_541' title='bbox 1363 871 1453 901; x_wconf 91' lang='lat' dir='ltr'><strong>queat.</strong></span> <span class='ocrx_word' id='word_1_542' title='bbox 1467 864 1609 899; x_wconf 75' lang='lat' dir='ltr'><strong>HujuS&#39;rci</strong></span> <span class='ocrx_word' id='word_1_543' title='bbox 1624 867 1725 899; x_wconf 81' lang='lat' dir='ltr'><strong>gratia</strong></span> <span class='ocrx_word' id='word_1_544' title='bbox 1741 864 1842 890; x_wconf 82' lang='lat' dir='ltr'><strong>tabulas</strong></span> 
     </span>
    </p>
   </div>
   <div class='ocr_carea' id='block_1_77' title="bbox 1045 911 1842 947">
    <p class='ocr_par' dir='ltr' id='par_1_77' title="bbox 1045 911 1842 947">
     <span class='ocr_line' id='line_1_78' title="bbox 1045 911 1842 947; baseline -0.004 -8"><span class='ocrx_word' id='word_1_545' title='bbox 1045 913 1219 940; x_wconf 89' lang='lat' dir='ltr'><strong>condidimus</strong></span> <span class='ocrx_word' id='word_1_546' title='bbox 1234 920 1272 945; x_wconf 77' lang='lat' dir='ltr'><strong>vr,</strong></span> <span class='ocrx_word' id='word_1_547' title='bbox 1293 919 1410 947; x_wconf 89' lang='lat' dir='ltr'><strong>quarum</strong></span> <span class='ocrx_word' id='word_1_548' title='bbox 1435 913 1565 939; x_wconf 87' lang='lat' dir='ltr'><strong>rationem</strong></span> <span class='ocrx_word' id='word_1_549' title='bbox 1606 915 1637 938; x_wconf 91' lang='lat' dir='ltr'><strong>et</strong></span> <span class='ocrx_word' id='word_1_550' title='bbox 1657 918 1746 938; x_wconf 85' lang='lat' dir='ltr'><strong>usum</strong></span> <span class='ocrx_word' id='word_1_551' title='bbox 1760 911 1842 937; x_wconf 72' lang='lat' dir='ltr'><strong>breri~</strong></span> 
     </span>
    </p>
   </div>
   <div class='ocr_carea' id='block_1_78' title="bbox 1046 956 1842 991">
    <p class='ocr_par' dir='ltr' id='par_1_78' title="bbox 1046 956 1842 991">
     <span class='ocr_line' id='line_1_79' title="bbox 1046 956 1842 991; baseline -0.005 -6"><span class='ocrx_word' id='word_1_552' title='bbox 1046 963 1087 985; x_wconf 83' lang='lat' dir='ltr'><strong>ter</strong></span> <span class='ocrx_word' id='word_1_553' title='bbox 1104 959 1263 985; x_wconf 87' lang='lat' dir='ltr'><strong>edisseram.</strong></span> <span class='ocrx_word' id='word_1_554' title='bbox 1287 957 1379 984; x_wconf 85' lang='lat' dir='ltr'><strong>Prima</strong></span> <span class='ocrx_word' id='word_1_555' title='bbox 1399 956 1484 984; x_wconf 66' lang='lat' dir='ltr'><strong>Graeci</strong></span> <span class='ocrx_word' id='word_1_556' title='bbox 1503 956 1625 991; x_wconf 88' lang='lat' dir='ltr'><strong>computi</strong></span> <span class='ocrx_word' id='word_1_557' title='bbox 1648 964 1746 983; x_wconf 87' lang='lat' dir='ltr'><strong>annos</strong></span> <span class='ocrx_word' id='word_1_558' title='bbox 1773 956 1842 982; x_wconf 76' lang='lat' dir='ltr'><strong>oden</strong></span> 
     </span>
    </p>
   </div>
   <div class='ocr_carea' id='block_1_79' title="bbox 1046 1002 1841 1039">
    <p class='ocr_par' dir='ltr' id='par_1_79' title="bbox 1046 1002 1841 1039">
     <span class='ocr_line' id='line_1_80' title="bbox 1046 1002 1841 1039; baseline -0.004 -8"><span class='ocrx_word' id='word_1_559' title='bbox 1046 1012 1107 1031; x_wconf 89' lang='lat' dir='ltr'><strong>cum</strong></span> <span class='ocrx_word' id='word_1_560' title='bbox 1134 1004 1218 1039; x_wconf 86' lang='lat' dir='ltr'><strong>cyclis</strong></span> <span class='ocrx_word' id='word_1_561' title='bbox 1242 1004 1342 1033; x_wconf 86' lang='lat' dir='ltr'><strong>tribus.</strong></span> <span class='ocrx_word' id='word_1_562' title='bbox 1368 1010 1428 1038; x_wconf 73' lang='lat' dir='ltr'><strong>quae</strong></span> <span class='ocrx_word' id='word_1_563' title='bbox 1447 1007 1489 1030; x_wconf 90' lang='lat' dir='ltr'><strong>est</strong></span> <span class='ocrx_word' id='word_1_564' title='bbox 1512 1010 1631 1036; x_wconf 90' lang='lat' dir='ltr'><strong>prorsus</strong></span> <span class='ocrx_word' id='word_1_565' title='bbox 1661 1002 1766 1029; x_wconf 79' lang='lat' dir='ltr'><strong>eadem</strong></span> <span class='ocrx_word' id='word_1_566' title='bbox 1787 1009 1841 1028; x_wconf 81' lang='lat' dir='ltr'><strong>cum</strong></span> 
     </span>
    </p>
   </div>
   <div class='ocr_carea' id='block_1_80' title="bbox 1046 1047 1840 1084">
    <p class='ocr_par' dir='ltr' id='par_1_80' title="bbox 1046 1047 1840 1084">
     <span class='ocr_line' id='line_1_81' title="bbox 1046 1047 1840 1084; baseline -0.005 -8"><span class='ocrx_word' id='word_1_567' title='bbox 1046 1050 1138 1077; x_wconf 88' lang='lat' dir='ltr'><strong>tabula</strong></span> <span class='ocrx_word' id='word_1_568' title='bbox 1153 1049 1257 1084; x_wconf 85' lang='lat' dir='ltr'><strong>periodi</strong></span> <span class='ocrx_word' id='word_1_569' title='bbox 1271 1048 1385 1076; x_wconf 68' lang='lat' dir='ltr'><strong>Julianae</strong></span> <span class='ocrx_word' id='word_1_570' title='bbox 1398 1049 1467 1076; x_wconf 92' lang='lat' dir='ltr'><strong>libro</strong></span> <span class='ocrx_word' id='word_1_571' title='bbox 1484 1047 1529 1074; x_wconf 77' lang='lat' dir='ltr'><strong>VII</strong></span> <span class='ocrx_word' id='word_1_572' title='bbox 1543 1048 1581 1074; x_wconf 85' lang='lat' dir='ltr'><strong>De</strong></span> <span class='ocrx_word' id='word_1_573' title='bbox 1598 1048 1734 1074; x_wconf 83' lang='lat' dir='ltr'><strong>doctrina</strong></span> <span class='ocrx_word' id='word_1_574' title='bbox 1752 1053 1840 1081; x_wconf 78' lang='lat' dir='ltr'><strong>tempa-</strong></span> 
     </span>
    </p>
   </div>
   <div class='ocr_carea' id='block_1_81' title="bbox 1046 1092 1841 1129">
    <p class='ocr_par' dir='ltr' id='par_1_81' title="bbox 1046 1092 1841 1129">
     <span class='ocr_line' id='line_1_82' title="bbox 1046 1092 1841 1129; baseline -0.003 -8"><span class='ocrx_word' id='word_1_575' title='bbox 1046 1103 1117 1126; x_wconf 85' lang='lat' dir='ltr'><strong>rum,</strong></span> <span class='ocrx_word' id='word_1_576' title='bbox 1130 1095 1219 1129; x_wconf 88' lang='lat' dir='ltr'><strong>capite</strong></span> <span class='ocrx_word' id='word_1_577' title='bbox 1233 1093 1268 1120; x_wconf 79' lang='grc' dir='ltr'><strong>ΙΧ</strong></span> <span class='ocrx_word' id='word_1_578' title='bbox 1279 1093 1426 1128; x_wconf 87' lang='lat' dir='ltr'><strong>descripta.</strong></span> <span class='ocrx_word' id='word_1_579' title='bbox 1443 1093 1573 1126; x_wconf 82' lang='lat' dir='ltr'><strong>Quamvis</strong></span> <span class='ocrx_word' id='word_1_580' title='bbox 1588 1094 1668 1120; x_wconf 88' lang='lat' dir='ltr'><strong>enim</strong></span> <span class='ocrx_word' id='word_1_581' title='bbox 1686 1092 1841 1120; x_wconf 58' lang='lat' dir='ltr'><strong>Grecorum</strong></span> 
     </span>
    </p>
   </div>
   <div class='ocr_carea' id='block_1_82' title="bbox 1047 1139 1840 1174">
    <p class='ocr_par' dir='ltr' id='par_1_82' title="bbox 1047 1139 1840 1174">
     <span class='ocr_line' id='line_1_83' title="bbox 1047 1139 1840 1174; baseline -0.003 -8"><span class='ocrx_word' id='word_1_582' title='bbox 1047 1143 1191 1174; x_wconf 89' lang='lat' dir='ltr'><strong>computus</strong></span> <span class='ocrx_word' id='word_1_583' title='bbox 1201 1147 1255 1166; x_wconf 92' lang='lat' dir='ltr'><strong>non</strong></span> <span class='ocrx_word' id='word_1_584' title='bbox 1269 1139 1305 1166; x_wconf 84' lang='lat' dir='ltr'><strong>sit</strong></span> <span class='ocrx_word' id='word_1_585' title='bbox 1321 1139 1468 1166; x_wconf 87' lang='lat' dir='ltr'><strong>artiﬁciosa</strong></span> <span class='ocrx_word' id='word_1_586' title='bbox 1490 1139 1621 1173; x_wconf 82' lang='lat' dir='ltr'><strong>periodus</strong></span> <span class='ocrx_word' id='word_1_587' title='bbox 1634 1158 1642 1168; x_wconf 87' lang='lat'><strong>,</strong></span> <span class='ocrx_word' id='word_1_588' title='bbox 1660 1143 1690 1165; x_wconf 89' lang='lat' dir='ltr'><strong>et</strong></span> <span class='ocrx_word' id='word_1_589' title='bbox 1709 1139 1747 1165; x_wconf 86' lang='lat' dir='ltr'><strong>ad</strong></span> <span class='ocrx_word' id='word_1_590' title='bbox 1763 1139 1840 1165; x_wconf 79' lang='lat' dir='ltr'><strong>solam</strong></span> 
     </span>
    </p>
   </div>
   <div class='ocr_carea' id='block_1_83' title="bbox 1047 1183 1841 1221">
    <p class='ocr_par' dir='ltr' id='par_1_83' title="bbox 1047 1183 1841 1221">
     <span class='ocr_line' id='line_1_84' title="bbox 1047 1183 1841 1221; baseline -0.003 -9"><span class='ocrx_word' id='word_1_591' title='bbox 1047 1186 1187 1221; x_wconf 79' lang='lat' dir='ltr'><strong>cyclorum</strong></span> <span class='ocrx_word' id='word_1_592' title='bbox 1207 1185 1364 1212; x_wconf 90' lang='lat' dir='ltr'><strong>methodum</strong></span> <span class='ocrx_word' id='word_1_593' title='bbox 1386 1184 1520 1216; x_wconf 87' lang='lat' dir='ltr'><strong>instituta,</strong></span> <span class='ocrx_word' id='word_1_594' title='bbox 1535 1186 1572 1211; x_wconf 86' lang='lat' dir='ltr'><strong>uti</strong></span> <span class='ocrx_word' id='word_1_595' title='bbox 1589 1183 1709 1211; x_wconf 85' lang='lat' dir='ltr'><strong>Juliana</strong></span> <span class='ocrx_word' id='word_1_596' title='bbox 1732 1192 1739 1210; x_wconf 93' lang='lat'>:</span> <span class='ocrx_word' id='word_1_597' title='bbox 1759 1191 1841 1211; x_wconf 79' lang='lat' dir='ltr'><strong>tamen</strong></span> 
     </span>
    </p>
   </div>
   <div class='ocr_carea' id='block_1_84' title="bbox 1047 1229 1842 1265">
    <p class='ocr_par' dir='ltr' id='par_1_84' title="bbox 1047 1229 1842 1265">
     <span class='ocr_line' id='line_1_85' title="bbox 1047 1229 1842 1265; baseline -0.003 -7"><span class='ocrx_word' id='word_1_598' title='bbox 1047 1239 1101 1258; x_wconf 91' lang='lat' dir='ltr'><strong>non</strong></span> <span class='ocrx_word' id='word_1_599' title='bbox 1119 1231 1210 1258; x_wconf 91' lang='lat' dir='ltr'><strong>minus</strong></span> <span class='ocrx_word' id='word_1_600' title='bbox 1221 1230 1266 1258; x_wconf 86' lang='lat' dir='ltr'><strong>ille</strong></span> <span class='ocrx_word' id='word_1_601' title='bbox 1282 1238 1330 1265; x_wconf 90' lang='lat' dir='ltr'><strong>per</strong></span> <span class='ocrx_word' id='word_1_602' title='bbox 1341 1230 1432 1265; x_wconf 83' lang='lat' dir='ltr'><strong>cyclos</strong></span> <span class='ocrx_word' id='word_1_603' title='bbox 1446 1230 1565 1265; x_wconf 81' lang='lat' dir='ltr'><strong>integros</strong></span> <span class='ocrx_word' id='word_1_604' title='bbox 1579 1229 1705 1257; x_wconf 81' lang='lat' dir='ltr'><strong>divisus.</strong></span> <span class='ocrx_word' id='word_1_605' title='bbox 1721 1231 1842 1265; x_wconf 86' lang='lat' dir='ltr'><strong>proprios</strong></span> 
     </span>
    </p>
   </div>
   <div class='ocr_carea' id='block_1_85' title="bbox 1047 1273 1841 1309">
    <p class='ocr_par' dir='ltr' id='par_1_85' title="bbox 1047 1273 1841 1309">
     <span class='ocr_line' id='line_1_86' title="bbox 1047 1273 1841 1309; baseline -0.001 -7"><span class='ocrx_word' id='word_1_606' title='bbox 1047 1275 1125 1302; x_wconf 83' lang='lat' dir='ltr'><strong>oﬁ‘ert</strong></span> <span class='ocrx_word' id='word_1_607' title='bbox 1138 1276 1202 1302; x_wconf 88' lang='lat' dir='ltr'><strong>anni</strong></span> <span class='ocrx_word' id='word_1_608' title='bbox 1219 1275 1376 1309; x_wconf 86' lang='lat' dir='ltr'><strong>cujuslibet.</strong></span> <span class='ocrx_word' id='word_1_609' title='bbox 1391 1274 1482 1309; x_wconf 87' lang='lat' dir='ltr'><strong>Itaque</strong></span> <span class='ocrx_word' id='word_1_610' title='bbox 1498 1282 1512 1301; x_wconf 93' lang='lat' dir='ltr'><strong>a</strong></span> <span class='ocrx_word' id='word_1_611' title='bbox 1531 1275 1649 1309; x_wconf 87' lang='lat' dir='ltr'><strong>periodo</strong></span> <span class='ocrx_word' id='word_1_612' title='bbox 1666 1273 1784 1302; x_wconf 85' lang='lat' dir='ltr'><strong>Juliana</strong></span> <span class='ocrx_word' id='word_1_613' title='bbox 1798 1275 1841 1301; x_wconf 88' lang='lat' dir='ltr'><strong>boc</strong></span> 
     </span>
    </p>
   </div>
   <div class='ocr_carea' id='block_1_86' title="bbox 1047 1321 1839 1355">
    <p class='ocr_par' dir='ltr' id='par_1_86' title="bbox 1047 1321 1839 1355">
     <span class='ocr_line' id='line_1_87' title="bbox 1047 1321 1839 1355; baseline -0.003 -7"><span class='ocrx_word' id='word_1_614' title='bbox 1047 1322 1106 1349; x_wconf 91' lang='lat' dir='ltr'><strong>solo</strong></span> <span class='ocrx_word' id='word_1_615' title='bbox 1120 1321 1220 1352; x_wconf 83' lang='lat' dir='ltr'><strong>dilIert,</strong></span> <span class='ocrx_word' id='word_1_616' title='bbox 1234 1321 1306 1355; x_wconf 87' lang='lat' dir='ltr'><strong>quod</strong></span> <span class='ocrx_word' id='word_1_617' title='bbox 1326 1321 1384 1347; x_wconf 66' lang='lat' dir='ltr'><strong>haec</strong></span> <span class='ocrx_word' id='word_1_618' title='bbox 1394 1321 1487 1355; x_wconf 78' lang='lat' dir='ltr'><strong>cyclos</strong></span> <span class='ocrx_word' id='word_1_619' title='bbox 1500 1321 1565 1347; x_wconf 89' lang='lat' dir='ltr'><strong>solis</strong></span> <span class='ocrx_word' id='word_1_620' title='bbox 1575 1340 1584 1352; x_wconf 86' lang='lat'><strong>,</strong></span> <span class='ocrx_word' id='word_1_621' title='bbox 1607 1321 1685 1347; x_wconf 63' lang='lat' dir='ltr'><strong>luna:</strong></span> <span class='ocrx_word' id='word_1_622' title='bbox 1695 1340 1704 1352; x_wconf 89' lang='grc'>,</span> <span class='ocrx_word' id='word_1_623' title='bbox 1727 1325 1757 1347; x_wconf 84' lang='lat' dir='ltr'><strong>et</strong></span> <span class='ocrx_word' id='word_1_624' title='bbox 1777 1321 1839 1348; x_wconf 89' lang='lat' dir='ltr'><strong>indi-</strong></span> 
     </span>
    </p>
   </div>
   <div class='ocr_carea' id='block_1_87' title="bbox 1047 1364 1843 1401">
    <p class='ocr_par' dir='ltr' id='par_1_87' title="bbox 1047 1364 1843 1401">
     <span class='ocr_line' id='line_1_88' title="bbox 1047 1364 1843 1401; baseline -0.004 -7"><span class='ocrx_word' id='word_1_625' title='bbox 1047 1367 1145 1395; x_wconf 86' lang='lat' dir='ltr'><strong>ctionis</strong></span> <span class='ocrx_word' id='word_1_626' title='bbox 1161 1366 1262 1401; x_wconf 63' lang='lat' dir='ltr'><strong>praebet</strong></span> <span class='ocrx_word' id='word_1_627' title='bbox 1277 1365 1472 1396; x_wconf 82' lang='lat' dir='ltr'><strong>Romanorum,</strong></span> <span class='ocrx_word' id='word_1_628' title='bbox 1498 1372 1531 1392; x_wconf 91' lang='lat' dir='ltr'><strong>ac</strong></span> <span class='ocrx_word' id='word_1_629' title='bbox 1551 1364 1658 1392; x_wconf 89' lang='lat' dir='ltr'><strong>Juliani</strong></span> <span class='ocrx_word' id='word_1_630' title='bbox 1678 1366 1751 1392; x_wconf 88' lang='lat' dir='ltr'><strong>anni</strong></span> <span class='ocrx_word' id='word_1_631' title='bbox 1768 1373 1843 1400; x_wconf 82' lang='lat' dir='ltr'><strong>pecu-</strong></span> 
     </span>
    </p>
   </div>
   <div class='ocr_carea' id='block_1_88' title="bbox 1047 1411 1841 1446">
    <p class='ocr_par' dir='ltr' id='par_1_88' title="bbox 1047 1411 1841 1446">
     <span class='ocr_line' id='line_1_89' title="bbox 1047 1411 1841 1446; baseline -0.001 -6"><span class='ocrx_word' id='word_1_632' title='bbox 1047 1414 1140 1440; x_wconf 89' lang='lat' dir='ltr'><strong>liares.</strong></span> <span class='ocrx_word' id='word_1_633' title='bbox 1157 1412 1268 1440; x_wconf 73' lang='lat' dir='ltr'><strong>Graccus</strong></span> <span class='ocrx_word' id='word_1_634' title='bbox 1284 1419 1351 1439; x_wconf 89' lang='lat' dir='ltr'><strong>vero</strong></span> <span class='ocrx_word' id='word_1_635' title='bbox 1372 1416 1516 1446; x_wconf 89' lang='lat' dir='ltr'><strong>computus</strong></span> <span class='ocrx_word' id='word_1_636' title='bbox 1534 1411 1632 1438; x_wconf 87' lang='lat' dir='ltr'><strong>saltem</strong></span> <span class='ocrx_word' id='word_1_637' title='bbox 1646 1412 1764 1446; x_wconf 77' lang='lat' dir='ltr'><strong>cyclum</strong></span> <span class='ocrx_word' id='word_1_638' title='bbox 1781 1411 1841 1439; x_wconf 79' lang='lat' dir='ltr'><strong>solis</strong></span> 
     </span>
    </p>
   </div>
   <div class='ocr_carea' id='block_1_89' title="bbox 1048 1455 1843 1491">
    <p class='ocr_par' dir='ltr' id='par_1_89' title="bbox 1048 1455 1843 1491">
     <span class='ocr_line' id='line_1_90' title="bbox 1048 1455 1843 1491; baseline -0.003 -7"><span class='ocrx_word' id='word_1_639' title='bbox 1048 1458 1185 1485; x_wconf 88' lang='lat' dir='ltr'><strong>diversum</strong></span> <span class='ocrx_word' id='word_1_640' title='bbox 1198 1457 1319 1484; x_wconf 87' lang='lat' dir='ltr'><strong>exhibet.</strong></span> <span class='ocrx_word' id='word_1_641' title='bbox 1335 1456 1402 1483; x_wconf 85' lang='lat' dir='ltr'><strong>Nam</strong></span> <span class='ocrx_word' id='word_1_642' title='bbox 1418 1455 1621 1483; x_wconf 87' lang='lat' dir='ltr'><strong>Alexandrinus</strong></span> <span class='ocrx_word' id='word_1_643' title='bbox 1638 1456 1667 1482; x_wconf 93' lang='lat' dir='ltr'><strong>in</strong></span> <span class='ocrx_word' id='word_1_644' title='bbox 1681 1456 1760 1483; x_wconf 70' lang='lat' dir='ltr'><strong>lunae</strong></span> <span class='ocrx_word' id='word_1_645' title='bbox 1772 1457 1843 1491; x_wconf 75' lang='lat' dir='ltr'><strong>cyeio</strong></span> 
     </span>
    </p>
   </div>
   <div class='ocr_carea' id='block_1_90' title="bbox 1048 1501 1842 1535">
    <p class='ocr_par' dir='ltr' id='par_1_90' title="bbox 1048 1501 1842 1535">
     <span class='ocr_line' id='line_1_91' title="bbox 1048 1501 1842 1535; baseline -0.004 -4"><span class='ocrx_word' id='word_1_646' title='bbox 1048 1503 1185 1535; x_wconf 87' lang='lat' dir='ltr'><strong>convenit,</strong></span> <span class='ocrx_word' id='word_1_647' title='bbox 1202 1502 1379 1530; x_wconf 90' lang='lat' dir='ltr'><strong>indictionem</strong></span> <span class='ocrx_word' id='word_1_648' title='bbox 1392 1501 1496 1528; x_wconf 89' lang='lat' dir='ltr'><strong>unitate</strong></span> <span class='ocrx_word' id='word_1_649' title='bbox 1505 1501 1641 1528; x_wconf 87' lang='lat' dir='ltr'><strong>minorem</strong></span> <span class='ocrx_word' id='word_1_650' title='bbox 1658 1501 1759 1530; x_wconf 86' lang='lat' dir='ltr'><strong>habet.</strong></span> <span class='ocrx_word' id='word_1_651' title='bbox 1773 1501 1842 1529; x_wconf 85' lang='lat' dir='ltr'><strong>Con-</strong></span> 
     </span>
    </p>
   </div>
   <div class='ocr_carea' id='block_1_91' title="bbox 1049 1546 1843 1584">
    <p class='ocr_par' dir='ltr' id='par_1_91' title="bbox 1049 1546 1843 1584">
     <span class='ocr_line' id='line_1_92' title="bbox 1049 1546 1843 1584; baseline -0.004 -7"><span class='ocrx_word' id='word_1_652' title='bbox 1049 1549 1320 1584; x_wconf 89' lang='lat' dir='ltr'><strong>stantinopolitanus,</strong></span> <span class='ocrx_word' id='word_1_653' title='bbox 1348 1548 1432 1575; x_wconf 88' lang='lat' dir='ltr'><strong>solam</strong></span> <span class='ocrx_word' id='word_1_654' title='bbox 1448 1546 1622 1574; x_wconf 89' lang='lat' dir='ltr'><strong>indictionem</strong></span> <span class='ocrx_word' id='word_1_655' title='bbox 1647 1554 1716 1574; x_wconf 87' lang='lat' dir='ltr'><strong>cum</strong></span> <span class='ocrx_word' id='word_1_656' title='bbox 1737 1547 1843 1574; x_wconf 74' lang='lat' dir='ltr'><strong>Julian:</strong></span> 
     </span>
    </p>
   </div>
   <div class='ocr_carea' id='block_1_92' title="bbox 1048 1592 1841 1631">
    <p class='ocr_par' dir='ltr' id='par_1_92' title="bbox 1048 1592 1841 1631">
     <span class='ocr_line' id='line_1_93' title="bbox 1048 1592 1841 1631; baseline -0.005 -8"><span class='ocrx_word' id='word_1_657' title='bbox 1048 1595 1161 1631; x_wconf 86' lang='lat' dir='ltr'><strong>periodo</strong></span> <span class='ocrx_word' id='word_1_658' title='bbox 1179 1601 1350 1622; x_wconf 91' lang='lat' dir='ltr'><strong>communem</strong></span> <span class='ocrx_word' id='word_1_659' title='bbox 1365 1592 1454 1628; x_wconf 85' lang='lat' dir='ltr'><strong>parit;</strong></span> <span class='ocrx_word' id='word_1_660' title='bbox 1469 1593 1574 1628; x_wconf 89' lang='lat' dir='ltr'><strong>cyclum</strong></span> <span class='ocrx_word' id='word_1_661' title='bbox 1589 1592 1665 1620; x_wconf 65' lang='lat' dir='ltr'><strong>lunae</strong></span> <span class='ocrx_word' id='word_1_662' title='bbox 1680 1592 1841 1620; x_wconf 83' lang='lat' dir='ltr'><strong>Judaieum.</strong></span> 
     </span>
    </p>
   </div>
   <div class='ocr_carea' id='block_1_93' title="bbox 1048 1636 1842 1672">
    <p class='ocr_par' dir='ltr' id='par_1_93' title="bbox 1048 1636 1842 1672">
     <span class='ocr_line' id='line_1_94' title="bbox 1048 1636 1842 1672; baseline -0.001 -6"><span class='ocrx_word' id='word_1_663' title='bbox 1048 1638 1181 1672; x_wconf 87' lang='lat' dir='ltr'><strong>Quocirca</strong></span> <span class='ocrx_word' id='word_1_664' title='bbox 1205 1638 1372 1666; x_wconf 86' lang='lat' dir='ltr'><strong>discriminis</strong></span> <span class='ocrx_word' id='word_1_665' title='bbox 1400 1645 1501 1669; x_wconf 86' lang='lat' dir='ltr'><strong>causa,</strong></span> <span class='ocrx_word' id='word_1_666' title='bbox 1526 1636 1667 1664; x_wconf 89' lang='lat' dir='ltr'><strong>Julianam</strong></span> <span class='ocrx_word' id='word_1_667' title='bbox 1697 1639 1842 1672; x_wconf 79' lang='lat' dir='ltr'><strong>periodum</strong></span> 
     </span>
    </p>
   </div>
   <div class='ocr_carea' id='block_1_94' title="bbox 1048 1681 1842 1719">
    <p class='ocr_par' dir='ltr' id='par_1_94' title="bbox 1048 1681 1842 1719">
     <span class='ocr_line' id='line_1_95' title="bbox 1048 1681 1842 1719; baseline 0 -9"><span class='ocrx_word' id='word_1_668' title='bbox 1048 1684 1217 1719; x_wconf 85' lang='lat' dir='ltr'><strong>appellamus</strong></span> <span class='ocrx_word' id='word_1_669' title='bbox 1233 1690 1305 1715; x_wconf 89' lang='lat' dir='ltr'><strong>eam,</strong></span> <span class='ocrx_word' id='word_1_670' title='bbox 1319 1691 1380 1718; x_wconf 60' lang='lat' dir='ltr'><strong>quat</strong></span> <span class='ocrx_word' id='word_1_671' title='bbox 1392 1681 1524 1711; x_wconf 72' lang='lat' dir='ltr'><strong>Romanis</strong></span> <span class='ocrx_word' id='word_1_672' title='bbox 1535 1683 1620 1718; x_wconf 79' lang='lat' dir='ltr'><strong>cyclis</strong></span> <span class='ocrx_word' id='word_1_673' title='bbox 1632 1684 1723 1710; x_wconf 84' lang='lat' dir='ltr'><strong>servit</strong></span> <span class='ocrx_word' id='word_1_674' title='bbox 1746 1693 1753 1710; x_wconf 93' lang='lat'>:</span> <span class='ocrx_word' id='word_1_675' title='bbox 1769 1691 1842 1710; x_wconf 63' lang='lat' dir='ltr'><strong>como</strong></span> 
     </span>
    </p>
   </div>
   <div class='ocr_carea' id='block_1_95' title="bbox 1047 1729 1839 1767">
    <p class='ocr_par' dir='ltr' id='par_1_95' title="bbox 1047 1729 1839 1767">
     <span class='ocr_line' id='line_1_96' title="bbox 1047 1729 1839 1767; baseline -0.004 -9"><span class='ocrx_word' id='word_1_676' title='bbox 1047 1735 1143 1767; x_wconf 87' lang='lat' dir='ltr'><strong>putum</strong></span> <span class='ocrx_word' id='word_1_677' title='bbox 1165 1738 1229 1758; x_wconf 87' lang='lat' dir='ltr'><strong>vero</strong></span> <span class='ocrx_word' id='word_1_678' title='bbox 1253 1729 1390 1762; x_wconf 66' lang='lat' dir='ltr'><strong>Graecum,</strong></span> <span class='ocrx_word' id='word_1_679' title='bbox 1415 1729 1459 1756; x_wconf 92' lang='lat' dir='ltr'><strong>vel</strong></span> <span class='ocrx_word' id='word_1_680' title='bbox 1485 1735 1587 1760; x_wconf 72' lang='lat' dir='ltr'><strong>aet-am,</strong></span> <span class='ocrx_word' id='word_1_681' title='bbox 1611 1736 1670 1755; x_wconf 87' lang='lat' dir='ltr'><strong>non</strong></span> <span class='ocrx_word' id='word_1_682' title='bbox 1697 1729 1839 1763; x_wconf 80' lang='lat' dir='ltr'><strong>periodum</strong></span> 
     </span>
    </p>
   </div>
   <div class='ocr_carea' id='block_1_96' title="bbox 1047 1774 1835 1809">
    <p class='ocr_par' dir='ltr' id='par_1_96' title="bbox 1047 1774 1835 1809">
     <span class='ocr_line' id='line_1_97' title="bbox 1047 1774 1835 1809; baseline -0.005 -5"><span class='ocrx_word' id='word_1_683' title='bbox 1047 1777 1232 1804; x_wconf 85' lang='lat' dir='ltr'><strong>nominamus.</strong></span> <span class='ocrx_word' id='word_1_684' title='bbox 1257 1775 1383 1803; x_wconf 87' lang='lat' dir='ltr'><strong>Secunda</strong></span> <span class='ocrx_word' id='word_1_685' title='bbox 1408 1774 1500 1801; x_wconf 89' lang='lat' dir='ltr'><strong>tabula</strong></span> <span class='ocrx_word' id='word_1_686' title='bbox 1525 1774 1633 1809; x_wconf 85' lang='lat' dir='ltr'><strong>cyclum</strong></span> <span class='ocrx_word' id='word_1_687' title='bbox 1668 1775 1740 1801; x_wconf 88' lang='lat' dir='ltr'><strong>solis</strong></span> <span class='ocrx_word' id='word_1_688' title='bbox 1768 1782 1835 1801; x_wconf 55' lang='lat' dir='ltr'><strong>con»</strong></span> 
     </span>
    </p>
   </div>
   <div class='ocr_carea' id='block_1_97' title="bbox 1049 1820 1837 1859">
    <p class='ocr_par' dir='ltr' id='par_1_97' title="bbox 1049 1820 1837 1859">
     <span class='ocr_line' id='line_1_98' title="bbox 1049 1820 1837 1859; baseline -0.005 -9"><span class='ocrx_word' id='word_1_689' title='bbox 1049 1823 1178 1859; x_wconf 84' lang='lat' dir='ltr'><strong>plectitur</strong></span> <span class='ocrx_word' id='word_1_690' title='bbox 1195 1829 1256 1849; x_wconf 90' lang='lat' dir='ltr'><strong>cum</strong></span> <span class='ocrx_word' id='word_1_691' title='bbox 1282 1822 1387 1856; x_wconf 89' lang='lat' dir='ltr'><strong>epactis</strong></span> <span class='ocrx_word' id='word_1_692' title='bbox 1413 1821 1491 1854; x_wconf 87' lang='lat' dir='ltr'><strong>solis,</strong></span> <span class='ocrx_word' id='word_1_693' title='bbox 1510 1820 1567 1847; x_wconf 86' lang='lat' dir='ltr'><strong>sive</strong></span> <span class='ocrx_word' id='word_1_694' title='bbox 1590 1820 1837 1851; x_wconf 82' lang='lat' dir='ltr'><strong>concurrentibus;</strong></span> 
     </span>
    </p>
   </div>
   <div class='ocr_carea' id='block_1_98' title="bbox 1049 1866 1837 1904">
    <p class='ocr_par' dir='ltr' id='par_1_98' title="bbox 1049 1866 1837 1904">
     <span class='ocr_line' id='line_1_99' title="bbox 1049 1866 1837 1904; baseline -0.004 -9"><span class='ocrx_word' id='word_1_695' title='bbox 1049 1868 1096 1904; x_wconf 91' lang='lat' dir='ltr'><strong>qui</strong></span> <span class='ocrx_word' id='word_1_696' title='bbox 1114 1868 1142 1895; x_wconf 92' lang='lat' dir='ltr'><strong>in</strong></span> <span class='ocrx_word' id='word_1_697' title='bbox 1161 1871 1277 1902; x_wconf 88' lang='lat' dir='ltr'><strong>utroque</strong></span> <span class='ocrx_word' id='word_1_698' title='bbox 1296 1871 1425 1901; x_wconf 91' lang='lat' dir='ltr'><strong>computo</strong></span> <span class='ocrx_word' id='word_1_699' title='bbox 1448 1867 1537 1894; x_wconf 90' lang='lat' dir='ltr'><strong>locum</strong></span> <span class='ocrx_word' id='word_1_700' title='bbox 1553 1866 1667 1893; x_wconf 86' lang='lat' dir='ltr'><strong>habent.</strong></span> <span class='ocrx_word' id='word_1_701' title='bbox 1681 1866 1837 1900; x_wconf 83' lang='lat' dir='ltr'><strong>Adjecimus</strong></span> 
     </span>
    </p>
   </div>
   <div class='ocr_carea' id='block_1_99' title="bbox 1049 1912 1836 1948">
    <p class='ocr_par' dir='ltr' id='par_1_99' title="bbox 1049 1912 1836 1948">
     <span class='ocr_line' id='line_1_100' title="bbox 1049 1912 1836 1948; baseline -0.004 -7"><span class='ocrx_word' id='word_1_702' title='bbox 1049 1918 1077 1942; x_wconf 91' lang='lat' dir='ltr'><strong>et</strong></span> <span class='ocrx_word' id='word_1_703' title='bbox 1088 1913 1269 1941; x_wconf 89' lang='lat' dir='ltr'><strong>Dominicales</strong></span> <span class='ocrx_word' id='word_1_704' title='bbox 1282 1913 1398 1945; x_wconf 89' lang='lat' dir='ltr'><strong>litteras,</strong></span> <span class='ocrx_word' id='word_1_705' title='bbox 1420 1920 1476 1940; x_wconf 89' lang='lat' dir='ltr'><strong>non</strong></span> <span class='ocrx_word' id='word_1_706' title='bbox 1489 1920 1550 1948; x_wconf 73' lang='lat' dir='ltr'><strong>quae</strong></span> <span class='ocrx_word' id='word_1_707' title='bbox 1565 1912 1645 1947; x_wconf 87' lang='lat' dir='ltr'><strong>cyclo</strong></span> <span class='ocrx_word' id='word_1_708' title='bbox 1665 1912 1753 1939; x_wconf 84' lang='lat' dir='ltr'><strong>solari</strong></span> <span class='ocrx_word' id='word_1_709' title='bbox 1769 1912 1836 1939; x_wconf 65' lang='lat' dir='ltr'><strong>Gr:-</strong></span> 
     </span>
    </p>
   </div>
   <div class='ocr_carea' id='block_1_100' title="bbox 1050 1958 1835 1995">
    <p class='ocr_par' dir='ltr' id='par_1_100' title="bbox 1050 1958 1835 1995">
     <span class='ocr_line' id='line_1_101' title="bbox 1050 1958 1835 1995; baseline -0.004 -8"><span class='ocrx_word' id='word_1_710' title='bbox 1050 1968 1082 1988; x_wconf 94' lang='lat' dir='ltr'><strong>co</strong></span> <span class='ocrx_word' id='word_1_711' title='bbox 1100 1963 1273 1995; x_wconf 77' lang='lat' dir='ltr'><strong>congruunt;</strong></span> <span class='ocrx_word' id='word_1_712' title='bbox 1293 1959 1339 1987; x_wconf 87' lang='lat' dir='ltr'><strong>sed</strong></span> <span class='ocrx_word' id='word_1_713' title='bbox 1351 1967 1414 1994; x_wconf 75' lang='lat' dir='ltr'><strong>quze</strong></span> <span class='ocrx_word' id='word_1_714' title='bbox 1427 1958 1550 1986; x_wconf 80' lang='lat' dir='ltr'><strong>Romano</strong></span> <span class='ocrx_word' id='word_1_715' title='bbox 1569 1958 1738 1985; x_wconf 89' lang='lat' dir='ltr'><strong>tribuuntur</strong></span> <span class='ocrx_word' id='word_1_716' title='bbox 1751 1958 1835 1993; x_wconf 86' lang='lat' dir='ltr'><strong>:quod</strong></span> 
     </span>
    </p>
   </div>
   <div class='ocr_carea' id='block_1_101' title="bbox 1049 2005 1837 2039">
    <p class='ocr_par' dir='ltr' id='par_1_101' title="bbox 1049 2005 1837 2039">
     <span class='ocr_line' id='line_1_102' title="bbox 1049 2005 1837 2039; baseline -0.005 -5"><span class='ocrx_word' id='word_1_717' title='bbox 1049 2014 1082 2034; x_wconf 88' lang='lat' dir='ltr'><strong>eo</strong></span> <span class='ocrx_word' id='word_1_718' title='bbox 1104 2005 1230 2037; x_wconf 78' lang='lat' dir='ltr'><strong>fecimus.</strong></span> <span class='ocrx_word' id='word_1_719' title='bbox 1257 2009 1287 2032; x_wconf 88' lang='lat' dir='ltr'><strong>ut</strong></span> <span class='ocrx_word' id='word_1_720' title='bbox 1310 2005 1343 2032; x_wconf 89' lang='lat' dir='ltr'><strong>ad</strong></span> <span class='ocrx_word' id='word_1_721' title='bbox 1360 2013 1419 2033; x_wconf 91' lang='lat' dir='ltr'><strong>eam</strong></span> <span class='ocrx_word' id='word_1_722' title='bbox 1442 2005 1527 2032; x_wconf 87' lang='lat' dir='ltr'><strong>veluti</strong></span> <span class='ocrx_word' id='word_1_723' title='bbox 1552 2005 1676 2039; x_wconf 78' lang='lat' dir='ltr'><strong>regulam</strong></span> <span class='ocrx_word' id='word_1_724' title='bbox 1698 2012 1770 2032; x_wconf 87' lang='lat' dir='ltr'><strong>usus</strong></span> <span class='ocrx_word' id='word_1_725' title='bbox 1787 2011 1837 2030; x_wconf 85' lang='lat' dir='ltr'><strong>me-</strong></span> 
     </span>
    </p>
   </div>
   <div class='ocr_carea' id='block_1_102' title="bbox 1050 2050 1837 2086">
    <p class='ocr_par' dir='ltr' id='par_1_102' title="bbox 1050 2050 1837 2086">
     <span class='ocr_line' id='line_1_103' title="bbox 1050 2050 1837 2086; baseline -0.004 -7"><span class='ocrx_word' id='word_1_726' title='bbox 1050 2052 1125 2079; x_wconf 91' lang='lat' dir='ltr'><strong>thodi</strong></span> <span class='ocrx_word' id='word_1_727' title='bbox 1151 2051 1291 2086; x_wconf 85' lang='lat' dir='ltr'><strong>sequentis</strong></span> <span class='ocrx_word' id='word_1_728' title='bbox 1317 2051 1452 2086; x_wconf 81' lang='lat' dir='ltr'><strong>exigatur.</strong></span> <span class='ocrx_word' id='word_1_729' title='bbox 1477 2050 1544 2077; x_wconf 82' lang='lat' dir='ltr'><strong>Nam</strong></span> <span class='ocrx_word' id='word_1_730' title='bbox 1573 2055 1604 2077; x_wconf 91' lang='lat' dir='ltr'><strong>ut</strong></span> <span class='ocrx_word' id='word_1_731' title='bbox 1628 2051 1686 2078; x_wconf 88' lang='lat' dir='ltr'><strong>diei</strong></span> <span class='ocrx_word' id='word_1_732' title='bbox 1719 2051 1837 2084; x_wconf 69' lang='lat' dir='ltr'><strong>cujusvis</strong></span> 
     </span>
    </p>
   </div>
   <div class='ocr_carea' id='block_1_103' title="bbox 1050 2095 1837 2132">
    <p class='ocr_par' dir='ltr' id='par_1_103' title="bbox 1050 2095 1837 2132">
     <span class='ocr_line' id='line_1_104' title="bbox 1050 2095 1837 2132; baseline -0.001 -10"><span class='ocrx_word' id='word_1_733' title='bbox 1050 2096 1118 2123; x_wconf 86' lang='lat' dir='ltr'><strong>feria</strong></span> <span class='ocrx_word' id='word_1_734' title='bbox 1133 2104 1182 2132; x_wconf 91' lang='lat' dir='ltr'><strong>per</strong></span> <span class='ocrx_word' id='word_1_735' title='bbox 1195 2101 1401 2128; x_wconf 87' lang='lat' dir='ltr'><strong>concurrentes,</strong></span> <span class='ocrx_word' id='word_1_736' title='bbox 1417 2100 1444 2124; x_wconf 90' lang='lat' dir='ltr'><strong>et</strong></span> <span class='ocrx_word' id='word_1_737' title='bbox 1458 2096 1597 2131; x_wconf 67' lang='lat' dir='ltr'><strong>regmlares</strong></span> <span class='ocrx_word' id='word_1_738' title='bbox 1611 2095 1727 2123; x_wconf 85' lang='lat' dir='ltr'><strong>inventa</strong></span> <span class='ocrx_word' id='word_1_739' title='bbox 1743 2095 1837 2124; x_wconf 78' lang='lat' dir='ltr'><strong>fuerit;</strong></span> 
     </span>
    </p>
   </div>
   <div class='ocr_carea' id='block_1_104' title="bbox 1050 2137 1837 2177">
    <p class='ocr_par' dir='ltr' id='par_1_104' title="bbox 1050 2137 1837 2177">
     <span class='ocr_line' id='line_1_105' title="bbox 1050 2137 1837 2177; baseline -0.003 -9"><span class='ocrx_word' id='word_1_740' title='bbox 1050 2141 1158 2176; x_wconf 85' lang='lat' dir='ltr'><strong>probari</strong></span> <span class='ocrx_word' id='word_1_741' title='bbox 1174 2149 1222 2177; x_wconf 84' lang='lat' dir='ltr'><strong>per</strong></span> <span class='ocrx_word' id='word_1_742' title='bbox 1236 2140 1430 2168; x_wconf 80' lang='lat' dir='ltr'><strong>Dominicalem</strong></span> <span class='ocrx_word' id='word_1_743' title='bbox 1442 2137 1564 2168; x_wconf 82' lang='lat' dir='ltr'><strong>litteram</strong></span> <span class='ocrx_word' id='word_1_744' title='bbox 1582 2140 1705 2171; x_wconf 85' lang='lat' dir='ltr'><strong>debebit,</strong></span> <span class='ocrx_word' id='word_1_745' title='bbox 1722 2148 1759 2167; x_wconf 89' lang='lat' dir='ltr'><strong>ne</strong></span> <span class='ocrx_word' id='word_1_746' title='bbox 1775 2138 1837 2174; x_wconf 88' lang='lat' dir='ltr'><strong>quid</strong></span> 
     </span>
    </p>
   </div>
   <div class='ocr_carea' id='block_1_105' title="bbox 1049 2185 1838 2222">
    <p class='ocr_par' dir='ltr' id='par_1_105' title="bbox 1049 2185 1838 2222">
     <span class='ocr_line' id='line_1_106' title="bbox 1049 2185 1838 2222; baseline -0.001 -8"><span class='ocrx_word' id='word_1_747' title='bbox 1049 2187 1150 2214; x_wconf 88' lang='lat' dir='ltr'><strong>erroris</strong></span> <span class='ocrx_word' id='word_1_748' title='bbox 1165 2187 1327 2222; x_wconf 89' lang='lat' dir='ltr'><strong>obrepserit.</strong></span> <span class='ocrx_word' id='word_1_749' title='bbox 1343 2185 1446 2213; x_wconf 81' lang='lat' dir='ltr'><strong>Tabula</strong></span> <span class='ocrx_word' id='word_1_750' title='bbox 1463 2187 1541 2214; x_wconf 87' lang='lat' dir='ltr'><strong>tertia</strong></span> <span class='ocrx_word' id='word_1_751' title='bbox 1555 2191 1669 2221; x_wconf 87' lang='lat' dir='ltr'><strong>epactas</strong></span> <span class='ocrx_word' id='word_1_752' title='bbox 1682 2190 1838 2214; x_wconf 80' lang='lat' dir='ltr'><strong>menstruas</strong></span> 
     </span>
    </p>
   </div>
   <div class='ocr_carea' id='block_1_106' title="bbox 1051 2231 1837 2267">
    <p class='ocr_par' dir='ltr' id='par_1_106' title="bbox 1051 2231 1837 2267">
     <span class='ocr_line' id='line_1_107' title="bbox 1051 2231 1837 2267; baseline -0.004 -7"><span class='ocrx_word' id='word_1_753' title='bbox 1051 2232 1128 2264; x_wconf 87' lang='lat' dir='ltr'><strong>solis,</strong></span> <span class='ocrx_word' id='word_1_754' title='bbox 1157 2232 1214 2259; x_wconf 86' lang='lat' dir='ltr'><strong>sive</strong></span> <span class='ocrx_word' id='word_1_755' title='bbox 1239 2232 1377 2267; x_wconf 77' lang='lat' dir='ltr'><strong>regulares</strong></span> <span class='ocrx_word' id='word_1_756' title='bbox 1397 2231 1472 2258; x_wconf 83' lang='lat' dir='ltr'><strong>dabit</strong></span> <span class='ocrx_word' id='word_1_757' title='bbox 1488 2232 1515 2258; x_wconf 96' lang='lat' dir='ltr'><strong>in</strong></span> <span class='ocrx_word' id='word_1_758' title='bbox 1538 2231 1682 2259; x_wconf 87' lang='lat' dir='ltr'><strong>mensibus</strong></span> <span class='ocrx_word' id='word_1_759' title='bbox 1694 2231 1813 2259; x_wconf 90' lang='lat' dir='ltr'><strong>Julianis</strong></span> <span class='ocrx_word' id='word_1_760' title='bbox 1830 2241 1837 2257; x_wconf 88' lang='lat'>:</span> 
     </span>
    </p>
   </div>
   <div class='ocr_carea' id='block_1_107' title="bbox 1051 2276 1838 2313">
    <p class='ocr_par' dir='ltr' id='par_1_107' title="bbox 1051 2276 1838 2313">
     <span class='ocr_line' id='line_1_108' title="bbox 1051 2276 1838 2313; baseline -0.003 -8"><span class='ocrx_word' id='word_1_761' title='bbox 1051 2285 1120 2313; x_wconf 86' lang='lat' dir='ltr'><strong>quos</strong></span> <span class='ocrx_word' id='word_1_762' title='bbox 1133 2278 1242 2313; x_wconf 86' lang='lat' dir='ltr'><strong>quidem</strong></span> <span class='ocrx_word' id='word_1_763' title='bbox 1259 2277 1397 2312; x_wconf 77' lang='lat' dir='ltr'><strong>regulares</strong></span> <span class='ocrx_word' id='word_1_764' title='bbox 1415 2277 1452 2304; x_wconf 89' lang='lat' dir='ltr'><strong>ita</strong></span> <span class='ocrx_word' id='word_1_765' title='bbox 1467 2276 1666 2312; x_wconf 85' lang='lat' dir='ltr'><strong>disposuimus,</strong></span> <span class='ocrx_word' id='word_1_766' title='bbox 1692 2281 1726 2304; x_wconf 91' lang='lat' dir='ltr'><strong>ut</strong></span> <span class='ocrx_word' id='word_1_767' title='bbox 1745 2278 1838 2305; x_wconf 85' lang='lat' dir='ltr'><strong>eodem</strong></span> 
     </span>
    </p>
   </div>
   <div class='ocr_carea' id='block_1_108' title="bbox 1051 2323 1839 2358">
    <p class='ocr_par' dir='ltr' id='par_1_108' title="bbox 1051 2323 1839 2358">
     <span class='ocr_line' id='line_1_109' title="bbox 1051 2323 1839 2358; baseline 0 -8"><span class='ocrx_word' id='word_1_768' title='bbox 1051 2324 1129 2351; x_wconf 91' lang='lat' dir='ltr'><strong>initio</strong></span> <span class='ocrx_word' id='word_1_769' title='bbox 1148 2325 1257 2358; x_wconf 88' lang='lat' dir='ltr'><strong>utrique</strong></span> <span class='ocrx_word' id='word_1_770' title='bbox 1280 2327 1407 2358; x_wconf 90' lang='lat' dir='ltr'><strong>computo</strong></span> <span class='ocrx_word' id='word_1_771' title='bbox 1422 2323 1573 2358; x_wconf 87' lang='lat' dir='ltr'><strong>proposito,</strong></span> <span class='ocrx_word' id='word_1_772' title='bbox 1597 2324 1731 2350; x_wconf 86' lang='lat' dir='ltr'><strong>nimirum</strong></span> <span class='ocrx_word' id='word_1_773' title='bbox 1750 2324 1785 2350; x_wconf 89' lang='lat' dir='ltr'><strong>ab</strong></span> <span class='ocrx_word' id='word_1_774' title='bbox 1796 2323 1839 2350; x_wconf 79' lang='lat' dir='ltr'><strong>Ja-</strong></span> 
     </span>
    </p>
   </div>
   <div class='ocr_carea' id='block_1_109' title="bbox 1051 2368 1838 2402">
    <p class='ocr_par' dir='ltr' id='par_1_109' title="bbox 1051 2368 1838 2402">
     <span class='ocr_line' id='line_1_110' title="bbox 1051 2368 1838 2402; baseline -0.001 -6"><span class='ocrx_word' id='word_1_775' title='bbox 1051 2369 1163 2402; x_wconf 88' lang='lat' dir='ltr'><strong>nuario;</strong></span> <span class='ocrx_word' id='word_1_776' title='bbox 1191 2369 1307 2396; x_wconf 84' lang='lat' dir='ltr'><strong>varietas</strong></span> <span class='ocrx_word' id='word_1_777' title='bbox 1335 2369 1380 2395; x_wconf 89' lang='lat' dir='ltr'><strong>illa</strong></span> <span class='ocrx_word' id='word_1_778' title='bbox 1399 2369 1508 2400; x_wconf 88' lang='lat' dir='ltr'><strong>vitetur,</strong></span> <span class='ocrx_word' id='word_1_779' title='bbox 1531 2375 1592 2402; x_wconf 67' lang='lat' dir='ltr'><strong>quae</strong></span> <span class='ocrx_word' id='word_1_780' title='bbox 1614 2369 1643 2394; x_wconf 95' lang='lat' dir='ltr'><strong>in</strong></span> <span class='ocrx_word' id='word_1_781' title='bbox 1671 2368 1795 2400; x_wconf 79' lang='lat' dir='ltr'><strong>Maximi,</strong></span> <span class='ocrx_word' id='word_1_782' title='bbox 1814 2372 1838 2395; x_wconf 71' lang='lat' dir='ltr'><strong>et</strong></span> 
     </span>
    </p>
   </div>
   <div class='ocr_carea' id='block_1_110' title="bbox 1050 2413 1837 2449">
    <p class='ocr_par' dir='ltr' id='par_1_110' title="bbox 1050 2413 1837 2449">
     <span class='ocr_line' id='line_1_111' title="bbox 1050 2413 1837 2449; baseline -0.004 -6"><span class='ocrx_word' id='word_1_783' title='bbox 1050 2415 1135 2443; x_wconf 87' lang='lat' dir='ltr'><strong>lsaaci</strong></span> <span class='ocrx_word' id='word_1_784' title='bbox 1152 2415 1278 2442; x_wconf 90' lang='lat' dir='ltr'><strong>methodo</strong></span> <span class='ocrx_word' id='word_1_785' title='bbox 1293 2416 1423 2442; x_wconf 89' lang='lat' dir='ltr'><strong>cernitur.</strong></span> <span class='ocrx_word' id='word_1_786' title='bbox 1451 2413 1480 2441; x_wconf 87' lang='lat' dir='ltr'><strong>In</strong></span> <span class='ocrx_word' id='word_1_787' title='bbox 1498 2418 1622 2448; x_wconf 88' lang='lat' dir='ltr'><strong>quartam</strong></span> <span class='ocrx_word' id='word_1_788' title='bbox 1648 2415 1775 2441; x_wconf 86' lang='lat' dir='ltr'><strong>tabulam</strong></span> <span class='ocrx_word' id='word_1_789' title='bbox 1795 2422 1837 2449; x_wconf 74' lang='lat' dir='ltr'><strong>cy-</strong></span> 
     </span>
    </p>
   </div>
   <div class='ocr_carea' id='block_1_111' title="bbox 1051 2459 1837 2495">
    <p class='ocr_par' dir='ltr' id='par_1_111' title="bbox 1051 2459 1837 2495">
     <span class='ocr_line' id='line_1_112' title="bbox 1051 2459 1837 2495; baseline -0.003 -7"><span class='ocrx_word' id='word_1_790' title='bbox 1051 2462 1123 2489; x_wconf 93' lang='lat' dir='ltr'><strong>clum</strong></span> <span class='ocrx_word' id='word_1_791' title='bbox 1141 2462 1222 2494; x_wconf 70' lang='lat' dir='ltr'><strong>lunae,</strong></span> <span class='ocrx_word' id='word_1_792' title='bbox 1243 2468 1305 2487; x_wconf 92' lang='lat' dir='ltr'><strong>cum</strong></span> <span class='ocrx_word' id='word_1_793' title='bbox 1320 2460 1422 2495; x_wconf 87' lang='lat' dir='ltr'><strong>epactis</strong></span> <span class='ocrx_word' id='word_1_794' title='bbox 1433 2459 1541 2486; x_wconf 80' lang='lat' dir='ltr'><strong>Maximi</strong></span> <span class='ocrx_word' id='word_1_795' title='bbox 1563 2464 1591 2486; x_wconf 92' lang='lat' dir='ltr'><strong>et</strong></span> <span class='ocrx_word' id='word_1_796' title='bbox 1615 2459 1705 2486; x_wconf 87' lang='lat' dir='ltr'><strong>lsaaci</strong></span> <span class='ocrx_word' id='word_1_797' title='bbox 1721 2461 1837 2494; x_wconf 70' lang='lat' dir='ltr'><strong>canjeci—</strong></span> 
     </span>
    </p>
   </div>
   <div class='ocr_carea' id='block_1_112' title="bbox 1050 2506 1838 2541">
    <p class='ocr_par' dir='ltr' id='par_1_112' title="bbox 1050 2506 1838 2541">
     <span class='ocr_line' id='line_1_113' title="bbox 1050 2506 1838 2541; baseline -0.005 -5"><span class='ocrx_word' id='word_1_798' title='bbox 1050 2516 1112 2536; x_wconf 90' lang='lat' dir='ltr'><strong>mus</strong></span> <span class='ocrx_word' id='word_1_799' title='bbox 1138 2517 1145 2535; x_wconf 87' lang='lat'><strong>:</strong></span> <span class='ocrx_word' id='word_1_800' title='bbox 1168 2515 1218 2534; x_wconf 91' lang='lat' dir='ltr'><strong>nec</strong></span> <span class='ocrx_word' id='word_1_801' title='bbox 1244 2515 1299 2534; x_wconf 87' lang='lat' dir='ltr'><strong>non</strong></span> <span class='ocrx_word' id='word_1_802' title='bbox 1322 2506 1468 2534; x_wconf 87' lang='lat' dir='ltr'><strong>Paschales</strong></span> <span class='ocrx_word' id='word_1_803' title='bbox 1491 2506 1624 2532; x_wconf 89' lang='lat' dir='ltr'><strong>terminos</strong></span> <span class='ocrx_word' id='word_1_804' title='bbox 1649 2510 1678 2533; x_wconf 87' lang='lat' dir='ltr'><strong>et</strong></span> <span class='ocrx_word' id='word_1_805' title='bbox 1700 2507 1838 2541; x_wconf 70' lang='lat' dir='ltr'><strong>regulares</strong></span> 
     </span>
    </p>
   </div>
   <div class='ocr_carea' id='block_1_113' title="bbox 1050 2551 1836 2588">
    <p class='ocr_par' dir='ltr' id='par_1_113' title="bbox 1050 2551 1836 2588">
     <span class='ocr_line' id='line_1_114' title="bbox 1050 2551 1836 2588; baseline -0.004 -6"><span class='ocrx_word' id='word_1_806' title='bbox 1050 2555 1168 2586; x_wconf 88' lang='lat' dir='ltr'><strong>dierum,</strong></span> <span class='ocrx_word' id='word_1_807' title='bbox 1192 2554 1220 2580; x_wconf 88' lang='lat' dir='ltr'><strong>in</strong></span> <span class='ocrx_word' id='word_1_808' title='bbox 1245 2561 1314 2588; x_wconf 88' lang='lat' dir='ltr'><strong>quos</strong></span> <span class='ocrx_word' id='word_1_809' title='bbox 1333 2552 1456 2579; x_wconf 88' lang='lat' dir='ltr'><strong>incidunt</strong></span> <span class='ocrx_word' id='word_1_810' title='bbox 1474 2551 1593 2578; x_wconf 80' lang='lat' dir='ltr'><strong>termini.</strong></span> <span class='ocrx_word' id='word_1_811' title='bbox 1616 2551 1721 2586; x_wconf 71' lang='lat' dir='ltr'><strong>Cyclus</strong></span> <span class='ocrx_word' id='word_1_812' title='bbox 1738 2553 1836 2579; x_wconf 78' lang='lat' dir='ltr'><strong>lunaris</strong></span> 
     </span>
    </p>
   </div>
   <div class='ocr_carea' id='block_1_114' title="bbox 1050 2597 1833 2636">
    <p class='ocr_par' dir='ltr' id='par_1_114' title="bbox 1050 2597 1833 2636">
     <span class='ocr_line' id='line_1_115' title="bbox 1050 2597 1833 2636; baseline -0.004 -9"><span class='ocrx_word' id='word_1_813' title='bbox 1050 2601 1155 2636; x_wconf 90' lang='lat' dir='ltr'><strong>primus</strong></span> <span class='ocrx_word' id='word_1_814' title='bbox 1175 2599 1201 2626; x_wconf 95' lang='lat' dir='ltr'><strong>in</strong></span> <span class='ocrx_word' id='word_1_815' title='bbox 1222 2598 1308 2626; x_wconf 86' lang='lat' dir='ltr'><strong>lsaaci</strong></span> <span class='ocrx_word' id='word_1_816' title='bbox 1323 2602 1461 2632; x_wconf 85' lang='lat' dir='ltr'><strong>computo,</strong></span> <span class='ocrx_word' id='word_1_817' title='bbox 1477 2597 1534 2625; x_wconf 78' lang='lat' dir='ltr'><strong>sive</strong></span> <span class='ocrx_word' id='word_1_818' title='bbox 1555 2597 1833 2633; x_wconf 75' lang='lat' dir='ltr'><strong>Constantinopolita-</strong></span> 
     </span>
    </p>
   </div>
   <div class='ocr_carea' id='block_1_115' title="bbox 1050 2643 1835 2680">
    <p class='ocr_par' dir='ltr' id='par_1_115' title="bbox 1050 2643 1835 2680">
     <span class='ocr_line' id='line_1_116' title="bbox 1050 2643 1835 2680; baseline -0.004 -7"><span class='ocrx_word' id='word_1_819' title='bbox 1050 2654 1097 2679; x_wconf 90' lang='lat' dir='ltr'><strong>no,</strong></span> <span class='ocrx_word' id='word_1_820' title='bbox 1111 2649 1225 2680; x_wconf 91' lang='lat' dir='ltr'><strong>quartus</strong></span> <span class='ocrx_word' id='word_1_821' title='bbox 1248 2649 1291 2672; x_wconf 87' lang='lat' dir='ltr'><strong>est</strong></span> <span class='ocrx_word' id='word_1_822' title='bbox 1306 2644 1374 2678; x_wconf 82' lang='lat' dir='ltr'><strong>cycli</strong></span> <span class='ocrx_word' id='word_1_823' title='bbox 1390 2643 1515 2676; x_wconf 79' lang='lat' dir='ltr'><strong>Romani,</strong></span> <span class='ocrx_word' id='word_1_824' title='bbox 1537 2650 1621 2677; x_wconf 89' lang='lat' dir='ltr'><strong>quem</strong></span> <span class='ocrx_word' id='word_1_825' title='bbox 1638 2643 1770 2670; x_wconf 86' lang='lat' dir='ltr'><strong>eumdem</strong></span> <span class='ocrx_word' id='word_1_826' title='bbox 1782 2650 1835 2670; x_wconf 72' lang='lat' dir='ltr'><strong>esse</strong></span> 
     </span>
    </p>
   </div>
   <div class='ocr_carea' id='block_1_116' title="bbox 1050 2688 1832 2724">
    <p class='ocr_par' dir='ltr' id='par_1_116' title="bbox 1050 2688 1832 2724">
     <span class='ocr_line' id='line_1_117' title="bbox 1050 2688 1832 2724; baseline -0.008 -5"><span class='ocrx_word' id='word_1_827' title='bbox 1050 2691 1193 2719; x_wconf 89' lang='lat' dir='ltr'><strong>docuimus</strong></span> <span class='ocrx_word' id='word_1_828' title='bbox 1218 2698 1280 2717; x_wconf 87' lang='lat' dir='ltr'><strong>cum</strong></span> <span class='ocrx_word' id='word_1_829' title='bbox 1295 2690 1371 2724; x_wconf 84' lang='lat' dir='ltr'><strong>cyclo</strong></span> <span class='ocrx_word' id='word_1_830' title='bbox 1386 2689 1494 2715; x_wconf 81' lang='lat' dir='ltr'><strong>Maximi</strong></span> <span class='ocrx_word' id='word_1_831' title='bbox 1520 2692 1547 2715; x_wconf 84' lang='lat' dir='ltr'><strong>et</strong></span> <span class='ocrx_word' id='word_1_832' title='bbox 1571 2688 1754 2716; x_wconf 77' lang='lat' dir='ltr'><strong>Alexandrini</strong></span> <span class='ocrx_word' id='word_1_833' title='bbox 1768 2697 1832 2716; x_wconf 85' lang='lat' dir='ltr'><strong>com-</strong></span> 
     </span>
    </p>
   </div>
   <div class='ocr_carea' id='block_1_117' title="bbox 1050 2734 1830 2773">
    <p class='ocr_par' dir='ltr' id='par_1_117' title="bbox 1050 2734 1830 2773">
     <span class='ocr_line' id='line_1_118' title="bbox 1050 2734 1830 2773; baseline -0.006 -9"><span class='ocrx_word' id='word_1_834' title='bbox 1050 2737 1119 2773; x_wconf 89' lang='lat' dir='ltr'><strong>puti.</strong></span> <span class='ocrx_word' id='word_1_835' title='bbox 1137 2737 1241 2764; x_wconf 87' lang='lat' dir='ltr'><strong>Idcirco</strong></span> <span class='ocrx_word' id='word_1_836' title='bbox 1255 2736 1433 2763; x_wconf 73' lang='lat' dir='ltr'><strong>termiuorun:</strong></span> <span class='ocrx_word' id='word_1_837' title='bbox 1460 2734 1567 2761; x_wconf 84' lang='lat' dir='ltr'><strong>diversa</strong></span> <span class='ocrx_word' id='word_1_838' title='bbox 1590 2735 1681 2762; x_wconf 74' lang='lat' dir='ltr'><strong>series</strong></span> <span class='ocrx_word' id='word_1_839' title='bbox 1704 2735 1830 2762; x_wconf 78' lang='lat' dir='ltr'><strong>instituta.</strong></span> 
     </span>
    </p>
   </div>
   <div class='ocr_carea' id='block_1_118' title="bbox 1051 2780 1831 2815">
    <p class='ocr_par' dir='ltr' id='par_1_118' title="bbox 1051 2780 1831 2815">
     <span class='ocr_line' id='line_1_119' title="bbox 1051 2780 1831 2815; baseline -0.006 -6"><span class='ocrx_word' id='word_1_840' title='bbox 1051 2783 1150 2815; x_wconf 86' lang='lat' dir='ltr'><strong>Quinta</strong></span> <span class='ocrx_word' id='word_1_841' title='bbox 1178 2782 1269 2808; x_wconf 85' lang='lat' dir='ltr'><strong>tabula</strong></span> <span class='ocrx_word' id='word_1_842' title='bbox 1294 2781 1433 2815; x_wconf 80' lang='lat' dir='ltr'><strong>regulares</strong></span> <span class='ocrx_word' id='word_1_843' title='bbox 1461 2780 1583 2807; x_wconf 85' lang='lat' dir='ltr'><strong>continet</strong></span> <span class='ocrx_word' id='word_1_844' title='bbox 1616 2780 1831 2807; x_wconf 79' lang='lat' dir='ltr'><strong>accommodatus</strong></span> 
     </span>
    </p>
   </div>
   <div class='ocr_carea' id='block_1_119' title="bbox 1051 2824 1830 2864">
    <p class='ocr_par' dir='ltr' id='par_1_119' title="bbox 1051 2824 1830 2864">
     <span class='ocr_line' id='line_1_120' title="bbox 1051 2824 1830 2864; baseline -0.008 -9"><span class='ocrx_word' id='word_1_845' title='bbox 1051 2830 1158 2864; x_wconf 91' lang='lat' dir='ltr'><strong>utrique</strong></span> <span class='ocrx_word' id='word_1_846' title='bbox 1182 2831 1326 2861; x_wconf 79' lang='lat' dir='ltr'><strong>computo,</strong></span> <span class='ocrx_word' id='word_1_847' title='bbox 1352 2827 1393 2853; x_wconf 90' lang='lat' dir='ltr'><strong>sic</strong></span> <span class='ocrx_word' id='word_1_848' title='bbox 1410 2831 1438 2853; x_wconf 91' lang='lat' dir='ltr'><strong>ut</strong></span> <span class='ocrx_word' id='word_1_849' title='bbox 1457 2825 1526 2852; x_wconf 89' lang='lat' dir='ltr'><strong>idem</strong></span> <span class='ocrx_word' id='word_1_850' title='bbox 1544 2825 1578 2852; x_wconf 89' lang='lat' dir='ltr'><strong>ad</strong></span> <span class='ocrx_word' id='word_1_851' title='bbox 1594 2826 1706 2853; x_wconf 89' lang='lat' dir='ltr'><strong>initium</strong></span> <span class='ocrx_word' id='word_1_852' title='bbox 1720 2824 1830 2853; x_wconf 84' lang='lat' dir='ltr'><strong>Januarii</strong></span> 
     </span>
    </p>
   </div>
   <div class='ocr_carea' id='block_1_120' title="bbox 1050 2871 1832 2906">
    <p class='ocr_par' dir='ltr' id='par_1_120' title="bbox 1050 2871 1832 2906">
     <span class='ocr_line' id='line_1_121' title="bbox 1050 2871 1832 2906; baseline -0.005 -4"><span class='ocrx_word' id='word_1_853' title='bbox 1050 2875 1188 2902; x_wconf 79' lang='lat' dir='ltr'><strong>facilitatis</strong></span> <span class='ocrx_word' id='word_1_854' title='bbox 1201 2881 1284 2902; x_wconf 87' lang='lat' dir='ltr'><strong>causa</strong></span> <span class='ocrx_word' id='word_1_855' title='bbox 1296 2873 1459 2901; x_wconf 73' lang='lat' dir='ltr'><strong>referantur.</strong></span> <span class='ocrx_word' id='word_1_856' title='bbox 1476 2871 1559 2899; x_wconf 86' lang='lat' dir='ltr'><strong>Sexta</strong></span> <span class='ocrx_word' id='word_1_857' title='bbox 1581 2872 1703 2906; x_wconf 86' lang='lat' dir='ltr'><strong>denique</strong></span> <span class='ocrx_word' id='word_1_858' title='bbox 1716 2871 1832 2906; x_wconf 80' lang='lat' dir='ltr'><strong>periodos</strong></span> 
     </span>
    </p>
   </div>
  </div>
