1888 3136
65 150 137 178 1449

541 152 766 180 DlSSEBTATlO
788 153 830 180 DE
850 152 1054 183 GRECORUM
1075 157 1178 186 ERIS.

1616 164 1626 191 1
1633 164 1685 192 450

103 208 225 241 Rursus,
248 209 318 237 scire
330 209 392 237 volo
406 214 506 246 quotus
527 211 610 238 trium
636 212 774 248 eyelorum
789 211 845 239 Ro-
861 215 884 242 Α
898 220 966 247 opus
996 218 1052 246 cst.
1071 215 1176 252 integro
1193 225 1307 246 numero
1331 219 1382 252 15;
1405 218 1546 256 ‘reliquum
1570 221 1624 249 duc
1654 223 1682 250 iu

64 261 211 281 manorum
236 261 367 290 congruat
390 257 469 284 anuis
498 257 593 291 primis
615 265 676 285 ama
696 258 847 292 utriusque.

64 300 151 327 Aufer
167 308 253 328 annos
270 283 339 328 5195
368 301 401 329 de
432 283 518 330 12694
533 322 541 335 ,
568 283 875 338 relinqueturanjuusy"l

64 345 147 373 7201.
164 345 246 381 igitur
273 354 360 374 anuus
385 348 489 382 primus
511 356 571 376 :erae
593 349 783 377 Alexandrinae
808 355 850 378 est

63 390 181 420 Julianae
198 393 301 427 periodi
319 393 405 425 7202⁷
432 395 477 421 0111
501 402 548 429 per
575 402 707 423 canouem
732 398 849 431 primum

64 437 181 465 debetur
193 439 286 472 cyclus
299 440 364 467 solis
379 448 414 472 γι,
432 441 503 467 lunaa
523 448 541 472 ι,
562 441 674 468 indictio
691 450 720 468 11.
737 442 801 470 ltem
817 443 850 470 de

63 484 155 511 12694
171 484 295 513 deductis
310 486 394 519 5509,
415 491 520 515 restant
546 488 623 515 7185.
652 487 737 523 igitur
761 496 849 517 annus

62 531 171 566 periodi
189 530 300 559 Juliante
316 532 383 560 7180
399 538 440 561 est
466 535 570 569 primus
585 542 645 562 zerae
659 534 850 563 Constantino-

62 576 203 610 politanar.
226 577 292 610 Quae
315 579 428 613 proinde
444 583 525 616 coepit
539 581 663 609 Romano
677 582 754 617 cyclo
780 583 848 610 solis

63 629 143 653 xvru,
159 623 229 651 luna:
245 631 281 655 tv,
296 624 450 654 indictiOnis
465 635 481 654 1.

100 669 141 696 Ex
163 670 204 697 his
227 671 417 705 compendium
435 674 548 701 canonis
578 674 665 701 oritur
693 674 846 709 ejusmodi:

62 715 176 742 invento
188 716 263 752 cyclo
278 718 343 745 solis
362 726 422 746 mra:
439 719 627 748 Alexandrina:
642 720 711 748 adde
730 721 757 753 5,
770 721 848 756 cyclo

62 761 138 788 lunae
154 762 181 794 0,
196 762 337 790 indictioni
356 763 368 790 1
383 764 536 793 :obtineliis
549 765 687 793 Romanos
699 767 771 795 illius
784 767 848 794 anni

62 807 179 841 cyclos;
197 807 502 844 Constantinopolitanae
517 819 582 838 vero
599 812 682 847 cyclis
699 813 778 845 adde,
800 821 847 840 so—

63 853 117 880 lari
131 853 164 880 17
175 873 182 886 ,
199 854 288 881 lunari
304 855 330 888 5,
347 855 489 884 indictioni
506 858 522 883 0
533 877 540 889 ,
561 862 591 885 ut
604 858 662 885 haec
682 859 780 886 tabella
796 859 846 886 do-

900 258 979 291 1064,
993 263 1019 287 01.
1033 259 1069 287 ad
1088 269 1223 289 summam
1241 263 1330 297 adjice
1347 264 1419 298 quod
1436 265 1572 300 superfuit
1586 266 1620 294 dc
1634 275 1684 295 no-

899 304 1011 333 vissima
1024 307 1158 335 divisione
1179 316 1226 342 per
1238 309 1300 336 552.
1318 309 1396 342 Quod
1422 311 1445 338 si
1464 320 1571 339 summa
1595 314 1683 349 major

900 356 941 378 est
956 360 1038 386 quam
1055 353 1133 385 7980,
1153 354 1225 382 hunc
1247 355 1336 390 ipsum
1353 365 1496 384 numerum
1517 366 1549 385 ex
1566 359 1611 386 illa
1636 361 1684 387 de-

900 399 987 426 trahe.
1004 399 1042 426 lta
1059 400 1102 427 fiet
1119 409 1207 428 annus
1222 402 1266 429 ille
1277 421 1284 434 ,
1303 403 1349 437 qui
1367 404 1526 439 requiritur,
1540 412 1572 431 ex
1589 413 1643 440 quo
1655 407 1683 433 111

899 443 1006 471 Iuliana
1017 446 1128 480 periodo
1144 448 1283 483 proprium
1303 455 1404 476 annum
1428 450 1501 477 illius
1515 452 1680 486 assequeris.

934 488 1092 525 Exemplum
1112 500 1119 519 :
1144 492 1297 520 Chronicon
1312 495 1523 522 Alexandrinum
1540 496 1683 531 migratio-

900 542 960 561 nem
981 535 1166 565 .lsraelitarum
1195 547 1226 566 ex
1246 539 1362 575 [Egypto
1381 542 1477 568 statuit
1491 549 1523 569 eo
1535 549 1616 575 anno,
1635 543 1682 577 qui

899 580 1004 615 cyclum
1020 581 1112 610 habuit
1126 584 1192 611 solis
1208 584 1235 616 2,
1255 585 1326 613 lunae
1339 586 1380 618 19,
1393 593 1456 613 cum
1471 587 1619 615 indictione
1637 588 1680 614 15.

899 627 996 659 Quaero
1013 633 1113 662 quotus
1132 629 1176 657 ille
1190 631 1309 665 computi
1328 630 1413 659 Graeci
1428 631 1519 665 fuerit,
1533 637 1559 660 et
1572 633 1682 670 quidem

899 672 1207 709 Constantinopolitani;
1224 676 1295 704 hunc
1303 677 1375 704 enim
1391 678 1441 705 iste
1452 682 1547 705 auctor
1559 679 1680 706 adhibet.

899 717 1018 746 Primum
1033 720 1112 747 editis
1136 722 1219 756 cyclis
1238 723 1303 750 solis
1325 731 1358 750 ac
1381 724 1460 758 lunae,
1481 725 1621 753 ducendus
1639 729 1683 754 est

899 764 991 798 cyclus
1007 765 1073 792 solis
1090 765 1107 792 2
1124 766 1153 792 111
1168 767 1212 798 57,
1233 767 1300 794 fiunt
1322 768 1382 796 114.
1405 768 1472 796 Tum
1488 770 1593 804 eyelum
1611 771 1680 798 lunae

901 809 932 836 19
948 809 981 836 de
997 809 1102 845 integro
1115 812 1191 846 cyclo
1201 812 1322 846 ejusdem
1339 814 1409 841 lunae
1424 815 1597 849 subtrahens,
1612 818 1680 845 resi-

899 854 981 881 duum
1000 855 1086 883 habeo
1102 856 1153 883 19:
1171 865 1250 892 quem
1266 866 1407 886 numerum
1421 867 1467 894 per
1475 861 1509 888 50
1519 862 1679 896 multiplico.

62 905 120 926 cet.
136 899 216 928 Verbi
230 901 319 935 gratia
333 909 421 931 anuus
433 903 631 932 Alexandrinus
645 905 713 933 7054
726 913 774 941 per
792 906 843 941 pri-

901 898 1023 926 Coniiunt
1043 900 1129 934 1064,
1148 909 1229 936 quam
1242 910 1377 930 summam
1392 904 1425 931 ad
1448 905 1565 940 priorem
1580 895 1680 942 adjicio

63 953 141 973 mum
160 953 292 974 01111011οη1

602 998 670 1026 solis
736 998 752 1025 5

382 1031 567 1058 Alexandrino
604 1034 673 1059 11111εο
734 1036 750 1060 υ

167 1080 244 1109 Adde
267 1082 344 1117 cyclo
602 1069 697 1119 ind'ict.

603 1114 668 1141 solis
717 1114 751 1140 17

367 1147 537 1175 Constantia.
605 1150 675 1175 lunae
734 1150 750 1175 5

600 1183 696 1211 indict.
734 1185 751 1211 0

60 1238 172 1273 cyclum
185 1238 249 1267 solis
266 1239 369 1267 obtinet
384 1239 419 1273 6;
436 1240 504 1268 adde
519 1241 546 1274 5,
567 1241 664 1269 ellicies
681 1241 723 1268 11.
749 1241 848 1277 Cyclus

59 1283 136 1309 lunae
152 1282 179 1314 4,
192 1282 292 1311 additis
303 1283 323 1310 0
335 1287 377 1311 est
389 1285 424 1318 4;
439 1285 551 1313 indictio
564 1285 607 1318 14,
618 1285 710 1313 addito
723 1286 734 1313 1
749 1290 792 1314 est
803 1287 846 1314 15.

61 1327 112 1355 Sic
125 1328 188 1355 anni
203 1328 495 1366 Constantinopolitani
514 1333 607 1367 cyclus
624 1333 690 1360 solis
701 1333 736 1359 22
750 1337 847 1361 auctus

60 1376 99 1403 17
111 1377 209 1404 transit
226 1377 253 1404 in
268 1377 427 1406 ‘Romanum
441 1381 488 1414 1i;
504 1380 618 1413 lunaris,
635 1380 734 1409 additis
745 1382 771 1413 5,
782 1389 815 1409 ex
825 1382 842 1411 ,1

60 1422 94 1448 fit
104 1422 135 1455 4;
148 1422 259 1450 1111110110
271 1424 365 1452 eadem
383 1431 424 1454 est
439 1426 483 1454 15.

100 1468 234 1496 Caeterum
254 1477 341 1498 annos
352 1471 414 1499 illos
428 1479 522 1500 omnes
532 1472 687 1501 Graecorum
702 1478 846 1510 computo-

59 1521 149 1541 ruma
161 1514 288 1543 Kalendis
302 1516 438 1545 Ianuariis
452 1519 625 1553 auspicamur
637 1528 644 1552 ;
660 1521 766 1548 tametsi
778 1521 845 1548 civi-

61 1559 100 1586 lis
114 1567 213 1592 annus,
225 1564 252 1587 et
272 1560 383 1589 indictio
398 1563 432 1590 ab
443 1563 619 1592 antecedente
635 1564 787 1600 Septembri
804 1567 845 1593 iu-
860 1568 880 1597 C

60 1605 185 1640 cipiant:
201 1606 275 1641 quod
302 1608 326 1635 si
348 1608 408 1643 quis
427 1609 525 1636 imitari
547 1611 681 1645 voluerit,
708 1611 846 1640 Romanos

60 1653 157 1687 cyclos
167 1653 271 1681 unitate
284 1654 387 1681 minuet
409 1655 436 1681 in
451 1662 584 1683 annorum
604 1658 773 1692 singulorum
798 1667 846 1686 ex-

60 1698 154 1726 ordio.
169 1699 295 1734 Idemque
308 1699 389 1727 faciet
405 1700 433 1727 in
445 1701 545 1730 Graecis
558 1702 639 1738 ipsis,
657 1704 696 1730 uti
709 1703 791 1736 feriae,
804 1705 846 1732 vel

61 1745 138 1772 lunae
150 1750 333 1780 consequatur
349 1751 456 1775 atatem
480 1747 508 1775 in
528 1749 622 1784 primis
643 1757 668 1777 IV
688 1751 844 1783 mensibus,

61 1798 97 1818 ex
113 1790 239 1818 melhodo
253 1793 422 1826 sequentium
437 1798 580 1822 canonum.

60 1848 156 1875 Canos
171 1847 213 1874 lll.
231 1848 308 1875 Datis
331 1850 411 1884 cyclis
430 1852 492 1878 solis
513 1860 543 1878 ac
558 1852 628 1879 luna:
644 1854 671 1879 in
695 1853 845 1881 Grarcormu

98 1884 228 1918 computi:
241 1903 248 1915 ,
276 1885 388 1912 invenire
404 1891 497 1922 quotus
517 1888 551 1914 sit
570 1896 654 1915 annus
681 1889 780 1922 periodi
803 1890 846 1916 Vi—

98 1920 273 1957 ctoriniauat
288 1928 385 1957 necnon
400 1920 432 1946 ab
455 1921 567 1948 Adamo.
589 1922 655 1949 IIem
670 1920 733 1950 dum
752 1930 846 1957 prwter

98 1953 160 1980 illos
170 1954 256 1991 cyclos
265 1954 416 1991 indictione,
426 1964 522 1983 annum
535 1962 588 1984 tam
604 1966 664 1985 aras
676 1953 845 1991 Grmcanicw,

97 1997 178 2029 quam
190 1989 291 2023 periodi
305 1989 430 2021 Julianw,
444 1992 470 2018 in
486 2000 560 2025 quem
574 1998 625 2019 tres
639 1994 680 2020 illi
696 1995 761 2029 ενι*ιί
779 1989 845 2022 inci;

97 2024 165 2050 dunt
173 2043 181 2055 ,
198 2032 296 2051 eruere.

98 2082 211 2118 Cyclum
224 2083 290 2112 solis
305 2084 407 2112 editum
423 2085 476 2112 duc
491 2085 518 2112 in
533 2087 567 2113 57
578 2107 584 2119 ,
601 2095 633 2114 ac
648 2096 782 2116 summam
799 2097 844 2117 re-

62 2135 154 2156 serva.
169 2127 271 2156 Deinde
282 2130 388 2165 cyclum
403 2131 473 2158 luna:
488 2131 565 2158 aufer
584 2140 617 2159 ex
637 2133 686 2166 19',
706 2137 752 2161 aut
772 2135 795 2162 si
811 2134 845 2161 19

63 2175 125 2209 ipse
135 2174 179 2206 sit,
193 2182 270 2202 sume
282 2175 326 2203 19.
343 2175 411 2204 Eum
424 2185 565 2204 numerum
577 2179 726 2214 multiplica
740 2188 788 2215 per
798 2181 843 2208 56.

898 944 959 976 114,
975 950 1003 972 ut
1017 945 1083 972 fiant
1098 947 1185 975 1178:
1201 948 1301 982 quibus
1318 957 1366 983 per
1379 949 1431 977 552
1449 951 1555 984 111νὶ515,
1575 953 1678 987 reliqua

897 995 959 1017 sunt
983 991 1042 1018 114.
1064 991 1180 1020 Proinde
1195 994 1351 1022 Chronicon
1364 996 1577 1024 Alexandrinum
1590 998 1679 1031 ἔξοδον

897 1035 1002 1064 confert
1017 1037 1044 1064 in
1058 1045 1159 1065 annum
1173 1039 1224 1065 114
1239 1039 1343 1074 periodi
1361 1040 1561 1070 Victoriuianae.
1582 1042 1616 1070 Ut
1632 1052 1681 1070 au—

897 1084 951 1107 tem
966 1081 1038 1109 scias
1053 1087 1152 1117 quotus
1167 1084 1202 1111 sit
1218 1084 1289 1111 idem
1301 1087 1419 1121 computi
1430 1087 1680 1124 Constantinopoli-

896 1126 964 1158 tani,
979 1128 1135 1162 conjectura
1150 1137 1218 1163 opus
1232 1135 1283 1158 est.
1306 1131 1438 1163 Quoniam
1451 1133 1534 1168 igitur
1549 1133 1635 1162 Graeci
1647 1143 1680 1162 ex

897 1171 967 1199 LXX
976 1173 1118 1201 Seniorum
1131 1175 1182 1202 ﬁde
1190 1183 1275 1204 annos
1287 1178 1367 1212 vulgo
1378 1183 1521 1206 numerant
1530 1181 1564 1207 ab
1576 1181 1679 1208 Adamo

897 1218 932 1245 ad
962 1218 1092 1247 diluvium
1118 1221 1200 1254 2242,
1216 1227 1243 1249 et
1266 1230 1280 1249 a
1309 1223 1410 1251 diluvio
1439 1225 1474 1252 ad
1496 1226 1679 1254 Abrahalnum

898 1263 976 1295 1172,
989 1271 1095 1292 summa
1107 1266 1243 1301 colligitur
1255 1268 1289 1295 ab
1301 1268 1405 1296 Adamo
1429 1270 1462 1297 ad
1485 1275 1574 1298 ortum
1593 1272 1680 1301 Abra-

898 1309 987 1342 hami,
1005 1318 1138 1338 annorum
1153 1313 1232 1340 5414.
1248 1313 1317 1341 Hinc
1333 1319 1423 1342 autem
1442 1317 1474 1343 ad
1492 1318 1679 1353 migrationem

897 1363 930 1383 ex
946 1355 1062 1393 Egypto
1079 1361 1174 1393 putant
1190 1366 1276 1388 annos
1296 1361 1405 1389 circiter
1416 1363 1479 1390 505.
1499 1365 1588 1397 Quare
1603 1366 1679 1393 colli-

897 1406 999 1436 guntur
1011 1404 1076 1430 anni
1087 1403 1144 1432 fere
1159 1405 1228 1433 5919
1241 1407 1276 1434 ab
1290 1407 1394 1435 Adamo
1412 1409 1446 1436 ad
1468 1409 1564 1441 ἔξοδον.
1583 1411 1617 1438 Ut
1633 1419 1680 1438 ac—

897 1452 1023 1476 curatum
1058 1457 1159 1478 annum
1192 1451 1293 1480 habeas
1327 1453 1502 1482 Alexandrini
1533 1455 1678 1489 Chronici,

897 1503 988 1530 qluere
1001 1495 1029 1522 in
1052 1497 1144 1524 tabula
1169 1506 1196 1525 vi
1219 1506 1320 1526 annum
1345 1501 1468 1534 proxime
1492 1502 1623 1530 minorem
1648 1512 1681 1531 eo

898 1549 977 1576 quem
993 1542 1142 1577 suspicaris
1158 1553 1164 1570 :
1180 1544 1227 1579 qui
1244 1548 1274 1571 ut
1292 1545 1380 1580 major
1395 1551 1437 1573 est
1455 1555 1528 1574 anno
1542 1548 1628 1582 5721,
1643 1549 1679 1576 ita

898 1587 988 1614 minor
1003 1587 1083 1615 4256.
1099 1588 1232 1621 Quocirca
1256 1598 1343 1618 annos
1369 1593 1472 1626 periodi
1488 1593 1681 1622 Victoriniana:

899 1631 960 1663 114,
976 1632 1044 1660 adde
1059 1633 1093 1660 ad
1104 1634 1184 1666 5724,
1199 1635 1299 1664 cilicies
1314 1645 1415 1664 annum
1442 1639 1522 1671 5858,
1543 1641 1590 1675 qui
1611 1641 1678 1668 divi-

898 1686 946 1705 sus
960 1686 1008 1713 per
1021 1680 1126 1715 cyclum
1145 1681 1210 1709 solis
1225 1689 1256 1709 ac
1271 1682 1353 1716 lunaz,
1368 1684 1462 1712 reddet
1477 1686 1543 1713 solis
1558 1687 1678 1721 quidem,

898 1725 1002 1757 cyclum
1014 1725 1123 1757 2,1una:
1138 1735 1202 1755 vero
1224 1728 1257 1755 19
1273 1738 1279 1756 :
1301 1730 1373 1763 quod
1387 1735 1448 1757 erat
1463 1733 1643 1767 propositum.

933 1769 1050 1805 Rursus,
1069 1772 1091 1799 si
1108 1777 1205 1807 praeter
1220 1773 1289 1801 duos
1301 1775 1362 1802 illos
1373 1777 1474 1811 cyclos,
1488 1777 1599 1806 indictio
1617 1779 1680 1806 data

898 1817 987 1850 51115,
1003 1825 1145 1845 numerum
1164 1819 1224 1852 114,
1242 1822 1288 1855 qui
1304 1825 1441 1855 postremo
1458 1824 1569 1851 relictus
1590 1830 1680 1852 estex

896 1863 1029 1890 divisione
1043 1870 1091 1898 per
1103 1864 1154 1891 552
1171 1865 1312 1900 instituta;
1330 1875 1378 1901 per
1394 1868 1428 1895 15
1442 1869 1553 1903 partior,
1576 1875 1681 1898 restant

896 1908 932 1935 9:
949 1908 982 1936 de
997 1916 1061 1943 quo,
1082 1909 1181 1937 additis
1198 1911 1249 1942 15,
1276 1912 1407 1940 subtraho
1423 1913 1473 1946 15,
1492 1914 1596 1950 reliqua
1611 1915 1681 1942 ﬁunt

897 1954 946 1987 11;
961 1963 1020 1989 qum
1041 1955 1063 1983 si
1077 1956 1211 1984 ducantur
1227 1959 1255 1984 in
1272 1958 1340 1985 1004
1352 1980 1360 1992 ,
1384 1967 1490 1986 summa
1505 1961 1556 1988 erit
1575 1961 1660 1988 11704
1671 1982 1678 1993 ,

896 2001 930 2027 ad
945 2009 1026 2036 quam
1041 2001 1129 2037 adiice
1144 2003 1211 2036 114,
1237 2008 1264 2032 et
1282 2012 1315 2032 ex
1338 2008 1396 2032 toto
1414 2006 1499 2033 11818
1514 2026 1522 2039 ,
1551 2009 1679 2042 quoniam

897 2047 966 2075 7980
993 2048 1117 2081 excedit,
1147 2049 1190 2077 his
1219 2049 1359 2083 deductis,
1392 2052 1554 2086 relinquitur
1591 2061 1680 2082 annus

896 2093 965 2120 5858
980 2104 986 2120 :
1005 2102 1020 2120 a
1039 2102 1092 2129 quo
1109 2095 1206 2123 ablatis
1223 2096 1283 2128 795,
1302 2097 1410 2124 exsistit
1425 2105 1513 2126 annus
1530 2099 1557 2126 in
1571 2097 1678 2126 Juliana

896 2140 1007 2174 periodo
1021 2141 1108 2174 5045,
1129 2142 1174 2176 qui
1199 2142 1343 2177 respondet
1360 2151 1432 2171 anno
1449 2143 1681 2181 Constantinopo.

898 2186 980 2212 litano
1002 2187 1081 2214 5858.
1106 2186 1162 2214 lloc
1192 2191 1222 2214 ut
1251 2195 1343 2216 verum
1369 2197 1430 2218 esse
1455 2198 1625 2227 cognoscas,
1646 2201 1679 2220 ex

61 2221 131 2254 Quae
153 2221 216 2248 inde
234 2225 363 2250 nascetur
379 2230 483 2250 summa
497 2244 504 2254 .
530 2231 589 2251 eam
615 2232 676 2252 cum
704 2227 845 2261 superiore
860 2241 883 2269 ι)
897 2232 1024 2260 methodo
1039 2234 1152 2261 canonis
1164 2235 1349 2263 antecedentis
1360 2256 1366 2267 ,
1389 2237 1423 2264 ad
1448 2238 1552 2273 cyclum
1580 2239 1647 2266 solis
1663 2239 1681 2265 2

61 2272 211 2300 compone,
231 2273 291 2300 quae
311 2274 344 2294 ex
361 2267 437 2302 cyclo
456 2268 522 2295 solis
538 2268 619 2296 ducto
646 2269 674 2296 in
693 2269 727 2297 57
746 2271 843 2298 oritur.

61 2311 201 2346 Quidquid
212 2319 246 2338 ex
260 2311 394 2340 ambobus
407 2312 552 2340 conﬂatum
576 2315 627 2341 erit
638 2334 646 2345 .
668 2316 770 2349 partire
797 2325 845 2352 per

61 2357 134 2389 552,
158 2357 298 2385 residuum
323 2359 374 2385 erit
397 2366 484 2387 annus
512 2360 615 2394 periodi
641 2360 844 2391 Victorinianm.

61 2403 123 2430 Hoc
137 2403 160 2430 si
175 2404 307 2438 adjeceris
323 2403 356 2431 ad
368 2411 468 2431 annum
480 2413 559 2440 quem
576 2407 699 2440 proxime
712 2408 844 2437 minorem

61 2456 137 2476 anno
151 2457 212 2477 terte
223 2448 322 2478 Graecae
337 2451 478 2486 proposito
494 2452 627 2486 suspicari
646 2456 723 2487 potes
736 2474 743 2486 ,
762 2455 788 2481 in
804 2459 843 2481 ta-

61 2495 128 2522 bula
139 2503 176 2527 vt,
189 2495 302 2524 habebis
314 2503 413 2523 annum
426 2496 562 2529 Graecum,
575 2498 653 2532 cujus
665 2500 767 2534 proprii
780 2505 843 2528 sunt

60 2542 134 2578 cycli
154 2542 220 2570 solis
243 2550 275 2569 ac
293 2543 364 2570 lunae
384 2543 411 2570 in
433 2544 582 2578 quaestione
604 2546 699 2579 positi:
720 2554 774 2581 quo
800 2548 842 2574 in-

59 2593 155 2621 vento,
172 2597 219 2624 per
236 2589 391 2617 methodum
407 2591 520 2618 canonis
537 2592 733 2624 antecedentis,
749 2595 844 2629 exqui-

60 2643 108 2663 res
124 2643 202 2670 quem
229 2635 254 2662 in
274 2643 374 2662 annum
395 2636 509 2664 Juliame
529 2638 649 2672 periodi,
677 2641 717 2667 vel
742 2641 843 2668 Christi

60 2686 207 2716 competat.
227 2681 303 2714 Quod
320 2683 341 2710 si
355 2687 483 2718 praeterea
494 2684 556 2711 data
571 2685 606 2712 sit
620 2685 733 2714 indictio
747 2697 753 2714 :
772 2689 843 2722 quod

58 2728 198 2763 superfuit
212 2728 245 2755 de
261 2728 353 2755 ultima
378 2729 512 2758 divisione
530 2731 595 2763 552,
613 2740 660 2767 per
686 2733 720 2760 15
734 2733 823 2761 divide
835 2755 841 2765 ,

59 2777 277 2806 accommodata,
293 2777 316 2804 si
329 2777 364 2803 ita
383 2785 494 2806 necesse
508 2779 673 2815 est,integra
687 2781 795 2815 periodo
810 2782 843 2808 15

59 2830 194 2851 annorum
210 2832 217 2850 :
232 2823 304 2858 quod
320 2824 382 2850 inde
397 2825 541 2859 supererit,
558 2826 654 2860 retine,
669 2831 696 2854 et
712 2827 841 2859 indidem,

58 2869 137 2897 aufer
167 2870 333 2905 propositam
361 2870 553 2904 indictionem,
581 2873 800 2909 accommodato,
818 2875 841 2902 si

217 2915 351 2946 PA'rnot.
374 2917 432 2947 Gn.
449 2917 534 2949 XIX.

896 2277 1226 2313 Coustantinopolitanum
1254 2280 1323 2308 adde
1344 2281 1408 2312 .17;
1440 2282 1474 2309 ad
1497 2283 1620 2311 lunarem
1646 2284 1680 2311 19

897 2323 964 2350 addc
979 2324 1005 2356 5,
1016 2328 1043 2351 et
1055 2323 1088 2350 ad
1102 2324 1276 2352 iudictionem
1304 2326 1338 2353 15
1362 2326 1430 2354 adde
1440 2327 1468 2359 0,
1485 2329 1614 2357 conficies
1630 2337 1678 2365 cy-

896 2369 954 2396 clos
969 2367 1101 2400 Iulianos,
1118 2368 1184 2396 solis
1199 2369 1231 2396 19
1246 2377 1307 2397 011111
1322 2370 1411 2398 littera
1423 2370 1461 2404 E;
1483 2372 1553 2399 lunae
1564 2373 1590 2405 5,
1608 2373 1679 2400 indi-

895 2414 1013 2441 ctionem
1029 2414 1082 2441 15:
1100 2422 1160 2448 qua:
1174 2416 1264 2441 omnia
1281 2422 1436 2451 congruunt
1457 2417 1483 2443 in
1506 2425 1608 2444 annum
1632 2426 1678 2453 pe-

895 2460 965 2487 riodi
978 2459 1091 2488 Iuliana:
1106 2460 1189 2493 5045,
1211 2461 1257 2496 qui
1281 2462 1447 2489 centesimus
1461 2467 1488 2490 et
1502 2464 1678 2499 quadragesi-

896 2514 956 2534 mus
971 2510 1013 2534 est
1029 2511 1091 2534 ante
1106 2514 1197 2533 veram
1213 2506 1344 2541 epocbam
1359 2507 1461 2539 Exodi,
1485 2516 1567 2543 quam
1584 2509 1611 2535 in
1628 2517 1677 2536 au-

896 2560 959 2578 num
976 2553 1081 2587 periodi
1094 2551 1208 2579 Juliauae
1227 2552 1393 2580 contulimus
1407 2553 1486 2580 5185.
1513 2554 1545 2580 Et
1566 2555 1675 2589 quidem

895 2598 1050 2626 Chronicon
1065 2599 1102 2625 ait
1115 2606 1186 2626 anno
1203 2599 1266 2631 illo,
1291 2606 1372 2633 quem
1391 2600 1617 2632 numerat-5858,
1639 2600 1677 2628 fe-

893 2643 963 2670 riam
982 2651 990 2669 l
1010 2645 1154 2679 contigisse
1171 2645 1270 2680 Aprilis
1285 2652 1345 2676 xm,
1361 2644 1511 2679 eodemque
1526 2645 1569 2673 die
1594 2654 1677 2680 quar-

894 2693 950 2716 tam
968 2689 1099 2717 decimam
1112 2691 1196 2719 Nisan
1210 2691 1354 2724 incidisse;
1371 2695 1401 2718 ut
1418 2691 1529 2718 minime
1552 2691 1678 2720 dubitan-

895 2735 959 2761 dum
977 2736 1023 2767 sit,
1041 2736 1105 2770 quin
1121 2741 1148 2764 et
1171 2745 1271 2765 aureus
1287 2746 1417 2765 numerus
1438 2737 1519 2764 fuerit
1534 2738 1564 2770 5,
1588 2743 1614 2766 et
1629 2747 1677 2774 ey-

894 2782 953 2809 clus
968 2783 1034 2809 solis
1050 2782 1092 2814 19,
1111 2783 1255 2819 litteraque
1271 2784 1447 2812 Dominicalis
1464 2783 1495 2810 E.

929 2828 1008 2856 Aliud
1026 2829 1178 2863 exemplum
1193 2838 1200 2856 :
1215 2829 1370 2857 Chronicon
1392 2829 1461 2859 idem
1480 2837 1581 2857 annum
1608 2837 1676 2857 con-

894 2879 989 2910 ceptus
1015 2873 1129 2902 Joannis
1157 2876 1334 2909 praecursoris
1360 2869 1485 2904 numerat
1510 2876 1544 2903 ab
1575 2877 1678 2904 Adamo
