1888 3136
205 155 269 182 MSS!

719 151 763 177 AD
783 150 915 177 EUSEBII
936 149 1130 178 CHRONICON
1150 150 1330 178 APPENDIX.

1775 151 1837 178 i453

204 214 284 246 3.505,
300 213 322 240 si
339 221 353 239 a
375 212 471 240 Martio
498 219 585 239 annus
607 211 748 238 inchoetur
759 232 767 244 ,
780 211 927 238 indictione
940 219 994 242 xw,
1011 213 1030 240 Α
1047 210 1112 237 feria
1129 219 1135 237 ι
1150 211 1250 245 Aprilis
1268 219 1293 237 ιχ
1309 211 1362 243 die,
1378 210 1608 246 quemadmodum
1629 210 1658 237 in
1679 209 1837 237 Graecorum

204 267 277 287 anno
293 259 397 293 imperii
411 257 525 293 Augusti
544 266 607 284 xxtx
624 266 630 284 :
647 265 707 291 qua!
718 265 778 284 esse
798 257 943 284 falsissima
955 265 988 283 ex

205 305 332 333 tucthodo
353 307 445 331 nostra
462 304 497 329 ita
511 303 681 337 colligemus.
710 301 810 328 Divisis
825 301 904 328 anuis
921 301 990 328 5505

205 359 253 386 per
262 350 307 382 ‘28,
321 348 484 383 relinquitur
498 348 565 375 solis
581 347 673 383 cyelus
690 347 720 373 17
737 355 744 379 ;
772 354 819 381 per
843 346 876 373 19
899 350 989 374 autetn

205 397 323 432 partitis,
337 394 527 430 relinquentur
543 393 586 420 M.
610 392 708 420 Verum
723 392 836 419 indictio
858 400 911 419 non
934 400 989 424 xw,

204 441 252 470 sed
271 449 305 468 xv
318 440 463 475 consurgit
476 448 509 467 ex
519 439 653 466 divisione
670 446 717 473 per
729 438 771 465 15.
787 438 929 470 Qttmralur
940 445 991 464 an-

205 495 256 514 nus
273 487 328 517 ille.
347 486 374 513 in
393 494 471 521 quetn
486 485 598 512 indictio
614 492 660 511 xtv
677 492 739 511 cttm
759 485 837 519 cyclo
855 484 920 511 solis
937 492 991 510 xvn

204 537 231 559 et
247 533 317 559 lunae
346 540 390 559 xw
405 537 560 559 concurrat.
578 530 698 557 l‘rimutn
723 530 805 557 ducto
827 530 903 565 cyclo
926 530 992 557 solis

204 578 236 604 17
260 578 287 604 in
301 577 345 608 57,
370 576 522 604 elﬁciuntur
542 575 615 609 969;
636 579 692 602 tum
717 575 814 601 ablatis
832 574 865 601 H
890 574 922 601 de
940 574 991 606 19,

205 627 309 650 restant
322 622 349 654 5,
366 629 426 656 quae
444 622 471 648 in
482 621 515 649 56
527 621 607 647 ducta
624 619 691 646 ﬁunt
716 619 786 652 280;
804 619 904 646 additis
928 618 991 650 969,

205 675 311 695 summa
326 667 485 702 producitur
497 665 575 697 1249,
587 673 647 700 qua:
661 672 708 699 per
724 665 776 691 552
792 664 938 691 distributa
953 671 994 690 re-

196 704 303 748 llinquit
330 713 390 740 185.
418 711 502 747 igitur
525 719 612 738 annus
632 711 700 746 cycli
726 709 857 737 Victorini
875 709 926 736 185
949 708 994 735 ille

209 759 260 786 fuit
280 766 359 794 quem
379 758 535 785 Chronicon
562 757 706 792 signiﬁcat.
733 755 833 783 Verum
860 755 991 787 indictio,

206 813 287 841 quam
305 804 438 839 adjungit,
462 804 605 830 ratiocinia
627 802 779 830 conturbat.
797 801 864 828 Nam
886 802 908 829 si
929 801 993 828 reli-

206 858 275 886 quos
288 850 348 877 illos
365 849 416 876 185
435 857 483 884 per
499 849 532 875 15
548 848 675 883 partiare,
691 850 797 874 restant
811 847 837 876 5.
849 847 882 873 de
893 846 993 880 quibus

1043 255 1190 290 llorologio
1203 256 1309 291 legitur.

1040 313 1131 340 CANON
1158 312 1191 340 V.
1208 313 1327 340 .Emtem
1346 315 1415 339 (tmte
1430 313 1456 339 in
1478 313 1541 340 data
1566 313 1688 347 quolibet
1716 320 1787 338 anno
1808 320 1838 339 ac

1163 348 1205 374 die
1217 349 1351 382 utriusque
1374 349 1487 382 computi
1502 347 1714 382 deprehendere.

1078 391 1222 426 Postquam
1235 394 1342 428 cyclum
1366 394 1487 419 lunarem
1506 401 1554 427 per
1566 399 1709 418 canonem
1724 392 1837 425 primum

1041 438 1187 472 repereris.
1204 446 1264 465 cum
1282 446 1315 465 eo
1338 438 1381 465 adi
1395 439 1512 465 tabulam
1531 446 1576 465 tv:
1595 437 1680 471 cujus
1709 437 1738 463 in
1755 437 1838 471 primo

1041 492 1121 511 versu
1137 484 1243 520 cyclum
1257 488 1332 511 tuum
1348 485 1501 520 requirite:
1516 489 1572 511 tum
1598 492 1614 511 e
1643 484 1759 510 directo
1779 491 1838 516 ειμι

1042 535 1113 557 ctam
1142 531 1180 557 illi
1205 531 1425 565 respondentem.
1453 531 1481 557 Si
1505 529 1691 557 Alexandrini
1724 530 1838 563 computi

1043 580 1170 615 proprius
1183 584 1225 608 est
1244 581 1370 607 inventus
1385 587 1401 606 a
1417 584 1443 606 te
1464 579 1557 614 cyclus
1570 598 1578 610 .
1603 581 1711 613 epacta
1739 578 1777 604 illi
1803 586 1839 604 re-

1043 627 1180 662 spondens
1194 630 1235 654 est
1251 634 1293 659 ea,
1304 634 1364 661 qua:
1381 625 1489 652 Maximi
1506 626 1617 652 dicitur.
1631 624 1834 652 Constantino-

1043 673 1162 708 politano
1173 680 1237 700 vero
1249 672 1379 699 tribuitur
1403 672 1487 698 altera
1498 691 1505 703 ,
1522 678 1584 706 qua:
1601 670 1695 697 lsaaci
1716 670 1836 697 inscribi-

1044 723 1099 746 tur.
1125 719 1226 746 Conl‘er
1252 724 1278 746 tc
1300 718 1398 746 deinde
1420 718 1454 744 ad
1484 717 1605 744 tabulam
1626 725 1644 742 v
1671 716 1837 752 regulariuzn

1046 765 1116 791 lunae
1126 784 1133 796 ,
1151 769 1178 792 et
1190 765 1322 800 propositi
1334 764 1434 791 mensis
1449 763 1588 798 regulares
1601 763 1738 798 computi
1757 763 1839 796 cujus-

1045 813 1085 840 vis
1102 812 1226 847 proprios
1240 820 1365 846 excerpe.
1385 811 1525 837 Summam
1544 817 1577 836 ex
1598 808 1714 843 epactis
1729 812 1757 834 et
1770 815 1838 842 regn-

1046 857 1148 884 laribus
1162 857 1305 884 conﬂatam
1323 864 1390 891 auge
1412 856 1516 883 dierum
1544 861 1685 885 numero,
1718 854 1798 887 cujus
1815 854 1837 879 ia

207 896 298 923 ablata
312 894 461 922 indictione
478 894 616 928 proposita
631 893 663 920 14
674 914 680 925 ,
705 897 852 927 supersunt
871 891 886 918 6
903 901 908 918 :
933 899 992 926 quae

1064 902 1139 928 ltiuto
1151 906 1217 929 aetas
1232 902 1302 928 luna:
1324 887 1481 935 requiritur.
1499 899 1615 926 Collecti
1632 899 1698 925 dies
1725 898 1765 924 illi
1779 918 1786 928 .
1811 905 1838 924 ac

209 943 236 969 in
251 941 320 968 1064
331 941 412 968 ducta
425 939 573 967 conﬁciunt
595 939 674 966 6581.
694 939 768 966 Adde
785 938 852 970 185,
880 938 993 965 exsistet

210 995 299 1014 annus
315 986 395 1018 6569,
412 986 459 1021 qui
475 985 566 1021 cyclos
592 985 722 1017 exhibet,
747 985 813 1012 solis
831 991 903 1016 xvn,
924 984 993 1010 lunae

208 1042 270 1066 xw,
297 1032 474 1060 indictionem
505 1039 559 1058 xw.
589 1030 636 1058 Est
663 1035 752 1058 autem
782 1037 869 1056 annus
891 1029 993 1056 Christi

208 1078 288 1106 1856.
316 1077 396 1104 Vides
422 1076 629 1104 absurditatem.
645 1076 826 1108 Quamobrem
849 1082 901 1101 non
925 1075 993 1102 satis

209 1122 395 1151 commendari
413 1122 556 1149 methodus
582 1121 632 1148 ista
650 1124 747 1156 potest,
763 1129 823 1155 qua:
837 1121 870 1147 ad
887 1120 994 1147 Grame-

208 1177 270 1197 rum
281 1169 418 1196 annalium
428 1168 602 1203 castigandos
611 1175 729 1199 errores,
743 1167 891 1202 praesertim
905 1166 994 1193 Thco~

210 1215 318 1251 phanis,
334 1215 464 1249 majorem
481 1214 607 1249 opinione
623 1213 742 1240 fructum
757 1212 860 1240 aﬂ'erct.

210 1271 300 1299 Cimon
316 1270 358 1298 IV.
380 1270 515 1304 Propositi
533 1269 672 1304 cujuslibet
687 1269 739 1296 diei
759 1269 852 1302 feriam
870 1269 897 1296 in
919 1269 991 1296 Grec—

385 1313 475 1332 corum
499 1311 617 1338 computo
637 1305 818 1339 pronuntiare.

246 1351 358 1379 Inventa
375 1352 452 1388 cyclo
470 1351 537 1378 solis
559 1351 587 1377 in
604 1355 721 1385 utroque
744 1353 872 1385 computo
887 1357 934 1384 per
948 1357 996 1376 ca-

211 1406 308 1426 nonem
327 1406 352 1431 t,
378 1398 442 1425 huic
455 1402 638 1432 congruentes
654 1401 762 1432 epactas
776 1402 929 1423 menstruas
946 1396 995 1422 ad-

211 1444 273 1472 hibe
289 1452 321 1472 ex
337 1443 429 1471 tabula
456 1451 476 1469 ιι
494 1443 564 1478 cycli
578 1442 695 1475 solaris;
720 1445 777 1469 tum
799 1449 832 1469 ex
847 1441 937 1468 tabula
964 1448 993 1467 ιιι

211 1493 323 1524 epactas
339 1493 494 1516 menstruas
521 1488 629 1522 require
640 1509 647 1521 ,
678 1492 759 1522 atque
773 1487 808 1514 ad
832 1487 874 1515 sui
889 1487 996 1522 generis

1042 957 1088 983 per
1099 948 1133 975 '50
1152 948 1243 980 divisi,
1259 952 1341 981 quota
1355 947 1389 973 sit
1405 946 1451 972 illo
1461 946 1505 972 die
1522 946 1586 971 ltma
1599 945 1812 972 monstrabunt.

1077 995 1262 1029 Exemplum:
1293 993 1466 1028 Propositum
1495 992 1530 1019 sit
1561 991 1740 1026 investigare
1763 995 1837 1025 quota

1042 1041 1106 1067 luna
1122 1041 1158 1067 sit
1175 1040 1276 1075 Aprilis
1295 1040 1312 1066 2
1332 1039 1395 1066 atmi
1413 1038 1480 1065 7054
1493 1037 1679 1064 Alexandrini
1699 1038 1818 1071 computi
1830 1056 1836 1064 .

1042 1087 1069 1112 et
1085 1085 1152 1111 7050
1176 1083 1488 1118 Constantinopolitani;
1505 1090 1622 1116 quorum
1647 1083 1751 1117 cyclos
1772 1082 1837 1108 luna-

1042 1137 1087 1157 res
1101 1129 1268 1157 confecimus
1282 1137 1386 1156 canone
1404 1137 1429 1162 t;
1447 1129 1520 1155 illius
1534 1128 1650 1162 quidem
1664 1127 1700 1159 4;
1719 1127 1799 1161 hujus
1815 1127 1836 1152 l.

1043 1175 1127 1211 Igitur
1137 1183 1199 1202 cum
1211 1176 1286 1210 cyclo
1300 1175 1489 1202 Alexandriam
1502 1181 1563 1211 gnra:
1575 1173 1602 1204 1,
1633 1173 1663 1199 in
1684 1173 1784 1200 tabula
1796 1180 1818 1199 ir
1828 1192 1836 1202 ,

1043 1218 1151 1245 invenio
1165 1222 1287 1252 epactam
1300 1225 1348 1245 ιιι.
1358 1217 1386 1244 In
1401 1217 1492 1243 tabula
1504 1225 1529 1249 v,
1542 1216 1692 1250 regulares
1702 1215 1805 1250 Aprilis
1814 1214 1836 1242 0.

1043 1263 1160 1292 Proinde
1171 1268 1266 1299 epacta
1281 1262 1325 1295 12,
1338 1266 1365 1290 et
1378 1262 1479 1298 Aprilis
1491 1262 1550 1289 dies
1560 1261 1578 1288 2
1592 1262 1694 1289 lunam
1707 1262 1837 1288 decimam

1044 1314 1167 1344 quartam
1181 1309 1298 1337 offerunt
1312 1309 1357 1336 illo
1371 1309 1425 1336 die.
1452 1309 1486 1335 At
1499 1315 1590 1335 annus
1604 1308 1681 1335 7050
1703 1307 1838 1335 Constan-

1045 1355 1241 1390 tinopolitanus
1253 1359 1363 1389 epactas
1374 1355 1401 1381 in
1418 1361 1444 1380 ιν
1461 1353 1554 1380 tabula
1570 1361 1596 1379 xi
1610 1353 1746 1385 obtinet;
1764 1361 1838 1387 rega-

1046 1402 1128 1428 larem
1143 1401 1170 1428 in
1184 1409 1199 1427 v
1214 1400 1315 1431 tabula,
1330 1408 1355 1433 ι;
1370 1400 1436 1426 ﬁunt
1450 1407 1499 1431 xtl,
1513 1403 1539 1426 et
1555 1406 1619 1425 cum
1634 1398 1727 1426 biduo
1743 1398 1839 1433 Aprilis

1047 1453 1101 1471 xw.
1118 1443 1190 1471 Sane
1203 1445 1231 1471 in
1247 1443 1392 1478 llorologio
1404 1444 1490 1470 Graeci
1503 1444 1595 1470 lunam
1608 1443 1660 1470 illo
1674 1451 1755 1471 anno
1769 1444 1839 1470 dm-

1046 1497 1118 1517 ntam
1131 1495 1254 1525 quartam
1270 1494 1429 1524 computant
1445 1489 1546 1524 Aprilis
1563 1490 1705 1517 secundo.

212 1540 409 1563 concurrentes
426 1542 541 1569 appone,
551 1534 604 1561 hoc
619 1538 661 1560 est
675 1534 708 1561 ad
719 1539 914 1561 concurrentes
925 1533 992 1569 cycli

1064 1546 1138 1573 imos
1158 1546 1200 1573 Vl.
1224 1545 1375 1582 Terminum
1394 1545 1551 1573 Paschaiem
1568 1547 1623 1573 sive
1656 1547 1770 1574 Pascha
1797 1547 1839 1573 ,ιι-

213 1588 273 1608 πιξε
287 1580 475 1608 Alexandrinae
492 1579 561 1607 adde
588 1580 726 1614 regulares
743 1579 862 1614 computi
878 1579 996 1606 Alexan-

212 1627 283 1656 drini
295 1647 302 1658 ,
327 1627 361 1653 ad
378 1630 572 1654 concurrentes
590 1634 654 1653 Vero
669 1626 788 1661 computi
801 1625 992 1653 Constantino-

214 1673 340 1709 politani,
361 1673 499 1708 regulares
515 1672 648 1707 ejusdem.
669 1672 780 1700 Demum
798 1673 830 1699 ad
852 1672 995 1700 conﬂatam

214 1718 276 1746 inde
295 1726 439 1750 summam,
455 1717 503 1753 τὴν
520 1717 660 1750 ποσταίαν,
677 1718 729 1744 hoc
747 1722 789 1744 est
806 1717 876 1744 diem
895 1718 996 1744 mensis

213 1765 309 1800 atljice.
330 1764 407 1797 Quod
429 1764 492 1791 inde
515 1763 674 1797 conﬁcitur,
696 1771 743 1799 per
764 1763 779 1790 7
805 1762 940 1796 divisum,
958 1763 996 1790 ie-

213 1812 282 1838 riam
298 1809 506 1838 demonstrabit.

248 1855 369 1890 Exempli
384 1854 490 1890 gratia:
510 1853 551 1881 Sit
572 1861 661 1882 annus
683 1853 802 1889 computi
818 1853 995 1881 Alexandrini

215 1901 293 1933 7034,
308 1900 600 1936 Constantinopolitaui
628 1907 702 1931 vero,
721 1899 799 1927 7050.
826 1899 929 1927 Prioris
950 1908 997 1935 cy-

213 1947 273 1974 clus
285 1954 333 1981 per
351 1954 483 1974 eanonem
505 1954 512 1972 ι
531 1945 671 1973 confectus
686 1951 727 1973 est
742 1954 778 1973 vt.
793 1946 996 1973 Concurrentes

213 2000 248 2020 ex
263 1991 354 2019 tabula
377 1999 412 2021 ιι.
431 1994 494 2018 sunt
517 1991 544 2018 6.
571 1989 657 2017 Velim
684 1990 755 2017 scire
782 1990 876 2018 feriam
894 1990 947 2017 diei
969 1998 995 2017 tx

215 2037 324 2072 Aprilis.
346 2036 494 2072 Regulares
510 2036 683 2063 Alexandrini
707 2043 740 2062 ex
766 2036 857 2063 tabula
872 2044 901 2062 ιιι
919 2036 996 2062 colli-

214 2087 315 2117 guntur
331 2082 464 2117 7,quihus
480 2081 513 2108 ad
525 2082 540 2108 6
556 2081 654 2109 additis
662 2089 722 2108 ctttn
739 2081 858 2109 9diebus
878 2081 994 2116 Aprilis,

214 2136 318 2155 summa
335 2133 376 2156 est
392 2128 433 2155 15.
451 2127 566 2154 Proinde
582 2127 676 2154 feriam
698 2127 758 2155 dico
776 2128 860 2155 fuisse
883 2137 900 2155 I.
925 2127 996 2155 [iur—

215 2182 261 2201 sus
276 2174 368 2209 cyclus
384 2174 447 2200 anni
465 2173 533 2200 7050
549 2172 842 2208 Constantinopolitani
855 2182 901 2208 per
915 2182 993 2201 eum-

1084 1581 1203 1621 daicum,
1230 1581 1336 1616 ejusque
1362 1582 1456 1616 feriam
1484 1582 1510 1608 in
1527 1587 1640 1616 utraque
1656 1588 1785 1616 computo
1805 1591 1841 1609 re-

1082 1625 1176 1651 perire.

1083 1674 1150 1701 Cum
1165 1674 1242 1709 cyclo
1262 1674 1350 1700 lunari
1367 1681 1471 1701 canone
1489 1673 1578 1708 primo
1602 1673 1783 1708 deprehenso
1801 1676 1841 1702 adi

1048 1720 1165 1746 tabulam
1186 1727 1221 1746 tv.
1246 1719 1275 1746 ln
1292 1713 1379 1755 primo
1399 1727 1478 1747 versu
1495 1720 1601 1754 cyclum
1629 1725 1713 1748 tuum
1731 1722 1839 1756 accipe,

1048 1769 1074 1792 et
1087 1774 1118 1792 ex
1137 1766 1240 1793 directo
1256 1765 1413 1793 Paschalem
1434 1766 1579 1793 tenninum
1591 1785 1598 1798 ι
1631 1773 1699 1793 cum
1719 1767 1780 1801 ejus
1800 1775 1840 1794 τῆς

1049 1811 1134 1845 gulari
1153 1816 1206 1837 tam
1224 1811 1250 1838 in
1268 1811 1450 1838 Alexandrina
1465 1819 1528 1843 atra.
1554 1819 1638 1846 quam
1658 1813 1687 1839 in
1707 1814 1840 1840 Constan-

1049 1857 1236 1891 tinupolitana.
1260 1857 1363 1884 Exinde
1380 1863 1574 1884 concurrentes
1591 1859 1664 1893 cycli
1691 1860 1763 1886 solis
1779 1860 1838 1886 anni

1049 1903 1179 1937 propositi
1196 1910 1244 1937 per
1259 1910 1390 1930 canonem
1409 1912 1435 1930 ιν
1460 1904 1584 1931 inve..tos
1597 1925 1605 1934 .
1632 1913 1699 1932 cum
1725 1907 1838 1941 regulari

1050 1949 1157 1976 termini
1183 1956 1326 1984 compone.
1347 1948 1458 1976 Summa
1484 1951 1576 1976 teriam
1601 1950 1702 1982 dabit,
1728 1953 1839 1986 adjectis

1049 1998 1161 2029 septem.
1178 1993 1213 2021 Ut
1230 2002 1300 2021 anno
1326 1995 1420 2022 eodem
1447 1995 1631 2022 Alexandrino
1649 1996 1733 2025 7054.
1750 1999 1839 2034 (yclus

1049 2041 1120 2067 lunae
1141 2048 1167 2067 ιν
1185 2041 1211 2066 itt
1231 2041 1322 2067 tabula
1349 2041 1556 2076 respondentem
1578 2042 1663 2069 habet
1691 2046 1838 2072 terminum

1049 2084 1206 2112 Paschalem
1219 2085 1319 2120 Aprilis
1332 2085 1359 2116 9.,
1370 2086 1448 2119 cujus
1464 2087 1603 2122 regulares
1616 2092 1684 2115 sunt
1697 2089 1727 2120 2,
1747 2092 1838 2125 cyclus

1049 2131 1114 2158 solis
1131 2138 1156 2158 vt
1180 2135 1375 2158 concurrentes
1400 2131 1494 2158 itidem
1511 2132 1585 2159 dedit
1600 2132 1616 2159 6
1637 2141 1689 2167 per
1705 2142 1837 2163 canonem

1050 2185 1092 2209 tv;
1111 2177 1190 2204 atnbo
1202 2177 1305 2204 collecti
1321 2177 1414 2204 feriam
1431 2185 1438 2204 I
1454 2178 1592 2204 exhibent.

214 2218 274 2245 dem
290 2226 422 2245 canonctn
433 2218 618 2253 deprehensus
633 2223 674 2245 est
686 2218 732 2250 Ἡ,
753 2223 949 2247 concurrentes
964 2220 990 2247 5.
1012 2228 1033 2254 D
1084 2221 1129 2248 Sic
1144 2229 1215 2249 anno
1229 2222 1530 2256 Constantinopolitano
1542 2223 1621 2255 7030,
1635 2225 1735 2259 cyclus
1745 2226 1834 2252 lunari

214 2264 362 2299 Regulares
382 2265 482 2298 Aprilis
495 2265 521 2291 in
534 2265 653 2292 secundo
679 2273 758 2293 versu
776 2265 940 2300 regularium
955 2270 995 2292 ta-

214 2310 284 2337 bulae
299 2317 328 2336 ιιι
346 2315 408 2336 sunt
426 2310 435 2337 1
450 2331 457 2342 ,
481 2310 526 2345 qui
551 2318 612 2336 cum
637 2310 654 2337 5
669 2311 896 2337 concurrentibus
908 2331 916 2342 ,
932 2316 958 2338 ct
980 2311 997 2338 9

213 2354 309 2382 diebus
323 2355 422 2389 Aprilis
438 2360 604 2390 componunt
620 2356 652 2382 15
666 2365 673 2388 ;
689 2356 812 2391 adeoque
829 2356 924 2383 feriant
944 2365 963 2384 ι.

248 2399 426 2434 Experiamur
447 2408 479 2428 an
507 2406 579 2429 recte
607 2402 712 2436 positus
741 2402 776 2429 sit
800 2403 921 2429 calculus
947 2410 996 2437 per

213 2445 455 2473 characterismum
475 2455 606 2474 annorttm
633 2448 745 2479 Christi,
765 2448 805 2475 vel
829 2449 932 2482 periodi
945 2438 996 2475 du-

215 2490 301 2517 lianzn.
329 2491 424 2518 Annus
452 2491 649 2520 Alexandrinus
673 2493 757 2525 7034,
776 2494 906 2522 detractis
924 2494 993 2527 779,

213 2537 347 2564 invenitur
365 2537 589 2572 periodiJuliante
606 2539 675 2567 6255
685 2560 692 2572 ,
707 2540 754 2574 qui
768 2544 795 2567 et
809 2541 879 2567 idem
898 2549 995 2576 prove-

212 2582 253 2608 nit
265 2582 361 2609 ahlatis
381 2582 430 2610 795
444 2583 476 2610 de
494 2592 566 2610 anno
592 2584 661 2612 7050
687 2586 994 2622 Constantinopolitano

212 2635 245 2654 ex
260 2628 387 2655 methodo
400 2629 513 2657 canonis
533 2637 562 2656 ιι.
580 2630 632 2657 Sed
653 2636 679 2659 et
702 2632 781 2659 iidem
807 2634 870 2660 auiti
887 2634 996 2668 conspi-

212 2677 274 2698 rant
289 2673 315 2699 in
327 2682 428 2700 annum
441 2675 542 2703 Christi
557 2676 635 2708 15η,
651 2678 673 2704 si
693 2686 725 2705 ex
748 2679 932 2706 Alexandrino
949 2679 995 2706 ab-

210 2717 302 2750 jecet'o
315 2719 393 2752 5-692,
405 2725 432 2747 et
446 2729 460 2748 e
475 2721 788 2758 Constantinopolitano,
800 2725 879 2752 5508.
889 2724 923 2750 At
936 2729 992 2752 tam

211 2769 299 2789 annus
314 2765 416 2798 periodi
440 2764 554 2794 Iuliana:
573 2768 659 2800 6255,
689 2777 770 2803 quam
786 2769 887 2797 Christi
905 2771 990 2801 1512.

211 2807 314 2834 obtinet
327 2810 433 2844 cyclutn
449 2813 514 2840 solis
534 2812 686 2840 llotnanum
703 2822 742 2846 xt,
757 2814 802 2842 cui
817 2823 849 2842 ex
864 2816 955 2843 tabula
974 2824 992 2843 ιι

211 2853 340 2883 competit
356 2855 443 2882 littera
457 2857 491 2885 A.
503 2857 586 2890 luitur
603 2858 745 2886 verissime
761 2861 934 2890 pronuntiata
950 2864 991 2888 est

1047 2268 1192 2295 terminum
1213 2268 1291 2294 offert
1314 2268 1342 2294 in
1361 2268 1453 2295 tabula
1467 2277 1502 2300 tv,
1519 2269 1621 2303 Aprilis
1638 2277 1671 2301 ll,
1684 2279 1751 2298 cum
1765 2280 1839 2306 regu-

1046 2314 1149 2341 laribus
1163 2313 1191 2340 5.
1205 2313 1304 2348 Cyclus
1320 2314 1385 2341 solis
1406 2322 1437 2340 ex
1454 2322 1577 2342 canonet
1595 2315 1647 2342 fuit
1659 2315 1707 2348 22,
1723 2326 1837 2344 concur-

1046 2364 1137 2387 rentes
1154 2361 1180 2393 5,
1198 2361 1244 2395 qui
1262 2368 1324 2387 cum
1343 2361 1514 2395 regularibus
1534 2362 1687 2389 ostendunt
1702 2363 1801 2391 feriam
1818 2373 1835 2396 ι,

1046 2406 1152 2440 qualem
1166 2405 1322 2433 Graecorum
1339 2405 1516 2441 Horologium
1532 2407 1718 2435 demonstrat.

1045 2462 1135 2489 Canos
1151 2461 1204 2489 Vll.
1224 2461 1328 2488 Pascha
1347 2461 1539 2494 Christianum.
1556 2471 1586 2488 ac
1606 2465 1748 2497 prwcipua
1767 2466 1835 2494 Cm.

1185 2505 1275 2523 carum
1293 2497 1360 2531 festa
1375 2498 1465 2531 quovis
1485 2506 1554 2524 αιιιιο
1568 2497 1694 2532 deﬁnire.

1079 2541 1203 2569 Paschali
1220 2543 1335 2569 termino
1352 2549 1400 2576 per
1419 2543 1587 2577 superiorem
1601 2552 1740 2573 canonem
1753 2547 1837 2574 anim-

1046 2588 1178 2620 adverso,
1201 2588 1314 2623 ejusque
1335 2588 1420 2620 feria,
1445 2589 1470 2616 si
1492 2589 1634 2617 Dominica
1660 2592 1718 2623 sit,
1745 2594 1773 2620 in
1797 2601 1833 2620 se

1045 2638 1173 2668 quentetn
1191 2634 1357 2661 Domitticam
1372 2634 1543 2663 diﬂunditur.
1564 2635 1592 2663 Si
1611 2637 1733 2664 alterum
1756 2640 1784 2665 in
1799 2639 1831 2665 fe-

1044 2680 1112 2706 riam
1128 2681 1259 2708 terminus
1276 2681 1412 2712 incurrat,
1425 2682 1546 2717 proxime
1558 2690 1681 2717 sequens
1696 2684 1828 2711 Dominica

1045 2724 1359 2754 Pascha.Christianum
1382 2729 1526 2756 obtinebit.
1550 2728 1667 2755 lnvento
1692 2729 1826 2758 Paschate.

1045 2770 1113 2798 testa
1130 2771 1233 2805 reliqua
1258 2773 1334 2799 nullo
1360 2775 1468 2808 negotio
1493 2774 1627 2809 reperies.
1647 2774 1713 2802 Haec
1731 2776 1825 2802 metho-

1044 2815 1095 2843 dus
1104 2819 1129 2843 et
1144 2823 1191 2850 per
1211 2817 1351 2846 se-facilis
1366 2823 1417 2853 est,
1438 2825 1465 2847 et
1486 2819 1575 2855 capite
1598 2821 1742 2854 superiori
1756 2821 1826 2854 hujus

1044 2860 1106 2888 libri
1118 2861 1281 2890 continetur.
