1888 3136
207 154 272 182 “Si

722 151 766 177 AD
786 151 919 178 EUSEBII
939 150 1133 178 CIIRONICON
1153 151 1333 178 APPENDIX.

1777 152 1786 178 I
1793 152 1841 179 133

207 213 287 246 3.505,
303 213 326 240 si
342 221 357 239 a
378 212 474 239 Martio
501 219 589 239 annus
611 211 751 238 itu-hoctur
763 232 770 244 ,
783 212 930 238 indictione
943 219 997 243 xiv,
1014 213 1034 241 A
1050 211 1115 238 feria
1132 220 1139 238 ι
1154 211 1254 246 Aprilis
1272 219 1296 238 Ix
1311 212 1365 244 die,
1381 211 1612 246 quemadmodum
1632 212 1660 238 in
1681 211 1840 238 Graecorum

207 267 280 286 anno
296 259 400 293 imperii
414 258 528 293 Augusti
547 266 610 284 xxix
627 266 633 283 :
650 265 710 291 qua!
721 265 781 284 esse
801 258 945 284 lalsissima
959 266 991 284 ex

207 304 335 332 ntcthodo
355 307 448 330 nostra
465 304 500 329 ita
515 303 684 336 colligemus.
713 301 813 329 Divisis
828 302 907 329 annis
924 302 994 328 5505

207 358 256 385 per
265 350 310 382 ‘28,
324 348 487 383 relinquitur
501 348 568 374 solis
584 347 677 383 cyclus
693 347 723 373 l7
740 355 747 379 ;
775 355 823 381 per
846 346 879 373 19
902 351 992 374 autem

208 397 325 432 partitis,
340 395 530 430 relinquentur
546 393 589 421 14.
613 392 711 419 Verum
726 393 839 419 indictio
861 401 914 419 non
937 401 992 424 xiv,

207 441 255 469 sed
274 449 308 468 xv
322 440 466 475 cousurgit
479 448 512 467 ex
523 439 656 466 divisione
673 446 721 474 per
732 438 773 465 15.
789 438 932 471 Οιιίιιιειῑιιι·
943 445 994 464 an-

207 495 259 514 nus
276 487 330 517 ille,
349 486 377 512 in
395 493 475 521 quem
489 485 601 512 indictio
616 492 663 511 xtv
680 492 742 511 cum
763 485 839 519 cyclo
857 485 922 512 solis
940 492 994 511 xvtt

207 537 234 559 et
250 533 320 559 lunte
349 540 393 559 uv
408 536 563 559 concurrat.
581 530 700 557 Primum
726 530 808 557 ducto
829 531 906 565 cyclo
929 531 995 558 solis

207 577 239 603 17
262 577 290 604 in
303 577 348 608 57,
373 576 525 604 elﬁciuntur
545 575 618 609 969;
639 579 695 602 tutn
719 575 817 601 ablatis
834 575 868 601 M
892 575 925 601 dc
943 575 994 607 I9,

207 626 312 650 restant
324 622 351 654 5,
369 629 429 656 quae
447 622 473 648 in
485 621 518 649 56
530 621 610 647 ducta
627 619 694 646 ﬁunt
718 619 788 652 280;
806 620 906 647 additis
931 619 994 651 969,

207 674 314 694 summa
328 667 488 701 producitur
500 665 578 697 1240,
590 673 650 700 qua:
663 672 711 699 per
726 664 778 692 552
795 665 941 691 distributa
955 672 996 691 re-

199 705 305 748 llinquit
332 713 392 740 185.
420 711 505 747 Igitur
527 719 615 738 annus
634 711 702 746 cycli
729 709 860 737 Victorini
878 709 928 736 185
951 709 996 736 ille

212 758 262 786 fuit
283 766 361 793 quem
381 758 537 785 Chronicon
565 757 709 792 signiﬁcat.
735 756 836 783 Verum
863 755 994 787 iudictio.

208 812 289 840 quam
307 804 441 839 adjungit,
465 804 608 830 ratiocinia
629 802 781 830 conturbat.
800 802 866 828 Nam
888 802 910 829 si
931 801 996 828 reli~

208 857 277 885 quos
290 850 351 876 illos
367 849 418 876 185
437 856 485 884 per
502 849 534 875 I5
550 848 678 883 partiare,
694 851 800 874 restant
813 847 840 876 5.
851 847 885 874 de
896 846 995 881 quibus

1045 256 1193 291 Ilorologio
1206 257 1312 292 legitur.

1043 314 1134 341 (Iason
1161 313 1194 341 V.
1212 313 1330 340 .‘Etatem
1348 316 1418 341 Iume
1432 315 1458 340 in
1481 315 1544 340 data
1569 314 1692 348 quolibet
1718 322 1790 339 anno
1810 321 1841 340 et

1165 349 1207 375 die
1220 350 1354 383 utriusque
1376 351 1490 383 computi
1505 348 1717 383 deprehendere.

1081 392 1225 427 Postquam
1238 395 1345 428 cyclum
1369 395 1490 420 lunarem
1509 401 1558 428 per
1569 401 1712 420 canonem
1727 393 1840 426 primum

1044 439 1189 474 repereris.
1207 447 1267 466 cum
1285 447 1318 466 eo
1341 439 1384 466 adi
1398 440 1515 466 tabulam
1533 447 1578 466 iv:
1598 439 1683 473 cujus
1712 439 1741 464 in
1757 439 1840 472 primo

1045 492 1123 512 versu
1140 485 1246 520 cyclum
1260 489 1335 512 tuum
1350 486 1503 521 requirito:
1519 490 1576 512 tum
1601 494 1617 512 e
1646 485 1762 511 directo
1781 492 1840 518 epa~

1045 536 1116 558 ctam
1145 532 1182 558 illi
1208 532 1427 566 respondentem.
1456 532 1484 558 Si
1508 531 1695 558 Alexandrini
1726 531 1840 564 computi

1045 581 1173 616 proprius
1185 585 1228 608 est
1246 582 1372 608 inventus
1388 588 1403 607 a
1420 585 1445 608 te
1467 580 1560 615 cyclus
1573 599 1582 611 ,
1606 583 1714 614 epacta
1741 579 1779 605 illi
1804 587 1841 605 re-

1046 627 1183 663 spondens
1196 631 1238 655 est
1253 635 1295 659 ea,
1306 635 1367 662 quae
1383 627 1492 654 Maximi
1508 627 1620 653 dicitur.
1635 625 1835 653 Constantino-

1046 674 1164 708 politano
1175 681 1240 700 vero
1251 673 1381 700 tribuitur
1406 673 1490 699 altera
1501 693 1507 704 ,
1524 679 1587 707 qua:
1604 671 1698 699 lsaaci
1718 671 1839 698 inscribi-

1046 724 1101 746 tur.
1128 719 1228 746 Confer
1254 725 1281 747 te
1303 719 1400 747 deinde
1422 719 1456 746 ad
1487 719 1607 745 tabulam
1628 726 1647 743 v
1673 718 1839 753 regulariuai

1048 765 1118 792 luna:
1129 785 1136 797 ,
1153 770 1180 792 et
1192 766 1324 801 propositi
1336 765 1437 792 mensis
1451 765 1591 800 regulares
1603 765 1739 799 computi
1759 764 1841 797 cujus

1047 813 1087 840 vis
1105 813 1228 848 proprios
1242 821 1366 847 excerpe.
1387 812 1527 839 Summam
1547 818 1580 837 ex
1601 810 1716 844 epnctis
1731 814 1760 836 et
1772 817 1840 843 rego-

1048 858 1150 885 Iaribus
1165 858 1308 885 conﬂatam
1325 865 1392 892 auge
1414 857 1518 884 dierum
1547 863 1687 886 numero.
1720 855 1800 888 cujus
1816 855 1839 880 in

210 895 299 923 “Nam
314 894 463 921 ίηάίοιῖοηθ
481 894 618 928 Ρτοβοδίιίλ
632 893 665 920 η
676 914 683 925 ν
707 897 855 927 δυβθτδιηιι
873 892 889 919 6
905 902 911 919 ³
935 899 995 926 qm“
1012 887 1032 914 Β
1046 903 1142 930 ultimo
1154 907 1219 929 aetas
1235 903 1304 929 luna
1327 887 1484 936 requiritur.
1501 900 1618 927 Collecti
1634 900 1700 927 dies
1727 887 1767 926 illi
1781 920 1789 930 ,
1813 907 1840 925 at:

211 943 239 968 in
253 940 322 967 1064
334 941 415 968 ducta
426 939 575 966 conﬁciunt
598 939 676 966 (i584.
696 939 770 966 Adde
787 938 837 965 185
847 958 854 970 ,
882 938 995 966 exsistet

211 995 301 1014 annus
317 986 397 1018 6569,
414 986 462 1021 qui
476 985 569 1021 cyclos
595 986 724 1018 exhibet,
749 985 815 1013 solis
833 992 904 1016 xvu,
926 984 995 1011 Iunze

210 1042 272 1065 xtv,
299 1032 477 1060 indictionem
508 1039 562 1058 xlv.
591 1030 639 1058 Est
666 1035 755 1058 autem
783 1038 871 1057 annus
894 1030 995 1057 Christi

210 1078 290 1106 1850.
318 1077 399 1104 Vides
425 1076 631 1104 absurditatem.
647 1076 828 1109 Quamobrem
851 1083 904 1102 non
927 1075 995 1102 satis

211 1122 397 1150 commendari
415 1122 558 1149 methodus
584 1121 634 1149 ista
652 1125 749 1156 potest,
765 1129 825 1156 quae
839 1121 872 1148 ad
889 1121 996 1148 ϐιωσο-

210 1177 271 1196 rum
283 1169 419 1196 annalium
431 1168 604 1203 castigandos
613 1176 731 1199 errores,
745 1168 893 1202 praesertim
907 1166 995 1194 Theo-

212 1215 320 1250 phanis,
337 1214 466 1249 majorem
482 1214 609 1248 opinione
626 1213 744 1240 fructum
759 1213 861 1240 aﬁ‘eret.

212 1271 302 1299 Cano:
317 1270 360 1298 IV.
382 1270 517 1304 Proposili
535 1270 674 1304 cujuslibet
689 1270 740 1296 diei
760 1270 853 1303 feriam
872 1270 899 1296 in
921 1269 993 1296 Gnt-

387 1313 476 1332 corum
501 1311 618 1338 computo
639 1306 819 1339 pronuntiare.

248 1351 360 1379 Invento
377 1352 454 1387 cyclo
472 1351 538 1378 solis
560 1351 588 1377 in
606 1355 723 1386 utroque
747 1353 874 1385 computo
888 1357 936 1384 per
950 1357 997 1376 (ιιι-

213 1406 310 1426 nonem
328 1406 353 1430 ι,
380 1398 443 1425 huic
457 1402 640 1432 congruentes
656 1401 764 1432 epaetas
778 1402 930 1424 menstruas
948 1396 997 1422 ad—

213 1444 275 1472 hibe
290 1452 323 1471 ex
339 1443 430 1470 tabula
458 1451 477 1470 ιι
495 1443 565 1478 cycli
581 1442 696 1475 solaris;
722 1446 779 1469 tum
800 1449 833 1469 ex
848 1441 938 1468 tabula
965 1448 994 1467 ιιι

213 1493 324 1524 epactas
341 1493 496 1516 menstruas
523 1488 630 1522 require
642 1509 649 1521 ,
679 1491 760 1522 atque
775 1487 810 1515 ad
833 1488 875 1515 sui
891 1487 997 1522 generis

214 1540 411 1563 concurrentes
428 1542 543 1569 appone,
553 1534 605 1561 hoc
621 1538 662 1560 est
676 1533 709 1561 ad
720 1539 915 1561 concurrentes
927 1534 997 1569 cycli

214 1588 275 1608 aet-ie
288 1580 477 1608 Alexandrinae
493 1579 562 1607 adde
589 1580 726 1614 regulares
744 1579 864 1614 computi
879 1579 997 1607 Alexan-

213 1627 304 1658 drini,
328 1626 362 1654 ad
380 1630 574 1654 concurrentes
592 1634 656 1653 vero
671 1627 789 1661 computi
802 1625 993 1654 Constantino-

215 1672 341 1708 politani,
363 1673 501 1708 regulares
517 1672 649 1707 ejusdem.
670 1672 782 1700 Demum
799 1673 831 1699 ad
853 1672 996 1700 conﬂatam

215 1717 278 1745 inde
296 1725 441 1750 summam,
456 1717 504 1753 τὴν
521 1717 661 1750 πασταίαν,
678 1718 730 1744 hoc
748 1722 790 1744 est
807 1717 877 1744 diem
895 1719 997 1745 mensis

215 1764 310 1800 adjice.
332 1763 408 1796 Quod
431 1763 493 1791 inde
516 1763 675 1797 conﬁcitur,
697 1771 744 1799 per
765 1763 780 1790 7
806 1762 941 1796 divisum,
959 1763 997 1791 l'e-

215 1812 282 1838 riam
299 1809 507 1837 demonstrabit.

249 1855 370 1890 Exempli
386 1854 491 1890 gratia:
512 1853 552 1881 Sit
573 1861 662 1881 annus
683 1853 803 1889 computi
819 1853 996 1881 Alexandrini

216 1901 294 1933 7054,
309 1900 600 1935 Coustantinopolitani
629 1907 703 1932 vero,
721 1899 799 1927 7050.
827 1899 930 1927 Prioris
951 1908 997 1935 cy-

215 1947 274 1974 clus
286 1953 334 1981 per
352 1954 484 1973 canonem
506 1953 513 1972 ι
532 1945 672 1972 conlectus
687 1950 728 1972 est
743 1953 779 1973 vt.
794 1946 997 1974 Goncurrentes

215 1999 249 2020 ex
264 1991 355 2018 tabula
378 1998 413 2021 ιι,
432 1994 495 2017 sunt
518 1990 545 2017 6.
571 1989 657 2016 Velim
685 1990 756 2017 seire
783 1990 877 2017 feriam
895 1991 948 2017 diei
970 1999 996 2017 ix

215 2036 325 2071 Aprilis.
347 2035 496 2071 Regulares
511 2035 684 2063 Alexandrini
708 2043 740 2062 ex
767 2036 858 2063 tabula
873 2044 901 2062 tn
920 2036 996 2062 colli-

215 2086 316 2116 guntur
331 2081 465 2116 7,quihtts
480 2081 513 2107 ad
525 2081 540 2107 ﬁ
557 2080 654 2108 additis
663 2089 723 2108 ctttn
739 2081 858 2109 9diebus
879 2081 995 2116 Aprilis,

215 2136 319 2154 summa
335 2132 377 2155 est
393 2128 434 2154 15.
451 2126 567 2154 Proinde
582 2126 676 2154 feriam
699 2127 759 2154 dico
777 2128 861 2155 fuisse
883 2137 900 2155 ι.
926 2128 996 2155 [iur-

215 2181 262 2200 sus
277 2173 369 2208 cyclus
384 2174 446 2199 anui
466 2172 534 2199 7050
550 2171 843 2208 Constantiuopolilaui
856 2182 902 2208 per
916 2182 994 2202 eum-

1044 957 1091 984 pcr
1101 949 1135 976 30
1154 949 1245 980 divisi,
1262 953 1343 983 quota
1357 948 1391 974 sit
1407 947 1453 973 illo
1462 947 1507 974 die
1524 947 1588 972 Itlna
1601 946 1814 973 monstrabunt.

1079 995 1264 1029 Exemplum:
1295 994 1468 1029 Propositum
1497 993 1532 1019 sit
1563 992 1742 1027 investigare
1765 997 1839 1026 quota

1044 1041 1108 1068 luna
1125 1041 1160 1068 sit
1178 1041 1278 1075 Aprilis
1298 1041 1314 1067 2
1334 1040 1397 1067 anni
1415 1039 1482 1066 7054
1495 1039 1681 1066 Alexandrini
1701 1039 1837 1073 computi.

1044 1088 1071 1113 et
1086 1085 1154 1112 7050
1178 1084 1490 1119 Constantinopolitani;
1506 1091 1625 1118 quorum
1649 1084 1753 1118 cyclos
1774 1084 1839 1109 luna-

1044 1138 1088 1157 res
1102 1130 1270 1158 confecimus
1284 1137 1388 1157 canone
1405 1137 1431 1162 t;
1448 1129 1521 1156 illius
1536 1129 1653 1164 quidem
1666 1129 1702 1160 ις
1721 1128 1801 1163 hujus
1816 1129 1838 1153 l.

1045 1176 1129 1211 Igitur
1139 1184 1201 1203 cum
1213 1176 1288 1211 cyclo
1302 1175 1491 1203 Alexandriam
1504 1182 1565 1212 gerite
1577 1175 1604 1205 4,
1635 1175 1665 1201 in
1686 1175 1785 1201 tabula
1798 1181 1820 1200 ιτ
1830 1193 1837 1203 ,

1045 1219 1153 1246 invenio
1167 1223 1289 1253 epactam
1302 1226 1349 1246 xu.
1360 1218 1387 1245 In
1402 1218 1494 1244 tabula
1505 1225 1530 1249 v,
1544 1217 1693 1251 regulares
1704 1216 1806 1251 Aprilis
1815 1216 1838 1243 0.

1045 1264 1162 1292 Proinde
1173 1268 1269 1300 epacta
1283 1263 1326 1295 l2,
1339 1267 1366 1290 et
1380 1263 1481 1298 Aprilis
1493 1263 1552 1290 dies
1562 1263 1580 1289 2
1593 1264 1695 1290 lunam
1708 1263 1838 1290 decimam

1045 1315 1169 1345 quartam
1183 1310 1300 1338 oﬁ‘erunt
1313 1310 1359 1336 illo
1372 1309 1426 1337 die.
1453 1309 1487 1336 At
1501 1317 1591 1336 annus
1606 1309 1682 1336 7050
1705 1308 1840 1336 Constan-

1046 1356 1242 1391 tiuopolitanus
1254 1359 1364 1390 epactas
1376 1356 1403 1382 in
1420 1363 1445 1381 tv
1463 1354 1556 1381 tabula
1572 1362 1598 1381 xt
1612 1355 1747 1387 obtinet;
1766 1362 1839 1388 rega-

1047 1402 1129 1429 laretn
1145 1401 1172 1428 in
1185 1410 1200 1428 v
1216 1400 1317 1431 tabula,
1332 1409 1357 1433 ι;
1371 1401 1437 1427 ﬁunt
1451 1408 1500 1432 xu,
1514 1404 1541 1427 et
1557 1408 1621 1427 cum
1634 1399 1729 1427 biduo
1744 1400 1840 1434 Aprilis

1047 1453 1103 1472 xiv.
1119 1444 1191 1472 Sane
1205 1445 1233 1471 in
1247 1444 1394 1479 llorologio
1406 1445 1491 1472 Graeci
1505 1445 1597 1471 lunam
1610 1445 1661 1472 illo
1675 1453 1756 1472 anno
1770 1445 1840 1472 deci-

1047 1498 1119 1517 mam
1133 1496 1256 1525 quartam
1271 1495 1430 1525 computant
1446 1491 1547 1525 Aprilis
1565 1491 1706 1518 secundo.

1011 1551 1035 1583 c
1049 1546 1139 1583 Canos
1159 1546 1202 1573 VI.
1225 1546 1376 1583 Terminum
1395 1547 1553 1574 Panchatem
1569 1549 1625 1574 sive
1657 1548 1771 1575 Pascha
1798 1548 1841 1575 Jtt~

1085 1582 1204 1622 dairum,
1231 1582 1338 1617 ejusque
1363 1582 1457 1616 feriam
1485 1583 1512 1609 in
1529 1589 1641 1618 utroque
1657 1590 1785 1617 computo
1806 1593 1842 1610 re-

1083 1626 1177 1652 pertrc.

1084 1675 1151 1702 Cum
1166 1675 1243 1709 cyclo
1263 1675 1352 1701 lunari
1368 1682 1472 1702 canone
1490 1675 1579 1710 primo
1603 1675 1785 1710 deprehenso
1802 1678 1842 1704 adi

1049 1720 1166 1747 tabulam
1187 1728 1222 1747 tv.
1247 1720 1276 1747 In
1293 1714 1380 1756 primo
1400 1729 1479 1748 versu
1496 1721 1602 1756 cyclum
1631 1726 1714 1749 tuum
1732 1724 1841 1758 κείς»,

1049 1770 1075 1793 et
1088 1774 1120 1793 ex
1138 1766 1241 1793 directo
1257 1766 1414 1794 Paschalem
1435 1767 1600 1799 terminum,
1632 1775 1699 1794 cum
1720 1769 1781 1803 ejus
1802 1776 1841 1795 rc-

1050 1812 1135 1845 gulari
1154 1816 1207 1838 tam
1225 1812 1252 1839 in
1270 1812 1451 1839 Alexandrina
1466 1819 1529 1844 aera,
1555 1820 1639 1847 quam
1659 1814 1688 1840 in
1708 1815 1842 1842 Constan-

1049 1857 1237 1892 tiuopolitaua.
1261 1857 1364 1885 Exinde
1381 1864 1575 1885 concurrentes
1592 1860 1665 1894 cycli
1693 1862 1764 1888 solis
1780 1862 1840 1887 anni

1050 1903 1179 1937 propositi
1197 1911 1244 1938 per
1260 1911 1391 1930 canonem
1410 1913 1435 1931 ιιι
1461 1905 1586 1933 inve:.tos
1598 1926 1605 1936 .
1633 1914 1701 1933 cum
1726 1909 1840 1942 regulari

1051 1950 1158 1976 termini
1183 1957 1326 1984 compone.
1348 1949 1459 1977 Summa
1485 1951 1577 1977 leriam
1602 1952 1703 1984 dabit,
1729 1955 1841 1988 adjectis

1050 1999 1161 2030 septem.
1178 1994 1214 2022 Ut
1231 2003 1302 2022 anno
1327 1996 1421 2023 eodem
1447 1997 1632 2023 Alexandrino
1650 1998 1734 2028 7054.
1751 2001 1839 2035 cyclus

1050 2041 1120 2068 luna:
1142 2049 1167 2068 tv
1186 2041 1212 2067 iu
1231 2041 1322 2068 tabula
1350 2043 1556 2076 respondentem
1578 2044 1664 2071 habet
1693 2048 1839 2074 terminum

1049 2085 1207 2112 I’ascbalem
1220 2086 1320 2120 Aprilis
1333 2086 1360 2118 2,
1371 2087 1449 2121 cujus
1465 2088 1603 2123 regulares
1616 2094 1684 2116 sunt
1698 2090 1728 2122 ‘2,
1749 2094 1839 2127 cyclus

1050 2132 1115 2158 solis
1131 2139 1157 2159 vt
1180 2136 1376 2159 concurrentes
1401 2133 1494 2160 itidem
1511 2133 1585 2160 dedit
1601 2133 1617 2160 6
1637 2142 1690 2169 per
1706 2143 1838 2164 canonem

1051 2186 1093 2210 iv;
1112 2177 1191 2204 ambo
1202 2177 1306 2204 collecti
1322 2178 1415 2204 feriam
1432 2187 1439 2204 ι
1455 2179 1593 2206 exhibent.

214 2218 275 2244 dem
291 2225 422 2244 canonem
433 2217 619 2253 deprehensus
633 2223 675 2245 est
687 2218 733 2250 ‘22,
753 2223 950 2247 cnncurrcntcs
1013 2228 1034 2255 ι)
1085 2221 1130 2249 Sic
1144 2230 1216 2249 anno
1230 2223 1530 2257 Constantinopolitano
1543 2224 1621 2255 7050,
1635 2227 1736 2260 cyclus
1747 2227 1816 2254 luna-
1828 2228 1835 2253 l

215 2263 362 2297 Regularcs
383 2263 483 2297 Aprilis
495 2263 521 2290 in
535 2265 654 2291 secundo
679 2272 758 2292 versu
777 2265 941 2300 regularium
956 2270 995 2293 ta-

214 2309 284 2336 bulae
299 2316 328 2335 ιιι
346 2314 409 2335 sunt
427 2309 436 2336 1
451 2330 457 2342 ,
481 2310 527 2344 qui
551 2317 612 2337 cum
637 2310 654 2337 5
669 2311 896 2337 concurrentibus
909 2331 916 2342 ,
933 2316 959 2338 et
981 2311 998 2338 9

213 2353 310 2381 diebus
323 2354 423 2388 Aprilis
438 2360 604 2389 componunt
620 2355 652 2382 15
667 2364 674 2388 ;
690 2356 812 2391 adeoque
829 2356 924 2384 feriant
944 2365 963 2384 ι.

248 2398 427 2434 Experiamur
447 2407 480 2427 an
508 2405 580 2428 recte
607 2402 712 2436 positus
741 2402 777 2429 sit
800 2403 922 2429 calculus
948 2411 996 2437 per

213 2444 455 2472 characterismum
475 2454 607 2473 annorum
633 2447 745 2479 Christi,
765 2448 805 2475 vel
829 2449 932 2482 periodi
948 2449 997 2475 Ju-

214 2489 301 2516 Iianae.
330 2490 425 2517 Aunus
452 2490 650 2520 Alexandrinus
673 2493 758 2524 7034,
776 2494 906 2521 detractis
925 2494 993 2527 779,

212 2536 347 2562 invenitur
365 2536 466 2570 periodi
476 2536 590 2565 Iuliana:
607 2538 693 2571 6255,
707 2540 755 2574 qui
769 2544 796 2567 et
809 2541 879 2567 idem
899 2549 996 2576 prove-

212 2581 252 2608 nit
265 2581 361 2608 ablatis
381 2582 430 2609 795
444 2582 477 2609 de
495 2591 566 2610 anno
592 2584 661 2612 7050
687 2585 995 2621 Constantinopolitano

212 2634 245 2653 ex
259 2628 386 2655 methodu
400 2629 513 2657 canonis
533 2637 562 2656 II.
579 2629 631 2657 Sed
653 2636 679 2658 et
702 2632 782 2659 iidem
807 2634 870 2660 anni
887 2634 996 2668 conspi-

211 2676 273 2697 rant
289 2672 316 2698 in
327 2681 428 2700 annum
440 2675 542 2703 Christi
558 2676 635 2707 1542,
651 2678 674 2704 si
693 2685 725 2704 ex
748 2678 932 2706 Alexandrino
949 2680 995 2706 ab-

210 2716 301 2749 jecero
315 2718 393 2751 549:2,
405 2725 431 2746 et
446 2728 460 2747 e
475 2720 788 2757 Constantinopolitano,
800 2725 879 2751 5508.
890 2724 924 2750 At
937 2729 993 2751 tam

210 2769 298 2789 annus
314 2765 416 2797 periodi
440 2764 554 2794 Julianm
572 2767 659 2800 6255,
689 2777 770 2803 quam
786 2770 888 2797 Christi
905 2771 990 2802 1542,

211 2806 314 2833 obtinet
327 2810 432 2844 cyclum
449 2812 514 2839 solis
534 2812 686 2840 Romanum
704 2822 741 2845 xl,
758 2814 801 2842 cui
817 2823 849 2842 ex
865 2816 955 2842 tabula
973 2824 992 2843 ιι

211 2852 340 2882 competit
355 2854 443 2882 littera
457 2856 490 2884 A.
503 2857 586 2889 Igitur
603 2858 744 2886 verissime
761 2860 934 2890 pronuntiata
949 2865 991 2888 est

1048 2269 1192 2296 terminum
1213 2268 1291 2295 oﬁ'ert
1315 2269 1342 2295 in
1362 2269 1454 2296 tabula
1468 2277 1502 2301 iv,
1519 2270 1621 2304 Aprilis
1639 2278 1672 2302 ll,
1684 2279 1752 2299 cuin
1766 2282 1840 2308 regu-

1047 2314 1149 2341 laribus
1164 2314 1191 2341 5.
1205 2313 1305 2349 Cyclus
1320 2315 1386 2342 solis
1406 2323 1438 2342 ex
1455 2323 1577 2342 canonet
1595 2316 1647 2343 fuit
1659 2317 1707 2349 23,
1723 2327 1839 2346 concur-

1047 2365 1137 2388 rentes
1154 2361 1180 2393 5,
1198 2361 1244 2396 qui
1262 2369 1325 2388 cuut
1343 2362 1514 2396 regularibus
1534 2363 1686 2390 ostemluttt
1702 2364 1802 2392 feriam
1819 2375 1835 2397 ι,

1047 2407 1153 2441 qualem
1166 2406 1322 2433 Graecorum
1340 2406 1515 2442 Horologium
1532 2407 1718 2436 demonstrat.

1046 2462 1136 2489 (ἒΑιιοιι
1151 2461 1205 2489 VII.
1223 2461 1329 2499 Pascha
1348 2461 1539 2495 Christianum,
1556 2472 1586 2499 ac
1606 2466 1749 2499 prwcipua
1766 2467 1836 2495 Cret-

1186 2505 1276 2523 corum
1294 2498 1360 2532 ferta
1375 2499 1465 2532 quovis
1485 2507 1554 2525 anno
1568 2498 1694 2533 definire.

1080 2541 1204 2569 Paschali
1220 2543 1335 2570 tertnino
1353 2550 1400 2577 per
1419 2543 1587 2578 superiorem
1600 2552 1740 2573 canonem
1753 2548 1837 2575 anim-

1046 2588 1178 2620 adverso,
1201 2589 1314 2623 ejusque
1335 2589 1421 2620 feria,
1446 2590 1470 2616 si
1492 2589 1633 2617 Dominica
1659 2592 1719 2623 sit,
1745 2595 1773 2621 in
1797 2602 1834 2621 se-

1045 2638 1174 2668 quentem
1191 2634 1357 2662 Dominicam
1372 2634 1542 2663 diliuuditur.
1563 2635 1592 2663 Si
1611 2637 1733 2665 alteram
1757 2640 1784 2666 in
1800 2640 1832 2666 lc-

1044 2680 1113 2706 riam
1128 2681 1259 2708 terminus
1276 2682 1395 2708 incurrat
1405 2702 1412 2712 ,
1425 2683 1546 2717 proxime
1558 2690 1681 2717 sequens
1696 2685 1828 2712 Dominica

1045 2724 1359 2754 Paschadlhristianum
1382 2729 1526 2756 obtinebit.
1550 2729 1667 2756 Invento
1691 2730 1827 2759 Paschate.

1045 2770 1113 2798 lesta
1130 2771 1233 2806 reliqua
1258 2773 1334 2799 nullo
1359 2775 1469 2808 negotio
1494 2775 1626 2809 reperies.
1647 2775 1714 2803 Haec
1731 2777 1825 2803 metho-

1044 2815 1095 2843 dus
1104 2819 1129 2843 et
1144 2824 1190 2851 per
1212 2817 1350 2847 selacilis
1366 2823 1418 2853 est,
1438 2825 1466 2848 et
1487 2820 1575 2855 capite
1598 2822 1742 2855 superiori
1757 2822 1826 2855 hujus

1044 2861 1106 2888 libri
1118 2861 1280 2890 continetur.
