1888 3136
85 181 152 208 MSS

373 237 487 266 CAPUT
507 237 576 266 XIV.

84 308 122 334 De
135 312 266 334 certarunt
278 307 411 334 hominum
426 307 548 334 Paschali
560 313 678 342 computo
690 316 720 334 ac
736 307 865 340 met/lotio,

119 351 182 377 quos
209 342 237 370 S.
266 342 400 370 Maximus
428 343 655 375 πεκιταπλοῦντας,
677 348 702 370 et
722 343 867 375 ἐξαπλοῦν-

119 386 168 408 τας
202 378 336 409 nominat;
369 386 415 404 nos
434 378 658 412 undecuplatores
685 378 865 412 appellamus,

119 420 229 446 quorum
244 414 312 438 ratio
323 421 401 447 prope
422 412 609 439 inextricabilis
631 414 686 439 vita
720 412 864 447 Scaligero,

121 448 248 481 Iitci'llime
261 447 422 475 declaratur.
440 447 477 474 De
493 447 586 474 iisdem
603 456 676 474 error
692 447 829 483 Scaligert'.

121 511 254 541 Maximus
271 518 373 550 martyr
387 515 479 549 prima:
494 516 579 550 partis
594 515 724 550 computi,
741 523 803 550 cap.
820 514 865 548 Χῖ,

84 563 112 587 et
129 559 175 586 ΧΠ
187 581 194 592 ,
212 567 244 587 ac
269 565 322 587 tota
346 561 464 588 secunda
478 565 554 596 parte
574 567 669 589 contra
684 565 774 589 certos
790 569 866 588 com-

83 605 143 640 puti
161 604 277 633 artiﬁces
292 605 422 640 disputat,
439 614 508 642 quos
525 607 753 639 πενταπλοῦντας,
765 613 792 635 et
806 607 867 640 ἐξα-

84 651 218 682 πλοῦντας
234 654 327 683 vocat;
347 651 396 677 hoc
417 655 458 678 est
476 652 622 686 quinquies
636 658 662 680 et
677 653 766 680 sexies
780 661 866 681 annos

83 697 154 732 cycli
178 697 280 723 lunaris
296 696 526 730 multiplicantes;
549 697 602 728 vel,
627 701 656 724 ut
672 705 726 724 uno
743 698 823 725 verbo
840 698 866 726 id

84 743 262 778 exprimatur,
274 743 403 770 undecies
419 751 426 769 :
444 749 561 777 quorum
575 743 733 770 methodum
746 745 866 772 secunda

85 794 161 825 parte
175 789 310 824 proponit,
328 789 374 816 sed
390 789 506 816 obscure
521 796 552 816 ac
566 790 702 824 perplexe,
718 794 747 817 ut
761 791 867 820 difﬁcile

81 836 121 863 sit
135 835 198 870 quid
221 835 270 862 sibi
286 836 351 862 velit
367 834 485 869 assequi.
502 834 580 867 Quod
597 839 623 862 et
646 835 767 871 Scaliger
780 837 826 866 lib.
846 846 865 865 ιι

82 882 124 909 De
149 881 328 909 emendatione
353 886 496 915 temporum
520 880 636 914 fatetur,
656 889 716 916 cap.
741 882 779 911 De
797 883 866 911 falso

81 927 162 962 cyclo
176 925 312 953 Paschali.
329 925 384 954 Nos
401 930 490 953 tamen
514 926 652 961 aspirante
669 926 735 960 Deo,
752 934 779 956 et
793 929 867 962 ejus-

83 973 147 1000 dem
171 972 337 1000 sanctissimi
359 971 486 1007 martyris
508 971 637 1006 precibus
665 973 761 1008 adjuti,
786 975 867 1002 tricas

83 1018 153 1045 istas
169 1025 263 1045 omnes
278 1017 454 1052 pcrvicimus,
475 1025 506 1044 ac
521 1020 604 1044 totam
620 1017 692 1044 illam
711 1019 865 1046 methodum

81 1063 286 1098 exploravimus
300 1071 308 1089 '.
323 1062 402 1096 Cujus
422 1062 466 1089 hic
483 1062 624 1089 scientiam
649 1062 781 1090 studiosis
801 1064 867 1090 ado-

81 1107 250 1136 lescentibus
263 1107 460 1142 impartiemur.
476 1106 543 1133 Nam
557 1115 611 1134 non
627 1107 715 1135 solum
730 1108 764 1135 ad
779 1109 866 1144 expli‘

82 1155 202 1182 candum
222 1153 331 1181 Maximi
347 1157 505 1188 computum
524 1154 579 1181 haec
597 1161 612 1181 a
633 1154 712 1182 nobis
726 1163 807 1189 opera
824 1163 867 1182 re-

80 1201 222 1236 quiritur,
254 1200 302 1227 sed
328 1203 370 1226 est
401 1199 481 1226 etiam
509 1199 541 1226 ad
575 1199 866 1234 Constantinopolitani

82 1245 216 1280 computi,
235 1252 315 1280 quem
338 1251 420 1279 supra
444 1243 654 1276 declaravimus,
678 1245 866 1273 illustrandum

82 1292 217 1327 originem
243 1291 396 1326 aptissima.
423 1290 544 1318 Primum
570 1292 661 1327 itaque
688 1299 749 1327 quae
775 1291 866 1319 diver-

82 1339 123 1366 sis
137 1337 203 1365 locis
217 1337 250 1365 de
265 1337 319 1365 illis
335 1336 468 1364 Maximus
483 1337 635 1370 tradiderit,
651 1338 678 1364 in
693 1345 776 1365 unum
792 1337 867 1364 colli-

81 1392 189 1420 gemas.

125 1430 280 1465 Ὑποτομὴν
304 1429 427 1464 σελήνης,
449 1436 528 1463 quem
546 1437 556 1454 ί
573 1428 670 1456 saltum
692 1428 762 1455 lunae
781 1438 790 1454 ι
807 1429 866 1455 vul-

81 1483 164 1511 gares
180 1474 300 1510 computi
317 1474 470 1505 nominant,
491 1473 528 1500 ait
545 1473 632 1508 capite
651 1473 793 1500 undecimo
809 1474 866 1508 pri-

81 1529 135 1548 ma:
149 1521 235 1556 partis
251 1521 284 1547 ab
305 1520 360 1547 illis
383 1519 501 1547 conferri
520 1519 546 1545 in
564 1526 664 1546 annum
682 1519 750 1553 cycli
767 1527 804 1551 xi,
819 1520 864 1554 qui

79 1572 125 1595 est
141 1575 185 1595 xiv
200 1567 355 1594 Graecorum
381 1570 408 1593 et
420 1566 615 1598 Romanorum,
630 1565 709 1598 cujus
723 1565 864 1592 neomenia

80 1613 166 1647 cmpit
182 1611 337 1640 Decembris
355 1611 469 1643 ultimo;
495 1618 583 1637 annus
600 1609 658 1644 ipse
678 1617 742 1636 vero
764 1609 864 1637 desinit

79 1660 110 1687 in
130 1659 286 1686 Decembris
304 1665 381 1685 xviii.
403 1656 480 1684 Unde
497 1664 615 1691 sequens
638 1663 736 1688 annus,
756 1655 802 1690 qui
819 1664 865 1691 cy-

80 1706 125 1732 clo
139 1704 252 1732 allectus
266 1707 325 1731 erat
336 1703 443 1730 illorum
454 1710 502 1733 ιιι,
517 1701 719 1729 Catholicorum
736 1709 779 1734 xv,
794 1708 808 1728 a
822 1701 865 1730 die

81 1761 129 1779 xix
143 1751 297 1779 Decembris
311 1751 413 1783 inibat;
428 1749 464 1776 ita
478 1753 508 1776 ut
522 1749 585 1776 luna
596 1757 642 1776 xiv
655 1749 764 1776 caderet
778 1750 804 1776 in
815 1748 865 1776 Ka-

80 1798 178 1826 lendas
201 1796 356 1824 Ianuarias.
383 1796 472 1830 Quare
500 1804 589 1824 annus
613 1795 682 1831 cycli
705 1795 864 1823 undecimus

80 1843 155 1879 apud
171 1843 383 1878 undecuplantes
401 1842 467 1869 istos
495 1843 547 1877 (sic
561 1842 633 1869 enim
650 1841 784 1876 appellare
797 1841 864 1867 mihi

81 1890 185 1926 liceat),
207 1890 264 1917 sive
283 1889 406 1916 decimus
428 1892 542 1924 quartus
557 1887 781 1920 orthodoxorum,
807 1887 865 1915 die—

81 1937 135 1964 bus
162 1936 306 1964 constabat
329 1935 460 1962 trecentis
483 1934 680 1969 quinquaginta
704 1933 803 1963 tribus,
832 1939 864 1960 ac

80 1984 137 2010 diei
152 1983 234 2010 unius
256 1980 413 2016 suppressio
429 1980 509 2007 [iebat
532 1979 687 2007 Decembris
707 1987 764 2011 ιιι,
780 1978 864 2013 siqui-

78 2025 144 2057 dein
159 2027 302 2056 neouienia
319 2027 387 2062 cycli
411 2026 520 2053 illorum
537 2033 586 2057 xii,
608 2028 763 2052 nostrorum
785 2032 830 2056 xv,
848 2031 864 2051 a

80 2083 119 2102 xx
136 2073 302 2104 Decembris,
322 2073 367 2099 cui
385 2080 418 2099 ex
442 2071 688 2099 Alexandrinorum
705 2069 864 2106 prnscripto

79 2120 141 2144 crat
158 2116 246 2148 allixa,
264 2116 296 2143 ad
312 2124 358 2142 xix
370 2114 603 2148 transferebatur;
619 2118 648 2141 ut
663 2122 734 2141 unus
751 2114 797 2141 ille
811 2114 864 2141 dis-

79 2163 258 2191 simularetur
275 2162 343 2189 dies.
357 2161 396 2188 Ac
419 2165 485 2188 tunc
507 2161 630 2188 decimus
646 2168 735 2188 nonus
752 2159 863 2188 Decem-

80 2209 140 2236 bris
164 2207 301 2235 numerari
331 2207 372 2234 bis
400 2206 515 2239 solebat,
542 2210 571 2232 ut
595 2209 651 2232 tam
677 2205 862 2233 antecedentis

558 183 787 210 DISSERTATIO
808 184 850 210 DE
871 185 1075 212 GRAECORU.“
1095 184 1196 212 ASRlS.

1631 189 1699 215 1433

881 244 903 271 Α
918 245 1062 276 quartum,
1086 241 1184 269 horum
1210 249 1276 269 vero
1294 242 1409 277 piimum
1433 243 1540 271 iHorum
1565 245 1700 272 decimum

917 288 1073 323 septimum.
1090 288 1125 314 At
1140 288 1238 316 solaris
1254 289 1348 324 cyclus
1365 289 1400 316 ita
1419 297 1447 317 se
1463 290 1553 322 habet,
1570 294 1599 318 ut
1615 291 1701 319 unde-

917 333 1084 368 cuplantium
1107 334 1210 369 primus
1232 333 1267 361 sit
1285 332 1452 367 Graecorum,
1471 335 1516 369 qui
1540 335 1701 363 Alexandri-

917 389 982 408 num
1007 386 1166 415 computum
1187 389 1272 408 unum
1292 382 1326 409 dc
1346 382 1453 410 duobus
1469 383 1608 417 adhibent,
1630 393 1700 420 quos

918 426 1044 461 superius
1055 427 1177 461 exposui,
1193 426 1316 454 decimus
1328 428 1434 455 tertius.
1447 427 1519 460 Ideo,
1534 437 1595 456 cum
1605 430 1699 465 cyclus

917 472 1073 499 Graecorum
1091 472 1292 499 Alexandrinus
1312 473 1415 507 primus
1439 474 1602 509 respondeat
1622 480 1699 503 sexto

917 518 993 553 cyclo
1007 517 1142 550 Romano,
1161 522 1190 544 ut
1206 525 1266 553 cap.
1286 517 1306 543 V
1324 518 1405 553 hujus
1420 519 1482 546 libri
1503 519 1700 547 demonstravi-

917 571 994 596 mus,
1016 563 1120 598 primus
1141 563 1381 599 undecuplantium
1404 565 1455 591 erit
1474 563 1612 593 Romanus
1626 565 1699 593 deci-

917 617 978 636 mus
992 613 1114 636 octavus.

951 654 1038 689 Caput
1053 654 1160 681 illorum
1173 655 1303 685 methodi,
1320 663 1352 682 ac
1365 656 1499 690 praecipua
1514 655 1700 690 reprehensio-

917 699 959 727 nis
979 707 1056 735 snges
1074 700 1145 735 apud
1163 699 1308 727 Maximum
1326 701 1354 727 in
1376 699 1506 733 terminis,
1524 702 1581 729 sive
1595 702 1700 737 quartis

917 745 1029 773 decimis
1056 745 1235 774 Paschalibus
1262 746 1400 779 consistit,
1427 747 1499 781 quod
1527 747 1566 774 illi
1590 748 1699 775 easdem

917 792 986 823 dies,
1006 799 1067 826 quae
1091 792 1125 819 ab
1148 792 1339 820 Alexandrinis
1358 797 1385 819 et
1404 793 1551 820 Catholici-s
1575 801 1700 821 numera-

916 837 1016 864 bantur
1028 837 1139 864 decimae
1152 841 1265 872 quartae,
1281 839 1380 874 saepius
1394 839 1513 866 decimas
1526 839 1645 874 quintas,
1658 840 1699 867 vel

919 886 1011 911 sextos
1034 883 1154 911 decimas
1170 884 1319 919 putabant:
1338 885 1409 920 quod
1435 889 1463 912 ut
1484 885 1525 912 via
1547 890 1573 913 et
1596 886 1700 913 ratione

919 928 1048 960 iacerent,
1073 929 1241 964 propositum
1267 930 1415 965 quemlibet
1438 938 1540 958 annum
1565 931 1633 966 cycli
1656 931 1699 958 sui

916 974 1034 1008 primum
1050 983 1098 1010 per
1120 975 1250 1010 quinque.
1275 976 1373 1003 deinde
1392 984 1441 1011 per
1467 984 1514 1004 sex
1534 976 1698 1012 multiplica-

916 1019 991 1051 bant,
1011 1019 1062 1046 boc
1077 1024 1119 1047 est
1136 1020 1162 1046 in
1179 1024 1263 1047 totum
1285 1028 1333 1055 per
1350 1021 1487 1054 undecim,
1504 1024 1560 1048 tum
1576 1022 1609 1049 ad
1625 1031 1700 1050 sum-

917 1071 987 1090 mam
1005 1064 1067 1091 inde
1081 1064 1225 1092 conﬂatam
1242 1065 1300 1092 dies
1317 1066 1496 1100 adjiciebant;
1511 1067 1584 1102 quia
1599 1067 1698 1094 Kalen-

916 1109 959 1137 dis
974 1109 1110 1138 Januariis
1133 1110 1167 1137 ad
1189 1111 1335 1138 terminum
1357 1111 1515 1139 Paschalem
1539 1113 1611 1140 illius
1636 1113 1700 1141 anni

916 1155 1140 1182 numerabantur.
1156 1154 1262 1183 Rursus
1278 1159 1343 1190 quot
1361 1156 1378 1182 ii
1395 1156 1453 1184 dies
1469 1162 1548 1184 erant
1568 1165 1583 1184 a
1597 1157 1698 1185 Kalen-

915 1199 958 1227 dis
973 1199 1110 1228 Januariis
1133 1201 1166 1228 ad
1183 1201 1340 1234 terminum,
1362 1205 1403 1228 tot
1419 1203 1602 1237 sexagesimas
1618 1204 1699 1232 unius

915 1246 969 1274 diei
986 1246 1149 1281 capiebant:
1165 1247 1197 1275 ad
1216 1255 1285 1283 quas
1302 1249 1381 1276 toties
1401 1248 1520 1284 quinque
1535 1249 1601 1277 alias
1620 1258 1699 1277 sexa-

915 1291 1032 1326 gesimas
1055 1291 1169 1319 diurnas
1189 1292 1365 1328 adjiciebant,
1392 1298 1492 1329 quotus
1516 1301 1606 1322 annus
1629 1296 1698 1331 cycli

915 1337 1076 1372 putabatur;
1097 1345 1231 1365 summam
1255 1339 1483 1374 scxagesimarum
1500 1348 1548 1374 per
1563 1341 1598 1367 60
1613 1342 1699 1375 parti-

916 1386 970 1409 tam
992 1382 1019 1409 in
1041 1382 1099 1410 dies
1125 1383 1304 1419 redigebant:
1322 1393 1390 1420 quos
1415 1385 1448 1412 ad
1469 1385 1586 1420 priorem
1610 1387 1699 1421 ὁμάδα

916 1428 1020 1455 dierum
1043 1429 1233 1456 accensebant.
1261 1429 1318 1456 Hoc
1339 1430 1418 1458 modo
1434 1430 1493 1458 dies
1510 1431 1614 1464 eadem,
1638 1439 1698 1467 qua

914 1477 1011 1508 quarta
1027 1474 1131 1501 decima
1155 1474 1264 1503 Nicmna
1284 1481 1351 1509 erat,
1374 1478 1468 1512 quinta
1492 1477 1596 1505 decima
1615 1486 1696 1513 saepe,

917 1519 967 1546 hoc
982 1522 1025 1546 est
1044 1519 1071 1545 in
1087 1520 1166 1548 annis
1180 1529 1246 1554 xiii;
1263 1522 1345 1549 semel
1360 1526 1436 1550 sexta
1452 1522 1555 1550 decima
1572 1531 1698 1551 numera-

916 1565 1005 1596 batur,
1024 1566 1050 1593 in
1069 1573 1140 1593 anno
1155 1568 1260 1594 decimo
1272 1564 1349 1595 sexto
1365 1568 1451 1604 cycli;
1464 1569 1491 1595 in
1511 1569 1631 1603 caeteris,
1647 1570 1698 1597 hoc

914 1616 957 1639 est
974 1612 1000 1638 in
1016 1620 1036 1644 i,
1049 1620 1079 1641 ii.
1095 1620 1135 1643 iii,
1152 1620 1188 1643 iv,
1205 1617 1232 1640 et
1249 1621 1325 1644 xviii,
1343 1619 1439 1649 quarta
1462 1614 1566 1642 decima
1585 1615 1699 1650 putaba-

915 1662 967 1683 tur.
984 1656 1053 1683 llinc
1069 1657 1135 1683 illud
1152 1657 1304 1689 eveniebat,
1327 1662 1356 1684 ut
1372 1657 1476 1685 Pascha
1493 1665 1526 1685 ex
1543 1666 1636 1686 eorum
1652 1666 1699 1685 ra-

914 1703 1035 1729 tiociniis
1053 1702 1115 1729 luna
1132 1710 1189 1729 xxn
1211 1703 1254 1729 vel
1272 1711 1337 1729 xxiii
1350 1703 1548 1731 celebraretur:
1567 1704 1635 1731 alias
1649 1710 1699 1731 aii-

914 1751 967 1774 tein
983 1756 1044 1775 cum
1061 1748 1196 1775 catholica
1219 1749 1310 1784 regula
1335 1750 1504 1776 conveniret.
1523 1748 1599 1782 Quod
1621 1753 1698 1777 ante-

914 1801 994 1829 quam
1020 1803 1071 1822 usu
1093 1795 1150 1830 ipso
1175 1795 1359 1830 exemplisque
1379 1795 1545 1826 declaretur.
1573 1796 1698 1823 schema-

914 1843 971 1866 tum
995 1839 1088 1871 trium,
1112 1847 1172 1874 quae
1197 1840 1225 1866 in
1250 1848 1270 1867 ii
1292 1844 1368 1876 parte
1383 1840 1529 1876 descripsit
1552 1840 1696 1872 Maximus.

914 1885 1046 1912 rationem
1063 1885 1219 1913 reddemus.

948 1929 978 1956 In
991 1930 1067 1964 cyclo
1080 1929 1223 1962 Victorini,
1234 1930 1280 1965 qui
1293 1933 1334 1957 est
1349 1937 1480 1957 annorum
1493 1931 1544 1958 552
1557 1931 1612 1966 (hic
1624 1930 1696 1958 enim

914 1982 1033 2010 praesens
1053 1975 1086 2002 ad
1101 1976 1252 2002 institutum
1262 1976 1434 2010 assumitur),
1450 1977 1519 2012 cycli
1540 1981 1603 2003 sunt
1620 1977 1683 2004 luna

915 2028 970 2053 res,
985 2021 1042 2048 sive
1057 2021 1330 2049 enneadecaeterides
1346 2026 1408 2049 octo
1425 2026 1452 2049 et
1471 2023 1583 2057 viginti;
1600 2022 1696 2050 solaris

914 2066 978 2094 item
997 2067 1077 2102 cycli,
1096 2067 1138 2093 vel
1154 2067 1439 2103 εἰκοσιοκταετηρίδες,
1454 2068 1651 2095 novemdeciin.
1668 2067 1696 2095 lu

913 2118 983 2144 rota,
999 2120 1084 2144 nouat,
1098 2112 1139 2139 vel
1153 2112 1249 2139 circuli
1266 2117 1330 2140 sunt
1344 2120 1450 2140 novem.
1462 2113 1579 2146 Primus,
1592 2118 1619 2140 et
1632 2114 1696 2140 exti-

915 2166 975 2186 mus
992 2159 1098 2194 cyclum
1116 2158 1232 2185 solarein
1254 2159 1386 2190 continet,
1404 2159 1492 2194 qualis
1513 2159 1658 2186 adhibetur
1682 2167 1696 2185 a

914 2204 1049 2235 Maximo,
1065 2205 1110 2239 qui
1133 2207 1174 2231 est
1197 2204 1372 2232 Alexandrini
1396 2204 1551 2232 Graecorum
1575 2206 1696 2240 coniputi

79 2257 236 2289 postremus
251 2256 402 2287 putaretur,
419 2258 499 2286 quam
514 2250 619 2285 primus
635 2251 784 2285 sequentis.
796 2250 862 2277 Rur-
879 2253 900 2280 D
915 2250 1054 2284 proprius;
1076 2249 1212 2276 secundus
1234 2250 1307 2276 orbis
1328 2254 1438 2284 epactas
1456 2250 1532 2282 solis,
1554 2251 1610 2278 sive
1631 2258 1694 2277 con-

79 2307 130 2327 sus
146 2306 205 2333 cap.
218 2297 266 2325 XII
283 2296 364 2325 refert
380 2296 449 2329 illos,
463 2296 497 2323 ad
508 2296 682 2331 exemptilem
699 2297 771 2323 diem
786 2304 860 2328 coin-

80 2345 270 2380 pensandum.
299 2343 413 2378 singulis
444 2343 523 2369 annis
555 2342 655 2370 addere
684 2342 862 2377 sexagenaria

79 2390 211 2425 scrupulo
222 2390 359 2424 quinque;
376 2392 402 2415 et
423 2388 463 2415 sic
479 2387 558 2415 annis
574 2387 716 2414 duodecim
730 2388 799 2414 diem
819 2387 862 2414 iii-

77 2442 187 2471 tegrum
207 2435 306 2471 colligi,
323 2443 355 2462 ac
376 2435 483 2462 demum
503 2442 550 2462 eos
574 2434 647 2468 ipsos
670 2433 703 2460 ad
729 2441 862 2461 annorum

79 2482 178 2510 Adami
195 2485 351 2516 computum
366 2488 453 2507 annos
467 2488 510 2506 xvi
527 2480 654 2514 adjicere.

117 2527 146 2554 In
162 2526 280 2554 secunda
295 2533 359 2553 vero
385 2529 461 2560 parte
480 2525 599 2559 computi
626 2524 779 2551 methodum
802 2525 859 2551 illo-

79 2581 143 2600 rum
167 2573 254 2599 tribus
279 2571 372 2606 ﬁguris
396 2571 523 2605 explicat,
546 2570 597 2597 hoc
613 2574 655 2597 est
676 2574 734 2596 rota
755 2578 820 2602 una,
835 2574 862 2597 et

79 2619 225 2652 !aterculo,
239 2618 281 2645 vel
297 2625 401 2645 canone
415 2617 516 2651 duplici
530 2625 537 2643 ε
559 2624 674 2652 quorum
691 2616 758 2643 alter
773 2616 806 2643 ad
824 2617 862 2643 si-

78 2667 215 2698 nistram,
238 2665 306 2691 alter
326 2664 360 2691 ad
384 2663 505 2690 dextram
526 2667 591 2689 rotae
614 2662 768 2696 descriptus
793 2666 861 2690 erat.

80 2709 137 2738 Sed
159 2714 269 2745 propter
290 2708 432 2744 angustias
456 2707 556 2734 charta:
580 2715 662 2742 supra
684 2707 777 2734 ambos
803 2711 861 2734 rota

80 2755 231 2783 constituta
252 2759 304 2782 est.
320 2754 358 2780 Ex
375 2753 426 2780 hac
446 2760 527 2788 porro
541 2752 667 2780 metliodo
688 2755 794 2780 constat
816 2759 862 2787 cy~

80 2803 155 2830 clum
171 2803 291 2830 lunarem
308 2801 378 2836 apud
400 2802 466 2829 istos
481 2799 601 2828 ternario
622 2799 753 2826 minorem
778 2798 862 2826 fuisse

80 2848 187 2879 Graeco,
199 2848 241 2875 vel
253 2846 445 2879 Alexandrino,
457 2846 504 2881 qui
517 2846 587 2874 idem
599 2849 626 2873 et
638 2844 776 2873 Romanus
790 2844 841 2871 fuit
853 2854 859 2871 :

80 2897 109 2922 et
128 2894 245 2922 orimum
266 2893 507 2926 undecuplantium
535 2900 596 2921 esse
616 2891 862 2920 Alexandrinorum
887 2929 892 2931 γ

917 2299 1057 2324 currentes
1074 2296 1169 2328 habet;
1187 2295 1281 2322 tertius
1297 2295 1450 2323 hissextiles
1464 2300 1556 2329 notat;
1571 2301 1695 2332 quartus,

917 2351 1003 2371 annos
1019 2343 1086 2379 cycli
1099 2343 1197 2370 solaris
1211 2343 1467 2377 undecuplantium;
1483 2344 1528 2379 qui
1543 2345 1582 2371 sic
1599 2344 1695 2378 priori-

916 2389 967 2416 bus
980 2387 1152 2423 respondent,
1167 2391 1195 2414 ul
1208 2388 1311 2421 primus
1326 2387 1564 2422 undecuplantiuni
1581 2390 1616 2416 sit
1631 2389 1697 2416 isto-

916 2442 977 2461 rum
994 2435 1117 2461 decimus
1139 2434 1245 2465 tertius,
1263 2437 1343 2467 atque
1366 2433 1401 2459 ita
1419 2434 1556 2469 deinceps.
1573 2435 1697 2471 Quinque

916 2481 995 2507 orbes
1018 2479 1114 2514 reliqui
1139 2486 1226 2506 annos
1249 2478 1390 2505 continent
1407 2479 1490 2513 cyclis
1510 2481 1645 2508 solaribiis
1670 2486 1696 2508 et

917 2526 1059 2553 lunaribus
1081 2529 1198 2557 notatos,
1220 2525 1246 2551 in
1270 2524 1370 2559 quibus
1390 2524 1521 2552 terminus
1546 2525 1695 2560 Paschalis,

916 2572 973 2599 sive
992 2576 1090 2606 quarta
1119 2571 1221 2598 decima
1245 2570 1364 2601 Nicaena,
1386 2570 1479 2605 quinia
1511 2571 1626 2605 decima,
1653 2574 1696 2600 vel

916 2622 991 2645 sexta
1004 2618 1108 2645 decima
1122 2621 1231 2652 putatur
1246 2617 1279 2644 ab
1293 2616 1546 2651 undecuplantibus.
1564 2617 1600 2644 Ita
1615 2627 1696 2653 porro

916 2662 1040 2698 dispositi
1056 2667 1119 2690 sunt
1133 2662 1276 2689 interiores
1291 2661 1328 2688 illi
1342 2661 1462 2695 quinque
1474 2661 1579 2692 circuli,
1592 2665 1620 2687 ut
1636 2663 1695 2689 cui-

916 2709 982 2736 libet
993 2718 1064 2737 anno
1077 2710 1145 2744 cycli
1158 2710 1254 2737 solaris
1266 2710 1293 2736 in
1309 2713 1405 2743 quarto
1417 2708 1530 2739 circulo,
1548 2709 1622 2735 cellae
1635 2709 1695 2737 duas

916 2755 1045 2789 subjectae
1060 2755 1115 2782 sint
1133 2755 1277 2789 cujuslibet
1296 2762 1311 2781 e
1327 2754 1445 2789 quinque
1457 2753 1575 2780 circulis.
1595 2753 1693 2781 Harum

915 2800 1056 2830 cellarum,
1076 2807 1136 2834 qua:
1159 2799 1193 2826 ad
1220 2800 1312 2826 trevain
1329 2804 1380 2831 est,
1406 2799 1510 2834 cyclum
1537 2798 1617 2830 solis;
1635 2806 1695 2832 quae

916 2845 949 2872 ad
966 2846 1100 2877 dextram,
1117 2845 1222 2880 cyclnm
1240 2845 1311 2871 lume
1329 2845 1526 2879 complectitur.
1541 2843 1613 2879 Cycli
1632 2851 1696 2869 vero

917 2891 985 2920 solis
1002 2892 1032 2918 in
1043 2895 1141 2924 quarto
1164 2891 1268 2918 circulo
1283 2890 1386 2918 indices
1401 2898 1454 2918 una
1476 2895 1539 2918 sunt
1560 2886 1695 2917 enneads-
