1888 3136
203 168 273 195 1455

706 169 750 196 Al)
766 169 899 196 EUSEBil
920 169 1117 197 CIlRONICON
1139 169 1320 196 APPENDIX.

1766 169 1832 197 1456

203 225 382 258 caeteridum,
409 233 442 252 ao
465 233 533 260 quas
558 225 744 260 Subjccta't‘n‘m
768 228 898 254 cellarum
920 229 987 262 cyrli
1003 230 1024 257 Α
1039 232 1169 263 praetcrea
1191 227 1336 254 methodus
1353 226 1410 260 ipsa
1430 225 1611 253 demonstrat.
1625 225 1745 257 Etenim,
1761 227 1786 252 si
1800 227 1830 252 ad

203 273 319 303 salares,
335 273 496 307 Iunaresque
513 274 658 308 pertinent.
675 273 797 308 Exempli
812 281 894 301 causa
906 275 941 301 sit
952 275 984 306 A,

200 317 228 346 id
253 323 294 346 est
321 319 425 353 primus
450 319 542 354 cyclus
569 319 666 346 solaris
691 318 930 353 undecuplautinm
959 319 985 346 in

203 367 299 398 quarta
314 371 392 393 zona,
417 363 460 389 cui
479 364 624 398 respondet
648 364 674 390 in
691 363 777 398 prima
794 363 887 397 cyclus
909 363 942 397 ιγ’
960 363 986 390 id

202 413 244 435 est
258 416 305 435 xm
322 407 498 434 Alexandrini
517 408 645 443 eomputi.
666 407 732 434 lluic
755 408 782 434 in
804 408 898 442 quinta
917 415 986 435 zona

202 454 262 481 duae
277 454 351 481 cellae
367 453 544 487 respondent.
567 461 682 488 quarum
705 453 790 480 altera
808 453 919 480 sinistra
942 461 998 488 (ψ.

201 500 272 527 clum
285 500 352 527 solis
364 499 444 526 habet
459 500 491 531 θ’,
507 500 531 526 id
547 505 587 526 est
601 499 635 532 9;
651 499 746 526 dextra
763 507 870 534 quoque
881 500 985 534 cyclum

200 544 322 573 lunarem
337 545 363 576 9,
378 553 432 580 quo
449 545 627 580 signiﬁcatur,
646 545 672 571 in
694 552 765 572 anno
787 552 819 572 eo
832 546 925 579 prima:
938 552 986 572 en-

201 591 443 622 ncadecaeteridis,
459 592 504 627 qui
520 592 595 627 cyclo
611 592 676 619 solis
691 595 718 619 et
733 591 803 618 luna:
819 600 844 618 Ix
858 591 986 626 praeditus

200 641 252 669 est,
270 638 360 664 lunam
377 637 510 665 decimam
526 641 651 672 quartam
666 637 802 664 Niczenam
820 637 854 664 ab
870 637 986 664 undecu-

201 683 341 718 plantibus
357 684 445 718 putari
461 692 504 711 xv.
519 683 596 716 Quod
612 683 720 717 quidem
735 683 836 717 duplici
853 682 887 710 de
901 690 985 710 causa

200 733 307 763 poterat
337 729 405 756 ﬁeri.
434 729 487 756 Aut
514 729 585 756 enim
617 733 729 763 propter
757 729 984 756 intervenientem

201 774 352 801 bisextilem
368 774 438 802 diem
460 783 467 800 :
487 779 535 801 aut
547 778 657 809 propter
666 775 895 809 sexagesimarum
911 775 986 813 dinr:

202 825 296 845 narum
314 819 488 854 cpilogismos
505 819 623 847 accidit:
640 819 739 854 quibus
755 820 835 846 annis
854 819 985 846 bisextilis

201 864 229 891 id
244 863 386 896 alliciebat,
402 865 436 891 iis
451 865 587 900 singulare
604 868 732 899 punctum
752 864 886 892 Maximus
898 865 984 891 ascri—

1036 275 1095 302 dies
1113 274 1147 301 94
1169 273 1255 300 addas
1274 272 1320 302 99.
1339 273 1384 307 qui
1402 272 1528 299 oriuntur
1544 272 1732 306 undecuplato
1759 274 1831 306 ryelo

1036 320 1124 346 lunari
1140 328 1177 350 Ix,
1187 319 1285 346 efﬁcies
1297 319 1355 345 dies
1367 317 1427 348 195,
1437 318 1611 353 sexagesinue
1622 325 1687 344 vero
1702 322 1831 352 praeterea

1036 365 1070 392 9i
1092 365 1168 400 (quot
1191 365 1315 391 videlicet
1334 371 1348 390 a
1364 363 1492 390 Kalendis
1508 363 1631 390 Januarii
1656 363 1832 390 intercedunt

1036 411 1116 444 dies).
1126 418 1186 437 cum
1202 410 1378 445 sexagesimis
1388 411 1431 441 15,
1443 418 1502 444 qua:
1516 417 1548 436 ex
1559 409 1640 436 annis
1652 408 1668 435 9
1686 410 1831 443 quinquies

1037 456 1224 490 multiplicatis
1239 455 1389 487 exsistunt;
1403 459 1543 490 propterea
1567 454 1641 488 quod
1657 462 1735 481 anno
1755 455 1831 481 cuili-

1037 501 1081 528 bet
1098 502 1165 536 cycli
1181 501 1301 536 quinque
1315 501 1482 535 imputantur
1495 501 1624 535 scrupula
1641 500 1765 530 diurna;
1777 507 1831 526 om—

1037 554 1096 579 nes,
1111 547 1234 580 inquam,
1254 546 1306 573 illa:
1329 546 1503 580 sexagesima
1517 552 1633 571 numero
1651 544 1717 575 159,
1739 545 1831 571 dixis:

1037 599 1085 626 per
1106 591 1140 618 60
1162 591 1273 618 biduum
1290 592 1407 619 solidum
1430 591 1549 618 etﬁciunt
1567 597 1630 617 cum
1650 590 1828 624 sexagesimis

1039 637 1081 663 19.
1099 637 1222 671 Abjectis
1245 637 1364 664 residuis
1384 637 1531 671 scrupulis,
1553 635 1670 670 soloque
1695 635 1782 661 biduo
1799 636 1827 661 ad

1037 683 1206 717 superiorem
1221 690 1356 710 summam
1373 683 1478 709 dierum
1496 681 1600 712 addito.
1627 680 1760 708 conﬁunt
1776 682 1829 708 dies

1037 728 1088 754 195
1106 737 1113 755 :
1139 728 1239 763 quibus
1260 735 1309 763 per
1324 728 1358 755 30
1373 727 1537 759 distributis,
1560 727 1765 761 relinquuntur
1778 726 1830 757 dies

1036 781 1081 800 xv.
1100 772 1217 800 Proinde
1236 777 1334 808 quarta
1355 772 1414 799 dies
1430 772 1542 806 Aprilis,
1563 779 1626 806 quae
1647 776 1694 799 est
1717 780 1766 798 xiv
1788 771 1830 797 Ni-

1036 826 1123 849 caena,
1149 825 1182 845 ex
1207 817 1315 844 illorum
1345 816 1526 844 Subductione
1553 816 1581 843 ﬁt
1607 825 1654 843 xv.
1680 816 1828 844 Videamus

1037 869 1127 892 utrum
1153 863 1181 890 in
1200 862 1368 890 Dominicam
1393 863 1438 889 ille
1459 863 1591 890 terminus
1616 863 1758 890 incurrat.
1784 862 1829 889 Per

202 914 307 944 pserat;
326 909 359 936 ad
374 917 421 937 eos
436 914 525 937 autem
544 918 640 942 annos,
656 910 702 944 qui
720 914 830 944 propter
847 910 988 944 scrupula-
1002 907 1022 934 Β
1038 917 1173 938 canonem
1194 917 1220 936 Iv
1234 909 1356 944 ejusdem
1379 909 1477 944 capitis
1498 913 1600 944 epacta:
1626 909 1698 936 solis
1715 909 1742 935 in
1761 917 1829 935 anno

203 955 270 981 riam
285 955 419 982 rationem
439 955 508 982 idem
531 957 700 987 obtinebant,
718 955 772 982 duo
787 959 887 990 puncta
904 959 982 982 nota-

201 1004 292 1033 verat;
310 1001 361 1028 tria
374 1000 491 1035 denique
505 1001 537 1028 ad
553 1009 600 1029 eos
615 1009 713 1033 annos,
731 1002 758 1028 in
771 1001 869 1036 quibus
879 1001 984 1028 decima

200 1050 296 1080 quarta
316 1047 462 1081 putabatur
484 1051 560 1073 sexta
576 1047 691 1074 decima.
717 1045 769 1073 Sed
794 1054 824 1073 ea
847 1050 946 1080 puncta
969 1053 984 1073 a

202 1091 321 1118 librariis
337 1092 440 1118 omissa
458 1096 538 1119 erant
554 1092 580 1118 in
599 1092 772 1127 apographo;
789 1099 876 1127 neque
892 1099 941 1119 nos
956 1092 984 1119 in

202 1137 255 1165 illis
271 1137 447 1165 restituendis
463 1138 570 1164 anxiam
589 1138 676 1172 magis
695 1145 776 1172 quam
800 1137 893 1164 utilem
920 1144 985 1172 ope-

201 1189 259 1208 ram
275 1190 374 1209 navare
391 1182 543 1216 voluimus;
563 1182 711 1216 praesertim
727 1189 788 1209 eum
809 1189 840 1208 ex
858 1181 985 1208 methodo

201 1232 295 1255 nostra
319 1228 353 1256 de
377 1228 498 1263 quolibet
518 1235 589 1254 anno
604 1231 732 1254 constare
753 1228 852 1262 possit,
869 1235 904 1254 an
925 1227 984 1262 ejus

201 1282 247 1302 ziv
261 1274 298 1302 sit
313 1283 356 1306 xv,
373 1275 415 1302 vel
430 1283 484 1301 xvn.
498 1274 551 1302 Sed
563 1274 698 1301 Maximus
714 1273 841 1300 admonet
857 1281 910 1300 non
926 1281 984 1300 om-

201 1328 251 1348 nes
267 1328 314 1348 eos
328 1328 414 1348 annos
435 1321 462 1347 in
483 1321 659 1348 interioribus
678 1328 695 1347 v
713 1319 828 1347 orbibus
842 1319 984 1348 adnotatos

200 1373 270 1399 csse,
288 1366 316 1393 in
331 1366 430 1401 quibus
446 1373 491 1392 xlv
507 1365 614 1392 Nicena
639 1365 668 1392 ﬁt
689 1373 720 1392 ex
743 1364 984 1400 undecuplantium

201 1413 306 1440 calculo
324 1420 369 1443 xv,
385 1412 426 1439 vel
442 1419 497 1439 ιιι.
517 1411 546 1439 id
559 1412 630 1439 enin)
649 1411 677 1439 in
694 1412 778 1447 cyclis
789 1412 904 1446 singulis
916 1419 983 1446 qua-

203 1458 335 1486 terdecies
352 1458 478 1491 accidit;
506 1458 552 1485 sed
578 1465 624 1485 eos
647 1461 763 1489 tantum,
786 1458 833 1492 qui
859 1457 984 1484 eumdem

202 1505 347 1532 terminum
362 1512 417 1532 uno
428 1505 482 1537 die,
494 1505 535 1532 vel
551 1505 632 1531 biduo
646 1505 763 1539 amplius
779 1508 901 1539 putatum
917 1511 984 1531 cou-

202 1551 292 1578 l‘erunt
308 1551 335 1578 in
351 1551 535 1579 D0minicam:
550 1550 622 1586 quod
637 1551 664 1578 in
676 1559 692 1577 v
706 1551 739 1578 ad
753 1558 889 1578 summum
906 1552 984 1578 annis

202 1598 228 1623 in
247 1597 344 1631 quasvis
357 1597 614 1624 enneadecaeteride
643 1597 785 1631 contingit.
812 1596 849 1625 Ex
875 1596 983 1623 duobus

201 1641 339 1668 laterculis
354 1646 419 1668 rota:
435 1641 576 1676 subjectis,
594 1642 669 1675 prius
689 1641 792 1668 sinistri
814 1648 911 1668 versus
926 1649 983 1668 em-

202 1684 340 1713 Iiolimwos
360 1693 446 1713 annos
468 1690 577 1713 notatos
603 1686 698 1719 habet;
725 1685 874 1713 secundum
898 1693 983 1714 annos

202 1731 269 1766 rycli
286 1731 389 1760 lunaris
409 1732 584 1760 Alexandrini
599 1742 603 1759 :
620 1733 698 1766 cujus
713 1736 827 1766 quartus
840 1732 983 1767 respondet

199 1785 272 1805 anno
294 1778 380 1812 primo
396 1778 464 1813 cycli
486 1778 590 1805 lunaris
610 1777 869 1812 undeeuplantium;
892 1779 938 1812 qui
956 1778 983 1805 in

201 1823 280 1850 tertio
303 1830 384 1850 versu
409 1821 584 1851 describitur.
610 1823 729 1855 Quartus
751 1830 846 1850 Versus
872 1827 983 1857 epactas

200 1870 310 1896 lunares
324 1870 457 1900 continet,
477 1869 570 1904 quales
584 1869 718 1896 Maximus
732 1869 849 1896 adhibet.
866 1869 983 1902 Quintus

199 1919 226 1942 et
237 1919 393 1951 postremus
416 1916 548 1943 terminos
574 1915 731 1947 Paschales,
754 1915 811 1943 sive
835 1923 890 1947 XIV,
914 1923 983 1950 quas

199 1969 270 1996 saepe
283 1969 316 1988 xv
335 1966 479 1988 numerant
497 1961 552 1993 illi;
566 1961 649 1988 semel
660 1966 749 1988 autem
762 1969 817 1994 xvr,
837 1962 982 1996 quinquies

199 2015 253 2035 xiv.
272 2007 446 2035 Laterculum
461 2007 584 2034 dextrum
601 2011 686 2034 totum
705 2006 832 2034 Paschati
848 2008 982 2035 catholico

198 2053 299 2085 servit;
323 2060 385 2079 nam
409 2051 557 2079 terminum
582 2051 752 2083 Paschalem,
778 2052 892 2086 ejusque
911 2052 982 2080 diem

198 2095 315 2126 Iulianis
334 2098 361 2125 in
380 2098 519 2126 mensibus
541 2097 619 2125 oll'ert
639 2097 666 2124 iu
690 2097 821 2130 secundo,
847 2106 879 2124 ac
903 2099 983 2126 tertio

201 2151 296 2177 \‘crsu;
310 2149 421 2179 epactas
436 2144 464 2171 in
481 2147 598 2178 quarto;
620 2143 647 2170 in
665 2143 760 2178 quinto
782 2144 887 2178 cycltun
906 2144 983 2170 luna-

199 2197 267 2216 rem.
281 2188 440 2225 Regulares,
458 2191 515 2218 sive
529 2188 675 2225 προσθεταὶ
691 2189 718 2215 in
736 2189 824 2223 primo
841 2197 894 2216 non
913 2189 982 2217 inte-

199 2243 254 2270 ιιι-ω
270 2243 285 2261 a
302 2235 414 2262 librario
429 2235 572 2270 descripta:
585 2239 659 2262 sunt.

235 2280 314 2308 Nunc
328 2289 405 2308 usum
415 2282 535 2310 methodi
547 2282 669 2316 exemplo
682 2289 746 2313 uno,
757 2281 875 2309 alterove
888 2283 983 2310 docea-

174 2322 176 2324 V
202 2337 273 2356 mnis.
292 2328 357 2355 Esto
374 2337 459 2357 annus
475 2331 530 2362 ille,
548 2331 594 2365 qui
610 2329 860 2357 enneadecaeteridi
878 2329 980 2363 primae,

200 2376 259 2402 sive
271 2381 342 2400 anno
350 2375 436 2408 primo
449 2377 516 2411 eycli
527 2376 624 2404 solaris
641 2376 668 2403 in
683 2381 780 2411 quarto
791 2375 873 2402 limbo
889 2375 983 2410 proxi-

200 2428 244 2448 me
265 2419 404 2453 subjectus
426 2425 467 2447 est
483 2422 510 2448 in
539 2422 621 2449 limbo
640 2429 676 2456 v,
707 2422 786 2456 cujus
804 2422 896 2456 cyclus
916 2421 982 2449 solis

199 2471 241 2494 est
259 2473 297 2497 Ix,
315 2464 419 2492 lunaris
437 2464 498 2491 item
519 2472 555 2492 1x.
571 2466 691 2493 Primum
713 2467 882 2502 inquiramus
893 2474 924 2493 ex
940 2474 983 2493 ca-

200 2519 272 2539 none
287 2518 317 2538 ιιι
330 2510 427 2545 capitis
444 2511 639 2543 antecedentis,
658 2517 758 2547 quotus
775 2520 864 2539 annus
880 2512 932 2539 iste
946 2512 982 2538 sit

199 2557 320 2592 computi
335 2555 432 2584 Graeci.
450 2556 620 2584 Inveniemus
638 2565 699 2586 esse
710 2566 810 2585 annum
829 2558 863 2585 ab
877 2558 981 2586 Adamo

199 2603 279 2636 5861,
295 2603 341 2638 qui
358 2611 407 2638 per
422 2603 457 2629 28
474 2606 501 2630 et
523 2602 555 2629 19
574 2601 690 2634 divisus,
707 2604 850 2639 utrobique
864 2605 880 2631 9
896 2604 981 2631 relin—

198 2651 268 2685 quit.
281 2650 380 2686 Cyclus
393 2649 498 2676 lunaris
511 2656 539 2675 ix
552 2648 792 2683 undecuplantium
806 2655 847 2677 est
864 2650 981 2677 Alexan-

198 2697 296 2724 drinus
317 2704 365 2727 xu,
385 2696 464 2730 cujus
480 2695 586 2722 decima
608 2699 704 2729 quarta
724 2694 862 2722 Paschalis
886 2696 982 2722 incidit

200 2744 227 2770 in
241 2750 266 2769 tv
279 2743 391 2775 Aprilis,
404 2743 450 2777 qui
469 2747 510 2770 est
527 2741 561 2769 9A
577 2741 636 2768 dies
649 2749 664 2767 a
678 2740 806 2767 Kalendis
815 2740 935 2767 Januarii
953 2745 981 2767 ut

200 2788 360 2815 laterculum
382 2787 507 2815 dextrum
525 2786 644 2815 exhibet.
667 2785 752 2813 Porro
768 2786 980 2820 undecuplantes

198 2833 332 2860 decimam
356 2838 481 2868 quartam
498 2834 571 2861 illius
592 2833 655 2860 anni
672 2835 831 2866 computant
847 2830 980 2858 decimam

199 2879 340 2913 quintam:
356 2880 426 2913 quod
448 2880 475 2906 in
490 2880 603 2906 sinistro
619 2878 750 2906 laterculo
763 2877 853 2905 vidcrc
870 2876 941 2909 licet,
953 2880 980 2903 et
1013 2908 1016 2909 ν

1035 957 1081 983 illo
1105 960 1167 984 sunt
1190 956 1216 988 3,
1237 963 1296 990 qua:
1321 955 1353 982 ad
1384 959 1539 982 menstruas
1565 959 1681 990 epactas
1702 956 1827 990 Aprilis:

1035 1003 1150 1034 additae,
1175 1006 1202 1029 et
1229 1001 1358 1028 ποσταίαν
1385 1001 1486 1036 Aprilis
1506 1000 1533 1031 4,
1559 1000 1716 1027 ostendunt
1737 1001 1827 1027 feriam

1034 1049 1148 1084 primam
1166 1048 1262 1075 eodem
1279 1047 1327 1074 illo
1342 1047 1386 1074 die
1401 1055 1429 1074 IV
1447 1046 1549 1082 Aprilis
1563 1054 1570 1070 :
1593 1045 1670 1080 quod
1697 1047 1782 1073 etiam
1798 1055 1827 1072 ex

1035 1093 1150 1120 canonis
1164 1100 1183 1119 ιι
1204 1093 1331 1120 doctrina
1353 1092 1499 1127 colligitur.
1517 1091 1624 1126 Quippe
1643 1091 1744 1126 eyclus
1766 1092 1826 1118 solis

1036 1137 1183 1170 Romanus.
1199 1139 1299 1166 additis
1313 1146 1368 1165 xvn
1385 1158 1393 1170 ,
1417 1138 1522 1165 exsistit
1534 1145 1596 1164 xxv:
1610 1146 1618 1170 ;
1635 1137 1748 1164 lunaris
1767 1145 1826 1164 vero

1036 1192 1084 1211 xu.
1100 1184 1200 1212 Littera
1214 1184 1391 1211 Dominicalis
1407 1183 1493 1211 estC.
1509 1182 1595 1218 Igitur
1609 1191 1688 1210 anno
1709 1184 1768 1213 illo.
1783 1184 1826 1210 de-

1035 1230 1105 1257 cima
1121 1231 1215 1265 quinta
1229 1229 1371 1257 Paschalis
1387 1230 1414 1256 in
1433 1229 1601 1255 Dominicam
1615 1228 1693 1264 apud
1708 1228 1826 1255 undecu-

1036 1278 1140 1312 plantes
1168 1277 1277 1310 incidit;
1305 1284 1337 1303 ac
1355 1276 1419 1302 luna
1444 1283 1501 1302 xxn
1526 1274 1633 1302 Pascha
1661 1275 1823 1302 celebratur.

1034 1322 1179 1358 Propterea
1196 1323 1303 1350 duobus
1317 1322 1426 1357 punctis
1438 1321 1574 1348 notandus
1589 1321 1642 1347 iste
1657 1328 1752 1348 annus
1769 1321 1824 1350 fuit,

1035 1376 1115 1404 quem
1133 1369 1156 1396 si
1174 1369 1296 1404 reperire
1310 1368 1378 1395 velis
1397 1371 1497 1402 quotus
1516 1367 1620 1401 periodi
1642 1366 1765 1393 Julian:
1786 1367 1824 1393 νει

1035 1414 1138 1441 Christi
1154 1413 1246 1445 fuerit,
1270 1421 1318 1448 per
1335 1419 1467 1440 canonem
1486 1420 1504 1438 ιι
1525 1411 1666 1446 expedies.
1694 1411 1764 1438 Nam
1781 1411 1824 1438 de-

1036 1461 1131 1487 tractis
1145 1459 1198 1486 795
1213 1458 1248 1486 de
1264 1458 1344 1489 5861,
1365 1458 1534 1491 relinquetur
1553 1464 1644 1483 annus
1659 1457 1769 1491 periodi
1780 1456 1824 1483 1Ιιι-

1036 1505 1114 1532 lianze
1129 1505 1211 1536 5065,
1232 1504 1279 1539 qui
1297 1508 1339 1531 est
1358 1503 1462 1530 Christi
1477 1509 1586 1529 cccun.
1603 1501 1662 1529 Cur
1683 1507 1777 1529 autem
1793 1502 1823 1528 ad

1036 1551 1366 1586 Constantinopolitanum
1391 1552 1548 1584 computum
1579 1548 1677 1583 cyclus
1704 1548 1823 1575 undecu-

1034 1598 1166 1632 plantium
1180 1605 1195 1624 a
1210 1597 1288 1624 nobis
1309 1596 1454 1627 referatur,
1472 1601 1590 1628 sequens
1606 1598 1693 1628 caput
1711 1594 1822 1628 aperiet.

1069 1645 1176 1671 Rursus
1201 1647 1368 1677 proponatur
1394 1648 1483 1668 annus
1514 1641 1570 1672 ille,
1599 1640 1649 1676 qui
1674 1641 1703 1667 in
1731 1641 1823 1668 eadem

1034 1689 1122 1723 prima
1134 1687 1391 1715 enneadecaeteride
1403 1687 1508 1722 cyclum
1524 1690 1579 1713 tam
1600 1686 1670 1713 solis
1685 1695 1769 1721 quam
1787 1687 1820 1713 lu-

1034 1742 1075 1761 na:
1093 1742 1135 1761 xvr
1160 1734 1250 1761 habet.
1275 1733 1325 1760 llic
1344 1734 1395 1760 erit
1417 1740 1506 1759 annus
1525 1732 1821 1767 Constantinopolitani

1034 1780 1154 1814 conipuli
1171 1779 1241 1807 5868
1267 1786 1315 1813 per
1331 1785 1462 1805 canonem
1482 1786 1510 1804 ιιι
1535 1778 1636 1813 capitis
1658 1779 1821 1812 superioris.
1855 1779 1859 1785 '

1035 1825 1179 1852 Terminus
1204 1824 1345 1852 Paschalis
1366 1829 1407 1851 est
1433 1823 1534 1858 Aprilis
1555 1831 1625 1854 xvn,
1648 1831 1733 1857 quam
1755 1823 1820 1850 diem

1034 1875 1138 1898 sextam
1151 1870 1283 1897 decimam
1298 1877 1346 1905 pro
1363 1877 1407 1897 xlv
1421 1873 1581 1904 computant
1594 1870 1821 1904 undecuplames,

1034 1921 1063 1943 ut
1085 1920 1126 1944 est
1142 1917 1168 1943 in
1186 1915 1300 1943 sinistro
1322 1916 1463 1943 laterculo.
1482 1915 1664 1950 Experiamur
1681 1923 1731 1950 per
1748 1919 1820 1942 s'cru-

1035 1963 1167 1996 pulariam
1187 1962 1356 1989 methodum.
1377 1962 1476 1996 Cyclus
1496 1962 1562 1989 solis
1579 1970 1623 1988 xvi
1642 1962 1670 1988 in
1695 1966 1821 1996 computo

1033 2007 1347 2042 Constantinopolitano,
1368 2011 1409 2034 est
1425 2007 1566 2034 Romanus
1587 2015 1601 2032 v
1620 2015 1670 2041 per
1687 2015 1821 2034 canonem

1033 2060 1064 2081 ιι.
1089 2054 1159 2089 Ergo
1182 2061 1270 2080 annus
1287 2057 1328 2080 est
1345 2053 1488 2080 bisextilis.
1514 2052 1576 2080 ideo
1598 2061 1614 2079 a
1631 2053 1765 2080 Kalendis
1780 2052 1821 2079 Ja-

1034 2099 1122 2125 nuarii
1138 2103 1317 2126 numerantur
1332 2099 1390 2126 dies
1408 2099 1469 2131 108,
1488 2107 1541 2126 non
1558 2099 1616 2126 107.
1633 2098 1730 2126 Ductis
1745 2099 1780 2126 16
1798 2100 1821 2125 in

1036 2145 1064 2172 11
1091 2146 1157 2172 tiunt
1179 2145 1237 2172 dies
1260 2144 1321 2177 1'16,
1344 2145 1389 2180 qui
1412 2152 1475 2172 cum
1499 2145 1550 2171 108
1571 2144 1637 2171 dant
1659 2144 1726 2177 264;
1746 2152 1821 2171 scru-

1034 2191 1097 2226 pula
1122 2191 1174 2218 108
1208 2198 1270 2217 cum
1296 2193 1340 2222 90,
1369 2198 1429 2225 quze
1451 2191 1614 2226 colliguntur
1642 2190 1737 2218 ductis
1756 2191 1774 2218 5
1797 2191 1821 2217 in

996 2237 1078 2273 016.
1094 2236 1213 2264 efﬁciunt
1233 2237 1291 2264 dies
1306 2237 1339 2270 ὃς
1358 2242 1385 2263 et
1406 2241 1535 2272 prazterea
1558 2237 1748 2271 scxagesimas
1772 2237 1822 2263 17:

1035 2282 1134 2317 quibus
1149 2282 1288 2317 neglectis,
1312 2287 1339 2309 et
1362 2282 1468 2316 adjecto
1495 2282 1584 2309 triduo
1607 2283 1641 2308 ad
1670 2282 1731 2310 dies
1759 2283 1822 2313 284.

1035 2335 1196 2362 summaque
1221 2328 1273 2354 9.87
1297 2336 1345 2363 per
1371 2329 1405 2355 30
1430 2328 1594 2359 distributa,
1625 2329 1824 2363 relinquuntur

1034 2374 1092 2401 dies
1106 2374 1150 2401 17.
1170 2373 1287 2401 Proinde
1307 2375 1407 2409 Aprilis
1423 2383 1479 2402 xvn
1495 2375 1558 2402 luna
1578 2379 1638 2402 erat
1654 2365 1766 2402 decima
1780 2383 1823 2402 se-

1034 2420 1127 2454 ptima.
1142 2419 1257 2454 Propter
1274 2421 1423 2448 bisextilem
1442 2421 1532 2456 itaque
1550 2419 1621 2447 diem
1631 2440 1638 2451 ,
1654 2421 1794 2448 terminus
1807 2428 1821 2447 ε

1034 2474 1088 2493 xvn
1113 2466 1157 2494 die
1170 2467 1270 2502 Aprilis
1283 2466 1317 2493 ad
1335 2475 1378 2493 xvt
1396 2467 1602 2494 retrahebatur:
1620 2475 1682 2501 qua:
1696 2475 1762 2493 cum
1778 2475 1821 2494 es-

1033 2516 1073 2539 set
1087 2511 1184 2545 feriat,
1198 2511 1301 2539 Pascha
1318 2513 1345 2539 in
1361 2521 1428 2539 xxni
1441 2512 1511 2540 diem
1526 2512 1743 2544 diﬂ'undebatur,
1761 2521 1820 2548 qua

1032 2560 1091 2584 erat
1106 2557 1169 2584 luna
1184 2565 1262 2589 xxnt,
1284 2557 1317 2584 de
1328 2564 1381 2592 qua
1399 2565 1428 2584 re
1452 2557 1520 2584 nihil
1538 2564 1589 2584 nos
1610 2556 1750 2584 Maximus
1771 2560 1818 2584 do«

1032 2601 1087 2628 cuit
1098 2609 1104 2626 :
1115 2602 1161 2636 qui
1178 2601 1311 2629 bisextilis
1335 2602 1387 2628 diei
1409 2602 1540 2629 rationem
1554 2602 1617 2630 illus
1631 2602 1735 2630 habere
1752 2603 1819 2630 scri-

1032 2647 1103 2682 psit;
1126 2650 1153 2674 et
1167 2648 1274 2682 quoties
1292 2651 1400 2682 propter
1413 2647 1502 2682 ipsum
1522 2647 1657 2675 terminus
1681 2648 1710 2674 in
1726 2648 1815 2674 lunam

1032 2701 1065 2720 xv
1081 2693 1196 2720 incurrit
1213 2692 1280 2720 feria
1302 2693 1399 2728 prima,
1422 2693 1494 2720 hunc
1515 2700 1616 2719 annum
1639 2701 1697 2720 uno
1716 2697 1815 2728 puncto

1032 2739 1133 2766 notari.
1150 2737 1228 2770 Nam,
1249 2746 1311 2765 cum
1333 2739 1396 2765 luna
1413 2743 1455 2766 est
1476 2746 1531 2769 xvt,
1543 2746 1712 2774 quacunque
1735 2739 1762 2766 id
1785 2747 1812 2765 ex

1032 2792 1115 2812 causa
1130 2785 1187 2816 ﬁat,
1201 2785 1300 2819 triplici
1314 2790 1414 2820 puncto
1426 2785 1592 2820 designatur.
1609 2785 1704 2819 Quare
1720 2786 1811 2820 triplex

1032 2835 1162 2865 punctum
1177 2838 1249 2857 anno
1265 2831 1301 2857 illi
1319 2831 1493 2858 tribuentium
1505 2836 1574 2858 erat.

1069 2876 1109 2904 Ex
1128 2876 1170 2903 his
1197 2876 1308 2904 evidens
1335 2881 1376 2904 est
1400 2877 1576 2904 hallucinatio
1599 2878 1743 2912 Scaligi-ri,
1769 2876 1810 2911 qui
