1888 3136
87 162 157 190 “57

604 162 834 189 DISSEI‘iTATlO
850 161 893 188 DE
912 160 1117 189 Cit/EGO“.le
1136 160 1236 188 ΑΞΒΙΒ.

1642 162 1709 188 H58

86 219 326 254 uudecuplantium
342 219 416 246 illum
433 218 538 254 cyclqu
558 219 696 253 explicans
712 220 770 253 (lib.
792 227 810 246 ιι
838 218 875 246 De
890 221 913 249 Α
928 219 1065 253 congruit.
1089 218 1228 252 Siquidem
1249 224 1337 245 annus
1351 217 1455 252 primus
1470 225 1531 244 aera
1549 216 1709 245 Christianae

85 264 212 299 ειιιεηάέ),
224 265 321 292 asserit
335 273 394 297 eos,
406 265 513 299 quoties
527 265 631 292 decima
648 269 747 300 quarta
758 265 875 292 Pascha-

85 311 120 338 lis
135 311 282 345 putabatur
296 311 401 337 decima
419 315 507 342 sexta,
524 311 547 338 si
563 311 590 338 in
613 311 762 338 secundam
780 311 874 338 feriant

85 357 257 388 incurreret,
287 356 465 383 antecedente
497 356 637 383 Dominica
666 357 770 384 Pascha
802 356 874 384 cele-

86 403 192 436 brasse,
209 403 272 430 luna
288 403 409 437 ipsorqu
427 411 471 433 xv,
488 403 597 430 Niczeua
612 411 672 435 xui,
685 404 756 438 quod
768 407 810 430 est
825 402 874 429 fal-

87 449 228 476 sissimum
240 458 247 481 ;
257 454 284 476 et
296 449 463 475 contrarium
479 449 582 476 diserte
594 448 729 476 Max-imus
745 449 874 482 aﬂirmat;

88 493 216 520 nimirum
233 494 297 520 luna
312 493 386 528 ipsos
404 501 471 526 xxn,
487 497 513 520 et
528 493 622 521 eodem
637 493 691 527 die,
709 501 762 528 quo
775 493 875 520 Catho-

88 539 168 569 licos.
183 539 287 566 Pascha
306 547 386 566 suum
401 538 518 572 obiisse;
537 539 585 567 sed
604 539 760 567 Catholicos
782 540 874 567 lunam

88 593 123 611 xx
142 593 311 615 numerasse.
327 579 407 619 quam
433 585 478 612 isti
495 585 577 611 biduo
595 586 711 620 amplius
733 586 873 620 putabant.

85 631 155 657 Cum
184 636 273 658 anteiit
300 631 363 657 luna
392 638 436 657 xvt
461 631 488 658 in
512 631 679 659 Dominicam
707 632 873 664 incurrebat,

86 676 198 711 utrique
211 678 239 703 in
259 683 417 711 sequentem
442 677 609 704 Dominicam
625 677 730 705 Pascha
743 686 874 713 proroga-

86 723 168 752 bant:
194 730 273 757 quam
301 723 517 758 undecuplantes
542 724 633 750 lunam
653 731 720 751 esse
747 723 873 751 volebant

86 776 168 799 xxnt,
183 768 321 795 Catholici
334 777 391 795 xxi.

385 846 500 874 CAPUT
519 846 576 874 XV.

89 902 315 937 Urtdecuptatores
332 902 395 942 illo:
414 902 446 929 de
460 902 557 942 quibus
578 902 630 936 agit
647 901 790 942 Maximus.
809 909 873 941 visos

121 947 177 964 esse
192 944 312 971 computo
328 936 631 971 Constantinopolitano.
644 943 668 964 et
689 936 814 962 Victorini
829 944 874 962 seu

121 973 279 999 Latinorum
293 973 421 1003 utet/tudo,
435 973 473 998 ita
493 979 578 999 tamen
597 977 625 998 ut
648 982 663 998 ιι
679 971 874 998 Cat/tolicorunt

123 1009 243 1034 instituto
261 1016 311 1034 non
333 1007 512 1039 abhorrerent,
534 1012 624 1034 contra
639 1015 716 1041 quam
738 1006 874 1033 Maximus

121 1049 146 1070 et
159 1043 280 1078 Scaliger
291 1043 414 1069 arbitrati
428 1047 499 1069 sunt.

124 1110 190 1136 Dum
208 1109 338 1137 attentius
349 1117 380 1136 ca
397 1112 610 1144 perscrutamur,
631 1115 691 1143 quae
702 1108 736 1134 de
751 1107 872 1134 undecu-

84 1155 238 1191 platoribus
250 1155 311 1182 istis
326 1154 460 1182 Maximus
475 1154 566 1186 refert,
581 1154 653 1181 haud
665 1154 785 1188 vulgaria
800 1161 874 1188 quam

83 1203 148 1229 dam
174 1201 432 1234 animadvertimus;
448 1208 534 1236 neque
552 1199 679 1231 Maximo,
696 1204 726 1226 ut
743 1203 854 1234 apparet
865 1219 872 1230 ,

87 1249 140 1283 ipsi
157 1248 284 1283 cognita;
303 1255 390 1283 neque
416 1246 567 1281 Scaligero,
588 1246 634 1281 qui
655 1245 802 1272 Maximum
825 1253 873 1272 ex-

83 1296 186 1330 plicare
202 1297 318 1321 conatus
337 1298 378 1321 est
401 1304 407 1321 :
433 1299 459 1320 et
480 1294 512 1320 ad
527 1292 650 1320 Graecum
665 1297 822 1328 computum
843 1293 875 1319 il-

85 1342 136 1369 lllSl
143 1340 256 1367 randum
271 1339 403 1374 imprimis
421 1340 506 1367 utilia.
522 1339 577 1366 lloc
589 1339 672 1374 igitur
684 1339 875 1367 observatione

81 1387 179 1415 sedula
196 1386 378 1421 comperimus
393 1397 399 1413 :
416 1386 645 1420 undecuplatorcs
665 1385 727 1412 illos
747 1389 875 1413 auctores

82 1433 172 1460 luisse
187 1433 306 1467 computi
329 1432 442 1459 alterius
457 1439 472 1459 e
488 1431 606 1464 duobus,
621 1438 701 1466 quem
717 1430 874 1458 Constanti-

81 1479 273 1513 nopolitanum
296 1478 516 1510 nominavimus;
547 1478 593 1512 qui
622 1485 685 1504 arra:
712 1476 875 1503 Christiana:

82 1525 203 1560 primum
229 1532 331 1551 annum
356 1523 434 1551 olTert
457 1523 485 1550 in
513 1531 557 1555 eo,
583 1524 629 1558 qui
646 1526 687 1550 est
713 1523 746 1549 ab
771 1522 874 1548 Adamo

81 1570 154 1599 5509
167 1579 173 1596 :
190 1571 262 1606 quod
279 1570 377 1605 partim
392 1578 425 1597 ex
441 1570 525 1605 cyclis
540 1569 607 1597 solis
624 1574 649 1596 ct
664 1570 733 1596 lunae
748 1588 755 1599 ,
773 1568 872 1603 partim
887 1562 908 1590 C

81 1626 119 1645 ex
132 1624 264 1643 annorum
282 1623 394 1643 numero
411 1621 485 1643 certo
499 1615 646 1650 colligitur.
671 1615 772 1642 Scribit
788 1614 873 1641 Maxi-

82 1672 146 1691 mus
163 1663 250 1697 capite
262 1662 297 1689 XI
313 1661 437 1697 partisJ,
452 1663 558 1697 cyclum
572 1662 652 1694 luure,
669 1670 748 1697 quem
767 1662 805 1689 illi
821 1671 872 1689 nu-

81 1713 192 1737 merant
205 1717 245 1740 x1.
264 1717 326 1736 eum
345 1717 405 1736 esse
421 1716 501 1744 quem
518 1708 575 1743 ipse
593 1713 734 1743 computat
750 1715 813 1740 xiv;
832 1708 873 1734 lu—

81 1758 160 1784 naris
188 1756 281 1789 cyclus
308 1754 416 1782 Maximi
438 1755 509 1782 idem
535 1757 576 1782 est
598 1762 659 1781 cum
684 1754 816 1786 Romano,
844 1758 872 1781 ut

82 1809 169 1836 supra
186 1801 441 1828 demonstravimus.
458 1799 541 1836 igitur
555 1800 649 1836 cyclus
665 1800 768 1834 primus
787 1800 872 1826 unde-

83 1848 257 1882 cuplatorum
277 1851 319 1873 est
341 1846 492 1878 Romanus,
510 1847 552 1874 vel
567 1846 675 1873 Maximi
696 1851 824 1880 quartus;
844 1851 871 1873 ct

83 1893 191 1928 primus
207 1893 315 1919 Maximi
336 1896 378 1920 est
398 1893 520 1920 decimus
536 1892 668 1927 septimus
682 1892 800 1918 illorum.
818 1891 870 1926 lgi—

81 1944 130 1966 tur
152 1940 246 1974 cyclus
269 1938 374 1966 lunaris
397 1938 642 1972 undecuplatorum
665 1944 706 1965 est
724 1939 792 1966 idem
808 1947 870 1965 cum

79 1984 251 2015 Iudaeorum,
281 1991 313 2010 ac
337 1982 480 2014 Victorini,
506 1991 554 2010 seu
582 1983 740 2010 Latinorum
767 1983 868 2019 cyclo:

80 2038 165 2065 quem
179 2038 240 2057 esse
255 2029 400 2057 docuimus
412 2037 472 2057 terte
483 2029 792 2064 Constantinopolitana:
808 2038 868 2064 pro-

82 2075 184 2110 prium.
200 2075 295 2102 Aunus
318 2074 424 2109 primus
448 2082 510 2102 atra:
532 2074 695 2102 Christianae
718 2074 868 2102 Romanum

80 2120 191 2155 cyclum
212 2119 315 2150 habuit,
334 2120 400 2147 solis
419 2128 444 2152 x,
463 2120 534 2146 luna:
556 2127 584 2146 ιι.
608 2120 702 2146 Αιιιιιιε
729 2120 799 2147 5509
823 2120 869 2147 dat

81 2165 190 2201 cyclum
206 2165 272 2192 solis
286 2172 342 2197 xm,
357 2165 426 2191 Iunce
444 2173 519 2191 xvm.
537 2164 634 2192 Annus
649 2173 713 2192 vero
729 2165 808 2197 5495,
825 2174 869 2193 so-

81 2211 118 2238 lis
131 2219 156 2243 ν,
182 2211 252 2237 iunm
269 2217 299 2236 ιι.
320 2209 357 2236 ita
384 2210 488 2237 lunaris
503 2210 596 2245 cyclus
620 2210 868 2245 Constantinopoli-

79 2256 138 2282 taui
168 2256 286 2291 computi
313 2254 397 2283 distat
426 2264 440 2282 a
474 2255 598 2283 Romano
624 2261 650 2283 et
674 2257 867 2289 Alexandrino,

80 2310 163 2337 «piem
182 2302 314 2329 Maximus
338 2306 463 2336 usurpat,
479 2302 616 2335 sedecim;
633 2302 670 2329 ita
693 2307 722 2329 ut
746 2303 868 2331 decimus

80 2350 216 2384 septimus
241 2348 564 2384 Constantinopolitamls
593 2356 654 2376 cum
684 2349 867 2376 Alexandrino

80 2396 172 2430 primo
188 2399 344 2422 concurrat.
358 2395 457 2430 Cyclus
477 2403 542 2422 vero
557 2395 655 2422 solaris
674 2395 867 2422 Constantino-

79 2441 219 2477 politanus
243 2441 428 2468 Alexandrino
452 2440 541 2467 minor
560 2445 605 2481 ρει
631 2440 794 2473 duodecim,
817 2442 867 2469 hoc

78 2491 124 2514 cst
139 2487 243 2521 primus
263 2487 346 2519 illius,
363 2486 444 2520 hujus
463 2490 504 2513 est
518 2486 640 2514 decimus
657 2488 763 2514 tertius.
776 2487 866 2520 Quare

77 2541 144 2560 eum
169 2533 238 2568 cycli
256 2532 431 2559 Alexandrini
452 2532 549 2559 solaris
570 2533 675 2567 primus
699 2533 734 2559 sit
751 2532 864 2560 Romani

79 2581 188 2609 sextus,
210 2577 503 2612 Constantinupolitani
518 2578 586 2612 cycli
605 2578 708 2613 primus
728 2578 780 2604 erit
792 2583 865 2604 octa-

78 2631 132 2650 vus
145 2624 268 2650 decimus
282 2623 395 2650 Romani
412 2633 419 2656 ;
435 2631 494 2658 qua:
508 2625 599 2650 omnia
623 2623 863 2658 undecuplatorum

79 2670 159 2704 cyclo
183 2673 350 2704 competunt,
371 2674 399 2696 ut
413 2670 523 2696 minime
542 2669 653 2696 dubium
673 2669 709 2696 sit
732 2669 865 2696 Constan-

79 2715 292 2749 tinopolitauum
309 2719 465 2750 computum
480 2714 541 2741 illos
559 2715 688 2742 tenuisse.

116 2780 250 2808 Praeterea
267 2782 338 2816 quod
352 2781 485 2808 Maximus
497 2781 544 2812 ait,
559 2781 592 2807 ad
608 2789 694 2808 annos
709 2781 804 2808 Adami
817 2782 864 2807 ad-

78 2825 185 2853 didisse
203 2826 264 2853 illos
288 2826 417 2856 sedecim.
438 2826 623 2860 conjecturam
641 2830 761 2852 nostram
785 2826 863 2853 unice

80 2872 234 2900 confirmat.
251 2872 306 2900 lloc
325 2873 396 2900 cnim
419 2872 720 2907 Constantinopolitunc
736 2876 863 2907 computo

925 265 952 291 in
969 263 1153 291 Alexandrino
1166 267 1324 290 numeratur
1336 263 1405 290 5495
1417 272 1424 295 ;
1442 263 1468 289 in
1481 263 1710 298 Constantinopo-

926 310 1021 343 litano,
1044 309 1123 337 5509.
1142 309 1315 336 intervallum
1333 310 1395 336 anni
1416 317 1470 336 xvr.
1494 309 1561 337 Hinc
1577 311 1658 338 etiam
1678 311 1711 337 il-

925 356 970 383 lud
990 360 1114 391 apparet,
1133 364 1224 383 verum
1242 355 1268 382 id
1285 363 1346 383 esse
1361 355 1433 390 quod
1455 361 1516 382 ante
1535 364 1630 384 sumus
1645 357 1711 384 odo-

926 402 988 433 rati,
1007 409 1089 436 quam
1112 402 1145 428 de
1162 401 1408 436 undecuplatorum
1426 401 1502 436 cyclo
1517 401 1563 428 illo
1577 403 1711 437 cogitare-

925 456 996 479 mus,
1009 448 1339 483 Constantinopolitanum
1352 452 1508 483 computum
1522 448 1555 475 ad
1565 447 1710 481 Victorini.

926 494 983 521 sive
997 493 1157 522 Latinorum
1174 494 1342 527 methodum,
1357 498 1384 521 et
1397 493 1540 521 Judaicum
1552 495 1657 529 cyclum
1671 495 1711 522 lu-

925 548 1019 568 narem
1038 540 1271 568 accommodatum
1292 547 1306 567 a
1328 540 1429 568 Cra-cis
1445 540 1537 568 fuisse.
1554 540 1621 568 Cum
1638 542 1710 568 enim

927 586 1033 613 lunaris
1048 586 1099 613 hoc
1117 586 1210 621 cyclus
1228 586 1286 620 ipse
1304 586 1458 621 persuadet.
1472 591 1529 613 tum
1545 587 1617 621 quod
1634 594 1649 613 a
1664 587 1710 614 Ja-

926 632 1016 659 nuarii
1035 631 1164 659 Kalendis
1179 632 1321 659 ratiocinia
1335 632 1406 659 luna:
1422 632 1602 664 deducerent,
1625 637 1654 659 ut
1672 637 1712 660 te-

926 682 1015 705 statur
1031 677 1184 705 Maximus:
1198 678 1270 713 quod
1287 682 1314 705 et
1336 677 1446 706 Latinos
1471 678 1622 707 instituisse
1640 679 1712 706 Beda

925 727 1058 750 memorat
1088 723 1136 750 lib.
1161 722 1198 749 De
1230 728 1373 757 temporum
1396 723 1498 750 ratione
1520 731 1580 759 cap.
1605 723 1711 757 LlV,et

925 768 1080 797 Victorinus
1101 769 1159 804 ipse
1176 769 1202 796 in
1219 768 1380 797 Praal‘atione
1394 770 1427 797 ad
1452 769 1583 797 Hilarium
1600 779 1708 806 papam.

925 822 1006 849 quam
1023 815 1051 842 in
1072 820 1145 842 tomo
1160 815 1181 842 ll
1197 814 1235 842 De
1250 815 1371 841 doctrina
1388 821 1531 849 temporum
1559 816 1708 848 edidimus;

926 861 995 888 adeo
1014 864 1044 887 ut
1067 860 1194 887 Kalendae
1214 860 1351 888 Ianuariae
1368 868 1454 888 canon
1477 861 1710 891 fueritPaschalis

926 906 1051 941 syzygiae.
1069 906 1181 934 Accedit
1194 910 1221 934 et
1241 907 1334 942 cyclus
1351 907 1418 941 ipse,
1435 915 1490 942 quo
1507 908 1548 934 usi
1574 909 1611 935 illi
1634 914 1709 940 sunt,

925 959 1059 979 annorum
1084 959 1186 984 nxxxu,
1211 952 1290 986 cujus
1321 953 1445 980 inventor
1473 953 1524 981 fuit
1541 953 1709 984 Victorinus.

925 996 1003 1024 Unde
1021 997 1170 1024 verisimile
1193 997 1221 1024 iit
1244 1006 1258 1024 a
1282 997 1388 1025 Latinis
1407 1003 1493 1026 totum
1518 1000 1583 1027 illud
1600 1000 1710 1030 Graecos

925 1050 986 1070 esse
1001 1047 1139 1071 mutuatos
1159 1043 1210 1070 sub
1229 1047 1334 1070 a-tatem
1360 1043 1479 1071 Maximi.
1499 1044 1537 1072 Ex
1552 1054 1605 1081 quo
1620 1048 1710 1075 ethoc

925 1088 1048 1123 πόρισμα
1073 1096 1211 1123 sequitur,
1241 1093 1315 1116 recte
1342 1097 1393 1117 nos
1421 1094 1516 1118 contra
1541 1091 1708 1127 Scaligerqu

925 1134 1106 1168 pertendisse,
1118 1134 1452 1169 Constantinopolitanam
1463 1143 1544 1163 mram
1558 1137 1636 1171 longe
1648 1146 1709 1166 esse

927 1181 1117 1213 recentiorem,
1133 1189 1213 1215 quam
1231 1185 1277 1208 aut
1294 1180 1430 1209 Panodori
1444 1190 1575 1210 annorum
1593 1184 1663 1211 549:!
1675 1185 1708 1212 ad

926 1225 1064 1253 Christum
1098 1234 1202 1261 usque,
1233 1230 1280 1253 aut
1307 1227 1428 1254 Africani
1463 1235 1595 1255 annorum
1628 1229 1707 1258 5500.

925 1271 1030 1307 Quippe
1052 1271 1186 1299 Maximus
1209 1272 1247 1299 sic
1262 1280 1295 1299 oe
1310 1274 1545 1307 computatoribus
1563 1274 1646 1308 hisce,
1661 1275 1707 1310 qui

925 1324 969 1343 xv:
985 1316 1018 1343 ad
1032 1324 1114 1344 mram
1135 1316 1231 1343 Adami
1250 1316 1419 1352 adjecerunt,
1432 1319 1510 1353 quasi
1524 1319 1557 1346 de
1575 1321 1707 1347 recentio—

925 1362 1002 1390 ribus
1013 1365 1040 1390 et
1055 1362 1204 1397 aaqualibus
1220 1370 1288 1397 pene
1303 1363 1372 1396 suis,
1386 1364 1508 1398 loquitur

961 1409 1027 1441 Qua:
1043 1416 1104 1435 cum
1125 1409 1162 1436 ita
1183 1409 1254 1440 sint,
1275 1408 1308 1436 de
1329 1409 1586 1444 undecuplatoribus
1601 1411 1660 1439 istis
1676 1420 1706 1439 ea

926 1454 1098 1490 intelligenda
1118 1459 1182 1482 sunt
1197 1455 1288 1482 omnia
1299 1475 1306 1484 ι
1325 1463 1385 1490 quae
1401 1457 1490 1490 capite
1509 1458 1588 1484 tertio
1604 1458 1637 1485 de
1653 1465 1705 1485 aera

925 1501 1224 1536 Constantinopolitana
1244 1501 1424 1536 scripsimus;
1444 1503 1632 1539 imprimisque
1667 1505 1705 1532 sic

926 1548 986 1575 illos
1005 1555 1019 1575 a
1039 1547 1159 1580 Latinis,
1181 1552 1227 1575 aut
1245 1547 1346 1576 Judzeis
1365 1549 1488 1577 lunarem
1516 1550 1622 1585 cyclum
1643 1559 1704 1578 mu-

924 1597 1013 1621 tuatos
1028 1601 1106 1625 esse.
1125 1599 1155 1620 ut
1173 1602 1266 1621 eorum
1286 1594 1313 1621 in
1329 1594 1461 1622 Paschate
1479 1595 1642 1623 celebrando
1658 1604 1703 1623 ne-

923 1647 1059 1675 quaquam
1081 1639 1254 1667 imitarentur
1270 1648 1394 1671 errores,
1413 1641 1459 1668 sed
1479 1649 1541 1668 cum
1557 1641 1704 1670 Catholici:

923 1686 1048 1714 eumdem
1066 1685 1136 1713 diem
1156 1686 1328 1713 obtinerent:
1351 1687 1402 1714 hoc
1421 1695 1476 1714 uno
1495 1687 1703 1723 discrepantes.

922 1733 994 1767 quod
1014 1731 1192 1766 epilogismos
1213 1731 1436 1764 ueomeniarum,
1465 1732 1505 1760 vel
1526 1733 1703 1760 terminorum

922 1777 1000 1804 aliter
1017 1777 1202 1805 instituerent.
1218 1777 1258 1804 Ac
1272 1777 1416 1805 vehemens
1431 1781 1473 1805 est
1489 1778 1626 1813 suspicio,
1643 1778 1702 1805 illos

922 1822 1040 1849 methodi
1062 1825 1168 1849 tantum
1188 1822 1291 1857 gratia,
1311 1825 1338 1849 et
1357 1827 1386 1849 ut
1402 1823 1534 1850 veriorem
1557 1824 1627 1851 luna
1646 1825 1701 1851 cal-

921 1868 1013 1895 culum
1035 1872 1258 1903 assequerentur.
1279 1868 1477 1902 scrupulariam
1496 1868 1576 1895 istam
1595 1868 1701 1895 ratiun-

921 1914 1009 1940 culam
1033 1913 1202 1948 adiunxisse.
1220 1913 1287 1940 Nam
1305 1921 1367 1940 cum
1387 1921 1401 1939 a
1418 1913 1535 1945 ludatis,
1554 1917 1600 1940 aut
1616 1918 1700 1941 astr0<

921 1960 1036 1987 nomicis
1051 1960 1151 1987 tabulis
1166 1959 1364 1994 intelligerent,
1378 1959 1515 1986 novilunia
1528 1959 1700 1986 Paschalibus

920 2012 980 2032 esse
1002 2004 1151 2032 neomeniis
1172 2003 1327 2035 anteriora,
1354 2004 1394 2031 sic
1417 2008 1447 2031 ut
1469 2011 1506 2031 ea!
1530 2004 1557 2030 in
1578 2004 1699 2031 lunarem

920 2050 1017 2083 φάσιν,
1034 2050 1084 2076 hoc
1096 2054 1138 2077 est
1155 2049 1300 2077 secundam
1316 2049 1407 2076 lunam
1425 2048 1576 2076 inciderent
1589 2057 1596 2081 ;
1609 2053 1637 2076 et
1646 2053 1698 2076 tcr-

920 2095 1005 2127 mini,
1023 2096 1080 2123 sive
1093 2100 1196 2130 quartae
1211 2095 1324 2123 dccimm
1341 2096 1368 2122 in
1386 2095 1533 2129 plcnilunia
1552 2094 1607 2122 fere
1624 2095 1698 2122 cade-

921 2145 981 2168 rent
995 2151 1000 2168 :
1016 2141 1088 2176 quod
1102 2141 1211 2168 Maximi
1221 2141 1323 2168 saeculo
1337 2141 1507 2175 potissimum
1528 2140 1698 2168 animadver-

920 2195 978 2214 sum
1000 2191 1061 2214 est:
1081 2187 1212 2214 rationem
1230 2187 1348 2221 aliquam
1369 2187 1437 2214 inire
1448 2186 1625 2220 studuerunt;
1641 2195 1697 2222 qua-

885 2233 906 2259 D
921 2236 1028 2259 aetatem
1040 2233 1112 2260 lunae
1124 2232 1280 2259 accuratius
1292 2232 1425 2263 redderet,
1436 2239 1549 2267 quaeque
1558 2233 1697 2265 terminos,

920 2279 978 2305 sive
989 2278 1112 2306 Niczenas
1123 2283 1235 2313 quartas
1247 2278 1382 2309 decimas,
1397 2279 1423 2305 iu
1435 2279 1546 2313 quiutas
1563 2278 1696 2307 decimas.

919 2324 1073 2357 cuiusmodi
1086 2323 1141 2350 fere
1151 2327 1208 2350 tum
1222 2327 1300 2350 erant
1310 2342 1318 2355 ,
1330 2329 1521 2352 comrnutaret.
1533 2325 1574 2352 Ad
1586 2326 1611 2352 id
1623 2333 1686 2353 sexa

918 2370 1085 2405 gesiluarum
1097 2369 1273 2405 epilogismos
1280 2371 1427 2397 commenti
1439 2373 1502 2398 sunt
1514 2380 1520 2403 ;
1529 2372 1572 2406 qui
1583 2380 1637 2398 uno
1645 2371 1695 2398 die.

918 2415 959 2441 vel
975 2415 1058 2441 biduo
1078 2422 1212 2441 summam
1231 2418 1372 2450 augerent.
1402 2415 1438 2443 De
1458 2416 1508 2442 hac
1529 2415 1698 2450 μεταπτώσεκ

917 2460 1139 2490 noviluniorum,
1167 2468 1199 2486 ac
1224 2461 1427 2488 neomeniarum
1449 2461 1620 2488 Paschaliqu
1640 2460 1699 2488 fusa

917 2506 1117 2541 disputavimus
1133 2506 1160 2533 in
1175 2505 1194 2532 γ
1211 2505 1245 2533 De
1261 2505 1380 2533 doctrina
1392 2512 1551 2541 temporum,
1579 2507 1667 2541 capite
1688 2506 1693 2522 '

916 2556 942 2578 et
957 2551 1077 2581 XllI.ubi
1089 2550 1213 2578 Nicaanas
1230 2559 1291 2578 cum
1310 2552 1343 2578 iis
1362 2553 1539 2583 contulimus,
1556 2559 1616 2586 qua:
1635 2551 1685 2578 Dio

916 2597 987 2632 uysii
1001 2597 1096 2632 Exigui
1111 2602 1232 2632 tempore
1248 2597 1367 2625 fuerunt.
1389 2598 1457 2624 llinc
1480 2598 1563 2625 multa
1585 2598 1689 2626 dissolv

915 2643 1100 2678 explicarique
1118 2649 1253 2678 possunt,
1275 2651 1334 2679 qum
1351 2643 1481 2671 adversus
1502 2643 1683 2678 undecuplato

915 2697 960 2716 res
978 2696 993 2716 a
1012 2689 1130 2717 Maximo
1149 2694 1176 2718 et
1197 2689 1334 2725 Scaligero
1354 2690 1536 2717 disseruntur.
1559 2690 1691 2725 Siquiderr

915 2735 977 2763 illos
988 2739 1063 2762 extra
1074 2737 1179 2770 culpam
1192 2741 1218 2762 et
1229 2735 1466 2770 reprehensionem
1479 2735 1564 2763 fuisse
1574 2740 1691 2763 constat.

915 2783 954 2813 si,
969 2789 1029 2816 qua:
1040 2786 1134 2809 nostra
1151 2782 1307 2816 conjectura
1323 2785 1380 2813 est,
1395 2781 1421 2807 id
1437 2789 1520 2808 unum
1537 2781 1563 2808 in
1581 2782 1625 2808 illa
1642 2790 1684 2809 mc

915 2827 997 2855 thodo
1011 2832 1187 2863 spectarunt,
1203 2832 1231 2854 ut
1244 2832 1368 2854 exactum
1381 2827 1451 2854 luna:
1461 2827 1597 2854 calculum
1609 2836 1684 2863 τεχνι

915 2874 988 2907 κῶς,
1007 2883 1038 2902 ac
1057 2873 1205 2909 μεθοδικῶς
1225 2873 1382 2906 tratlcrcnt;
1402 2882 1454 2901 non
1473 2878 1501 2900 ut
1520 2873 1546 2901 in
1565 2873 1691 2901 l‘aschatc
