3812 6296
384 302 451 358 15
1353 297 1690 354 EUSEBIUS
1728 294 2210 355 CIESABIENSIS
2250 294 2648 353 EPlSCOPUS.
3563 298 3632 354 16

376 435 576 483 meum,
615 417 642 490 ᾗ
673 417 724 472 2.
763 417 926 472 llenr.
955 415 1208 472 Valesius
1233 433 1285 487 p.
1326 416 1390 470 16
1451 416 1517 470 ad
1554 415 1771 474 Eusebii
1795 415 1932 471 Hist.
1973 419 2014 474 Α
2044 413 2249 477 rubris,
2279 421 2336 466 ut
2354 413 2515 467 hodie
2542 412 2870 468 Kalendaria
2906 419 3096 469 nostra
3148 413 3347 476 solent,
3403 411 3630 469 fuerunt

377 510 782 566 vetustissimos
807 510 1026 564 codices
1054 509 1239 563 laudat
1285 508 1635 570 Acutianum,
1673 505 1842 576 Lipsii
1894 518 1946 562 et

377 597 585 655 Ortelii.
602 597 1037 673 Laudatquoque
1058 599 1487 654 vetustissimam
1518 598 1812 653 editionem
1838 597 1948 654 Me-

376 691 752 748 diolanensem
778 735 794 760 ,
821 709 985 764 quam
1019 710 1121 749 nec
1141 693 1418 748 Pontacus
1450 707 1550 746 nec
1601 689 1846 762 Scaliger
1865 689 1946 744 vi-

373 781 537 836 derit.
568 781 1052 838 Consuluittamen
1077 782 1348 838 Arnoldus
1377 780 1674 845 Pontacus,
1734 781 1942 850 episco-

376 889 477 942 pus
498 871 840 942 Vasatensis,
885 885 1081 946 praeter
1117 874 1333 930 codices
1375 889 1488 929 mss
1511 873 1964 943 duodetriginta,‘

372 966 642 1022 editiones
669 974 816 1034 octo,
857 977 1019 1038 atque
1045 984 1110 1022 ex
1139 967 1247 1022 illis
1278 967 1595 1037 praeclaram
1627 981 1783 1020 suam
1815 980 1947 1020 con-

371 1058 634 1124 cinnavit,
663 1061 716 1114 in
744 1076 850 1132 qua
883 1062 1078 1115 mirum
1113 1061 1352 1116 studium
1410 1067 1572 1130 atque
1618 1059 1945 1114 industriam

374 1167 481 1206 non
506 1152 775 1208 dubitavit
797 1155 958 1208 etiam
995 1153 1236 1224 Scaliger
1277 1153 1438 1223 epist.
1485 1152 1608 1215 104,
1655 1167 1778 1222 pag.
1843 1150 1947 1204 3'72

372 1259 513 1314 seq.,
547 1251 709 1314 atque
733 1245 856 1299 alibi
878 1244 1153 1310 omnibus,
1185 1245 1440 1299 laudibus
1497 1243 1774 1313 prosequi.
1833 1242 1948 1296 edi-

370 1336 616 1406 torisque
665 1336 994 1399 doctrinam,
1039 1335 1352 1397 candorem,
1399 1335 1722 1389 modestiam
1763 1339 1816 1385 et
1865 1331 1949 1385 di-

371 1431 646 1501 ligentiam
680 1429 976 1483 celebrare.
1018 1427 1082 1481 Et
1120 1429 1364 1484 omnium
1407 1426 1814 1482 corrcctissima
1852 1441 1947 1478 vo-

369 1530 525 1574 catur
550 1519 634 1575 Jo.
677 1519 886 1574 Morino
909 1535 1033 1590 pag.
1063 1519 1166 1573 ‘277
1203 1517 1392 1573 Exerc.
1446 1518 1571 1574 bibl.
1634 1517 1947 1585 Prodiitqne

372 1613 514 1667 notis
537 1611 761 1666 Pontaci
795 1622 847 1668 et
881 1612 1336 1682 castigationibus
1367 1612 1635 1666 illustrata
1680 1625 1788 1664 una
1819 1622 1945 1662 cmn

368 1703 624 1774 Prosperi
652 1703 912 1758 Chronico
947 1745 962 1768 ,
1004 1705 1304 1776 Burdigalre
1346 1703 1502 1767 1604,
1543 1701 1660 1766 fol.,
1693 1700 1788 1757 sed
1819 1713 1944 1753 raro

2055 503 2330 576 impressi.
2367 502 2529 557 Plura
2578 503 2645 558 de
2691 502 2794 557 hac
2856 502 2943 558 ed.
2995 503 3265 558 dederunt
3315 500 3546 573 Freytag
3576 505 3631 558 in

2055 597 2319 650 Analectis
2353 597 2540 664 litter.,
2568 612 2690 668 pag.
2709 596 2806 651 521
2834 608 3041 668 sqq.,et
3062 599 3114 652 in
3138 595 3411 665 Apparatu
3441 595 3632 655 litter..

2056 691 2146 756 Ill,
2170 708 2222 762 p.
2259 691 2354 745 751
2381 709 2395 757 ;
2419 691 2684 744 Clement.
2725 690 2762 743 1.
2793 705 2843 744 c.
2886 707 2938 760 p.
2974 689 3068 742 171
3127 704 3244 758 sq.;
3306 685 3532 742 Fossius
3567 687 3635 741 de

2057 785 2157 838 hac
2186 795 2240 839 et
2273 784 2554 854 superiore
2600 781 2724 837 edd.
2761 782 2812 836 in
2857 783 3034 838 Catal.
3071 782 3230 837 codd.
3283 797 3410 837 saec.
3458 798 3525 836 xv
3577 782 3631 835 in

2054 877 2187 931 bibl.
2224 875 2631 947 Magliabecch.,
2667 881 2800 930 tom.
2837 875 2877 938 1,
2907 874 3087 946 pag.6
3134 891 3324 944 seqq.;
3382 873 3630 943 Theoph.

2057 972 2267 1026 Sincer.
2303 970 2356 1022 in
2375 969 2514 1026 Bibl.
2533 972 2793 1029 Itist.crit.
2820 975 3076 1030 librorum
3136 1000 3202 1008 —
3227 969 3451 1032 rarior.,
3490 976 3631 1036 part.

2058 1080 2140 1130 ιιι,
2165 1063 2353 1118 Norib.
2386 1061 2616 1124 “56,8,
2642 1077 2766 1132 pag.
2803 1059 2904 1114 196
2929 1074 3106 1130 seqq.,
3143 1059 3231 1113 ubi
3260 1060 3482 1130 copiose
3517 1058 3635 1128 agi-

2057 1162 2144 1207 Iur
2169 1153 2235 1208 de
2260 1154 2350 1206 illa
2373 1150 2530 1206 edil..
2552 1152 2619 1208 de.
2647 1150 2905 1206 Chronico
2936 1149 3157 1205 Eusebii
3185 1160 3238 1204 et
3265 1166 3398 1204 num
3441 1150 3514 1204 sit
3549 1164 3636 1219 ge-

2055 1249 2303 1307 nuinum,
2339 1252 2392 1298 et
2416 1242 2485 1297 de
2517 1241 2753 1296 Eusebio
2819 1244 2967 1310 ipso;
3003 1241 3203 1310 aliique
3260 1256 3288 1294 a
3335 1239 3522 1309 Zaplio
3578 1241 3634 1292 in

2055 1337 2359 1408 Augsburgs
2384 1335 3064 1406 Buchdruckergeschichte,
3099 1343 3251 1403 parte
3286 1351 3323 1397 ι,
3357 1350 3477 1405 pag.
3505 1334 3631 1398 164,

2054 1437 2106 1481 et
2146 1444 2172 1479 τι
2211 1428 2312 1481 cel.
2346 1426 2587 1482 Panzero
2623 1425 2709 1488 ΙΙΙ,
2737 1442 2856 1496 pag.
2890 1425 3015 1489 188,
3050 1423 3222 1479 citati.

2128 1518 2427 1572 Eusebii—
2459 1517 2778 1582 Cltronicon,
2820 1518 2964 1588 quod
3007 1516 3362 1586 Hieronymus
3398 1514 3635 1568 —Lati-

2053 1629 2175 1666 num
2200 1613 2372 1682 [acere
2396 1613 2598 1665 curavit
2643 1621 2692 1665 et
2725 1628 2886 1682 usque
2941 1612 2994 1664 in
3060 1609 3330 1665 Valentem
3363 1607 3634 1664 Cwsarem

2055 1704 2290 1758 Romano
2323 1704 2758 1773 adieciteloquio.
2785 1702 2865 1756 Ad
2892 1720 3042 1774 quem
3067 1713 3116 1756 et
3147 1703 3374 1772 Prosper
3408 1712 3456 1755 et
3484 1699 3628 1753 Mat-

368 1797 530 1852 hodie
560 1799 859 1869 reperitur.
895 1797 1080 1869 Neque
1109 1797 1288 1852 ubivis
1318 1797 1476 1850 obvia
1501 1797 1669 1850 altera
1714 1793 1940 1849 Auberti
1989 1798 2030 1854 B
2063 1799 2226 1853 tlueus
2255 1797 2572 1859 Palmerius,
2597 1799 2806 1850 demum
2839 1805 2887 1850 et
2917 1794 3114 1850 Joann.
3135 1794 3454 1848 Multivallis
3489 1809 3636 1846 com-

369 1889 558 1954 Miraai,
583 1889 940 1958 posteriorem
969 1897 1180 1942 tantum
1213 1897 1422 1958 partem
1484 1903 1514 1941 a
1567 1886 1785 1942 Christo
1819 1896 1947 1940 nato

365 1983 648 2045 exhibens,
691 1982 984 2052 additaque
1015 1982 1222 2037 habens
1253 1980 1520 2035 Chronica
1574 1979 1844 2050 Sigeberti
1892 1989 1945 2034 et

365 2073 605 2128 Anselmi
635 2072 1066 2133 Gemblacencis,
1100 2073 1375 2142 Antwerp.
1399 2071 1554 2134 1608,
1574 2071 1716 2140 4(a).
1747 2071 1947 2127 Confer

367 2167 602 2236 Ittigium
649 2166 718 2218 De
749 2166 1074 2220 bibliothecis
1125 2165 1369 2224 Patrum.
1403 2181 1458 2234 p.
1493 2166 1612 2218 7-15.
1647 2164 1811 2218 Fann.

448 2261 658 2318 Fabric.
679 2260 732 2312 in
754 2267 878 2312 nota
903 2260 1166 2329 quasdam
1200 2258 1501 2311 nominavit
1535 2257 1685 2324 edd.,
1709 2257 1803 2312 sed
1830 2257 1944 2327 ple-

367 2352 575 2406 niorem
605 2352 936 2407 substituere
957 2350 1113 2421 juvat
1143 2350 1356 2402 illarum
1385 2350 1710 2418 catalogum.
1745 2347 1946 2401 Ponta-

367 2460 465 2498 cus
494 2459 710 2514 quoque
736 2444 839 2498 sub
889 2443 1048 2498 linem
1117 2443 1418 2512 Apparatus
1471 2443 1746 2496 recensuit
1788 2439 1940 2493 codd.

366 2535 568 2603 quibus
595 2550 729 2589 usus
757 2543 864 2599 est,
919 2534 1290 2604 plurimasque
1336 2533 1604 2587 editiones
1636 2530 1730 2601 (b).
1787 2529 1944 2584 Prin-

366 2643 490 2697 ceps
521 2629 712 2693 editio,
737 2643 857 2698 qua:
892 2627 1054 2682 etiam
1093 2627 1404 2681 custoditur
1432 2625 1484 2679 in
1511 2625 1641 2680 bibl.
1696 2624 1939 2679 academ.

368 2719 706 2790 Erlangensi,
739 2727 822 2775 est
846 2720 964 2774 sine
997 2720 1178 2786 titulo,
1230 2729 1358 2772 nota
1387 2719 1513 2772 anni
1545 2717 1778 2788 locique,
1823 2717 1942 2772 sine

364 2811 533 2881 virgis
571 2820 624 2865 et
652 2811 870 2866 lineolis
901 2811 1252 2876 transversis,
1289 2811 1342 2865 in
1368 2811 1417 2864 4.
1455 2810 1536 2863 Ab
1566 2811 1731 2863 altera
1780 2809 1939 2878 primi

369 2903 481 2957 folii
520 2912 673 2973 parte
706 2913 832 2957 sunt
855 2904 958 2957 tria
996 2903 1228 2958 editoris
1260 2903 1473 2956 Boninii
1506 2901 1800 2955 Momhritii
1829 2903 1944 2971 epi-

368 3003 690 3063 grammata,
723 3011 787 3049 ex
810 3011 1042 3064 quorum
1090 2995 1265 3064 primo
1303 3003 1528 3065 apparet
1581 3009 1742 3064 opus,
1796 2994 1939 3063 quod

365 3087 608 3140 continet
641 3085 937 3141 Chronicon
963 3087 1174 3142 Eusebii
1219 3104 1250 3139 a
1287 3086 1343 3141 S.
1401 3085 1721 3156 Hieronymo
1755 3083 1942 3138 Latine

367 3196 592 3241 versum,
629 3178 696 3232 ab
725 3177 915 3234 eodem
944 3189 997 3233 et
1024 3177 1294 3249 Prospero
1321 3178 1633 3232 Britannico
1665 3177 1942 3230 Maltha'o-

366 3285 474 3338 que
501 3269 768 3325 Palmerio
806 3271 1206 3335 continuatum,
1231 3287 1354 3327 esse
1383 3285 1644 3326 exeusum
1681 3285 1775 3338 per
1808 3267 1940 3321 Phi-

367 3362 572 3431 lippum
634 3360 934 3417 Lavanium
995 3361 1304 3433 (Mediolani
1369 3361 1514 3416 circa
1575 3376 1704 3414 ann.
1760 3359 1938 3414 1475?.

368 3453 534 3505 Plura
556 3453 622 3508 de
640 3453 741 3507 hac
764 3454 893 3507 edit.
916 3471 960 3506 v.
996 3453 1139 3522 apud
1165 3451 1497 3521 llamberger
1517 3451 1711 3504 :urerl.
1737 3449 1938 3503 Nachr.

367 3541 431 3600 ll.
458 3559 510 3613 p.
548 3544 638 3609 70;
671 3543 939 3598 Clement.
967 3543 1221 3598 Biblioth.
1267 3541 1403 3605 Vlll,
1437 3558 1488 3612 p.
1549 3542 1650 3595 170
1710 3557 1852 3610 seq.,
1889 3550 1942 3593 et

366 3649 506 3704 quos
523 3635 739 3690 laudavi
762 3635 816 3688 in
847 3631 1123 3689 introduc.
1143 3631 1178 3684 ι.
1199 3647 1274 3697 c.,
1289 3637 1550 3707 pag.218.
1569 3633 1708 3688 Add.
1737 3632 1944 3687 Panzer

367 3724 434 3778 A.
475 3723 535 3777 Τ.
567 3722 608 3776 ll
637 3762 651 3787 ,
689 3739 809 3794 pag.
839 3723 927 3777 94.

439 3813 653 3868 Eusebii
687 3813 1004 3877 Chronicon,
1056 3815 1121 3866 ab
1145 3812 1466 3882 Hieronymo
1488 3811 1677 3866 Latine
1708 3829 1940 3876 versum,

368 3906 432 3958 ab
453 3906 632 3960 eodem
661 3913 710 3960 et
739 3924 770 3959 a
796 3905 1057 3976 Prospero
1079 3916 1127 3959 et
1157 3903 1412 3958 Mattiaco
1446 3903 1736 3970 Palmerio,
1771 3909 1942 3960 conti‘

368 4007 610 4062 nuatum,
643 4013 706 4051 ex
734 3997 995 4051 editionet
1026 4014 1143 4051 cum
1174 3996 1415 4049 Matt/tia:
1451 3996 1706 4050 Palmerii
1734 4005 1942 4066 supple-

367 4100 558 4145 mento.
590 4089 650 4144 In
684 4089 788 4144 [ine
818 4089 1062 4144 ruhroC.
1101 4088 1333 4142 Joannes
1378 4088 1612 4142 Lucilius
1665 4088 1940 4158 Hippoda-

368 4198 482 4234 mus
507 4181 645 4251 (sive
675 4180 990 4252 Santritter)
1028 4180 1439 4235 Ilelbronnensis
1479 4180 1664 4233 lectori
1715 4182 1940 4235 salutem

367 4273 640 4342 (sequitur
685 4271 1020 4342 epigramma
1079 4272 1255 4326 tribus
1323 4278 1582 4326 constans
1643 4273 1938 4346 distichis).

373 4361 643 4417 Erhardus
673 4361 916 4427 Raldolt,
945 4362 1309 4433 Augustensis,
1331 4393 1401 4402 ——
1428 4362 1673 4430 plurimis
1715 4364 1942 4436 undique

2050 1893 2228 1959 plura,
2261 1907 2376 1960 qua:
2410 1890 2478 1942 ad
2509 1891 2619 1943 lucc
2659 1904 2818 1959 usque
2871 1898 3106 1956 tempora
3154 1887 3437 1941 subsecuta
3485 1893 3633 1948 sunt,

2051 1984 2306 2054 adjecere.
2353 1982 2517 2037 Henr.
2554 1982 2885 2051 Stephanus.
2924 1979 2981 2034 In
3012 1981 3118 2034 line
3149 1998 3164 2035 :
3204 1978 3524 2032 Absolutum
3555 1986 3633 2030 est

2049 2079 2105 2130 in
2136 2077 2279 2131 alma
2298 2076 2776 2130 Parisiorum—-—
2804 2090 2893 2143 per
2923 2072 3090 2127 Henr.
3117 2072 3454 2142 Stephanum
3477 2099 3544 2109 4——
3568 2070 3634 2123 il—

2050 2168 2154 2220 lius
2195 2167 2429 2220 maxime
2460 2182 2589 2219 cura
2617 2174 2666 2218 et
2699 2163 2978 2234 diligentia
3017 2179 3108 2217 nec
3164 2180 3266 2217 non
3314 2161 3552 2231 ejusdem
3584 2169 3632 2214 et

2048 2260 2238 2315 .lodoci
2270 2261 2430 2315 Badii
2465 2294 2532 2302 —
2559 2261 2798 2330 expensis
2833 2259 2991 2326 1519.,
3025 2259 3078 2321 4,
3104 2259 3171 2314 de
3213 2275 3318 2329 qua
3361 2275 3486 2313 rara
3518 2259 3634 2314 edi-

2052 2355 2198 2407 tione
2232 2354 2386 2424 plura
2419 2353 2614 2422 scripsi
2676 2353 2728 2406 in
2778 2349 3080 2406 lntroduct.
3142 2352 3178 2404 l.
3220 2366 3295 2415 c.,
3349 2366 3471 2422 pag.
3527 2351 3634 2405 218

2050 2461 2192 2516 seq.,
2221 2451 2555 2508 etClement.
2589 2446 2625 2497 l.
2657 2460 2709 2499 c.
2740 2459 2860 2514 pag.
2889 2443 2992 2497 172
3031 2452 3172 2507 not.,
3203 2443 3294 2513 qui
3325 2451 3523 2512 praeter
3568 2457 3633 2498 ea

2049 2539 2252 2593 ibidem
2285 2537 2471 2590 multis
2512 2544 2760 2591 recenset
2793 2535 3082 2605 repetitam
3113 2544 3166 2590 et
3202 2540 3256 2588 in
3301 2537 3493 2606 paucis
3519 2542 3636 2588 tan-

2047 2638 2160 2682 tum
2185 2629 2456 2684 diversam
2483 2626 2743 2697 Stephani
2775 2627 2906 2682 edit.
2940 2625 3117 2680 Paris.
3138 2626 3296 2686 1518,
3326 2626 3379 2680 4.
3403 2625 3552 2680 Idem
3577 2634 3633 2680 et

2047 2720 2274 2792 Freytag
2296 2722 2348 2775 in
2393 2721 2650 2790 Apparat.
2680 2721 2782 2774 litt.
2816 2720 2904 2784 lll,
2938 2720 3198 2791 pag.575,
3234 2720 3480 2775 referunt
3499 2719 3633 2775 edit.

2046 2813 2410 2868 Basileensem
2452 2813 2594 2883 (quae
2616 2813 2783 2867 etiam
2809 2827 2976 2882 penes
2998 2827 3085 2867 me
3114 2812 3218 2883 est)
3239 2827 3303 2867 ex
3325 2812 3449 2867 edd.
3497 2810 3627 2866 Ste—

2045 2905 2208 2974 pltan.
2241 2905 2484 2970 ductam,
2516 2911 2862 2975 auctamque,
2930 2912 3093 2974 atque
3143 2904 3506 2975 inscriptam:
3548 2902 3636 2957 En

2045 2997 2232 3049 damus
2258 2994 2550 3049 Claronicon
2573 2996 2805 3050 diuinum
2835 2996 2992 3066 plane
3011 3013 3140 3065 opus
3158 2995 3431 3050 eruditiss.
3451 3005 3640 3049 aucto-

2051 3104 2188 3150 rum,
2223 3089 2495 3156 repetitum
2525 3089 2586 3141 ab
2624 3091 2737 3157 ipso
2760 3089 2940 3142 mundi
2970 3089 3142 3154 initio,
3161 3090 3229 3142 ad
3248 3104 3444 3142 annum
3469 3105 3640 3158 usque

1973 3140 2014 3193 C
2051 3140 2241 3232 salutis
2273 3140 2470 3233 ίιιοχι
2505 3179 2574 3251 (ε)
2619 3140 2825 3234 esse.
2852 3140 3349 3250 remisi/liticines}.
3385 3140 3638 3234 erit};

2046 3287 2268 3341 rouymo
2308 3271 2610 3339 interprete,
2663 3271 2970 3342 Hieronymi
3021 3272 3338 3344 presbyteri,
3377 3271 3641 3341 Prosperi

2047 3363 2371 3434 Aquitanici,
2400 3363 2700 3417 M.Aurelii
2733 3363 3041 3419 Cassiodori
3071 3367 3283 3434 patricii
3315 3364 3469 3420 Rom.
3491 3365 3640 3420 Her-

2045 3459 2226 3510 manni
2251 3458 2507 3510 contracti
2533 3459 2736 3512 comitis
2769 3457 3059 3531 Veringen.,
3089 3460 3331 3516 Mattltwi
3362 3461 3633 3518 Palmerii

2049 3547 2369 3613 Florentini,
2406 3548 2649 3603 Matthiae
2683 3549 2944 3606 Palmerii
2993 3550 3205 3616 Pisani,
3233 3551 3431 3618 partim
3489 3567 3639 3605 nunc

2046 3658 2079 3693 a
2114 3641 2261 3695 nobis
2292 3641 2556 3696 inventum
2583 3653 2633 3695 et
2654 3643 2874 3707 editum,
2900 3645 3093 3712 partim
3126 3660 3158 3696 a
3179 3642 3403 3708 mendis,
3437 3642 3638 3713 quibus

2046 3733 2640 3804 luborabat,plusquam
2671 3737 2913 3806 cuiquam
2933 3736 3129 3789 credita
3157 3735 3314 3804 facile
3343 3745 3443 3796 est,
3476 3751 3637 3788 sum-

2047 3842 2130 3877 mo
2160 3825 2336 3879 studio
2363 3837 2410 3881 et
2443 3827 2719 3898 diligentia
2764 3837 3120 3895 repurgatum.
3157 3825 3384 3879 Basilea:
3432 3825 3634 3880 excud.

2047 3915 2212 3969 Henr.
2253 3915 2464 3982 Petrus,
2497 3936 2566 3972 ιη.
2602 3919 2804 3971 Martio
2832 3916 3159 3980 MDXXIX,
3198 3917 3558 3980 fol.,curante
3579 3929 3636 3972 et

2041 4009 2266 4078 prwl'ato
2295 4008 2384 4064 Jo.
2416 4009 2696 4064 Sichardo.

2115 4100 2266 4154 Alias
2293 4102 2562 4156 editiones
2587 4116 2714 4154 cum
2752 4101 2874 4154 aliis
2902 4099 3122 4154 Eusebii
3169 4102 3390 4171 scriptis
3420 4112 3474 4156 ct
3497 4117 3634 4158 cum

2043 4192 2295 4263 Prosperi
2333 4208 2397 4247 ac
2423 4193 2657 4248 Matthtei
2699 4193 2953 4248 Palmerii
2988 4193 3248 4247 Chronico
3297 4204 3640 4250 enumerant

2045 4285 2319 4341 Pontacus
2371 4286 2486 4357 (qui
2539 4288 2624 4342 ed.
2663 4287 2822 4340 Basil.
2864 4287 2998 4340 1529
3033 4287 3189 4340 basin
3223 4302 3334 4340 sua:
3371 4285 3524 4358 fecit)
3574 4289 3639 4344 in

2045 4377 2336 4444 Apparatu,
2372 4377 2474 4431 sub
2507 4376 2690 4442 tinem,
2713 4374 2903 4430 Justus
2929 4374 3337 4432 Fontaninusin
3363 4375 3640 4434 Historia:

366 4457 686 4524 comparatis
720 4455 1106 4524 exemplaribus
1140 4453 1352 4508 Eusebii
1379 4453 1541 4507 libros
1565 4455 1838 4510 c/tronicos
1880 4473 1939 4511 ac

2074 4468 2274 4520 itterar.
2306 4467 2654 4537 Aquileiensis
2690 4470 2810 4523 libr.
2847 4467 3056 4539 (Roma:
3093 4469 3249 4531 1742,
3281 4469 3358 4538 4),
3395 4485 3523 4541 pag.
3574 4473 3638 4540 5,

368 4548 669 4618 reliquasin
702 4548 798 4600 hoc
837 4549 1098 4602 volumine
1157 4547 1220 4601 de
1279 4547 1596 4616 temporibus
1645 4548 1940 4604 additiones

381 4640 720 4707 ~impressft
769 4636 994 4693 Venetiis
1036 4657 1090 4694 a.
1157 4640 1349 4693 salutis
1399 4640 1558 4705 M83,
1596 4639 1782 4695 Idibus
1841 4641 1938 4698 Se-

370 4730 586 4798 ptembr.
613 4729 653 4782 E
678 4729 868 4799 primis
907 4738 991 4784 est
1043 4731 1220 4791 libris,
1249 4731 1340 4800 qui
1377 4731 1558 4788 verbis
1590 4741 1644 4787 et
1695 4736 1942 4791 numeris

439 4843 811 4966 Sa)Clément,
847 4843 988 4896 Bibl.
1025 4845 1262 4898 curieuse
1315 4845 1440 4898 hist.
1483 4854 1535 4898 et
1601 4846 1746 4906 crit..
1807 4855 1937 4902 tom.

463 4913 502 4966 I.
527 4915 704 4966 ι).178
753 4929 898 4966 saa..
932 4915 1136 4966 multus
1160 4925 1243 4966 est
1267 4914 1334 4966 de
1363 4918 1463 4966 hac
1493 4915 1658 4966 Mirmi
1680 4916 1937 4966 editione.

369 4913 505 4976 Vill,
527 4932 580 4984 p.
601 4915 704 4968 178
753 4929 898 4983 sqq.,
932 4915 1136 4984 multus
1160 4925 1243 4969 est
1267 4914 1334 4970 de
1363 4918 1463 4969 hac
1493 4915 1658 4970 Mirmi
1680 4916 1939 4980 editione,

367 4983 868 5056 cujusiinscriptio
923 4992 1008 5038 est
1044 5001 1058 5037 z
1099 4983 1292 5038 Rerum
1350 4995 1456 5039 toto
1502 4987 1624 5040 orbe
1672 4997 1941 5056 gestarum

368 5055 632 5127 Chronica
663 5055 938 5127 a_Chri_sto
968 5065 1092 5127 nato
1127 5055 1197 5108 ad
1235 5066 1417 5110 nostra
1466 5072 1629 5127 usque
1676 5055 1937 5127 tempora.

370 5125 683 5197 Auctoribus
699 5123 924 5197 Eusebio
938 5155 1008 5197 7—
1030 5125 1371 5197 Hieronymo,
1391 5157 1458 5165 —
1473 5123 1762 5197 Siyebcrto,
1785 5123 1942 5182 Bem-

371 5195 602 5247 blacensi
618 5195 894 5258 monacho,
913 5196 1181 5258 Anselmo,
1203 5195 1465 5252 Gemblac.
1483 5195 1690 5262 abbate,
1709 5199 1941 5253 Auberto

371 5261 582 5328 Mirum,
616 5264 853 5338 Hruxell.
876 5265 1116 5336 aliisque.
1158 5267 1351 5322 Omnia
1383 5267 1451 5322 ad
1489 5261 1732 5338 antiquos
1778 5270 1934 5324 codd.

372 5350 497 5408 mss.
512 5335 703 5408 partim
721 5335 1049 5408 comparata,
1074 5340 1268 5406 partim
1297 5355 1433 5392 nunc
1448 5335 1676 5408 primum
1701 5342 1756 5393 in
1775 5339 1941 5394 lucem

370 5406 533 5457 edita.
571 5405 745 5472 Opera
773 5415 822 5456 et
853 5406 1028 5461 studio
1052 5405 1286 5475 ejusdem
1314 5405 1456 5464 Aub.
1477 5409 1676 5470 Mirwi,
1730 5410 1943 5463 canoni-

372 5478 445 5548 cis
479 5484 526 5548 et
559 5475 1164 5548 scltolarch‘teAAntuerp.
1203 5479 1524 5548 Antuerpiaz,
1581 5497 1666 5548 ap.
1718 5479 1935 5533 Hieron.

385 5543 941 5620 l’erdusjium,_1608,
975 5551 1028 5603 4.
1062 5543 1276 5603 Mimans
1324 5543 1665 5620 potissimum
1719 5558 1940 5605 secutus

373 5622 458 5668 est
486 5615 540 5667 in
565 5613 802 5671 Eusebio
826 5617 1066 5673 codicem
1099 5613 1400 5674 initialibus
1435 5637 1481 5676 s.
1517 5620 1827 5675 uncialibus
1850 5621 1942 5673 lit-

371 5684 504 5760 teris
536 5693 662 5740 ante
682 5697 1003 5760 annos_tum
1027 5689 1170 5760 mille
1206 5691 1326 5758 plus
1360 5691 1541 5744 minus
1604 5691 1812 5760 integre
1842 5689 1939 5744 de-

371 5755 656 5826 scriptum,
680 5764 732 5812 et
759 5773 820 5813 ex
850 5758 1156 5815 Atnandino
1178 5755 1442 5815 sodalium
1465 5755 1940 5817 Benedictinorum

2047 4556 2404 4622 etClement.,
2424 4556 2459 4610 l.
2475 4571 2552 4622 c.,
2571 4575 2750 4628 nemp.
2769 4561 2995 4617 Basilea:
3024 4579 3131 4617 rec.
3157 4569 3241 4617 est
3263 4564 3517 4618 anteced.
3537 4565 3640 4626 ed.

2047 4647 2188 4717 apud
2222 4648 2384 4703 Henr.
2423 4648 2562 4702 Pctr.
2598 4649 2754 4716 1556,
2786 4651 2944 4717 1542,
2979 4651 3117 4706 1549
3147 4650 3246 4722 (d),
3278 4652 3640 4722 1559,1570,

2050 4741 2142 4795 fol.
2168 4771 2239 4780 —
2264 4740 2436 4796 Paris.
2469 4743 2611 4812 apud
2637 4741 2829 4798 Michel
2856 4743 3121 4800 Sonnium
3181 4744 3342 4808 1587,
3397 4746 3466 4816 (c)
3505 4747 3639 4817 fol.,

2047 4851 2190 4926 apud
2226 4849 2452 4926 Nervios
2485 4850 2758 4926 cmnobio.
2789 4883 2861 4926 -_-_
2887 4852 2963 4910 De
2997 4853 3642 4926 utraquegScaligeriani

2046 4922 2282 4996 thesauri
2309 4922 2497 4996 edi_t.v.
2530 4921 3296 4996 eumdemutilementqip.176
3327 4921 3451 4996 sqq.

2143 4992 2194 5062 b)
2221 4990 2345 5044 Vid.
2380 4990 2531 5044 Patr.
2563 4989 2685 5047 Lat.
2719 5001 2757 5047 t.
2782 4991 2996 5052 XXVII,
3028 4989 3131 5046 col.
3167 4989 3431 5050 725-746:
3464 4997 3638 5054 Ent'r.

2115 4994 2190 5133 ξε)
2217 5060 2317 5114 Hic
2341 5076 2518 5117 annus
2535 5062 2740 5119 diserte
2773 5077 3068 5132 expressus
3115 5074 3200 5118 est
3247 5068 3300 5118 in
3369 5072 3638 5133 exemplo

2141 5060 2317 5139 c)_Hi_c
2341 5076 2522 5139 annus
2535 5062 2740 5119 diserte
2773 5077 3068 5132 expressus
3115 5074 3200 5139 est
3247 5068 3300 5118 in
3369 5072 3642 5139 exemplo

2043 5132 2189 5201 quad
2213 5133 2427 5202 habeor:
2465 5132 2716 5202 Clemens
2741 5143 2950 5200 contra,
2985 5135 3172 5188 nescio
3219 5150 3287 5189 an
3336 5152 3440 5202 per
3469 5132 3642 5196 erro-

2045 5217 2182 5263 rem,
2213 5201 2432 5269 scripsit
2461 5201 2670 5257 MDXII.

2119 5271 2198 5342 (ά)
2223 5269 2439 5326 Fabric.
2468 5275 2596 5326 olim
2631 5275 2682 5326 in
2707 5280 2833 5325 nota
2866 5273 3017 5327 ad-h.
3049 5273 3084 5327 l.
3109 5281 3163 5327 et
3194 5272 3464 5329 Fontanin
3493 5280 3644 5334 scri-

2044 5349 2265 5420 pserant
2297 5351 2478 5420 notam
2506 5358 2555 5397 a.
2597 5343 2882 5420 i$4_8,_se_d
2931 5342 3146 5397 dubitat
3183 5344 3502 5420 _(_Zlemens,g
3533 5353 3640 5420 qui

2044 5412 2441 5484 extemplumad
2465 5428 2661 5484 manus
2695 5414 2903 5484 habuit,
2941 5421 3069 5467 nota
3103 5414 3321 5484 quidem
3375 5418 3506 5472 anni
3541 5412 3644 5477 de-

2045 5481 2319 5561 stitutum,
2353 5483 2408 5535 in
2433 5483 2593 5561 cujus
2622 5499 2765 5561 vero
2793 5482 2970 5561 fronte
2999 5481 3207 5561 diserte
3230 5485 3436 5561 dicitur
3474 5505 3640 5561 opus

2045 5549 2112 5603 ad
2137 5567 2341 5627 annuat
2359 5549 2519 5622 usque
2542 5553 2676 5627 hunc
2701 5553 2984 5627 Christiu—
3009 5552 3310 5627 MDXLIX
3337 5549 3640 5627 continig-

2047 5631 2174 5673 tum.
2218 5621 2282 5689 Et
2307 5620 2533 5676 Pontac.
2556 5623 2705 5678 dedit
2733 5640 2783 5678 a.
2817 5624 2970 5677 1519.
3203 5620 3218 5627 ⁷
3515 5623 3518 5627 ’
3562 5622 3580 5632 “

2116 5691 2182 5759 (e)
2208 5691 2362 5746 llimc
2393 5709 2594 5747 annum
2625 5695 2832 5747 notavit
2854 5693 3148 5751 Fontanin.
3189 5693 3330 5751 Nota
3375 5713 3428 5754 a.
3481 5702 3632 5760 1581

1987 5835 1989 5837 _
2045 5775 2134 5832 ap.
2166 5761 2382 5818 Fabric.
2429 5764 2614 5819 forsan
2637 5773 2754 5820 erat
2779 5775 3053 5832 corrupta.
