3812 6302
297 310 360 367 19
1282 298 1620 357 EUSEBIUS
1667 292 2148 353 CZESARIENSIS
2200 290 2595 350 EPISCOPUS.
3483 290 3555 347 20

293 442 510 491 servatt.
550 431 844 494 illustrota,
876 438 925 483 et
954 444 1017 483 ex
1053 435 1203 497 parte
1237 443 1373 479 nunc
1403 424 1632 492 primum
1667 414 1873 471 auctori
1901 420 1949 474 Α
1976 429 2084 483 quo
2117 412 2315 468 Suidas
2340 453 2354 474 ,
2406 410 2678 482 prtecipue
2733 422 2761 462 a
2823 404 3107 478 Scaligero
3145 406 3237 477 (ab
3269 405 3392 461 aliis
3430 422 3559 461 vero

295 541 386 577 'uo
415 524 702 578 vindicata.
737 553 806 562 —
848 521 1010 575 Bern.
1049 517 1396 573 Montfancon
1429 515 1485 568 in
1512 511 1653 566 Bibl.
1682 507 1872 561 biblio-

295 614 489 668 thecar.
516 631 668 677 mss.,
696 613 805 666 vol.
834 610 875 676 Ι,
909 627 961 681 p.
1003 608 1259 671 146455,
1293 606 1473 661 varias
1502 601 1651 656 dedit
1683 597 1870 651 let-tio-

294 722 389 761 nes
417 705 484 759 ad
507 703 803 760 Chroniwn
834 702 1069 768 Eusebii,
1101 702 1157 756 S.
1188 700 1515 769 Hieronymo
1542 694 1833 761 interprete
1853 732 1868 755 ,

289 816 353 853 ex
386 807 622 870 quatuor
648 813 783 854 mss.
824 797 956 851 bibl.
981 795 1279 857 Vaticanm,
1307 790 1509 846 notatis
1538 787 1637 841 241
1665 827 1679 850 ,
1724 784 1868 849 212,

288 891 413 955 9/55,
439 891 532 962 qui
565 901 694 945 sunt
717 906 814 944 xm
845 897 897 944 et
922 905 1011 942 xiv
1043 886 1249 949 smculi,
1276 896 1330 939 et
1351 881 1536 937 collati
1566 894 1690 934 cum
1734 875 1866 931 edit.

290 982 551 1055 Scaligeri
593 982 842 1053 Lugduni
893 980 1080 1036 Batav.
1127 996 1157 1034 a
1185 976 1413 1033 Claudio
1466 971 1825 1044 Stephanotio
1851 1009 1866 1033 ,

286 1075 725 1146 congregationis
751 1075 807 1129 S.
841 1073 1015 1127 Mauri
1041 1077 1398 1142 procuratore
1428 1066 1691 1137 generali.
1723 1063 1863 1117 Con-

286 1176 372 1220 tra
397 1166 655 1239 Scaliger.
689 1179 740 1222 et
769 1166 965 1220 Bziron.
1019 1165 1197 1218 locum
1246 1161 1313 1216 de
1344 1158 1518 1214 Pilato
1550 1165 1606 1213 ct
1637 1154 1869 1212 Caesaris

286 1260 617 1331 imaginibus
674 1261 896 1315 uberius
957 1259 1195 1312 illustrat
1247 1253 1502 1309 Lambcc.
1547 1250 1750 1306 Comm.
1805 1249 1869 1303 de

286 1354 415 1409 bibl.
461 1353 623 1422 Ca's.,
655 1362 786 1410 tom.
820 1353 955 1420 VIII,
988 1370 1042 1424 p.
1098 1353 1168 1409 ’57
1203 1368 1322 1425 sqq.
1354 1390 1369 1415 ,
1420 1357 1473 1404 et
1503 1365 1555 1420 p.
1587 1347 1691 1401 597
1742 1362 1864 1416 sqq.

283 1448 465 1503 locum
513 1448 580 1503 de
631 1447 820 1502 Maria.
861 1447 1107 1518 Denique
1164 1442 1520 1500 memoranda
1567 1447 1650 1495 est
1699 1438 1868 1494 editio

283 1538 448 1610 hujus
472 1539 755 1595 sententiae
781 1557 793 1591 :

364 1652 668 1708 Vetustiora
717 1651 1031 1706 Latinorum
1094 1650 1412 1717 scriptorum
1462 1644 1755 1708 Chronica,
1796 1641 1865 1696 ad

280 1763 411 1802 mss.
461 1749 616 1803 codd.
656 1748 935 1803 emendata
985 1759 1034 1800 et
1086 1741 1660 1812 cuntcastigatioribus
1710 1736 1862 1792 editt.
1898 1769 1939 1822 Β

279 1838 499 1901 collata,
536 1842 774 1909 notisque
801 1838 1095 1899 illustrata,
1128 1836 1179 1888 in
1208 1851 1367 1887 unum
1397 1849 1586 1901 corpus
1622 1829 1861 1893 collecta,

277 1936 552 2005 prtcmisso
584 1932 800 1986 Eusebii
820 1929 1080 1986 Chronico
1113 1945 1144 1981 a
1185 1926 1245 1979 D.
1284 1924 1605 1994 Hieronymo
1631 1938 1658 1975 e
1680 1920 1865 1975 Cra'co

279 2045 427 2082 uerso
469 2035 517 2080 et
560 2026 741 2081 multis
784 2032 957 2079 aucto.
996 2019 1219 2090 Collegit
1270 2018 1340 2072 D.
1380 2017 1603 2071 Thomas
1639 2010 1867 2066 Roncal—

279 2121 405 2185 lius,
436 2118 725 2174 monachus
760 2116 1069 2172 Cassinens.
1127 2112 1339 2166 Patavii
1380 2110 1538 2174 1787,
1570 2109 1623 2162 4.
1657 2106 1699 2159 ll
1732 2106 1860 2161 voll.

276 2213 524 2269 Contulit
563 2211 627 2266 R.
657 2227 783 2265 cum
806 2211 892 2265 ed.
926 2208 1167 2267 Ratdolt,
1200 2206 1339 2260 1485
1356 2213 1410 2260 et
1440 2218 1563 2258 cum
1594 2197 1864 2255 Gennadii

277 2307 403 2361 cod.
436 2321 540 2360 ms.
578 2302 753 2358 Vatie.
793 2303 949 2358 Alex.
980 2319 1036 2357 n.
1064 2301 1226 2355 2077.

348 2418 519 2474 Codd.
557 2433 689 2473 mss.
717 2416 1013 2477 Pontacus,
1039 2415 1241 2486 quibus
1267 2427 1401 2467 usus
1428 2417 1534 2473 est,
1561 2408 1699 2463 bene
1724 2407 1865 2462 inul-

277 2521 363 2567 tos
391 2520 642 2568 recenset
695 2512 748 2565 in
795 2511 1068 2580 Apparatu
1121 2522 1221 2562 suo
1260 2503 1592 2557 :Vaticanos
1618 2502 1864 2570 aliosque

274 2613 559 2660 enumerat
615 2602 963 2659 Montfaucon
1025 2601 1079 2655 in
1142 2599 1288 2653 Bibl.
1349 2595 1455 2651 Sed
1509 2595 1561 2649 hi
1622 2602 1677 2649 et
1732 2593 1861 2648 reli-

275 2697 368 2766 qui
427 2697 703 2767 pertinent
748 2694 927 2763 potius
976 2691 1043 2743 ad
1081 2689 1491 2758 Hieronymum.
1528 2683 1771 2739 Floreat.
1804 2684 1859 2737 in

274 2786 405 2840 bibl.
432 2785 593 2839 Laur.
620 2783 759 2839 Med.
785 2782 907 2836 cod.
943 2795 1126 2835 xxxvii
1147 2819 1162 2841 ,
1208 2796 1263 2832 n.
1295 2778 1366 2831 25
1390 2817 1405 2839 ,
1453 2776 1590 2846 plut.
1623 2775 1686 2829 51
1715 2814 1729 2836 ,
1777 2780 1862 2828 est

275 2878 495 2934 Eusebii
523 2872 770 2944 Epitome
790 2873 1074 2935 chronica,
1093 2872 1185 2925 ubi
1211 2881 1266 2926 et
1287 2871 1353 2924 de
1386 2867 1443 2922 S.
1478 2868 1763 2923 Pascbate.
1791 2897 1861 2907 —-

274 2964 333 3018 hi
370 2964 496 3019 cod.
538 2979 657 3028 xm,
702 2979 757 3015 ιι.
794 2962 921 3025 6-8,
966 2961 1040 3030 pl.
1083 2960 1184 3027 5‘3,
1224 2966 1443 3013 exstant
1473 2959 1573 3012 tria
1603 2965 1860 3028 excerpta

276 3074 341 3112 ex
376 3055 597 3111 Eusebii
617 3052 928 3108 Chronieis.
957 3052 1024 3106 V.
1063 3052 1319 3115 Bandin.,
1355 3052 1473 3107 Cat.
1506 3048 1663 3104 codd.
1690 3048 1782 3103 Gr.
1814 3046 1856 3112 I,

276 3164 401 3219 pag.
436 3148 539 3202 H9
562 3155 615 3203 et
639 3147 763 3202 508.
789 3179 859 3189 _
880 3145 941 3201 P.
979 3145 1020 3201 1.
1055 3145 1231 3201 Bruns
1262 3161 1326 3200 ex
1358 3144 1480 3197 cod.
1514 3142 1719 3198 Botllei.
1771 3141 1860 3196 de-
1885 3128 1927 3184 C

275 3241 355 3293 dit
382 3240 689 3294 versionem
717 3236 1249 3311 SyriaczeEpitomes
1266 3236 1554 3291 Eusebiani
1585 3235 1851 3295 Chronici,

275 3332 329 3386 in
363 3331 631 3402 Repertor.
669 3332 757 3401 fur
790 3329 1038 3385 biblische
1071 3347 1118 3383 υ.
1157 3328 1652 3399 morgenlandische
1692 3329 1857 3381 Litte-
1914 3339 1921 3344 ‘

276 3433 449 3476 ratur.
484 3432 622 3492 part.
658 3438 735 3481 xi.
770 3420 968 3491 Lipsiae
998 3419 1165 3480 I782.
1188 3419 1313 3478 Mai.
1339 3421 1487 3490 8(a).
1530 3418 1705 3475 iisut.

347 3557 717 3629 [{epreliendit
747 3557 1015 3613 Eusebius
1055 3557 1181 3610 hinc
1214 3557 1339 3609 inde
1374 3555 1711 3622 Africanum,
1741 3557 1856 3627 ipse

276 3650 519 3706 vicissim
570 3650 932 3721 reprehensus
982 3659 1065 3703 est
1116 3649 1183 3701 ab
1226 3647 1470 3713 Aniano,
1526 3648 1852 3713 Panodoro,

274 3740 508 3812 Georgio
544 3741 795 3813 Syncello
827 3750 879 3796 ct
924 3741 1076 3806 aliis,
1123 3740 1395 3795 interdum
1439 3742 1602 3795 etiam
1633 3742 1722 3796 ubi
1751 3742 1854 3813 ipsi

274 3844 426 3889 erant
460 3834 891 3907 reprehendendi
920 3854 932 3889 :
966 3832 1205 3887 Diodoro
1256 3834 1418 3888 etiam
1454 3831 1743 3900 Tarsensi,
1787 3836 1854 3891 de

347 4014 423 4080 (a)
465 4013 756 4069 Eusebiani
787 4013 1036 4069 Chronici
1077 4014 1347 4083 duplicem
1379 4013 1672 4068 editionem
1703 4014 1852 4070 dedit

274 4084 427 4138 card.
460 4085 666 4154 Angelo
694 4085 817 4137 Mai.
870 4085 1065 4145 Priori,
1105 4102 1225 4152 qua:
1281 4084 1568 4138 Mediolani
1618 4087 1848 4154 prodiit,

274 4170 418 4226 anno
454 4155 611 4220 1818,
638 4158 830 4209 titulus
857 4156 942 4208 hic
976 4157 1265 4225 praeligitur
1294 4175 1305 4209 :
1348 4155 1560 4209 Eusebii
1588 4155 1853 4226 Pamphili

274 4222 652 4281 Chronicorum
683 4226 955 4281 Canonum
976 4222 1106 4279 'lit‘rri
1128 4222 1286 4287 'duo,
1336 4243 1463 4295 opus
1513 4242 1577 4280 ex
1606 4222 1850 4280 llaicano

273 4294 449 4367 {edice
487 4315 518 4351 a
550 4298 773 4351 Doctore
799 4296 1005 4351 Joanne
1034 4296 1295 4365 Zohrabo,
1313 4294 1518 4367 collegii
1554 4300 1852 4352 Armeniaci

286 4365 616 4422 Venetiarum
650 4370 894 4429 alumno,
936 4369 1208 4438 diligenter
1240 4365 1543 4435 expressum
1590 4378 1638 4421 et
1694 4371 1853 4422 casti-

271 4448 474 4510 g‘tatum,
518 4440 748 4510 Angelus
803 4438 980 4492 Maius
1030 4450 1079 4510 et
1122 4439 1353 4493 Joannes
1396 4438 1672 4493 Zohrabus
1714 4457 1850 4493 nunc

271 4495 495 4573 primum
528 4495 822 4579 conjunctis
854 4512 996 4563 curis
1031 4509 1321 4575 Latinitate
1371 4510 1625 4562 donatum
1683 4513 1834 4563 nolis.
1882 4495 1933 4554 ο

271 4595 368 4649 que
398 4580 746 4641 illustratum,
785 4583 980 4633 additis
1034 4580 1229 4634 Cra'cis
1262 4581 1521 4649 reliquiis.
1553 4580 1845 4637 ediderunt.

273 4647 585 4715 Mediolani,
616 4653 772 4721 regiis
818 4652 971 4720 typis.
1022 4651 1207 4704 Eidem
1238 4647 1499 4704 voluinini
1533 4651 1708 4704 inest:
1749 4652 1853 4706 Sa-

270 4723 455 4774 muelis
490 4723 781 4792 presbyteri
808 4723 1045 4775 Aniensis
1090 4732 1377 4789 temporum
1410 4737 1571 4788 usque
1601 4723 1667 4773 ad
1697 4738 1848 4775 suam

270 4800 478 4845 (etatem
511 4793 669 4845 ratio.
700 4795 756 4846 ln
792 4792 896 4844 line
946 4792 1178 4859 legitur:
1214 4792 1491 4859 Explicita'
1527 4802 1648 4844 sunt
1698 4794 1852 4846 celeri

271 4860 554 4915 mlmodunt
581 4862 839 4914 editorum
894 4861 1109 4924 labore,
1155 4863 1471 4933 efﬂagitante
1525 4864 1849 4915 eruditorum

270 4934 505 4985 omnium
557 4943 697 4995 voto,
734 4934 813 4985 hw
860 4933 1107 5001 perutiles
1132 4932 1423 5001 temporum
1451 4932 1707 4985 doctrma:
1739 4933 1847 4985 lfu-

270 5002 398 5053 :.ebii
431 5002 776 5057 thsariensis
809 5013 859 5055 et
910 5003 1173 5057 Samuelis
1221 5005 1462 5056 Aniensis
1513 5004 1565 5055 in
1602 5004 1744 5055 alma
1800 5014 1849 5056 et

273 5075 658 5127 .itteratissima
687 5074 812 5127 urbe
846 5072 1175 5133 Mediolano,
1228 5091 1365 5127 anno
1395 5083 1511 5133 post
1564 5072 1849 5139 bent-ﬁcum

271 5142 468 5197 Christi
507 5144 782 5197 adventum
813 5142 889 5198 Μ.
926 5143 991 5196 υ.
1018 5143 1171 5199 CCC.
1206 5143 1434 5198 XVIII.
1463 5143 1703 5197 Lectores
1730 5145 1849 5197 boni

270 5214 455 5276 favete.
521 5213 674 5268 Hanc
716 5213 1048 5279 editionem,
1090 5216 1485 5283 posterioribus
1516 5215 1666 5267 euris
1696 5230 1850 5267 reco-

269 5289 496 5353 gnitum,
528 5286 674 5355 typis
701 5284 896 5339 iterum
932 5284 1209 5355 mandavit
1250 5285 1401 5338 card.
1432 5285 1554 5349 Mai,
1591 5285 1643 5337 in
1696 5283 1847 5338 Scri-

267 5364 478 5422 ptorum
519 5366 748 5409 veterum
789 5372 919 5409 nova
947 5354 1265 5410 Collectione
1297 5372 1324 5409 e
1358 5356 1624 5409 Vaticanis
1654 5356 1849 5408 codici-

271 5430 365 5478 bus
395 5426 557 5489 edita,
590 5434 721 5479 tom.
777 5424 912 5479 Vill.
946 5424 1129 5479 ltoune
1162 5427 1230 5480 M.
1270 5427 1332 5480 Ι).
1380 5427 1531 5480 CCC.
1587 5425 1843 5489 XXXIII,

270 5496 435 5552 ιρι-4⁸.
470 5496 662 5553 Yet-sio
694 5496 1035 5561 Armeniaca,
1077 5498 1129 5551 in
1164 5514 1270 5567 qua
1296 5514 1403 5551 non
1433 5497 1594 5551 modo
1628 5506 1847 5553 senten-

269 5579 356 5619 tiae
388 5569 697 5629 sententiis,
729 5584 914 5622 verum
944 5569 1243 5636 saepissime
1274 5571 1436 5622 etiam
1476 5569 1637 5622 verba
1667 5569 1844 5623 verbis

270 5640 513 5706 apprime
539 5638 891 5704 respondent,
923 5639 1121 5693 saeculo
1142 5639 1399 5694 Ecclesize
1429 5656 1461 5692 v
1490 5641 1840 5702 concinnata,

271 5718 556 5780 utramque
589 5709 811 5777 exhibet
840 5707 1090 5764 Chronici
1120 5719 1327 5780 partem
1355 5751 1369 5773 ,
1422 5711 1609 5763 ultima
1666 5712 1840 5765 solum

268 5778 483 5854 prioris
506 5781 679 5857 partis
718 5780 959 5839 sectione
992 5778 1241 5857 excepta.
1276 5781 1490 5857 Optime
1520 5780 1666 5838 edita
1698 5790 1781 5838 est
1811 5796 1840 5836 a

1975 506 2217 560 vcissim
2257 503 2489 573 notato),
2512 512 2565 557 et
2596 501 2718 555 aliis
2752 500 3103 571 chronologis
3137 498 3558 555 recentioribus.

2266 612 2472 651 ECSEBII
2514 608 2867 649 PREFARATIO
2905 607 3257 649 EVLNGELICA.

2038 691 2447 762 Εὺίιγγελικῆς
2506 690 2870 757 ἀποδείξεως
2927 682 3398 759 προπαρασκευὴ
3458 685 3559 757 (b),

1976 785 2395 855 l’rmparationis
2424 787 2733 855 evangelica:
2762 786 2831 840 ad
2876 784 3220 847 Theodotum,
3257 784 3557 852 episcopum

1973 877 2353 941 Laodicenum,
2386 878 2511 932 libri
2537 895 2606 934 xv
2629 918 2643 943 ,
2671 880 2776 933 sive
2804 878 3041 933 collectio
3077 876 3433 947 pulcherrima
3467 893 3559 929 ar-

1971 983 2336 1041 gumentorum
2393 972 2785 1042 variorumque,
2841 980 3027 1026 natatu
3078 970 3556 1040 dignissimorum,

1973 1073 2426 1118 monumentorum
2460 1082 2522 1117 ac
2557 1065 2974 1118 testimoniorum
2999 1079 3063 1117 ea:
3092 1062 3436 1133 scriptoribus
3462 1077 3559 1115 ea:-

1973 1156 2133 1208 ternis
2170 1154 2434 1226 (magnam
2478 1166 2681 1225 partem
2733 1155 2885 1210 hodie
2915 1154 3223 1225 depcrditis)
3246 1196 3261 1220 ,
3292 1170 3398 1223 qua
3435 1153 3559 1205 ani-

1971 1264 2088 1301 mus
2114 1249 2321 1302 lectoris
2349 1258 2685 1318 pra'paratur
2711 1248 2779 1302 ad
2809 1248 3280 1302 demonstrationes
3317 1245 3381 1299 de
3414 1245 3556 1299 veri-

1972 1351 2079 1395 tate
2110 1340 2380 1412 Evangelii
2407 1341 2606 1397 Christi
2648 1358 2712 1396 ea:
2738 1343 2906 1395 sacris
2943 1341 3132 1394 litteris
3165 1348 3311 1393 tanto
3334 1339 3553 1410 facilius

1971 1433 2297 1488 intbibendas
2319 1474 2333 1497 ,
2381 1434 2856 1504 admittendasque.
2887 1432 3076 1487 Latine
3104 1433 3255 1487 vertit
3292 1440 3341 1485 et
3386 1429 3556 1485 Nico-

1972 1528 2057 1580 lao
2093 1526 2131 1580 V
2169 1527 2407 1597 pontiﬁci
2431 1528 2695 1595 inscripsit
2722 1524 2972 1596 Georgius
3003 1524 3420 1595 Trapezuntius;
3457 1522 3554 1578 sed

1970 1623 2128 1689 cujus
2166 1618 2667 1689 interpretationem
2699 1618 2853 1673 valde
2892 1631 3141 1671 maneant
3173 1631 3236 1670 ac
3267 1616 3557 1671 confusam

1970 1727 2111 1773 esse,
2144 1712 2336 1767 merito
2366 1711 2616 1780 queritur
2644 1709 2877 1765 Allatius
2907 1709 2983 1764 De
3015 1708 3274 1780 Georgiis,
3319 1725 3374 1780 p.
3409 1709 3553 1775 “575,

1969 1812 2022 1858 ct
2053 1804 2304 1859 Petavius
2322 1816 2435 1867 xw,
2456 1802 2541 1861 ll.
2564 1804 2643 1858 De
2663 1801 3100 1873 incarnatione,§
3132 1802 3167 1855 2
3195 1820 3209 1856 :
3247 1801 3555 1871 Trapezun-

1969 1898 2072 1949 tius
2100 1896 2294 1950 Latina
2325 1913 2423 1951 sua
2453 1898 2685 1951 versione
2726 1913 2827 1949 non
2870 1907 2976 1948 tam
3014 1893 3238 1950 Eusebio
3274 1895 3441 1949 lucem
3468 1904 3555 1948 at-

1968 1991 2110 2050 tulit,
2145 2006 2384 2058 quameo
2415 1989 2547 2059 fwde
2582 1988 2835 2042 laniando
2857 2028 2871 2051 ,
2907 1986 3146 2041 addendo
3169 2004 3232 2041 ac
3256 1987 3555 2056 depravan-

1965 2076 2067 2136 do,
2119 2075 2326 2144 justam
2384 2076 2447 2131 de
2499 2094 2554 2131 se
2609 2077 2875 2148 querelam
2918 2078 3145 2145 posteris
3179 2079 3391 2148 reliquit
3427 2080 3549 2149 (ο).

1965 2167 2166 2221 Confer
2208 2166 2459 2223 Vossium
2500 2168 2572 2221 De
2602 2167 2726 2223 hist.
2757 2165 2977 2234 Gra'cis,
3014 2183 3137 2238 pag.
3169 2167 3266 2233 70;
3293 2166 3550 2223 I-Inetinm

1966 2261 2044 2315 De
2069 2262 2232 2315 claris
2264 2261 2633 2331 interpretibus
2663 2301 2677 2325 ,
2732 2275 2854 2332 pag.
2887 2260 3022 2324 202,
3082 2268 3136 2315 et
3168 2258 3252 2314 εἷο.
3292 2257 3549 2313 Rainoldi

1966 2354 2255 2409 Censuram
2283 2354 2701 2424 apocrypltorum
2729 2354 3009 2417 librorum,
3042 2362 3176 2409 tom.
3201 2352 3244 2417 Ι,
3277 2369 3399 2423 pag.
3418 2353 3547 2409 805.

1964 2444 2173 2501 Prodiit
2204 2446 2395 2501 Latina
2427 2446 2777 2518 Trapezuntii
2800 2448 2981 2503 versio
3003 2446 3237 2503 Tarvisii
3272 2447 3430 2513 1480,
3452 2447 3548 2502 fol.

1967 2539 2246 2610 [Curatius
2274 2541 2607 2610 uberiusque
2636 2548 3028 2596 enumerarunt
3060 2550 3114 2595 et
3152 2550 3553 2596 reccnsuerunt

1964 2632 2089 2688 edd.
2119 2637 2234 2703 ipse
2270 2631 2554 2689 Fabricius
2588 2634 2641 2686 in
2682 2631 2921 2696 Delectu,
2955 2643 3086 2696 etc.,
3109 2631 3240 2696 l.c.,
3276 2631 3552 2688 Maittaire

1962 2731 2017 2777 et
2046 2724 2099 2777 in
2138 2723 2326 2794 primis
2361 2724 2486 2777 edd.
2519 2739 2646 2778 saec.
2678 2740 2747 2778 xv
2779 2724 2881 2778 cel.
2910 2720 3120 2777 Panter
3153 2724 3267 2794 (qui
3304 2724 3443 2777 alios
3472 2724 3553 2778 ci-

1963 2820 2080 2867 tare
2111 2812 2248 2866 solet
2285 2812 2709 2883 bibliographos)
2753 2813 2806 2866 in
2840 2813 2906 2868 Α.
2943 2812 3003 2866 Τ.
3038 2812 3177 2867 Add.
3214 2829 3335 2884 quae
3358 2814 3553 2869 obser-

1962 2904 2083 2957 vavi
2114 2904 2169 2958 in
2198 2901 2402 2957 Introd.
2441 2905 2496 2958 in
2537 2903 2677 2957 (list.
2710 2902 2773 2955 L.
2810 2901 2927 2967 Gr.,
2962 2903 2998 2957 l.
3039 2919 3113 2966 c.,
3144 2919 3266 2974 pag.
3299 2902 3405 2957 219
3438 2918 3547 2973 sq.,

1964 3005 2076 3049 not.
2113 2993 2311 3049 Paucis
2351 2995 2519 3061 igitur
2563 2994 2854 3058 versionis,
2886 3010 2914 3048 a
2943 2993 3311 3064 Trapezuntio
3346 2994 3505 3050 facta:
3531 3034 3548 3057 ,

1963 3088 2086 3142 edd.
2131 3087 2404 3143 indicabo.
2447 3086 2691 3144 Venetiis
2727 3089 2869 3159 typis
2907 3086 3076 3141 Nicol.
3106 3085 3360 3155 Jenson.,
3386 3087 3545 3155 1470,

1969 3180 2059 3234 fol.
2097 3181 2357 3251 (Antonii
2404 3180 2740 3235 Cornazzani
2795 3183 3135 3252 prtemissum
3202 3183 3548 3238 octostichon

1965 3274 2310 3330 emendatius
2337 3274 2554 3329 iteravit
2579 3272 2865 3329 Fabricius
2885 3275 2938 3329 in
2974 3273 3206 3338 Delectu,
3231 3281 3364 3339 etc.,
3382 3290 3548 3345 quam

1966 3366 2237 3424 Maittaire
2262 3369 2331 3423 Α.
2385 3368 2447 3424 Τ.
2480 3368 2531 3433 1,
2579 3384 2633 3438 p.
2670 3366 2774 3435 67,
2822 3369 3234 3438 exscripserat.)
3261 3398 3334 3408 ——
3365 3366 3550 3440 (ibid.)

1964 3476 2061 3530 per
2106 3460 2273 3517 Leon.
2313 3461 2469 3515 Aurl.
2505 3462 2687 3531 (quem
2719 3467 3086 3515 correctorem
3138 3469 3232 3513 aut
3281 3459 3551 3514 cditorem

1964 3554 2153 3616 fuisse,
2173 3554 2544 3609 characterem
2578 3562 2757 3609 autem
2780 3552 3086 3608 Romanum
3116 3568 3239 3609 esse
3272 3553 3548 3618 eumdem,

1964 3663 2073 3718 quo
2101 3648 2273 3702 Adam
2317 3648 2385 3704 de
2421 3648 2730 3719 Ambergau
2761 3648 2901 3704 M72
2947 3648 3227 3705 Ciceronis
3270 3649 3554 3703 orationes

1963 3742 2279 3811 impressit,
2338 3742 2596 3812 opinatur
2638 3742 2706 3795 cl.
2766 3740 2995 3796 Panzer.
3052 3740 3150 3804 Ill,
3196 3737 3552 3812 p.98),s.l.,

1966 3834 2122 3898 1475,
2160 3833 2254 3890 fol.
2289 3835 2428 3891 Add.
2476 3835 2548 3890 cl.
2583 3834 2793 3890 Morcll.
2825 3834 2893 3889 ad
2923 3834 3045 3889 Cat.
3082 3834 3215 3889 bibl.
3242 3832 3441 3887 Pincll.
3494 3830 3548 3895 l,

1958 4012 2008 4067 J.
2045 4012 2103 4067 Β.
2138 4012 2413 4067 Aucherio
2466 4014 2569 4068 sub
2602 4014 2799 4068 titulo:
2848 4014 3060 4068 Eusebii
3111 4012 3412 4069 Chronicon
3464 4015 3549 4069 bi-

1962 4086 2252 4153 partitum,
2281 4089 2430 4137 Arm.
2457 4093 2511 4138 et
2534 4084 2652 4139 Lat.
2684 4085 2906 4149 (additis
2930 4100 3031 4139 suo
3058 4086 3177 4138 loco
3205 4084 3412 4139 Graecis
3438 4086 3549 4139 Ira-

1959 4156 2212 4224 gtnentis)
2239 4154 2480 4210 Venetiis
2504 4156 2661 4210 1818.
2690 4155 2733 4208 Il
2759 4158 2970 4220 Partes,
3005 4154 3159 4209 ιιι-4ο.
3187 4157 3347 4209 Enrr.
3368 4154 3547 4213 Pun.

2031 4226 2119 4297 (ὁ),
2148 4226 2415 4280 Eusebius
2445 4227 2561 4292 ipse
2601 4242 2676 4285 Vl,
2726 4228 2827 4297 10,
2877 4226 3204 4294 Prwparat.,
3231 4242 3355 4295 pag.
3406 4226 3547 4296 280,

1959 4291 2057 4368 Ὧὺ
2079 4296 2141 4368 δὴ
2176 4298 2271 4368 καὶ.
2297 4291 2528 4367 μάλιστα
2568 4298 2698 4367 ἡμῖν
2729 4296 2809 4349 δεῖ
2836 4299 2915 4359 εἰς
2955 4291 3053 4368 τὴν
3091 4291 3550 4368 τῆςᾼΕὐξιΊῪελιξ-

1958 4367 2074 4435 κῆς
2113 4366 2474 4432 (incestifer
2508 4366 3036 4435 προπιιρασκευήν.
3087 4366 3239 4421 Adde
3291 4366 3388 4421 lib.
3446 4384 3547 4434 xv,

1959 4454 2079 4507 cap.
2118 4440 2168 4503 1,
2204 4439 2294 4491 ubi
2330 4445 2454 4507 post
2496 4439 2797 4507 expositam
2830 4437 3022 4491 horum
3051 4437 3318 4491 librorum
3344 4453 3552 4493 anace-

1962 4506 2260 4578 pli’alzeosin
2285 4506 2393 4573 ait,
2436 4506 2648 4579 jamad
2693 4507 3218 4563 demonstrationem
3269 4511 3552 4579 evangeli-

1964 4594 2085 4650 cam
2118 4586 2377 4650 tanquam
2421 4578 2661 4650 nobilius
2688 4586 3073 4650 argumentum
3132 4594 3191 4634 se
3247 4578 3547 4650 progredi:

1963 4648 2136 4701 Τοῦτο
2163 4643 2354 4719 δὴόὖν
2389 4646 2636 4719 σὺν-Θεῴ
2682 4643 2779 4701 διᾶ
2811 4649 2910 4719 τῆς
2947 4648 3205 4719 ἀληΟείας
3247 4643 3382 4719 ἧμῐῦ
3425 4651 3544 4705 ἐπι-

1964 4717 2409 4792 σφραγισοέντος,
2444 4717 2513 4771 τὰ
2548 4717 2671 4792 per
2684 4719 2780 4789 τῆς
2796 4717 3279 4792 λπροπαρὰσκευῆς
3294 4717 3552 4775 ἐνταῦθά

1963 4790 2051 4861 μοί
2086 4790 2575 4863 περ-ιχραφήςετᾳι.
2619 4790 2876 4863 Macariis
2909 4791 2967 4863 δὲ
2995 4790 3087 4863 ἐπὶ
3107 4791 3205 4863 τὴν
3236 4792 3550 4847 ἐντελεστέ-

1999 4877 2063 4914 αν
2098 4856 2352 4914 eadem.)
2378 4856 2894 4929 σὲῆςΕὺαγΥελικῆς
2909 4856 3424 4926 ἀποδειξὲωςωω.
3452 4864 3548 4918 Li—

2001 4947 2089 4987 ros
2113 4948 2180 4985 xv
2201 4927 2713 4998 Προπαρασκευῆς
2734 4930 3059 4999 evangelica:
3087 4939 3355 4985 meruerat
3377 4934 3543 4987 etiam

1961 5001 2183 5057 lIieron.
2206 5011 2260 5055 et
2284 5016 2350 5055 ex
2384 5002 2522 5054 libro
2555 5013 2649 5052 vin
2683 5002 2861 5054 locum
2890 5000 3095 5069 profert
3116 5001 3168 5054 in
3198 5017 3406 5057 nonum
3434 5003 3548 5057 Da-

1960 5073 2134 5127 nielis.
2164 5070 2382 5125 FABRIC.
2424 5099 2495 5108 —
2522 5070 2681 5124 Conf.
2717 5069 2798 5124 Du
2841 5070 2963 5127 Pin.
2999 5070 3200 5125 Eccles.
3259 5083 3544 5127 auctorum

1960 5144 2087 5196 bibl.
2118 5159 2259 5206 nov.,
2285 5142 2347 5207 ll,
2372 5158 2424 5211 p.
2470 5142 2568 5203 10,
2602 5148 2655 5195 et
2685 5139 2995 5195 Fabricium
3041 5150 3293 5196 nostrum
3343 5145 3398 5198 in
3436 5145 3545 5199 De-

1960 5214 2096 5267 lectu
2131 5223 2489 5280 argumentor.
2542 5220 2591 5264 et
2644 5211 2849 5280 syllaba
2883 5212 3128 5279 scriptor.
3183 5229 3278 5280 pro
3325 5217 3547 5269 veritate

1958 5286 2107 5354 relig.
2133 5282 2471 5345 Cltristiantv,
2497 5295 2619 5352 pag.
2649 5282 2715 5335 72
2745 5297 2891 5351 sqq.,
2929 5283 3020 5335 ubi
3061 5283 3241 5336 locum
3282 5284 3431 5340 hunc
3476 5285 3545 5340 B.

1953 5360 2047 5413 Cr.
2085 5354 2300 5424 repetiit
2333 5362 2385 5408 et
2415 5354 2656 5423 pleniore
2685 5354 2988 5424 praesertim
3023 5354 3149 5408 cdd.
3189 5356 3387 5409 notitia
3426 5371 3547 5410 am-

1958 5427 2198 5477 nlic‘avit.
2242 5422 2413 5477 "AltL.

2015 5428 2198 5480 icavit.
2242 5428 2413 5477 "AltL.

1958 5441 2198 5494 pncavtt.
2242 5441 2413 5477 llAltL.

2028 5496 2099 5560 (ε)
2137 5495 2537 5563 Trapezuntius
2568 5502 2750 5550 tamen
2791 5496 2845 5549 in
2875 5494 3037 5563 epist.
3069 5494 3135 5548 ad
3177 5495 3464 5551 Nicolaum
3505 5494 3547 5551 V

1956 5569 2237 5637 profitetur
2279 5581 2337 5620 se
2370 5566 2517 5620 illius
2548 5566 2731 5634 jussu,
2773 5568 3019 5638 sentibus
3049 5569 3337 5632 amputatis
3383 5568 3462 5638 (ιι.
3491 5584 3544 5624 e.

1956 5642 2023 5693 its
2045 5638 2289 5695 omissis.
2314 5652 2435 5706 qua:
2465 5639 2568 5691 sibi
2588 5638 2799 5691 scilicet
2829 5637 3062 5691 haeresin
3088 5639 3239 5693 olere
3279 5637 3538 5692 videren-

1955 5718 2067 5773 tur)
2098 5726 2247 5763 rosas
2279 5708 2610 5765 solummodo
2638 5706 2846 5763 Latinis
2876 5708 3172 5763 hominibus
3217 5710 3317 5764 hac
3348 5712 3541 5763 tradu-

1954 5783 2123 5839 ctione
2155 5780 2427 5837 obtulisse.
2471 5778 2644 5836 Hauc.
