  <div class='ocr_page' id='page_1' title='image "/cluster/home/n/w/nwhite01/storage/ocr_20150623/19/hvd.32044011362951/023.png"; bbox 0 0 3812 6324; ppageno 0'>
   <div class='ocr_carea' id='block_1_1' title="bbox 509 354 3762 458">
    <p class='ocr_par' dir='ltr' id='par_1_1' title="bbox 509 354 3762 458">
     <span class='ocr_line' id='line_1_1' title="bbox 509 354 3762 458; baseline -0.008 0"><span class='ocrx_word' id='word_1_1' title='bbox 509 402 568 458; x_wconf 76' lang='lat' dir='ltr'><strong><em>si</em></strong></span> <span class='ocrx_word' id='word_1_2' title='bbox 1510 396 1851 456; x_wconf 73' lang='lat' dir='ltr'><strong><em>susssws</em></strong></span> <span class='ocrx_word' id='word_1_3' title='bbox 1886 391 2367 451; x_wconf 55' lang='lat' dir='ltr'><strong><em>casamnnsns</em></strong></span> <span class='ocrx_word' id='word_1_4' title='bbox 2406 385 2805 446; x_wconf 79' lang='lat' dir='ltr'><strong><em>EPISCOPUS.</em></strong></span> <span class='ocrx_word' id='word_1_5' title='bbox 3310 354 3315 357; x_wconf 58' lang='grc'><em>“</em></span> <span class='ocrx_word' id='word_1_6' title='bbox 3458 453 3463 457; x_wconf 4' lang='grc' dir='ltr'><em>ὠ</em></span> <span class='ocrx_word' id='word_1_7' title='bbox 3695 376 3762 432; x_wconf 72' lang='lat' dir='ltr'><strong><em>se</em></strong></span> 
     </span>
    </p>
   </div>
   <div class='ocr_carea' id='block_1_2' title="bbox 509 489 3758 588">
    <p class='ocr_par' dir='ltr' id='par_1_2' title="bbox 509 489 3758 588">
     <span class='ocr_line' id='line_1_2' title="bbox 509 489 3758 588; baseline -0.008 -17"><span class='ocrx_word' id='word_1_8' title='bbox 509 522 706 588; x_wconf 65' lang='lat' dir='ltr'><strong><em>praeter</em></strong></span> <span class='ocrx_word' id='word_1_9' title='bbox 740 514 834 571; x_wconf 87' lang='lat' dir='ltr'><strong><em>illa</em></strong></span> <span class='ocrx_word' id='word_1_10' title='bbox 870 530 993 587; x_wconf 68' lang='lat' dir='ltr'><strong><em>qua:</em></strong></span> <span class='ocrx_word' id='word_1_11' title='bbox 1035 514 1150 586; x_wconf 90' lang='lat' dir='ltr'><strong><em>ipse</em></strong></span> <span class='ocrx_word' id='word_1_12' title='bbox 1182 512 1436 573; x_wconf 81' lang='lat' dir='ltr'><strong><em>Valesius</em></strong></span> <span class='ocrx_word' id='word_1_13' title='bbox 1461 513 1753 581; x_wconf 78' lang='lat' dir='ltr'><strong><em>indicarat,</em></strong></span> <span class='ocrx_word' id='word_1_14' title='bbox 1782 512 2087 568; x_wconf 86' lang='lat' dir='ltr'><strong><em>retineren-</em></strong></span> <span class='ocrx_word' id='word_1_15' title='bbox 2113 515 2159 571; x_wconf 83' lang='grc' dir='ltr'><strong>Α</strong></span> <span class='ocrx_word' id='word_1_16' title='bbox 2186 504 2312 571; x_wconf 84' lang='lat' dir='ltr'><strong><em>Gr.,</em></strong></span> <span class='ocrx_word' id='word_1_17' title='bbox 2344 521 2399 578; x_wconf 93' lang='lat' dir='ltr'><strong><em>p.</em></strong></span> <span class='ocrx_word' id='word_1_18' title='bbox 2430 503 2501 559; x_wconf 73' lang='grc'><strong>46</strong></span> <span class='ocrx_word' id='word_1_19' title='bbox 2521 508 2577 560; x_wconf 88' lang='lat' dir='ltr'><strong><em>et</em></strong></span> <span class='ocrx_word' id='word_1_20' title='bbox 2605 502 2695 558; x_wconf 80' lang='lat'><strong><em>65.</em></strong></span> <span class='ocrx_word' id='word_1_21' title='bbox 2725 531 2797 541; x_wconf 90' lang='lat'>—</span> <span class='ocrx_word' id='word_1_22' title='bbox 2824 498 2882 573; x_wconf 82' lang='lat' dir='ltr'><strong><em>In</em></strong></span> <span class='ocrx_word' id='word_1_23' title='bbox 2912 496 3036 553; x_wconf 87' lang='lat' dir='ltr'><strong><em>cod.</em></strong></span> <span class='ocrx_word' id='word_1_24' title='bbox 3071 494 3297 588; x_wconf 89' lang='lat' dir='ltr'><strong><em>Coislin.</em></strong></span> <span class='ocrx_word' id='word_1_25' title='bbox 3333 492 3463 556; x_wconf 75' lang='lat'><strong><em>505,</em></strong></span> <span class='ocrx_word' id='word_1_26' title='bbox 3493 489 3591 546; x_wconf 82' lang='lat' dir='ltr'><strong><em>fol.</em></strong></span> <span class='ocrx_word' id='word_1_27' title='bbox 3641 491 3758 560; x_wconf 76' lang='lat' dir='ltr'><strong><em>H9,</em></strong></span> 
     </span>
    </p>
   </div>
   <div class='ocr_carea' id='block_1_3' title="bbox 511 606 1225 677">
    <p class='ocr_par' dir='ltr' id='par_1_3' title="bbox 511 606 1225 677">
     <span class='ocr_line' id='line_1_3' title="bbox 511 606 1225 677; baseline 0 -16"><span class='ocrx_word' id='word_1_28' title='bbox 511 616 618 662; x_wconf 89' lang='lat' dir='ltr'><strong><em>tur.</em></strong></span> <span class='ocrx_word' id='word_1_29' title='bbox 655 606 734 662; x_wconf 92' lang='lat' dir='ltr'><strong><em>En</em></strong></span> <span class='ocrx_word' id='word_1_30' title='bbox 769 606 1183 677; x_wconf 77' lang='lat' dir='ltr'><strong><em>inscriptionem</em></strong></span> <span class='ocrx_word' id='word_1_31' title='bbox 1211 624 1225 661; x_wconf 90' lang='lat'><strong>:</strong></span> 
     </span>
    </p>
   </div>
   <div class='ocr_carea' id='block_1_4' title="bbox 583 695 2086 769">
    <p class='ocr_par' dir='ltr' id='par_1_4' title="bbox 583 695 2086 769">
     <span class='ocr_line' id='line_1_4' title="bbox 583 695 2086 769; baseline -0.001 -16"><span class='ocrx_word' id='word_1_32' title='bbox 583 696 800 754; x_wconf 77' lang='lat' dir='ltr'><strong><em>Eusebii</em></strong></span> <span class='ocrx_word' id='word_1_33' title='bbox 858 697 1145 769; x_wconf 79' lang='lat' dir='ltr'><strong><em>Pamphili,</em></strong></span> <span class='ocrx_word' id='word_1_34' title='bbox 1183 698 1427 756; x_wconf 89' lang='lat' dir='ltr'><strong><em>Socratis</em></strong></span> <span class='ocrx_word' id='word_1_35' title='bbox 1478 695 1815 763; x_wconf 72' lang='lat' dir='ltr'><strong><em>scholastici,</em></strong></span> <span class='ocrx_word' id='word_1_36' title='bbox 1857 695 2086 752; x_wconf 72' lang='lat' dir='ltr'><strong><em>Hermiie</em></strong></span> 
     </span>
    </p>
   </div>
   <div class='ocr_carea' id='block_1_5' title="bbox 512 786 2086 859">
    <p class='ocr_par' dir='ltr' id='par_1_5' title="bbox 512 786 2086 859">
     <span class='ocr_line' id='line_1_5' title="bbox 512 786 2086 859; baseline -0.003 -13"><span class='ocrx_word' id='word_1_37' title='bbox 512 788 814 854; x_wconf 76' lang='lat' dir='ltr'><strong><em>Sozomeni,</em></strong></span> <span class='ocrx_word' id='word_1_38' title='bbox 845 786 1152 844; x_wconf 81' lang='lat' dir='ltr'><strong><em>Theodoriti</em></strong></span> <span class='ocrx_word' id='word_1_39' title='bbox 1185 798 1235 844; x_wconf 89' lang='lat' dir='ltr'><strong><em>et</em></strong></span> <span class='ocrx_word' id='word_1_40' title='bbox 1264 788 1497 859; x_wconf 84' lang='lat' dir='ltr'><strong><em>Evagrii,</em></strong></span> <span class='ocrx_word' id='word_1_41' title='bbox 1520 789 1645 843; x_wconf 89' lang='lat' dir='ltr'><strong><em>item</em></strong></span> <span class='ocrx_word' id='word_1_42' title='bbox 1667 786 2015 859; x_wconf 82' lang='lat' dir='ltr'><strong><em>Philostorgii</em></strong></span> <span class='ocrx_word' id='word_1_43' title='bbox 2035 797 2086 842; x_wconf 87' lang='lat' dir='ltr'><strong><em>et</em></strong></span> 
     </span>
    </p>
   </div>
   <div class='ocr_carea' id='block_1_6' title="bbox 511 866 2086 957">
    <p class='ocr_par' dir='ltr' id='par_1_6' title="bbox 511 866 2086 957">
     <span class='ocr_line' id='line_1_6' title="bbox 511 866 2086 957; baseline 0 -19"><span class='ocrx_word' id='word_1_44' title='bbox 511 884 773 940; x_wconf 84' lang='lat' dir='ltr'><strong><em>Theodori</em></strong></span> <span class='ocrx_word' id='word_1_45' title='bbox 802 866 1038 941; x_wconf 69' lang='lat' dir='ltr'><strong><em>Lectoris</em></strong></span> <span class='ocrx_word' id='word_1_46' title='bbox 1081 901 1200 957; x_wconf 69' lang='lat' dir='ltr'><strong><em>quis</em></strong></span> <span class='ocrx_word' id='word_1_47' title='bbox 1229 894 1439 939; x_wconf 66' lang='lat' dir='ltr'><strong><em>exstant</em></strong></span> <span class='ocrx_word' id='word_1_48' title='bbox 1462 923 1479 950; x_wconf 95' lang='lat'><strong><em>,</em></strong></span> <span class='ocrx_word' id='word_1_49' title='bbox 1538 882 1796 940; x_wconf 77' lang='lat' dir='ltr'><strong><em>Historia:</em></strong></span> <span class='ocrx_word' id='word_1_50' title='bbox 1836 883 2086 938; x_wconf 87' lang='lat' dir='ltr'><strong><em>ecclesia-</em></strong></span> 
     </span>
    </p>
   </div>
   <div class='ocr_carea' id='block_1_7' title="bbox 508 974 2082 1032">
    <p class='ocr_par' dir='ltr' id='par_1_7' title="bbox 508 974 2082 1032">
     <span class='ocr_line' id='line_1_7' title="bbox 508 974 2082 1032; baseline 0 -2"><span class='ocrx_word' id='word_1_51' title='bbox 508 976 655 1031; x_wconf 72' lang='lat' dir='ltr'><strong><em>stica:</em></strong></span> <span class='ocrx_word' id='word_1_52' title='bbox 697 976 876 1032; x_wconf 79' lang='lat' dir='ltr'><strong><em>Crwce</em></strong></span> <span class='ocrx_word' id='word_1_53' title='bbox 923 987 974 1032; x_wconf 90' lang='lat' dir='ltr'><strong><em>et</em></strong></span> <span class='ocrx_word' id='word_1_54' title='bbox 1025 975 1213 1031; x_wconf 87' lang='lat' dir='ltr'><strong><em>Latine</em></strong></span> <span class='ocrx_word' id='word_1_55' title='bbox 1269 976 1325 1031; x_wconf 88' lang='lat' dir='ltr'><strong><em>in</em></strong></span> <span class='ocrx_word' id='word_1_56' title='bbox 1383 984 1488 1031; x_wconf 86' lang='lat' dir='ltr'><strong><em>tres</em></strong></span> <span class='ocrx_word' id='word_1_57' title='bbox 1546 984 1713 1030; x_wconf 89' lang='lat' dir='ltr'><strong><em>tomos</em></strong></span> <span class='ocrx_word' id='word_1_58' title='bbox 1761 974 2082 1030; x_wconf 65' lang='lat' dir='ltr'><strong><em>distributas.</em></strong></span> 
     </span>
    </p>
   </div>
   <div class='ocr_carea' id='block_1_8' title="bbox 510 1066 2081 1125">
    <p class='ocr_par' dir='ltr' id='par_1_8' title="bbox 510 1066 2081 1125">
     <span class='ocr_line' id='line_1_8' title="bbox 510 1066 2081 1125; baseline 0.001 -2"><span class='ocrx_word' id='word_1_59' title='bbox 510 1067 677 1124; x_wconf 92' lang='lat' dir='ltr'><strong><em>Henr.</em></strong></span> <span class='ocrx_word' id='word_1_60' title='bbox 740 1069 987 1125; x_wconf 82' lang='lat' dir='ltr'><strong><em>Valesius</em></strong></span> <span class='ocrx_word' id='word_1_61' title='bbox 1045 1068 1287 1125; x_wconf 74' lang='lat' dir='ltr'><strong><em>Grazcum</em></strong></span> <span class='ocrx_word' id='word_1_62' title='bbox 1353 1077 1556 1124; x_wconf 73' lang='lat' dir='ltr'><strong><em>textum</em></strong></span> <span class='ocrx_word' id='word_1_63' title='bbox 1610 1084 1676 1123; x_wconf 77' lang='lat' dir='ltr'><strong><em>ea:</em></strong></span> <span class='ocrx_word' id='word_1_64' title='bbox 1741 1086 1870 1124; x_wconf 89' lang='lat' dir='ltr'><strong><em>mss.</em></strong></span> <span class='ocrx_word' id='word_1_65' title='bbox 1927 1066 2081 1124; x_wconf 88' lang='lat' dir='ltr'><strong><em>codd.</em></strong></span> 
     </span>
    </p>
   </div>
   <div class='ocr_carea' id='block_1_9' title="bbox 507 1161 2082 1231">
    <p class='ocr_par' dir='ltr' id='par_1_9' title="bbox 507 1161 2082 1231">
     <span class='ocr_line' id='line_1_9' title="bbox 507 1161 2082 1231; baseline 0.001 -15"><span class='ocrx_word' id='word_1_66' title='bbox 507 1162 837 1229; x_wconf 76' lang='lat' dir='ltr'><strong><em>emendavit,</em></strong></span> <span class='ocrx_word' id='word_1_67' title='bbox 885 1163 1074 1218; x_wconf 79' lang='lat' dir='ltr'><strong><em>Latine</em></strong></span> <span class='ocrx_word' id='word_1_68' title='bbox 1116 1164 1306 1231; x_wconf 86' lang='lat' dir='ltr'><strong><em>vertit,</em></strong></span> <span class='ocrx_word' id='word_1_69' title='bbox 1371 1174 1420 1218; x_wconf 92' lang='lat' dir='ltr'><strong><em>et</em></strong></span> <span class='ocrx_word' id='word_1_70' title='bbox 1453 1161 1716 1217; x_wconf 84' lang='lat' dir='ltr'><strong><em>adnotatt.</em></strong></span> <span class='ocrx_word' id='word_1_71' title='bbox 1772 1162 2082 1217; x_wconf 86' lang='lat' dir='ltr'><strong><em>illustravit.</em></strong></span> 
     </span>
    </p>
   </div>
   <div class='ocr_carea' id='block_1_10' title="bbox 511 1252 2084 1327">
    <p class='ocr_par' dir='ltr' id='par_1_10' title="bbox 511 1252 2084 1327">
     <span class='ocr_line' id='line_1_10' title="bbox 511 1252 2084 1327; baseline 0 -18"><span class='ocrx_word' id='word_1_72' title='bbox 511 1252 755 1312; x_wconf 81' lang='lat' dir='ltr'><strong><em>Gulielm.</em></strong></span> <span class='ocrx_word' id='word_1_73' title='bbox 819 1255 1053 1327; x_wconf 85' lang='lat' dir='ltr'><strong><em>Heading</em></strong></span> <span class='ocrx_word' id='word_1_74' title='bbox 1100 1274 1260 1311; x_wconf 89' lang='lat' dir='ltr'><strong><em>novas</em></strong></span> <span class='ocrx_word' id='word_1_75' title='bbox 1312 1255 1725 1320; x_wconf 86' lang='lat' dir='ltr'><strong><em>elucidationes,</em></strong></span> <span class='ocrx_word' id='word_1_76' title='bbox 1792 1255 2084 1325; x_wconf 69' lang='lat' dir='ltr'><strong><em>privsertim</em></strong></span> 
     </span>
    </p>
   </div>
   <div class='ocr_carea' id='block_1_11' title="bbox 509 1348 2082 1419">
    <p class='ocr_par' dir='ltr' id='par_1_11' title="bbox 509 1348 2082 1419">
     <span class='ocr_line' id='line_1_11' title="bbox 509 1348 2082 1419; baseline 0.002 -17"><span class='ocrx_word' id='word_1_77' title='bbox 509 1348 902 1419; x_wconf 86' lang='lat' dir='ltr'><strong><em>chronologicas</em></strong></span> <span class='ocrx_word' id='word_1_78' title='bbox 921 1391 936 1417; x_wconf 92' lang='lat'><strong><em>,</em></strong></span> <span class='ocrx_word' id='word_1_79' title='bbox 972 1351 1026 1404; x_wconf 89' lang='lat' dir='ltr'><strong><em>in</em></strong></span> <span class='ocrx_word' id='word_1_80' title='bbox 1057 1348 1156 1404; x_wconf 83' lang='lat' dir='ltr'><strong><em>hac</em></strong></span> <span class='ocrx_word' id='word_1_81' title='bbox 1186 1348 1413 1404; x_wconf 80' lang='lat' dir='ltr'><strong><em>editione</em></strong></span> <span class='ocrx_word' id='word_1_82' title='bbox 1450 1349 1666 1419; x_wconf 86' lang='lat' dir='ltr'><strong><em>adjecit.</em></strong></span> <span class='ocrx_word' id='word_1_83' title='bbox 1700 1349 2082 1419; x_wconf 68' lang='lat' dir='ltr'><strong><em>Cantabrigiaz,</em></strong></span> 
     </span>
    </p>
   </div>
   <div class='ocr_carea' id='block_1_12' title="bbox 510 1440 2081 1514">
    <p class='ocr_par' dir='ltr' id='par_1_12' title="bbox 510 1440 2081 1514">
     <span class='ocr_line' id='line_1_12' title="bbox 510 1440 2081 1514; baseline 0.003 -21"><span class='ocrx_word' id='word_1_84' title='bbox 510 1442 643 1511; x_wconf 81' lang='lat' dir='ltr'><strong><em>typis</em></strong></span> <span class='ocrx_word' id='word_1_85' title='bbox 669 1440 906 1497; x_wconf 87' lang='lat' dir='ltr'><strong><em>academ.</em></strong></span> <span class='ocrx_word' id='word_1_86' title='bbox 943 1442 1114 1507; x_wconf 75' lang='grc'><strong>1720,</strong></span> <span class='ocrx_word' id='word_1_87' title='bbox 1167 1442 1286 1512; x_wconf 78' lang='lat' dir='ltr'><strong><em>fol.,</em></strong></span> <span class='ocrx_word' id='word_1_88' title='bbox 1314 1441 1382 1497; x_wconf 90' lang='lat' dir='ltr'><strong><em>III</em></strong></span> <span class='ocrx_word' id='word_1_89' title='bbox 1416 1451 1544 1499; x_wconf 90' lang='lat' dir='ltr'><strong><em>tom.</em></strong></span> <span class='ocrx_word' id='word_1_90' title='bbox 1586 1441 1643 1498; x_wconf 92' lang='lat' dir='ltr'><strong><em>In</em></strong></span> <span class='ocrx_word' id='word_1_91' title='bbox 1693 1444 1871 1514; x_wconf 90' lang='lat' dir='ltr'><strong><em>primo</em></strong></span> <span class='ocrx_word' id='word_1_92' title='bbox 1902 1453 2081 1508; x_wconf 90' lang='lat' dir='ltr'><strong><em>tomo,</em></strong></span> 
     </span>
    </p>
   </div>
   <div class='ocr_carea' id='block_1_13' title="bbox 506 1534 2086 1608">
    <p class='ocr_par' dir='ltr' id='par_1_13' title="bbox 506 1534 2086 1608">
     <span class='ocr_line' id='line_1_13' title="bbox 506 1534 2086 1608; baseline 0.001 -20"><span class='ocrx_word' id='word_1_93' title='bbox 506 1534 600 1605; x_wconf 89' lang='lat' dir='ltr'><strong>qui</strong></span> <span class='ocrx_word' id='word_1_94' title='bbox 649 1535 975 1604; x_wconf 79' lang='lat' dir='ltr'><strong><em>peculiarem</em></strong></span> <span class='ocrx_word' id='word_1_95' title='bbox 1024 1534 1189 1590; x_wconf 84' lang='lat' dir='ltr'><strong><em>habet</em></strong></span> <span class='ocrx_word' id='word_1_96' title='bbox 1236 1535 1686 1608; x_wconf 89' lang='lat' dir='ltr'><strong><em>inscriptionem,</em></strong></span> <span class='ocrx_word' id='word_1_97' title='bbox 1734 1536 2086 1592; x_wconf 82' lang='lat' dir='ltr'><strong><em>continentur</em></strong></span> 
     </span>
    </p>
   </div>
   <div class='ocr_carea' id='block_1_14' title="bbox 507 1623 2086 1698">
    <p class='ocr_par' dir='ltr' id='par_1_14' title="bbox 507 1623 2086 1698">
     <span class='ocr_line' id='line_1_14' title="bbox 507 1623 2086 1698; baseline 0.001 -19"><span class='ocrx_word' id='word_1_98' title='bbox 507 1623 730 1682; x_wconf 88' lang='lat' dir='ltr'><strong><em>Eusebii</em></strong></span> <span class='ocrx_word' id='word_1_99' title='bbox 768 1656 834 1666; x_wconf 91' lang='lat'><strong><em>—</em></strong></span> <span class='ocrx_word' id='word_1_100' title='bbox 866 1625 935 1682; x_wconf 88' lang='lat' dir='ltr'><strong><em>E.</em></strong></span> <span class='ocrx_word' id='word_1_101' title='bbox 973 1626 1046 1683; x_wconf 88' lang='grc' dir='ltr'><strong><em>Η.</em></strong></span> <span class='ocrx_word' id='word_1_102' title='bbox 1082 1627 1207 1681; x_wconf 84' lang='lat' dir='ltr'><strong><em>libri</em></strong></span> <span class='ocrx_word' id='word_1_103' title='bbox 1258 1627 1452 1685; x_wconf 83' lang='lat' dir='ltr'><strong><em>decem.</em></strong></span> <span class='ocrx_word' id='word_1_104' title='bbox 1506 1627 1711 1695; x_wconf 85' lang='lat' dir='ltr'><strong><em>Quibus</em></strong></span> <span class='ocrx_word' id='word_1_105' title='bbox 1750 1628 2086 1698; x_wconf 84' lang='lat' dir='ltr'><strong><em>subjungitur</em></strong></span> 
     </span>
    </p>
   </div>
   <div class='ocr_carea' id='block_1_15' title="bbox 507 1717 2083 1791">
    <p class='ocr_par' dir='ltr' id='par_1_15' title="bbox 507 1717 2083 1791">
     <span class='ocr_line' id='line_1_15' title="bbox 507 1717 2083 1791; baseline 0.001 -18"><span class='ocrx_word' id='word_1_106' title='bbox 507 1719 681 1773; x_wconf 91' lang='lat' dir='ltr'><strong><em>oratio</em></strong></span> <span class='ocrx_word' id='word_1_107' title='bbox 706 1717 1046 1773; x_wconf 86' lang='lat' dir='ltr'><strong><em>Constantini</em></strong></span> <span class='ocrx_word' id='word_1_108' title='bbox 1074 1719 1141 1773; x_wconf 88' lang='lat' dir='ltr'><strong><em>ad</em></strong></span> <span class='ocrx_word' id='word_1_109' title='bbox 1173 1729 1385 1774; x_wconf 86' lang='lat' dir='ltr'><strong><em>sanctos</em></strong></span> <span class='ocrx_word' id='word_1_110' title='bbox 1425 1728 1476 1775; x_wconf 89' lang='lat' dir='ltr'><strong><em>et</em></strong></span> <span class='ocrx_word' id='word_1_111' title='bbox 1525 1719 1881 1791; x_wconf 82' lang='lat' dir='ltr'><strong><em>Panegyricus</em></strong></span> <span class='ocrx_word' id='word_1_112' title='bbox 1913 1719 2083 1774; x_wconf 83' lang='lat' dir='ltr'><strong><em>Euse-</em></strong></span> 
     </span>
    </p>
   </div>
   <div class='ocr_carea' id='block_1_16' title="bbox 509 1809 2081 1869">
    <p class='ocr_par' dir='ltr' id='par_1_16' title="bbox 509 1809 2081 1869">
     <span class='ocr_line' id='line_1_16' title="bbox 509 1809 2081 1869; baseline 0.002 -4"><span class='ocrx_word' id='word_1_113' title='bbox 509 1812 601 1867; x_wconf 88' lang='lat' dir='ltr'><strong><em>bii.</em></strong></span> <span class='ocrx_word' id='word_1_114' title='bbox 638 1809 709 1865; x_wconf 84' lang='grc' dir='ltr'><strong>Η.</strong></span> <span class='ocrx_word' id='word_1_115' title='bbox 776 1812 950 1868; x_wconf 88' lang='lat' dir='ltr'><strong><em>Vales.</em></strong></span> <span class='ocrx_word' id='word_1_116' title='bbox 1008 1813 1100 1869; x_wconf 79' lang='lat' dir='ltr'><strong><em>Cr.</em></strong></span> <span class='ocrx_word' id='word_1_117' title='bbox 1165 1822 1363 1867; x_wconf 75' lang='lat' dir='ltr'><strong><em>textum</em></strong></span> <span class='ocrx_word' id='word_1_118' title='bbox 1409 1813 1618 1867; x_wconf 85' lang='lat' dir='ltr'><strong><em>collatis</em></strong></span> <span class='ocrx_word' id='word_1_119' title='bbox 1660 1829 1713 1869; x_wconf 82' lang='lat' dir='ltr'><strong><em>Iv</em></strong></span> <span class='ocrx_word' id='word_1_120' title='bbox 1760 1830 1889 1869; x_wconf 89' lang='lat' dir='ltr'><strong><em>mss.</em></strong></span> <span class='ocrx_word' id='word_1_121' title='bbox 1928 1812 2081 1868; x_wconf 86' lang='lat' dir='ltr'><strong><em>codd.</em></strong></span> 
     </span>
    </p>
   </div>
   <div class='ocr_carea' id='block_1_17' title="bbox 2187 587 3762 658">
    <p class='ocr_par' dir='ltr' id='par_1_17' title="bbox 2187 587 3762 658">
     <span class='ocr_line' id='line_1_17' title="bbox 2187 587 3762 658; baseline -0.01 -2"><span class='ocrx_word' id='word_1_122' title='bbox 2187 607 2271 656; x_wconf 89' lang='lat' dir='ltr'><strong><em>est</em></strong></span> <span class='ocrx_word' id='word_1_123' title='bbox 2323 597 2477 653; x_wconf 89' lang='lat' dir='ltr'><strong><em>locus</em></strong></span> <span class='ocrx_word' id='word_1_124' title='bbox 2532 593 2755 650; x_wconf 84' lang='lat' dir='ltr'><strong><em>Eusebii</em></strong></span> <span class='ocrx_word' id='word_1_125' title='bbox 2795 591 2874 647; x_wconf 86' lang='lat' dir='ltr'><strong><em>De</em></strong></span> <span class='ocrx_word' id='word_1_126' title='bbox 2908 587 3273 657; x_wconf 82' lang='lat' dir='ltr'><strong><em>Therapeutis,</em></strong></span> <span class='ocrx_word' id='word_1_127' title='bbox 3320 592 3533 658; x_wconf 86' lang='lat' dir='ltr'><strong><em>septem</em></strong></span> <span class='ocrx_word' id='word_1_128' title='bbox 3575 590 3762 640; x_wconf 84' lang='lat' dir='ltr'><strong><em>octove</em></strong></span> 
     </span>
    </p>
   </div>
   <div class='ocr_carea' id='block_1_18' title="bbox 2181 674 3762 759">
    <p class='ocr_par' dir='ltr' id='par_1_18' title="bbox 2181 674 3762 759">
     <span class='ocr_line' id='line_1_18' title="bbox 2181 674 3762 759; baseline -0.006 -17"><span class='ocrx_word' id='word_1_129' title='bbox 2181 688 2525 759; x_wconf 73' lang='lat' dir='ltr'><strong><em>paginarum.</em></strong></span> <span class='ocrx_word' id='word_1_130' title='bbox 2572 681 2891 757; x_wconf 80' lang='lat' dir='ltr'><strong><em>(Montfauc.</em></strong></span> <span class='ocrx_word' id='word_1_131' title='bbox 2928 679 3070 734; x_wconf 89' lang='lat' dir='ltr'><strong><em>Bibl.</em></strong></span> <span class='ocrx_word' id='word_1_132' title='bbox 3103 676 3271 735; x_wconf 87' lang='lat' dir='ltr'><strong><em>Coist.</em></strong></span> <span class='ocrx_word' id='word_1_133' title='bbox 3294 718 3311 745; x_wconf 93' lang='lat'><strong><em>,</em></strong></span> <span class='ocrx_word' id='word_1_134' title='bbox 3342 693 3399 749; x_wconf 90' lang='lat' dir='ltr'><strong><em>p.</em></strong></span> <span class='ocrx_word' id='word_1_135' title='bbox 3429 674 3587 747; x_wconf 74' lang='grc'><strong><em>421).</em></strong></span> <span class='ocrx_word' id='word_1_136' title='bbox 3618 674 3762 732; x_wconf 84' lang='grc' dir='ltr'>-Ιιι</span> 
     </span>
    </p>
   </div>
   <div class='ocr_carea' id='block_1_19' title="bbox 2190 767 3762 843">
    <p class='ocr_par' dir='ltr' id='par_1_19' title="bbox 2190 767 3762 843">
     <span class='ocr_line' id='line_1_19' title="bbox 2190 767 3762 843; baseline -0.008 -8"><span class='ocrx_word' id='word_1_137' title='bbox 2190 781 2262 835; x_wconf 81' lang='lat' dir='ltr'><strong><em>M.</em></strong></span> <span class='ocrx_word' id='word_1_138' title='bbox 2300 776 2603 843; x_wconf 85' lang='lat' dir='ltr'><strong><em>Britannia,</em></strong></span> <span class='ocrx_word' id='word_1_139' title='bbox 2637 773 2939 832; x_wconf 88' lang='lat' dir='ltr'><strong><em>secundum</em></strong></span> <span class='ocrx_word' id='word_1_140' title='bbox 2963 771 3141 827; x_wconf 89' lang='lat' dir='ltr'><strong><em>Catal.</em></strong></span> <span class='ocrx_word' id='word_1_141' title='bbox 3172 770 3361 836; x_wconf 87' lang='lat' dir='ltr'><strong><em>codd.,</em></strong></span> <span class='ocrx_word' id='word_1_142' title='bbox 3392 770 3447 826; x_wconf 91' lang='lat' dir='ltr'><strong><em>iu</em></strong></span> <span class='ocrx_word' id='word_1_143' title='bbox 3477 768 3608 825; x_wconf 92' lang='lat' dir='ltr'><strong><em>cod.</em></strong></span> <span class='ocrx_word' id='word_1_144' title='bbox 3636 767 3762 830; x_wconf 86' lang='lat' dir='ltr'><strong><em>Bar-</em></strong></span> 
     </span>
    </p>
   </div>
   <div class='ocr_carea' id='block_1_20' title="bbox 2185 862 3762 941">
    <p class='ocr_par' dir='ltr' id='par_1_20' title="bbox 2185 862 3762 941">
     <span class='ocr_line' id='line_1_20' title="bbox 2185 862 3762 941; baseline -0.01 -12"><span class='ocrx_word' id='word_1_145' title='bbox 2185 889 2303 931; x_wconf 88' lang='lat' dir='ltr'><strong><em>roc.</em></strong></span> <span class='ocrx_word' id='word_1_146' title='bbox 2331 889 2388 929; x_wconf 88' lang='grc' dir='ltr'>ιι.</span> <span class='ocrx_word' id='word_1_147' title='bbox 2418 870 2596 936; x_wconf 87' lang='lat' dir='ltr'><strong><em>CIIIC,</em></strong></span> <span class='ocrx_word' id='word_1_148' title='bbox 2637 868 2835 941; x_wconf 88' lang='lat' dir='ltr'><strong><em>fragm.</em></strong></span> <span class='ocrx_word' id='word_1_149' title='bbox 2868 883 2934 923; x_wconf 89' lang='lat' dir='ltr'><strong><em>ex</em></strong></span> <span class='ocrx_word' id='word_1_150' title='bbox 2969 864 3045 921; x_wconf 84' lang='grc' dir='ltr'><strong>Η.</strong></span> <span class='ocrx_word' id='word_1_151' title='bbox 3101 863 3169 920; x_wconf 89' lang='lat' dir='ltr'><strong><em>E.</em></strong></span> <span class='ocrx_word' id='word_1_152' title='bbox 3208 870 3262 927; x_wconf 83' lang='lat' dir='ltr'><strong><em>et</em></strong></span> <span class='ocrx_word' id='word_1_153' title='bbox 3288 862 3510 927; x_wconf 78' lang='lat' dir='ltr'><strong><em>Eusebii</em></strong></span> <span class='ocrx_word' id='word_1_154' title='bbox 3542 869 3762 917; x_wconf 87' lang='lat' dir='ltr'><strong><em>senten-</em></strong></span> 
     </span>
    </p>
   </div>
   <div class='ocr_carea' id='block_1_21' title="bbox 2183 952 3762 1032">
    <p class='ocr_par' dir='ltr' id='par_1_21' title="bbox 2183 952 3762 1032">
     <span class='ocr_line' id='line_1_21' title="bbox 2183 952 3762 1032; baseline -0.01 -9"><span class='ocrx_word' id='word_1_155' title='bbox 2183 969 2294 1032; x_wconf 69' lang='lat' dir='ltr'><strong><em>tiae,</em></strong></span> <span class='ocrx_word' id='word_1_156' title='bbox 2311 965 2453 1020; x_wconf 90' lang='lat' dir='ltr'><strong><em>inter</em></strong></span> <span class='ocrx_word' id='word_1_157' title='bbox 2467 960 2592 1018; x_wconf 88' lang='lat' dir='ltr'><strong><em>cod.</em></strong></span> <span class='ocrx_word' id='word_1_158' title='bbox 2608 959 2739 1016; x_wconf 89' lang='lat' dir='ltr'><strong><em>bibl.</em></strong></span> <span class='ocrx_word' id='word_1_159' title='bbox 2756 957 3040 1015; x_wconf 84' lang='lat' dir='ltr'><strong><em>Bodleian.</em></strong></span> <span class='ocrx_word' id='word_1_160' title='bbox 3056 954 3353 1011; x_wconf 82' lang='lat' dir='ltr'><strong><em>DCCLXIII</em></strong></span> <span class='ocrx_word' id='word_1_161' title='bbox 3365 965 3420 1011; x_wconf 90' lang='lat' dir='ltr'><strong><em>et</em></strong></span> <span class='ocrx_word' id='word_1_162' title='bbox 3433 952 3762 1019; x_wconf 72' lang='lat' dir='ltr'><strong><em>MCCCXIX,</em></strong></span> 
     </span>
    </p>
   </div>
   <div class='ocr_carea' id='block_1_22' title="bbox 2185 1045 3762 1114">
    <p class='ocr_par' dir='ltr' id='par_1_22' title="bbox 2185 1045 3762 1114">
     <span class='ocr_line' id='line_1_22' title="bbox 2185 1045 3762 1114; baseline -0.009 0"><span class='ocrx_word' id='word_1_163' title='bbox 2185 1060 2325 1114; x_wconf 90' lang='lat' dir='ltr'><strong><em>inter</em></strong></span> <span class='ocrx_word' id='word_1_164' title='bbox 2366 1054 2529 1113; x_wconf 88' lang='lat' dir='ltr'><strong><em>codd.</em></strong></span> <span class='ocrx_word' id='word_1_165' title='bbox 2588 1050 2784 1108; x_wconf 88' lang='lat' dir='ltr'><strong><em>Laudi.</em></strong></span> <span class='ocrx_word' id='word_1_166' title='bbox 2842 1049 2913 1106; x_wconf 88' lang='lat' dir='ltr'><strong><em>H.</em></strong></span> <span class='ocrx_word' id='word_1_167' title='bbox 2948 1048 3013 1104; x_wconf 88' lang='lat' dir='ltr'><strong><em>E.</em></strong></span> <span class='ocrx_word' id='word_1_168' title='bbox 3061 1064 3128 1105; x_wconf 90' lang='lat' dir='ltr'><strong><em>ex</em></strong></span> <span class='ocrx_word' id='word_1_169' title='bbox 3176 1049 3425 1105; x_wconf 85' lang='lat' dir='ltr'><strong><em>versione</em></strong></span> <span class='ocrx_word' id='word_1_170' title='bbox 3458 1045 3673 1102; x_wconf 81' lang='lat' dir='ltr'><strong><em>Ruﬁni.</em></strong></span> <span class='ocrx_word' id='word_1_171' title='bbox 3699 1075 3762 1088; x_wconf 79' lang='lat'><strong>-</strong></span> 
     </span>
    </p>
   </div>
   <div class='ocr_carea' id='block_1_23' title="bbox 2185 1139 3762 1215">
    <p class='ocr_par' dir='ltr' id='par_1_23' title="bbox 2185 1139 3762 1215">
     <span class='ocr_line' id='line_1_23' title="bbox 2185 1139 3762 1215; baseline -0.006 -10"><span class='ocrx_word' id='word_1_172' title='bbox 2185 1151 2252 1206; x_wconf 69' lang='grc' dir='ltr'><strong>Ν.</strong></span> <span class='ocrx_word' id='word_1_173' title='bbox 2296 1144 2774 1215; x_wconf 76' lang='lat' dir='ltr'><strong><em>MMCCLXXVIII,</em></strong></span> <span class='ocrx_word' id='word_1_174' title='bbox 2810 1143 2884 1200; x_wconf 88' lang='lat' dir='ltr'><strong><em>H.</em></strong></span> <span class='ocrx_word' id='word_1_175' title='bbox 2937 1141 3007 1215; x_wconf 85' lang='lat' dir='ltr'><strong><em>E.</em></strong></span> <span class='ocrx_word' id='word_1_176' title='bbox 3062 1141 3157 1199; x_wconf 87' lang='lat' dir='ltr'><strong><em>Gr.</em></strong></span> <span class='ocrx_word' id='word_1_177' title='bbox 3208 1172 3279 1183; x_wconf 96' lang='lat'><strong>—</strong></span> <span class='ocrx_word' id='word_1_178' title='bbox 3326 1141 3390 1201; x_wconf 89' lang='lat' dir='ltr'><strong><em>N.</em></strong></span> <span class='ocrx_word' id='word_1_179' title='bbox 3425 1139 3762 1207; x_wconf 80' lang='lat' dir='ltr'><strong><em>MMCDVIII,</em></strong></span> 
     </span>
    </p>
   </div>
   <div class='ocr_carea' id='block_1_24' title="bbox 2185 1232 3762 1318">
    <p class='ocr_par' dir='ltr' id='par_1_24' title="bbox 2185 1232 3762 1318">
     <span class='ocr_line' id='line_1_24' title="bbox 2185 1232 3762 1318; baseline -0.008 -18"><span class='ocrx_word' id='word_1_180' title='bbox 2185 1242 2438 1318; x_wconf 87' lang='lat' dir='ltr'><strong><em>synopsis</em></strong></span> <span class='ocrx_word' id='word_1_181' title='bbox 2476 1241 2547 1296; x_wconf 89' lang='lat' dir='ltr'><strong><em>H.</em></strong></span> <span class='ocrx_word' id='word_1_182' title='bbox 2581 1239 2646 1295; x_wconf 90' lang='lat' dir='ltr'><strong><em>E.</em></strong></span> <span class='ocrx_word' id='word_1_183' title='bbox 2667 1270 2734 1280; x_wconf 91' lang='lat'><strong><em>-—</em></strong></span> <span class='ocrx_word' id='word_1_184' title='bbox 2754 1238 2819 1294; x_wconf 84' lang='lat' dir='ltr'><strong><em>N.</em></strong></span> <span class='ocrx_word' id='word_1_185' title='bbox 2842 1234 3371 1301; x_wconf 74' lang='lat' dir='ltr'><strong>MMMMMMCDXV,</strong></span> <span class='ocrx_word' id='word_1_186' title='bbox 3403 1236 3530 1291; x_wconf 88' lang='lat' dir='ltr'><strong><em>libri</em></strong></span> <span class='ocrx_word' id='word_1_187' title='bbox 3549 1249 3612 1290; x_wconf 79' lang='grc' dir='ltr'><strong><em>ιι</em></strong></span> <span class='ocrx_word' id='word_1_188' title='bbox 3634 1232 3762 1306; x_wconf 86' lang='lat' dir='ltr'><strong><em>(sic).</em></strong></span> 
     </span>
    </p>
   </div>
   <div class='ocr_carea' id='block_1_25' title="bbox 2189 1327 3762 1394">
    <p class='ocr_par' dir='ltr' id='par_1_25' title="bbox 2189 1327 3762 1394">
     <span class='ocr_line' id='line_1_25' title="bbox 2189 1327 3762 1394; baseline -0.007 -3"><span class='ocrx_word' id='word_1_189' title='bbox 2189 1337 2261 1392; x_wconf 81' lang='grc' dir='ltr'><strong>Η.</strong></span> <span class='ocrx_word' id='word_1_190' title='bbox 2295 1335 2362 1392; x_wconf 86' lang='grc' dir='ltr'><strong>Ε.</strong></span> <span class='ocrx_word' id='word_1_191' title='bbox 2414 1335 2509 1393; x_wconf 88' lang='lat' dir='ltr'><strong><em>sed</em></strong></span> <span class='ocrx_word' id='word_1_192' title='bbox 2544 1333 2758 1394; x_wconf 83' lang='lat' dir='ltr'><strong><em>Latine,</em></strong></span> <span class='ocrx_word' id='word_1_193' title='bbox 2795 1330 2980 1387; x_wconf 87' lang='lat' dir='ltr'><strong><em>credo.</em></strong></span> <span class='ocrx_word' id='word_1_194' title='bbox 3012 1329 3279 1386; x_wconf 85' lang='lat' dir='ltr'><strong><em>—Oxon.</em></strong></span> <span class='ocrx_word' id='word_1_195' title='bbox 3330 1328 3385 1383; x_wconf 94' lang='lat' dir='ltr'><strong><em>in</em></strong></span> <span class='ocrx_word' id='word_1_196' title='bbox 3436 1329 3577 1383; x_wconf 85' lang='lat' dir='ltr'><strong><em>bibl.</em></strong></span> <span class='ocrx_word' id='word_1_197' title='bbox 3646 1327 3762 1384; x_wconf 89' lang='lat' dir='ltr'><strong><em>coll.</em></strong></span> 
     </span>
    </p>
   </div>
   <div class='ocr_carea' id='block_1_26' title="bbox 2184 1422 3762 1495">
    <p class='ocr_par' dir='ltr' id='par_1_26' title="bbox 2184 1422 3762 1495">
     <span class='ocr_line' id='line_1_26' title="bbox 2184 1422 3762 1495; baseline -0.004 -9"><span class='ocrx_word' id='word_1_198' title='bbox 2184 1430 2508 1495; x_wconf 85' lang='lat' dir='ltr'><strong><em>Baliolens.,</em></strong></span> <span class='ocrx_word' id='word_1_199' title='bbox 2540 1428 2607 1485; x_wconf 85' lang='lat' dir='ltr'><strong><em>N.</em></strong></span> <span class='ocrx_word' id='word_1_200' title='bbox 2636 1426 2836 1493; x_wconf 82' lang='lat' dir='ltr'><strong><em>CCVC,</em></strong></span> <span class='ocrx_word' id='word_1_201' title='bbox 2862 1426 2982 1482; x_wconf 86' lang='lat' dir='ltr'><strong><em>Lat.</em></strong></span> <span class='ocrx_word' id='word_1_202' title='bbox 3008 1456 3081 1467; x_wconf 94' lang='lat'>—</span> <span class='ocrx_word' id='word_1_203' title='bbox 3103 1425 3163 1481; x_wconf 86' lang='lat' dir='ltr'><strong><em>In</em></strong></span> <span class='ocrx_word' id='word_1_204' title='bbox 3198 1425 3334 1481; x_wconf 86' lang='lat' dir='ltr'><strong><em>bibl.</em></strong></span> <span class='ocrx_word' id='word_1_205' title='bbox 3365 1424 3494 1480; x_wconf 90' lang='lat' dir='ltr'><strong><em>coll.</em></strong></span> <span class='ocrx_word' id='word_1_206' title='bbox 3556 1422 3762 1480; x_wconf 69' lang='grc' dir='ltr'><strong><em>Μετιοη</em></strong></span> 
     </span>
    </p>
   </div>
   <div class='ocr_carea' id='block_1_27' title="bbox 2184 1517 3762 1589">
    <p class='ocr_par' dir='ltr' id='par_1_27' title="bbox 2184 1517 3762 1589">
     <span class='ocr_line' id='line_1_27' title="bbox 2184 1517 3762 1589; baseline -0.003 -12"><span class='ocrx_word' id='word_1_207' title='bbox 2184 1521 2509 1589; x_wconf 77' lang='lat' dir='ltr'><strong><em>N.DXCIV,</em></strong></span> <span class='ocrx_word' id='word_1_208' title='bbox 2560 1521 2633 1576; x_wconf 92' lang='lat' dir='ltr'><strong><em>H.</em></strong></span> <span class='ocrx_word' id='word_1_209' title='bbox 2694 1519 2760 1576; x_wconf 88' lang='lat' dir='ltr'><strong><em>E.</em></strong></span> <span class='ocrx_word' id='word_1_210' title='bbox 2798 1521 2895 1575; x_wconf 88' lang='lat' dir='ltr'><strong><em>lib.</em></strong></span> <span class='ocrx_word' id='word_1_211' title='bbox 2944 1534 3023 1584; x_wconf 73' lang='grc' dir='ltr'>ιιι,</span> <span class='ocrx_word' id='word_1_212' title='bbox 3077 1517 3198 1572; x_wconf 89' lang='lat' dir='ltr'><strong><em>Lat.</em></strong></span> <span class='ocrx_word' id='word_1_213' title='bbox 3231 1519 3378 1575; x_wconf 90' lang='lat' dir='ltr'><strong><em>—In</em></strong></span> <span class='ocrx_word' id='word_1_214' title='bbox 3440 1517 3581 1572; x_wconf 89' lang='lat' dir='ltr'><strong><em>bibl.</em></strong></span> <span class='ocrx_word' id='word_1_215' title='bbox 3644 1517 3762 1574; x_wconf 90' lang='lat' dir='ltr'><strong><em>coll.</em></strong></span> 
     </span>
    </p>
   </div>
   <div class='ocr_carea' id='block_1_28' title="bbox 2185 1606 3762 1673">
    <p class='ocr_par' dir='ltr' id='par_1_28' title="bbox 2185 1606 3762 1673">
     <span class='ocr_line' id='line_1_28' title="bbox 2185 1606 3762 1673; baseline -0.005 -2"><span class='ocrx_word' id='word_1_216' title='bbox 2185 1615 2454 1673; x_wconf 88' lang='lat' dir='ltr'><strong><em>Orielens.</em></strong></span> <span class='ocrx_word' id='word_1_217' title='bbox 2491 1613 2565 1671; x_wconf 87' lang='lat' dir='ltr'><strong><em>H.</em></strong></span> <span class='ocrx_word' id='word_1_218' title='bbox 2609 1612 2676 1668; x_wconf 88' lang='lat' dir='ltr'><strong><em>E.</em></strong></span> <span class='ocrx_word' id='word_1_219' title='bbox 2737 1611 2860 1668; x_wconf 86' lang='lat' dir='ltr'><strong><em>Lat.</em></strong></span> <span class='ocrx_word' id='word_1_220' title='bbox 2916 1626 3042 1667; x_wconf 91' lang='lat' dir='ltr'><strong><em>cum</em></strong></span> <span class='ocrx_word' id='word_1_221' title='bbox 3075 1609 3462 1665; x_wconf 87' lang='lat' dir='ltr'><strong><em>additamentis</em></strong></span> <span class='ocrx_word' id='word_1_222' title='bbox 3501 1606 3691 1663; x_wconf 79' lang='lat' dir='ltr'><strong><em>Ruﬁni</em></strong></span> <span class='ocrx_word' id='word_1_223' title='bbox 3720 1616 3762 1663; x_wconf 88' lang='lat' dir='ltr'><strong><em>et</em></strong></span> 
     </span>
    </p>
   </div>
   <div class='ocr_carea' id='block_1_29' title="bbox 2186 1699 3762 1775">
    <p class='ocr_par' dir='ltr' id='par_1_29' title="bbox 2186 1699 3762 1775">
     <span class='ocr_line' id='line_1_29' title="bbox 2186 1699 3762 1775; baseline -0.005 -12"><span class='ocrx_word' id='word_1_224' title='bbox 2186 1724 2309 1763; x_wconf 89' lang='lat' dir='ltr'><strong><em>cum</em></strong></span> <span class='ocrx_word' id='word_1_225' title='bbox 2356 1707 2720 1762; x_wconf 82' lang='lat' dir='ltr'><strong><em>translatione</em></strong></span> <span class='ocrx_word' id='word_1_226' title='bbox 2778 1703 3046 1775; x_wconf 86' lang='lat' dir='ltr'><strong><em>ejusdem.</em></strong></span> <span class='ocrx_word' id='word_1_227' title='bbox 3070 1704 3215 1759; x_wconf 81' lang='grc' dir='ltr'>-ιιι</span> <span class='ocrx_word' id='word_1_228' title='bbox 3248 1701 3380 1757; x_wconf 89' lang='lat' dir='ltr'><strong><em>bibl.</em></strong></span> <span class='ocrx_word' id='word_1_229' title='bbox 3413 1701 3542 1756; x_wconf 89' lang='lat' dir='ltr'><strong><em>coll.</em></strong></span> <span class='ocrx_word' id='word_1_230' title='bbox 3591 1699 3762 1755; x_wconf 61' lang='lat' dir='ltr'><strong><em>Maria:</em></strong></span> 
     </span>
    </p>
   </div>
   <div class='ocr_carea' id='block_1_30' title="bbox 2188 1788 3762 1870">
    <p class='ocr_par' dir='ltr' id='par_1_30' title="bbox 2188 1788 3762 1870">
     <span class='ocr_line' id='line_1_30' title="bbox 2188 1788 3762 1870; baseline -0.007 -17"><span class='ocrx_word' id='word_1_231' title='bbox 2188 1798 2367 1870; x_wconf 82' lang='lat' dir='ltr'><strong><em>Magd.</em></strong></span> <span class='ocrx_word' id='word_1_232' title='bbox 2406 1795 2731 1861; x_wconf 80' lang='lat' dir='ltr'><strong><em>MMCCCLI,</em></strong></span> <span class='ocrx_word' id='word_1_233' title='bbox 2761 1796 2878 1852; x_wconf 81' lang='lat' dir='ltr'><strong><em>[.at.</em></strong></span> <span class='ocrx_word' id='word_1_234' title='bbox 2909 1826 2977 1836; x_wconf 89' lang='lat'><strong>—-</strong></span> <span class='ocrx_word' id='word_1_235' title='bbox 3007 1793 3268 1850; x_wconf 83' lang='lat' dir='ltr'><strong><em>Cantabr.</em></strong></span> <span class='ocrx_word' id='word_1_236' title='bbox 3288 1790 3353 1847; x_wconf 89' lang='lat' dir='ltr'><strong><em>N.</em></strong></span> <span class='ocrx_word' id='word_1_237' title='bbox 3385 1788 3762 1854; x_wconf 73' lang='lat' dir='ltr'><strong><em>MCCLXX‘IX,</em></strong></span> 
     </span>
    </p>
   </div>
   <div class='ocr_carea' id='block_1_31' title="bbox 507 1874 2087 1971">
    <p class='ocr_par' dir='ltr' id='par_1_31' title="bbox 507 1903 2082 1971">
     <span class='ocr_line' id='line_1_31' title="bbox 507 1903 2082 1971; baseline 0.001 -15"><span class='ocrx_word' id='word_1_238' title='bbox 507 1904 832 1971; x_wconf 87' lang='lat' dir='ltr'><strong><em>emendavit,</em></strong></span> <span class='ocrx_word' id='word_1_239' title='bbox 862 1903 986 1959; x_wconf 90' lang='lat' dir='ltr'><strong><em>Lat.</em></strong></span> <span class='ocrx_word' id='word_1_240' title='bbox 1017 1906 1168 1961; x_wconf 86' lang='lat' dir='ltr'><strong><em>vertit</em></strong></span> <span class='ocrx_word' id='word_1_241' title='bbox 1199 1916 1248 1960; x_wconf 91' lang='lat' dir='ltr'><strong><em>et</em></strong></span> <span class='ocrx_word' id='word_1_242' title='bbox 1284 1906 1549 1961; x_wconf 89' lang='lat' dir='ltr'><strong><em>adnotatt.</em></strong></span> <span class='ocrx_word' id='word_1_243' title='bbox 1582 1904 1893 1961; x_wconf 87' lang='lat' dir='ltr'><strong><em>illustravit.</em></strong></span> <span class='ocrx_word' id='word_1_244' title='bbox 1928 1905 2082 1959; x_wconf 82' lang='lat' dir='ltr'><strong><em>Hanc</em></strong></span> 
     </span>
    </p>
   </div>
   <div class='ocr_carea' id='block_1_32' title="bbox 2190 1874 3762 1971">
    <p class='ocr_par' dir='ltr' id='par_1_32' title="bbox 2190 1882 3762 1947">
     <span class='ocr_line' id='line_1_32' title="bbox 2190 1882 3762 1947; baseline -0.004 -3"><span class='ocrx_word' id='word_1_245' title='bbox 2190 1889 2262 1947; x_wconf 86' lang='lat' dir='ltr'><strong><em>H.</em></strong></span> <span class='ocrx_word' id='word_1_246' title='bbox 2302 1889 2367 1945; x_wconf 89' lang='lat' dir='ltr'><strong><em>E.</em></strong></span> <span class='ocrx_word' id='word_1_247' title='bbox 2405 1889 2497 1944; x_wconf 87' lang='lat' dir='ltr'><strong><em>Pr.</em></strong></span> <span class='ocrx_word' id='word_1_248' title='bbox 2538 1888 2838 1943; x_wconf 90' lang='lat' dir='ltr'><strong><em>Peritorum</em></strong></span> <span class='ocrx_word' id='word_1_249' title='bbox 2872 1887 3077 1940; x_wconf 87' lang='lat' dir='ltr'><strong><em>dicunt.</em></strong></span> <span class='ocrx_word' id='word_1_250' title='bbox 3127 1886 3275 1942; x_wconf 80' lang='grc' dir='ltr'>-ιιι</span> <span class='ocrx_word' id='word_1_251' title='bbox 3316 1885 3446 1940; x_wconf 91' lang='lat' dir='ltr'><strong><em>coll.</em></strong></span> <span class='ocrx_word' id='word_1_252' title='bbox 3496 1882 3560 1941; x_wconf 89' lang='lat' dir='ltr'><strong><em>S.</em></strong></span> <span class='ocrx_word' id='word_1_253' title='bbox 3596 1883 3762 1938; x_wconf 81' lang='lat' dir='ltr'><strong><em>Bene-</em></strong></span> 
     </span>
    </p>
   </div>
   <div class='ocr_carea' id='block_1_33' title="bbox 507 1994 2080 2069">
    <p class='ocr_par' dir='ltr' id='par_1_33' title="bbox 507 1994 2080 2069">
     <span class='ocr_line' id='line_1_33' title="bbox 507 1994 2080 2069; baseline 0.003 -20"><span class='ocrx_word' id='word_1_254' title='bbox 507 1994 633 2052; x_wconf 84' lang='lat' dir='ltr'><strong><em>edit.</em></strong></span> <span class='ocrx_word' id='word_1_255' title='bbox 669 1999 867 2053; x_wconf 85' lang='lat' dir='ltr'><strong><em>criticis</em></strong></span> <span class='ocrx_word' id='word_1_256' title='bbox 898 1998 1135 2069; x_wconf 83' lang='lat' dir='ltr'><strong><em>plurium</em></strong></span> <span class='ocrx_word' id='word_1_257' title='bbox 1169 1998 1499 2054; x_wconf 85' lang='lat' dir='ltr'><strong><em>eruditorum</em></strong></span> <span class='ocrx_word' id='word_1_258' title='bbox 1532 1998 1612 2069; x_wconf 90' lang='grc' dir='ltr'>(ιι.</span> <span class='ocrx_word' id='word_1_259' title='bbox 1651 1996 1816 2053; x_wconf 85' lang='lat' dir='ltr'><strong><em>Wilh.</em></strong></span> <span class='ocrx_word' id='word_1_260' title='bbox 1848 1997 2080 2053; x_wconf 88' lang='lat' dir='ltr'><strong><em>Lowtbii</em></strong></span> 
     </span>
    </p>
   </div>
   <div class='ocr_carea' id='block_1_34' title="bbox 507 2088 2079 2162">
    <p class='ocr_par' dir='ltr' id='par_1_34' title="bbox 507 2088 2079 2162">
     <span class='ocr_line' id='line_1_34' title="bbox 507 2088 2079 2162; baseline 0.003 -19"><span class='ocrx_word' id='word_1_261' title='bbox 507 2089 805 2146; x_wconf 84' lang='lat' dir='ltr'><strong><em>emendatt.</em></strong></span> <span class='ocrx_word' id='word_1_262' title='bbox 836 2089 1093 2162; x_wconf 89' lang='lat' dir='ltr'><strong><em>notisque</em></strong></span> <span class='ocrx_word' id='word_1_263' title='bbox 1117 2090 1247 2147; x_wconf 86' lang='lat' dir='ltr'><strong><em>bist.</em></strong></span> <span class='ocrx_word' id='word_1_264' title='bbox 1275 2098 1330 2145; x_wconf 89' lang='lat' dir='ltr'><strong><em>et</em></strong></span> <span class='ocrx_word' id='word_1_265' title='bbox 1358 2088 1421 2145; x_wconf 72' lang='grc' dir='ltr'><strong><em>γ.</em></strong></span> <span class='ocrx_word' id='word_1_266' title='bbox 1455 2089 1518 2145; x_wconf 91' lang='lat' dir='ltr'><strong><em>L.</em></strong></span> <span class='ocrx_word' id='word_1_267' title='bbox 1555 2106 1586 2146; x_wconf 90' lang='lat' dir='ltr'><strong><em>a</em></strong></span> <span class='ocrx_word' id='word_1_268' title='bbox 1609 2088 1813 2144; x_wconf 86' lang='lat' dir='ltr'><strong><em>Merico</em></strong></span> <span class='ocrx_word' id='word_1_269' title='bbox 1841 2088 2079 2147; x_wconf 79' lang='lat' dir='ltr'><strong><em>Casaub.</em></strong></span> 
     </span>
    </p>
   </div>
   <div class='ocr_carea' id='block_1_35' title="bbox 508 2179 2083 2255">
    <p class='ocr_par' dir='ltr' id='par_1_35' title="bbox 508 2179 2083 2255">
     <span class='ocr_line' id='line_1_35' title="bbox 508 2179 2083 2255; baseline 0.003 -24"><span class='ocrx_word' id='word_1_270' title='bbox 508 2179 743 2250; x_wconf 81' lang='lat' dir='ltr'><strong><em>margini</em></strong></span> <span class='ocrx_word' id='word_1_271' title='bbox 790 2183 1024 2253; x_wconf 82' lang='lat' dir='ltr'><strong><em>exempl.</em></strong></span> <span class='ocrx_word' id='word_1_272' title='bbox 1091 2180 1277 2253; x_wconf 84' lang='lat' dir='ltr'><strong><em>Steph.</em></strong></span> <span class='ocrx_word' id='word_1_273' title='bbox 1337 2180 2083 2255; x_wconf 84' lang='lat' dir='ltr'><strong><em>ascriptis)observationibus</em></strong></span> 
     </span>
    </p>
   </div>
   <div class='ocr_carea' id='block_1_36' title="bbox 510 2269 2082 2346">
    <p class='ocr_par' dir='ltr' id='par_1_36' title="bbox 510 2269 2082 2346">
     <span class='ocr_line' id='line_1_36' title="bbox 510 2269 2082 2346; baseline 0.005 -22"><span class='ocrx_word' id='word_1_274' title='bbox 510 2269 842 2341; x_wconf 85' lang='lat' dir='ltr'><strong><em>locupletavit</em></strong></span> <span class='ocrx_word' id='word_1_275' title='bbox 874 2273 936 2330; x_wconf 87' lang='lat' dir='ltr'><strong><em>G.</em></strong></span> <span class='ocrx_word' id='word_1_276' title='bbox 982 2273 1237 2346; x_wconf 85' lang='lat' dir='ltr'><strong><em>Reading,</em></strong></span> <span class='ocrx_word' id='word_1_277' title='bbox 1264 2276 1396 2331; x_wconf 85' lang='lat' dir='ltr'><strong><em>cieri</em></strong></span> <span class='ocrx_word' id='word_1_278' title='bbox 1421 2273 1756 2331; x_wconf 90' lang='lat' dir='ltr'><strong><em>Londinens.</em></strong></span> <span class='ocrx_word' id='word_1_279' title='bbox 1788 2275 2082 2332; x_wconf 84' lang='lat' dir='ltr'><strong><em>bibliothe-</em></strong></span> 
     </span>
    </p>
   </div>
   <div class='ocr_carea' id='block_1_37' title="bbox 508 2362 2083 2437">
    <p class='ocr_par' dir='ltr' id='par_1_37' title="bbox 508 2362 2083 2437">
     <span class='ocr_line' id='line_1_37' title="bbox 508 2362 2083 2437; baseline 0.004 -22"><span class='ocrx_word' id='word_1_280' title='bbox 508 2374 647 2426; x_wconf 90' lang='lat' dir='ltr'><strong><em>car.,</em></strong></span> <span class='ocrx_word' id='word_1_281' title='bbox 672 2362 933 2420; x_wconf 79' lang='lat' dir='ltr'><strong><em>Cantabr.</em></strong></span> <span class='ocrx_word' id='word_1_282' title='bbox 978 2364 1136 2421; x_wconf 67' lang='lat'><strong>£720.</strong></span> <span class='ocrx_word' id='word_1_283' title='bbox 1170 2364 1413 2437; x_wconf 80' lang='lat' dir='ltr'><strong><em>Reading</em></strong></span> <span class='ocrx_word' id='word_1_284' title='bbox 1438 2380 1677 2437; x_wconf 91' lang='lat' dir='ltr'><strong><em>quoque,</em></strong></span> <span class='ocrx_word' id='word_1_285' title='bbox 1707 2366 1973 2437; x_wconf 87' lang='lat' dir='ltr'><strong><em>quidquid</em></strong></span> <span class='ocrx_word' id='word_1_286' title='bbox 2018 2383 2083 2423; x_wconf 81' lang='lat' dir='ltr'><strong><em>ex</em></strong></span> 
     </span>
    </p>
   </div>
   <div class='ocr_carea' id='block_1_38' title="bbox 508 2451 2083 2529">
    <p class='ocr_par' dir='ltr' id='par_1_38' title="bbox 508 2451 2083 2529">
     <span class='ocr_line' id='line_1_38' title="bbox 508 2451 2083 2529; baseline 0.006 -23"><span class='ocrx_word' id='word_1_287' title='bbox 508 2451 637 2524; x_wconf 81' lang='lat' dir='ltr'><strong><em>Pagi</em></strong></span> <span class='ocrx_word' id='word_1_288' title='bbox 670 2455 881 2522; x_wconf 88' lang='lat' dir='ltr'><strong><em>critica,</em></strong></span> <span class='ocrx_word' id='word_1_289' title='bbox 908 2455 1190 2514; x_wconf 84' lang='lat' dir='ltr'><strong><em>Pearsonii</em></strong></span> <span class='ocrx_word' id='word_1_290' title='bbox 1219 2457 1517 2513; x_wconf 87' lang='lat' dir='ltr'><strong><em>Annalibus</em></strong></span> <span class='ocrx_word' id='word_1_291' title='bbox 1538 2458 1890 2529; x_wconf 83' lang='lat' dir='ltr'><strong><em>Cyprianicis,</em></strong></span> <span class='ocrx_word' id='word_1_292' title='bbox 1922 2458 2083 2515; x_wconf 85' lang='lat' dir='ltr'><strong><em>Cavei</em></strong></span> 
     </span>
    </p>
   </div>
   <div class='ocr_carea' id='block_1_39' title="bbox 511 2544 2088 2621">
    <p class='ocr_par' dir='ltr' id='par_1_39' title="bbox 511 2544 2088 2621">
     <span class='ocr_line' id='line_1_39' title="bbox 511 2544 2088 2621; baseline 0.004 -22"><span class='ocrx_word' id='word_1_293' title='bbox 511 2544 657 2603; x_wconf 83' lang='lat' dir='ltr'><strong><em>Hist.</em></strong></span> <span class='ocrx_word' id='word_1_294' title='bbox 705 2547 836 2612; x_wconf 91' lang='lat' dir='ltr'><strong><em>litt.,</em></strong></span> <span class='ocrx_word' id='word_1_295' title='bbox 870 2547 1144 2606; x_wconf 88' lang='lat' dir='ltr'><strong><em>Dodwello</em></strong></span> <span class='ocrx_word' id='word_1_296' title='bbox 1177 2549 1408 2620; x_wconf 85' lang='lat' dir='ltr'><strong><em>aliisque</em></strong></span> <span class='ocrx_word' id='word_1_297' title='bbox 1437 2550 1545 2605; x_wconf 92' lang='lat' dir='ltr'><strong><em>huc</em></strong></span> <span class='ocrx_word' id='word_1_298' title='bbox 1598 2551 1928 2621; x_wconf 83' lang='lat' dir='ltr'><strong><em>pertineret,</em></strong></span> <span class='ocrx_word' id='word_1_299' title='bbox 1962 2551 2088 2605; x_wconf 85' lang='lat' dir='ltr'><strong><em>dili-</em></strong></span> 
     </span>
    </p>
   </div>
   <div class='ocr_carea' id='block_1_40' title="bbox 508 2639 2087 2713">
    <p class='ocr_par' dir='ltr' id='par_1_40' title="bbox 508 2639 2087 2713">
     <span class='ocr_line' id='line_1_40' title="bbox 508 2639 2087 2713; baseline 0.001 -21"><span class='ocrx_word' id='word_1_300' title='bbox 508 2644 702 2708; x_wconf 86' lang='lat' dir='ltr'><strong><em>genter</em></strong></span> <span class='ocrx_word' id='word_1_301' title='bbox 753 2639 1061 2711; x_wconf 75' lang='lat' dir='ltr'><strong><em>congessit,</em></strong></span> <span class='ocrx_word' id='word_1_302' title='bbox 1118 2648 1172 2695; x_wconf 90' lang='lat' dir='ltr'><strong><em>et</em></strong></span> <span class='ocrx_word' id='word_1_303' title='bbox 1225 2649 1386 2696; x_wconf 91' lang='lat' dir='ltr'><strong><em>notas</em></strong></span> <span class='ocrx_word' id='word_1_304' title='bbox 1416 2639 1621 2695; x_wconf 77' lang='lat' dir='ltr'><strong><em>Valesii</em></strong></span> <span class='ocrx_word' id='word_1_305' title='bbox 1650 2641 1992 2713; x_wconf 86' lang='lat' dir='ltr'><strong><em>aliorumque</em></strong></span> <span class='ocrx_word' id='word_1_306' title='bbox 2033 2648 2087 2696; x_wconf 86' lang='lat' dir='ltr'><strong><em>et</em></strong></span> 
     </span>
    </p>
   </div>
   <div class='ocr_carea' id='block_1_41' title="bbox 509 2732 2088 2805">
    <p class='ocr_par' dir='ltr' id='par_1_41' title="bbox 509 2732 2088 2805">
     <span class='ocr_line' id='line_1_41' title="bbox 509 2732 2088 2805; baseline 0.002 -19"><span class='ocrx_word' id='word_1_307' title='bbox 509 2745 640 2787; x_wconf 85' lang='lat' dir='ltr'><strong><em>suas</em></strong></span> <span class='ocrx_word' id='word_1_308' title='bbox 680 2732 848 2787; x_wconf 79' lang='lat' dir='ltr'><strong><em>textui</em></strong></span> <span class='ocrx_word' id='word_1_309' title='bbox 893 2732 1125 2804; x_wconf 87' lang='lat' dir='ltr'><strong><em>subjecit</em></strong></span> <span class='ocrx_word' id='word_1_310' title='bbox 1152 2733 1514 2791; x_wconf 88' lang='lat' dir='ltr'><strong><em>commodius.</em></strong></span> <span class='ocrx_word' id='word_1_311' title='bbox 1549 2732 1663 2789; x_wconf 92' lang='lat' dir='ltr'><strong><em>Sub</em></strong></span> <span class='ocrx_word' id='word_1_312' title='bbox 1696 2734 1858 2791; x_wconf 88' lang='lat' dir='ltr'><strong><em>ﬁnem</em></strong></span> <span class='ocrx_word' id='word_1_313' title='bbox 1901 2750 1955 2805; x_wconf 90' lang='lat' dir='ltr'><strong><em>p.</em></strong></span> <span class='ocrx_word' id='word_1_314' title='bbox 1987 2734 2088 2790; x_wconf 83' lang='lat'><strong>795</strong></span> 
     </span>
    </p>
   </div>
   <div class='ocr_carea' id='block_1_42' title="bbox 510 2822 2084 2898">
    <p class='ocr_par' dir='ltr' id='par_1_42' title="bbox 510 2822 2084 2898">
     <span class='ocr_line' id='line_1_42' title="bbox 510 2822 2084 2898; baseline 0.002 -20"><span class='ocrx_word' id='word_1_315' title='bbox 510 2837 595 2893; x_wconf 86' lang='lat' dir='ltr'><strong><em>sq.</em></strong></span> <span class='ocrx_word' id='word_1_316' title='bbox 620 2824 806 2893; x_wconf 90' lang='lat' dir='ltr'><strong><em>posuit</em></strong></span> <span class='ocrx_word' id='word_1_317' title='bbox 834 2822 901 2880; x_wconf 74' lang='grc' dir='ltr'><strong><em>ν.</em></strong></span> <span class='ocrx_word' id='word_1_318' title='bbox 932 2823 994 2879; x_wconf 92' lang='lat' dir='ltr'><strong><em>L.</em></strong></span> <span class='ocrx_word' id='word_1_319' title='bbox 1029 2825 1237 2881; x_wconf 89' lang='lat' dir='ltr'><strong><em>codicis</em></strong></span> <span class='ocrx_word' id='word_1_320' title='bbox 1263 2825 1557 2883; x_wconf 88' lang='lat' dir='ltr'><strong><em>Castellani</em></strong></span> <span class='ocrx_word' id='word_1_321' title='bbox 1584 2834 1640 2882; x_wconf 89' lang='lat' dir='ltr'><strong><em>et</em></strong></span> <span class='ocrx_word' id='word_1_322' title='bbox 1673 2842 1767 2882; x_wconf 86' lang='lat' dir='ltr'><strong><em>eas</em></strong></span> <span class='ocrx_word' id='word_1_323' title='bbox 1790 2841 1928 2898; x_wconf 91' lang='lat' dir='ltr'><strong><em>quas</em></strong></span> <span class='ocrx_word' id='word_1_324' title='bbox 1952 2825 2084 2883; x_wconf 83' lang='lat' dir='ltr'><strong><em>Mer.</em></strong></span> 
     </span>
    </p>
   </div>
   <div class='ocr_carea' id='block_1_43' title="bbox 508 2915 2086 2991">
    <p class='ocr_par' dir='ltr' id='par_1_43' title="bbox 508 2915 2086 2991">
     <span class='ocr_line' id='line_1_43' title="bbox 508 2915 2086 2991; baseline 0.003 -21"><span class='ocrx_word' id='word_1_325' title='bbox 508 2915 820 2973; x_wconf 85' lang='lat' dir='ltr'><strong><em>Casaubon.</em></strong></span> <span class='ocrx_word' id='word_1_326' title='bbox 851 2918 1086 2989; x_wconf 79' lang='lat' dir='ltr'><strong><em>exempl.</em></strong></span> <span class='ocrx_word' id='word_1_327' title='bbox 1122 2918 1311 2991; x_wconf 86' lang='lat' dir='ltr'><strong><em>Steph.</em></strong></span> <span class='ocrx_word' id='word_1_328' title='bbox 1341 2935 1503 2973; x_wconf 90' lang='lat' dir='ltr'><strong><em>manu</em></strong></span> <span class='ocrx_word' id='word_1_329' title='bbox 1538 2919 1889 2989; x_wconf 84' lang='lat' dir='ltr'><strong><em>ascripserat.</em></strong></span> <span class='ocrx_word' id='word_1_330' title='bbox 1925 2918 2086 2974; x_wconf 82' lang='lat' dir='ltr'><strong><em>Conf.</em></strong></span> 
     </span>
    </p>
   </div>
   <div class='ocr_carea' id='block_1_44' title="bbox 508 3008 2085 3083">
    <p class='ocr_par' dir='ltr' id='par_1_44' title="bbox 508 3008 2085 3083">
     <span class='ocr_line' id='line_1_44' title="bbox 508 3008 2085 3083; baseline 0.003 -20"><span class='ocrx_word' id='word_1_331' title='bbox 508 3008 707 3064; x_wconf 88' lang='lat' dir='ltr'><strong><em>Clerici</em></strong></span> <span class='ocrx_word' id='word_1_332' title='bbox 744 3008 886 3067; x_wconf 89' lang='lat' dir='ltr'><strong><em>Bibl.</em></strong></span> <span class='ocrx_word' id='word_1_333' title='bbox 920 3012 1169 3065; x_wconf 87' lang='lat' dir='ltr'><strong><em>ancienne</em></strong></span> <span class='ocrx_word' id='word_1_334' title='bbox 1197 3023 1245 3066; x_wconf 91' lang='lat' dir='ltr'><strong><em>et</em></strong></span> <span class='ocrx_word' id='word_1_335' title='bbox 1276 3011 1441 3075; x_wconf 87' lang='lat' dir='ltr'><strong><em>mod.,</em></strong></span> <span class='ocrx_word' id='word_1_336' title='bbox 1472 3022 1605 3066; x_wconf 88' lang='lat' dir='ltr'><strong><em>tom.</em></strong></span> <span class='ocrx_word' id='word_1_337' title='bbox 1630 3008 1774 3079; x_wconf 79' lang='lat' dir='ltr'><strong><em>XVI,</em></strong></span> <span class='ocrx_word' id='word_1_338' title='bbox 1794 3028 1849 3083; x_wconf 92' lang='lat' dir='ltr'><strong><em>p.</em></strong></span> <span class='ocrx_word' id='word_1_339' title='bbox 1873 3010 2085 3081; x_wconf 65' lang='lat'><strong>75456;</strong></span> 
     </span>
    </p>
   </div>
   <div class='ocr_carea' id='block_1_45' title="bbox 510 3100 2083 3177">
    <p class='ocr_par' dir='ltr' id='par_1_45' title="bbox 510 3100 2083 3177">
     <span class='ocr_line' id='line_1_45' title="bbox 510 3100 2083 3177; baseline 0.007 -23"><span class='ocrx_word' id='word_1_340' title='bbox 510 3101 666 3157; x_wconf 78' lang='lat' dir='ltr'><strong><em>Acta.</em></strong></span> <span class='ocrx_word' id='word_1_341' title='bbox 699 3100 917 3167; x_wconf 85' lang='lat' dir='ltr'><strong><em>erudit.,</em></strong></span> <span class='ocrx_word' id='word_1_342' title='bbox 954 3101 1103 3172; x_wconf 87' lang='lat' dir='ltr'><strong><em>Lips.</em></strong></span> <span class='ocrx_word' id='word_1_343' title='bbox 1140 3101 1297 3169; x_wconf 72' lang='lat' dir='ltr'><strong><em>I724,</em></strong></span> <span class='ocrx_word' id='word_1_344' title='bbox 1346 3120 1401 3175; x_wconf 90' lang='lat' dir='ltr'><strong><em>p.</em></strong></span> <span class='ocrx_word' id='word_1_345' title='bbox 1454 3104 1562 3172; x_wconf 89' lang='lat'><strong><em>97;</em></strong></span> <span class='ocrx_word' id='word_1_346' title='bbox 1613 3114 1666 3160; x_wconf 92' lang='lat' dir='ltr'><strong><em>et</em></strong></span> <span class='ocrx_word' id='word_1_347' title='bbox 1694 3104 2083 3177; x_wconf 82' lang='lat' dir='ltr'><strong><em>Baumgarten,</em></strong></span> 
     </span>
    </p>
   </div>
   <div class='ocr_carea' id='block_1_46' title="bbox 515 3190 2162 3274">
    <p class='ocr_par' dir='ltr' id='par_1_46' title="bbox 515 3190 2162 3274">
     <span class='ocr_line' id='line_1_46' title="bbox 515 3190 2162 3274; baseline 0.005 -29"><span class='ocrx_word' id='word_1_348' title='bbox 515 3190 829 3250; x_wconf 80' lang='lat' dir='ltr'><strong><em>Nachricht.</em></strong></span> <span class='ocrx_word' id='word_1_349' title='bbox 860 3211 958 3249; x_wconf 89' lang='lat' dir='ltr'><strong><em>von</em></strong></span> <span class='ocrx_word' id='word_1_350' title='bbox 992 3194 1401 3267; x_wconf 77' lang='lat' dir='ltr'><strong><em>merkwitrdigen</em></strong></span> <span class='ocrx_word' id='word_1_351' title='bbox 1432 3194 1729 3265; x_wconf 71' lang='lat' dir='ltr'><strong><em>Buchern.,</em></strong></span> <span class='ocrx_word' id='word_1_352' title='bbox 1771 3205 1906 3252; x_wconf 91' lang='lat' dir='ltr'><strong><em>tom.</em></strong></span> <span class='ocrx_word' id='word_1_353' title='bbox 1927 3195 1998 3265; x_wconf 78' lang='grc' dir='ltr'><strong>Χ,</strong></span> <span class='ocrx_word' id='word_1_354' title='bbox 2028 3213 2085 3268; x_wconf 89' lang='lat' dir='ltr'><strong><em>p.</em></strong></span> <span class='ocrx_word' id='word_1_355' title='bbox 2113 3210 2162 3274; x_wconf 75' lang='grc' dir='ltr'>ο</span> 
     </span>
    </p>
   </div>
   <div class='ocr_carea' id='block_1_47' title="bbox 512 3286 770 3342">
    <p class='ocr_par' dir='ltr' id='par_1_47' title="bbox 512 3286 770 3342">
     <span class='ocr_line' id='line_1_47' title="bbox 512 3286 770 3342; baseline 0 -1"><span class='ocrx_word' id='word_1_356' title='bbox 512 3286 770 3342; x_wconf 77' lang='grc'><strong><em>510-318.</em></strong></span> 
     </span>
    </p>
   </div>
   <div class='ocr_carea' id='block_1_48' title="bbox 585 3374 2106 3450">
    <p class='ocr_par' dir='ltr' id='par_1_48' title="bbox 585 3374 2106 3450">
     <span class='ocr_line' id='line_1_48' title="bbox 585 3374 2106 3450; baseline 0 -20"><span class='ocrx_word' id='word_1_357' title='bbox 585 3374 713 3432; x_wconf 67' lang='lat' dir='ltr'><strong><em>Haec</em></strong></span> <span class='ocrx_word' id='word_1_358' title='bbox 742 3376 1029 3450; x_wconf 85' lang='lat' dir='ltr'><strong><em>Readingii</em></strong></span> <span class='ocrx_word' id='word_1_359' title='bbox 1057 3376 1147 3434; x_wconf 89' lang='lat' dir='ltr'><strong><em>ed.</em></strong></span> <span class='ocrx_word' id='word_1_360' title='bbox 1183 3391 1378 3434; x_wconf 87' lang='lat' dir='ltr'><strong><em>recusa</em></strong></span> <span class='ocrx_word' id='word_1_361' title='bbox 1424 3384 1509 3433; x_wconf 90' lang='lat' dir='ltr'><strong><em>est</em></strong></span> <span class='ocrx_word' id='word_1_362' title='bbox 1562 3375 1753 3432; x_wconf 89' lang='lat' dir='ltr'><strong><em>Turini</em></strong></span> <span class='ocrx_word' id='word_1_363' title='bbox 1786 3376 1923 3434; x_wconf 65' lang='grc'><strong>1748</strong></span> <span class='ocrx_word' id='word_1_364' title='bbox 1968 3374 2106 3444; x_wconf 67' lang='lat' dir='ltr'><strong><em>fol.,~</em></strong></span> 
     </span>
    </p>
   </div>
   <div class='ocr_carea' id='block_1_49' title="bbox 513 3465 750 3525">
    <p class='ocr_par' dir='ltr' id='par_1_49' title="bbox 513 3465 750 3525">
     <span class='ocr_line' id='line_1_49' title="bbox 513 3465 750 3525; baseline 0.004 -3"><span class='ocrx_word' id='word_1_365' title='bbox 513 3465 584 3522; x_wconf 85' lang='lat' dir='ltr'><strong><em>Ill</em></strong></span> <span class='ocrx_word' id='word_1_366' title='bbox 620 3469 750 3525; x_wconf 85' lang='lat' dir='ltr'><strong><em>voll.</em></strong></span> 
     </span>
    </p>
   </div>
   <div class='ocr_carea' id='block_1_50' title="bbox 584 3559 2092 3633">
    <p class='ocr_par' dir='ltr' id='par_1_50' title="bbox 584 3559 2092 3633">
     <span class='ocr_line' id='line_1_50' title="bbox 584 3559 2092 3633; baseline -0.001 -18"><span class='ocrx_word' id='word_1_367' title='bbox 584 3559 870 3633; x_wconf 80' lang='lat' dir='ltr'><strong><em>Readingii</em></strong></span> <span class='ocrx_word' id='word_1_368' title='bbox 926 3560 1142 3625; x_wconf 87' lang='lat' dir='ltr'><strong><em>merita,</em></strong></span> <span class='ocrx_word' id='word_1_369' title='bbox 1178 3576 1299 3632; x_wconf 69' lang='lat' dir='ltr'><strong><em>quas</em></strong></span> <span class='ocrx_word' id='word_1_370' title='bbox 1345 3560 1400 3615; x_wconf 91' lang='lat' dir='ltr'><strong><em>in</em></strong></span> <span class='ocrx_word' id='word_1_371' title='bbox 1445 3560 1635 3616; x_wconf 89' lang='lat' dir='ltr'><strong><em>critica</em></strong></span> <span class='ocrx_word' id='word_1_372' title='bbox 1674 3559 1891 3630; x_wconf 86' lang='lat' dir='ltr'><strong><em>quidem</em></strong></span> <span class='ocrx_word' id='word_1_373' title='bbox 1936 3569 2092 3630; x_wconf 90' lang='lat' dir='ltr'><strong><em>parte</em></strong></span> 
     </span>
    </p>
   </div>
   <div class='ocr_carea' id='block_1_51' title="bbox 516 3650 2092 3724">
    <p class='ocr_par' dir='ltr' id='par_1_51' title="bbox 516 3650 2092 3724">
     <span class='ocr_line' id='line_1_51' title="bbox 516 3650 2092 3724; baseline 0.001 -17"><span class='ocrx_word' id='word_1_374' title='bbox 516 3653 660 3708; x_wconf 88' lang='lat' dir='ltr'><strong><em>haud</em></strong></span> <span class='ocrx_word' id='word_1_375' title='bbox 712 3653 849 3708; x_wconf 91' lang='lat' dir='ltr'><strong><em>adeo</em></strong></span> <span class='ocrx_word' id='word_1_376' title='bbox 898 3652 1134 3724; x_wconf 87' lang='lat' dir='ltr'><strong><em>insignia</em></strong></span> <span class='ocrx_word' id='word_1_377' title='bbox 1196 3654 1439 3718; x_wconf 90' lang='lat' dir='ltr'><strong><em>fuerunt,</em></strong></span> <span class='ocrx_word' id='word_1_378' title='bbox 1497 3650 1778 3707; x_wconf 88' lang='lat' dir='ltr'><strong><em>Strothius</em></strong></span> <span class='ocrx_word' id='word_1_379' title='bbox 1831 3667 2092 3724; x_wconf 87' lang='lat' dir='ltr'><strong><em>superare</em></strong></span> 
     </span>
    </p>
   </div>
   <div class='ocr_carea' id='block_1_52' title="bbox 516 3743 2089 3816">
    <p class='ocr_par' dir='ltr' id='par_1_52' title="bbox 516 3743 2089 3816">
     <span class='ocr_line' id='line_1_52' title="bbox 516 3743 2089 3816; baseline 0 -16"><span class='ocrx_word' id='word_1_380' title='bbox 516 3743 779 3801; x_wconf 87' lang='lat' dir='ltr'><strong><em>sustinuit</em></strong></span> <span class='ocrx_word' id='word_1_381' title='bbox 807 3744 862 3799; x_wconf 92' lang='lat' dir='ltr'><strong><em>in</em></strong></span> <span class='ocrx_word' id='word_1_382' title='bbox 886 3760 1027 3800; x_wconf 90' lang='lat' dir='ltr'><strong><em>nova</em></strong></span> <span class='ocrx_word' id='word_1_383' title='bbox 1055 3744 1188 3800; x_wconf 87' lang='lat' dir='ltr'><strong><em>edit.</em></strong></span> <span class='ocrx_word' id='word_1_384' title='bbox 1230 3761 1295 3801; x_wconf 88' lang='lat' dir='ltr'><strong><em>ac</em></strong></span> <span class='ocrx_word' id='word_1_385' title='bbox 1341 3744 1693 3807; x_wconf 88' lang='lat' dir='ltr'><strong><em>recensione,</em></strong></span> <span class='ocrx_word' id='word_1_386' title='bbox 1726 3745 1885 3816; x_wconf 87' lang='lat' dir='ltr'><strong><em>cujus</em></strong></span> <span class='ocrx_word' id='word_1_387' title='bbox 1908 3752 2089 3800; x_wconf 89' lang='lat' dir='ltr'><strong><em>tamen</em></strong></span> 
     </span>
    </p>
   </div>
   <div class='ocr_carea' id='block_1_53' title="bbox 514 3835 1752 3907">
    <p class='ocr_par' dir='ltr' id='par_1_53' title="bbox 514 3835 1752 3907">
     <span class='ocr_line' id='line_1_53' title="bbox 514 3835 1752 3907; baseline 0.001 -17"><span class='ocrx_word' id='word_1_388' title='bbox 514 3837 748 3907; x_wconf 88' lang='lat' dir='ltr'><strong><em>primum</em></strong></span> <span class='ocrx_word' id='word_1_389' title='bbox 769 3842 983 3891; x_wconf 89' lang='lat' dir='ltr'><strong><em>tantum</em></strong></span> <span class='ocrx_word' id='word_1_390' title='bbox 1015 3836 1268 3892; x_wconf 85' lang='lat' dir='ltr'><strong><em>volumen</em></strong></span> <span class='ocrx_word' id='word_1_391' title='bbox 1301 3837 1476 3892; x_wconf 87' lang='lat' dir='ltr'><strong><em>lucem</em></strong></span> <span class='ocrx_word' id='word_1_392' title='bbox 1505 3835 1752 3906; x_wconf 83' lang='lat' dir='ltr'><strong><em>aspexit:</em></strong></span> 
     </span>
    </p>
   </div>
   <div class='ocr_carea' id='block_1_54' title="bbox 588 3923 2086 3996">
    <p class='ocr_par' dir='ltr' id='par_1_54' title="bbox 588 3923 2086 3996">
     <span class='ocr_line' id='line_1_54' title="bbox 588 3923 2086 3996; baseline -0.002 -16"><span class='ocrx_word' id='word_1_393' title='bbox 588 3925 805 3981; x_wconf 85' lang='lat' dir='ltr'><strong><em>Eusebii</em></strong></span> <span class='ocrx_word' id='word_1_394' title='bbox 850 3925 1117 3996; x_wconf 78' lang='lat' dir='ltr'><strong><em>Pamphili</em></strong></span> <span class='ocrx_word' id='word_1_395' title='bbox 1162 3924 1417 3981; x_wconf 74' lang='lat' dir='ltr'><strong><em>Historia:</em></strong></span> <span class='ocrx_word' id='word_1_396' title='bbox 1466 3924 1840 3981; x_wconf 77' lang='lat' dir='ltr'><strong><em>ecclesiastica:</em></strong></span> <span class='ocrx_word' id='word_1_397' title='bbox 1878 3923 2003 3978; x_wconf 89' lang='lat' dir='ltr'><strong><em>libri</em></strong></span> <span class='ocrx_word' id='word_1_398' title='bbox 2033 3941 2086 3979; x_wconf 73' lang='grc' dir='ltr'><strong>χ.</strong></span> 
     </span>
    </p>
   </div>
   <div class='ocr_carea' id='block_1_55' title="bbox 523 4015 2090 4087">
    <p class='ocr_par' dir='ltr' id='par_1_55' title="bbox 523 4015 2090 4087">
     <span class='ocr_line' id='line_1_55' title="bbox 523 4015 2090 4087; baseline -0.001 -16"><span class='ocrx_word' id='word_1_399' title='bbox 523 4016 771 4087; x_wconf 82' lang='lat' dir='ltr'><strong><em>Ejusdem</em></strong></span> <span class='ocrx_word' id='word_1_400' title='bbox 836 4017 913 4071; x_wconf 86' lang='lat' dir='ltr'><strong><em>De</em></strong></span> <span class='ocrx_word' id='word_1_401' title='bbox 951 4015 1075 4071; x_wconf 85' lang='lat' dir='ltr'><strong><em>Vita</em></strong></span> <span class='ocrx_word' id='word_1_402' title='bbox 1106 4015 1447 4073; x_wconf 86' lang='lat' dir='ltr'><strong><em>Constantini</em></strong></span> <span class='ocrx_word' id='word_1_403' title='bbox 1504 4015 1627 4071; x_wconf 88' lang='lat' dir='ltr'><strong><em>libri</em></strong></span> <span class='ocrx_word' id='word_1_404' title='bbox 1658 4034 1729 4073; x_wconf 85' lang='lat' dir='ltr'><strong><em>Iv.</em></strong></span> <span class='ocrx_word' id='word_1_405' title='bbox 1767 4015 1988 4072; x_wconf 77' lang='lat' dir='ltr'><strong><em>Textum</em></strong></span> <span class='ocrx_word' id='word_1_406' title='bbox 2021 4015 2090 4069; x_wconf 90' lang='lat' dir='ltr'><strong><em>ad</em></strong></span> 
     </span>
    </p>
   </div>
   <div class='ocr_carea' id='block_1_56' title="bbox 518 4108 2093 4179">
    <p class='ocr_par' dir='ltr' id='par_1_56' title="bbox 518 4108 2093 4179">
     <span class='ocr_line' id='line_1_56' title="bbox 518 4108 2093 4179; baseline -0.001 -17"><span class='ocrx_word' id='word_1_407' title='bbox 518 4109 675 4179; x_wconf 86' lang='lat' dir='ltr'><strong><em>[idem</em></strong></span> <span class='ocrx_word' id='word_1_408' title='bbox 708 4109 863 4165; x_wconf 87' lang='lat' dir='ltr'><strong><em>codd.</em></strong></span> <span class='ocrx_word' id='word_1_409' title='bbox 900 4127 1027 4166; x_wconf 88' lang='lat' dir='ltr'><strong><em>mss.</em></strong></span> <span class='ocrx_word' id='word_1_410' title='bbox 1052 4120 1101 4166; x_wconf 92' lang='lat' dir='ltr'><strong><em>et</em></strong></span> <span class='ocrx_word' id='word_1_411' title='bbox 1132 4110 1250 4165; x_wconf 88' lang='lat' dir='ltr'><strong><em>edd.</em></strong></span> <span class='ocrx_word' id='word_1_412' title='bbox 1296 4109 1587 4174; x_wconf 87' lang='lat' dir='ltr'><strong><em>recensuit,</em></strong></span> <span class='ocrx_word' id='word_1_413' title='bbox 1620 4121 1872 4179; x_wconf 87' lang='lat' dir='ltr'><strong><em>notasque</em></strong></span> <span class='ocrx_word' id='word_1_414' title='bbox 1919 4108 2093 4161; x_wconf 77' lang='lat' dir='ltr'><strong><em>maxi-</em></strong></span> 
     </span>
    </p>
   </div>
   <div class='ocr_carea' id='block_1_57' title="bbox 519 4198 2093 4271">
    <p class='ocr_par' dir='ltr' id='par_1_57' title="bbox 519 4198 2093 4271">
     <span class='ocr_line' id='line_1_57' title="bbox 519 4198 2093 4271; baseline -0.001 -16"><span class='ocrx_word' id='word_1_415' title='bbox 519 4218 660 4255; x_wconf 88' lang='lat' dir='ltr'><strong><em>mam</em></strong></span> <span class='ocrx_word' id='word_1_416' title='bbox 685 4212 886 4271; x_wconf 86' lang='lat' dir='ltr'><strong><em>partem</em></strong></span> <span class='ocrx_word' id='word_1_417' title='bbox 916 4204 1128 4257; x_wconf 87' lang='lat' dir='ltr'><strong><em>criticas</em></strong></span> <span class='ocrx_word' id='word_1_418' title='bbox 1161 4201 1353 4269; x_wconf 86' lang='lat' dir='ltr'><strong><em>adiecit</em></strong></span> <span class='ocrx_word' id='word_1_419' title='bbox 1387 4200 1545 4256; x_wconf 86' lang='lat' dir='ltr'><strong><em>Frid.</em></strong></span> <span class='ocrx_word' id='word_1_420' title='bbox 1581 4201 1750 4254; x_wconf 84' lang='lat' dir='ltr'><strong><em>Andr.</em></strong></span> <span class='ocrx_word' id='word_1_421' title='bbox 1786 4198 1989 4255; x_wconf 84' lang='lat' dir='ltr'><strong><em>Stroth.</em></strong></span> <span class='ocrx_word' id='word_1_422' title='bbox 2022 4227 2093 4236; x_wconf 92' lang='lat'>—</span> 
     </span>
    </p>
   </div>
   <div class='ocr_carea' id='block_1_58' title="bbox 520 4290 2093 4362">
    <p class='ocr_par' dir='ltr' id='par_1_58' title="bbox 520 4290 2093 4362">
     <span class='ocr_line' id='line_1_58' title="bbox 520 4290 2093 4362; baseline -0.001 -13"><span class='ocrx_word' id='word_1_423' title='bbox 520 4293 643 4352; x_wconf 77' lang='lat' dir='ltr'><strong><em>Vol.</em></strong></span> <span class='ocrx_word' id='word_1_424' title='bbox 692 4296 732 4352; x_wconf 87' lang='lat' dir='ltr'><strong><em>I.</em></strong></span> <span class='ocrx_word' id='word_1_425' title='bbox 788 4296 935 4352; x_wconf 69' lang='lat' dir='ltr'><strong><em>Halm</em></strong></span> <span class='ocrx_word' id='word_1_426' title='bbox 967 4296 1033 4353; x_wconf 88' lang='lat' dir='ltr'><strong><em>ad</em></strong></span> <span class='ocrx_word' id='word_1_427' title='bbox 1068 4296 1271 4362; x_wconf 89' lang='lat' dir='ltr'><strong><em>Salam,</em></strong></span> <span class='ocrx_word' id='word_1_428' title='bbox 1320 4295 1481 4362; x_wconf 84' lang='lat' dir='ltr'><strong><em>I779,</em></strong></span> <span class='ocrx_word' id='word_1_429' title='bbox 1532 4294 1586 4359; x_wconf 90' lang='lat'><strong><em>8,</em></strong></span> <span class='ocrx_word' id='word_1_430' title='bbox 1634 4293 1841 4348; x_wconf 68' lang='lat' dir='ltr'><strong><em>Graece.</em></strong></span> <span class='ocrx_word' id='word_1_431' title='bbox 1899 4290 2093 4347; x_wconf 84' lang='lat' dir='ltr'><strong><em>Varias</em></strong></span> 
     </span>
    </p>
   </div>
   <div class='ocr_carea' id='block_1_59' title="bbox 518 4385 2094 4459">
    <p class='ocr_par' dir='ltr' id='par_1_59' title="bbox 518 4385 2094 4459">
     <span class='ocr_line' id='line_1_59' title="bbox 518 4385 2094 4459; baseline -0.003 -19"><span class='ocrx_word' id='word_1_432' title='bbox 518 4385 673 4441; x_wconf 89' lang='lat' dir='ltr'><strong><em>editt.</em></strong></span> <span class='ocrx_word' id='word_1_433' title='bbox 734 4396 841 4442; x_wconf 91' lang='lat' dir='ltr'><strong><em>tam</em></strong></span> <span class='ocrx_word' id='word_1_434' title='bbox 874 4387 970 4444; x_wconf 88' lang='lat' dir='ltr'><strong><em>Gr.</em></strong></span> <span class='ocrx_word' id='word_1_435' title='bbox 1004 4404 1166 4459; x_wconf 91' lang='lat' dir='ltr'><strong><em>quam</em></strong></span> <span class='ocrx_word' id='word_1_436' title='bbox 1201 4388 1322 4442; x_wconf 87' lang='lat' dir='ltr'><strong><em>Lat.</em></strong></span> <span class='ocrx_word' id='word_1_437' title='bbox 1377 4386 1631 4452; x_wconf 91' lang='lat' dir='ltr'><strong><em>contulit,</em></strong></span> <span class='ocrx_word' id='word_1_438' title='bbox 1668 4392 1832 4455; x_wconf 88' lang='lat' dir='ltr'><strong><em>atque</em></strong></span> <span class='ocrx_word' id='word_1_439' title='bbox 1862 4398 1925 4437; x_wconf 89' lang='lat' dir='ltr'><strong><em>ea</em></strong></span> <span class='ocrx_word' id='word_1_440' title='bbox 1972 4398 2094 4452; x_wconf 71' lang='lat' dir='ltr'><strong><em>qua:</em></strong></span> 
     </span>
    </p>
   </div>
   <div class='ocr_carea' id='block_1_60' title="bbox 519 4476 2095 4553">
    <p class='ocr_par' dir='ltr' id='par_1_60' title="bbox 519 4476 2095 4553">
     <span class='ocr_line' id='line_1_60' title="bbox 519 4476 2095 4553; baseline -0.001 -22"><span class='ocrx_word' id='word_1_441' title='bbox 519 4487 676 4535; x_wconf 89' lang='lat' dir='ltr'><strong><em>antea</em></strong></span> <span class='ocrx_word' id='word_1_442' title='bbox 703 4478 927 4535; x_wconf 86' lang='lat' dir='ltr'><strong><em>fuerunt</em></strong></span> <span class='ocrx_word' id='word_1_443' title='bbox 974 4481 1246 4553; x_wconf 88' lang='lat' dir='ltr'><strong><em>dispersa,</em></strong></span> <span class='ocrx_word' id='word_1_444' title='bbox 1291 4480 1530 4550; x_wconf 76' lang='lat' dir='ltr'><strong><em>collegit,</em></strong></span> <span class='ocrx_word' id='word_1_445' title='bbox 1577 4477 1635 4532; x_wconf 91' lang='lat' dir='ltr'><strong><em>in</em></strong></span> <span class='ocrx_word' id='word_1_446' title='bbox 1676 4476 2095 4546; x_wconf 87' lang='lat' dir='ltr'><strong><em>subsidiumque</em></strong></span> 
     </span>
    </p>
   </div>
   <div class='ocr_carea' id='block_1_61' title="bbox 2183 1975 3762 2048">
    <p class='ocr_par' dir='ltr' id='par_1_61' title="bbox 2183 1975 3762 2048">
     <span class='ocr_line' id='line_1_61' title="bbox 2183 1975 3762 2048; baseline -0.004 -10"><span class='ocrx_word' id='word_1_447' title='bbox 2183 1982 2338 2048; x_wconf 88' lang='lat' dir='ltr'><strong><em>dicti,</em></strong></span> <span class='ocrx_word' id='word_1_448' title='bbox 2367 1980 2432 2037; x_wconf 91' lang='lat' dir='ltr'><strong><em>N.</em></strong></span> <span class='ocrx_word' id='word_1_449' title='bbox 2467 1978 2864 2044; x_wconf 79' lang='lat' dir='ltr'><strong><em>MDCXXVIII,</em></strong></span> <span class='ocrx_word' id='word_1_450' title='bbox 2898 1978 3021 2034; x_wconf 88' lang='lat' dir='ltr'><strong><em>libri</em></strong></span> <span class='ocrx_word' id='word_1_451' title='bbox 3070 1993 3127 2032; x_wconf 72' lang='grc' dir='ltr'><strong><em>ιι</em></strong></span> <span class='ocrx_word' id='word_1_452' title='bbox 3213 1976 3414 2034; x_wconf 81' lang='lat' dir='ltr'><strong><em>Euseb.</em></strong></span> <span class='ocrx_word' id='word_1_453' title='bbox 3453 1975 3524 2031; x_wconf 86' lang='lat' dir='ltr'><strong><em>H.</em></strong></span> <span class='ocrx_word' id='word_1_454' title='bbox 3563 1975 3636 2030; x_wconf 80' lang='grc' dir='ltr'><strong>Ε.</strong></span> <span class='ocrx_word' id='word_1_455' title='bbox 3662 1975 3762 2032; x_wconf 83' lang='lat' dir='ltr'><strong><em>Tit.</em></strong></span> 
     </span>
    </p>
   </div>
   <div class='ocr_carea' id='block_1_62' title="bbox 2184 2067 3762 2145">
    <p class='ocr_par' dir='ltr' id='par_1_62' title="bbox 2184 2067 3762 2145">
     <span class='ocr_line' id='line_1_62' title="bbox 2184 2067 3762 2145; baseline -0.006 -14"><span class='ocrx_word' id='word_1_456' title='bbox 2184 2076 2242 2131; x_wconf 92' lang='lat' dir='ltr'><strong><em>in</em></strong></span> <span class='ocrx_word' id='word_1_457' title='bbox 2270 2081 2380 2131; x_wconf 90' lang='lat' dir='ltr'><strong><em>vet.</em></strong></span> <span class='ocrx_word' id='word_1_458' title='bbox 2444 2075 2671 2145; x_wconf 88' lang='lat' dir='ltr'><strong><em>scripto,</em></strong></span> <span class='ocrx_word' id='word_1_459' title='bbox 2710 2071 3089 2127; x_wconf 80' lang='lat' dir='ltr'><strong><em>Ecclesiastica</em></strong></span> <span class='ocrx_word' id='word_1_460' title='bbox 3121 2069 3246 2124; x_wconf 87' lang='lat' dir='ltr'><strong><em>Itist.</em></strong></span> <span class='ocrx_word' id='word_1_461' title='bbox 3276 2085 3369 2138; x_wconf 83' lang='lat' dir='ltr'><strong><em>per</em></strong></span> <span class='ocrx_word' id='word_1_462' title='bbox 3416 2067 3531 2123; x_wconf 88' lang='lat' dir='ltr'><strong><em>Ric.</em></strong></span> <span class='ocrx_word' id='word_1_463' title='bbox 3579 2068 3762 2123; x_wconf 74' lang='lat' dir='ltr'><strong><em>Mon2~</em></strong></span> 
     </span>
    </p>
   </div>
   <div class='ocr_carea' id='block_1_63' title="bbox 2183 2160 3762 2231">
    <p class='ocr_par' dir='ltr' id='par_1_63' title="bbox 2183 2160 3762 2231">
     <span class='ocr_line' id='line_1_63' title="bbox 2183 2160 3762 2231; baseline -0.004 -11"><span class='ocrx_word' id='word_1_464' title='bbox 2183 2164 2528 2221; x_wconf 83' lang='lat' dir='ltr'><strong><em>chum.—-N.</em></strong></span> <span class='ocrx_word' id='word_1_465' title='bbox 2553 2164 2945 2231; x_wconf 79' lang='lat' dir='ltr'><strong><em>MMCDXXXI,</em></strong></span> <span class='ocrx_word' id='word_1_466' title='bbox 2975 2161 3049 2216; x_wconf 84' lang='grc' dir='ltr'><strong>Η.</strong></span> <span class='ocrx_word' id='word_1_467' title='bbox 3079 2160 3146 2215; x_wconf 86' lang='grc' dir='ltr'><strong>Ε.</strong></span> <span class='ocrx_word' id='word_1_468' title='bbox 3179 2160 3297 2215; x_wconf 86' lang='lat' dir='ltr'><strong><em>Lat.</em></strong></span> <span class='ocrx_word' id='word_1_469' title='bbox 3330 2191 3398 2201; x_wconf 91' lang='lat'><strong><em>—-</em></strong></span> <span class='ocrx_word' id='word_1_470' title='bbox 3444 2160 3503 2215; x_wconf 91' lang='lat' dir='ltr'><strong><em>In</em></strong></span> <span class='ocrx_word' id='word_1_471' title='bbox 3535 2168 3679 2217; x_wconf 90' lang='lat' dir='ltr'><strong><em>tom.</em></strong></span> <span class='ocrx_word' id='word_1_472' title='bbox 3706 2160 3762 2225; x_wconf 85' lang='lat' dir='ltr'><strong><em>II,</em></strong></span> 
     </span>
    </p>
   </div>
   <div class='ocr_carea' id='block_1_64' title="bbox 2183 2253 3762 2325">
    <p class='ocr_par' dir='ltr' id='par_1_64' title="bbox 2183 2253 3762 2325">
     <span class='ocr_line' id='line_1_64' title="bbox 2183 2253 3762 2325; baseline -0.002 -13"><span class='ocrx_word' id='word_1_473' title='bbox 2183 2258 2356 2313; x_wconf 89' lang='lat' dir='ltr'><strong><em>Catal.</em></strong></span> <span class='ocrx_word' id='word_1_474' title='bbox 2389 2257 2447 2312; x_wconf 91' lang='lat' dir='ltr'><strong><em>in</em></strong></span> <span class='ocrx_word' id='word_1_475' title='bbox 2502 2256 2634 2313; x_wconf 90' lang='lat' dir='ltr'><strong><em>bibl.</em></strong></span> <span class='ocrx_word' id='word_1_476' title='bbox 2673 2261 2812 2313; x_wconf 88' lang='lat' dir='ltr'><strong><em>eccl.</em></strong></span> <span class='ocrx_word' id='word_1_477' title='bbox 2861 2254 3289 2325; x_wconf 80' lang='lat' dir='ltr'><strong><em>Wigorniensis,</em></strong></span> <span class='ocrx_word' id='word_1_478' title='bbox 3341 2253 3562 2308; x_wconf 78' lang='lat' dir='ltr'><strong><em>Eusebii</em></strong></span> <span class='ocrx_word' id='word_1_479' title='bbox 3604 2253 3677 2306; x_wconf 88' lang='lat' dir='ltr'><strong><em>ll.</em></strong></span> <span class='ocrx_word' id='word_1_480' title='bbox 3706 2254 3762 2309; x_wconf 74' lang='grc' dir='ltr'><strong>Ε.</strong></span> 
     </span>
    </p>
   </div>
   <div class='ocr_carea' id='block_1_65' title="bbox 2186 2345 3762 2414">
    <p class='ocr_par' dir='ltr' id='par_1_65' title="bbox 2186 2345 3762 2414">
     <span class='ocr_line' id='line_1_65' title="bbox 2186 2345 3762 2414; baseline -0.004 -11"><span class='ocrx_word' id='word_1_481' title='bbox 2186 2348 2309 2403; x_wconf 89' lang='lat' dir='ltr'><strong><em>libri</em></strong></span> <span class='ocrx_word' id='word_1_482' title='bbox 2337 2364 2413 2412; x_wconf 78' lang='lat' dir='ltr'><strong><em>Ix,</em></strong></span> <span class='ocrx_word' id='word_1_483' title='bbox 2448 2363 2480 2402; x_wconf 90' lang='lat' dir='ltr'><strong><em>a</em></strong></span> <span class='ocrx_word' id='word_1_484' title='bbox 2503 2346 2700 2403; x_wconf 79' lang='lat' dir='ltr'><strong><em>Rufino</em></strong></span> <span class='ocrx_word' id='word_1_485' title='bbox 2724 2346 2891 2411; x_wconf 89' lang='lat' dir='ltr'><strong><em>versi,</em></strong></span> <span class='ocrx_word' id='word_1_486' title='bbox 2926 2360 3043 2407; x_wconf 70' lang='lat' dir='ltr'><strong><em>una.</em></strong></span> <span class='ocrx_word' id='word_1_487' title='bbox 3063 2360 3189 2399; x_wconf 90' lang='lat' dir='ltr'><strong><em>cum</em></strong></span> <span class='ocrx_word' id='word_1_488' title='bbox 3222 2361 3259 2399; x_wconf 91' lang='grc' dir='ltr'><strong><em>ιι</em></strong></span> <span class='ocrx_word' id='word_1_489' title='bbox 3298 2345 3450 2399; x_wconf 89' lang='lat' dir='ltr'><strong><em>libris</em></strong></span> <span class='ocrx_word' id='word_1_490' title='bbox 3486 2359 3589 2414; x_wconf 90' lang='lat' dir='ltr'><strong><em>per</em></strong></span> <span class='ocrx_word' id='word_1_491' title='bbox 3622 2360 3762 2398; x_wconf 38' lang='lat' dir='ltr'><strong><em>eum.</em></strong></span> 
     </span>
    </p>
   </div>
   <div class='ocr_carea' id='block_1_66' title="bbox 2185 2435 3762 2501">
    <p class='ocr_par' dir='ltr' id='par_1_66' title="bbox 2185 2435 3762 2501">
     <span class='ocr_line' id='line_1_66' title="bbox 2185 2435 3762 2501; baseline -0.003 -7"><span class='ocrx_word' id='word_1_492' title='bbox 2185 2440 2308 2494; x_wconf 90' lang='lat' dir='ltr'><strong><em>dem</em></strong></span> <span class='ocrx_word' id='word_1_493' title='bbox 2342 2439 2562 2496; x_wconf 89' lang='lat' dir='ltr'><strong><em>additis.</em></strong></span> <span class='ocrx_word' id='word_1_494' title='bbox 2585 2470 2655 2481; x_wconf 92' lang='lat'><strong><em>——</em></strong></span> <span class='ocrx_word' id='word_1_495' title='bbox 2676 2441 2737 2496; x_wconf 92' lang='lat' dir='ltr'><strong><em>In</em></strong></span> <span class='ocrx_word' id='word_1_496' title='bbox 2758 2439 2888 2496; x_wconf 91' lang='lat' dir='ltr'><strong><em>bibl.</em></strong></span> <span class='ocrx_word' id='word_1_497' title='bbox 2918 2439 3115 2495; x_wconf 90' lang='lat' dir='ltr'><strong><em>eccles.</em></strong></span> <span class='ocrx_word' id='word_1_498' title='bbox 3144 2436 3544 2494; x_wconf 87' lang='lat' dir='ltr'><strong><em>Sarisburicns.</em></strong></span> <span class='ocrx_word' id='word_1_499' title='bbox 3583 2453 3644 2492; x_wconf 87' lang='grc' dir='ltr'>ιι.</span> <span class='ocrx_word' id='word_1_500' title='bbox 3675 2435 3762 2501; x_wconf 84' lang='lat' dir='ltr'><strong><em>Mi,</em></strong></span> 
     </span>
    </p>
   </div>
   <div class='ocr_carea' id='block_1_67' title="bbox 2190 2526 3762 2597">
    <p class='ocr_par' dir='ltr' id='par_1_67' title="bbox 2190 2526 3762 2597">
     <span class='ocr_line' id='line_1_67' title="bbox 2190 2526 3762 2597; baseline -0.003 -13"><span class='ocrx_word' id='word_1_501' title='bbox 2190 2531 2261 2588; x_wconf 85' lang='grc' dir='ltr'><strong>Η.</strong></span> <span class='ocrx_word' id='word_1_502' title='bbox 2297 2530 2361 2585; x_wconf 85' lang='grc' dir='ltr'><strong>Ε.</strong></span> <span class='ocrx_word' id='word_1_503' title='bbox 2396 2531 2577 2587; x_wconf 86' lang='lat' dir='ltr'><strong><em>versio</em></strong></span> <span class='ocrx_word' id='word_1_504' title='bbox 2607 2529 2812 2597; x_wconf 86' lang='lat' dir='ltr'><strong><em>Ruﬁni,</em></strong></span> <span class='ocrx_word' id='word_1_505' title='bbox 2846 2529 3034 2585; x_wconf 85' lang='lat' dir='ltr'><strong><em>eadem</em></strong></span> <span class='ocrx_word' id='word_1_506' title='bbox 3067 2528 3253 2585; x_wconf 80' lang='lat' dir='ltr'><strong><em>forsan</em></strong></span> <span class='ocrx_word' id='word_1_507' title='bbox 3304 2545 3362 2586; x_wconf 88' lang='grc' dir='ltr'>ιι.</span> <span class='ocrx_word' id='word_1_508' title='bbox 3461 2526 3684 2584; x_wconf 62' lang='lat' dir='ltr'><strong><em>“XXII.</em></strong></span> <span class='ocrx_word' id='word_1_509' title='bbox 3705 2554 3762 2568; x_wconf 86' lang='lat'><strong><em>—-</em></strong></span> 
     </span>
    </p>
   </div>
   <div class='ocr_carea' id='block_1_68' title="bbox 2183 2618 3762 2684">
    <p class='ocr_par' dir='ltr' id='par_1_68' title="bbox 2183 2618 3762 2684">
     <span class='ocr_line' id='line_1_68' title="bbox 2183 2618 3762 2684; baseline -0.004 -5"><span class='ocrx_word' id='word_1_510' title='bbox 2183 2624 2244 2679; x_wconf 90' lang='lat' dir='ltr'><strong><em>In</em></strong></span> <span class='ocrx_word' id='word_1_511' title='bbox 2271 2623 2406 2680; x_wconf 90' lang='lat' dir='ltr'><strong><em>bibl.</em></strong></span> <span class='ocrx_word' id='word_1_512' title='bbox 2444 2621 2686 2679; x_wconf 80' lang='lat' dir='ltr'><strong><em>Nort‘olk.</em></strong></span> <span class='ocrx_word' id='word_1_513' title='bbox 2717 2621 2784 2676; x_wconf 83' lang='lat' dir='ltr'><strong><em>N.</em></strong></span> <span class='ocrx_word' id='word_1_514' title='bbox 2827 2620 3171 2678; x_wconf 81' lang='lat' dir='ltr'><strong><em>MMMCDVL</em></strong></span> <span class='ocrx_word' id='word_1_515' title='bbox 3200 2662 3215 2684; x_wconf 88' lang='lat'><strong><em>,</em></strong></span> <span class='ocrx_word' id='word_1_516' title='bbox 3251 2619 3325 2676; x_wconf 79' lang='grc' dir='ltr'><strong>Η.</strong></span> <span class='ocrx_word' id='word_1_517' title='bbox 3361 2618 3424 2675; x_wconf 90' lang='lat' dir='ltr'><strong><em>E.</em></strong></span> <span class='ocrx_word' id='word_1_518' title='bbox 3459 2618 3671 2676; x_wconf 76' lang='lat' dir='ltr'><strong><em>Graece.</em></strong></span> <span class='ocrx_word' id='word_1_519' title='bbox 3701 2647 3762 2662; x_wconf 88' lang='lat'><strong><em>—-</em></strong></span> 
     </span>
    </p>
   </div>
   <div class='ocr_carea' id='block_1_69' title="bbox 2186 2712 3762 2785">
    <p class='ocr_par' dir='ltr' id='par_1_69' title="bbox 2186 2712 3762 2785">
     <span class='ocr_line' id='line_1_69' title="bbox 2186 2712 3762 2785; baseline 0 -18"><span class='ocrx_word' id='word_1_520' title='bbox 2186 2712 2330 2769; x_wconf 89' lang='lat' dir='ltr'><strong><em>Inter</em></strong></span> <span class='ocrx_word' id='word_1_521' title='bbox 2360 2715 2518 2770; x_wconf 85' lang='lat' dir='ltr'><strong><em>codd.</em></strong></span> <span class='ocrx_word' id='word_1_522' title='bbox 2550 2714 2677 2771; x_wconf 88' lang='lat' dir='ltr'><strong><em>Car.</em></strong></span> <span class='ocrx_word' id='word_1_523' title='bbox 2719 2712 2971 2785; x_wconf 84' lang='lat' dir='ltr'><strong><em>Theyeri,</em></strong></span> <span class='ocrx_word' id='word_1_524' title='bbox 3003 2713 3069 2769; x_wconf 87' lang='lat' dir='ltr'><strong><em>N.</em></strong></span> <span class='ocrx_word' id='word_1_525' title='bbox 3112 2712 3762 2780; x_wconf 73' lang='lat' dir='ltr'><strong><em>MMMMMMDLXXXIX,</em></strong></span> 
     </span>
    </p>
   </div>
   <div class='ocr_carea' id='block_1_70' title="bbox 2188 2804 3762 2873">
    <p class='ocr_par' dir='ltr' id='par_1_70' title="bbox 2188 2804 3762 2873">
     <span class='ocr_line' id='line_1_70' title="bbox 2188 2804 3762 2873; baseline -0.001 -12"><span class='ocrx_word' id='word_1_526' title='bbox 2188 2804 2343 2867; x_wconf 68' lang='lat' dir='ltr'><strong><em>Hist.</em></strong></span> <span class='ocrx_word' id='word_1_527' title='bbox 2372 2809 2468 2862; x_wconf 89' lang='lat' dir='ltr'><strong><em>lib.</em></strong></span> <span class='ocrx_word' id='word_1_528' title='bbox 2502 2823 2579 2873; x_wconf 74' lang='lat' dir='ltr'><strong><em>x1,</em></strong></span> <span class='ocrx_word' id='word_1_529' title='bbox 2611 2806 2730 2862; x_wconf 86' lang='lat' dir='ltr'><strong><em>Lat.</em></strong></span> <span class='ocrx_word' id='word_1_530' title='bbox 2757 2838 2828 2848; x_wconf 94' lang='lat'><strong><em>—</em></strong></span> <span class='ocrx_word' id='word_1_531' title='bbox 2860 2806 2919 2865; x_wconf 91' lang='lat' dir='ltr'><strong><em>In</em></strong></span> <span class='ocrx_word' id='word_1_532' title='bbox 2951 2807 3082 2861; x_wconf 89' lang='lat' dir='ltr'><strong><em>bibl.</em></strong></span> <span class='ocrx_word' id='word_1_533' title='bbox 3103 2806 3375 2870; x_wconf 69' lang='lat' dir='ltr'><strong><em>Jacobaza,</em></strong></span> <span class='ocrx_word' id='word_1_534' title='bbox 3407 2822 3462 2861; x_wconf 93' lang='lat' dir='ltr'><strong><em>n.</em></strong></span> <span class='ocrx_word' id='word_1_535' title='bbox 3502 2805 3762 2862; x_wconf 72' lang='lat' dir='ltr'><strong>MMMMM</strong></span> 
     </span>
    </p>
   </div>
   <div class='ocr_carea' id='block_1_71' title="bbox 2189 2896 3762 2968">
    <p class='ocr_par' dir='ltr' id='par_1_71' title="bbox 2189 2896 3762 2968">
     <span class='ocr_line' id='line_1_71' title="bbox 2189 2896 3762 2968; baseline -0.003 -14"><span class='ocrx_word' id='word_1_536' title='bbox 2189 2898 2576 2955; x_wconf 75' lang='lat' dir='ltr'><strong><em>MMDCDXVII</em></strong></span> <span class='ocrx_word' id='word_1_537' title='bbox 2611 2896 2731 2953; x_wconf 86' lang='lat' dir='ltr'><strong><em>Lat.</em></strong></span> <span class='ocrx_word' id='word_1_538' title='bbox 2762 2928 2837 2939; x_wconf 96' lang='lat'><strong>—</strong></span> <span class='ocrx_word' id='word_1_539' title='bbox 2863 2899 2924 2953; x_wconf 91' lang='lat' dir='ltr'><strong><em>In</em></strong></span> <span class='ocrx_word' id='word_1_540' title='bbox 2971 2897 3104 2952; x_wconf 89' lang='lat' dir='ltr'><strong><em>bibl.</em></strong></span> <span class='ocrx_word' id='word_1_541' title='bbox 3158 2897 3314 2968; x_wconf 86' lang='lat' dir='ltr'><strong><em>regia’</em></strong></span> <span class='ocrx_word' id='word_1_542' title='bbox 3349 2896 3656 2953; x_wconf 71' lang='lat' dir='ltr'><strong><em>Hatritensi</em></strong></span> <span class='ocrx_word' id='word_1_543' title='bbox 3690 2904 3762 2953; x_wconf 90' lang='lat' dir='ltr'><strong><em>est</em></strong></span> 
     </span>
    </p>
   </div>
   <div class='ocr_carea' id='block_1_72' title="bbox 2188 2986 3762 3054">
    <p class='ocr_par' dir='ltr' id='par_1_72' title="bbox 2188 2986 3762 3054">
     <span class='ocr_line' id='line_1_72' title="bbox 2188 2986 3762 3054; baseline -0.002 -8"><span class='ocrx_word' id='word_1_544' title='bbox 2188 2991 2313 3047; x_wconf 91' lang='lat' dir='ltr'><strong><em>cod.</em></strong></span> <span class='ocrx_word' id='word_1_545' title='bbox 2345 3007 2376 3046; x_wconf 90' lang='lat' dir='ltr'><strong><em>a</em></strong></span> <span class='ocrx_word' id='word_1_546' title='bbox 2406 2989 2693 3046; x_wconf 78' lang='lat' dir='ltr'><strong><em>Vincentio</em></strong></span> <span class='ocrx_word' id='word_1_547' title='bbox 2716 2989 2971 3044; x_wconf 82' lang='lat' dir='ltr'><strong><em>Mariner.</em></strong></span> <span class='ocrx_word' id='word_1_548' title='bbox 3008 2986 3319 3054; x_wconf 85' lang='lat' dir='ltr'><strong><em>Valentino,</em></strong></span> <span class='ocrx_word' id='word_1_549' title='bbox 3353 3005 3422 3043; x_wconf 83' lang='lat' dir='ltr'><strong><em>ex</em></strong></span> <span class='ocrx_word' id='word_1_550' title='bbox 3450 2993 3573 3044; x_wconf 90' lang='lat' dir='ltr'><strong><em>cod.</em></strong></span> <span class='ocrx_word' id='word_1_551' title='bbox 3600 2988 3762 3043; x_wconf 79' lang='lat' dir='ltr'><strong><em>Esco-</em></strong></span> 
     </span>
    </p>
   </div>
   <div class='ocr_carea' id='block_1_73' title="bbox 2189 3080 3762 3154">
    <p class='ocr_par' dir='ltr' id='par_1_73' title="bbox 2189 3080 3762 3154">
     <span class='ocr_line' id='line_1_73' title="bbox 2189 3080 3762 3154; baseline -0.003 -15"><span class='ocrx_word' id='word_1_552' title='bbox 2189 3084 2313 3139; x_wconf 87' lang='lat' dir='ltr'><strong><em>rial.</em></strong></span> <span class='ocrx_word' id='word_1_553' title='bbox 2346 3084 2636 3154; x_wconf 89' lang='lat' dir='ltr'><strong><em>antiquiss.</em></strong></span> <span class='ocrx_word' id='word_1_554' title='bbox 2664 3082 2758 3154; x_wconf 90' lang='lat' dir='ltr'><strong><em>qui</em></strong></span> <span class='ocrx_word' id='word_1_555' title='bbox 2784 3081 3038 3138; x_wconf 88' lang='lat' dir='ltr'><strong><em>incendio</em></strong></span> <span class='ocrx_word' id='word_1_556' title='bbox 3065 3080 3246 3137; x_wconf 88' lang='lat' dir='ltr'><strong><em>forsan</em></strong></span> <span class='ocrx_word' id='word_1_557' title='bbox 3283 3081 3631 3150; x_wconf 85' lang='lat' dir='ltr'><strong><em>absumptus,</em></strong></span> <span class='ocrx_word' id='word_1_558' title='bbox 3664 3097 3762 3136; x_wconf 86' lang='lat' dir='ltr'><strong><em>non</em></strong></span> 
     </span>
    </p>
   </div>
   <div class='ocr_carea' id='block_1_74' title="bbox 2191 3171 3762 3242">
    <p class='ocr_par' dir='ltr' id='par_1_74' title="bbox 2191 3171 3762 3242">
     <span class='ocr_line' id='line_1_74' title="bbox 2191 3171 3762 3242; baseline 0 -18"><span class='ocrx_word' id='word_1_559' title='bbox 2191 3171 2426 3241; x_wconf 89' lang='lat' dir='ltr'><strong><em>amplius</em></strong></span> <span class='ocrx_word' id='word_1_560' title='bbox 2454 3178 2653 3237; x_wconf 80' lang='lat' dir='ltr'><strong><em>exstat,</em></strong></span> <span class='ocrx_word' id='word_1_561' title='bbox 2711 3171 3042 3242; x_wconf 88' lang='lat' dir='ltr'><strong><em>descriptus,</em></strong></span> <span class='ocrx_word' id='word_1_562' title='bbox 3068 3171 3124 3225; x_wconf 91' lang='lat' dir='ltr'><strong><em>in</em></strong></span> <span class='ocrx_word' id='word_1_563' title='bbox 3172 3186 3281 3241; x_wconf 91' lang='lat' dir='ltr'><strong><em>quo</em></strong></span> <span class='ocrx_word' id='word_1_564' title='bbox 3313 3178 3441 3225; x_wconf 87' lang='lat' dir='ltr'><strong><em>sunt</em></strong></span> <span class='ocrx_word' id='word_1_565' title='bbox 3486 3171 3598 3227; x_wconf 89' lang='lat' dir='ltr'><strong><em>duo</em></strong></span> <span class='ocrx_word' id='word_1_566' title='bbox 3636 3171 3762 3228; x_wconf 88' lang='lat' dir='ltr'><strong><em>insi-</em></strong></span> 
     </span>
    </p>
   </div>
   <div class='ocr_carea' id='block_1_75' title="bbox 2191 3261 3762 3333">
    <p class='ocr_par' dir='ltr' id='par_1_75' title="bbox 2191 3261 3762 3333">
     <span class='ocr_line' id='line_1_75' title="bbox 2191 3261 3762 3333; baseline -0.001 -16"><span class='ocrx_word' id='word_1_567' title='bbox 2191 3262 2316 3333; x_wconf 82' lang='lat' dir='ltr'><strong><em>gnia</em></strong></span> <span class='ocrx_word' id='word_1_568' title='bbox 2345 3261 2646 3333; x_wconf 83' lang='lat' dir='ltr'><strong><em>fragmenta</em></strong></span> <span class='ocrx_word' id='word_1_569' title='bbox 2693 3278 2760 3317; x_wconf 85' lang='lat' dir='ltr'><strong><em>ex</em></strong></span> <span class='ocrx_word' id='word_1_570' title='bbox 2805 3261 3025 3318; x_wconf 88' lang='lat' dir='ltr'><strong><em>Eusebii</em></strong></span> <span class='ocrx_word' id='word_1_571' title='bbox 3076 3262 3147 3316; x_wconf 88' lang='grc' dir='ltr'><strong><em>ΙΙ.</em></strong></span> <span class='ocrx_word' id='word_1_572' title='bbox 3188 3262 3278 3329; x_wconf 88' lang='lat' dir='ltr'><strong><em>E.,</em></strong></span> <span class='ocrx_word' id='word_1_573' title='bbox 3308 3261 3459 3333; x_wconf 85' lang='lat' dir='ltr'><strong><em>prius</em></strong></span> <span class='ocrx_word' id='word_1_574' title='bbox 3492 3263 3633 3333; x_wconf 79' lang='grc' dir='ltr'><strong><em>Περὶ</em></strong></span> <span class='ocrx_word' id='word_1_575' title='bbox 3666 3261 3762 3315; x_wconf 70' lang='grc' dir='ltr'><strong><em>τῶν</em></strong></span> 
     </span>
    </p>
   </div>
   <div class='ocr_carea' id='block_1_76' title="bbox 2193 3352 3762 3426">
    <p class='ocr_par' dir='ltr' id='par_1_76' title="bbox 2193 3352 3762 3426">
     <span class='ocr_line' id='line_1_76' title="bbox 2193 3352 3762 3426; baseline 0 -19"><span class='ocrx_word' id='word_1_576' title='bbox 2193 3352 2484 3426; x_wconf 83' lang='grc' dir='ltr'><strong><em>μαρτύρων</em></strong></span> <span class='ocrx_word' id='word_1_577' title='bbox 2509 3354 2619 3410; x_wconf 82' lang='grc' dir='ltr'><strong><em>τῶν</em></strong></span> <span class='ocrx_word' id='word_1_578' title='bbox 2650 3357 2707 3409; x_wconf 88' lang='grc' dir='ltr'><strong><em>ὲν</em></strong></span> <span class='ocrx_word' id='word_1_579' title='bbox 2737 3355 3067 3426; x_wconf 63' lang='grc' dir='ltr'><strong><em>Καισαρείᾳ,</em></strong></span> <span class='ocrx_word' id='word_1_580' title='bbox 3104 3354 3209 3409; x_wconf 84' lang='grc' dir='ltr'>ὑπὸ</span> <span class='ocrx_word' id='word_1_581' title='bbox 3235 3355 3330 3407; x_wconf 79' lang='grc' dir='ltr'><strong><em>τοῦ</em></strong></span> <span class='ocrx_word' id='word_1_582' title='bbox 3384 3353 3762 3425; x_wconf 75' lang='grc' dir='ltr'><strong><em>Διοκλητιανοῦ</em></strong></span> 
     </span>
    </p>
   </div>
   <div class='ocr_carea' id='block_1_77' title="bbox 2188 3446 3762 3522">
    <p class='ocr_par' dir='ltr' id='par_1_77' title="bbox 2188 3446 3762 3522">
     <span class='ocr_line' id='line_1_77' title="bbox 2188 3446 3762 3522; baseline -0.002 -20"><span class='ocrx_word' id='word_1_583' title='bbox 2188 3450 2285 3503; x_wconf 77' lang='grc' dir='ltr'><strong><em>καὶ</em></strong></span> <span class='ocrx_word' id='word_1_584' title='bbox 2327 3449 2634 3521; x_wconf 82' lang='grc' dir='ltr'><strong><em>Μαξιμίνου</em></strong></span> <span class='ocrx_word' id='word_1_585' title='bbox 2686 3448 3169 3522; x_wconf 79' lang='grc' dir='ltr'><strong><em>μαρτυρησάντων,</em></strong></span> <span class='ocrx_word' id='word_1_586' title='bbox 3194 3448 3338 3520; x_wconf 89' lang='lat' dir='ltr'><strong><em>quod</em></strong></span> <span class='ocrx_word' id='word_1_587' title='bbox 3363 3446 3478 3518; x_wconf 89' lang='lat' dir='ltr'><strong><em>jam</em></strong></span> <span class='ocrx_word' id='word_1_588' title='bbox 3500 3455 3585 3503; x_wconf 87' lang='lat' dir='ltr'><strong><em>est</em></strong></span> <span class='ocrx_word' id='word_1_589' title='bbox 3609 3462 3762 3502; x_wconf 77' lang='lat' dir='ltr'><strong><em>excu</em></strong></span> 
     </span>
    </p>
   </div>
   <div class='ocr_carea' id='block_1_78' title="bbox 2190 3537 3762 3611">
    <p class='ocr_par' dir='ltr' id='par_1_78' title="bbox 2190 3537 3762 3611">
     <span class='ocr_line' id='line_1_78' title="bbox 2190 3537 3762 3611; baseline -0.002 -17"><span class='ocrx_word' id='word_1_590' title='bbox 2190 3554 2311 3594; x_wconf 89' lang='lat' dir='ltr'><strong><em>sum</em></strong></span> <span class='ocrx_word' id='word_1_591' title='bbox 2338 3540 2395 3593; x_wconf 89' lang='lat' dir='ltr'><strong><em>in</em></strong></span> <span class='ocrx_word' id='word_1_592' title='bbox 2411 3540 2498 3596; x_wconf 89' lang='lat' dir='ltr'><strong><em>ed.</em></strong></span> <span class='ocrx_word' id='word_1_593' title='bbox 2531 3539 2784 3606; x_wconf 88' lang='lat' dir='ltr'><strong><em>Eusebii;</em></strong></span> <span class='ocrx_word' id='word_1_594' title='bbox 2817 3539 3087 3609; x_wconf 79' lang='lat' dir='ltr'><strong><em>posterius</em></strong></span> <span class='ocrx_word' id='word_1_595' title='bbox 3117 3539 3254 3611; x_wconf 70' lang='lat' dir='ltr'><strong><em>napi.</em></strong></span> <span class='ocrx_word' id='word_1_596' title='bbox 3277 3538 3387 3592; x_wconf 84' lang='grc' dir='ltr'><strong><em>τῶν</em></strong></span> <span class='ocrx_word' id='word_1_597' title='bbox 3413 3537 3554 3591; x_wconf 71' lang='grc' dir='ltr'>κατὰ</span> <span class='ocrx_word' id='word_1_598' title='bbox 3587 3537 3762 3607; x_wconf 76' lang='grc' dir='ltr'><strong><em>διαφό-</em></strong></span> 
     </span>
    </p>
   </div>
   <div class='ocr_carea' id='block_1_79' title="bbox 2193 3631 3762 3705">
    <p class='ocr_par' dir='ltr' id='par_1_79' title="bbox 2193 3631 3762 3705">
     <span class='ocr_line' id='line_1_79' title="bbox 2193 3631 3762 3705; baseline -0.001 -20"><span class='ocrx_word' id='word_1_599' title='bbox 2193 3649 2321 3704; x_wconf 84' lang='grc' dir='ltr'><strong><em>ρους</em></strong></span> <span class='ocrx_word' id='word_1_600' title='bbox 2344 3634 2569 3705; x_wconf 83' lang='grc' dir='ltr'><strong><em>καιροὺς</em></strong></span> <span class='ocrx_word' id='word_1_601' title='bbox 2591 3635 2650 3687; x_wconf 79' lang='grc' dir='ltr'><strong><em>ὲν</em></strong></span> <span class='ocrx_word' id='word_1_602' title='bbox 2676 3631 2958 3702; x_wconf 77' lang='grc' dir='ltr'><strong><em>διαφόροις</em></strong></span> <span class='ocrx_word' id='word_1_603' title='bbox 2982 3632 3167 3685; x_wconf 86' lang='grc' dir='ltr'>πόλεσι</span> <span class='ocrx_word' id='word_1_604' title='bbox 3216 3632 3570 3704; x_wconf 83' lang='grc' dir='ltr'><strong><em>ἀθλησάντων</em></strong></span> <span class='ocrx_word' id='word_1_605' title='bbox 3604 3631 3762 3700; x_wconf 68' lang='grc' dir='ltr'><strong><em>ἁγίωι</em></strong></span> 
     </span>
    </p>
   </div>
   <div class='ocr_carea' id='block_1_80' title="bbox 2194 3724 3762 3797">
    <p class='ocr_par' dir='ltr' id='par_1_80' title="bbox 2194 3724 3762 3797">
     <span class='ocr_line' id='line_1_80' title="bbox 2194 3724 3762 3797; baseline 0.001 -20"><span class='ocrx_word' id='word_1_606' title='bbox 2194 3725 2508 3797; x_wconf 82' lang='grc' dir='ltr'><strong><em>μαρτύρων,</em></strong></span> <span class='ocrx_word' id='word_1_607' title='bbox 2540 3726 2709 3796; x_wconf 88' lang='lat' dir='ltr'><strong><em>quod,</em></strong></span> <span class='ocrx_word' id='word_1_608' title='bbox 2743 3728 2871 3797; x_wconf 89' lang='lat' dir='ltr'><strong><em>quia</em></strong></span> <span class='ocrx_word' id='word_1_609' title='bbox 2904 3726 3143 3781; x_wconf 85' lang='lat' dir='ltr'><strong><em>nondum</em></strong></span> <span class='ocrx_word' id='word_1_610' title='bbox 3175 3724 3381 3780; x_wconf 86' lang='lat' dir='ltr'><strong><em>editum</em></strong></span> <span class='ocrx_word' id='word_1_611' title='bbox 3426 3736 3534 3788; x_wconf 82' lang='lat' dir='ltr'><strong><em>est,</em></strong></span> <span class='ocrx_word' id='word_1_612' title='bbox 3578 3724 3762 3778; x_wconf 79' lang='lat' dir='ltr'><strong><em>Iriartt</em></strong></span> 
     </span>
    </p>
   </div>
   <div class='ocr_carea' id='block_1_81' title="bbox 2192 3816 3762 3888">
    <p class='ocr_par' dir='ltr' id='par_1_81' title="bbox 2192 3816 3762 3888">
     <span class='ocr_line' id='line_1_81' title="bbox 2192 3816 3762 3888; baseline 0 -18"><span class='ocrx_word' id='word_1_613' title='bbox 2192 3818 2248 3870; x_wconf 92' lang='lat' dir='ltr'><strong><em>in</em></strong></span> <span class='ocrx_word' id='word_1_614' title='bbox 2273 3817 2447 3873; x_wconf 82' lang='lat' dir='ltr'><strong><em>Catal.</em></strong></span> <span class='ocrx_word' id='word_1_615' title='bbox 2504 3817 2658 3874; x_wconf 88' lang='lat' dir='ltr'><strong><em>codd.</em></strong></span> <span class='ocrx_word' id='word_1_616' title='bbox 2697 3816 2792 3874; x_wconf 83' lang='lat' dir='ltr'><strong><em>Gr.</em></strong></span> <span class='ocrx_word' id='word_1_617' title='bbox 2851 3818 3097 3882; x_wconf 63' lang='lat' dir='ltr'><strong><em>Manut,</em></strong></span> <span class='ocrx_word' id='word_1_618' title='bbox 3150 3833 3205 3888; x_wconf 77' lang='grc' dir='ltr'><strong>ν.</strong></span> <span class='ocrx_word' id='word_1_619' title='bbox 3249 3816 3527 3883; x_wconf 66' lang='lat'><strong><em>548-552,</em></strong></span> <span class='ocrx_word' id='word_1_620' title='bbox 3564 3817 3762 3887; x_wconf 69' lang='lat' dir='ltr'><strong><em>primus</em></strong></span> 
     </span>
    </p>
   </div>
   <div class='ocr_carea' id='block_1_82' title="bbox 2189 3907 3762 3980">
    <p class='ocr_par' dir='ltr' id='par_1_82' title="bbox 2189 3907 3762 3980">
     <span class='ocr_line' id='line_1_82' title="bbox 2189 3907 3762 3980; baseline -0.001 -16"><span class='ocrx_word' id='word_1_621' title='bbox 2189 3910 2462 3980; x_wconf 80' lang='lat' dir='ltr'><strong><em>evulgavit</em></strong></span> <span class='ocrx_word' id='word_1_622' title='bbox 2484 3908 2779 3966; x_wconf 79' lang='lat' dir='ltr'><strong><em>Graece.-</em></strong></span> <span class='ocrx_word' id='word_1_623' title='bbox 2808 3910 2865 3965; x_wconf 94' lang='lat' dir='ltr'><strong><em>In</em></strong></span> <span class='ocrx_word' id='word_1_624' title='bbox 2900 3911 3031 3966; x_wconf 90' lang='lat' dir='ltr'><strong><em>bibl.</em></strong></span> <span class='ocrx_word' id='word_1_625' title='bbox 3060 3909 3315 3965; x_wconf 86' lang='lat' dir='ltr'><strong><em>Leidensi</em></strong></span> <span class='ocrx_word' id='word_1_626' title='bbox 3350 3907 3424 3965; x_wconf 87' lang='lat' dir='ltr'><strong><em>H.</em></strong></span> <span class='ocrx_word' id='word_1_627' title='bbox 3463 3908 3527 3962; x_wconf 85' lang='lat' dir='ltr'><strong><em>E.</em></strong></span> <span class='ocrx_word' id='word_1_628' title='bbox 3582 3907 3762 3962; x_wconf 62' lang='lat' dir='ltr'><strong><em>Latine</em></strong></span> 
     </span>
    </p>
   </div>
   <div class='ocr_carea' id='block_1_83' title="bbox 2195 4000 3762 4073">
    <p class='ocr_par' dir='ltr' id='par_1_83' title="bbox 2195 4000 3762 4073">
     <span class='ocr_line' id='line_1_83' title="bbox 2195 4000 3762 4073; baseline -0.001 -19"><span class='ocrx_word' id='word_1_629' title='bbox 2195 4000 2259 4058; x_wconf 83' lang='lat' dir='ltr'><strong><em>V.</em></strong></span> <span class='ocrx_word' id='word_1_630' title='bbox 2285 4001 2485 4065; x_wconf 80' lang='lat' dir='ltr'><strong><em>Catal.,</em></strong></span> <span class='ocrx_word' id='word_1_631' title='bbox 2529 4019 2583 4073; x_wconf 92' lang='lat' dir='ltr'><strong><em>p.</em></strong></span> <span class='ocrx_word' id='word_1_632' title='bbox 2633 4003 2760 4067; x_wconf 78' lang='lat'><strong><em>539,</em></strong></span> <span class='ocrx_word' id='word_1_633' title='bbox 2813 4020 2870 4059; x_wconf 88' lang='grc' dir='ltr'>ιι.</span> <span class='ocrx_word' id='word_1_634' title='bbox 2903 4004 2956 4061; x_wconf 84' lang='grc'><strong>1.</strong></span> <span class='ocrx_word' id='word_1_635' title='bbox 2986 4034 3057 4043; x_wconf 90' lang='grc'><strong><em>-</em></strong></span> <span class='ocrx_word' id='word_1_636' title='bbox 3091 4002 3341 4067; x_wconf 87' lang='lat' dir='ltr'><strong><em>Taurini,</em></strong></span> <span class='ocrx_word' id='word_1_637' title='bbox 3375 4002 3430 4056; x_wconf 90' lang='lat' dir='ltr'><strong><em>in</em></strong></span> <span class='ocrx_word' id='word_1_638' title='bbox 3456 4003 3589 4056; x_wconf 88' lang='lat' dir='ltr'><strong><em>bibl.</em></strong></span> <span class='ocrx_word' id='word_1_639' title='bbox 3626 4000 3762 4072; x_wconf 66' lang='lat' dir='ltr'><strong><em>regis</em></strong></span> 
     </span>
    </p>
   </div>
   <div class='ocr_carea' id='block_1_84' title="bbox 2190 4092 3762 4154">
    <p class='ocr_par' dir='ltr' id='par_1_84' title="bbox 2190 4092 3762 4154">
     <span class='ocr_line' id='line_1_84' title="bbox 2190 4092 3762 4154; baseline -0.001 -5"><span class='ocrx_word' id='word_1_640' title='bbox 2190 4094 2334 4149; x_wconf 89' lang='lat' dir='ltr'><strong><em>inter</em></strong></span> <span class='ocrx_word' id='word_1_641' title='bbox 2367 4093 2525 4150; x_wconf 87' lang='lat' dir='ltr'><strong><em>codd.</em></strong></span> <span class='ocrx_word' id='word_1_642' title='bbox 2563 4093 2678 4147; x_wconf 89' lang='lat' dir='ltr'><strong><em>Lat.</em></strong></span> <span class='ocrx_word' id='word_1_643' title='bbox 2706 4093 2884 4148; x_wconf 72' lang='lat' dir='ltr'><strong><em>Ruﬁni</em></strong></span> <span class='ocrx_word' id='word_1_644' title='bbox 2920 4093 3098 4148; x_wconf 88' lang='lat' dir='ltr'><strong><em>versio</em></strong></span> <span class='ocrx_word' id='word_1_645' title='bbox 3134 4094 3187 4147; x_wconf 90' lang='lat' dir='ltr'><strong><em>in</em></strong></span> <span class='ocrx_word' id='word_1_646' title='bbox 3216 4094 3377 4147; x_wconf 90' lang='lat' dir='ltr'><strong><em>codd.</em></strong></span> <span class='ocrx_word' id='word_1_647' title='bbox 3410 4092 3594 4154; x_wconf 83' lang='lat' dir='ltr'><strong><em>DLIX,</em></strong></span> <span class='ocrx_word' id='word_1_648' title='bbox 3635 4092 3762 4148; x_wconf 59' lang='lat' dir='ltr'><strong><em>DLK</em></strong></span> 
     </span>
    </p>
   </div>
   <div class='ocr_carea' id='block_1_85' title="bbox 2191 4183 3762 4243">
    <p class='ocr_par' dir='ltr' id='par_1_85' title="bbox 2191 4183 3762 4243">
     <span class='ocr_line' id='line_1_85' title="bbox 2191 4183 3762 4243; baseline -0.003 0"><span class='ocrx_word' id='word_1_649' title='bbox 2191 4196 2247 4243; x_wconf 91' lang='lat' dir='ltr'><strong><em>et</em></strong></span> <span class='ocrx_word' id='word_1_650' title='bbox 2285 4185 2543 4241; x_wconf 80' lang='lat' dir='ltr'><strong><em>DLXXV.</em></strong></span> <span class='ocrx_word' id='word_1_651' title='bbox 2592 4217 2663 4227; x_wconf 90' lang='lat'><strong><em>-</em></strong></span> <span class='ocrx_word' id='word_1_652' title='bbox 2708 4184 2997 4241; x_wconf 70' lang='lat' dir='ltr'><strong><em>Florentia:</em></strong></span> <span class='ocrx_word' id='word_1_653' title='bbox 3039 4185 3094 4239; x_wconf 90' lang='lat' dir='ltr'><strong><em>in</em></strong></span> <span class='ocrx_word' id='word_1_654' title='bbox 3146 4185 3279 4240; x_wconf 91' lang='lat' dir='ltr'><strong><em>bibl.</em></strong></span> <span class='ocrx_word' id='word_1_655' title='bbox 3324 4183 3490 4239; x_wconf 90' lang='lat' dir='ltr'><strong><em>Laur.</em></strong></span> <span class='ocrx_word' id='word_1_656' title='bbox 3534 4184 3762 4241; x_wconf 71' lang='lat' dir='ltr'><strong><em>Mediae:</em></strong></span> 
     </span>
    </p>
   </div>
   <div class='ocr_carea' id='block_1_86' title="bbox 2194 4276 3762 4348">
    <p class='ocr_par' dir='ltr' id='par_1_86' title="bbox 2194 4276 3762 4348">
     <span class='ocr_line' id='line_1_86' title="bbox 2194 4276 3762 4348; baseline -0.001 -15"><span class='ocrx_word' id='word_1_657' title='bbox 2194 4278 2314 4333; x_wconf 91' lang='lat' dir='ltr'><strong><em>cod.</em></strong></span> <span class='ocrx_word' id='word_1_658' title='bbox 2352 4286 2553 4334; x_wconf 91' lang='lat' dir='ltr'><strong><em>vetust.</em></strong></span> <span class='ocrx_word' id='word_1_659' title='bbox 2588 4276 2701 4341; x_wconf 85' lang='lat' dir='ltr'><strong><em>VII,</em></strong></span> <span class='ocrx_word' id='word_1_660' title='bbox 2734 4279 2875 4348; x_wconf 90' lang='lat' dir='ltr'><strong><em>plut.</em></strong></span> <span class='ocrx_word' id='word_1_661' title='bbox 2911 4279 2998 4345; x_wconf 87' lang='lat'><strong><em>70,</em></strong></span> <span class='ocrx_word' id='word_1_662' title='bbox 3026 4278 3093 4332; x_wconf 87' lang='lat' dir='ltr'><strong><em>de</em></strong></span> <span class='ocrx_word' id='word_1_663' title='bbox 3126 4293 3237 4347; x_wconf 90' lang='lat' dir='ltr'><strong><em>quo</em></strong></span> <span class='ocrx_word' id='word_1_664' title='bbox 3270 4278 3513 4333; x_wconf 89' lang='lat' dir='ltr'><strong><em>nondum</em></strong></span> <span class='ocrx_word' id='word_1_665' title='bbox 3538 4291 3762 4333; x_wconf 62' lang='lat' dir='ltr'><strong><em>excussr</em></strong></span> 
     </span>
    </p>
   </div>
   <div class='ocr_carea' id='block_1_87' title="bbox 2195 4368 3757 4442">
    <p class='ocr_par' dir='ltr' id='par_1_87' title="bbox 2195 4368 3757 4442">
     <span class='ocr_line' id='line_1_87' title="bbox 2195 4368 3757 4442; baseline 0 -16"><span class='ocrx_word' id='word_1_666' title='bbox 2195 4372 2402 4427; x_wconf 89' lang='lat' dir='ltr'><strong><em>multus</em></strong></span> <span class='ocrx_word' id='word_1_667' title='bbox 2439 4379 2525 4426; x_wconf 86' lang='lat' dir='ltr'><strong><em>est</em></strong></span> <span class='ocrx_word' id='word_1_668' title='bbox 2554 4370 2786 4426; x_wconf 87' lang='lat' dir='ltr'><strong><em>Bandin.</em></strong></span> <span class='ocrx_word' id='word_1_669' title='bbox 2814 4371 2868 4425; x_wconf 91' lang='lat' dir='ltr'><strong><em>iu</em></strong></span> <span class='ocrx_word' id='word_1_670' title='bbox 2899 4371 3020 4426; x_wconf 90' lang='lat' dir='ltr'><strong><em>Cat.</em></strong></span> <span class='ocrx_word' id='word_1_671' title='bbox 3053 4370 3214 4426; x_wconf 89' lang='lat' dir='ltr'><strong><em>codd.</em></strong></span> <span class='ocrx_word' id='word_1_672' title='bbox 3250 4368 3345 4425; x_wconf 78' lang='lat' dir='ltr'><strong><em>Gr.</em></strong></span> <span class='ocrx_word' id='word_1_673' title='bbox 3374 4368 3438 4435; x_wconf 93' lang='lat' dir='ltr'><strong><em>Il,</em></strong></span> <span class='ocrx_word' id='word_1_674' title='bbox 3465 4386 3518 4442; x_wconf 91' lang='lat' dir='ltr'><strong><em>p.</em></strong></span> <span class='ocrx_word' id='word_1_675' title='bbox 3550 4370 3661 4425; x_wconf 87' lang='grc'><strong><em>666</em></strong></span> <span class='ocrx_word' id='word_1_676' title='bbox 3693 4386 3757 4440; x_wconf 91' lang='lat' dir='ltr'><strong><em>sq</em></strong></span> 
     </span>
    </p>
   </div>
   <div class='ocr_carea' id='block_1_88' title="bbox 2195 4461 3755 4535">
    <p class='ocr_par' dir='ltr' id='par_1_88' title="bbox 2195 4461 3755 4535">
     <span class='ocr_line' id='line_1_88' title="bbox 2195 4461 3755 4535; baseline 0.001 -19"><span class='ocrx_word' id='word_1_677' title='bbox 2195 4495 2264 4505; x_wconf 89' lang='lat'><strong><em>—</em></strong></span> <span class='ocrx_word' id='word_1_678' title='bbox 2296 4463 2431 4518; x_wconf 89' lang='lat' dir='ltr'><strong><em>Ibid.</em></strong></span> <span class='ocrx_word' id='word_1_679' title='bbox 2467 4462 2591 4518; x_wconf 89' lang='lat' dir='ltr'><strong><em>cod.</em></strong></span> <span class='ocrx_word' id='word_1_680' title='bbox 2627 4461 2770 4527; x_wconf 82' lang='lat' dir='ltr'><strong><em>XXI,</em></strong></span> <span class='ocrx_word' id='word_1_681' title='bbox 2801 4479 2857 4517; x_wconf 81' lang='grc' dir='ltr'>ιι.</span> <span class='ocrx_word' id='word_1_682' title='bbox 2890 4463 2945 4527; x_wconf 72' lang='grc'><strong>4,</strong></span> <span class='ocrx_word' id='word_1_683' title='bbox 2976 4464 3112 4534; x_wconf 88' lang='lat' dir='ltr'><strong><em>plut.</em></strong></span> <span class='ocrx_word' id='word_1_684' title='bbox 3151 4464 3239 4529; x_wconf 87' lang='lat'><strong><em>70,</em></strong></span> <span class='ocrx_word' id='word_1_685' title='bbox 3271 4464 3338 4521; x_wconf 87' lang='lat' dir='ltr'><strong><em>de</em></strong></span> <span class='ocrx_word' id='word_1_686' title='bbox 3364 4479 3473 4535; x_wconf 92' lang='lat' dir='ltr'><strong><em>quo</em></strong></span> <span class='ocrx_word' id='word_1_687' title='bbox 3507 4462 3637 4518; x_wconf 91' lang='lat' dir='ltr'><strong><em>cod.</em></strong></span> <span class='ocrx_word' id='word_1_688' title='bbox 3664 4479 3755 4518; x_wconf 88' lang='lat' dir='ltr'><strong><em>me</em></strong></span> 
     </span>
    </p>
   </div>
   <div class='ocr_carea' id='block_1_89' title="bbox 522 4552 3762 4643">
    <p class='ocr_par' dir='ltr' id='par_1_89' title="bbox 522 4552 3762 4643">
     <span class='ocr_line' id='line_1_89' title="bbox 522 4552 3762 4643; baseline -0.001 -18"><span class='ocrx_word' id='word_1_689' title='bbox 522 4572 738 4626; x_wconf 90' lang='lat' dir='ltr'><strong><em>vocavit</em></strong></span> <span class='ocrx_word' id='word_1_690' title='bbox 770 4571 1026 4628; x_wconf 85' lang='lat' dir='ltr'><strong><em>Ruﬁnum</em></strong></span> <span class='ocrx_word' id='word_1_691' title='bbox 1066 4552 1138 4629; x_wconf 79' lang='lat' dir='ltr'><strong><em>ac</em></strong></span> <span class='ocrx_word' id='word_1_692' title='bbox 1164 4571 1532 4643; x_wconf 85' lang='lat' dir='ltr'><strong><em>Nicephorum</em></strong></span> <span class='ocrx_word' id='word_1_693' title='bbox 1563 4570 1831 4639; x_wconf 85' lang='lat' dir='ltr'><strong><em>aliosque.</em></strong></span> <span class='ocrx_word' id='word_1_694' title='bbox 1862 4568 1978 4633; x_wconf 82' lang='lat' dir='ltr'><strong><em>Qua</em></strong></span> <span class='ocrx_word' id='word_1_695' title='bbox 2007 4564 2091 4620; x_wconf 88' lang='lat' dir='ltr'><strong><em>di-</em></strong></span> <span class='ocrx_word' id='word_1_696' title='bbox 2123 4564 2168 4619; x_wconf 78' lang='grc' dir='ltr'><strong><em>Ι)</em></strong></span> <span class='ocrx_word' id='word_1_697' title='bbox 2198 4554 2472 4643; x_wconf 66' lang='grc' dir='ltr'><strong><em>ηιρΐεώίίίι</em></strong></span> <span class='ocrx_word' id='word_1_698' title='bbox 2506 4554 2598 4624; x_wconf 82' lang='grc' dir='ltr'><strong><em>(ιυί</em></strong></span> <span class='ocrx_word' id='word_1_699' title='bbox 2635 4562 2840 4625; x_wconf 60' lang='lat' dir='ltr'><strong><em>Partem</em></strong></span> <span class='ocrx_word' id='word_1_700' title='bbox 2866 4553 2993 4643; x_wconf 56' lang='grc' dir='ltr'><strong>ιξδνί</strong></span> <span class='ocrx_word' id='word_1_701' title='bbox 3038 4554 3118 4609; x_wconf 69' lang='lat' dir='ltr'><strong><em>De</em></strong></span> <span class='ocrx_word' id='word_1_702' title='bbox 3146 4555 3470 4625; x_wconf 68' lang='grc' dir='ltr'><strong><em>τηανιυνίθαε</em></strong></span> <span class='ocrx_word' id='word_1_703' title='bbox 3506 4555 3557 4608; x_wconf 76' lang='grc' dir='ltr'><strong><em>ίη</em></strong></span> <span class='ocrx_word' id='word_1_704' title='bbox 3592 4552 3762 4608; x_wconf 70' lang='grc' dir='ltr'><strong><em>Ραίω·</em></strong></span> 
     </span>
    </p>
   </div>
   <div class='ocr_carea' id='block_1_90' title="bbox 517 4656 2090 4733">
    <p class='ocr_par' dir='ltr' id='par_1_90' title="bbox 517 4656 2090 4733">
     <span class='ocr_line' id='line_1_90' title="bbox 517 4656 2090 4733; baseline -0.005 -18"><span class='ocrx_word' id='word_1_705' title='bbox 517 4662 736 4733; x_wconf 91' lang='lat' dir='ltr'><strong><em>ligentia</em></strong></span> <span class='ocrx_word' id='word_1_706' title='bbox 757 4664 956 4731; x_wconf 89' lang='lat' dir='ltr'><strong><em>effecit,</em></strong></span> <span class='ocrx_word' id='word_1_707' title='bbox 991 4673 1050 4720; x_wconf 93' lang='lat' dir='ltr'><strong><em>ut</em></strong></span> <span class='ocrx_word' id='word_1_708' title='bbox 1091 4663 1373 4718; x_wconf 90' lang='lat' dir='ltr'><strong><em>meliorem</em></strong></span> <span class='ocrx_word' id='word_1_709' title='bbox 1409 4666 1700 4715; x_wconf 77' lang='lat' dir='ltr'><strong><em>contextus</em></strong></span> <span class='ocrx_word' id='word_1_710' title='bbox 1731 4656 1961 4712; x_wconf 88' lang='lat' dir='ltr'><strong><em>formam</em></strong></span> <span class='ocrx_word' id='word_1_711' title='bbox 2006 4662 2090 4707; x_wconf 91' lang='lat' dir='ltr'><strong><em>at-</em></strong></span> 
     </span>
    </p>
   </div>
   <div class='ocr_carea' id='block_1_91' title="bbox 517 4745 2091 4825">
    <p class='ocr_par' dir='ltr' id='par_1_91' title="bbox 517 4745 2091 4825">
     <span class='ocr_line' id='line_1_91' title="bbox 517 4745 2091 4825; baseline -0.006 -17"><span class='ocrx_word' id='word_1_712' title='bbox 517 4768 623 4822; x_wconf 90' lang='lat' dir='ltr'><strong><em>que</em></strong></span> <span class='ocrx_word' id='word_1_713' title='bbox 664 4756 1109 4813; x_wconf 90' lang='lat' dir='ltr'><strong><em>constitutionem</em></strong></span> <span class='ocrx_word' id='word_1_714' title='bbox 1159 4752 1454 4825; x_wconf 83' lang='lat' dir='ltr'><strong><em>eilingeret.</em></strong></span> <span class='ocrx_word' id='word_1_715' title='bbox 1491 4748 1548 4804; x_wconf 87' lang='lat' dir='ltr'><strong><em>In</em></strong></span> <span class='ocrx_word' id='word_1_716' title='bbox 1578 4750 1741 4820; x_wconf 83' lang='lat' dir='ltr'><strong><em>longa</em></strong></span> <span class='ocrx_word' id='word_1_717' title='bbox 1774 4745 2091 4818; x_wconf 55' lang='lat' dir='ltr'><strong><em>praefatione</em></strong></span> 
     </span>
    </p>
   </div>
   <div class='ocr_carea' id='block_1_92' title="bbox 517 4837 2092 4904">
    <p class='ocr_par' dir='ltr' id='par_1_92' title="bbox 517 4837 2092 4904">
     <span class='ocr_line' id='line_1_92' title="bbox 517 4837 2092 4904; baseline -0.006 -5"><span class='ocrx_word' id='word_1_718' title='bbox 517 4844 802 4901; x_wconf 87' lang='lat' dir='ltr'><strong><em>historiam</em></strong></span> <span class='ocrx_word' id='word_1_719' title='bbox 829 4849 1076 4904; x_wconf 88' lang='lat' dir='ltr'><strong><em>criticam</em></strong></span> <span class='ocrx_word' id='word_1_720' title='bbox 1111 4854 1223 4900; x_wconf 90' lang='lat' dir='ltr'><strong><em>tam</em></strong></span> <span class='ocrx_word' id='word_1_721' title='bbox 1266 4843 1516 4900; x_wconf 92' lang='lat' dir='ltr'><strong><em>codicum</em></strong></span> <span class='ocrx_word' id='word_1_722' title='bbox 1550 4850 1605 4895; x_wconf 89' lang='lat' dir='ltr'><strong><em>et</em></strong></span> <span class='ocrx_word' id='word_1_723' title='bbox 1634 4838 1850 4894; x_wconf 87' lang='lat' dir='ltr'><strong><em>Eusebii</em></strong></span> <span class='ocrx_word' id='word_1_724' title='bbox 1882 4845 1936 4894; x_wconf 90' lang='lat' dir='ltr'><strong><em>et</em></strong></span> <span class='ocrx_word' id='word_1_725' title='bbox 1976 4837 2092 4891; x_wconf 86' lang='lat' dir='ltr'><strong><em>Ru-</em></strong></span> 
     </span>
    </p>
   </div>
   <div class='ocr_carea' id='block_1_93' title="bbox 518 4928 2092 5006">
    <p class='ocr_par' dir='ltr' id='par_1_93' title="bbox 518 4928 2092 5006">
     <span class='ocr_line' id='line_1_93' title="bbox 518 4928 2092 5006; baseline -0.004 -17"><span class='ocrx_word' id='word_1_726' title='bbox 518 4935 609 4990; x_wconf 88' lang='lat' dir='ltr'><strong><em>ﬁni</em></strong></span> <span class='ocrx_word' id='word_1_727' title='bbox 637 4937 1020 5006; x_wconf 83' lang='lat' dir='ltr'><strong><em>plurimorum,</em></strong></span> <span class='ocrx_word' id='word_1_728' title='bbox 1054 4937 1394 5006; x_wconf 90' lang='lat' dir='ltr'><strong><em>aliorumque</em></strong></span> <span class='ocrx_word' id='word_1_729' title='bbox 1451 4931 1824 4988; x_wconf 90' lang='lat' dir='ltr'><strong><em>subsidiorum</em></strong></span> <span class='ocrx_word' id='word_1_730' title='bbox 1859 4928 2092 4999; x_wconf 85' lang='lat' dir='ltr'><strong><em>scripto-</em></strong></span> 
     </span>
    </p>
   </div>
   <div class='ocr_carea' id='block_1_94' title="bbox 518 5020 2086 5100">
    <p class='ocr_par' dir='ltr' id='par_1_94' title="bbox 518 5020 2086 5100">
     <span class='ocr_line' id='line_1_94' title="bbox 518 5020 2086 5100; baseline -0.004 -18"><span class='ocrx_word' id='word_1_731' title='bbox 518 5044 659 5093; x_wconf 89' lang='lat' dir='ltr'><strong><em>rum,</em></strong></span> <span class='ocrx_word' id='word_1_732' title='bbox 692 5045 854 5100; x_wconf 88' lang='lat' dir='ltr'><strong><em>quam</em></strong></span> <span class='ocrx_word' id='word_1_733' title='bbox 908 5031 1211 5100; x_wconf 86' lang='lat' dir='ltr'><strong><em>editionum</em></strong></span> <span class='ocrx_word' id='word_1_734' title='bbox 1271 5024 1527 5082; x_wconf 82' lang='lat' dir='ltr'><strong><em>coniecit.</em></strong></span> <span class='ocrx_word' id='word_1_735' title='bbox 1572 5022 1755 5090; x_wconf 87' lang='lat' dir='ltr'><strong><em>Quare</em></strong></span> <span class='ocrx_word' id='word_1_736' title='bbox 1813 5022 1881 5078; x_wconf 88' lang='lat' dir='ltr'><strong><em>de</em></strong></span> <span class='ocrx_word' id='word_1_737' title='bbox 1925 5020 2086 5077; x_wconf 87' lang='lat' dir='ltr'><strong><em>codd.</em></strong></span> 
     </span>
    </p>
   </div>
   <div class='ocr_carea' id='block_1_95' title="bbox 517 5112 2091 5190">
    <p class='ocr_par' dir='ltr' id='par_1_95' title="bbox 517 5112 2091 5190">
     <span class='ocr_line' id='line_1_95' title="bbox 517 5112 2091 5190; baseline -0.005 -17"><span class='ocrx_word' id='word_1_738' title='bbox 517 5136 653 5175; x_wconf 90' lang='lat' dir='ltr'><strong><em>mss.</em></strong></span> <span class='ocrx_word' id='word_1_739' title='bbox 688 5121 962 5190; x_wconf 76' lang='lat' dir='ltr'><strong><em>praecipue</em></strong></span> <span class='ocrx_word' id='word_1_740' title='bbox 988 5118 1168 5172; x_wconf 83' lang='lat' dir='ltr'><strong><em>Ruﬁni</em></strong></span> <span class='ocrx_word' id='word_1_741' title='bbox 1199 5116 1431 5179; x_wconf 87' lang='lat' dir='ltr'><strong><em>Latinis,</em></strong></span> <span class='ocrx_word' id='word_1_742' title='bbox 1463 5113 1648 5168; x_wconf 85' lang='lat' dir='ltr'><strong><em>licebit</em></strong></span> <span class='ocrx_word' id='word_1_743' title='bbox 1682 5112 1840 5168; x_wconf 90' lang='lat' dir='ltr'><strong><em>nobis</em></strong></span> <span class='ocrx_word' id='word_1_744' title='bbox 1867 5127 1990 5169; x_wconf 83' lang='lat' dir='ltr'><strong><em>esse</em></strong></span> <span class='ocrx_word' id='word_1_745' title='bbox 2025 5126 2091 5166; x_wconf 90' lang='lat' dir='ltr'><strong><em>eo</em></strong></span> 
     </span>
    </p>
   </div>
   <div class='ocr_carea' id='block_1_96' title="bbox 517 5203 2089 5278">
    <p class='ocr_par' dir='ltr' id='par_1_96' title="bbox 517 5203 2089 5278">
     <span class='ocr_line' id='line_1_96' title="bbox 517 5203 2089 5278; baseline -0.005 -11"><span class='ocrx_word' id='word_1_746' title='bbox 517 5211 883 5268; x_wconf 88' lang='lat' dir='ltr'><strong><em>brevioribus.</em></strong></span> <span class='ocrx_word' id='word_1_747' title='bbox 933 5241 1004 5251; x_wconf 92' lang='lat'><strong>—</strong></span> <span class='ocrx_word' id='word_1_748' title='bbox 1035 5209 1095 5263; x_wconf 89' lang='lat' dir='ltr'><strong><em>In</em></strong></span> <span class='ocrx_word' id='word_1_749' title='bbox 1129 5209 1257 5265; x_wconf 90' lang='lat' dir='ltr'><strong><em>bibl.</em></strong></span> <span class='ocrx_word' id='word_1_750' title='bbox 1290 5208 1506 5278; x_wconf 89' lang='lat' dir='ltr'><strong><em>publica</em></strong></span> <span class='ocrx_word' id='word_1_751' title='bbox 1537 5205 1715 5261; x_wconf 89' lang='lat' dir='ltr'><strong><em>Paris.</em></strong></span> <span class='ocrx_word' id='word_1_752' title='bbox 1749 5215 1832 5267; x_wconf 86' lang='lat' dir='ltr'><strong><em>est</em></strong></span> <span class='ocrx_word' id='word_1_753' title='bbox 1876 5205 1931 5259; x_wconf 93' lang='lat' dir='ltr'><strong><em>in</em></strong></span> <span class='ocrx_word' id='word_1_754' title='bbox 1965 5203 2089 5260; x_wconf 91' lang='lat' dir='ltr'><strong><em>cod.</em></strong></span> 
     </span>
    </p>
   </div>
   <div class='ocr_carea' id='block_1_97' title="bbox 518 5293 2092 5365">
    <p class='ocr_par' dir='ltr' id='par_1_97' title="bbox 518 5293 2092 5365">
     <span class='ocr_line' id='line_1_97' title="bbox 518 5293 2092 5365; baseline -0.005 -10"><span class='ocrx_word' id='word_1_755' title='bbox 518 5298 727 5355; x_wconf 82' lang='lat' dir='ltr'><strong><em>CDXIV</em></strong></span> <span class='ocrx_word' id='word_1_756' title='bbox 795 5299 937 5353; x_wconf 88' lang='lat' dir='ltr'><strong><em>liber</em></strong></span> <span class='ocrx_word' id='word_1_757' title='bbox 995 5313 1049 5365; x_wconf 75' lang='grc' dir='ltr'><strong><em>ις</em></strong></span> <span class='ocrx_word' id='word_1_758' title='bbox 1110 5326 1182 5337; x_wconf 95' lang='lat'><strong><em>-—</em></strong></span> <span class='ocrx_word' id='word_1_759' title='bbox 1236 5298 1289 5351; x_wconf 93' lang='lat' dir='ltr'><strong><em>in</em></strong></span> <span class='ocrx_word' id='word_1_760' title='bbox 1356 5304 1480 5352; x_wconf 93' lang='lat' dir='ltr'><strong><em>octo</em></strong></span> <span class='ocrx_word' id='word_1_761' title='bbox 1537 5295 1698 5352; x_wconf 88' lang='lat' dir='ltr'><strong><em>codd.</em></strong></span> <span class='ocrx_word' id='word_1_762' title='bbox 1768 5293 2092 5349; x_wconf 77' lang='lat' dir='ltr'><strong><em>MCDXXX-</em></strong></span> 
     </span>
    </p>
   </div>
   <div class='ocr_carea' id='block_1_98' title="bbox 520 5386 2095 5453">
    <p class='ocr_par' dir='ltr' id='par_1_98' title="bbox 520 5386 2095 5453">
     <span class='ocr_line' id='line_1_98' title="bbox 520 5386 2095 5453; baseline -0.004 -6"><span class='ocrx_word' id='word_1_763' title='bbox 520 5389 909 5448; x_wconf 73' lang='lat' dir='ltr'><strong><em>MCDXXXVII</em></strong></span> <span class='ocrx_word' id='word_1_764' title='bbox 942 5389 1129 5444; x_wconf 86' lang='lat' dir='ltr'><strong><em>decem</em></strong></span> <span class='ocrx_word' id='word_1_765' title='bbox 1155 5388 1282 5443; x_wconf 87' lang='lat' dir='ltr'><strong><em>libri</em></strong></span> <span class='ocrx_word' id='word_1_766' title='bbox 1320 5396 1487 5453; x_wconf 89' lang='lat' dir='ltr'><strong><em>sunt,</em></strong></span> <span class='ocrx_word' id='word_1_767' title='bbox 1520 5386 1793 5443; x_wconf 88' lang='lat' dir='ltr'><strong><em>interdum</em></strong></span> <span class='ocrx_word' id='word_1_768' title='bbox 1827 5386 1968 5441; x_wconf 88' lang='lat' dir='ltr'><strong><em>haud</em></strong></span> <span class='ocrx_word' id='word_1_769' title='bbox 2010 5387 2095 5441; x_wconf 90' lang='lat' dir='ltr'><strong><em>in-</em></strong></span> 
     </span>
    </p>
   </div>
   <div class='ocr_carea' id='block_1_99' title="bbox 521 5478 2091 5554">
    <p class='ocr_par' dir='ltr' id='par_1_99' title="bbox 521 5478 2091 5554">
     <span class='ocr_line' id='line_1_99' title="bbox 521 5478 2091 5554; baseline -0.003 -16"><span class='ocrx_word' id='word_1_770' title='bbox 521 5484 691 5554; x_wconf 80' lang='lat' dir='ltr'><strong><em>tegri;</em></strong></span> <span class='ocrx_word' id='word_1_771' title='bbox 740 5481 1023 5536; x_wconf 80' lang='lat' dir='ltr'><strong><em>confector</em></strong></span> <span class='ocrx_word' id='word_1_772' title='bbox 1065 5495 1192 5535; x_wconf 89' lang='lat' dir='ltr'><strong><em>vero</em></strong></span> <span class='ocrx_word' id='word_1_773' title='bbox 1224 5479 1489 5545; x_wconf 74' lang='lat' dir='ltr'><strong><em>Catalogi.</em></strong></span> <span class='ocrx_word' id='word_1_774' title='bbox 1543 5489 1674 5535; x_wconf 90' lang='lat' dir='ltr'><strong><em>tom.</em></strong></span> <span class='ocrx_word' id='word_1_775' title='bbox 1702 5478 1764 5544; x_wconf 93' lang='lat' dir='ltr'><strong><em>II,</em></strong></span> <span class='ocrx_word' id='word_1_776' title='bbox 1801 5495 1924 5550; x_wconf 82' lang='lat' dir='ltr'><strong><em>pag.</em></strong></span> <span class='ocrx_word' id='word_1_777' title='bbox 1965 5480 2091 5547; x_wconf 77' lang='grc'><strong>517,</strong></span> 
     </span>
    </p>
   </div>
   <div class='ocr_carea' id='block_1_100' title="bbox 522 5564 2093 5644">
    <p class='ocr_par' dir='ltr' id='par_1_100' title="bbox 522 5564 2093 5644">
     <span class='ocr_line' id='line_1_100' title="bbox 522 5564 2093 5644; baseline 0.001 -16"><span class='ocrx_word' id='word_1_778' title='bbox 522 5573 923 5636; x_wconf 85' lang='lat' dir='ltr'><strong><em>animadvertit,</em></strong></span> <span class='ocrx_word' id='word_1_779' title='bbox 953 5572 1157 5630; x_wconf 90' lang='lat' dir='ltr'><strong><em>codicis</em></strong></span> <span class='ocrx_word' id='word_1_780' title='bbox 1181 5564 1494 5628; x_wconf 78' lang='lat' dir='ltr'><strong><em>MCDXXXI</em></strong></span> <span class='ocrx_word' id='word_1_781' title='bbox 1521 5589 1643 5644; x_wconf 92' lang='lat' dir='ltr'><strong><em>ope,</em></strong></span> <span class='ocrx_word' id='word_1_782' title='bbox 1670 5588 1770 5628; x_wconf 83' lang='lat' dir='ltr'><strong><em>nec</em></strong></span> <span class='ocrx_word' id='word_1_783' title='bbox 1802 5589 1832 5627; x_wconf 87' lang='lat' dir='ltr'><strong><em>a</em></strong></span> <span class='ocrx_word' id='word_1_784' title='bbox 1855 5571 2093 5639; x_wconf 84' lang='lat' dir='ltr'><strong><em>Valesio,</em></strong></span> 
     </span>
    </p>
   </div>
   <div class='ocr_carea' id='block_1_101' title="bbox 525 5662 2096 5735">
    <p class='ocr_par' dir='ltr' id='par_1_101' title="bbox 525 5662 2096 5735">
     <span class='ocr_line' id='line_1_101' title="bbox 525 5662 2096 5735; baseline 0.002 -19"><span class='ocrx_word' id='word_1_785' title='bbox 525 5678 683 5717; x_wconf 89' lang='lat' dir='ltr'><strong><em>neca</em></strong></span> <span class='ocrx_word' id='word_1_786' title='bbox 716 5664 927 5718; x_wconf 78' lang='lat' dir='ltr'><strong><em>caeteris</em></strong></span> <span class='ocrx_word' id='word_1_787' title='bbox 975 5663 1100 5731; x_wconf 90' lang='lat' dir='ltr'><strong><em>visi,</em></strong></span> <span class='ocrx_word' id='word_1_788' title='bbox 1156 5664 1338 5734; x_wconf 87' lang='lat' dir='ltr'><strong><em>operis</em></strong></span> <span class='ocrx_word' id='word_1_789' title='bbox 1377 5664 1523 5720; x_wconf 91' lang='lat' dir='ltr'><strong><em>illius</em></strong></span> <span class='ocrx_word' id='word_1_790' title='bbox 1580 5662 1871 5719; x_wconf 88' lang='lat' dir='ltr'><strong><em>editionem</em></strong></span> <span class='ocrx_word' id='word_1_791' title='bbox 1934 5678 2096 5735; x_wconf 84' lang='lat' dir='ltr'><strong><em>posse</em></strong></span> 
     </span>
    </p>
   </div>
   <div class='ocr_carea' id='block_1_102' title="bbox 530 5752 2091 5827">
    <p class='ocr_par' dir='ltr' id='par_1_102' title="bbox 530 5752 2091 5827">
     <span class='ocr_line' id='line_1_102' title="bbox 530 5752 2091 5827; baseline 0 -19"><span class='ocrx_word' id='word_1_792' title='bbox 530 5753 701 5809; x_wconf 90' lang='lat' dir='ltr'><strong><em>multo</em></strong></span> <span class='ocrx_word' id='word_1_793' title='bbox 732 5752 1158 5810; x_wconf 89' lang='lat' dir='ltr'><strong><em>emendatiorem</em></strong></span> <span class='ocrx_word' id='word_1_794' title='bbox 1194 5755 1451 5825; x_wconf 89' lang='lat' dir='ltr'><strong><em>prodire;</em></strong></span> <span class='ocrx_word' id='word_1_795' title='bbox 1486 5756 1608 5811; x_wconf 88' lang='lat' dir='ltr'><strong><em>libri</em></strong></span> <span class='ocrx_word' id='word_1_796' title='bbox 1631 5764 1812 5812; x_wconf 88' lang='lat' dir='ltr'><strong><em>autem</em></strong></span> <span class='ocrx_word' id='word_1_797' title='bbox 1875 5756 2091 5827; x_wconf 83' lang='lat' dir='ltr'><strong><em>septimi</em></strong></span> 
     </span>
    </p>
   </div>
   <div class='ocr_carea' id='block_1_103' title="bbox 531 5841 2093 5918">
    <p class='ocr_par' dir='ltr' id='par_1_103' title="bbox 531 5841 2093 5918">
     <span class='ocr_line' id='line_1_103' title="bbox 531 5841 2093 5918; baseline 0.007 -22"><span class='ocrx_word' id='word_1_798' title='bbox 531 5855 687 5913; x_wconf 89' lang='lat' dir='ltr'><strong><em>capp.</em></strong></span> <span class='ocrx_word' id='word_1_799' title='bbox 711 5841 778 5897; x_wconf 80' lang='lat' dir='ltr'><strong><em>I5</em></strong></span> <span class='ocrx_word' id='word_1_800' title='bbox 803 5849 859 5897; x_wconf 90' lang='lat' dir='ltr'><strong><em>et</em></strong></span> <span class='ocrx_word' id='word_1_801' title='bbox 888 5842 951 5897; x_wconf 84' lang='lat' dir='ltr'><strong><em>I6</em></strong></span> <span class='ocrx_word' id='word_1_802' title='bbox 980 5843 1296 5902; x_wconf 82' lang='lat' dir='ltr'><strong><em>desiderari.</em></strong></span> <span class='ocrx_word' id='word_1_803' title='bbox 1326 5847 1476 5903; x_wconf 81' lang='lat' dir='ltr'><strong><em>Adde</em></strong></span> <span class='ocrx_word' id='word_1_804' title='bbox 1494 5847 1791 5905; x_wconf 85' lang='lat' dir='ltr'><strong><em>Montfauc.</em></strong></span> <span class='ocrx_word' id='word_1_805' title='bbox 1829 5847 2093 5918; x_wconf 73' lang='lat' dir='ltr'><strong><em>Pala’ogr.</em></strong></span> 
     </span>
    </p>
   </div>
   <div class='ocr_carea' id='block_1_104' title="bbox 2192 4642 3762 4714">
    <p class='ocr_par' dir='ltr' id='par_1_104' title="bbox 2192 4642 3762 4714">
     <span class='ocr_line' id='line_1_104' title="bbox 2192 4642 3762 4714; baseline 0.002 -19"><span class='ocrx_word' id='word_1_806' title='bbox 2192 4642 2333 4696; x_wconf 86' lang='lat' dir='ltr'><strong><em>stina</em></strong></span> <span class='ocrx_word' id='word_1_807' title='bbox 2364 4644 2537 4713; x_wconf 84' lang='lat' dir='ltr'><strong><em>passis</em></strong></span> <span class='ocrx_word' id='word_1_808' title='bbox 2569 4643 2708 4697; x_wconf 90' lang='lat' dir='ltr'><strong><em>libro</em></strong></span> <span class='ocrx_word' id='word_1_809' title='bbox 2737 4658 2835 4697; x_wconf 76' lang='lat' dir='ltr'><strong><em>vui</em></strong></span> <span class='ocrx_word' id='word_1_810' title='bbox 2868 4642 2935 4699; x_wconf 91' lang='lat' dir='ltr'><strong><em>E.</em></strong></span> <span class='ocrx_word' id='word_1_811' title='bbox 2973 4643 3071 4709; x_wconf 91' lang='lat' dir='ltr'><strong><em>H.,</em></strong></span> <span class='ocrx_word' id='word_1_812' title='bbox 3098 4651 3304 4714; x_wconf 88' lang='lat' dir='ltr'><strong><em>partem</em></strong></span> <span class='ocrx_word' id='word_1_813' title='bbox 3338 4654 3517 4700; x_wconf 87' lang='lat' dir='ltr'><strong><em>autem</em></strong></span> <span class='ocrx_word' id='word_1_814' title='bbox 3568 4644 3720 4699; x_wconf 87' lang='lat' dir='ltr'><strong><em>libro</em></strong></span> <span class='ocrx_word' id='word_1_815' title='bbox 3750 4659 3762 4698; x_wconf 80' lang='grc' dir='ltr'><strong><em>ι</em></strong></span> 
     </span>
    </p>
   </div>
   <div class='ocr_carea' id='block_1_105' title="bbox 2194 4735 3762 4807">
    <p class='ocr_par' dir='ltr' id='par_1_105' title="bbox 2194 4735 3762 4807">
     <span class='ocr_line' id='line_1_105' title="bbox 2194 4735 3762 4807; baseline -0.001 -17"><span class='ocrx_word' id='word_1_816' title='bbox 2194 4735 2493 4805; x_wconf 89' lang='lat' dir='ltr'><strong><em>subjectam</em></strong></span> <span class='ocrx_word' id='word_1_817' title='bbox 2524 4742 2577 4789; x_wconf 88' lang='lat' dir='ltr'><strong><em>et</em></strong></span> <span class='ocrx_word' id='word_1_818' title='bbox 2605 4735 2710 4788; x_wconf 91' lang='lat' dir='ltr'><strong><em>alia</em></strong></span> <span class='ocrx_word' id='word_1_819' title='bbox 2753 4735 2936 4801; x_wconf 80' lang='lat' dir='ltr'><strong><em>habet,</em></strong></span> <span class='ocrx_word' id='word_1_820' title='bbox 2959 4752 3010 4791; x_wconf 92' lang='lat' dir='ltr'><strong><em>v.</em></strong></span> <span class='ocrx_word' id='word_1_821' title='bbox 3032 4736 3263 4791; x_wconf 87' lang='lat' dir='ltr'><strong><em>Bandin.</em></strong></span> <span class='ocrx_word' id='word_1_822' title='bbox 3306 4737 3345 4793; x_wconf 94' lang='lat' dir='ltr'><strong><em>I.</em></strong></span> <span class='ocrx_word' id='word_1_823' title='bbox 3380 4752 3457 4802; x_wconf 91' lang='lat' dir='ltr'><strong><em>c.,</em></strong></span> <span class='ocrx_word' id='word_1_824' title='bbox 3485 4752 3537 4807; x_wconf 91' lang='lat' dir='ltr'><strong><em>p.</em></strong></span> <span class='ocrx_word' id='word_1_825' title='bbox 3574 4737 3762 4791; x_wconf 81' lang='grc'><strong>681.-</strong></span> 
     </span>
    </p>
   </div>
   <div class='ocr_carea' id='block_1_106' title="bbox 2198 4827 3762 4896">
    <p class='ocr_par' dir='ltr' id='par_1_106' title="bbox 2198 4827 3762 4896">
     <span class='ocr_line' id='line_1_106' title="bbox 2198 4827 3762 4896; baseline 0.002 -15"><span class='ocrx_word' id='word_1_826' title='bbox 2198 4827 2438 4883; x_wconf 78' lang='lat' dir='ltr'><strong><em>Venetiis</em></strong></span> <span class='ocrx_word' id='word_1_827' title='bbox 2474 4827 2528 4881; x_wconf 89' lang='lat' dir='ltr'><strong><em>in</em></strong></span> <span class='ocrx_word' id='word_1_828' title='bbox 2551 4829 2682 4884; x_wconf 89' lang='lat' dir='ltr'><strong><em>bibl.</em></strong></span> <span class='ocrx_word' id='word_1_829' title='bbox 2711 4827 2775 4887; x_wconf 91' lang='lat' dir='ltr'><strong><em>D.</em></strong></span> <span class='ocrx_word' id='word_1_830' title='bbox 2813 4829 2979 4884; x_wconf 84' lang='lat' dir='ltr'><strong><em>Marci</em></strong></span> <span class='ocrx_word' id='word_1_831' title='bbox 3009 4828 3082 4884; x_wconf 87' lang='lat' dir='ltr'><strong><em>H.</em></strong></span> <span class='ocrx_word' id='word_1_832' title='bbox 3115 4829 3181 4884; x_wconf 87' lang='lat' dir='ltr'><strong><em>E.</em></strong></span> <span class='ocrx_word' id='word_1_833' title='bbox 3215 4831 3311 4886; x_wconf 86' lang='lat' dir='ltr'><strong><em>lib.</em></strong></span> <span class='ocrx_word' id='word_1_834' title='bbox 3347 4847 3404 4896; x_wconf 75' lang='grc' dir='ltr'>ι,</span> <span class='ocrx_word' id='word_1_835' title='bbox 3436 4828 3554 4893; x_wconf 87' lang='lat' dir='ltr'><strong><em>Gr.,</em></strong></span> <span class='ocrx_word' id='word_1_836' title='bbox 3586 4831 3646 4884; x_wconf 84' lang='lat' dir='ltr'><strong><em>in</em></strong></span> <span class='ocrx_word' id='word_1_837' title='bbox 3679 4830 3762 4884; x_wconf 39' lang='lat' dir='ltr'><strong><em>tri.</em></strong></span> 
     </span>
    </p>
   </div>
   <div class='ocr_carea' id='block_1_107' title="bbox 2193 4918 3756 4988">
    <p class='ocr_par' dir='ltr' id='par_1_107' title="bbox 2193 4918 3756 4988">
     <span class='ocr_line' id='line_1_107' title="bbox 2193 4918 3756 4988; baseline 0.002 -14"><span class='ocrx_word' id='word_1_838' title='bbox 2193 4920 2297 4975; x_wconf 91' lang='lat' dir='ltr'><strong><em>bus</em></strong></span> <span class='ocrx_word' id='word_1_839' title='bbox 2324 4918 2486 4974; x_wconf 87' lang='lat' dir='ltr'><strong><em>codd.</em></strong></span> <span class='ocrx_word' id='word_1_840' title='bbox 2518 4918 3309 4988; x_wconf 76' lang='lat' dir='ltr'><strong><em>CCCXXXVll-CCCXXXIX;</em></strong></span> <span class='ocrx_word' id='word_1_841' title='bbox 3345 4941 3399 4978; x_wconf 89' lang='lat' dir='ltr'><strong><em>v.</em></strong></span> <span class='ocrx_word' id='word_1_842' title='bbox 3456 4922 3578 4979; x_wconf 87' lang='lat' dir='ltr'><strong><em>Cat.</em></strong></span> <span class='ocrx_word' id='word_1_843' title='bbox 3615 4925 3756 4978; x_wconf 81' lang='lat' dir='ltr'><strong><em>codd</em></strong></span> 
     </span>
    </p>
   </div>
   <div class='ocr_carea' id='block_1_108' title="bbox 2194 5010 3750 5082">
    <p class='ocr_par' dir='ltr' id='par_1_108' title="bbox 2194 5010 3750 5082">
     <span class='ocr_line' id='line_1_108' title="bbox 2194 5010 3750 5082; baseline 0.001 -16"><span class='ocrx_word' id='word_1_844' title='bbox 2194 5010 2313 5077; x_wconf 70' lang='lat' dir='ltr'><strong><em>GL,</em></strong></span> <span class='ocrx_word' id='word_1_845' title='bbox 2343 5026 2396 5080; x_wconf 91' lang='lat' dir='ltr'><strong><em>p.</em></strong></span> <span class='ocrx_word' id='word_1_846' title='bbox 2430 5010 2535 5065; x_wconf 83' lang='grc'><strong><em>156</em></strong></span> <span class='ocrx_word' id='word_1_847' title='bbox 2567 5028 2675 5082; x_wconf 92' lang='lat' dir='ltr'><strong><em>sq.,</em></strong></span> <span class='ocrx_word' id='word_1_848' title='bbox 2709 5021 2763 5068; x_wconf 90' lang='lat' dir='ltr'><strong><em>et</em></strong></span> <span class='ocrx_word' id='word_1_849' title='bbox 2803 5015 2858 5068; x_wconf 92' lang='lat' dir='ltr'><strong><em>in</em></strong></span> <span class='ocrx_word' id='word_1_850' title='bbox 2899 5014 3074 5069; x_wconf 90' lang='lat' dir='ltr'><strong><em>tribus</em></strong></span> <span class='ocrx_word' id='word_1_851' title='bbox 3115 5014 3278 5069; x_wconf 85' lang='lat' dir='ltr'><strong><em>codd.</em></strong></span> <span class='ocrx_word' id='word_1_852' title='bbox 3324 5014 3423 5068; x_wconf 88' lang='lat' dir='ltr'><strong><em>lat.</em></strong></span> <span class='ocrx_word' id='word_1_853' title='bbox 3465 5013 3750 5069; x_wconf 77' lang='lat' dir='ltr'><strong><em>CCCXLV’</em></strong></span> 
     </span>
    </p>
   </div>
   <div class='ocr_carea' id='block_1_109' title="bbox 2194 5102 3762 5174">
    <p class='ocr_par' dir='ltr' id='par_1_109' title="bbox 2194 5102 3762 5174">
     <span class='ocr_line' id='line_1_109' title="bbox 2194 5102 3762 5174; baseline 0.002 -15"><span class='ocrx_word' id='word_1_854' title='bbox 2194 5102 2518 5160; x_wconf 81' lang='lat' dir='ltr'><strong><em>CCCXLVII</em></strong></span> <span class='ocrx_word' id='word_1_855' title='bbox 2568 5104 2639 5161; x_wconf 87' lang='lat' dir='ltr'><strong><em>H.</em></strong></span> <span class='ocrx_word' id='word_1_856' title='bbox 2683 5106 2747 5163; x_wconf 87' lang='lat' dir='ltr'><strong><em>E.</em></strong></span> <span class='ocrx_word' id='word_1_857' title='bbox 2785 5122 2816 5161; x_wconf 90' lang='lat' dir='ltr'><strong><em>a</em></strong></span> <span class='ocrx_word' id='word_1_858' title='bbox 2859 5105 3057 5160; x_wconf 83' lang='lat' dir='ltr'><strong><em>Ruﬁno</em></strong></span> <span class='ocrx_word' id='word_1_859' title='bbox 3099 5123 3289 5174; x_wconf 85' lang='lat' dir='ltr'><strong><em>versa;</em></strong></span> <span class='ocrx_word' id='word_1_860' title='bbox 3336 5126 3387 5163; x_wconf 84' lang='lat' dir='ltr'><strong><em>v.</em></strong></span> <span class='ocrx_word' id='word_1_861' title='bbox 3438 5107 3563 5164; x_wconf 88' lang='lat' dir='ltr'><strong><em>Cat.</em></strong></span> <span class='ocrx_word' id='word_1_862' title='bbox 3617 5110 3762 5165; x_wconf 84' lang='lat' dir='ltr'><strong><em>codd</em></strong></span> 
     </span>
    </p>
   </div>
   <div class='ocr_carea' id='block_1_110' title="bbox 2195 5196 3762 5273">
    <p class='ocr_par' dir='ltr' id='par_1_110' title="bbox 2195 5196 3762 5273">
     <span class='ocr_line' id='line_1_110' title="bbox 2195 5196 3762 5273; baseline 0.003 -22"><span class='ocrx_word' id='word_1_863' title='bbox 2195 5196 2343 5263; x_wconf 92' lang='lat' dir='ltr'><strong><em>Lat.,</em></strong></span> <span class='ocrx_word' id='word_1_864' title='bbox 2375 5213 2496 5269; x_wconf 82' lang='lat' dir='ltr'><strong><em>pag.</em></strong></span> <span class='ocrx_word' id='word_1_865' title='bbox 2523 5199 2626 5253; x_wconf 79' lang='grc'><strong>146</strong></span> <span class='ocrx_word' id='word_1_866' title='bbox 2650 5217 2733 5271; x_wconf 90' lang='lat' dir='ltr'><strong><em>sq.</em></strong></span> <span class='ocrx_word' id='word_1_867' title='bbox 2758 5230 2827 5239; x_wconf 92' lang='lat'><strong>—</strong></span> <span class='ocrx_word' id='word_1_868' title='bbox 2849 5198 2984 5255; x_wconf 89' lang='lat' dir='ltr'><strong><em>Ibid.</em></strong></span> <span class='ocrx_word' id='word_1_869' title='bbox 3016 5200 3073 5254; x_wconf 90' lang='lat' dir='ltr'><strong><em>in</em></strong></span> <span class='ocrx_word' id='word_1_870' title='bbox 3097 5200 3220 5254; x_wconf 92' lang='lat' dir='ltr'><strong><em>cod.</em></strong></span> <span class='ocrx_word' id='word_1_871' title='bbox 3249 5200 3475 5256; x_wconf 80' lang='lat' dir='ltr'><strong><em>Macarii</em></strong></span> <span class='ocrx_word' id='word_1_872' title='bbox 3512 5201 3762 5273; x_wconf 66' lang='lat' dir='ltr'><strong><em>‘PoSwvzc‘,</em></strong></span> 
     </span>
    </p>
   </div>
   <div class='ocr_carea' id='block_1_111' title="bbox 2197 5292 3761 5364">
    <p class='ocr_par' dir='ltr' id='par_1_111' title="bbox 2197 5292 3761 5364">
     <span class='ocr_line' id='line_1_111' title="bbox 2197 5292 3761 5364; baseline 0 -16"><span class='ocrx_word' id='word_1_873' title='bbox 2197 5301 2326 5348; x_wconf 90' lang='lat' dir='ltr'><strong><em>sunt</em></strong></span> <span class='ocrx_word' id='word_1_874' title='bbox 2370 5301 2624 5364; x_wconf 77' lang='lat' dir='ltr'><strong><em>excerpta</em></strong></span> <span class='ocrx_word' id='word_1_875' title='bbox 2677 5309 2741 5349; x_wconf 89' lang='lat' dir='ltr'><strong><em>ex</em></strong></span> <span class='ocrx_word' id='word_1_876' title='bbox 2784 5292 3006 5347; x_wconf 78' lang='lat' dir='ltr'><strong><em>Eusebii</em></strong></span> <span class='ocrx_word' id='word_1_877' title='bbox 3058 5292 3129 5347; x_wconf 88' lang='lat' dir='ltr'><strong><em>H.</em></strong></span> <span class='ocrx_word' id='word_1_878' title='bbox 3166 5292 3259 5359; x_wconf 87' lang='lat' dir='ltr'><strong><em>E.,</em></strong></span> <span class='ocrx_word' id='word_1_879' title='bbox 3293 5302 3433 5350; x_wconf 86' lang='lat' dir='ltr'><strong><em>teste</em></strong></span> <span class='ocrx_word' id='word_1_880' title='bbox 3480 5293 3761 5351; x_wconf 81' lang='lat' dir='ltr'><strong><em>Villoison</em></strong></span> 
     </span>
    </p>
   </div>
   <div class='ocr_carea' id='block_1_112' title="bbox 2198 5383 3762 5456">
    <p class='ocr_par' dir='ltr' id='par_1_112' title="bbox 2198 5383 3762 5456">
     <span class='ocr_line' id='line_1_112' title="bbox 2198 5383 3762 5456; baseline 0.003 -18"><span class='ocrx_word' id='word_1_881' title='bbox 2198 5385 2253 5439; x_wconf 89' lang='lat' dir='ltr'><strong><em>in</em></strong></span> <span class='ocrx_word' id='word_1_882' title='bbox 2278 5385 2474 5440; x_wconf 83' lang='lat' dir='ltr'><strong><em>Anecd.</em></strong></span> <span class='ocrx_word' id='word_1_883' title='bbox 2511 5384 2634 5449; x_wconf 82' lang='lat' dir='ltr'><strong><em>Gr.,</em></strong></span> <span class='ocrx_word' id='word_1_884' title='bbox 2674 5394 2806 5440; x_wconf 91' lang='lat' dir='ltr'><strong><em>tom.</em></strong></span> <span class='ocrx_word' id='word_1_885' title='bbox 2850 5383 2912 5450; x_wconf 88' lang='lat' dir='ltr'><strong><em>II,</em></strong></span> <span class='ocrx_word' id='word_1_886' title='bbox 2955 5399 3079 5456; x_wconf 80' lang='lat' dir='ltr'><strong><em>pag.</em></strong></span> <span class='ocrx_word' id='word_1_887' title='bbox 3107 5385 3194 5441; x_wconf 83' lang='grc'><strong>71.</strong></span> <span class='ocrx_word' id='word_1_888' title='bbox 3222 5416 3291 5425; x_wconf 84' lang='grc'><strong><em>-</em></strong></span> <span class='ocrx_word' id='word_1_889' title='bbox 3326 5385 3692 5452; x_wconf 70' lang='lat' dir='ltr'><strong><em>Vindobonse,</em></strong></span> <span class='ocrx_word' id='word_1_890' title='bbox 3732 5390 3762 5442; x_wconf 82' lang='lat' dir='ltr'><strong><em>ll</em></strong></span> 
     </span>
    </p>
   </div>
   <div class='ocr_carea' id='block_1_113' title="bbox 2198 5476 3762 5543">
    <p class='ocr_par' dir='ltr' id='par_1_113' title="bbox 2198 5476 3762 5543">
     <span class='ocr_line' id='line_1_113' title="bbox 2198 5476 3762 5543; baseline 0.001 -11"><span class='ocrx_word' id='word_1_891' title='bbox 2198 5477 2330 5532; x_wconf 91' lang='lat' dir='ltr'><strong><em>bibl.</em></strong></span> <span class='ocrx_word' id='word_1_892' title='bbox 2362 5476 2593 5543; x_wconf 49' lang='lat' dir='ltr'><strong><em>Caesar&quot;</em></strong></span> <span class='ocrx_word' id='word_1_893' title='bbox 2627 5478 2752 5533; x_wconf 91' lang='lat' dir='ltr'><strong><em>cod.</em></strong></span> <span class='ocrx_word' id='word_1_894' title='bbox 2781 5477 2917 5532; x_wconf 79' lang='lat' dir='ltr'><strong><em>XLII</em></strong></span> <span class='ocrx_word' id='word_1_895' title='bbox 2949 5479 3005 5533; x_wconf 91' lang='lat' dir='ltr'><strong><em>in</em></strong></span> <span class='ocrx_word' id='word_1_896' title='bbox 3038 5484 3230 5532; x_wconf 89' lang='lat' dir='ltr'><strong><em>catena</em></strong></span> <span class='ocrx_word' id='word_1_897' title='bbox 3274 5478 3329 5532; x_wconf 90' lang='lat' dir='ltr'><strong><em>in</em></strong></span> <span class='ocrx_word' id='word_1_898' title='bbox 3361 5477 3420 5533; x_wconf 90' lang='lat' dir='ltr'><strong><em>S.</em></strong></span> <span class='ocrx_word' id='word_1_899' title='bbox 3454 5476 3665 5531; x_wconf 83' lang='lat' dir='ltr'><strong><em>Lucam</em></strong></span> <span class='ocrx_word' id='word_1_900' title='bbox 3701 5498 3762 5533; x_wconf 74' lang='lat' dir='ltr'><strong><em>es</em></strong></span> 
     </span>
    </p>
   </div>
   <div class='ocr_carea' id='block_1_114' title="bbox 2198 5570 3762 5643">
    <p class='ocr_par' dir='ltr' id='par_1_114' title="bbox 2198 5570 3762 5643">
     <span class='ocr_line' id='line_1_114' title="bbox 2198 5570 3762 5643; baseline 0.001 -19"><span class='ocrx_word' id='word_1_901' title='bbox 2198 5572 2392 5643; x_wconf 86' lang='lat' dir='ltr'><strong><em>longus</em></strong></span> <span class='ocrx_word' id='word_1_902' title='bbox 2421 5572 2575 5627; x_wconf 87' lang='lat' dir='ltr'><strong><em>locus</em></strong></span> <span class='ocrx_word' id='word_1_903' title='bbox 2612 5571 2680 5627; x_wconf 91' lang='lat' dir='ltr'><strong><em>de</em></strong></span> <span class='ocrx_word' id='word_1_904' title='bbox 2707 5572 2988 5626; x_wconf 89' lang='lat' dir='ltr'><strong><em>nativitate</em></strong></span> <span class='ocrx_word' id='word_1_905' title='bbox 3026 5570 3229 5626; x_wconf 84' lang='lat' dir='ltr'><strong><em>Christi</em></strong></span> <span class='ocrx_word' id='word_1_906' title='bbox 3262 5588 3327 5626; x_wconf 82' lang='lat' dir='ltr'><strong><em>ex</em></strong></span> <span class='ocrx_word' id='word_1_907' title='bbox 3354 5570 3573 5625; x_wconf 87' lang='lat' dir='ltr'><strong><em>Eusebii</em></strong></span> <span class='ocrx_word' id='word_1_908' title='bbox 3601 5570 3685 5623; x_wconf 86' lang='grc' dir='ltr'><strong>Η.</strong></span> <span class='ocrx_word' id='word_1_909' title='bbox 3716 5573 3762 5626; x_wconf 82' lang='lat' dir='ltr'><strong><em>E</em></strong></span> 
     </span>
    </p>
   </div>
   <div class='ocr_carea' id='block_1_115' title="bbox 2197 5660 3762 5734">
    <p class='ocr_par' dir='ltr' id='par_1_115' title="bbox 2197 5660 3762 5734">
     <span class='ocr_line' id='line_1_115' title="bbox 2197 5660 3762 5734; baseline 0.001 -18"><span class='ocrx_word' id='word_1_910' title='bbox 2197 5662 2322 5718; x_wconf 88' lang='lat' dir='ltr'><strong><em>libr.</em></strong></span> <span class='ocrx_word' id='word_1_911' title='bbox 2352 5680 2389 5732; x_wconf 88' lang='lat' dir='ltr'><strong><em>I,</em></strong></span> <span class='ocrx_word' id='word_1_912' title='bbox 2417 5679 2539 5734; x_wconf 91' lang='lat' dir='ltr'><strong><em>cap.</em></strong></span> <span class='ocrx_word' id='word_1_913' title='bbox 2570 5662 2604 5718; x_wconf 88' lang='grc'><strong><em>6</em></strong></span> <span class='ocrx_word' id='word_1_914' title='bbox 2627 5669 2682 5717; x_wconf 91' lang='lat' dir='ltr'><strong><em>et</em></strong></span> <span class='ocrx_word' id='word_1_915' title='bbox 2710 5662 2760 5726; x_wconf 91' lang='lat'><strong><em>7,</em></strong></span> <span class='ocrx_word' id='word_1_916' title='bbox 2786 5661 2945 5730; x_wconf 86' lang='lat' dir='ltr'><strong><em>cujus</em></strong></span> <span class='ocrx_word' id='word_1_917' title='bbox 2969 5660 3472 5716; x_wconf 89' lang='lat' dir='ltr'><strong><em>codicislectionem</em></strong></span> <span class='ocrx_word' id='word_1_918' title='bbox 3488 5660 3653 5717; x_wconf 84' lang='lat' dir='ltr'><strong><em>valde</em></strong></span> <span class='ocrx_word' id='word_1_919' title='bbox 3685 5665 3762 5718; x_wconf 90' lang='lat' dir='ltr'><strong><em>dil</em></strong></span> 
     </span>
    </p>
   </div>
   <div class='ocr_carea' id='block_1_116' title="bbox 2201 5750 3761 5819">
    <p class='ocr_par' dir='ltr' id='par_1_116' title="bbox 2201 5750 3761 5819">
     <span class='ocr_line' id='line_1_116' title="bbox 2201 5750 3761 5819; baseline -0.001 -11"><span class='ocrx_word' id='word_1_920' title='bbox 2201 5753 2342 5811; x_wconf 81' lang='lat' dir='ltr'><strong><em>ferre</em></strong></span> <span class='ocrx_word' id='word_1_921' title='bbox 2369 5756 2437 5811; x_wconf 90' lang='lat' dir='ltr'><strong><em>ab</em></strong></span> <span class='ocrx_word' id='word_1_922' title='bbox 2465 5754 2648 5819; x_wconf 71' lang='lat' dir='ltr'><strong><em>editis,</em></strong></span> <span class='ocrx_word' id='word_1_923' title='bbox 2673 5751 2984 5809; x_wconf 83' lang='lat' dir='ltr'><strong><em>observavit</em></strong></span> <span class='ocrx_word' id='word_1_924' title='bbox 3011 5750 3335 5809; x_wconf 88' lang='lat' dir='ltr'><strong><em>Lambecius</em></strong></span> <span class='ocrx_word' id='word_1_925' title='bbox 3363 5752 3664 5809; x_wconf 85' lang='lat' dir='ltr'><strong><em>Comment.</em></strong></span> <span class='ocrx_word' id='word_1_926' title='bbox 3695 5771 3761 5809; x_wconf 86' lang='grc' dir='ltr'><strong><em>ιιι</em></strong></span> 
     </span>
    </p>
   </div>
   <div class='ocr_carea' id='block_1_117' title="bbox 2200 5844 3762 5920">
    <p class='ocr_par' dir='ltr' id='par_1_117' title="bbox 2200 5844 3762 5920">
     <span class='ocr_line' id='line_1_117' title="bbox 2200 5844 3762 5920; baseline 0.002 -19"><span class='ocrx_word' id='word_1_927' title='bbox 2200 5864 2253 5920; x_wconf 89' lang='lat' dir='ltr'><strong><em>p.</em></strong></span> <span class='ocrx_word' id='word_1_928' title='bbox 2295 5849 2394 5904; x_wconf 79' lang='grc'><strong><em>165</em></strong></span> <span class='ocrx_word' id='word_1_929' title='bbox 2429 5864 2543 5918; x_wconf 84' lang='lat' dir='ltr'><strong><em>seq.</em></strong></span> <span class='ocrx_word' id='word_1_930' title='bbox 2576 5876 2646 5888; x_wconf 89' lang='lat'><strong><em>—</em></strong></span> <span class='ocrx_word' id='word_1_931' title='bbox 2678 5845 2940 5911; x_wconf 88' lang='lat' dir='ltr'><strong><em>Excerpta</em></strong></span> <span class='ocrx_word' id='word_1_932' title='bbox 2974 5844 3220 5911; x_wconf 61' lang='lat' dir='ltr'><strong><em>quadam</em></strong></span> <span class='ocrx_word' id='word_1_933' title='bbox 3261 5862 3326 5902; x_wconf 83' lang='lat' dir='ltr'><strong><em>ex</em></strong></span> <span class='ocrx_word' id='word_1_934' title='bbox 3356 5846 3424 5901; x_wconf 78' lang='lat' dir='ltr'><strong><em>fl.</em></strong></span> <span class='ocrx_word' id='word_1_935' title='bbox 3462 5846 3525 5900; x_wconf 88' lang='lat' dir='ltr'><strong><em>E.</em></strong></span> <span class='ocrx_word' id='word_1_936' title='bbox 3562 5846 3619 5899; x_wconf 88' lang='lat' dir='ltr'><strong><em>in</em></strong></span> <span class='ocrx_word' id='word_1_937' title='bbox 3649 5851 3762 5904; x_wconf 86' lang='lat' dir='ltr'><strong><em>cod</em></strong></span> 
     </span>
    </p>
   </div>
  </div>
