3794 6330
115 325 167 380 55

1520 307 1821 365 ΝΟΤΙΉΑ.

3232 315 3298 372 5-1

113 432 404 497 CCCXXX“,
434 449 488 487 n.
533 431 620 499 12,
653 430 906 485 Lambec.
943 428 1012 494 V,
1044 445 1098 499 p.
1135 429 1238 484 6M
1270 444 1354 499 sq.
1378 458 1450 466 -—
1479 426 1626 482 Mos-
1658 433 1702 488 Α
1732 425 2111 497 Bruggemann
2163 426 2320 494 View,
2350 434 2482 493 etc.,
2531 444 2585 499 p.
2619 429 2724 486 595
2757 445 2878 501 sqq.
2911 461 2980 472 ——
3002 431 3298 503 Epistolam

113 546 204 602 qua:
229 535 335 582 sunt
361 525 400 578 ll
441 524 594 579 codd.
629 555 696 563 —
730 521 1105 577 Montfaucon.
1155 523 1210 576 in
1244 521 1388 576 Bibl.
1431 519 1620 573 biblio-

115 623 269 673 thecar.
303 633 420 670 mss.
455 615 718 668 infinitam
759 629 896 683 pene
941 613 1155 682 copiam
1189 628 1320 668 mss.
1366 627 1490 667 cum
1520 611 1616 667 Gr.

114 721 200 764 tum
236 708 448 761 maxime
495 704 838 772 Latinorum,
882 704 936 758 in
984 704 1115 758 bibl.
1171 702 1346 758 Vatic.
1389 704 1621 774 aliisque

114 807 360 868 obviorum,
400 801 680 872 producit;
728 799 876 871 quod
929 799 1150 870 quidem
1197 798 1503 863 indicasse,
1554 814 1622 854 ne

115 898 240 952 nimis
268 895 514 949 verbosus
548 892 697 957 liam,
735 892 986 948 sulliciat.
1023 890 1192 945 "ARL.

164 988 464 1049 Germanice,
492 985 710 1039 Eusebii
750 993 804 1038 et
857 983 1038 1038 Rufini
1073 993 1234 1054 atque
1271 982 1620 1051 Tripartitam

115 1082 359 1136 Historiam
390 1095 510 1133 cum
551 1079 962 1132 continuatione
993 1093 1166 1147 usque
1192 1076 1260 1130 ad
1293 1076 1356 1131 A.
1386 1077 1448 1131 C.
1485 1077 1622 1132 1545

111 1174 240 1228 edidit
266 1171 317 1228 Ι).
346 1170 548 1241 Gaspar
574 1170 1193 1240 Hedion.Argentorati,
1225 1170 1367 1240 apud
1401 1168 1449 1224 J.
1487 1169 1621 1224 Her-

114 1263 313 1332 wagium,
348 1260 496 1322 1515,
528 1259 623 1314 fol.
659 1257 822 1312 FABR.
859 1289 928 1298 —
968 1257 1030 1314 lt.
1072 1257 1328 1313 Francol‘.
1367 1259 1433 1313 ad
1484 1258 1620 1313 Μω-

113 1373 225 1410 num.
251 1355 390 1409 {582.
419 1353 508 1406 fol.
541 1385 609 1392 —
642 1352 868 1406 Auctior
899 1359 1051 1421 pante
1078 1367 1130 1404 tv
1166 1367 1290 1404 cum
1327 1352 1622 1406 continua-

113 1453 221 1503 tione
247 1449 304 1501 ab
331 1463 378 1500 a.
420 1445 578 1501 1545.
608 1461 783 1516 usque
813 1446 877 1498 ad
906 1461 954 1498 a.
985 1445 1143 1505 1607,
1168 1444 1356 1512 Basil.,
1399 1461 1488 1515 ap.
1525 1443 1624 1500 Se-

113 1542 215 1594 bast.
247 1536 441 1592 llenric.
475 1536 644 1600 Petri,
671 1536 851 1591 fol.—
873 1535 1093 1591 Eusebii
1125 1534 1621 1608 Kircltengeschich-

115 1640 172 1690 te,
215 1644 295 1680 aus
332 1628 438 1681 dem
493 1626 702 1682 Griech.
755 1656 830 1668 —
893 1625 1009 1680 Und
1067 1629 1162 1680 mit
1221 1628 1620 1700 Anmerh‘ungen

115 1723 310 1775 erltiutert
337 1737 424 1774 von
471 1718 625 1774 Frid.
659 1719 830 1774 Andr.
862 1718 1089 1782 Stroth.,
1128 1720 1419 1786 Quedlinb.
1458 1724 1618 1787 1777,

113 1812 150 1874 8,
176 1812 206 1864 ll
230 1821 342 1866 tom.
385 1811 552 1865 Hau.
594 1811 865 1882 Excerpta
904 1812 957 1866 in
988 1811 1264 1868 Roessleri
1292 1813 1435 1869 Bibl.
1476 1815 1617 1883 PP.,
1655 1795 1694 1849 Β

112 1914 207 1962 tom.
237 1904 310 1969 IV,
347 1922 396 1976 p.
428 1907 450 1960 1
490 1923 613 1976 sqq.

159 1997 330 2068 Belgice
370 1998 568 2068 prodiit
609 1997 872 2053 Dordraci
921 1998 1082 2060 1615,
1127 1997 1220 2053 fol.
1274 1998 1441 2054 Fsan.
1479 2033 1548 2040 —
1578 2001 1620 2056 E

113 2087 253 2144 Graeco
282 2107 514 2145 sermone
552 2091 606 2145 in
637 2090 912 2161 Belgicum
948 2092 1228 2147 transtulit
1264 2101 1317 2148 et
1348 2095 1616 2150 adnotatt.

115 2182 361 2237 illustravit.
409 2184 537 2236 Abr.
597 2185 767 2236 Arent
828 2200 928 2236 van
969 2183 1035 2238 de
1075 2183 1346 2246 Meersch,
1385 2188 1616 2244 Amstel.

120 2272 231 2336 1719,
256 2273 300 2325 4.
340 2272 398 2329 V.
437 2273 648 2328 Krohn.
683 2273 860 2328 Catal.
905 2273 1029 2328 bibl.
1064 2292 1195 2340 suae,
1231 2294 1282 2348 p.
1320 2277 1410 2333 90.
1441 2277 1615 2333 "ABL.

163 2367 362 2436 Anglice,
397 2383 490 2436 per
545 2366 857 2421 Samuelem
904 2366 1206 2424 Parkerum
1246 2386 1436 2426 versos
1466 2381 1519 2426 et
1565 2375 1620 2427 in

118 2459 326 2530 epitomen
357 2461 608 2516 redactos
640 2459 858 2515 Eusebii
892 2461 1065 2517 libros
1101 2480 1132 2516 x
1167 2463 1424 2520 Historia:
1458 2466 1622 2520 eccle-

119 2555 306 2614 siastica,
333 2553 488 2608 didici
515 2570 583 2609 ex
610 2552 845 2608 Novellis
881 2553 1026 2623 Reip.
1063 2555 1341 2610 litterariis
1368 2573 1419 2613 a.
1460 2558 1617 2624 1705,

119 2661 253 2700 mense
275 2649 524 2717 Augusto,
561 2661 682 2717 pag.
714 2645 841 2701 2:29.
869 2644 1036 2702 FABR.
1063 2679 1133 2688 —-
1157 2647 1395 2712 Eusebii,
1432 2649 1624 2703 Socra-

119 2738 168 2792 tis
185 2747 225 2792 et
250 2737 441 2810 Evagrii
480 2739 551 2792 Il.
589 2738 656 2794 E.
689 2753 812 2793 cum
843 2737 1112 2794 Dorotheo
1145 2739 1221 2794 De
1251 2741 1370 2795 vitis
1400 2741 1620 2810 prophe-

120 2836 263 2894 tarum,
308 2833 662 2899 apostolorum
706 2839 755 2884 et
803 2828 955 2883 LXX
995 2831 1378 2901 discipulorum
1428 2835 1481 2888 in
1520 2835 1623 2888 lin-

120 2937 234 2990 guam
259 2924 514 2993 Anglicum
558 2926 830 2981 convertit
875 2926 1134 2980 Meredith
1172 2926 1449 2990 Hammer,
1484 2926 1625 2981 Lon-

122 3013 356 3082 dini1577,
389 3019 548 3085 1585,
585 3020 750 3085 1607,
789 3021 948 3083 1656,
975 3029 1049 3083 et,
1085 3020 1270 3074 addita
1325 3018 1447 3073 Vita
1483 3018 1624 3074 Con-

122 3108 286 3160 stantini
317 3111 388 3165 M.
425 3127 490 3166 ex
537 3110 730 3166 Graeco
770 3111 986 3167 Eusebii
1035 3110 1262 3182 Anglice
1306 3127 1482 3174 versa,
1527 3127 1625 3183 per

124 3197 219 3268 Wye
239 3199 566 3268 Saltonftall.,
603 3204 776 3260 Lond.
813 3205 971 3268 1650,
1001 3203 1086 3268 F.,
1121 3221 1232 3259 rec.
1273 3219 1394 3258 cum
1425 3203 1624 3259 Valesii

124 3296 323 3350 adnotalt.
378 3298 642 3354 Cantabr.
701 3299 861 3362 1685,
913 3299 1071 3366 1692,
1116 3298 1275 3359 1696,
1328 3299 1486 3366 1709,
1530 3299 1623 3354 fol.

124 3386 359 3444 -Eusebii
383 3378 452 3446 Il.
487 3392 556 3445 E.
593 3393 765 3448 libros
799 3409 832 3446 χ
854 3393 1079 3462 Anglice
1111 3394 1272 3446 vertit
1297 3403 1350 3448 et
1371 3407 1628 3460 compen-

123 3479 253 3534 difecit
278 3484 410 3538 Sam.
437 3484 665 3548 Parker,
693 3485 911 3556 praeﬁxa
948 3486 1089 3540 diss.
1113 3483 1192 3538 De
1216 3501 1312 3538 usu
1340 3493 1496 3554 atque
1526 3501 1618 3536 au-

123 3575 300 3629 ctoritate
332 3576 397 3630 Η.
433 3576 498 3631 E.
531 3589 583 3632 et
619 3579 724 3631 vita
759 3576 987 3638 Eusebii,
1024 3585 1128 3631 etc.
1171 3575 1428 3638 Londini,
1465 3575 1622 3636 1705,

124 3662 241 3729 8;et,
268 3668 434 3722 addito
472 3676 625 3723 temo
654 3668 715 3732 ll,
765 3685 812 3724 s.
853 3669 1090 3738 epitome
1125 3667 1198 3720 II.
1247 3665 1313 3720 E.
1359 3663 1624 3726 Socratis,

127 3752 340 3814 Sozomeni
366 3773 416 3817 et
435 3761 780 3824 Theodoriti,
802 3777 899 3831 per
924 3761 1175 3814 eumdem
1204 3758 1429 3813 Parker.
1452 3757 1624 3812 Lond.

128 3846 235 3911 1729,
258 3851 302 3906 4.
324 3885 390 3894 -
411 3853 556 3909 Loca
583 3856 830 3926 quaedam
858 3853 1076 3907 Eusebii
1104 3862 1158 3907 et
1195 3852 1442 3906 Socratis
1470 3865 1628 3906 versa

128 3937 163 3990 in
182 3939 392 4000 Whiston
427 3946 722 4001 Collection
765 3946 826 4014 of
849 3947 1054 3999 ancient
1104 3953 1454 3997 monuments.
1487 3941 1621 3995 rela-

127 4031 199 4100 ting
233 4045 275 4088 to
309 4036 637 4109 lheﬁTrinity
673 4041 778 4092 and
826 4037 1195 4099 Incarnation,
1237 4044 1342 4090 etc.
1387 4033 1628 4089 Londin.

128 4122 236 4187 1715,
269 4128 316 4192 8,
352 4132 554 4199 passim
590 4161 663 4172 —
701 4130 951 4201 Epitome
987 4149 999 4184 :
1045 4128 1128 4182 An
1172 4127 1544 4198 Abridgement
1575 4126 1638 4195 of

128 4211 315 4274 Eusebius
355 4221 666 4292 Pamphilus
706 4221 1104 4277 Ecclesiastical
1135 4220 1389 4290 History,
1427 4220 1483 4273 in
1531 4228 1628 4272 two

129 4316 246 4365 Parts.
273 4307 386 4366 Part
409 4329 447 4375 ι,
477 4312 517 4366 Α
557 4311 927 4379 compendious
962 4311 1428 4364 commemoration
1461 4308 1524 4376 of
1547 4309 1630 4362 the

131 4397 427 4456 rmarkablest
471 4401 848 4472 Chronologies
897 4401 1063 4455 which
1105 4417 1196 4454 are
1248 4397 1526 4453 contained
1574 4399 1628 4451 in

1653 3158 1694 3216 C

1724 516 1980 574 Ecclesia
2007 516 2404 590 Smyrnzeensis
2433 519 2500 575 de
2531 524 2792 593 martyrio
2817 521 3101 596 Polycarpi
3121 525 3301 599 (cujus

1723 624 1917 680 magna
1940 624 2070 680 pars
2088 620 2172 666 est
2196 611 2252 665 in
2281 610 2502 667 Eusebii
2536 611 2607 665 Η.
2649 611 2711 667 E.
2742 629 2814 677 tv,
2844 615 2932 680 15,
2955 625 3008 671 et
3035 617 3104 673 ab
3139 616 3302 675 Usse-

1723 698 1806 751 rio
1829 699 2125 769 separatim
2155 700 2326 769 edita)
2359 707 2521 770 atque
2549 702 2834 772 epistolam
2864 704 3300 763 Christianorum

1724 791 2175 863 Lugdunensium
2204 811 2268 850 ac
2296 794 2689 854 Viennensium
2719 799 2941 871 Anglice
2963 802 3122 855 vertit
3141 812 3302 873 atque

1721 885 1982 954 explicuit
2023 885 2084 941 D.
2139 886 2449 960 Dalrymple
2491 891 2558 946 de
2602 890 2784 947 Hailes
2825 893 2881 948 in
2918 911 2930 947 :
2971 891 3205 948 Account
3249 894 3305 964 of

1725 980 1807 1034 the
1834 990 2068 1051 martyrs
2097 993 2153 1036 at
2183 981 2411 1054 Smyrna
2433 985 2538 1038 and
2567 984 2714 1055 Lyon
2744 987 2797 1040 in
2836 987 2917 1042 the
2945 988 3138 1042 second
3184 1005 3304 1043 cen—

1724 1081 1865 1142 tury,
1902 1073 2023 1127 with
2061 1073 2406 1145 explanatory
2446 1084 2612 1131 notes.
2659 1075 3001 1147 Edimburg.,
3049 1077 3205 1142 1776,
3247 1077 3301 1132 8.

1724 1162 1790 1217 V.
1824 1181 1946 1236 quae
1989 1167 2173 1221 notavi
2211 1166 2266 1221 in
2322 1165 2532 1222 Introd.
2578 1169 2634 1222 in
2687 1167 2812 1224 hist.
2860 1168 2924 1226 L.
2966 1169 3084 1237 (in,
3110 1169 3205 1237 .ll,
3244 1170 3301 1236 2,

1723 1272 1778 1326 p.
1813 1257 1940 1312 222.

1795 1347 1852 1403 ln
1887 1349 2127 1422 linguam
2157 1348 2395 1404 Italicam
2440 1366 2504 1404 ex
2546 1349 2663 1405 Lat.
2701 1334 2952 1407 versione
2995 1361 3078 1408 est
3125 1362 3303 1408 trans-

1727 1443 1832 1497 lata
1868 1442 1939 1497 ιι.
1992 1442 2055 1498 E.
2089 1441 2282 1500 Venet.
2333 1444 2490 1508 1547,
2521 1444 2573 1498 8.
2612 1427 2674 1500 ἦν.
2726 1445 2939 1501 Paitoni
2975 1446 3116 1501 Bibl.
3165 1447 3302 1518 dein

1725 1535 2303 1604 autori-volgarizzati,
2353 1544 2486 1588 tom.
2539 1534 2604 1600 II,
2643 1551 2697 1606 p.
2741 1535 2828 1591 59.
2855 1567 2923 1575 —
2969 1536 3044 1593 De
3089 1537 3305 1593 Conone

1724 1628 1986 1682 librorum
2018 1627 2083 1682 N.
2114 1625 2178 1681 T.
2212 1627 2510 1684 secundum
2555 1627 2847 1684 Eusebium
2879 1631 3000 1686 vide
3047 1647 3210 1701 supra
3247 1633 3301 1687 in

1725 1719 1831 1774 vol.
1870 1719 1959 1784 IV,
1995 1736 2116 1791 pag.
2155 1720 2252 1776 851
2310 1736 2449 1790 seq.,
2480 1721 2679 1790 quibus
2703 1722 2870 1778 addes
2902 1723 3168 1780 vindicias
3193 1723 3304 1779 Eu-

1726 1812 1861 1867 sebii
1893 1828 1924 1865 a
1953 1811 2002 1866 J.
2041 1812 2172 1868 Ern.
2221 1812 2536 1868 Christiano
2579 1812 2825 1870 Schmidt
2869 1815 3126 1886 scriptas,
3171 1817 3298 1871 iiber

1725 1906 1825 1960 den
1871 1903 2065 1960 Kanon
2097 1906 2185 1960 des
2235 1905 2493 1962 Eusebius
2540 1909 2598 1963 in
2634 1907 2861 1964 Ilenckii
2909 1907 3160 1981 Magazin
3213 1912 3301 1980 fur

1727 1995 2336 2066 Religionsphilosophie,
2360 1997 2588 2069 Exegese
2616 1999 2728 2054 und
2759 1997 3298 2070 Kirchengeschichte,

1729 2098 1858 2141 tom.
1889 2086 1954 2150 V,
1984 2098 2124 2157 part.
2159 2102 2242 2152 Ill,
2277 2105 2332 2142 n.
2369 2090 2456 2154 16,
2501 2090 2656 2156 1796,
2689 2091 2743 2146 8.
2779 2091 3071 2146 Eusebium
3113 2092 3304 2148 defen-

1726 2181 1804 2234 dit
1845 2187 2036 2235 contra
2072 2179 2141 2234 Μ,
2179 2179 2380 2236 Weber
2429 2181 2485 2235 in
2550 2182 2841 2253 Beytragen
2871 2200 2969 2236 zur
3007 2184 3306 2240 Geschichte

1727 2271 1815 2324 des
1871 2273 2424 2328 neutestamentlichen
2479 2273 2722 2339 Kanons,
2782 2293 2832 2346 p.
2888 2277 2988 2330 M2
3036 2293 3214 2348 seqq.,
3251 2285 3305 2333 et

1726 2365 1986 2433 ostendit,
2020 2364 2313 2421 Eusebium
2339 2369 2676 2439 distinguere
2708 2385 2758 2424 ιν
2780 2370 2986 2426 classes
3014 2370 3301 2426 librorum.

1727 2455 1898 2510 ΒΑΜ..

1798 2547 2025 2614 Gallice,
2077 2549 2306 2605 Claudio
2356 2549 2651 2622 Seysselio,
2701 2553 3119 2625 archiepiscopo
3159 2555 3304 2610 Tau-

1731 2638 1938 2693 rinensi
1968 2639 2285 2709 interprete,
2322 2655 2443 2709 qua:
2472 2641 2655 2695 versio
2686 2641 2939 2696 laudatur
2985 2644 3037 2696 in
3071 2643 3306 2701 Morlerii

1730 2727 2114 2798 Speciminibus
2139 2731 2412 2784 litterariis
2432 2732 2634 2798 (Essais
2653 2731 2718 2785 de
2742 2732 3062 2798 littérature,
3087 2743 3216 2789 tom.
3257 2736 3298 2798 l,

1728 2838 1850 2893 pag.
1893 2823 2028 2893 55):
2071 2838 2136 2877 ex
2182 2823 2630 2893 interpretatione
2664 2823 2798 2878 Lud.
2834 2823 3078 2881 Cousini.
3129 2825 3300 2880 Paris.

1731 2915 1870 2970 1675
1903 2932 2017 2985 seq.
2049 2915 2104 2971 4.
2135 2913 2201 2969 IV
2235 2925 2361 2970 tom.
2408 2915 2561 2970 Hunc
2616 2914 2858 2980 Eusebii,
2897 2914 3162 2980 Socratis,
3205 2916 3306 2972 So—

1731 3008 1941 3062 zomeni
1997 3023 2060 3062 ac
2095 3005 2420 3063 Theodoreti
2481 3009 2630 3062 locos
2676 3008 2882 3078 aliquot
2928 3008 3169 3064 sublesta
3202 3009 3305 3064 fide

1729 3102 1978 3164 vertisse,
2024 3102 2203 3171 arguit
2251 3099 2454 3156 Paulus
2502 3100 2843 3157 Colomesius
2910 3101 2963 3155 in
3005 3100 3302 3156 Observatt.

1728 3193 1918 3253 sacris,
1955 3207 2003 3260 p.
2047 3193 2134 3246 61.

1801 3283 2018 3339 Eusebii
2047 3285 2341 3340 Historiam
2365 3287 2630 3356 integram
2657 3287 3048 3356 pr0pemodum
3068 3287 3119 3340 in
3146 3303 3305 3342 suum

1727 3392 1865 3448 Opus
1898 3378 2245 3448 transcripsit
2273 3378 2616 3449 Nicephorus
2645 3378 2938 3445 Callistus;
2967 3379 3108 3434 unde
3150 3379 3307 3435 Vale-

1728 3472 1843 3526 sius
1889 3470 1956 3524 ad
1991 3469 2211 3526 Eusebii
2242 3472 2419 3540 capita
2474 3485 2733 3525 numeros
2780 3469 3210 3540 Nicephorianos
3253 3472 3310 3526 in

1729 3562 1972 3632 margine
2001 3562 2297 3616 adnotavit.
2319 3561 2512 3616 Totum
2548 3577 2786 3634 quoque,
2823 3563 3012 3632 utjam
3040 3563 3175 3627 dixi,
3205 3563 3311 3618 Ca-

1729 3657 1969 3725 talogum
2001 3671 2160 3710 suum
2201 3656 2532 3726 scriptorum
2562 3639 3086 3721 ecclesiasticarum,
3118 3658 3309 3727 paucis

1728 3749 1988 3816 exceptis,
2037 3763 2102 3802 ex
2139 3747 2360 3803 Eusebii
2392 3747 2638 3802 Historia
2681 3747 3030 3802 concinnavit
3066 3757 3313 3803 transtu-

1727 3842 1897 3910 litque
1924 3840 2320 3913 Hieronymus;
2345 3857 2518 3912 neque
2551 3842 2697 3896 enim
2725 3842 2928 3910 alioqui
2956 3852 3088 3911 puto
3117 3842 3184 3895 ab
3217 3842 3310 3896 illo

1732 3933 2030 3988 Historiam
2070 3936 2245 4004 ipsam
2281 3933 2502 3990 Eusebii
2546 3935 2811 4004 integram
2854 3933 3045 3988 Latine
3071 3933 3309 3988 translao

1731 4037 1864 4092 tam,
1911 4029 2036 4083 licet
2071 4027 2175 4083 hoc
2209 4027 2408 4097 aliquis
2456 4026 2723 4097 suspicari
2757 4026 2928 4095 possit
2967 4041 3032 4080 ex
3077 4025 3163 4079 his
3191 4025 3310 4096 ejus

1730 4121 1913 4175 verbis
1945 4121 2040 4175 lib.
2074 4137 2091 4174 ι
2121 4122 2176 4174 in
2203 4119 2383 4188 Ruﬁn.
2412 4136 2430 4173 :
2460 4117 2697 4173 Laudavi
2727 4117 3011 4172 Eusebium
3045 4118 3098 4171 in
3134 4118 3312 4172 eccle-

1732 4212 1954 4266 siastica
1983 4212 2241 4279 Historia,
2273 4213 2326 4266 in
2371 4212 2660 4282 digestione
2691 4221 3001 4280 temporum,
3033 4211 3086 4264 in
3111 4210 3310 4264 descri-
3339 4213 3343 4215 ’

1735 4314 1912 4376 pttone
1934 4317 2133 4360 sancta:
2156 4317 2327 4368 terra',
2351 4315 2399 4358 et
2433 4306 2543 4360 ha’c
2564 4308 2677 4376 ipsa
2703 4307 2953 4376 apuscula
2981 4308 3035 4359 in
3065 4305 3316 4360 Latinum

1738 4405 1934 4450 vertens
1957 4411 2084 4450 mea:
2103 4396 2297 4464 linguae
2315 4395 2610 4449 hominibus
2630 4396 2772 4448 dedi.
2793 4395 2965 4449 Etiam
2992 4394 3320 4466 Hieronymo

129 4484 202 4538 ttat
234 4490 414 4557 famous
452 4494 699 4564 History.
743 4493 870 4547 Part
906 4510 965 4557 ιι,
1011 4493 1052 4546 Α
1096 4508 1368 4561 summary
1407 4507 1468 4544 or
1498 4489 1637 4558 brief
1656 4503 1711 4566 ι)
1737 4487 2041 4542 versionem
2089 4486 2408 4541 Eusebianae
2452 4484 2708 4540 Historia:
2751 4487 2941 4540 tribuit
2983 4485 3321 4540 Bridefertus

130 4574 269 4650 hiate!
289 4583 360 4639 the
396 4587 588 4640 twelwe
627 4587 980 4654 persecutions
1014 4581 1287 4639 sustained
1328 4584 1392 4653 by
1423 4581 1507 4634 the
1531 4598 1630 4634 an-

130 4669 218 4723 cient
251 4674 582 4732 Christmns..
651 4679 720 4748 by
767 4677 1010 4732 William
1047 4675 1241 4732 Caton.
1284 4703 1357 4714 —-
1396 4671 1630 4728 Londini

131 4761 238 4831 1756,
271 4769 316 4826 8.
353 4803 420 4814 -
455 4772 650 4828 Versio
692 4771 830 4826 Dav.
866 4770 1174 4842 Dalrymple
1200 4768 1268 4824 de
1306 4767 1491 4821 Hailes
1520 4764 1630 4819 An-

130 4858 224 4922 εἰὶσε
250 4861 311 4922 H.
348 4865 410 4918 E.
435 4883 511 4926 vv,
541 4867 631 4931 41,
653 4873 707 4920 et
733 4866 800 4921 de
823 4865 1053 4934 epistola
1083 4861 1352 4933 Dionysii,
1387 4857 1633 4930 episcopi

132 4948 431 5022 Alexandrini,
480 4959 552 5012 ad
618 4957 870 5024 Fabium,
922 4957 1100 5028 cpisc.
1154 4954 1519 5016 Antiochen.,
1566 4950 1634 5005 de

133 5050 437 5106 Wutione
487 5050 922 5106 Christianorum
961 5050 1017 5103 in
1053 5047 1288 5122 [Egypto
1333 5062 1425 5101 an.
1457 5044 1635 5116 primo

133 5131 233 5191 Decii
265 5141 538 5213 imper.,et
561 5143 821 5213 explicat.
842 5141 1090 5197 historia:
1121 5147 1423 5212 martyrum
1448 5137 1503 5190 in
1528 5133 1636 5188 Pa-

132 5227 283 5286 Iustina
315 5236 412 5290 sub
443 5236 673 5291 Dioclet.
723 5233 791 5289 ad
826 5249 983 5298 Lvm,
1027 5234 1081 5288 in
1125 5231 1375 5286 Remains
1409 5230 1469 5298 of
1503 5226 1640 5281 chri-

132 5324 227 5378 uian
252 5329 528 5400 Antiquity,
565 5329 686 5384 with
711 5330 1060 5398 explanatory
1101 5336 1269 5380 notes.
1301 5323 1634 5392 Edinburg.,

134 5414 397 5484 "78-1780,
420 5424 476 5484 8,
501 5423 549 5477 11
575 5432 702 5478 tom.
723 5452 795 5462 —-
827 5421 933 5476 The
971 5420 1188 5488 History
1217 5417 1277 5486 of
1290 5420 1497 5470 ancient
1530 5414 1639 5468 Pa-

134 5511 303 5578 latium,
332 5531 388 5569 a-s
421 5515 678 5570 delivered
707 5515 771 5585 by
811 5513 1091 5577 Eusebius,
1117 5518 1249 5574 etc.,
1272 5509 1392 5562 with
1430 5505 1639 5561 critical

134 5601 206 5651 and
243 5605 495 5662 historical
543 5618 706 5663 notes.
762 5608 879 5662 And
915 5605 1193 5674 secondly,
1242 5620 1275 5656 a
1326 5600 1637 5656 Phtenician

135 5691 207 5740 and
237 5691 472 5766 Egyptian
505 5696 856 5769 Chronology,
892 5697 1028 5766 from
1051 5695 1132 5750 the
1151 5695 1273 5763 ﬁrst
1294 5691 1353 5746 Η
1359 5709 1448 5755 an,
1485 5690 1636 5744 deum

138 5785 172 5830 ιο
206 5783 270 5839 διο
311 5788 421 5856 ﬁrst
469 5790 760 5860 olympiad,
815 5797 922 5846 etc.
971 5785 1204 5843 Loudini
1256 5784 1414 5850 1645,
1469 5783 1522 5837 8.
1569 5782 1634 5838 v.

1734 4580 2106 4636 Ramesiensis
2136 4580 2190 4634 in
2224 4579 2421 4649 glossis
2451 4577 2516 4630 ad
2563 4575 2760 4630 Bedam
2793 4573 2870 4628 De
2901 4586 3186 4641 temporum
3218 4589 3309 4625 ra-

1735 4678 1892 4737 tione,
1925 4688 2046 4742 cap.
2075 4670 2165 4725 28.
2210 4669 2315 4724 Sed
2361 4668 2507 4722 illam
2542 4666 2726 4720 Ruﬁni
2754 4680 2876 4720 esse
2913 4670 3151 4720 constat.
3190 4659 3310 4727 Quo

1734 4781 1897 4822 sensu
1928 4772 2110 4819 autem
2145 4759 2473 4832 apocryphis
2522 4765 2880 4814 aceenseatur
2925 4753 3168 4809 Historia
3203 4750 3310 4803 Eu-

1735 4858 1868 4914 sebii
1896 4858 1947 4911 in
1975 4856 2264 4912 Gelasiano
2292 4855 2533 4916 decreto,
2556 4852 2838 4921 disputant
2863 4847 2912 4903 J.
2939 4845 3269 4902 Pearsonius
3293 4857 3309 4896 ι

1746 4949 1953 5004 Vindic.
1989 4946 2208 5018 lgnatii,
2241 4961 2292 5014 p.
2319 4944 2411 5008 48,
2443 4951 2496 4998 et
2523 4941 2807 4997 Matthmus
2832 4939 3223 5013 Larroquanus
3255 4937 3310 4992 in

1736 5036 2222 5095 Observationibus
2270 5035 2338 5089 ad
2379 5033 2779 5090 Pearsonianas
2843 5027 3131 5104 Vindicius,
3181 5042 3304 5098 pag.

1737 5134 1808 5190 55
1835 5148 1952 5202 seq.
1981 5130 2115 5187 Vide
2135 5141 2188 5184 et
2216 5127 2496 5182 Baluzium
2535 5126 2602 5180 ad
2624 5122 2920 5179 Antonium
2950 5118 3314 5190 Augustinum

1742 5227 1815 5280 De
1853 5223 2215 5278 emendatione
2252 5217 2519 5280 Gratiani,
2564 5232 2686 5286 pag.
2715 5213 2820 5269 446
2851 5212 2999 5284 (717.
3036 5227 3152 5280 seq.
3179 5207 3312 5263 edit.

1740 5315 2203 5384 Mastrichtianze),
2247 5314 2338 5368 ubi
2379 5310 2625 5365 confutat
2679 5307 2934 5362 Carolum
2984 5303 3314 5364 Mulinaeum,

1738 5412 1832 5482 qui
1866 5411 1934 5463 de
1961 5409 2134 5463 altero
2176 5405 2411 5460 Eusebio
2444 5399 2709 5471 Pamphili
2758 5407 2813 5453 et
2861 5397 3030 5450 altera
3086 5390 3317 5447 historia

1739 5503 1936 5558 eccles.
1971 5499 2249 5572 cogitavit.
2301 5493 2445 5549 Sane
2491 5509 2559 5548 ex
2592 5491 2781 5546 multis
2827 5486 3093 5558 exemplis
3143 5490 3314 5555 patet,

1741 5597 1796 5651 in
1823 5594 1916 5647 illo
1947 5592 2167 5647 decreto
2199 5585 2506 5658 apocrypha
2554 5582 2738 5638 vocari
2781 5595 2888 5636 non
2922 5577 3082 5634 modo
3109 5576 3315 5646 scripta

1741 5686 2021 5759 supposita
2069 5682 2386 5739 auctoribus
2438 5693 2533 5748 per
2579 5675 2863 5730 biereticos
2903 5679 2957 5728 et
3002 5669 3162 5732 falsa,
3217 5665 3314 5759 sed

1741 5755 1905 5836 etiam
1952 5792 2079 5834 vera
2123 5784 2176 5832 et
2213 5773 2521 5830 certissima
2564 5784 2673 5822 non
2728 5763 3104 5819 haereticorum
3151 5755 3312 5813 modo
