3794 6296
66 355 122 408 ιε.

63 478 317 532 occurrunt
349 467 646 538 fragmenta
680 469 733 522 in
756 469 1028 523 Anastasii
1061 468 1283 522 Sinaitse
1313 475 1505 539 qusv-st.
1544 485 1597 522 ιι
1628 473 1674 530 Α

62 576 105 621 et
127 577 324 623 CXLVIII,
375 561 468 615 sed
519 561 609 613 illa
663 561 888 615 alterius
949 576 1077 614 sunt
1131 561 1431 630 argumenti
1489 561 1590 628 (a).

61 661 232 713 Caveus
262 662 524 706 memorat
557 651 850 706 Eusebium
895 651 972 704 De
1015 650 1416 720 Evangeliorttm
1467 651 1596 706 dis—

60 747 268 803 sonantia
301 744 371 798 ad
411 733 752 812 Stephanum.
807 743 938 809 Quae
975 759 1103 799 vero
1156 743 1234 798 De
1289 745 1595 815 symphonia

60 843 152 895 sive
179 837 446 892 concordia
505 835 907 907 Evangeliorum
953 838 1003 890 in
1039 837 1344 907 genealogia
1399 836 1598 890 Christi

65 931 316 994 Eusebius,
371 928 691 983 Africanum
754 938 1014 995 secutus,
1075 930 1316 999 scripsit,
1383 940 1598 984 exstant

57 1023 132 1077 lib.
165 1040 177 1076 I
206 1025 339 1077 Hist.
368 1021 579 1090 etclam,
604 1036 724 1092 cap.
757 1022 813 1088 7,
843 1023 1018 1093 iisque
1047 1038 1177 1078 usus
1201 1022 1518 1076 Ambrosius
1538 1025 1592 1076 in

55 1127 102 1169 tu
116 1112 271 1167 Lacte.

110 1202 230 1257 λιι.
249 1204 1050 1272 Αόγοςτριακονταετηρικός,
1070 1203 1255 1258 Oratio
1272 1204 1334 1258 de
1348 1204 1604 1260 Constan-

55 1298 136 1350 lini
171 1293 238 1350 ll.
278 1295 550 1362 laudibus,
607 1295 664 1350 in
720 1296 843 1365 ejus
898 1296 1295 1352 tricennalibus
1340 1297 1486 1351 dicta
1532 1300 1596 1352 A.

55 1388 232 1450 (3.555,
261 1387 448 1453 CPoli,
476 1394 537 1441 ut
578 1385 850 1443 Eusebius
887 1390 1005 1460 ipse
1054 1395 1284 1443 testatur
1315 1404 1388 1455 tv,
1437 1389 1508 1443 55
1546 1397 1602 1444 et

55 1478 138 1542 lli,
177 1477 246 1534 De
265 1479 372 1532 vita
425 1477 780 1534 Constantini.
839 1477 1084 1535 Meminit
1117 1488 1177 1544 et
1244 1481 1298 1536 in
1337 1482 1604 1551 prommio

58 1572 153 1624 libri
175 1585 209 1635 ι,
240 1571 329 1626 ubi
360 1571 535 1638 addit,
567 1587 627 1630 se
647 1571 812 1627 etiam
836 1572 893 1626 in
921 1571 1300 1629 vicennalibus
1331 1575 1603 1628 Constan-

57 1663 134 1716 tini
162 1663 336 1719 laudes
369 1663 493 1733 ejus
520 1663 575 1718 in
599 1662 817 1718 Nicaana
847 1663 1076 1735 synodo,
1117 1673 1177 1718 ut
1206 1665 1300 1720 lib.
1333 1679 1414 1726 tu,
1439 1680 1488 1720 c.
1514 1665 1601 1728 ll,

55 1755 186 1805 etiam
213 1751 387 1816 docet,
423 1753 859 1810 concelebrasse.
893 1752 999 1808 Sed
1048 1753 1138 1810 ille
1190 1753 1406 1824 quidem
1454 1757 1599 1809 εἰκο·

59 1843 334 1913 ςῑετηρικδς
381 1845 551 1916 ὕμνος
605 1846 720 1900 sive
775 1845 1137 1918 panegyricus
1186 1847 1476 1902 intercidit.
1540 1847 1594 1900 In

58 1935 210 1990 codice
265 1951 369 1991 ms.
418 1935 630 2006 collegii
678 1934 834 1990 Trin.
879 1936 1194 2008 Cantabrig.
1252 1937 1428 1992 oratio
1485 1937 1598 1998 illa,

58 2027 201 2081 (ζειεο
247 2036 410 2089 teste,
463 2029 521 2082 in
569 2028 705 2083 duas
748 2037 933 2098 partes
986 2027 1339 2099 dispescitur,
1368 2046 1600 2099 quarum

55 2120 284 2186 posterior
329 2121 526 2192 incipit
565 2137 594 2174 a
627 2120 804 2192 capite
844 2121 897 2175 9.
943 2121 1095 2176 Hanc
1141 2124 1443 2178 orationem
1476 2137 1600 2177 cum

56 2210 380 2280 descriptione
434 2211 702 2282 martyrii.
730 2211 844 2266 sive
885 2211 1068 2280 templi
1098 2210 1597 2283 Hierosolymitani.

55 2314 77 2348 a
117 2298 459 2354 Constantino
513 2300 750 2362 conditi,
807 2300 1273 2372 donariorumque
1311 2302 1453 2372 ejus,
1505 2303 1600 2359 sed

57 2407 149 2457 quae
182 2401 481 2462 temporum
532 2393 732 2463 injuria
789 2393 1096 2461 intercidit,
1149 2402 1204 2450 et
1249 2393 1595 2450 Constantini

54 2483 256 2538 oratione
288 2484 353 2536 ad
421 2491 738 2540 sanctorum
798 2493 1024 2550 emtum,
1061 2501 1127 2540 ex
1170 2486 1367 2541 Latino
1414 2485 1599 2542 Graec

55 2575 289 2636 translata.
316 2575 610 2640 Eusebius,
643 2585 703 2630 ut
735 2576 828 2633 lib.
864 2594 934 2638 tv.
964 2593 1084 2648 cap.
1106 2576 1205 2642 46,
1247 2585 1502 2641 testatur,
1532 2578 1600 2631 li-

54 2664 142 2720 bris
185 2667 248 2720 De
307 2671 420 2724 vita
457 2669 795 2723 Constantini
834 2669 1139 2740 subiunxit.
1189 2669 1408 2726 Primus
1454 2669 1592 2725 Bob.

55 2756 318 2828 Stephanus
378 2777 508 2816 cum
567 2762 674 2818 illis
706 2762 873 2818 edidit
932 2760 1137 2827 Graece,
1188 2762 1378 2818 Latine
1434 2764 1596 2818 vertit

53 2845 552 2922 Cliristophorsonus
577 2863 632 2910 et
665 2854 942 2911 Musculus
975 2864 1136 2926 atque
1168 2856 1293 2911 inde
1321 2856 1591 2916 Valesius.

55 2943 125 3006 qui
149 2946 278 2999 notis
299 2947 471 3002 etiam
502 2947 797 3002 illustravit
847 2947 918 3020 [is
945 2947 1132 3002 laudat
1159 2946 1318 3003 codd.
1361 2946 1590 3011 Fuketii,

56 3028 87 3083 Τ
91 3036 250 3090 ιιι-ηεδὶ
280 3052 342 3093 ac
370 3037 562 3093 Savilii
583 3047 637 3093 et
669 3039 897 3095 schedas
918 3040 1048 3095 bibl.
1081 3039 1261 3111 regias,
1290 3040 1589 3102 etc.,deni~

54 3139 134 3191 sue
177 3126 416 3200 Reading
449 3146 572 3185 cum
597 3133 742 3187 notis
772 3131 971 3188 Valesii
1014 3138 1068 3187 et
1098 3129 1400 3204 variorum]
1424 3129 1587 3185 Enen.

1628 1821 1670 1874 Β

1497 345 1800 401 NOTITIA.

3193 349 3261 404 ιο

1701 481 1820 534 cap.
1856 464 1928 531 7),
1961 463 2252 519 Eusebium
2289 465 2358 520 ab
2402 480 2589 521 errore
2640 466 3101 524 Semiarianorum
3151 472 3272 525 vin-

1694 556 1878 610 dicare
1902 555 2109 611 studuit
2141 555 2328 613 Bullus
2357 559 2410 611 in
2439 557 2561 628 Def.
2594 559 2690 628 ῥά.
2739 559 2886 624 Nic.,
2911 577 3034 632 pag.
3058 563 3182 626 251,
3217 573 3274 617 et

1695 650 1952 704 refutavit
1986 648 2258 704 Valesium
2312 651 2379 704 ad
2426 665 2476 704 c.
2533 651 2594 705 11
2654 652 3099 720 contendentem,
3151 657 3275 712 illas

1698 741 1913 797 Eusebii
1936 740 2004 796 de
2028 741 2209 796 divina
2231 743 2449 812 quidem
2479 741 2602 798 Filii
2635 745 2896 814 potentia,
2939 745 3032 800 sed
3067 747 3270 811 media,

1696 833 1978 902 Opinioncs
2029 833 2231 903 optime
2265 832 2490 887 refutari
2534 834 2602 888 ab
2644 834 2943 890 Athanasio
2992 851 3074 890 or.
3112 838 3274 890 tertia

1697 932 1883 976 contra
1927 923 2176 987 Arianos,
2231 939 2350 994 pag.
2397 924 2521 979 597.
2563 923 2805 996 Reading
2853 928 2889 981 l.
2949 941 3002 982 c.
3056 944 3274 998 quoque

1698 1013 1886 1067 laudat
1941 1012 2200 1070 Pearson.
2262 1014 2464 1069 Vindic.
2529 1016 2680 1084 epist.
2745 1016 2948 1088 lgnat.,
3016 1029 3158 1088 part.
3210 1034 3270 1084 ιι,

1699 1121 1822 1176 pag.
1845 1105 1934 1160 56.
1960 1105 2131 1161 Ηιιιιι..

1771 1197 1933 1254 XVII.
1970 1199 2045 1252 De
2079 1199 2200 1253 Vita
2242 1198 2576 1254 Constantini
2620 1199 2697 1254 Η.
2753 1202 2866 1271 jam
2913 1202 2977 1257 A.
3037 1202 3099 1259 (Ξ.
3167 1205 3274 1258 557

1702 1288 1965 1356 defuncti,
2027 1289 2149 1344 libri
2192 1289 2274 1344 IV
2304 1290 2400 1362 (b),
2465 1293 2517 1346 in
2575 1293 2792 1362 quibus,
2822 1294 2916 1359 ait,
2958 1309 3016 1349 se
3075 1299 3142 1350 de
3190 1297 3275 1350 in-

1702 1381 1910 1436 dustria
1949 1385 2200 1439 omittere
2252 1385 2537 1440 conllictus
2569 1392 2624 1440 et
2673 1386 2888 1456 prtelia,
2924 1402 3010 1443 res
3062 1387 3274 1443 fortiter

1703 1483 1903 1543 gestas,
1930 1483 2129 1544 tropma
2149 1490 2212 1532 ac
2236 1475 2559 1546 triumphos,
2587 1477 2732 1547 leges
2754 1486 2806 1532 et
2835 1481 3090 1548 przeclara
3115 1481 3274 1535 insti-

1702 1569 1841 1624 tuta.
1881 1571 1935 1619 et
1979 1573 2186 1620 tantum
2225 1567 2440 1621 tradere
2469 1567 2602 1638 μόνα
2648 1565 2718 1620 τὰ
2751 1569 2884 1638 πρὸς
2919 1568 3008 1622 τὸν
3052 1570 3272 1641 Θεοφιλῆ

1706 1658 2041 1710 συντείνοντα
2087 1659 2219 1728 βίον,
2249 1675 2475 1730 quicque
2502 1659 2569 1714 ad
2599 1658 2694 1716 Dei
2743 1663 2946 1714 cultum
2977 1663 3270 1731 pertinent,

1706 1748 1799 1803 lib.
1835 1765 1871 1812 ι,
1902 1764 2021 1818 cap.
2051 1750 2137 1815 ll,
2170 1751 2312 1806 unde
2338 1751 2555 1806 titulum
2599 1756 2780 1822 operis
2830 1751 2956 1808 fecit
2993 1756 3128 1824 Περὶ
3165 1756 3272 1811 τοῦ

1699 1842 1846 1895 κατὰ
1879 1843 2026 1897 Θεὸν
2058 1844 2202 1908 ,ϐίου
2228 1845 2334 1900 τοῦ
2367 1847 2664 1915 μακαρίου
2688 1849 3141 1903 Κωνσταντίνου
3166 1849 3276 1904 τοῦ

1696 1934 2019 2002 βασιλέως,
2050 1944 2108 1990 ιιι
2131 1942 2280 1992 notat
2311 1935 2575 2002 Valesius,
2599 1955 2720 2011 pag.
2751 1939 2857 1994 256
2883 1945 2974 2009 (c).
3003 1939 3271 1997 Cmterum

1705 2022 1815 2076 falli
1843 2022 1957 2078 Jac.
1991 2024 2378 2080 Gothofredum
2413 2025 2512 2100 (ά),
2557 2031 2650 2099 qui
2699 2032 2797 2084 hos
2832 2031 3000 2087 libros
3055 2031 3124 2088 ab
3166 2031 3276 2088 Eu-

1702 2117 1854 2173 sebio
1888 2119 2122 2188 scriptos
2156 2135 2278 2175 esse
2303 2123 2516 2192 negavit
2545 2127 2666 2194 pag.
2680 2124 2805 2188 275,
2827 2125 2893 2178 ad
2917 2123 3272 2198 Philostorg..

1700 2218 1754 2262 et
1783 2212 1834 2262 in
1858 2212 2014 2280 epist.
2046 2212 2110 2266 ad
2134 2211 2402 2269 Andream
2428 2213 2677 2272 Rivetum
2713 2219 2816 2273 sub
2836 2219 3056 2276 nomine
3083 2219 3274 2277 Jacobi

1700 2297 1902 2354 Pacidii
1934 2302 2101 2366 edita,
2128 2302 2286 2359 facile
2305 2319 2370 2359 ex
2402 2305 2520 2375 ipso
2547 2322 2710 2377 opere
2739 2317 2792 2365 et
2818 2310 3080 2377 Socratis,
3107 2312 3275 2368 8020--

1700 2394 1862 2460 mcni,
1891 2392 2091 2458 Pliotii,
2122 2394 2321 2452 Gelasii
2373 2398 2715 2471 aliorumque
2743 2410 2985 2458 veterum
3023 2406 3267 2461 testimo'

1699 2481 1804 2537 niis
1824 2482 2266 2541 demonstrarunt
2294 2485 2557 2545 Martinus
2579 2490 2854 2548 Hanckius
2890 2492 2964 2548 De
2996 2496 3271 2564 scriptori-

1699 2572 1792 2628 bus
1817 2573 1974 2644 Byz.,
2004 2592 2126 2647 pag.
2149 2577 2212 2632 81
2249 2594 2389 2651 seq.,
2415 2579 2464 2636 J.
2497 2580 2742 2639 Andreas
2785 2584 2980 2641 Bosius
3010 2586 3086 2640 De
3127 2605 3271 2656 pon-

1699 2668 1904 2737 tiﬁcatu
1926 2671 2155 2726 maximo
2186 2672 2555 2740 imperatorum
2604 2673 2777 2738 Rom.,
2809 2692 2929 2747 pag.
2961 2675 3031 2732 63
3052 2695 3191 2750 seq.,
3215 2685 3274 2735 et

1698 2755 1970 2824 Valesius,
2005 2774 2126 2830 pag.
2153 2759 2279 2816 216.
2305 2760 2461 2816 Omni
2487 2762 2650 2818 etiam
2679 2764 2936 2818 destituta
2964 2773 3048 2821 est
3091 2767 3274 2821 verisi-

1694 2852 1997 2908 militudine
2040 2851 2225 2908 Sandii
2249 2854 2584 2925 conjectura,
2610 2857 2703 2928 qui
2728 2858 2780 2911 in
2813 2856 3012 2912 Νησιεο
3037 2859 3274 2914 historia

1693 2946 1900 3013 eccles.,
1951 2961 2077 3019 pag.
2123 2947 2215 3013 48,
2265 2947 2487 3003 Macarii
2527 2947 3000 3021 Hierosolymitani
3027 2966 3150 3008 esse
3177 2952 3274 3007 lia-

1692 3039 1938 3094 riolatur.
1988 3041 2338 3113 Πανηγυρικῇ
2407 3040 2677 3114 ὑψηγορίᾳ
2741 3059 2899 3097 usum
2953 3041 3270 3108 Eusebium,

1696 3130 1854 3184 multi
1883 3129 2251 3198 adnotarunt;
2293 3147 2470 3202 neque
2499 3140 2679 3188 tamen
2711 3133 2844 3189 ﬁdes
2892 3134 3151 3191 historica
3193 3136 3272 3189 illi

54 3185 172 3271 -:-ln
203 3220 328 3275 bibl.
367 3185 576 3277 Veneta
725 3185 913 3286 Marci,
955 3185 1119 3278 codd.
1142 3185 1497 3278 CCCCXXSUX
1543 3231 1597 3277 et
1623 3185 1666 3243 ο
1700 3230 1983 3292 propterea
2017 3223 2072 3277 in
2102 3185 2303 3278 rerum
2329 3185 3151 3294 stimma
3171 3185 3274 3284 tio;

52 3309 255 3373 CCCXL,
280 3313 485 3370 Euseb.
520 3314 599 3370 De
627 3315 872 3370 laudibus
902 3314 1258 3382 Constantini,
1285 3322 1339 3369 et
1361 3314 1437 3369 De
1476 3315 1598 3369 Vita
1700 3315 1870 3370 libros
1895 3313 2078 3369 Grasce
2119 3331 2243 3369 cum
2284 3314 2527 3370 Historia
2559 3316 2740 3371 eccles.
2772 3316 2939 3372 edidit
2968 3315 3106 3374 Rob.
3148 3319 3274 3375 Ste-

54 3397 346 3458 Constantini
402 3406 528 3460 libri
570 3422 627 3472 v;
663 3422 761 3476 pro
799 3406 937 3462 libro
975 3423 1006 3461 v
1055 3413 1376 3460 numeratur
1426 3407 1598 3460 oratio
1701 3407 1932 3477 pbanus,
1965 3405 2138 3460 Paris.
2174 3405 2333 3470 15M,
2365 3404 2484 3473 fol.,
2519 3422 2618 3476 pro
2667 3408 2857 3477 quinto
2912 3409 3050 3465 libro
3079 3427 3274 3466 nume-

53 3491 345 3550 Constantini
377 3498 453 3550 ad
473 3507 777 3553 sanctorum
805 3508 989 3553 curtum
1023 3498 1096 3569 (v.
1129 3497 1250 3554 Cat.
1281 3498 1441 3552 codd.
1477 3498 1594 3562 Cr.,

54 3598 149 3654 pag.
178 3588 266 3641 t56
285 3601 337 3643 et
362 3591 516 3661 157).
536 3590 796 3646 —Leidae
824 3592 878 3645 in
908 3590 1042 3647 bibl.
1076 3591 1233 3647 acad.
1266 3591 1407 3646 inter
1433 3590 1593 3647 codd.

51 3673 302 3734 Bonas-ent.
327 3679 608 3745 Vulcanii,
644 3685 1231 3752 Τριακονταετηρικός
1250 3699 1305 3736 in
1331 3682 1594 3738 Constan-

53 3766 183 3819 linum
224 3773 376 3840 imp.,
407 3773 505 3827 Gr.
539 3773 734 3844 (Catal.
770 3775 928 3839 bibl.,
962 3791 1082 3846 pag.
1105 3775 1230 3840 545,
1265 3790 1320 3830 n.
1355 3775 1594 3844 XXXV.)

51 3859 269 3919 —Paris.
295 3867 351 3918 in
382 3865 520 3919 bibl.
561 3867 737 3936 publ.,
766 3882 846 3922 or.
878 3867 944 3922 de
992 3867 1236 3922 laudibus
1260 3868 1596 3922 Constantini
1616 3856 1630 3870 ’

54 3942 113 4000 Η.
140 3950 184 4003 in
202 3954 360 4010 codd.
406 3955 748 4023 MCDXXXI,
796 3957 1135 4012 MCDXXXII
1165 3963 1276 4031 (qui
1308 3960 1428 4015 cod.
1459 3975 1594 4014 non-

52 4036 149 4092 dum
172 4046 396 4101 collatus
426 4062 549 4102 esse
570 4047 773 4103 dicitur
795 4047 848 4101 in
865 4047 1066 4113 Catal.,
1084 4048 1205 4104 cod.
1230 4048 1291 4109 ll.
1308 4065 1423 4119 pag.
1444 4051 1591 4120 518).

53 4127 97 4179 la
111 4130 243 4186 codd.
264 4133 680 4203 HCDXXXVII,
699 4133 1111 4192 MCDXXXVIII
1132 4148 1186 4194 et
1204 4138 1590 4205 MCDXXXIX,

50 4218 230 4278 Eusebii
258 4227 422 4283 libris
454 4229 534 4284 De
581 4230 689 4284 vita
733 4226 1070 4285 Constantini
1118 4229 1198 4286 Μ.
1247 4232 1594 4302 subjungitur

51 4309 348 4372 Constantini
386 4319 456 4374 ad
486 4330 801 4376 sanctorum
827 4330 1030 4378 canum
1057 4322 1254 4379 oratio.
1280 4353 1352 4366 -~
1378 4321 1436 4378 In
1468 4324 1589 4378 ροιΙ.

52 4399 420 4464 ucoxxxvut
470 4421 609 4467 orat.
655 4412 734 4467 De
808 4414 1056 4470 laudibus
1114 4389 1450 4470 Constantini
1513 4416 1590 4472 Μ.

51 4496 258 4591 pransus
279 4510 367 4556 est
398 4510 677 4574 prologus.
711 4503 789 4558 Ex
822 4521 944 4576 cap.
1001 4507 1065 4561 11
1109 4506 1328 4564 Eusebii
1361 4507 1427 4562 de
1459 4509 1594 4562 lau-
1622 4537 1666 4591 υ

47 4582 166 4640 dibus
206 4587 572 4660 Constantini,
629 4609 752 4664 pag.
805 4595 928 4660 747,
977 4597 1065 4655 ed.
1093 4596 1339 4670 Reading
1369 4598 1589 4671 (collato

100 4743 163 4816 (α)
190 4746 527 4827 ῗῃιάοῂριιαζ
551 4753 607 4808 in
643 4751 776 4827 bibl.
805 4752 1004 4827 Caesar.
1036 4757 1159 4813 cod.
1187 4757 1414 4826 CLXVI,
1447 4777 1503 4815 ιι.
1548 4765 1587 4827 1,

50 4809 455 4898 ξη’ῖ,έη.-Ειιεει›ἱὶ
508 4825 572 4876 ἐκ
620 4822 714 4876 τοῦ
760 4809 915 4898 neos
949 4809 1589 4898 Μαρῗνᾎνξᾶξξιὲ-Ἰξίιιίί

53 4884 170 4965 “iacio
209 4889 739 4965 Commentarrtozn.
787 4884 889 4956 Ν,
921 4884 1051 4965 ρης]
1083 4884 1209 4964 887,
1253 4884 1307 4954 et
1355 4901 1411 4954 in
1463 4900 1585 4957 cod.

50 4951 314 5031 Beroeaa.
350 4961 536 5024 CtllC,
586 4963 641 5017 in
675 4978 786 5031 quo
831 4951 1019 5018 etiam”
1045 4951 1174 5022 sunt
1196 4951 1425 5025 Eusebii
1464 4951 1587 5026 ééﬂl

50 5029 540 5148 ξυέέωὲέίυέελείς,
591 5029 893 5088 secundum
948 5035 1070 5090 Cat.
1124 5039 1280 5093 codd.
1330 5039 1490 5112 Angl.
1534 5042 1586 5106 Ι,

53 5106 93 5157 P-
112 5106 182 5148 37.
203 5106 376 5156 ﬂnL.

104 5189 164 5256 ib)
190 5190 322 5248 Male
358 5193 485 5248 libri
522 5194 601 5250 VI
629 5212 891 5255 excusant
923 5198 981 5254 in
1027 5197 1112 5254 Jo.
1143 5197 1347 5256 Molleri
1390 5201 1590 5258 Homo—

55 5266 371 5330 nymoscopia,
397 5280 453 5336 p.
480 5265 608 5321 461.

107 5350 161 5419 (ε)
189 5352 407 5412 Nimius
442 5365 527 5413 est
556 5358 899 5416 Constantini
935 5361 1205 5417 laudator.
1239 5361 1304 5416 V.
1353 5361 1588 5416 Thoma-

58 5417 181 5544 ἓῗιιιέ.
207 5424 282 5480 Du
319 5427 451 5493 Pin,
479 5429 722 5501 aliosque
751 5446 782 5484 a
807 5429 999 5488 Stellio
1018 5449 1141 5506 pag.
1167 5432 1272 5487 227
1303 5436 1587 5490 excitatos.

104 5583 169 5656 (τι)
215 5585 329 5642 Jac.
363 5586 675 5645 Godolredo
734 5606 994 5649 assensus
1051 5593 1113 5650 B.
1169 5593 1479 5651 Dorscheus
1535 5594 1590 5649 in

61 5645 292 5738 magna
325 5661 560 5738 concilii
579 5645 789 5738 Μαρεηέ
802 5645 890 5717 ’ᾱέ
903 5645 1265 5738 ’δζίσιξιὶᾳξρζ
1283 5645 1344 5720 Ξ.

60 5725 292 5843 HUbi
349 5731 412 5784 in
464 5729 623 5785 codd.
687 5729 880 5787 Venet.
932 5735 999 5789 ad
1063 5735 1090 5806 §
1141 5725 1226 5789 {7'
1252 5734 1588 5790 memoratis.

1699 3514 1828 3553 rans
1873 3499 2175 3554 orationem
2231 3497 2299 3553 ad
2351 3505 2664 3554 sanctorum
2719 3509 2919 3554 cretum
2983 3501 3091 3572 (ε),
3154 3518 3274 3572 quae

1696 3589 2039 3645 Constantini
2081 3588 2152 3643 Μ.
2203 3595 2308 3656 est,
2365 3604 2474 3645 non
2536 3587 2778 3644 Eusebii.
2824 3589 3011 3646 Latine
3062 3593 3274 3664 primus

1696 3687 1932 3748 quatuor
1962 3677 2134 3734 libros
2152 3679 2280 3749 (non
2304 3685 2417 3733 tres
2442 3677 2710 3749 primores
2737 3687 2968 3747 tantum,
3003 3691 3060 3736 ut
3083 3685 3275 3740 scribit

1698 3770 1973 3825 Hanckius
2031 3786 2156 3841 pag.
2191 3770 2259 3825 86
2292 3769 2371 3824 De
2421 3770 2766 3840 scriptoribus
2821 3771 2978 3845 Byz.)
3033 3773 3274 3833 Joannes

1694 3861 1977 3918 Portesius
2002 3861 2185 3918 vertit.
2249 3860 2387 3916 Hinc
2416 3861 2777 3936 Wolfgangus
2828 3863 3140 3932 Musculus,
3174 3883 3276 3924 nec

1693 3953 1876 4009 minus
1897 3951 1946 4008 J.
1979 3952 2529 4022 Cbristophorsonus,
2559 3954 2650 4025 qui
2697 3953 2926 4010 Portesii
2965 3957 3272 4012 versionem

1695 4059 1805 4100 non
1857 4045 2086 4109 viderat,
2133 4053 2356 4100 notante
2387 4045 2606 4102 Valesio
2647 4063 2770 4119 pag.
2821 4047 2926 4102 216
2976 4063 3060 4120 sq.
3096 4047 3273 4121 Hujus

1694 4138 2294 4210 Christophorsoniana:
2313 4141 2577 4197 versionis
2601 4155 2723 4197 cum
2747 4141 3123 4212 libet-quartus
3141 4158 3274 4200 casu

1694 4231 1930 4302 quodam
1963 4231 2201 4288 amissus
2232 4241 2410 4300 esset,
2459 4243 2715 4304 quartum
2763 4233 3022 4291 Nicolaus
3067 4236 3273 4294 Carrus

1694 4321 1981 4392 supplevit.
2013 4322 2256 4392 Denique
2309 4324 2451 4380 idem
2480 4323 2749 4380 Henricus
2778 4323 3031 4382 Valesius
3084 4325 3273 4382 Graeca

1693 4414 1758 4469 ad
1805 4415 2021 4470 codices
2081 4431 2213 4470 mss.
2265 4417 2584 4485 castigavit,
2633 4417 2939 4471 versionem
2989 4418 3270 4474 meliorem

1695 4512 1960 4574 notasque
1986 4505 2333 4560 doctissimas
2365 4504 2612 4574 adjunxit
2632 4505 2720 4575 (1).
2743 4503 3024 4562 Editiones
3049 4505 3271 4565 Latinas

1691 4603 1745 4650 et
1795 4593 2266 4661 Graeco-Latinas,
2319 4596 2446 4665 quia
2491 4596 2745 4652 Historia:
2801 4597 3168 4654 ecclesiastica:
3212 4599 3269 4654 hi

1759 4750 2117 4823 (f)_Valesius
2157 4751 2345 4823 Budat
2375 4753 2498 4807 cod.
2551 4752 2762 4818 Fuketi,
2790 4752 2952 4823 glectt.
3003 4753 3072 4809 ad
3112 4769 3267 4811 oram

1689 4821 1815 4877 libri
1843 4821 2124 4886 Saviliaui,
2155 4821 2486 4877 Turuebiani
2518 4831 2572 4878 et
2619 4824 2742 4879 cod.
2788 4822 2990 4888 Mortei,
3020 4824 3265 4880 codicem

1691 4893 2026 4961 schedasque
2064 4892 2192 4947 bibl.
2251 4891 2427 4946 Paris.
2459 4891 2589 4948 Rec.
2639 4900 2724 4948 est
2776 4894 2862 4947 ed.
2905 4893 3109 4949 Valesii
3139 4911 3264 4948 cum

1690 4965 1854 5030 hujus
1889 4962 2273 5034 variorumque
2306 4966 2578 5034 adnotatt.
2601 4961 2655 5016 in
2698 4963 2782 5019 ed.
2811 4962 3075 5034 Rcading.
3104 4993 3178 5034 -+
3205 4962 3265 5018 ln

1691 5028 1787 5089 sen
1833 5028 2200 5101 codd.gbibl.'
2229 5028 2410 5084 Paris.
2453 5033 2603 5101 puhl.
2623 5034 2962 5088 ccontinetur
2994 5028 3266 5088 Eusebius

1690 5103 1768 5156 De
1830 5104 1938 5156 vita
1993 5099 2348 5156 Constantini.
2389 5099 2470 5140 -“
2505 5102 2561 5157 In
2616 5102 2736 5157 cod.
2772 5103 3062 5165 Escorial.,
3123 5109 3266 5159 teste

1695 5172 1886 5226 Pluero
1935 5172 1990 5224 in
2033 5170 2165 5224 Itin.
2215 5187 2308 5241 per
2355 5170 2606 5239 Hispan.,
2663 5187 2714 5241 p.
2783 5173 2907 5229 168.
2953 5171 3102 5227 —ln
3134 5171 3258 5228 cod.

1691 5241 2023 5311 Mosquensi,
2049 5247 2186 5312 teste
2218 5239 2458 5312 Strothio
2486 5241 2542 5312 in
2576 5239 2725 5312 prtej.
2759 5241 2826 5296 ad
2867 5243 2998 5297 Eus.
3055 5241 3128 5297 Η.
3167 5241 3259 5312 Ε..

1691 5309 1980 5383 ρηεζχκιι.
2008 5310 2163 5383 —_l_n
2193 5311 2333 5383 ξοδ.
2363 5309 2902 5383 ΑΜ-θόὶοέο-Ρῑοτθιιι.
2941 5312 3063 5381 XX,
3107 5310 3261 5383 n._4,

1690 5379 1786 5452 qui
1806 5383 2053 5452 coritinct
2083 5380 2152 5436 Η.
2185 5379 2270 5442 Ε.,
2293 5381 2396 5436 sub
2429 5380 2586 5436 ﬁnem
2624 5382 2885 5437 insertum
2924 5391 3008 5439 est
3040 5379 3106 5438 ex
3153 5379 3262 5434 Eu;

1692 5450 1827 5506 sebii
1867 5450 2370 5523 YitaAConstantini,
2421 5466 2451 5523 a
2484 5467 2605 5521 cap.
2633 5453 2722 5517 24,
2768 5469 2939 5523 usque
2982 5453 3048 5507 ad
3087 5460 3260 5505 totum

1691 5537 1811 5592 cap.
1867 5521 1938 5573 42
1989 5521 2107 5574 libri
2161 5521 2200 5592 ll
2257 5522 2542 5592 inclusive,
2572 5521 2918 5592 excerptum,
2971 5523 3260 5577 continens

1694 5590 1840 5646 illius
1867 5590 2211 5663 imperatoris
2240 5591 2706 5655 constitutionem,
2734 5590 2926 5663 quam,
2965 5593 3260 5663 destructis

1693 5663 1962 5734 tyrannis,
1992 5662 2173 5734 Graeca
2211 5663 2389 5732 lingua
2409 5662 2813 5734 .conscriptam,
2845 5665 3096 5734 gentibus
3128 5662 3259 5734 sub-

1694 5729 2011 5803 ditisgt‘nisit.
2046 5729 2361 5803 “Bandin.
2394 5729 2514 5785 Cat.
2540 5729 2691 5787 codd.
2745 5729 2944 5799 Gr.,'ll.
2977 5730 3252 5803 pag._tv8i_.

2785 5804 2845 5859 D.
2913 5799 3072 5858 Ernf
3102 5799 3262 5856 Frid.

1695 5829 1763 5842 -
1823 5801 1938 5856 lluc
2003 5802 2272 5863 pertinent
2343 5811 2715 5856 commentatt.
