3812 6376
532 409 601 465 47
1487 410 1842 465 ἘΕΞΕΒΙΠΒ
1880 408 2198 466 (ΣᾹΣΞΑΒἸΕ
2211 407 2369 465 NSIS
2406 408 2734 467 EPISCOI’I'
2749 412 2785 462 S
3669 424 3722 479 Lg

529 526 653 582 libri
683 524 939 597 subjungi
969 524 1164 587 solent,
1182 539 1344 595 supra
1368 540 1518 578 num.
1551 526 1585 580 ’5
1611 525 1898 579 adnotatas
1927 525 2081 578 vider:

2223 523 2279 578 σο
2333 524 2596 596 ἡμέτερος
2659 522 3066 596 ἱστοριογράφος
3127 523 3419 590 Εὒσέὸιος,
3461 529 3600 600 ἡνίκα
3647 543 3724 606 τὴν

527 621 672 674 licet.
702 617 932 674 Tantum
985 619 1237 682 monebo,
1289 618 1344 671 in
1399 617 1729 672 editionlbus
1781 615 2106 686 quibusdam

524 713 737 770 Latinis
784 713 970 767 brevia
1033 711 1084 766 J.
1144 709 1263 766 Jac.
1321 708 1535 781 Gryrrazi
1585 717 1638 764 et
1686 707 1906 764 SuIl‘ridi
1963 709 2107 765 Petri

527 805 736 860 scholia
771 803 1028 873 adjuncta
1070 818 1211 858 esse.
1271 801 1487 856 Gallica:
1538 817 1753 872 quoque
1784 802 2109 872 interpreta-

524 897 692 951 tionis
728 896 905 952 instar
929 902 1031 958 est,
1068 894 1213 965 quod
1239 903 1461 948 auctore
1498 891 1706 948 Joanne
1738 894 1945 949 Morino
1977 911 2105 965 pro-

523 989 789 1058 diitopus
836 1007 849 1040 :
904 987 1139 1041 Histoire
1194 985 1259 1040 de
1318 986 1372 1039 la
1423 984 1721 1043 delivrance
1781 987 1844 1042 de
1887 988 2104 1059 l’Eglise

521 1080 837 1145 eltrétienne,
878 1096 977 1149 par
1013 1079 1319 1147 l‘empereur
1352 1076 1686 1134 Constantia.
1728 1078 1904 1136 Paris.
1944 1082 2098 1147 1650,

521 1171 618 1226 fol.

592 1263 775 1318 XVIII.
801 1263 876 1318 De
904 1263 1024 1317 Vita
1043 1262 1101 1318 S.
1126 1262 1414 1332 Pamphilii
1441 1264 1712 1332 martyris,
1737 1263 2024 1334 scripsisse
2041 1281 2100 1321 se

522 1363 755 1411 testatur
788 1357 883 1412 lib.
923 1373 978 1411 vr
1013 1357 1113 1426 (α),
1154 1371 1276 1427 cap.
1329 1355 1418 1419 52,
1453 1355 1745 1419 Eusebius,
1796 1363 1848 1411 et
1885 1357 1976 1412 lib.
2023 1372 2097 1412 vn

523 1449 665 1502 Hist.
695 1447 902 1513 eccles.,
955 1463 1076 1519 cap.
1113 1448 1202 1512 52,
1240 1463 1361 1519 pag.
1392 1447 1520 1515 288,
1581 1455 1636 1503 et
1675 1447 1746 1502 De
1774 1449 2098 1519 martyribus

519 1541 849 1606 Paltestinte,
884 1555 1004 1611 cap.
1067 1541 1154 1604 11,
1192 1541 1280 1594 ubi
1339 1541 1503 1594 tribus
1539 1540 1686 1594 libris
1721 1541 2036 1596 distinctum
2067 1558 2097 1597 a

518 1649 578 1687 sc
629 1649 765 1704 opus
815 1632 946 1687 illud
1002 1631 1174 1688 fuisse
1203 1631 1389 1698 refert,
1423 1633 1567 1704 quod
1600 1633 1885 1689 conﬁrmat
1931 1634 2094 1690 etiam

517 1722 880 1796 Hieronymus
912 1725 967 1779 in
997 1723 1273 1795 Catalogo,
1293 1741 1411 1795 cap.
1433 1725 1522 1789 81,
1541 1733 1594 1780 et
1611 1725 1857 1780 adversus
1886 1727 2092 1797 lia/im,

517 1833 642 1889 pag.
669 1817 791 1883 155,
828 1817 920 1872 ubi
952 1817 1119 1872 libros
1140 1817 1578 1888 elegantissimos
1609 1819 1863 1888 appellat.
1895 1817 2088 1887 Hujus,

2181 616 2726 684 Ἐκκλησιαστικὴν
2771 616 3008 684 ἔγραφεν
3059 617 3359 684 ἱστορίαν,
3393 620 3729 690 παραλέλοιπεν

2207 708 2408 771 ἐκεῖνα,
2436 700 2511 762 ὧν
2543 709 2762 779 μνήμην
2791 709 3083 778 ἐποιήσατο
3113 711 3169 761 ἐν
3202 709 3404 778 ἑτέροις
3425 711 3572 764 αὑτοῦ
3599 718 3728 788 inatq-

2209 814 2361 868 μασι.
2399 799 2508 852 Καὶ
2536 797 2645 868 γὰρ
2685 798 2742 850 ἐν
2787 797 2981 851 εἴκοσι
3013 799 3236 868 λόγοις,
3279 799 3532 854 τουτέστιν
3557 804 3606 854 ὲν
3634 803 3730 858 δυο-

2203 891 2411 955 δεκάσι,
2440 891 2624 960 σχεδὸν
2647 890 2756 943 τῶν
2781 891 2838 943 ὲν
2873 891 3110 954 ἀπάσαις
3141 893 3427 964 ἐπαρχίαις
3454 895 3731 969 μαρτύρων,

2205 981 2514 1035 ἐπισκόπων
2539 1022 2552 1047 ,
2603 981 2950 1054 ὁμολογητῶν
2999 984 3092 1038 καὶ
3139 985 3313 1053 ἁγίων
3364 988 3612 1053 γυναικῶν
3654 992 3732 1043 καὶ

2203 1071 2505 1144 παρθένων,
2535 1072 2915 1144 παρεσκεύασε
2957 1073 3026 1126 τὰ
3070 1073 3217 1145 πάθη
3274 1074 3535 1145 φέρεσθαι.
3579 1076 3734 1141 Miror,

2201 1166 2435 1220 Caveum
2480 1166 2606 1219 huic
2636 1167 2789 1236 operi
2834 1166 3073 1222 tribuere
3115 1166 3284 1222 libros
3315 1182 3418 1221 non
3447 1170 3630 1239 viginti,
3659 1170 3730 1225 sed

2199 1257 2462 1320 undecim,
2520 1258 2748 1328 ejusque
2787 1258 2864 1313 rei
2902 1265 3181 1314 auctorem
3237 1259 3456 1314 laudare
3503 1260 3624 1314 Acta
3652 1259 3732 1315 Sil-

2199 1351 2375 1415 vestri,
2415 1366 2443 1404 a
2477 1350 2807 1407 Combeﬁsio
2836 1351 3002 1407 edita.
3029 1350 3259 1424 [Forsan
3285 1353 3414 1408 illud
3438 1352 3496 1408 de
3519 1358 3730 1426 martyri-

2201 1445 2293 1497 bus
2347 1443 2675 1508 Palwstinte,
2709 1445 2853 1516 quod
2905 1445 2962 1498 in
3004 1445 3160 1500 editt.
3216 1443 3290 1500 II.
3335 1445 3400 1501 E.
3435 1447 3653 1504 adhaeret
3689 1451 3734 1504 li-

2200 1537 2298 1590 bro
2327 1553 2446 1603 vut,
2475 1545 2529 1592 et
2570 1537 2638 1594 de
2673 1553 2782 1608 quo
2813 1554 2863 1591 v.
2889 1536 3051 1590 Fabr.
3086 1536 3151 1592 Β.
3187 1535 3280 1593 Gr.
3313 1539 3418 1593 vol.
3451 1537 3535 1604 IX,
3560 1543 3732 1611 pag.53

2199 1645 2259 1698 sq
2317 1629 2402 1685 ed.
2433 1638 2564 1695 vet.,
2595 1645 2723 1699 pars
2757 1628 2859 1685 fuit
2889 1630 3052 1700 hujus
3084 1630 3424 1687 collectionis
3464 1635 3731 1703 martyrior

2197 1721 2614 1795 autiquiorum.]
2659 1723 2862 1779 Confer
2913 1723 2980 1778 de
3041 1722 3230 1778 eodem
3269 1737 3431 1793 opere
3471 1722 3730 1780 Eusebiant

2199 1812 2516 1870 Bollantlum
2558 1815 2710 1887 prmi.
2773 1816 2838 1871 ad
2894 1823 2935 1870 t.
2993 1813 3014 1868 l
3069 1815 3188 1872 Act.
3247 1828 3477 1872 sanctor.
3522 1815 3726 1871 Ianuar.

517 1921 578 1964 ut
611 1917 783 1980 putat,
817 1908 997 1981 operis
1029 1910 1322 1981 genuinum
1346 1909 1796 1980 ἁποσπασμάτιον
1832 1911 1900 1965 de
1930 1909 2090 1964 Pam-
2123 1896 2162 1948 Β
2191 1921 2312 1976 pag.
2366 1922 2457 1960 xvi
2513 1914 2566 1960 et
2616 1922 2742 1971 XLV,
2797 1913 2851 1961 et
2906 1904 3311 1962 Henschenium
3374 1917 3412 1962 t.
3462 1906 3504 1962 Il
3557 1907 3728 1976 Aprilis

515 2003 650 2074 phili
703 2002 964 2074 martyrio
993 2000 1178 2058 Griece
1227 2018 1290 2057 ex
1337 2018 1441 2058 ms.
1471 2003 1657 2058 codice
1685 2002 1921 2058 Mediceo
1951 2005 2093 2074 regis

516 2095 974 2152 Christianissimi
1031 2095 1364 2164 descriptum
1409 2095 1627 2150 exhibet
1684 2094 2092 2165 Papebrocbius

514 2195 559 2243 t.
594 2186 758 2241 lAct.
787 2185 1101 2241 Sanctorum
1152 2185 1321 2248 Junii,
1349 2201 1470 2256 pag.
1496 2185 1680 2247 64—74.
1727 2202 1848 2240 cum
1903 2185 2091 2240 Latina

515 2279 787 2334 versione.
827 2275 1010 2349 [Fabr.
1044 2277 1099 2331 in
1141 2291 1238 2329 sua
1287 2274 1556 2346 Hippolyti
1589 2273 1724 2346 Opp.
1754 2276 1910 2338 edit..
1947 2285 1985 2329 t.
2023 2274 2088 2337 II,

517 2385 640 2441 pag.
667 2365 822 2437 2I7.]
871 2367 1064 2423 Latina
1116 2368 1205 2421 illa
1260 2383 1325 2421 ex
1365 2366 1597 2422 Eusebio
1631 2384 1694 2422 ac
1729 2367 2092 2438 Metaphraste

517 2463 782 2518 dederant
814 2460 1185 2533 Lipomannus
1216 2468 1268 2514 et
1297 2459 1492 2516 Surius
1523 2460 1548 2513 I
1572 2458 1740 2524 Junii,
1765 2469 1820 2515 et
1843 2459 2090 2516 Valesius

513 2575 636 2630 pag.
670 2558 795 2622 I78,
812 2557 877 2612 ad
908 2555 1106 2612 Euseb.

584 2647 724 2702 XIX.
753 2647 876 2702 Τῶν
904 2647 1166 2716 ἀρχαίων
1183 2647 1520 2714 μαρτυρίων
1543 2643 1918 2714 συναγωγήν,
1953 2647 2091 2697 auti-

509 2753 732 2808 quorum
790 2736 1166 2806 martyriorum
1228 2735 1619 2798 collectionem,
1682 2735 1970 2802 scripsisse
2032 2750 2091 2790 se

510 2829 779 2884 Eusebius
813 2835 1044 2882 testatur
1074 2826 1129 2878 in
1161 2823 1307 2880 Ilist.
1351 2825 1534 2879 eccles.
1589 2825 1683 2878 lib.
1715 2840 1788 2888 tv,
1818 2839 1938 2893 cap.
1998 2823 2085 2888 I5,

509 2934 634 2990 pag.
660 2919 784 2985 156,
815 2925 869 2971 ct
918 2917 1011 2970 lib.
1049 2933 1099 2980 v,
1150 2930 1405 2985 promm.,
1443 2929 1566 2984 pag.
1601 2914 1723 2976 155,
1755 2921 1810 2969 et
1837 2927 1957 2984 cap.
1993 2912 2084 2977 2I,

509 3027 632 3084 pag.
671 3010 790 3064 I89.
823 3008 902 3064 Ex
925 3009 1026 3063 hoc
1052 3023 1217 3079 opere
1248 3007 1529 3077 praeclaro,
1562 3013 1615 3060 et
1636 3005 1779 3076 quod
1820 3005 2087 3076 integrum

508 3103 576 3158 ad
599 3118 699 3158 nos
724 3099 870 3155 haud
897 3101 1210 3172 pervenisse
1238 3097 1528 3152 dolendum
1564 3105 1668 3161 est,
1700 3097 1868 3151 multa
1899 3111 2089 3167 super-

506 3211 629 3250 esse
667 3193 940 3258 videntur,
990 3192 1043 3245 in
1093 3191 1227 3244 Vitis
1261 3190 1488 3244 Patrum
1522 3189 1710 3245 Latine
1746 3189 1848 3244 sub
1893 3187 2087 3243 Hiero-

505 3287 657 3360 nymi
709 3286 928 3342 nomine
972 3284 1154 3351 editis,
1186 3292 1240 3339 et
1286 3284 1342 3339 in
1392 3283 1643 3337 Simeone
1699 3281 2081 3351 Metaphraste,

503 3381 596 3452 qui
622 3379 809 3437 Graeco
841 3379 982 3451 stylo
1030 3386 1343 3433 sanctorum
1369 3374 1526 3428 Vitas
1567 3382 1620 3430 et
1661 3375 1920 3446 martyria
1954 3389 2086 3430 con-

503 3474 661 3528 didit.
693 3471 1078 3544 Fragmentum
1110 3485 1176 3525 ex
1200 3468 1305 3523 hoc
1333 3483 1496 3538 opere
1527 3467 1835 3522 Eusebiano
1865 3468 1992 3522 dare
2025 3482 2084 3522 se

503 3566 735 3622 credidit
771 3563 1176 3634 Papebrochius
1209 3559 1587 3615 Narrationem
1615 3558 1677 3613 de
1718 3558 1890 3614 decem
1926 3576 2084 3612 mar-

504 3659 706 3730 tyribus
759 3655 998 3728 Egypti,
1031 3653 1215 3709 Graece
1271 3669 1302 3708 e
1349 3668 1453 3709 ms.
1481 3651 1740 3707 Vaticano
1778 3669 1901 3707 cum
1935 3653 2079 3707 GuiI.

505 3750 692 3805 Sirleti
719 3749 969 3804 versione
998 3753 1039 3801 t.
1074 3747 1094 3799 I
1168 3747 1287 3800 Act.
1329 3755 1561 3799 sanctor.
1603 3745 1771 3808 Junii,
1823 3762 1944 3815 pag.
1976 3747 2080 3802 4‘20

503 3859 620 3912 seq.
657 3840 748 3896 Sic
790 3841 922 3894 Acta
977 3839 1224 3909 martyrii
1255 3837 1311 3893 S.
1342 3836 1566 3892 Luciani
1593 3837 1733 3906 apud
1767 3836 1984 3891 Surium
2026 3845 2080 3892 et

501 3933 823 3988 Bollandum
874 3931 941 3985 ad
993 3931 1025 3984 7
1076 3929 1302 3984 Januar.
1351 3927 1542 3982 Latine
1593 3929 1770 3994 edita,
1825 3927 2077 3984 Usserius

502 4026 645 4096 apud
679 4025 916 4080 Caveum
943 4023 1256 4094 suspicatus
1284 4029 1367 4076 est
1399 4019 1817 4090 Metaphrastem
1858 4021 2077 4090 petiisse

500 4135 567 4175 ex
598 4117 854 4174 Eusebio.
914 4117 1184 4189 Integram
1231 4115 1350 4185 ejus
1396 4113 1709 4186 μαρτυρίων
1757 4113 2075 4186 ἀναγραφήν

498 4209 555 4264 in
593 4209 727 4265 bibl.
764 4207 1094 4264 Scorialensi
1129 4206 1466 4276 superfuisse
1489 4204 1718 4259 aIlirmat
1746 4202 2074 4260 Franciscus

497 4300 749 4356 Bivarius
782 4299 851 4354 ad
874 4297 1088 4355 Pseudo
1112 4295 1298 4353 Dextri
1323 4297 1637 4365 Chronicon,
1670 4295 1738 4352 ad
1761 4299 1826 4350 A.
1859 4293 1921 4350 C.
1945 4295 2070 4352 508.

2194 2012 2316 2068 pag.
2379 1996 2516 2064 559;
2549 1997 2840 2053 Baronium
2906 1997 3051 2054 Diss.
3111 1996 3492 2068 Martyrologio
3544 1996 3734 2052 Romam

2195 2090 2492 2158 prietnissa,
2529 2104 2650 2159 cap.
2684 2089 2800 2154 5-7,
2833 2096 2884 2143 et
2919 2088 3198 2144 Matthiam
3237 2087 3277 2142 F
3281 2089 3386 2145 rid.
3410 2089 3657 2145 Beckium
3696 2105 3733 2143 at

2194 2179 2637 2252 Martyrologium
2698 2180 2949 2234 Ecclesiae
3005 2178 3354 2248 Germanica,
3409 2196 3531 2252 pag.
3577 2180 3609 2234 5
3652 2196 3734 2250 seq

2194 2272 2356 2328 Fsan.
2384 2273 2440 2328 In
2470 2273 2592 2328 oud.
2623 2271 2856 2328 MCDLII
2894 2273 3024 2327 bibl.
3058 2273 3209 2343 publ.
3243 2271 3425 2328 Paris.
3457 2281 3540 2328 est
3569 2289 3622 2327 n.
3654 2271 3732 2326 XX

2193 2365 2454 2430 Onesimi,
2488 2365 2581 2435 qui
2610 2363 2763 2420 Pauli
2819 2365 3122 2436 discipulus
3170 2366 3298 2434 fuit,
3332 2365 3670 2434 martyrium,
3715 2383 3731 2418 ε

2191 2475 2246 2513 n.
2282 2457 2443 2520 XXII,
2470 2456 2760 2527 Pamphili,
2799 2456 3072 2523 Valentis,
3123 2456 3300 2522 Pauli,
3358 2455 3609 2522 Seleuci,
3647 2455 3734 2508 Por

2191 2551 2390 2620 ρπβ-ἥ,
2444 2549 2710 2604 Theoduli
2776 2559 2830 2605 et
2870 2548 3075 2605 Juliani
3133 2548 3500 2621 martyrium,
3560 2555 3732 2602 auctor

2191 2640 2447 2695 Eusebio.
2468 2640 2640 2696 ΗΑιιι..

2262 2730 2381 2785 XX.
2413 2731 2654 2801 Epistola
2712 2732 2780 2785 ad
2815 2731 3184 2788 Constantiam
3237 2732 3559 2805 Augustam,
3590 2731 3730 2787 Licio

2191 2843 2439 2894 ttxorem,
2474 2827 2689 2882 laudata
2748 2829 2816 2883 ab
2866 2826 3242 2883 lconomachis
3289 2829 3349 2882 in
3393 2829 3552 2883 Actis
3596 2842 3736 2898 synm

2189 2917 2417 2973 Nicaenae
2443 2919 2716 2983 secundae,
2751 2931 2857 2974 act.
2889 2937 2943 2988 v,
2978 2935 3102 2991 pag.
3128 2921 3252 2986 608,
3276 2928 3334 2977 et
3357 2936 3437 2986 νι,
3485 2935 3610 2992 pag.
3657 2917 3734 2973 66?

2189 3019 2229 3065 t.
2284 3013 2365 3067 III.
2402 3013 2543 3067 Binii
2575 3012 2800 3085 (Labbei
2833 3023 2876 3068 t.
2914 3012 3044 3086 VII),
3074 3021 3129 3070 et
3173 3029 3204 3068 a
3253 3013 3615 3086 Nicephoro,
3649 3014 3737 3068 Cor

2189 3107 2541 3178 stantinOpol.
2571 3108 2900 3179 patriarcha,
2956 3109 3295 3180 impugnata.
3347 3109 3428 3164 Ex
3465 3110 3659 3166 eadem
3693 3108 3731 3162 Ν

2188 3200 2458 3269 cephorus
2491 3199 2758 3272 Gregoras
2785 3216 2900 3267 xu,
2930 3201 2985 3266 5,
3013 3200 3180 3268 Hist.,
3224 3203 3317 3256 ubi
3351 3202 3660 3259 Eusebium
3687 3201 3740 3254 rt}

2186 3291 2307 3343 τότε
2350 3291 2542 3362 λογίων
2593 3292 2685 3346 τὸν
2731 3293 2950 3364 πρῶτον
3003 3294 3271 3364 appellat,
3326 3311 3461 3367 pag.
3509 3293 3732 3351 59I.Ea

2185 3385 2480 3453 pleniorem
2515 3385 2698 3439 Graece
2732 3402 2762 3440 e
2810 3401 2913 3441 ms.
2944 3386 3094 3458 regio
3120 3387 3290 3442 edidit
3330 3386 3386 3441 εἰ.
3421 3387 3714 3442 Boivinius

2184 3475 2330 3530 notis
2386 3476 2616 3532 eruditis
2671 3475 2737 3529 ad
2797 3475 3025 3546 Niceph.
3082 3475 3430 3549 Gregoram,
3487 3495 3620 3550 pag.
3673 3477 3736 3531 79

2185 3565 2437 3635 Spuriam
2489 3574 2545 3620 et
2603 3565 2840 3622 Eusebio
2876 3567 3216 3636 suppositam
3258 3585 3396 3625 esse
3428 3586 3549 3624 non
3593 3570 3741 3625 dubil

2181 3656 2434 3714 Petavius
2483 3675 2593 3725 xw,
2625 3658 2678 3725 9,
2718 3658 2904 3729 Dogm.
2944 3661 3098 3716 theol.
3130 3661 3194 3715 de
3229 3660 3661 3718 Incarnatione.
3697 3663 3737 3717 SI

2181 3748 2416 3805 Eusebio
2475 3759 2622 3805 recte
2672 3765 2704 3804 a
2755 3751 2976 3809 laudato
3026 3752 3255 3810 Boivino
3313 3754 3687 3811 vindicatur.

2138 3899 2152 3915 ,
2179 3841 2371 3898 iisdem
2403 3842 2556 3898 Actis
2583 3841 2815 3898 Nicaeum
2848 3843 3042 3915 synodi
3073 3844 3301 3900 affertur
3337 3847 3529 3903 etiam
3572 3848 3738 3918 aliqui

2178 3949 2299 4004 pag.
2325 3935 2429 3989 608
2455 3942 2509 3990 et
2535 3934 2662 4000 662,
2689 3950 2752 3990 ex
2793 3937 3026 4006 epistola
3068 3937 3286 3994 Eusebii
3344 3941 3425 3996 ad
3462 3939 3742 4013 Euphrati

2175 4041 2300 4080 nem
2347 4028 2462 4082 sive
2491 4025 2926 4099 Euphrasionem
2965 4037 3020 4084 et
3042 4030 3108 4084 ad
3129 4031 3538 4088 Alexandrum
3565 4033 3740 4089 Alexa

2175 4117 2413 4174 drinum.

2587 4212 2779 4269 Latine
2817 4223 3023 4268 tantum
3070 4225 3284 4270 exstant
3324 4233 3348 4271 :

2240 4299 2382 4355 XXI.
2409 4301 2678 4375 Apologia:
2707 4320 2802 4373 pro
2833 4303 3054 4376 Origene
3081 4305 3210 4360 liber
3241 4309 3507 4376 primus,
3531 4323 3610 4364 ex
3630 4304 3742 4361 Rul

497 4391 676 4462 Atque
715 4389 878 4444 libros
930 4400 1033 4444 tres
1081 4397 1385 4460 martyrum
1431 4387 1652 4443 Eusebii
1709 4388 1951 4442 nondum
2001 4387 2072 4443 de
2171 4391 2443 4456 versione,
2500 4392 2644 4462 inter
2685 4392 2937 4464 Origenis
2989 4402 3152 4467 atque
3214 4395 3583 4470 Hieronymi
3643 4397 3743 4469 Opi

496 4480 687 4536 Graeco
716 4496 905 4537 versos
935 4480 1009 4536 ibi
1055 4481 1354 4544 exstitisse,
1385 4494 1452 4534 ex
1484 4479 1663 4532 indice
1690 4478 1932 4548 ejusdem
1971 4479 2071 4532 bi-
2171 4483 2368 4552 saepius
2395 4483 2496 4538 sub
2534 4482 2800 4554 Pamphili
2830 4488 3049 4545 nomine
3076 4489 3275 4545 editus.
3316 4489 3396 4545 Et
3441 4506 3602 4548 sane
3635 4508 3742 4547 ext

496 4577 782 4633 bliothecae
834 4591 889 4635 a.
925 4575 1060 4632 I579
1093 4577 1282 4632 didicit
1330 4583 1385 4630 et
1421 4574 1490 4628 ad
1527 4573 1821 4629 Baronium
1850 4573 2073 4644 scripsit
2101 4590 2146 4647 ι)
2176 4575 2475 4633 luminibus
2515 4592 2611 4633 sex
2659 4579 2758 4648 (tot
2803 4581 2946 4636 enim
2991 4582 3246 4653 Apologia
3281 4583 3397 4637 illa
3444 4585 3651 4641 libros
3681 4600 3746 4638 co

499 4669 822 4736 Lindanus,
883 4678 946 4724 ut
1009 4677 1198 4724 narrat
1261 4666 1530 4722 Baronius
1595 4665 1661 4720 ad
1723 4663 2068 4736 Martyrolog.
2175 4668 2335 4738 plexa
2389 4671 2496 4740 est)
2549 4669 2890 4741 Pamphilum
2943 4689 3050 4728 una
3105 4689 3231 4728 cum
3285 4674 3582 4732 Eusebio
3638 4678 3746 4749 prii

489 4763 561 4818 25
595 4760 743 4832 Sept.
794 4762 1014 4818 Duabus
1062 4762 1324 4816 librorum
1382 4757 1676 4813 decadibus
1725 4758 1839 4813 sive
1892 4759 2074 4828 viginti
2173 4764 2413 4835 quinque
2442 4767 2835 4836 composuisse,
2889 4775 3103 4822 sextum
3135 4767 3204 4823 ab
3240 4766 3528 4827 Eusebio
3571 4774 3749 4826 addit

491 4855 643 4908 tilm's
670 4856 983 4910 constitisse
1009 4853 1138 4907 illud
1171 4868 1330 4922 opus,
1367 4851 1531 4905 tradit
1561 4851 1794 4920 scriptor
1818 4851 2070 4905 Actorum
2171 4870 2313 4921 esse,
2342 4862 2572 4912 testatur
2623 4855 2852 4914 Photius
2894 4858 3016 4913 cod.
3052 4873 3222 4913 cxvm
3278 4859 3403 4931 (b).
3443 4863 3689 4921 Confer
3723 4863 3744 4917 I

489 4943 549 4998 S.
597 4942 864 5009 Silvestri,
887 4943 1029 5015 apud
1060 4941 1408 4997 Lambecium
1428 4948 1471 4993 t.
1500 4937 1636 5003 VIII,
1667 4955 1720 5009 p.
1753 4941 1849 4994 521
1871 4940 2068 5013 [p.683
2169 4949 2380 5004 sebium
2411 4950 2587 5020 ipsum
2620 4967 2696 5016 vt,
2726 4953 2815 5018 55,
2874 4952 3039 5015 Hist.,
3071 4960 3125 5007 et
3170 4967 3299 5022 qua:
3352 4955 3444 5012 de
3496 4958 3627 5012 hoc
3674 4976 3748 5029 op

489 5054 574 5107 sq.
633 5038 720 5096 ed.
785 5035 1036 5107 Kollar.].
1080 5033 1258 5098 Verba
1320 5032 1610 5103 scriptoris
1673 5033 1820 5089 illius
1881 5041 2063 5089 sunt:

490 5228 852 5304 Wernsdorﬁi
869 5229 984 5304 _De
1011 5228 1364 5304 Constantini
1384 5229 1484 5304 _III.
1521 5231 1794 5304 religione
1819 5233 2063 5304 paschali

493 5302 575 5374 adt
618 5299 1080 5374 EusebLApeuita
1104 5297 1323 5374 λείξας-ε.
1375 5299 1452 5374 Μ.
1486 5297 1745 5374 ΔΙὶιηνῖιν,
1802 5297 1920 5374 cap.
1969 5303 2059 5370 22,

490 5370 716 5427 Wittob.
751 5371 911 5434 I758,
935 5369 988 5435 4,
1015 5375 1070 5423 et
1103 5367 1162 5424 D.
1201 5368 1426 5426 Erhard.
1470 5370 1667 5427 Anton.
1712 5367 2058 5429 Frominanni

487 5441 570 5495 De
589 5441 741 5494 codd.
774 5441 963 5506 sacris,
977 5437 1136 5507 jussu
1158 5437 1492 5496 Constantini
1535 5443 1599 5496 ab
1635 5443 1863 5499 Eusebio
1905 5462 2063 5499 cura-

493 5513 581 5571 tis,
617 5511 685 5565 ad
737 5509 934 5565 Euseb.
984 5509 1156 5563 Vitam
1204 5507 1386 5566 Const.
1423 5513 1545 5568 libr.
1596 5530 1671 5578 tv,
1716 5532 1768 5570 c.
1823 5513 1910 5569 56.
1954 5515 2059 5571 Co—

490 5579 648 5656 hurg.
678 5580 834 5656 1761,
859 5580 938 5656 _I_,
972 5594 1154 5636 recus.
1185 5580 1244 5634 in
1263 5583 1389 5656 _eju_s
1412 5586 1718 5656 opusculis,
1744 5585 2057 5656 philologici

490 5655 650 5716 atque
680 5650 947 5725 historici
969 5650 1312 5725 argumenti,
1331 5650 1564 5725 Coburgi
1599 5650 1762 5721 I770,
1788 5656 1841 5720 8,
1871 5671 1925 5725 p.
1952 5657 2058 5712 505

489 5732 612 5786 sqq.
668 5748 756 5791 -ν
789 5719 1091 5791 Euscbjus‘s
1136 5719 1246 5790 Life
1306 5725 1367 5789 of
1407 5719 1751 5791 Constantia,
1803 5719 1925 5779 with
1987 5745 2056 5782 an

465 5792 697 5866 .praison
723 5790 810 5866 _in_
824 5791 902 5866 Itis
933 5788 1138 5866 Praise,
1171 5788 1275 5866 and
1309 5788 1389 5847 Itis
1431 5797 1636 5849 oration
1668 5806 1718 5848 to
1738 5788 1826 5849 tlte
1857 5797 2050 5866 clergy.

485 5856 655 5913 Laud.
720 5861 868 5915 1657.
914 5889 982 5899 ——
1037 5861 1339 5920 Saltonftall
1406 5867 1581 5922 versio
1640 5867 1902 5938 Anglica,
1957 5856 2053 5923 ad-

2169 5039 2545 5100 Tillemontius
2571 5053 2613 5100 t.
2637 5045 2681 5100 V
2719 5045 2939 5100 Memor.
2994 5046 3202 5112 eccles.,
3225 5057 3415 5116 parte
3461 5065 3569 5117 ιιι,
3598 5066 3740 5123 pag.

2163 5237 2394 5361 gilglest
2419 5242 2656 5300 versioni
2692 5242 2766 5300 Η.
2808 5243 2874 5298 Ε.
2903 5245 2970 5302 de
2997 5261 3105 5316 qua
3137 5261 3315 5316 supra
3367 5250 3520 5320 jam
3587 5253 3752 5326 egim

2214 5330 2242 5361 Α
2323 5350 2335 5361 .

2214 5325 2335 5364 ΑΜ..
3650 5325 3661 5326 ί

2214 5383 2312 5453 Δ(ιιι
2349 5379 2516 5437 Docet
2543 5384 2616 5439 ibi
2639 5383 3034 5453 Eusebius,illo
3059 5402 3117 5442 se
3155 5386 3209 5440 in
3243 5401 3461 5452 opere
3491 5395 3740 5450 exhibu

2161 5450 2392 5533 πίνακας
2423 5453 2538 5533 sive
2566 5455 2776 5510 indices
2824 5450 3086 5533 libroruin
3138 5465 3251 5510 tum
3292 5450 3689 5533 'Origenis,
3742 5475 3752 5516 η

2161 5521 2390 5608 aliorum
2417 5525 2757 5608 scriptorum
2774 5528 3305 5608 ecclesiasticorum,
3343 5521 3543 5608 quos
3571 5521 3752 5608 pain,

2157 5590 2246 5714 {us
2282 5607 2495 5714 sutmmo
2530 5590 2713 5651 studio
2743 5597 3085 5652 bibliothecae
3122 5612 3234 5651 suae
3264 5590 3713 5662 adornanda
3742 5590 3752 5654 ἶ

2178 5677 2335 5733 eam
2367 5701 2401 5733 ε-

2231 5701 2460 5801 ῑίίηίὲἰει
2509 5736 2651 5792 inter
2710 5737 2866 5792 codd.
2930 5737 3153 5792 Latinos
3214 5737 3384 5794 bibl.
3471 5744 3752 5802 veneta,

2155 5800 2345 5927 ﬁrmi,
2377 5803 2812 5864 cod.XltXVIII.
2849 5808 2902 5863 ν.
2938 5808 3059 5865 Cat.
3101 5807 3252 5862 codd.
3305 5809 3516 5884 ιαμ,
3571 5800 3732 5892 pug.
