3812 6360
539 353 598 406 5|
1525 358 1862 416 susurrus
1900 358 2375 418 casmmsxs
2413 358 2808 418 rmscorus.
3468 339 3470 341 ’
3679 348 3735 402 ω

541 471 787 529 'l'enzelii
811 470 956 528 Diss.
989 473 1238 538 selectae,
1272 491 1326 550 p.
1357 474 1461 529 504
1498 489 1614 544 seq.
1665 473 1891 530 Exstant
1913 471 2104 529 Latine
2131 479 2178 536 Α

538 562 681 631 apud
713 560 1110 630 Mombritium,
1137 572 1271 621 tom.
1305 565 1384 630 Il,
1421 574 1476 622 et
1503 566 1605 619 alia
1639 580 1704 619 ex
1747 565 2106 635 Metaphraste

537 653 681 724 apud
722 653 1118 726 Lipomannum
1139 699 1155 726 ,
1175 665 1308 713 tom.
1333 656 1402 718 ν,
1428 665 1481 712 et
1520 655 1738 712 Surium
1774 656 1842 710 ad
1873 657 1934 711 5|
1976 656 2100 714 Dec.

535 745 725 803 Edidit
771 755 827 803 et
887 748 1242 807 Combelisius
1289 752 1424 806 Acta
1456 750 1707 822 Sylvestri
1752 761 1801 806 et
1839 751 2104 809 Constan-

535 838 635 892 tini
657 877 672 904 ,
702 855 734 896 e
754 840 953 911 quibus
984 841 1403 913 disputationem
1433 841 1938 907 adversuleudazos
1964 861 2101 915 prae-

535 939 692 988 sente
720 931 1079 991 Constantino
1121 950 1152 988 a
1185 932 1462 1007 Sylvestro
1497 943 1551 992 et
1594 936 1820 992 Zambre
1859 938 2098 992 habitam

532 1023 732 1092 repetit
775 1023 832 1080 in
880 1023 1022 1081 Bibl.
1064 1027 1473 1092 concionatoria,
1516 1035 1557 1082 t.
1612 1025 1688 1093 ll,
1733 1027 1800 1082 ad
1856 1027 2010 1083 Dom.
2079 1045 2094 1082 ι

533 1113 992 1187 Quadragesimm.
1025 1117 1104 1172 Ex
1140 1117 1250 1174 illis
1287 1118 1514 1175 hausere
1537 1118 1777 1175 Zonaras
1804 1135 1866 1174 ac
1897 1119 2097 1176 Cedre-

533 1222 640 1263 nus
663 1247 678 1274 ,
706 1217 762 1264 et
793 1210 849 1264 in
874 1209 1160 1266 Chronicis
1197 1225 1330 1268 mss.
1368 1209 1630 1282 Georgius
1669 1211 2013 1269 Hamartolus
2041 1222 2094 1268 et

535 1295 758 1353 Simeon
797 1297 1112 1371 Logotheta.
1163 1300 1297 1357 Vide
1349 1299 1613 1372 Caugium
1665 1300 1733 1356 ad
1792 1301 2086 1369 Zonaram,

531 1403 656 1461 pag.
683 1389 773 1444 28.

1072 1480 1264 1538 XXIV.
1299 1481 1532 1537 Inedita.

596 1566 748 1623 Libri
805 1586 859 1625 iv
919 1569 1230 1644 Eclogarum
1280 1573 1727 1643 prop/tetiearum,
1776 1573 1842 1630 de
1889 1573 2087 1642 quibus

529 1675 692 1730 supra
713 1675 770 1714 ιι.
793 1658 858 1718 Il.
896 1660 1018 1718 Vide
1047 1662 1176 1719 ibid.
1201 1662 1592 1720 adnotationem
1620 1674 1876 1720 nostram.
1901 1662 2083 1734 (Enn.

526 1751 724 1825 Pun.)

2285 476 2350 530 'H
2383 477 2608 530 καθόλου
2645 470 2989 544 στοιχειώδης
3015 473 3310 544 εἰσαγωγὴ.
3341 475 3507 545 Supra
3533 491 3584 534 ιι.
3611 478 3660 530 5.

2277 568 2662 624 Ecclesiastica:
2714 567 3188 622 Demonstrationis
3245 567 3386 622 libri.
3431 568 3574 625 Phot.
3622 572 3729 629 cod.

2199 674 2295 716 xu.
2356 663 2693 718 Colomesius
2730 668 2963 731 quatuor
2999 661 3171 716 libros
3210 659 3378 716 fuisse
3415 670 3592 732 putat,
3621 665 3732 734 quia

2201 761 2434 824 quatuor
2461 754 2580 808 libri
2607 752 2922 821 Eclogarum
2943 751 3364 822 propheticarum
3391 760 3595 808 exstant
3613 769 3729 810 mss.

2197 847 2254 900 in
2297 845 2431 901 bibl.
2469 845 2872 900 Vindohonensi
2915 863 2928 899 :
2975 845 3070 899 sed
3113 845 3170 898 in
3221 845 3368 899 calce
3417 845 3531 900 libri
3572 847 3733 914 quarti

2197 938 2412 993 illarum
2466 937 2785 1009 Eclogarum
2826 938 3026 993 diserte
3066 936 3233 992 tradit
3271 935 3560 1000 Eusebius,
3607 937 3735 991 hunc

2194 1046 2318 1086 esse
2349 1032 2546 1087 librum
2589 1033 2770 1100 operis
2805 1045 3026 1086 nonum.
3060 1029 3126 1084 Et
3173 1029 3396 1101 Eclogas
3437 1031 3735 1100 propheticus

2193 1122 2542 1176 verisimilius
2583 1121 2778 1176 habeat
2816 1120 3012 1190 aliquis
3062 1135 3160 1189 pro
3201 1127 3350 1189 parte
3393 1121 3488 1192 τῆς
3527 1120 3734 1174 καθόλου

2195 1211 2562 1281 στοιχειώδους
2603 1211 2938 1280 εἰσαγωγῆς,
2985 1218 3043 1264 ιιι
3084 1211 3264 1263 notavi
3315 1226 3475 1280 supra
3515 1226 3658 1264 nmn.
3687 1213 3732 1266 5.

2191 1300 2470 1357 Laudatur
2505 1302 2719 1358 Eusebii
2760 1302 3213 1372 Ἐκκλησιαστικὴ
3244 1301 3510 1368 ἀπόδειξις
3533 1302 3587 1358 in
3618 1302 3736 1356 Iure

2192 1392 2670 1458 Greece-Romano,
2717 1393 2840 1447 libr.
2882 1407 2958 1452 iv,
2983 1407 3103 1462 pag.
3137 1391 3263 1447 295.
3505 1407 3541 1444 ο

2261 1485 2461 1542 Contra
2499 1486 2851 1557 Porphyrium
2875 1499 2973 1555 pro
2997 1483 3308 1540 Christiana
3347 1486 3595 1556 religione
3624 1486 3735 1541 libri

2189 1593 2316 1633 xxx.
2357 1576 2512 1633 Suid.
2552 1575 2629 1631 De
2661 1575 2860 1645 quibus
2899 1580 3107 1628 tantum
3135 1573 3325 1643 viginti
3372 1573 3437 1627 ad
3471 1588 3524 1628 se
3563 1589 3739 1641 perre-

2185 1672 2374 1736 nisse,
2431 1674 2506 1723 ait
2548 1668 2906 1738 Hieronymus
2957 1681 3074 1736 cap.
3132 1665 3195 1721 81
3249 1663 3504 1735 Catalogi.
3542 1663 3739 1719 Horum

2186 1763 2361 1818 tribus
2411 1761 2702 1832 postremis
2747 1760 3093 1824 conlutasse,
3121 1773 3242 1829 qua:
3279 1765 3467 1812 contra
3510 1756 3738 1812 Danielis

597 1847 979 1921 Fragmentum
999 1852 1063 1907 de
1097 1854 1356 1910 mensuris
1377 1870 1440 1910 ac
1463 1854 1799 1924 ponderibus.
1843 1852 1971 1912 Mss.
2009 1853 2080 1907 Is.
2117 1826 2161 1881 Β
2187 1826 2502 1927 ριόρὴει-ἰιιε
2531 1860 2814 1924 argutatus
2837 1851 2977 1907 idem
3004 1826 3336 1922 Porphyrius
3364 1848 3549 1911 fuerat,
3582 1857 3740 1904 testa-

523 1937 706 1996 Vossii
736 1957 790 1996 ιι.
828 1940 948 1999 179.
971 1941 1134 2000 ana.
1156 1974 1227 1986 —
1246 1943 1344 2000 Est
1362 1946 1420 2001 in
1440 1946 1561 2002 cod.
1577 1944 1782 2000 Veneto
1803 1943 1866 1999 D.
1894 1943 2080 1999 Marci.

522 2035 671 2108 (Vill.
694 2034 867 2093 Catal.
901 2039 1052 2095 codd.
1088 2038 1206 2105 Gr.,
1235 2056 1289 2112 p.
1324 2040 1474 2114 261.)
1496 2070 1566 2081 —
1587 2039 1728 2096 Inter
1746 2038 1908 2096 codd.
1945 2037 2084 2096 Vos-

520 2127 709 2184 sianos
769 2144 828 2186 ιι.
900 2129 1183 2187 MMCCXC
1257 2129 1401 2204 (Cat.
1475 2132 1626 2188 codd.
1689 2132 1931 2204 Anglia,
2001 2132 2078 2198 Il,

521 2235 577 2289 p.
618 2219 729 2288 62).
774 2219 992 2277 Eusebii
1019 2223 1212 2295 fragm.
1261 2223 1326 2280 de
1361 2227 1616 2280 mensuris
1651 2233 1701 2281 et
1739 2223 2078 2294 ponderibus.

517 2309 692 2368 Ηιιιι..

590 2404 668 2459 De
698 2415 864 2461 morte
899 2404 1125 2462 Herodis
1145 2446 1162 2472 ,
1200 2423 1306 2465 ms.
1333 2408 1389 2463 in
1423 2407 1554 2465 bibl.
1585 2407 1749 2464 Basil.

587 2491 846 2564 Praefatio
887 2497 955 2552 ad
991 2497 1268 2554 Canticum
1301 2496 1465 2553 Hosis
1492 2499 1546 2553 in
1580 2497 1786 2554 Exodo.
1819 2497 2070 2556 Lambec.

513 2579 618 2648 ιιι.
653 2597 707 2655 p.
734 2585 804 2642 35
831 2585 930 2658 (a).

803 2677 971 2734 XXV.
1004 2679 1218 2750 Scripta
1258 2680 1472 2737 Eusebii
1497 2683 1784 2754 deperdita.

579 2769 780 2825 Praeter
822 2771 1023 2827 multas
1072 2780 1252 2842 partes
1301 2789 1560 2845 operum,
1607 2776 1675 2831 de
1719 2777 1918 2848 quibus
1957 2778 2070 2848 jam

509 2859 714 2917 dictum
766 2869 882 2928 est,
932 2863 1298 2920 ecclesiasticae
1333 2869 1745 2937 Prwparationis
1798 2868 1953 2933 libri,
2013 2871 2069 2924 in

506 2953 708 3027 quibus
747 2954 978 3026 Eelogw.
1019 2955 1176 3011 Phot.
1215 2958 1338 3013 cod.
1366 2975 1421 3014 xi
1443 2999 1458 3025 ,
1490 2961 1584 3016 ubi
1615 2977 1874 3019 numerus
1902 2963 2070 3018 libro-

391 3049 398 3053 ’
506 3065 627 3107 rum
656 3051 876 3107 excidit.

2183 1955 2274 2002 tur
2304 1947 2446 2012 idem
2490 1945 2849 2017 Hieronymus
2876 1943 2944 1998 ad
2971 1943 3258 1998 Danielem.
3283 1941 3423 1996 Alibi
3451 1943 3612 1998 libros
3646 1960 3739 1996 xxv

2182 2045 2462 2102 numerat,
2491 2036 2654 2108 epist.
2707 2035 2776 2090 ad
2824 2035 3073 2105 Magnum
3119 2041 3410 2090 oratorem.
3441 2032 3652 2088 Laudat
3691 2044 3741 2089 et

2184 2130 2438 2185 Socrates
2471 2145 2562 2194 ιιι,
2589 2129 2691 2195 25,
2723 2143 2844 2200 pag.
2866 2127 2992 2182 200.
3024 2125 3137 2181 Hoc
3173 2141 3309 2197 opus
3347 2124 3526 2181 Romae
3565 2127 3740 2182 adhuc

2179 2223 2419 2287 servari,
2445 2222 2609 2277 nimis
2635 2229 2835 2276 temere
2864 2218 3021 2273 mulli
3046 2217 3314 2285 credunt,
3341 2218 3512 2288 inquit
3534 2217 3743 2273 Ilolste-

2177 2318 2305 2371 nius
2344 2316 2422 2370 De
2465 2314 2748 2385 Porphyrii
2797 2313 3036 2382 scriptis,
3076 2326 3196 2383 pag.
3243 2311 3332 2364 65.
3377 2311 3740 2380 Apollinarem

2178 2407 2268 2476 iis,
2299 2424 2420 2479 quae
2448 2406 2716 2462 Eusebius
2747 2415 2801 2462 et
2825 2405 3131 2461 Methodius
3167 2411 3359 2458 contra
3383 2402 3742 2476 Porphyrium

2175 2498 2420 2570 scripsit,
2450 2497 2666 2572 praefert
2693 2496 3085 2570 Philostorgius
3117 2512 3246 2563 vui,
3280 2495 3368 2550 M.
3407 2493 3494 2566 [ν.
3530 2498 3644 2552 vol.
3676 2494 3740 2557 V,

2174 2605 2299 2661 pag.
2333 2589 2480 2662 747.]

2243 2680 2490 2753 Ἐλέγχου
2520 2682 2613 2735 καὶ
2640 2679 2972 2749 Ἀπολογίας,
2997 2677 3384 2748 Confutationis
3403 2685 3454 2732 et
3473 2677 3745 2749 Apologia

2172 2787 2274 2844 pro
2311 2773 2623 2829 Christiana
2661 2772 2921 2842 religione
2957 2770 3216 2826 adversus
3264 2769 3604 2825 ethnicorum
3643 2771 3742 2824 ob-

2167 2863 2465 2935 iectiones,
2500 2864 2622 2918 libri
2660 2865 2800 2929 duo,
2837 2871 2998 2935 atque
3031 2863 3122 2918 alii
3168 2863 3295 2918 libri
3341 2862 3448 2917 duo
3493 2863 3743 2931 ejusdem

2168 2957 2473 3028 argumenti
2494 2964 2548 3012 et
2567 2956 2848 3012 sententiis
2869 2956 3156 3026 verbisque
3171 2954 3554 3026 propemodum
3572 2954 3747 3010 iidem

2169 3048 2330 3119 (forte
2361 3049 2527 3103 altera
2553 3049 2792 3119 priorum
2817 3047 3066 3120 ἐκδοσις).
3090 3047 3248 3102 Phot.
3265 3047 3388 3102 cod.
3423 3061 3546 3101 xui.
3568 3043 3743 3100 Falli-

579 3141 972 3214 [Εὐαγγελικὴ
1005 3144 1326 3214 Θεοφάνεια
1344 3145 1430 3202 bis
1460 3147 1659 3202 citatur
1686 3147 1739 3201 in
1773 3147 1977 3204 Catena
2009 3151 2062 3204 in
2092 3163 2133 3221 α
2166 3149 2256 3196 tur
2285 3140 2552 3205 Valesius,
2584 3142 2676 3212 qui
2707 3143 2874 3197 libros
2900 3150 3083 3195 contra
3113 3139 3460 3209 Porphyrium
3490 3153 3622 3192 cum
3661 3138 3747 3192 his

505 3233 704 3292 Lucam
729 3239 786 3293 in
812 3240 935 3295 cod.
956 3238 1257 3296 Vindobon.
1277 3239 1526 3297 Caesareo
1547 3239 1704 3309 XLII,
1734 3249 1872 3299 teste
1908 3244 2070 3299 Lam-

501 3333 661 3390 becio
689 3335 1066 3405 Commentar.,
1100 3349 1231 3395 tom.
1275 3339 1364 3400 III.
1405 3355 1460 3410 p.
1504 3339 1638 3407 166,
1680 3349 1794 3398 not.
1827 3343 1878 3397 4.
1907 3343 2068 3402 Conl‘.

501 3441 704 3498 supra,
737 3445 794 3485 n.
829 3429 882 3485 8.
917 3429 1088 3486 Ηλιιι..
1138 3433 1518 3506 Fragmentum
1550 3450 1613 3492 ex
1651 3433 1866 3492 Eusebii
1896 3437 2070 3507 Opere

499 3519 719 3588 deperd.
770 3521 1104 3592 Theophania
1145 3543 1324 3598 evang.
1374 3545 1404 3584 e
1449 3530 1574 3585 eod.
1617 3529 1843 3586 Coislin.
1891 3529 2064 3593 Gott.,

502 3611 674 3676 i740,-
729 3611 811 3685 4.]
870 3614 1028 3686 (Vide
1073 3627 1253 3673 notam
1291 3631 1525 3676 nostram
1571 3623 1674 3680 col.
1739 3623 1832 3680 25.
1881 3622 2064 3693 Eutr.)

568 3703 781 3760 Caveus
824 3706 928 3771 ait,
983 3708 1039 3762 in
1097 3709 1230 3766 bibl.
1279 3711 1608 3781 Bodleiana,
1660 3715 1782 3770 cod.
1834 3715 2060 3771 Barocc.

498 3792 777 3862 CXLVIII,
791 3808 1005 3854 exstare
1021 3817 1199 3856 novem
1213 3803 1454 3859 homilias
1475 3806 1801 3862 subEusebii
1819 3808 2059 3871 nomine,

497 3887 556 3943 in
603 3892 920 3946 memoriam
950 3903 1260 3948 sanctorum
1282 3934 1296 3958 ,
1321 3898 1414 3951 sed
1448 3898 1680 3968 spurias.
1711 3897 1902 3954 Exstat
1934 3915 2062 3954 vero

493 3980 570 4036 ibi
597 3981 760 4038 unica
785 3985 1184 4053 tantummodo,
1209 4002 1329 4057 quae
1349 4004 1488 4042 nona
1527 3989 1865 4044 inscribitur.
1893 3988 2057 4045 FABR.

500 4071 619 4127 Vid.
649 4089 817 4145 supra
840 4115 856 4141 ,
888 4077 956 4131 ad
991 4093 1048 4132 ιι.
1084 4078 1172 4143 25,
1212 4079 1279 4134 de
1317 4081 1537 4136 bomilia
1577 4081 1654 4136 De
1681 4084 2064 4137 resurrectione

492 4162 768 4222 adnotata.

563 4256 705 4323 Opis
729 4259 976 4316 adversus
1016 4261 1237 4320 hereses
1277 4267 1457 4321 atheas
1502 4267 1751 4339 promisit
1789 4265 2058 4324 Eusebius

488 4344 544 4401 in
591 4348 696 4404 line
744 4351 863 4405 libri
895 4369 947 4407 iv
977 4352 1294 4424 Eclogarum
1319 4397 1334 4422 ,
1394 4366 1532 4414 teste
1566 4358 1818 4417 Lambec.
1848 4361 2051 4418 Comm.

484 4437 552 4492 de
574 4439 699 4495 bibl.
729 4441 994 4507 Cwsarea,
1021 4461 1143 4518 pag.
1173 4447 1299 4504 202.

556 4531 839 4602 Prophetia
867 4534 1078 4592 Eusebii
1109 4539 1308 4596 Ccesar.
1353 4551 1402 4597 et
1445 4542 1629 4612 fratris
1659 4541 1958 4599 Columbini
1983 4546 2047 4600 de

481 4624 794 4694 quibusdam
827 4632 1083 4685 eventuris
1121 4636 1170 4685 in
1216 4632 1519 4688 Christiano
1566 4635 1708 4702 orbe,
1732 4635 1944 4704 Latine,
1985 4645 2046 4692 ut

481 4716 727 4782 videtur,
767 4719 820 4773 in
862 4721 992 4777 bibl.
1025 4723 1228 4781 Bodlei.
1277 4727 1418 4780 inter
1463 4725 1624 4780 codd.
1674 4726 1917 4784 Kenelmi
1949 4727 2042 4783 Di-

476 4809 648 4879 gbaai,
678 4827 736 4866 n.
768 4811 1101 4881 MDCCIIIC,
1137 4818 1296 4872 catal.
1338 4817 1489 4872 codd.

546 4901 606 4957 In
645 4903 920 4962 Anastasii
964 4907 1354 4976 Questionibus
1397 4920 1447 4964 et
1489 4915 1945 4981 responsionibus,
1978 4932 2042 4968 ea:

473 4994 638 5048 variis
670 4994 772 5051 SS.
791 4998 1062 5065 partibus,
1092 5001 1146 5054 in
1182 4999 1404 5055 Niconis
1430 4999 1836 5059 Collectionibus
1867 5023 2040 5060 rerum

443 5077 755 5140 ‘moralium
816 5088 1048 5158 aliisque
1093 5096 1223 5143 vett.
1270 5089 1364 5145 Gr.
1407 5089 1682 5163 ﬂorilegiis
1730 5097 1930 5165 passim
1984 5097 2038 5150 in

471 5175 629 5232 codd.
671 5177 927 5242 Coislin.,
957 5178 1230 5247 Mediceis,
1245 5189 1374 5247 ete.,
1413 5182 1711 5254 fragmenta
1744 5201 2040 5246 occurrunt

471 5263 797 5324 Eusebiana.
833 5267 1003 5323 ΗΑιιι..

541 5485 620 5559 (a)
647 5487 704 5541 In
735 5487 922 5542 codice
948 5503 1271 5559 pergameno
1295 5495 1477 5550 saeculi
1507 5513 1583 5551 xu
1609 5501 1692 5556 vel
1714 5517 1812 5556 xui
1843 5501 2038 5558 biblio-

468 5556 640 5645 theca:
683 5556 1058 5645 uniyersitatis
1101 5558 1489 5645 Lemniensis,
1531 5570 1588 5623 4°
1631 5587 1819 5640 parvo,
1873 5556 2038 5645 13.37

467 5627 675 5714 lgﬂlﬂ
708 5647 724 5714 ἦ
756 5627 1072 5714 algidis”!!!
1114 5629 1325 5714 Eusebi
1361 5627 1684 5714 Cesaijensis
1713 5627 1944 5714 episcdpi
1973 5627 2036 5700 de

466 5695 678 5769 Pascha
714 5698 864 5750 valde
890 5699 1047 5754 utiles
1067 5739 1081 5762 ,
1112 5705 1368 5757 translate
1405 5707 1468 5762 de
1497 5695 2030 5769 Greco-ianatirrium:

472 5763 697 5819 —ltem
727 5783 986 5824 sermones
1021 5771 1251 5838 ejusdem
1277 5791 1331 5829 III
1365 5776 1425 5830 de
1471 5763 2031 5842 ascensione—Domini;

2173 3233 2328 3288 libris
2377 3231 2679 3287 confundit.
2725 3231 2834 3286 Nec
2881 3230 3063 3287 minus
3111 3230 3315 3283 fallitur
3363 3228 3602 3292 Caveus,
3653 3229 3747 3298 qui

2171 3338 2296 3378 cum
2337 3323 2422 3379 his
2463 3322 2747 3378 confundit
2792 3323 3180 3394 Apologeticnm
3225 3320 3442 3376 Eusebii
3488 3336 3586 3389 pro
3644 3321 3748 3390 ﬁde

2169 3432 2300 3479 sua,
2337 3415 2406 3470 de
2430 3431 2538 3486 quo
2571 3430 2737 3486 supra
2765 3430 2913 3470 num.
2945 3416 2998 3470 9.

2239 3503 2425 3559 Oratio
2460 3504 2523 3559 de
2555 3504 2774 3559 basilica
2797 3505 3300 3577 Hierosolymitana,
3323 3505 3629 3561 Servatoris
3663 3523 3748 3560 se-

2165 3594 2380 3663 pulcro,
2431 3609 2495 3648 ac
2543 3595 2606 3647 de
2651 3593 2884 3650 donariis
2925 3594 2999 3649 ibi
3048 3595 3345 3658 dedicatis,
3375 3609 3571 3666 quam,
3612 3595 3748 3650 licet

2165 3681 2495 3753 longiorem,
2527 3692 2676 3738 stans
2732 3683 3025 3754 imperator
3071 3683 3459 3742 Consiantinus
3511 3687 3748 3742 auscul-

2162 3774 2316 3827 tavit.
2348 3771 2545 3829 Euseb.
2575 3789 2648 3840 iv,
2680 3775 2769 3840 55,
2798 3773 2874 3828 De
2899 3775 3000 3828 vita
3034 3773 3390 3832 Constantini.

2233 3862 2310 3917 De
2349 3863 2480 3932 festo
2518 3863 2769 3918 Paschali
2812 3865 2948 3920 liber
2981 3866 3154 3920 eidem
3185 3865 3552 3922 Constantino
3585 3867 3748 3922 dica-

2160 3961 2279 4020 tus,
2335 3956 2755 4026 complexusque
2813 3955 3080 4028 μυστικὴν
3112 3957 3448 4028 ἀνακάλυψιν
3492 3957 3599 4012 τοῦ
3644 3960 3748 4030 τῆς

2158 4045 2350 4117 ἑορτῆς
2377 4046 2534 4116 λόγου
2556 4086 2570 4112 ,
2606 4048 2717 4103 sive
2754 4049 2992 4104 rationes
3039 4049 3176 4120 cyeli
3209 4049 3591 4106 novemdccim
3638 4066 3748 4104 an-

2158 4151 2350 4191 norum
2379 4147 2432 4192 et
2463 4138 2744 4194 historiam
2787 4142 3172 4196 controversiae
3200 4141 3267 4196 de
3295 4139 3591 4198 Paschate.
3630 4142 3748 4197 Eu-

2156 4229 2272 4285 seb.
2343 4245 2398 4284 iv
2469 4230 2545 4284 De
2582 4230 2688 4285 vita
2728 4229 2932 4298 Const.,
2963 4247 3082 4302 cap.
3123 4233 3191 4287 54
3218 4241 3271 4288 et
3296 4233 3396 4299 55,
3431 4233 3525 4287 ubi
3569 4234 3748 4304 impe-

2155 4323 2352 4377 ratoris
2373 4322 2441 4377 ad
2466 4322 2755 4379 Eusebium
2793 4326 3021 4395 epistola
3041 4364 3056 4390 ,
3088 4340 3195 4396 qua
3217 4325 3319 4395 ipsi
3348 4328 3563 4396 gratias
3586 4329 3716 4397 agit
3740 4369 3748 4391 τ

2156 4423 2210 4472 et
2241 4417 2483 4473 meminit
2525 4417 2703 4472 Latini
2741 4418 3084 4488 interpretis,
3123 4420 3216 4490 qui
3261 4421 3467 4491 scripta
3508 4421 3645 4490 ejus
3697 4423 3748 4476 in

2077 4512 2122 4566 D
2149 4506 2395 4563 Latinam
2422 4510 2657 4579 linguam
2689 4509 2999 4564 transferat.
3031 4509 3264 4566 Eusebio
3295 4512 3363 4564 ad
3389 4525 3513 4565 com
3522 4526 3731 4580 ponen

2151 4602 2271 4656 dam
2287 4597 2883 4671 ὲννεακαιδεκαετηρίδα
2899 4600 3242 4656 occasionem
3261 4600 3487 4656 dederat
3503 4614 3748 4660 sanctus

2150 4689 2470 4760 Hippolytus
2497 4704 2595 4745 sua
2630 4690 3147 4764 ὲκκαιδεκαετηρίδι,
3187 4699 3323 4748 teste
3351 4691 3718 4765 Hieronymo
3745 4735 3748 4744 ,

2151 4795 2270 4850 cap.
2321 4781 2383 4834 61
2448 4778 2714 4850 Catalogi.
2765 4780 2940 4851 Atque
2993 4782 3066 4836 ita
3129 4781 3425 4852 capiendus
3479 4781 3748 4841 Isidorus

2148 4871 2298 4943 Hisp.
2335 4887 2413 4937 vi,
2455 4872 2552 4937 l7,
2586 4871 2756 4944 θήρη
2789 4881 2843 4928 et
2874 4873 3014 4929 Beda
3050 4873 3125 4928 De
3160 4883 3450 4941 temporum
3477 4876 3747 4930 ratione.

2147 4975 2268 5030 cap.
2311 4960 2401 5015 49..
2433 4959 2525 5032 [In
2573 4960 2704 5016 bibl.
2749 4961 2986 5026 Cotton,
3019 4977 3149 5026 xut,
3190 4963 3292 5028 12,
3341 4980 3395 5035 p.
3439 4965 3548 5028 95,
3613 4965 3741 5020 Cat

2147 5053 2298 5107 codd.
2323 5053 2502 5123 Angl.,
2527 5051 2739 5108 Eusebii
2755 5053 2955 5109 Caesar.
2973 5053 3037 5108 de
3059 5053 3270 5108 Pascha
3297 5055 3537 5112 homilia:
3560 5056 3711 5111 XII
3723 5100 3731 5106 .

2216 5142 2351 5212 Περὶ
2385 5143 2482 5214 τῆς
2516 5144 2622 5196 τῶν
2659 5143 2903 5198 itaita.qu
2928 5143 3132 5214 ἀνδρῶν
3163 5145 3560 5209 πολυπαιδείας
3598 5153 3741 5204 scri

2147 5234 2321 5304 psisse
2337 5249 2396 5288 se
2417 5242 2648 5290 testatur
2669 5235 2933 5290 Eusebius
2950 5252 3022 5298 γι,
3055 5235 3109 5300 8,
3138 5233 3438 5303 Ρνωραναι.
3457 5241 3742 5308 evangel.

2145 5341 2268 5397 pag.
2300 5326 2423 5380 5l0.
2466 5328 2611 5383 Idem
2645 5343 2816 5398 opus,
2869 5329 2920 5384 in
2963 5344 3070 5399 quo
3107 5328 3342 5384 Basilius
3381 5328 3462 5383 De
3517 5327 3748 5398 Spir-iu

2141 5505 2348 5580 —Ite_m
2363 5508 2591 5578 ejusdem
2625 5525 2660 5564 ιι
2683 5510 2746 5565 de
2777 5511 2962 5580 spiritu
2985 5519 3186 5566 sancto.
3210 5509 3477 5565 Volumen
3505 5510 3742 5568 Iluabu

2143 5578 2388 5651 partibus
2443 5589 2675 5636 constat.
2721 5599 2736 5637 :
2780 5578 2908 5651 pars
2951 5585 3097 5650 prior
3132 5582 3364 5637 indicem
3413 5582 3747 5639 volumini

2142 5647 2392 5713 exhibet,
2442 5666 2566 5721 pars
2614 5647 2819 5714 altera,
2875 5647 2995 5721 quae
3046 5653 3301 5706 homilias
3347 5652 3722 5721 continebat

2143 5733 2170 5770 a
2194 5721 2364 5784 priori
2401 5720 2657 5775 distracta
2679 5760 2693 5785 ,
2731 5723 2843 5792 jam
2885 5720 2991 5775 non
3025 5723 3315 5779 invenitur.
3349 5720 3516 5779 Eon.
3549 5721 3748 5782 Px":
