3812 6326
121 366 164 421 53
1627 349 1688 405 Νι

1792 349 1922 404 'l'lA.
3274 352 3344 408 5-1

121 491 270 542 metu,
291 491 395 545 cap.
424 472 498 528 29
527 514 548 538 ,
582 475 844 548 legisse
880 493 942 536 se
973 477 1242 551 signiﬁcat,
1271 474 1671 548 ὲπαπορήματα
1699 479 1745 535 Α
1843 469 2142 526 Sermonem
2166 469 2229 522 de
2255 469 2458 537 defectu
2483 469 2672 535 pluvit:
2709 474 2972 524 memorat
3003 467 3184 526 Hebed
3213 469 3342 527 Jesu

122 577 203 646 περὶ
220 570 298 643 τῆς
314 568 410 622 τῶν
435 568 744 639 ἀρχαίων
782 571 1157 642 πολυγαμίας.

164 663 356 733 Epistolis
391 661 912 730 quamplurima»,
967 672 1152 734 praeter
1183 660 1330 723 illas,
1374 659 1442 715 de
1479 659 1675 730 quibus

122 773 229 830 supra
263 769 390 809 num.
415 753 484 806 2-!
516 792 537 816 ,
579 755 652 808 in
693 757 934 824 quibus
970 755 1209 810 omnibus
1249 753 1571 807 Arianorum
1617 769 1676 808 se

122 849 308 903 lentorem
327 842 572 914 prodere
612 855 900 916 arguunt
928 847 1062 900 Acta
1082 844 1288 900 concilii
1309 843 1534 909 Nicazni,
1565 851 1672 897 act.

122 933 338 1000 n,t.lll,
382 933 528 989 edit.
578 933 917 1004 Binianze,
976 952 1091 1006 pag.
1149 935 1288 1002 662,
1349 943 1676 1005 vertuntque

121 1028 189 1097 ipsi
222 1026 344 1088 vitio,
387 1024 551 1094 quod
582 1026 746 1082 licet
798 1027 1024 1098 synodo
1066 1027 1289 1081 Nicaeum
1337 1026 1678 1096 subscripse-

122 1120 190 1180 rit,
213 1128 251 1173 et
271 1118 380 1170 ποτὲ
412 1117 526 1188 μὲν
555 1117 682 1190 τὴν
719 1119 1001 1192 ἀλήθειαν
1030 1120 1437 1192 ὑποκρινόμενος
1462 1118 1678 1172 ἀποδεί-

121 1230 261 1275 rma,
271 1226 672 1282 nonnunquam
696 1213 993 1268 veritatem
1009 1213 1247 1268 simulare
1261 1212 1681 1283 deprehenditur,

126 1313 243 1360 um
265 1319 360 1360 non
389 1305 641 1358 veniam
680 1305 930 1376 publice
960 1305 1166 1376 petierit
1206 1306 1271 1360 de
1312 1305 1533 1378 scriptis
1563 1305 1678 1360 suis

125 1413 236 1467 eaque
255 1398 658 1452 retractaverit
681 1437 703 1462 ,
754 1406 816 1453 et
853 1413 957 1468 pro
984 1399 1221 1468 epistolis
1254 1399 1534 1468 speciatim
1563 1399 1677 1454 suis

125 1490 224 1559 iam
249 1488 571 1558 Ἀπολογίας
613 1505 752 1546 non
808 1491 1212 1561 composuerit,
1249 1491 1674 1562 vulgaveritque.

1777 561 2117 632 in-Catalogo
2151 561 2401 616 librorum
2436 559 2835 623 Chaldaeorum,
2870 577 2927 614 η.
2960 560 3052 618 20.

1805 695 1809 700 .
1847 654 2248 729 [Fragmentum
2286 653 2502 711 Eusebii
2525 653 2619 708 τοῦ
2651 653 2927 725 ’ᾼσματος
2955 653 3066 708 τῶν
3085 657 3346 727 ᾀσμάτων

1775 749 1944 806 edidit
1996 748 2276 804 Muntcrns
2317 747 2409 805 Fr.
2454 748 2582 817 PP.,
2621 748 2737 816 Gr.,
2763 749 2783 804 l
2809 789 2824 815 ,
2868 766 2922 821 p.
2970 749 3052 804 60-
3090 765 3198 820 sq.;
3239 751 3344 805 alia

1775 842 1966 914 fragm.
1987 841 2187 912 ejusd.,
2210 843 2442 898 Matthzei
2473 844 2528 898 in
2556 844 2867 912 Anecdotia,
2901 843 3158 914 Mosqute,
3188 842 3342 898 1775.

1775 937 1836 991 ln
1859 935 2107 990 Galland.
2139 935 2278 990 Bibit.
2325 935 2466 1001 PP.,
2504 945 2635 992 tom.
2666 935 2756 999 Ν,
2797 951 2851 1006 p.
2895 935 3000 990 459
3049 952 3156 1006 sq.,
3219 942 3348 991 sunt

1778 1024 1997 1081 Eusebii
2051 1024 2277 1096 Pamph.
2333 1028 2579 1096 Opuscul.
2632 1041 2744 1091 xw,
2781 1025 3016 1097 primum
3067 1025 3123 1080 in
3172 1024 3345 1079 lucem

1778 1117 1922 1174 edita
1956 1133 1986 1172 a
2017 1116 2137 1172 Jac.
2185 1117 2496 1175 Sirmondo.
2534 1149 2605 1159 —
2649 1117 3062 1173 Praemittuntur
3103 1117 3345 1188 ejusdem

1780 1211 2000 1268 Eusebii
2046 1211 2376 1267 Prommium
2423 1220 2478 1268 et
2523 1227 2642 1283 cap.
2696 1228 2754 1267 Ill
2808 1212 2992 1284 priora
3035 1211 3187 1268 Dem.
3224 1209 3358 1306 Ευηέ

1781 1320 1890 1360 una
1917 1319 2040 1360 cum
2090 1305 2270 1376 operis
2309 1303 2520 1376 epilogo
2575 1303 2820 1375 evulgata
2853 1319 2884 1358 a
2913 1302 2962 1358 «ἰ.
3005 1304 3051 1358 Α
3079 1303 3346 1360 Fabricio.

1783 1397 1840 1452 ln
1882 1397 2126 1472 Prolegg.
2164 1398 2230 1455 de
2276 1398 2364 1454 his
2393 1414 2450 1470 p.
2501 1413 2613 1453 χχιι
2658 1414 2742 1470 sq.
2781 1397 3017 1455 breviter
3050 1394 3350 1454 Gallandus

1781 1490 1940 1563 egit.]

136 1687 3331 1718 mm

572 1873 734 1990 DE
799 1871 1024 1988 Vl'l‘l
1076 1870 1672 2007 SCRIPTISOUE
1741 1871 2102 1990 EUSEBII
2173 1871 2824 1990 CAESAlllENSIS.

698 2087 814 2160 (Η.
841 2087 1125 2155 Ἶλιεειυς,
1149 2085 1364 2161 Proleg.
1392 2088 1461 2146 ad
1491 2086 1688 2144 Eusebi

1797 2090 1950 2148 istor.
1973 2087 2157 2144 ecclea.
2185 2086 2273 2143 ed.
2297 2087 2537 2160 Mogunt.
2569 2087 2758 2156 1672.),

169 2412 224 2471 lle
243 2415 340 2472 vita
365 2412 614 2471 Eusebii
653 2409 1037 2469 Caesariensis
1057 2411 1252 2468 librum
1276 2413 1406 2468 olim
1434 2412 1684 2469 conscri—
1709 2425 1752 2481 Β
1779 2411 1923 2468 libro
1952 2425 2049 2479 vn,
2097 2426 2330 2467 narrans
2357 2427 2420 2467 ea
2452 2427 2574 2482 qua:
2604 2421 2864 2484 regnante
2895 2411 3350 2470 Gallieno'conti-

122 2508 524 2579 psmtAcacius,
552 2505 708 2577 ejus
737 2503 1048 2572 discipulus
1069 2513 1120 2560 et
1145 2505 1198 2560 in
1225 2505 1542 2577 episcopatu
1569 2505 1688 2561 Cm-

126 2602 297 2655 sariensi
339 2613 694 2663 successor,
749 2604 820 2650 ut
855 2602 1078 2651 testatur
1116 2597 1388 2654 Socrates.
1423 2596 1532 2654 Sed
1561 2613 1691 2653 cum

128 2692 317 2749 bicliber
353 2708 467 2748 una
512 2707 664 2748 cum
703 2688 970 2760 plurimis
1016 2687 1135 2746 aliis
1161 2692 1445 2747 vetustatis
1476 2691 1686 2745 incuria

125 2788 308 2854 perierit,
343 2803 448 2842 nos
483 2783 779 2840 collectis
833 2780 960 2835 hinc
1013 2781 1134 2838 inde
1165 2791 1407 2838 veterum
1456 2783 1687 2853 scripto-

128 2889 212 2928 rum
239 2878 574 2933 testimoniis
611 2874 725 2945 qui
758 2871 832 2926 de
862 2869 1092 2927 Eusebio
1117 2872 1284 2927 locuti
1315 2879 1464 2937 sunt,
1507 2872 1687 2942 jactu-

126 2981 210 3020 ratn
232 2969 367 3022 illam
405 2984 516 3040 pro
548 2966 724 3023 virili
779 2971 940 3034 parte
980 2965 1179 3019 sarcire
1206 2965 1546 3019 conabimur.
1577 2963 1686 3035 lgi-

130 3060 453 3119 tarl-Insehius
481 3072 668 3117 natus
696 3067 789 3114 est
819 3058 875 3111 in
896 3056 1177 3112 Palaestina
1207 3057 1309 3113 sub
1339 3065 1599 3120 extrema,
1627 3065 1686 3111 ut

127 3156 312 3220 videtur,
352 3154 602 3211 Gallieni
635 3162 919 3220 tempora.
947 3147 1022 3202 Ex
1051 3148 1334 3204 Palaestina
1364 3149 1580 3220 quidem
1623 3150 1688 3202 il-

130 3244 213 3302 lam
240 3246 532 3301 oriundum
590 3242 782 3297 fuisse
810 3247 1126 3310 argumento
1165 3247 1268 3304 est,
1297 3241 1442 3310 quod
1476 3255 1506 3293 a
1543 3249 1689 3295 vete-

128 3336 242 3392 ribus
276 3337 386 3393 fere
445 3333 806 3390 Palaestinus
835 3338 1079 3386 vocatur.
1127 3329 1203 3386 lta
1237 3342 1385 3387 certe
1429 3331 1684 3400 Basilius,

130 3425 454 3485 Theodoritus
486 3429 706 3498 aliique
741 3441 870 3480 eum
901 3425 1188 3495 appellant.
1223 3427 1302 3480 Ac
1343 3427 1591 3496 quamvis
1619 3427 1690 3482 ob

127 3519 445 3578 Casariensis
477 3521 643 3576 urbis
677 3519 1059 3588 episcopatum
1093 3517 1164 3572 ita
1196 3519 1565 3585 cognominari
1594 3535 1690 3588 po-

130 3614 226 3677 tuit,
262 3617 452 3672 verius
483 3623 682 3669 tamen
735 3610 872 3666 mihi
914 3611 1147 3674 videtur,
1183 3611 1334 3666 illum
1367 3628 1396 3665 a
1431 3613 1603 3682 patria
1636 3611 1690 3666 id

129 3717 521 3778 tegumentum
551 3707 826 3760 traxisse.
877 3703 1040 3759 Certe
1082 3704 1197 3774 ipse
1240 3707 1294 3759 in
1330 3705 1470 3760 libro
1511 3707 1690 3777 primo

1785 2513 2001 2574 gerunt,
2036 2513 2324 2575 antequam
2355 2505 2423 2562 de
2459 2504 2612 2560 Pauli
2644 2504 3048 2565 Samosatensis
3073 2523 3260 2565 errore
3287 2525 3350 2565 ac

1785 2592 2133 2650 damnatione
2161 2610 2465 2650 sermonem
2497 2594 2766 2661 instituat,
2807 2597 2893 2653 his
2924 2598 3097 2652 utitur
3124 2599 3349 2656 verbis:

1797 2683 1985 2738 Verum
2009 2684 2090 2738 his
2103 2685 2220 2754 jam
2249 2687 2521 2755 expositis,
2554 2703 2690 2740 nunc
2717 2687 2925 2742 tandem
2947 2705 3063 2758 qua,
3084 2691 3360 2760 qualisque

1787 2775 1945 2842 fuerit
1977 2785 2106 2829 retas
2155 2785 2366 2841 nostra,
2421 2785 2747 2846 posterorum
2801 2779 3002 2834 notitia:
3054 2781 3354 2836 tradamus.

1786 2866 2046 2923 Parentes
2077 2883 2217 2938 quos
2269 2869 2541 2936 habuerit,
2590 2871 2750 2927 nobis
2805 2871 3202 2943 incompertum
3248 2885 3357 2941 est,

1785 2961 1893 3016 nisi
1923 2961 2066 3031 quod
2099 2960 2436 3032 Nicephorus
2468 2961 2751 3029 Callistus,
2783 2965 2972 3021 nescio
3000 2980 3136 3036 quos
3168 2975 3360 3023 aucto-

1788 3068 1877 3108 res
1907 3059 2148 3117 secutus,
2196 3054 2346 3108 illum
2390 3071 2579 3112 sorore
2619 3055 2888 3127 Pamphili
2927 3059 3182 3130 martyris
3208 3059 3361 3130 geni-

1789 3153 1904 3200 tum
1930 3161 2051 3201 esse
2075 3146 2274 3216 prodit.
2301 3144 2359 3200 ln
2381 3147 2610 3217 epistola
2632 3155 2811 3203 autem
2837 3147 2951 3202 Arii
2975 3148 3042 3202 ad
3065 3147 3357 3203 Eusebium

1787 3238 2280 3305 Nicomediensem,
2315 3237 2484 3294 frater
2516 3239 2739 3296 Eusebii
2769 3239 3199 3296 Nicomediensis
3225 3240 3357 3294 dici-

1787 3340 1898 3389 tur.
1935 3334 2013 3387 Ac
2038 3333 2254 3386 tametsi
2304 3339 2529 3402 propter
2560 3331 2854 3386 amicitiam
2907 3331 3073 3388 frater
3128 3332 3236 3387 dici
3265 3347 3364 3404 po-

1789 3423 1912 3486 tuit,
1947 3421 2134 3477 verius
2179 3428 2360 3476 tamen
2395 3421 2525 3476 mihi
2556 3422 2792 3486 videtur,
2826 3421 2979 3476 illum
3020 3429 3114 3476 aut
3149 3437 3363 3492 germa-

1788 3529 1920 3567 num
1941 3521 2034 3568 aut
2058 3513 2448 3570 consobrinum
2477 3513 2644 3569 fuisse
2666 3513 3097 3570 Nicomediensis
3117 3512 3359 3578 Eusebii,

1789 3606 2024 3660 maxime
2047 3621 2171 3660 cum
2193 3605 2354 3661 Arius
2377 3606 2626 3676 plurimis
2654 3607 2775 3661 aliis
2799 3607 2870 3661 ibi
2897 3608 3360 3674 commemoratis,

1789 3712 1958 3752 unum
1998 3697 2387 3753 Caesariensem
2413 3697 2631 3753 fratrem
2657 3699 2888 3769 appellet
2909 3698 3364 3758 Nicomediensis.

135 3797 189 3851 De
218 3800 329 3854 vim
361 3799 724 3856 Commmini
755 3814 817 3854 se
847 3797 1028 3851 adhuc
1056 3798 1454 3853 adolescentem
1497 3800 1550 3854 in
1586 3798 1690 3852 Pa-
1717 3805 1759 3864 ο
1791 3788 1996 3846 Deinde
2046 3791 2477 3848 Nicomediensis
2531 3791 2799 3848 Eusebius
2855 3793 3120 3849 oriundus
3164 3792 3267 3849 fuit
3294 3809 3363 3849 ex

131 3888 301 3946 latina
327 3893 634 3947 educatum
671 3904 739 3944 ac
765 3897 1040 3943 versatum
1064 3903 1183 3944 esse
1212 3897 1464 3951 testatur,
1507 3889 1689 3959 ibique

133 3982 331 4048 primum
365 3998 401 4036 a
432 3999 495 4038 se
516 3983 706 4037 visum
739 3995 862 4036 esse
907 3979 1345 4046 Constantinum,
1390 3981 1518 4037 dum
1555 3982 1601 4036 is
1633 3983 1687 4036 in

133 4073 358 4126 comitatu
389 4072 721 4128 Diocletiani
748 4072 977 4142 Augusti
1005 4088 1100 4142 per
1118 4071 1460 4128 Palaestinam
1486 4074 1588 4128 iter
1613 4074 1692 4128 fa-

134 4172 269 4217 ceret.
302 4164 416 4220 Sed
447 4166 586 4221 etin
613 4164 762 4218 libro
817 4179 855 4217 ιι
893 4164 1136 4233 ejusdem
1167 4164 1368 4234 operis,
1401 4164 1492 4218 ubi
1519 4165 1690 4236 legem

137 4249 458 4308 Constantini
488 4255 684 4318 refert,
723 4269 887 4324 quam
923 4255 1014 4309 ille
1043 4270 1142 4325 pro
1184 4255 1512 4311 Christianis
1555 4257 1692 4312 scri-

135 4344 222 4408 psit
259 4345 326 4398 ad
380 4346 733 4409 Palaestinos,
759 4345 1106 4402 Palaestinum
1138 4361 1196 4402 se
1220 4347 1390 4403 fuisse
1421 4347 1562 4402 haud
1593 4349 1693 4403 ob-

137 4449 272 4491 stare
291 4437 591 4506 signiﬁcat.
624 4437 922 4506 Postquam
957 4437 1100 4490 enim
1124 4439 1256 4508 legis
1290 4439 1461 4509 ipsius
1487 4439 1555 4493 ad
1589 4437 1694 4492 Pa-

135 4525 356 4581 latinos
388 4528 566 4582 missae
593 4527 764 4582 verba
792 4526 998 4590 retulit,
1021 4525 1134 4580 htec
1165 4525 1346 4580 addit:
1378 4525 1477 4580 Ila:
1508 4528 1693 4597 prima:

137 4617 451 4686 inperatoris
503 4621 698 4673 littera:
743 4618 812 4671 ad
851 4635 944 4672 nos
985 4619 1177 4674 missw.
1245 4618 1402 4684 Quod
1442 4635 1572 4675 vero
1602 4635 1694 4675 or-

131 4717 229 4762 tam
259 4712 417 4765 illius
439 4711 493 4765 in
514 4719 760 4767 extrema
787 4710 1016 4766 Gallieni
1045 4720 1286 4782 tempora
1317 4713 1545 4777 contuli,
1592 4713 1693 4768 hu-

131 4800 209 4870 ius
239 4805 322 4857 rei
362 4811 640 4858 auctorem
688 4802 864 4857 habeo
892 4801 1070 4872 ipsum
1098 4803 1413 4862 Eusebium.
1447 4805 1508 4859 In
1537 4806 1692 4863 libris

133 4893 260 4945 enim
315 4893 572 4949 Historiae
616 4893 982 4948 ecclesiastica:
1035 4895 1264 4966 loquens
1317 4897 1384 4952 de
1435 4895 1694 4969 Dionysio

137 4983 621 5040 A’exandrinorum
652 4986 926 5056 episcopo,
971 4987 1121 5041 illum
1159 5003 1256 5044 sua
1304 4995 1462 5046 actate
1492 4991 1696 5048 vixisse

132 5084 386 5140 testatur,
415 5086 472 5131 ut
502 5078 689 5134 videre
721 5088 804 5135 est
845 5084 902 5134 in
945 5080 1086 5136 libro
1115 5097 1198 5145 ιη,
1235 5097 1354 5153 cap.
1385 5083 1476 5139 28.
1514 5083 1698 5151 Quare

1796 3877 1975 3950 Syria.
2013 3878 2138 3934 Fuit
2165 3880 2310 3935 cnim
2338 3881 2518 3951 primo
2543 3881 2833 3952 episc0pus
2872 3880 3072 3955 Beryti.
3104 3881 3215 3940 Nec
3244 3899 3368 3940 mos

1793 3978 1925 4026 tunc
1954 3981 2092 4037 erat,
2130 3980 2187 4026 ut
2219 3974 2465 4029 extranei
2497 3981 2551 4029 et
2581 3975 2752 4046 ignoti
2784 3975 2852 4030 ad
2889 3977 3154 4048 regendas
3175 3976 3372 4034 Eccle-

1793 4064 1902 4119 sias
1930 4071 2400 4135 promoverentur.
2434 4068 2494 4120 ln
2509 4068 2867 4126 saecularibus
2891 4067 3197 4140 disciplinis
3223 4086 3362 4142 quos

1792 4157 2086 4227 magistros
2135 4157 2404 4223 habuerit,
2449 4158 2675 4228 perinde
2721 4161 3054 4230 ignoramus.
3099 4161 3157 4217 ln
3188 4164 3364 4219 sacris

1793 4257 1972 4305 autem
1995 4250 2192 4305 litteris
2212 4258 2596 4321 prmeeptorem
2617 4252 2806 4308 habuit
2834 4251 3162 4309 Durotheum
3189 4271 3363 4311 eunu-

1792 4341 1978 4405 chum,
2023 4339 2409 4398 Antiochensis
2449 4343 2708 4399 Ecclesite
2736 4346 3112 4416 presbyterum
3153 4365 3184 4401 τι
3204 4349 3362 4417 cujus

1793 4433 1956 4488 etiam
2003 4433 2059 4487 in
2112 4433 2251 4488 libro
2298 4451 2374 4488 vn
2421 4435 2782 4491 honoriﬁcam
2833 4438 3166 4493 mentionem
3209 4437 3361 4494 facit.

1795 4525 2119 4598 Quanquam
2156 4525 2424 4583 Eusebius
2451 4542 2518 4582 eo
2554 4527 2676 4582 loco
2706 4536 2917 4583 tantum
2940 4527 3075 4583 dicit
3103 4544 3134 4583 a
3175 4544 3235 4586 se
3259 4545 3361 4584 au-

1793 4617 1967 4674 ditum
1997 4635 2119 4675 esse
2152 4618 2504 4685 Dorotheum,
2533 4621 2661 4676 dum
2694 4636 2882 4679 sacras
2922 4621 3133 4680 litteras
3175 4623 3232 4678 in
3261 4623 3367 4680 Ec-

1795 4714 1961 4769 clesia
2011 4728 2122 4768 non
2169 4712 2513 4769 incommode
2562 4723 2876 4786 exponeret.
2925 4714 2980 4771 Si
3031 4715 3153 4787 quis
3183 4725 3368 4774 tamen

1794 4821 1861 4861 ex
1887 4805 1974 4860 his
1996 4805 2214 4862 Eusebii
2242 4807 2424 4862 verbis
2448 4822 2571 4863 cum
2597 4808 2899 4863 Trithemio
2919 4809 3052 4865 velit
3089 4810 3365 4882 colligere,

1795 4897 2090 4954 Eusebium
2116 4899 2371 4956 Dorothei
2401 4901 2573 4957 fuisse
2602 4903 2953 4974 discipulum,
2977 4903 3227 4973 equidem
3258 4919 3368 4960 non

1795 5009 2123 5064 magnopere
2153 4995 2488 5065 repugnabo.

1869 5085 1947 5139 Ea
2000 5093 2322 5157 tempestate
2375 5096 2596 5142 mortuo
2641 5088 2977 5155 Theotecno,
3013 5087 3370 5145 Caesariensis

138 5184 249 5221 tam
278 5178 495 5225 constet
536 5171 854 5244 Dionysium
905 5173 1331 5230 Alexandrinum
1369 5191 1512 5231 anno
1540 5178 1694 5247 prin-
1725 5171 1769 5227 D
1796 5173 2056 5230 Ecclesiae
2097 5175 2472 5245 episcopatum
2517 5177 2934 5234 administrabat
2978 5177 3239 5249 Agapius,
3284 5178 3372 5232 vir

136 5261 350 5329 eipatus
397 5260 627 5317 Gallieni
678 5263 995 5321 duodecimo
1053 5282 1083 5321 e
1127 5267 1264 5322 vivis
1318 5267 1541 5332 abiisse,
1585 5267 1694 5324 Eu-

141 5351 350 5405 sebium
379 5352 481 5420 jam
511 5363 630 5408 tum
661 5355 720 5408 in
751 5356 922 5411 lucem
953 5357 1154 5413 editum
1189 5358 1359 5413 fuisse
1385 5367 1618 5429 oportet,
1645 5362 1702 5416 sit

139 5441 363 5510 quidem
383 5444 492 5512 ejus
513 5454 646 5501 artas
675 5446 731 5500 in
759 5461 822 5501 ea
849 5457 1086 5518 tempora
1116 5450 1306 5506 incidit
1336 5452 1534 5521 quibus
1560 5453 1694 5507 vixit

143 5532 451 5605 Dionysius.
495 5536 641 5592 Idem
688 5539 846 5592 etiam
889 5542 1066 5612 colligi
1123 5552 1301 5614 potest
1348 5561 1415 5599 ex
1469 5546 1609 5601 libro
1662 5563 1696 5600 v

143 5627 401 5680 Historia:
421 5630 787 5684 ecclesiasticae
813 5633 912 5687 sub
954 5633 1131 5701 ﬁnem,
1163 5637 1253 5691 ubi
1283 5636 1350 5691 de
1385 5637 1696 5693 Artemonis

147 5718 351 5771 messi
380 5721 530 5775 verba
589 5721 818 5787 faciens,
859 5722 1077 5779 Paulum
1135 5726 1549 5785 Samosatenum
1597 5746 1694 5784 sua

147 5817 308 5864 uate
345 5823 448 5866 eam
496 5813 754 5870 haeresim
789 5830 1071 5875 renovasse
1101 5821 1311 5878 scribit.
1364 5820 1607 5899 Denique
1641 5822 1696 5878 in

1800 5266 2012 5321 eximiae
2040 5267 2368 5332 sanctitatis,
2400 5276 2454 5323 et
2480 5269 2663 5326 eﬂ'usac
2691 5271 2745 5324 in
2777 5285 3040 5340 pauperes
3075 5271 3372 5326 liberalita-

1799 5360 1891 5414 tis.
1925 5360 2007 5413 Ab
2026 5359 2128 5413 hoc
2153 5359 2420 5416 Eusebius
2444 5363 2498 5416 in
2523 5363 2726 5417 clerum
2754 5363 2981 5426 ascitus,
3005 5362 3370 5418 arctissimam

1800 5449 1923 5504 iniit
1969 5451 2260 5504 amicitiam
2295 5466 2418 5505 cum
2454 5451 2757 5521 Pamphilo,
2798 5453 2890 5524 qui
2921 5461 3037 5508 tum
3085 5453 3224 5507 inter
3253 5451 3370 5507 Cte-

1801 5542 2063 5600 sariensis
2093 5544 2346 5598 Ecclesiae
2369 5545 2715 5616 presbyteros
2740 5546 3030 5602 eminebat.
3067 5545 3192 5598 Erat
3216 5543 3372 5598 Pam-

1803 5635 1983 5705 philus
2049 5637 2275 5690 natione
2326 5634 2590 5700 Phoenix,
2637 5636 2799 5691 domo
2847 5636 3140 5708 Berytius;
3203 5636 3366 5690 Pierii

1804 5727 2188 5782 Alexandrina:
2237 5726 2496 5782 Ecclesiae
2553 5729 2854 5800 presbyteri
2907 5730 3244 5798 discipulus.
3307 5735 3383 5783 ut-

1806 5818 1997 5878 scribit
2034 5817 2280 5875 Photins.
2318 5819 2419 5884 Qui
2457 5835 2584 5876 cum
2608 5820 2908 5876 litterarum
2943 5835 3223 5878 sacratum
3253 5819 3374 5875 sin-
