3812 6314
481 303 554 360 55
1473 299 1811 359 EUSEBIUS
1847 295 2320 355 CIESARIENSIS
2357 296 2754 356 EPISCOPUS.
3649 303 3728 358 56

487 421 660 490 gelari
703 437 886 478 amore
915 421 1192 494 ﬂagraret.
1229 437 1524 493 omnesque
1559 417 2046 477 ecclesiasticorum
2076 421 2124 479 Α
2149 417 2353 483 sebius,
2387 418 2478 488 qui
2525 423 2606 471 tot
2633 415 2768 471 locis
2796 412 3136 488 Pamphilum
3179 416 3442 480 nominat.
3480 419 3727 490 ejusque

485 519 812 588 scriptorum
838 518 1006 578 libros
1031 533 1094 572 ac
1118 519 1384 587 praecipue
1407 515 1674 586 Origenis,
1702 528 1915 570 summo
1940 521 2048 568 stu-

483 615 574 666 dio
616 595 986 680 conquireret,
1031 610 1435 666 celeberrimam
1482 607 1725 663 scholam
1763 621 1826 661 ac
1854 606 2047 671 biblio-

483 708 696 760 thecam
742 704 980 760 instituit
1023 704 1300 760 Caesareae.
1333 699 1504 770 Cujus
1546 699 1743 754 scholae
1788 701 2048 769 magister

480 797 692 868 primus
723 795 895 852 fuisse
931 795 1146 850 videtur
1173 794 1459 850 Eusebius.
1502 794 1663 848 Certe
1691 791 1957 846 Eusebius
1990 792 2043 846 in

483 890 623 945 libro
657 889 735 946 De
771 890 1091 960 martyribus
1127 887 1432 942 Palaestina:
1468 885 1671 942 diserte
1692 885 1900 947 scribit,
1934 883 2044 954 Ap-

480 981 761 1050 phianum,
795 983 888 1052 qui
923 984 1082 1038 tertio
1110 979 1506 1051 persecutionis
1549 994 1693 1033 anno
1721 978 2041 1049 martyrium

469 1091 573 1130 con
586 1076 898 1138 summavit,
948 1074 1004 1128 in
1051 1074 1184 1129 urbe
1210 1071 1454 1129 Cmsarea
1486 1072 1659 1128 sacris
1706 1071 1902 1127 litteris
1925 1086 1954 1124 a
1982 1086 2042 1126 se

468 1167 750 1222 eruditum
810 1166 1002 1222 fuisse.
1053 1165 1137 1220 Ab
1197 1181 1263 1221 eo
1315 1175 1558 1236 tempore
1613 1164 1882 1219 Eusebius
1914 1179 2037 1219 cum

467 1258 756 1329 Pamphilo
791 1273 1005 1329 semper
1041 1257 1490 1328 conjunctissime
1519 1258 1673 1322 vixit,
1701 1257 1926 1327 ejusque
1956 1255 2038 1309 in—

463 1345 731 1402 dividuus
765 1361 950 1402 comes
975 1347 1045 1402 ad
1067 1357 1296 1402 mortem
1327 1363 1500 1417 usque
1528 1349 1829 1418 permansit
1859 1365 1872 1402 :
1902 1346 2038 1402 adeo

474 1435 576 1504 ipsi
607 1435 827 1500 charus,
865 1446 925 1491 ut
953 1437 1022 1491 ab
1044 1437 1163 1507 ejus
1196 1437 1441 1491 amicitia
1470 1446 1888 1508 cognomentum
1919 1451 2038 1491 sor-

472 1527 605 1582 titus
656 1528 727 1583 sit
776 1527 1062 1597 Pamphili.
1102 1527 1213 1583 Nec
1261 1543 1392 1584 vero
1430 1530 1606 1584 solum
1664 1529 2031 1598 superstitem,

471 1617 569 1672 sed
609 1617 770 1672 etiam
805 1628 1076 1673 mortuum
1121 1620 1382 1690 singulari
1414 1635 1598 1674 arnore
1638 1620 1826 1676 dilexit
1867 1619 2036 1675 Euse-

469 1711 593 1766 bius
625 1729 638 1766 :
674 1713 750 1767 ita
780 1721 840 1766 ut
869 1721 992 1782 post
1025 1723 1255 1769 mortem
1292 1712 1577 1784 Pamphili,
1609 1728 1824 1783 semper
1851 1713 1918 1768 de
1942 1713 2034 1766 illo

470 1801 1018 1860 honorificentissime
1061 1807 1224 1862 simul
1281 1815 1334 1862 et
1372 1806 1743 1861 amantissime
1787 1806 2032 1874 loquere-

469 1899 578 1946 tur.
606 1891 901 1949 Testantur
933 1894 1038 1950 hoc
1069 1903 1182 1952 tres
1208 1896 1332 1951 libri
1350 1895 1427 1951 De
1467 1895 1586 1950 Vita
1613 1894 1876 1964 Pamphili
1897 1913 2034 1949 mar-

468 1985 604 2054 tyris
639 1985 710 2042 ab
753 2001 820 2042 eo
846 1987 1162 2059 conscripti,
1210 2004 1349 2060 quos
1397 1989 1829 2061 elegantissimos
1874 1996 2033 2043 Vocat

467 2075 852 2149 Hieronymus.
884 2079 1028 2136 ldem
1058 2083 1220 2136 etiam
1247 2081 1520 2153 colligitur
1537 2097 1601 2137 ex
1625 2081 1872 2152 pluribus
1896 2081 2031 2137 locis

465 2167 558 2237 qui
608 2168 662 2221 in
722 2167 969 2224 Historia
1015 2172 1373 2226 ecclesiastica
1401 2172 1672 2243 leguntur,
1715 2177 1771 2226 et
1804 2170 1858 2224 in
1890 2169 2030 2225 libro

466 2262 543 2314 De
583 2261 904 2332 martyribus
962 2261 1288 2320 Paltestime.
1325 2261 1565 2334 Denique
1593 2263 1650 2316 in
1695 2262 1834 2316 libro
1862 2278 1899 2316 ιι
1935 2263 2026 2316 ad-

463 2369 642 2407 versus
673 2351 988 2420 Sabellium,
1023 2357 1118 2426 qui
1160 2362 1285 2426 post
1319 2353 1596 2410 Nicmnum
1634 2355 1926 2410 concilium
1960 2355 2029 2409 ab

463 2444 700 2503 Eusebio
757 2449 1103 2520 conscriptus
1163 2456 1278 2514 est,
1332 2447 1671 2520 Pamphilum
1732 2457 2024 2520 martyrem

463 2537 777 2608 frequenter
804 2542 1082 2611 praedicat,
1117 2555 1429 2612 quanquam
1449 2556 1745 2612 suppresso
1769 2540 1890 2610 ejus
1923 2557 2026 2595 no-

460 2629 627 2684 mine.
674 2628 808 2684 Nam
837 2639 892 2686 et
930 2632 983 2684 in
1021 2632 1139 2702 ipso
1180 2631 1445 2689 orationis
1472 2633 1696 2687 exordio
1738 2633 1811 2686 ita
1847 2632 2022 2687 dicit:

459 2717 600 2775 Puto
629 2719 799 2776 adhuc
827 2739 978 2777 aures
1008 2723 1235 2794 obstrepi
1265 2741 1407 2780 meas
1439 2741 1471 2777 a
1505 2725 1758 2779 memoria
1789 2724 1927 2779 beati
1960 2725 2026 2778 il-

459 2810 565 2866 lius
601 2813 722 2877 viri,
765 2815 855 2884 qui
885 2813 982 2868 illa
1019 2816 1266 2885 religiosa
1298 2817 1592 2887 frequenter
1622 2832 1747 2870 usus
1779 2826 1856 2870 est
1885 2832 2021 2872 voce.

459 2901 604 2958 Nam
635 2914 685 2960 et
714 2922 868 2960 aures
905 2917 1090 2962 vestra:
1130 2908 1302 2962 adhuc
1341 2925 1528 2963 sonum
1561 2908 1706 2962 illius
1734 2911 1868 2962 vocis
1900 2910 2026 2963 reti-

457 3009 598 3052 nent.
630 2997 769 3053 Puto
795 3000 934 3053 enim
975 3017 1055 3054 me
1081 3002 1264 3056 audire
1294 3019 1410 3056 eum
1439 3001 1690 3056 dicentem
1711 3020 1729 3056 :
1779 3022 1798 3052 ι
1837 3002 2025 3073 Unige-

2148 507 2385 562 amicitia
2433 516 2712 577 tantopere
2743 507 3024 578 gloriatur,
3057 523 3336 579 nunquam
3366 517 3547 565 tamen
3583 524 3730 580 pro-

2144 601 2406 670 pinquum
2427 611 2522 654 aut
2549 599 2758 656 affinem
2776 614 2936 655 suum
2964 607 3143 655 vocat.
3161 601 3274 655 lmo
3301 616 3430 656 vero
3448 617 3516 656 ex
3532 601 3726 672 ipsius

2145 692 2366 749 Eusebii
2410 694 2724 749 testimonio
2766 691 3054 748 manifeste
3102 692 3418 758 conficitur,
3455 692 3724 763 Pamphi-

2144 785 2254 840 lum
2285 795 2576 858 martyrem
2597 784 2814 841 Eusebii
2843 785 3204 855 propinquum
3224 801 3333 840 non
3356 783 3545 841 fuisse.
3571 782 3722 838 Nam

2144 879 2199 934 in
2230 879 2336 934 line
2365 878 2488 934 libri
2518 894 2595 932 vn
2645 876 2901 932 Historia:
2927 878 3316 945 ecclesiasticae,
3348 876 3440 932 ubi
3471 877 3538 931 de
3567 877 3724 947 Aga—

2141 971 2502 1043 pincclesia:
2515 970 2868 1028 Caesariensis
2885 972 3142 1042 episcopo
3167 971 3330 1026 verba
3353 971 3506 1036 facit,
3533 970 3609 1024 ita
3640 970 3723 1025 lo-

2139 1066 2325 1135 quitur
2357 1083 2370 1119 :
2402 1064 2579 1134 Hujus
2625 1074 2850 1134 tempore
2891 1063 3227 1133 Pamphilum
3260 1064 3429 1118 virum
3461 1063 3723 1117 disertis-

2139 1156 2352 1223 simum,
2388 1157 2596 1227 vitaque
2620 1168 2671 1211 et
2709 1156 2948 1225 operibus
2983 1173 3097 1211 vere
3135 1155 3586 1226 philosophantem
3622 1170 3721 1208 co-

2137 1249 2440 1318 gnovimus;
2473 1251 2524 1303 in
2551 1247 2732 1304 eadem
2760 1247 2997 1303 Ecclesia
3021 1248 3309 1319 presbyteri
3332 1250 3526 1302 honore
3554 1248 3721 1301 deco-

2139 1348 2335 1395 ratum.
2359 1337 2498 1395 Cum
2528 1340 2694 1411 igitur
2723 1339 2993 1396 Eusebius
3022 1340 3137 1410 ipse
3160 1348 3410 1404 testetur,
3436 1355 3468 1394 a
3495 1355 3556 1395 se
3578 1347 3720 1396 tunc

2139 1433 2372 1502 primum
2407 1435 2683 1505 cognitum
2716 1449 2838 1490 esse
2886 1433 3250 1504 Pamphilum,
3302 1434 3436 1490 satis
3477 1437 3723 1504 apparet

2137 1526 2285 1580 nulla
2314 1527 2723 1584 necessitudine
2751 1535 2845 1583 aut
2883 1525 3140 1584 aliinitate
3167 1542 3262 1584 eos
3293 1529 3432 1582 inter
3475 1541 3537 1582 se
3573 1541 3718 1582 con-

2131 1619 2352 1688 junctos
2382 1618 2574 1676 fuisse.

2207 1710 2312 1766 Per
2350 1711 2466 1767 haec
2509 1720 2754 1783 tempora
2780 1711 3010 1782 contigit
3041 1711 3363 1784 gravissima
3391 1711 3484 1765 illa
3513 1725 3715 1781 perse—

2137 1805 2284 1858 cutio
2332 1803 2804 1870 Christianorum,
2849 1820 2970 1875 qua:
2999 1819 3032 1859 a
3074 1803 3408 1860 Diocletiano
3457 1805 3710 1874 primum

2135 1908 2311 1968 empta
2327 1937 2342 1962 ,
2369 1913 2401 1953 a
2426 1898 2780 1968 sequentibus
2799 1897 3056 1969 deinceps
3086 1897 3506 1968 imperatoribus
3523 1897 3594 1952 ad
3612 1897 3719 1953 de-

2132 1989 2330 2044 cimum
2353 2005 2525 2061 usque
2543 2005 2742 2044 annum
2763 2000 3049 2061 prorogata
3065 1989 3434 2062 est(a).Hujus
3450 2004 3715 2060 persecu-

2132 2082 2298 2137 tionis
2314 2090 2558 2153 tempore
2579 2082 2846 2138 Eusebius
2862 2091 3048 2152 utpote
3063 2081 3414 2139 Caesariensis
3440 2082 3719 2138 Ecclesiae

2132 2185 2260 2232 tunc
2283 2177 2583 2248 presbyter,
2610 2177 2663 2230 in
2691 2191 2754 2230 ea
2787 2176 2922 2231 urbe
2948 2183 3208 2246 perpetuo
3232 2173 3343 2230 fere
3374 2174 3714 2245 permansit,

2135 2279 2188 2326 et
2219 2269 2498 2325 continuis
2537 2270 2938 2325 hortationibus
2963 2271 3164 2324 multos
3187 2268 3250 2322 ad
3279 2267 3599 2338 martyrium
3622 2268 3713 2320 in-

2129 2366 2348 2420 struxit.
2398 2364 2540 2420 lnter
2583 2379 2720 2434 quos
2775 2363 2878 2417 fuit
2923 2363 3278 2434 Apphianus,
3325 2361 3526 2416 nobilis
3571 2361 3718 2416 ado-

2129 2456 2369 2519 lescens,
2420 2456 2580 2524 cujus
2630 2457 2840 2512 illustre
2892 2464 3168 2511 certamen
3209 2454 3380 2510 refert
3427 2452 3715 2509 Eusebius

2126 2556 2310 2603 noster
2359 2550 2413 2603 in
2446 2549 2584 2604 libro
2628 2547 2707 2602 De
2762 2547 3085 2618 martyribus
3128 2545 3452 2601 Palatstime.
3496 2543 3712 2601 Eadem

2126 2641 2505 2710 persecutione
2532 2652 2724 2711 captus
2754 2639 3068 2710 Pamphilus
3097 2649 3152 2695 et
3179 2639 3235 2695 in
3269 2653 3543 2694 carcerem
3577 2651 3715 2691 con-

2122 2734 2332 2804 iectus,
2375 2736 2645 2807 integrum
2685 2736 2961 2790 biennium
3005 2735 3058 2789 in
3085 2734 3316 2789 vinculis
3353 2731 3554 2801 exegit.
3580 2728 3714 2796 Quo

2125 2827 2345 2896 quidem
2403 2834 2646 2898 tempore
2703 2825 2970 2882 Eusebius
3025 2824 3258 2879 amicum
3303 2829 3358 2878 et
3403 2821 3710 2876 contuber—

2125 2919 2304 2973 nalem
2348 2934 2506 2974 suum
2553 2933 2897 2988 nequaquam
2941 2916 3182 2972 deseruit
3229 2935 3242 2970 :
3283 2914 3377 2970 sed
3413 2913 3565 2966 illum
3616 2911 3712 2965 inv-

2125 3012 2310 3066 visens
2339 3011 2586 3076 assidue,
2620 3012 2860 3082 quinque
2891 3011 3058 3066 libros
3089 3007 3418 3077 Defensionis
3454 3004 3712 3076 Origenis

458 3091 598 3145 nitus
618 3091 709 3146 Dei
737 3089 934 3148 Filius.
957 3114 975 3147 ι
996 3092 1124 3148 Ilwc
1151 3096 1289 3149 enim
1320 3096 1563 3166 religiosa
1596 3112 1693 3151 vos:
1719 3111 1811 3164 per
1830 3113 1886 3151 os
1913 3097 2026 3164 ejus
2053 3107 2096 3165 ο
2130 3099 2186 3154 in
2239 3116 2457 3156 carcere
2503 3116 2611 3155 una
2658 3118 2781 3156 cum
2814 3102 2907 3156 illo
2935 3101 3268 3167 elaboravit;
3312 3105 3522 3154 sextum
3570 3113 3710 3152 vero

456 3198 655 3251 semper
683 3184 1040 3253 promebatur.
1076 3186 1332 3242 Memoria
1360 3191 1496 3242 enim
1518 3198 1631 3243 erat
1668 3188 1931 3257 Unigeuiti
1959 3187 2026 3240 ad

453 3275 680 3346 gloriam
707 3295 812 3332 non
852 3281 966 3332 nati
993 3279 1197 3339 Patris.
1238 3281 1550 3336 Audiuimus
1595 3295 1769 3336 autem
1799 3281 2025 3349 Aposto-

453 3367 563 3422 lum
609 3371 994 3440 prwcipientem
1049 3373 1300 3429 honorari
1349 3376 1548 3444 duplici
1601 3376 1796 3430 honore
1846 3375 2027 3429 debere

453 3461 806 3532 presbyteros,
848 3481 936 3520 eos
986 3469 1215 3524 maxime
1269 3469 1358 3539 qui
1391 3467 1632 3522 laborant
1683 3469 1737 3522 in
1793 3467 1942 3522 verbo
1974 3477 2024 3521 et

453 3553 719 3610 doctrina.
773 3555 840 3611 Et
891 3573 1012 3629 pag.
1065 3559 1135 3614 29
1189 3561 1386 3616 iterum
1420 3559 1488 3615 de
1531 3576 1596 3616 eo
1645 3561 1717 3614 ita
1743 3561 2021 3630 loquitur:

452 3643 584 3700 Hcce
639 3663 742 3701 non
774 3664 867 3702 nos
915 3649 1193 3716 extollunt,
1251 3650 1501 3704 memoria
1531 3648 1668 3704 beati
1713 3651 1858 3703 illius
1905 3652 2021 3705 viri.

458 3737 674 3795 Utinam
709 3751 882 3797 autem
905 3745 981 3798 ita
1001 3745 1200 3813 possim
1227 3744 1422 3808 dicere,
1451 3753 1508 3797 ut
1530 3742 1797 3798 vobiscum
1827 3761 2026 3812 semper

453 3833 518 3886 ab
536 3835 713 3890 eodem
738 3836 1037 3893 audiebam.
1073 3837 1177 3892 Sed
1193 3855 1256 3892 ea
1291 3853 1409 3908 qua:
1470 3853 1606 3890 nunc
1632 3837 1899 3901 dicuntur,
1941 3839 2022 3891 illi

451 3927 649 3994 placita
689 3930 861 3997 fuisse
915 3931 1174 3986 videntur.
1208 3930 1393 3986 Gloria
1436 3931 1576 3985 enim
1613 3941 1692 3986 est
1740 3935 2024 4000 proborum

448 4037 734 4091 servorum,
789 4040 910 4078 vera
954 4023 1018 4078 de
1072 4025 1294 4078 Domino
1338 4023 1540 4087 dicere;
1571 4032 1622 4078 et
1649 4024 1815 4080 honor
1843 4041 2023 4080 eorum

449 4111 676 4167 Patrum
703 4116 794 4184 qui
819 4114 942 4168 bene
977 4114 1288 4180 docuerunt,
1317 4117 1365 4170 si
1389 4126 1691 4184 repetantur
1719 4133 1900 4170 eorum
1926 4118 2022 4170 do-

450 4205 653 4260 ctrinae.
690 4205 754 4259 Et
781 4222 974 4262 rursus
1000 4207 1054 4261 i‘n
1085 4207 1272 4263 eodem
1298 4208 1456 4273 libro,
1482 4224 1604 4281 pag.
1624 4208 1694 4263 57
1718 4229 1732 4265 :
1769 4207 1900 4264 Hac
1925 4226 2024 4264 au-

449 4296 721 4352 diebamus
749 4314 950 4366 semper
975 4315 1008 4352 a
1029 4299 1179 4354 beato
1207 4299 1301 4354 illo
1334 4303 1462 4356 viro.
1495 4300 1645 4370 Saepe
1674 4302 1811 4356 enim
1831 4303 1908 4356 ita
1936 4299 2023 4355 di-

451 4385 700 4439 cebantur
729 4386 794 4440 ab
825 4404 906 4451 eo,
960 4398 1017 4443 ut
1049 4390 1264 4460 quidam
1289 4391 1686 4461 suspicarentur
1703 4409 1792 4448 ore
1811 4390 2020 4463 quidem

2126 3199 2181 3247 et
2210 3191 2458 3247 ultimum
2498 3193 2743 3262 ejusdem
2777 3193 2960 3264 operis
2995 3193 3194 3248 librum
3230 3199 3440 3246 mor-tuo
3473 3189 3710 3244 demum

2126 3285 2362 3339 absolvit
2388 3284 2690 3357 Pamphilo.
2723 3287 2919 3341 Totum
2953 3301 3084 3341 vero
3115 3285 3243 3339 illud
3278 3300 3445 3354 opus,
3476 3282 3710 3337 confes-

2126 3379 2343 3432 soribus
2383 3379 2438 3432 in
2467 3380 2700 3434 metallis
2738 3378 3040 3434 Palaestina:
3067 3377 3389 3449 degentibus
3427 3375 3497 3430 ab
3524 3374 3711 3431 Euse—

2125 3468 2216 3524 bio
2243 3478 2296 3524 et
2335 3469 2619 3540 Pamphilo
2662 3479 3034 3542 nuncupatum
3079 3479 3191 3534 est,
3235 3468 3707 3540 quemadmodum

2123 3560 2314 3616 scribit
2339 3559 2568 3616 Photius
2605 3561 2660 3615 in
2690 3559 3042 3624 Bibliotheca,
3086 3560 3265 3630 capite
3293 3559 3413 3612 H8.
3433 3555 3707 3624 Ejusdem

2122 3655 2518 3724 persecutionis
2533 3662 2774 3722 tempore
2789 3693 2803 3717 ,
2831 3653 2901 3706 ob
2919 3652 3204 3722 quasdam,
3230 3659 3288 3706 ut
3307 3649 3566 3705 credibile
3587 3659 3704 3714 est,

2123 3744 2380 3802 Ecclesia:
2408 3745 2786 3808 necessitates,
2818 3744 2873 3799 in
2899 3743 3100 3815 Tyrum
3135 3742 3409 3814 profectus
3436 3753 3538 3796 est.
3574 3741 3707 3808 Qua

2122 3835 2178 3890 in
2211 3837 2343 3892 urbe
2366 3837 2495 3900 dum
2529 3837 2779 3907 degeret,
2810 3837 3049 3906 quinque
3075 3833 3456 3906 IEgyptiorum
3485 3843 3707 3905 marty-

2120 3944 2242 3984 rum
2272 3929 2507 3998 gloriosa
2538 3928 2835 3983 certamina
2865 3927 2963 3981 abs
3001 3941 3059 3981 se
3086 3926 3200 3981 visa
3230 3941 3352 3980 esse
3377 3932 3610 3980 testatur
3641 3928 3706 3980 in

2122 4021 2260 4076 libro
2285 4035 2412 4084 vm,
2447 4035 2568 4091 cap.
2605 4019 2656 4074 7.
2692 4017 2796 4074 Sed
2835 4027 2888 4072 et
2917 4019 2971 4072 in
3005 4017 3248 4087 ejusdem
3271 4016 3393 4071 libri
3414 4029 3534 4086 cap.
3555 4015 3608 4082 9,
3637 4031 3708 4071 se

2122 4112 2176 4166 in
2198 4111 2488 4184 Egyptum
2511 4127 2575 4166 ac
2593 4111 2923 4166 Thebaidem
2945 4111 3160 4166 venisse
3176 4110 3387 4173 scribit,
3403 4118 3708 4179 grassante

2121 4206 2300 4260 adhuc
2338 4204 2735 4274 persecutionis
2781 4205 3004 4267 lurore;
3039 4209 3202 4271 atque
3233 4201 3344 4255 illic
3389 4201 3704 4255 multorum

2119 4298 2406 4368 utriusque
2423 4312 2588 4353 sexus
2612 4305 2905 4366 martyrum
2931 4294 3304 4350 admirabilem
3321 4293 3706 4348 constantiam

2121 4391 2295 4445 oculis
2325 4391 2442 4445 suis
2469 4389 2842 4458 conspexisse.
2893 4384 3032 4441 Sunt
3072 4388 3165 4457 qui
3213 4387 3487 4448 scribant,
3518 4383 3709 4441 Euse—

447 4495 565 4532 eum
591 4479 699 4532 ista
723 4480 976 4548 proferre,
1011 4482 1166 4537 corde
1197 4493 1372 4538 autem
1403 4484 1558 4538 aliter
1584 4481 1788 4539 habere.
1814 4483 1884 4538 Et
1903 4486 2020 4554 qui-
2052 4467 2094 4522 ί)
2126 4483 2272 4538 bium
2315 4483 2369 4536 in
2402 4497 2464 4537 ea
2498 4482 2873 4550 persecutione
2901 4487 2962 4533 ut
2989 4478 3224 4533 carceris
3257 4477 3523 4532 molestiis
3555 4477 3706 4532 libe-

445 4573 564 4627 dem
587 4589 783 4626 memor
807 4574 947 4629 vobis
974 4592 1111 4643 sum,
1138 4576 1401 4632 audivisse
1426 4593 1507 4632 me
1531 4576 1597 4630 ab
1623 4594 1682 4633 eo
1710 4588 1895 4632 sancto
1923 4595 2020 4632 no-

447 4664 526 4717 bis
555 4662 858 4732 juramenlo
893 4667 1232 4735 satisfecisse,
1257 4671 1384 4738 quia
1419 4686 1524 4723 non
1554 4669 1703 4722 aliud
1731 4671 1788 4724 in
1815 4671 2014 4740 lingua,

443 4764 496 4811 et
524 4755 670 4809 aliud
698 4767 831 4812 esset
863 4760 916 4811 in
946 4760 1101 4815 corde
1120 4760 1255 4828 ejus.
1279 4759 1344 4814 Et
1365 4762 1526 4830 paulo
1549 4770 1673 4831 post
1707 4783 1720 4817 :
1747 4762 1851 4818 Sed
1880 4781 2016 4818 nunc

443 4846 651 4918 quidem
680 4851 864 4917 paucis
897 4851 957 4903 ob
988 4852 1294 4904 memoriam
1313 4862 1363 4906 et
1393 4853 1642 4906 honorem
1668 4851 1846 4908 Patris
1869 4853 2014 4908 illius

445 4943 634 5004 nostri,
671 4943 745 4996 ita
780 4941 923 5006 boni,
971 4944 1049 4997 ita
1084 4944 1358 5010 laboriosi,
1389 4954 1439 5000 et
1466 4961 1562 5014 pro
1592 4945 1845 5002 Ecclesiis
1899 4949 2015 5001 ubi—

441 5050 539 5103 que
579 5033 845 5102 vigilantis
881 5033 1026 5088 dicta
1054 5036 1161 5089 sint
1210 5035 1378 5091 nobis.
1421 5035 1604 5106 Neque
1632 5036 1769 5090 enim
1808 5039 2012 5107 generis

439 5124 554 5193 ejus
581 5126 891 5179 memoriam
926 5127 1168 5195 fecimus,
1202 5144 1363 5197 neque
1387 5127 1737 5192 educationis,
1770 5139 1860 5182 aut
1887 5147 2011 5183 eru-

440 5217 678 5280 ditionis,
714 5227 804 5270 aut
831 5217 1048 5274 alterius
1081 5221 1200 5275 vitm
1224 5230 1273 5274 et
1301 5221 1575 5290 propositi.
1612 5220 1760 5287 Quos
1793 5221 2010 5292 quidem

445 5305 662 5365 Eusebii
685 5309 832 5364 locos
865 5325 933 5364 nc
978 5327 1137 5380 quem
1171 5327 1268 5366 sua
1309 5312 1469 5366 laude
1497 5311 1834 5378 defraudem,
1868 5313 2011 5367 indi-

441 5401 586 5454 cavit
620 5401 752 5456 mihi
781 5401 865 5457 vir
886 5403 1240 5460 doctissimus
1267 5403 1597 5460 Franciscus
1621 5404 1867 5475 Ogerius.
1895 5406 2012 5461 Cae-

441 5499 616 5546 terum
647 5509 716 5549 ex
764 5495 850 5550 his
897 5511 1020 5568 qua:
1068 5497 1178 5552 dixi
1214 5497 1349 5554 satis
1377 5499 1671 5570 colligitur,
1714 5499 2010 5555 Eusebium

442 5586 593 5640 nullo
623 5588 1046 5660 propinquitatis
1071 5587 1215 5661 jure,
1250 5591 1346 5647 sed
1369 5600 1582 5648 tantum
1612 5593 1866 5648 amicitia:
1887 5595 2009 5648 vin-

440 5681 565 5737 culo
594 5695 717 5734 cum
754 5679 1036 5752 Pamphilo
1081 5685 1434 5755 conjunctum
1483 5685 1669 5744 fuisse.
1712 5687 1870 5742 Certe
1901 5685 2010 5742 Eu-

2123 4587 2368 4640 raretur,
2400 4575 2562 4630 idolis
2605 4572 2972 4640 sacrificasse;
3001 4572 3164 4641 idque
3190 4571 3266 4625 illi
3297 4571 3572 4641 objectum
3605 4581 3708 4626 est

2121 4669 2190 4722 ab
2223 4667 2496 4737 episcopis
2536 4673 2591 4720 et
2628 4662 3039 4720 confessoribus
3067 4662 3340 4734 Egyptiis
3377 4663 3432 4716 in
3479 4663 3707 4734 synodo

2119 4760 2312 4833 Tyria,
2340 4769 2400 4813 ut
2428 4757 2569 4814 infra
2613 4757 3178 4812 comt‘nemorahimus.
3218 4753 3324 4809 Sed
3357 4769 3468 4809 non
3501 4755 3707 4810 dubito

2119 4855 2248 4924 quin
2273 4854 2322 4908 id
2350 4851 2544 4907 falsum
2575 4851 2646 4906 sit
2673 4859 2729 4905 et
2758 4850 2826 4904 ab
2868 4849 3103 4904 inimicis
3124 4847 3344 4903 Eusebii
3367 4847 3701 4902 conlictum.

2117 4943 2249 4998 Nam
2281 4942 2326 4998 si
2357 4949 2569 4996 tantum
2600 4941 2810 4996 crimen
2839 4955 3025 4995 revera
3057 4939 3355 4994 admissum
3385 4939 3582 4995 fuisset
3625 4943 3706 4995 ab

2119 5037 2351 5093 Eusebio
2371 5075 2386 5100 ,
2423 5034 2694 5104 quomodo
2721 5031 3076 5088 Caesariensis
3099 5030 3356 5087 Ecclesiae
3379 5040 3572 5102 postea
3609 5034 3705 5088 fa—

2116 5139 2236 5186 ctus
2263 5130 2457 5185 fuisset
2481 5127 2801 5198 episcopus?
2819 5125 3102 5192 Quomodo
3128 5125 3198 5180 ab
3226 5125 3592 5181 Antiochenis
3627 5129 3698 5182 ad

2115 5220 2522 5292 suscipiendum
2578 5221 2724 5276 illius
2771 5219 2925 5274 urbis
2983 5217 3350 5272 sacerdotium
3390 5221 3705 5276 evocatus!

2114 5316 2180 5370 Et
2218 5324 2399 5371 tamen
2448 5315 2743 5370 cardinalis
2781 5311 3048 5366 Baronius
3082 5310 3214 5365 illud
3261 5311 3421 5380 quasi
3477 5321 3702 5368 certum

2115 5416 2404 5478 ratumque
2447 5407 2711 5476 arripuit,
2755 5404 2901 5474 quod
2944 5403 3180 5458 Eusebio
3212 5417 3311 5473 per
3343 5402 3595 5473 jurgium
3641 5413 3704 5459 et

2113 5500 2520 5556 altercationem
2547 5499 2817 5568 object-um
2848 5503 2932 5551 est
2961 5497 3030 5550 ab
3051 5495 3172 5565 ejus
3197 5494 3557 5562 adversariis,
3587 5512 3703 5554 nec

2112 5594 2278 5648 ullius
2311 5592 2624 5648 testimonio
2651 5589 3050 5645 confirmatum.

2183 5687 2285 5742 Per
2333 5689 2471 5744 idem
2515 5695 2728 5757 tempus
2779 5682 3012 5752 scriptus
3046 5688 3129 5738 est
3167 5680 3235 5736 ab
3268 5679 3510 5738 Euseth
3550 5681 3704 5738 liber

512 5796 586 5850 ἰαὶ
610 5793 875 5851 Eusebius
902 5797 953 5851 in
979 5795 1214 5868 Epistula
1235 5798 1299 5853 ari
1328 5798 1688 5856 thsaricnses
1710 5801 1775 5857 dc
1801 5801 2007 5868 synodo
2045 5803 2277 5861 Nic-tona.
