3812 6332
120 354 164 411 Si
1377 370 1380 372 ‘
1645 353 1942 412 NOTITIA.
3301 361 3372 415 58

127 473 314 526 aduersu
344 464 664 523 Hieroclem.
688 467 995 527 Causam
1033 466 1298 525 scribendi
1330 467 1558 540 prmbuit
1585 466 1712 523 Hie-
1737 473 1781 530 Α
1809 467 1979 524 drinai
2019 466 2174 522 urbis
2201 466 2504 540 presbyter,
2533 481 2656 523 cum
2683 481 2821 524 nova
2849 469 3093 539 quaedam
3123 481 3176 526 et
3207 472 3371 545 impia

126 564 254 620 recte:
275 557 738 627 Nicomediensis,
772 564 903 634 qui
954 563 1076 620 sub
1113 563 1315 617 initium
1353 562 1473 630 ejus
1515 576 1700 631 perse-

129 653 310 709 cutionis
333 664 453 704 cum
481 649 1003 709 Christianorum
1026 654 1217 723 ubique
1232 652 1428 721 templa
1457 652 1707 707 destrue-

128 755 285 808 rentur,
329 749 539 797 vexata
620 744 932 814 religioni
999 745 1157 816 quasi
1216 744 1517 808 insultans,
1567 743 1705 799 duos

130 835 333 890 adversus
373 831 536 887 ﬁdem
587 833 828 890 Christi
879 837 959 891 in
1003 838 1141 892 urbe
1188 835 1493 891 Nicomedia
1539 835 1706 890 edidit

128 928 267 987 libros,
311 940 444 995 quos
475 926 896 995 Φιλαλήθεις
957 929 1325 1000 inscripserat.
1379 925 1438 981 In
1505 926 1704 996 quibus

128 1021 431 1073 iatercatera
479 1017 538 1071 id
586 1020 968 1084 asserebat,
1016 1019 1356 1090 Apollonium
1407 1016 1703 1089 Tyanmum

127 1112 250 1166 multo
273 1111 418 1180 plura
445 1118 504 1164 et
532 1111 771 1180 majora
833 1111 1059 1168 fecisse
1097 1126 1255 1180 quam
1303 1109 1612 1169 Christum,
1644 1114 1705 1162 ut

129 1210 300 1255 testatur
321 1201 654 1256 Lactantius
685 1203 752 1256 in
784 1203 955 1257 libro
976 1217 1077 1256 vn.
1103 1202 1205 1256 Sed
1235 1199 1504 1255 Eusebius
1531 1199 1705 1253 homi-

130 1307 214 1346 nem
247 1293 584 1363 despiciens,
624 1299 972 1350 contentus
1012 1294 1118 1348 l'uit
1161 1308 1282 1348 eum
1334 1291 1480 1347 brevi
1523 1291 1704 1346 libello

131 1381 367 1436 mnfutare.

175 1471 286 1526 inter
299 1473 411 1527 haec
428 1482 670 1530 mortuo
694 1474 964 1546 Agapio,
985 1471 1402 1530 Ctesariensium
1423 1472 1702 1542 episcopo.

130 1578 213 1614 cum
249 1564 560 1632 persecutio
609 1564 747 1634 jam
803 1564 1012 1621 sedata
1066 1572 1123 1621 et
1148 1578 1253 1634 pax
1303 1562 1516 1619 reddita
1559 1569 1706 1619 essu

127 1650 324 1707 Ecclesiae
346 1693 361 1717 ,
403 1653 704 1712 Eusebius
738 1655 1050 1712 communi
1083 1656 1322 1710 omnium
1350 1669 1622 1711 consensu
1651 1656 1703 1708 in

125 1745 208 1809 ejus
240 1744 406 1798 locum
450 1746 880 1802 substituitur.
937 1746 1049 1800 Alii
1103 1760 1472 1802 successorem
1509 1744 1702 1817 Agapii

126 1842 279 1901 pinnat
304 1835 624 1903 Agricolam
650 1875 669 1900 ,
699 1837 812 1906 qui
848 1836 1166 1907 Ancyranat
1212 1835 1418 1906 synodo
1460 1834 1705 1889 interfuit

124 1938 166 1975 ac
194 1925 497 1995 subscripsit
521 1965 538 1990 ,
590 1941 762 1981 anno
816 1926 1039 1982 Christi
1068 1927 1194 1981 3M.
1232 1926 1309 1980 lta
1353 1925 1618 1981 Baronius
1648 1927 1700 1979 in

125 2016 389 2081 Andibus,
420 2018 493 2073 ad
539 2034 779 2074 annum
803 2017 1028 2073 Christi
1062 2019 1202 2085 514,
1228 2026 1283 2074 et
1307 2017 1618 2073 Blondellus
1649 2017 1702 2074 in

125 2110 318 2178 Apologia
345 2126 440 2178 pro
470 2112 770 2165 sententia
807 2110 881 2164 B.
921 2109 1276 2180 Hieronymi,
1320 2125 1441 2180 cap.
1477 2108 1564 2163 l9.
1599 2107 1702 2163 Ubi

127 2196 355 2253 Eusebium
410 2216 570 2256 anno
621 2201 860 2256 Christi
913 2201 1140 2256 circiter
1180 2201 1319 2267 3l5,
1353 2201 1701 2254 administra-

125 2292 273 2344 tionem
301 2290 682 2348 Cesariensis
724 2292 1012 2348 Ecclesiae
1040 2302 1166 2362 post
1187 2299 1414 2347 mortem
1436 2293 1702 2362 Agricolae

127 2383 372 2453 suscepisse
398 2385 633 2440 scribit.
677 2382 906 2443 Verum
920 2384 1466 2456 subscriptionesillae
1487 2383 1701 2453 episco-

127 2490 264 2543 porum
301 2492 420 2547 qua:
450 2479 510 2530 in
542 2477 784 2533 Latinis
812 2477 1118 2533 Canonum
1149 2476 1564 2532 collectionibus
1603 2476 1700 2528 ha-

127 2567 301 2634 bentur,
359 2586 567 2640 parum
633 2580 820 2627 certa:
884 2572 1027 2626 mihi
1078 2571 1328 2626 videntur
1386 2583 1450 2623 ac
1507 2567 1694 2621 ﬁrmae.

131 2657 224 2715 ﬁn
251 2678 417 2733 neque
445 2665 506 2717 in
539 2663 774 2719 Graecis
805 2664 1132 2727 codicibus,
1159 2677 1258 2718 nec
1282 2662 1338 2716 in
1367 2659 1557 2714 Latina
1577 2674 1700 2713 ver-

132 2753 241 2807 sione
273 2753 514 2826 Dionysii
542 2755 763 2826 Exigui
793 2757 1087 2826 leguntur.
1113 2753 1316 2809 Deinde
1342 2752 1608 2807 Eusebius
1641 2750 1699 2804 in

130 2844 228 2898 libro
246 2861 309 2899 ιιι
338 2845 613 2902 Historia:
647 2847 1054 2902 ecclesiastica:
1079 2858 1372 2900 recensens
1399 2842 1698 2912 praecipua-

130 2950 212 2989 ηις
227 2939 422 2995 sedium
469 2942 797 3011 episcopos
820 2981 838 3006 ,
903 2939 1015 2993 sub
1051 2937 1248 3008 quibus
1284 2944 1401 2990 orta
1440 2942 1494 2990 et
1536 2949 1690 3005 gras-

130 3039 211 3086 sata
239 3044 312 3089 est
329 3037 700 3104 persecutio,
735 3035 796 3090 in
848 3032 1066 3102 Agapio
1106 3029 1520 3086 Caesariensium
1567 3028 1684 3096 epi-

128 3141 248 3194 scopo
296 3128 535 3192 desinit,
604 3140 787 3196 quem
833 3125 918 3178 ait
963 3124 1019 3176 in
1058 3137 1121 3176 ea
1158 3119 1536 3191 persecutione
1590 3134 1689 3187 pro
1725 3149 1770 3206 ο

131 3214 329 3272 Ecclesiae
375 3235 499 3274 sua:
535 3214 878 3273 commodis
932 3212 1226 3283 plurimum
1275 3210 1568 3264 laborasse.
1603 3207 1702 3264 ilic

127 3309 293 3376 crgoad
322 3309 495 3363 ﬁnem
531 3322 730 3376 usque
766 3299 1182 3374 persecutionis
1215 3298 1573 3368 permanserit
1606 3313 1702 3351 ne-

127 3413 238 3452 cesse
262 3409 359 3455 est.
392 3401 572 3470 Atqui
611 3397 915 3454 Eusebius
950 3393 1133 3449 statim
1168 3397 1290 3461 post
1332 3390 1490 3444 linem
1518 3404 1700 3458 perse-

125 3495 306 3548 cutionis
345 3494 544 3549 factus
598 3503 696 3547 est
735 3490 1070 3560 episcopus.
1116 3484 1249 3539 Nam
1284 3499 1402 3539 cum
1439 3481 1698 3536 Paulinus

125 3583 358 3654 cpiscopus
376 3584 542 3656 Tyri,
569 3582 756 3654 paulo
779 3587 910 3651 post
937 3577 1205 3633 redditam
1231 3575 1487 3631 Ecclesia:
1510 3590 1696 3645 pacem

123 3677 349 3731 basilicam
379 3677 691 3732 dedicaret
710 3715 726 3738 ,
756 3674 831 3727 ad
863 3672 987 3741 ejus
1009 3669 1402 3724 dedicationem
1435 3683 1542 3722 una
1570 3682 1694 3721 cum

126 3768 297 3836 reiiquis
326 3769 623 3838 episcopis
647 3782 683 3818 a
708 3763 956 3818 Paulino
977 3767 1232 3816 evocatus
1261 3767 1376 3824 est,
1405 3767 1458 3813 ct
1481 3759 1699 3829 elegan-

121 3859 340 3914 tissiam
375 3875 579 3914 coram
637 3857 742 3911 illo
779 3853 977 3908 habuit
1005 3852 1326 3915 orationem,
1361 3851 1504 3907 sicut
1529 3852 1695 3906 disci-

123 3965 212 4004 mus
248 3968 307 4005 ex
357 3953 506 4006 libro
561 3967 597 4003 ι
664 3945 936 4000 Historia:
984 3943 1371 3998 ecclesiastica.
1417 3940 1473 3996 Id
1515 3952 1694 3996 autem

122 4044 305 4113 contigit
339 4056 653 4112 antequam
689 4038 950 4092 Licinius
980 4035 1242 4090 adversus
1278 4033 1694 4089 Constantinum

124 4136 368 4190 relellaret
393 4175 408 4195 .
449 4135 613 4206 quod
651 4133 873 4187 factum
907 4135 992 4183 est
1021 4142 1164 4181 anno
1192 4127 1397 4182 Natalis
1430 4127 1694 4180 Dominici

124 4224 221 4280 31'5.
243 4226 396 4281 Circa
433 4228 560 4282 haec
591 4235 861 4294 tempora
893 4221 1162 4276 Eusebius
1196 4222 1437 4291 insignes
1467 4219 1590 4272 illos
1619 4217 1695 4271 De

126 4317 536 4374 demonstratione
565 4327 628 4374 et
660 4317 746 4371 De
772 4315 1165 4384 praeparatione
1191 4312 1487 4384 evangelica
1525 4312 1694 4366 libros

128 4411 447 4471 tiecubravit.
471 4414 637 4480 Quos
674 4408 913 4480 quidem
941 4414 1065 4462 ante
1095 4407 1385 4462 concilium
1415 4405 1691 4459 Niczenum

1805 557 1873 613 de
1889 557 1980 613 Dei
2003 557 2142 612 Filio
2163 557 2412 630 dogmata
2438 560 2653 630 publice
2681 560 2736 613 in
2765 559 3006 618 Ecclesia
3033 564 3368 633 praedicaret,

1805 656 1859 702 et
1892 648 1960 702 ab
2003 648 2312 704 Alexandro
2363 652 2622 722 episcopo
2668 651 2982 723 frequenter
3026 655 3369 722 admonitus,

1803 737 2161 794 nihilominus
2191 740 2245 793 in
2296 741 2488 797 iisdem
2535 744 2931 799 assertionibus
2965 756 3370 815 perseveraret,

1805 827 2020 883 tandem
2047 844 2152 883 una
2184 847 2306 885 cum
2346 832 2551 886 erroris
2589 833 2674 887 sui
2707 834 2872 890 sociis
2906 836 3229 900 damnatus,
3261 839 3378 906 pul-

1807 936 2009 990 susque
2037 921 2276 978 Ecclesia
2308 924 2505 978 fuerat.
2527 924 2699 990 Quam
2720 926 3121 981 damnationem
3146 928 3373 982 moleste

1807 1013 2020 1085 ferens,
2049 1015 2254 1071 litteras
2289 1031 2410 1070 cum
2455 1021 2701 1088 exemplo
2743 1018 2867 1074 ﬁdei
2914 1034 3027 1074 suae
3073 1019 3141 1073 ad
3183 1035 3376 1076 omnes

1804 1103 2107 1159 vicinarum
2135 1105 2348 1161 urbium
2384 1108 2671 1178 episcopos
2710 1111 2858 1164 misit
2889 1128 2903 1165 :
2944 1112 3140 1180 quibus
3179 1128 3373 1182 queres

1806 1196 1966 1251 batur
2003 1197 2276 1253 immerito
2322 1212 2381 1252 se
2429 1199 2732 1268 depositum
2768 1201 2835 1255 ab
2874 1203 3216 1268 Alexandro,
3244 1219 3373 1259 cum

1804 1288 1991 1342 eadem
2022 1288 2135 1358 ipse
2162 1305 2281 1359 qua:
2310 1291 2500 1360 reliqui
2536 1291 2770 1348 Orientis
2800 1295 3070 1349 antistites
3117 1297 3374 1365 praedica-

1804 1386 1908 1432 ret.
1930 1377 2026 1433 liis
2051 1381 2260 1436 artibus
2280 1380 2488 1451 decepti
2521 1382 2703 1451 plures
2730 1384 2992 1454 episcopi,
3017 1393 3072 1440 et
3099 1387 3168 1439 ab
3198 1386 3368 1442 Euse-

1806 1473 1896 1527 bio
1924 1472 2320 1530 Nicomediensi
2349 1476 2580 1531 maxime
2601 1477 2830 1539 incitati,
2855 1478 2948 1548 qui
2982 1478 3094 1532 Arii
3121 1479 3373 1548 partibus

1805 1567 1982 1637 palam
2014 1566 2244 1632 favebat,
2274 1569 2484 1623 litteras
2512 1584 2610 1638 pro
2637 1569 2765 1622 Ario
2793 1570 3128 1640 scripserunt
3153 1571 3219 1624 ad
3246 1570 3369 1626 Ale-

1805 1661 2073 1716 xandrum
2102 1660 2477 1716 Alexandrina:
2506 1660 2659 1714 urbis
2688 1661 3008 1725 antistitem,
3052 1669 3272 1716 orantes
3309 1669 3369 1716 ut

1805 1749 1992 1804 Arium
2025 1751 2080 1806 in
2128 1751 2418 1821 pristinum
2467 1751 2644 1805 locum
2682 1751 3012 1807 restitueret.
3060 1752 3137 1806 Ex
3176 1768 3368 1808 eorum

1803 1857 2030 1896 numero
2085 1841 2190 1896 fuit
2241 1840 2512 1896 Eusebius
2561 1849 2781 1908 noster,
2832 1842 2992 1912 cujus
3046 1844 3238 1897 litterae
3298 1843 3366 1896 ad

1800 1931 2166 1986 Alexandrum
2199 1933 2414 2002 scriptae
2442 1940 2660 1987 exstant
2703 1933 2754 1987 in
2797 1933 2946 1988 Actis
2993 1935 3235 2004 septima:
3275 1949 3366 2004 sys

1800 2024 1929 2078 nodi
1973 2025 2361 2088 mcumenicae,
2400 2033 2454 2079 et
2503 2025 2644 2079 inter
2691 2034 2932 2080 veterum
2979 2027 3288 2082 testimonia
3337 2047 3368 2084 a

1799 2117 1958 2173 nobis
1994 2118 2180 2172 relatae
2213 2125 2361 2173 sunt.
2394 2117 2613 2173 Eusebii
2659 2118 3011 2175 Caesariensis
3055 2123 3362 2192 exemplum

1801 2223 1927 2262 mox
1959 2209 2132 2262 secuti
2161 2207 2477 2263 Theodotus
2501 2221 2565 2262 ac
2594 2205 2875 2269 Paulinus,
2897 2210 3034 2263 alter
3063 2209 3370 2277 Laodiceae,

1799 2300 1938 2354 alter
1991 2298 2282 2371 Tyriorum
2337 2299 2645 2368 episc0pus,
2695 2314 2793 2370 pro
2847 2301 3192 2355 restitutione
3249 2303 3364 2357 Arii

1799 2392 1938 2460 apud
1976 2392 2339 2446 Alexandrum
2373 2391 2755 2445 intercessere.
2791 2393 3035 2456 Quorum
3079 2393 3366 2464 epistolas,

1799 2488 1986 2549 utpote
2018 2480 2372 2550 dogmatibus
2397 2482 2514 2535 suis
2542 2483 2970 2550 patrocinantes,
3012 2498 3136 2537 cum
3169 2485 3370 2554 ubique

1796 2577 2098 2625 ostentaret
2133 2572 2316 2635 Arius,
2353 2578 2407 2624 et
2440 2578 2717 2624 tantorum
2751 2571 2993 2626 virorum
3038 2575 3364 2629 auctoritate

1796 2663 1998 2716 multos
2060 2662 2118 2714 in
2189 2661 2502 2715 societatem
2571 2660 2775 2714 erroris
2838 2662 2922 2716 sui
2985 2664 3366 2732 pertraheret,

1795 2750 2102 2806 Alexander
2139 2758 2194 2804 et
2224 2751 2338 2819 ipse
2369 2759 2593 2803 coactus
2619 2758 2705 2804 est
2736 2750 2802 2804 ad
2840 2751 3081 2820 reliquos
3123 2750 3366 2807 Orientis

1795 2846 2080 2914 episcopos
2136 2843 2344 2897 litteras
2407 2844 2642 2908 mittere,
2703 2844 2904 2914 quibus
2956 2844 3134 2914 palam
3192 2843 3366 2911 ﬁeret,

1793 2936 1983 2990 Arium
2014 2950 2122 2989 una
2164 2950 2286 2988 cum
2327 2936 2493 2990 sociis
2532 2935 2658 3003 jure
2698 2936 3014 2990 damnatum
3057 2952 3122 2990 ac
3151 2939 3366 3006 deposi-

1797 3035 1910 3082 tum
1946 3027 2133 3082 fuisse.
2159 3025 2390 3080 Exstant
2415 3027 2576 3081 hodie
2609 3028 2902 3082 Alexandri
2933 3028 3178 3099 epistolae
3200 3028 3320 3082 dum
3351 3048 3362 3081 :

1803 3123 1969 3176 altera
2018 3121 2084 3174 ad
2128 3120 2499 3175 Alexandrum
2538 3121 3204 3190 Constantinopolitamim
3253 3123 3365 3190 epi-

1803 3227 2051 3280 scopum,
2087 3211 2142 3264 in
2175 3225 2278 3280 qua
2325 3211 2576 3281 queritur
2607 3203 2909 3265 Alexander
2944 3212 3010 3265 de
3040 3211 3216 3266 tribus
3257 3213 3365 3281 epi-

1799 3304 1983 3373 sc0pis
2010 3301 2198 3374 Syr-ite,
2224 3301 2317 3373 qui
2349 3302 2479 3354 Ario
2505 3303 2930 3368 consentientes,
2957 3305 3364 3357 contentionem

1798 3411 1961 3466 quam
1994 3396 2187 3451 sedare
2214 3395 2406 3464 potius‘
2431 3395 2769 3455 debuissent,
2803 3395 2976 3463 magis
3009 3410 3170 3463 quam
3205 3402 3363 3447 antea

1798 3487 2284 3541 inﬂammaverant.
2320 3483 2386 3538 Hi
2442 3492 2569 3539 sunt
2602 3483 2890 3549 Eusebius,
2939 3483 3252 3538 Theodotus
3301 3500 3365 3536 ac

1797 3579 2080 3643 Paulinus,
2113 3577 2258 3634 sicut
2285 3592 2351 3632 ex
2375 3575 2488 3631 Arii
2510 3577 2744 3647 epistola
2771 3577 2836 3631 ad
2863 3575 3158 3632 Eusebium
3197 3576 3332 3630 Nico
3356 3610 3362 3616 -

1799 3673 2132 3728 mediensem
2165 3671 2370 3740 scripta
2406 3670 2532 3723 licet
2554 3670 2829 3738 colligere.
2862 3669 3102 3722 Alteram
3129 3669 3365 3722 Alexan-

1795 3763 1881 3817 dri
1903 3762 2190 3833 epistolam
2223 3759 2292 3814 ad
2325 3775 2514 3814 omnes
2542 3759 2743 3829 ubique
2775 3769 3043 3813 terrarum
3078 3760 3367 3829 episc0pos

1795 3854 1978 3908 datam
2005 3851 2174 3906 refert
2203 3848 2455 3904 Socrates
2489 3847 2545 3902 in
2579 3848 2718 3903 libro
2741 3865 2778 3901 ι.
2810 3847 2907 3903 llis
2943 3848 3238 3902 Alexandri
3277 3849 3366 3901 lit-

1795 3941 1928 3998 teris
1960 3956 2096 4010 pene
2129 3955 2318 3994 omnes
2341 3936 2580 3993 Orientis
2610 3938 3054 4006 subscripserunt
3087 3939 3364 4007 episc0pi:

1795 4033 1934 4086 inter
1959 4046 2098 4101 quos
2129 4029 2431 4100 principem
2462 4027 2638 4081 locum
2668 4028 2986 4082 obtinebant
3013 4027 3375 4096 Philogonius.

1793 4122 2114 4185 Antiochize,
2153 4121 2473 4175 Eustathius
2513 4119 2747 4174 Bcrraaae
2773 4127 2826 4172 et
2869 4117 3140 4172 Macarius
3171 4116 3354 4172 Hiero.

1794 4216 2128 4286 solymorum
2153 4213 2444 4268 antistites.
2473 4212 2728 4282 Episcopi
2754 4226 2882 4266 vero
2914 4211 2992 4265 illi
3023 4209 3116 4280 qui
3148 4209 3216 4263 ab
3245 4209 3364 4262 Arii

1794 4308 2045 4376 partibus
2079 4315 2227 4360 stare
2267 4305 2614 4366 videbantur,
2650 4318 2771 4357 cum
2825 4301 3115 4356 Alexandri
3165 4298 3364 4352 litteris

1797 4415 1856 4454 se
1893 4398 2217 4469 perstrictos
2251 4395 2518 4459 viderent,
2553 4397 2734 4449 acrius
2779 4394 2950 4447 multo
2983 4408 3047 4445 ac
3074 4392 3362 4443 vehemen-

128 4507 330 4575 Striptos
349 4507 520 4563 fuisse
541 4509 803 4564 constat,
828 4517 952 4556 cum
977 4501 1030 4554 in
1061 4499 1300 4554 Historia
1319 4499 1692 4560 ecclesiastica,
1726 4495 1769 4548 D
1801 4494 1909 4546 tius
1938 4492 1991 4544 in
2026 4488 2398 4544 defensionem
2440 4489 2556 4540 Arii
2589 4486 2886 4575 incubuere
2917 4502 2930 4537 :
2964 4484 3233 4575 praecipue
3264 4497 3364 4534 au-

129 4613 220 4664 sa:
258 4606 382 4654 ante
423 4599 562 4653 illud
609 4594 924 4651 concilium
959 4595 1025 4649 ab
1055 4593 1290 4649 Eusebio
1328 4593 1532 4661 scripta
1574 4597 1690 4654 est,

125 4690 410 4743 nominatim
440 4690 722 4750 citentur,
749 4685 1213 4756 quemadmodum
1249 4686 1303 4740 in
1330 4682 1695 4739 adnotationi-

129 4776 210 4831 bas
233 4783 588 4836 ostendimus.
625 4779 858 4833 Interea
900 4775 1177 4843 Licinius,
1213 4778 1304 4847 qui
1351 4776 1408 4830 in
1454 4774 1693 4830 Orientis

127 4871 348 4934 [artibus
408 4871 844 4945 Rempublicam
903 4865 1356 4932 administrabat,
1411 4865 1693 4936 repentino

132 4958 294 5015 latore
321 4964 576 5018 incitatus
608 4961 980 5018 Christianos
1003 4960 1251 5031 persequi
1282 4959 1447 5028 cmpit
1467 4997 1480 5020 ,
1510 4955 1698 5027 praeci—

130 5065 219 5117 pue
251 5070 371 5108 vero
394 5057 697 5118 antistites,
725 5067 878 5123 quos
897 5053 1254 5107 Constantino
1287 5050 1460 5119 magis
1487 5049 1688 5114 favere,

134 5147 179 5189 ει
201 5155 294 5208 pro
310 5144 398 5197 illo
422 5153 547 5199 rota
589 5146 784 5199 facere
813 5143 1214 5211 suspicabatur.
1243 5141 1348 5197 Sed
1380 5141 1693 5199 Constanti-

134 5245 250 5296 Eas,
275 5249 515 5307 suscepta
548 5237 828 5294 adversus
855 5235 1122 5291 Licinium
1147 5235 1508 5306 expeditione,
1540 5232 1692 5288 brevi

138 5319 279 5374 iitum
297 5324 495 5382 duobus
519 5327 739 5398 praeliis
765 5334 912 5380 terra
938 5326 1181 5394 marique
1203 5326 1402 5378 victum
1435 5323 1501 5376 ad
1538 5321 1692 5376 dedi-

139 5411 320 5467 tionem
353 5419 634 5488 compulit.
674 5417 864 5486 Atque
903 5417 978 5469 ita
1003 5415 1330 5472 Christianis
1375 5415 1432 5468 in
1471 5412 1691 5468 Oriente

143 5502 429 5571 degentibus
475 5527 581 5581 pax
632 5525 739 5581 per
789 5508 1206 5564 Constantinum
1254 5509 1432 5565 denuo
1481 5508 1692 5563 reddita

147 5601 224 5644 est

214 5681 384 5744 Verum
400 5693 536 5750 inter
559 5694 720 5763 ipsos
737 5689 1083 5745 Christianos
1101 5690 1256 5762 longe
1268 5689 1485 5760 gravior
1499 5688 1687 5744 eodem

156 5779 356 5841 ἓωωτο
383 5786 655 5842 tumultus
681 5781 919 5839 esarsit.
956 5780 1189 5850 Namque
1235 5783 1428 5847 Arius,
1458 5781 1688 5837 Alexan-

1797 4590 1904 4638 tem
1950 4578 2383 4634 Nicomediensis
2430 4577 2718 4631 Eusebius.
2761 4574 2954 4628 Noster
2987 4571 3132 4626 enim
3180 4569 3364 4623 Caesa-

1795 4674 1996 4730 riensis
2036 4671 2324 4735 Eusebius,
2359 4685 2466 4723 una
2509 4684 2632 4723 cum
2667 4665 2980 4734 Palrophilo
3013 4678 3075 4716 ac
3110 4660 3361 4721 Paulino,

1794 4766 2026 4835 aliisque
2080 4764 2254 4835 Syria:
2300 4761 2575 4832 episcopis
2632 4759 2685 4813 id
2729 4766 2937 4813 tantum
2987 4755 3247 4816 decrevit,
3303 4760 3364 4803 ut

1793 4858 1924 4911 Ario
1961 4857 2276 4927 presbytero
2333 4861 2634 4909 conventus
2683 4853 2736 4905 in
2778 4849 3011 4904 ecclesia
3062 4862 3159 4902 sua
3202 4861 3368 4916 agere

1795 4951 2019 5015 liceret;
2053 4949 2334 5018 subjectus
2366 4955 2546 5000 tamen
2577 4946 2716 4998 idem
2741 4953 2885 4998 esset
2911 4939 3216 4994 Alexandro
3246 4939 3365 5006 epi-

1793 5055 1982 5110 scopo,
2015 5040 2084 5093 ab
2112 5053 2286 5108 eoque
2315 5036 2580 5106 ﬂagitaret
2621 5041 2678 5087 ut
2717 5031 2784 5085 ad
2822 5045 3008 5101 pacem
3036 5034 3090 5082 et
3111 5041 3361 5081 commu-

1795 5133 2011 5186 nionem
2053 5130 2451 5184 admitteretur.
2491 5125 2573 5179 Ad
2603 5125 2748 5178 hunc
2791 5119 3010 5175 modum
3041 5117 3357 5172 dissidenti-

1795 5227 1898 5280 bus
1931 5225 2074 5278 inter
2109 5238 2168 5277 se
2199 5220 2495 5290 episcopis,
2529 5229 2582 5273 et
2613 5218 2696 5271 his
2739 5211 3057 5272 Alexandri,
3106 5208 3214 5263 illis
3242 5207 3362 5259 Arii

1793 5324 1978 5390 partes
2009 5314 2340 5376 foventibus,
2380 5309 2659 5367 contentio
2691 5321 2856 5377 supra
2883 5303 3102 5357 modum
3132 5313 3360 5367 exaspe-

1793 5419 1910 5463 rata
1939 5415 2044 5463 est.
2092 5406 2190 5460 Cui
2227 5407 2372 5460 man
2397 5412 2457 5457 ut
2486 5403 2792 5457 mederetur
2823 5393 3236 5452 Constantinus.
3273 5405 3361 5458 ge—

1792 5499 2032 5554 neralem
2064 5498 2447 5566 episcoporum
2495 5491 2784 5564 synodum,
2813 5489 3029 5559 qualem
3062 5483 3209 5538 nulla
3258 5497 3359 5534 nn.

1790 5606 1952 5661 quam
1983 5596 2118 5643 aztas
2150 5590 2379 5650 viderat,
2413 5602 2478 5641 ex
2518 5584 2776 5639 universo
2800 5582 2930 5636 orbe
2949 5578 3198 5632 Romano
3227 5587 3364 5626 con-

1789 5683 2033 5755 gregavit
2059 5683 2112 5736 in
2142 5683 2276 5736 urbe
2307 5680 2569 5750 Bithynia:
2608 5675 2809 5730 Nicena.
2841 5673 3016 5742 Hujus
3043 5666 3260 5724 maximi
3293 5679 3359 5717 ac

1791 5774 2130 5832 celeberrimi
2165 5773 2382 5828 concilii
2439 5786 2545 5827 non
2593 5769 2814 5825 minima
2861 5778 2989 5834 pars
3036 5759 3135 5814 fuit
3181 5755 3352 5814 Eusc-
