3812 6318
466 364 536 419 59

471 477 597 533 hius
643 479 850 527 noster.
890 469 1024 524 Nam
1054 475 1108 524 et
1147 467 1202 522 in
1253 464 1445 518 dextro
1477 469 1646 511 cornu
1691 448 1772 519 pri

482 579 609 621 cum
658 561 926 624 obtinuit,
980 567 1035 614 et
1074 559 1202 627 imp.
1258 547 1708 608 Constantinum,
1759 536 1854 609 qui
1893 536 2037 588 inter

472 657 614 712 duos
659 651 1060 708 considentium
1093 643 1323 702 ordines
1370 641 1581 698 medius
1617 636 1672 690 in
1715 643 1876 686 aurea
1903 627 2034 683 sella

471 745 768 808 residebat,
804 744 974 801 totius
1005 741 1196 813 synodi
1229 736 1450 792 nomine
1487 725 1851 799 compellavit,
1894 723 2038 777 sicut

472 839 591 909 ipse
624 845 858 892 testatur
892 836 946 889 in
981 833 1204 890 exordio
1233 828 1355 884 libri
1383 843 1401 881 ι
1432 825 1504 879 De
1536 823 1657 877 Vita
1679 815 2034 876 Constantini,

473 908 531 984 et
563 930 616 983 in
646 930 740 983 lib.
782 945 841 982 ιιι
872 927 1116 996 ejusdem
1144 922 1346 993 operis.
1379 917 1521 971 Idem
1556 916 1720 970 etiam
1751 908 2039 965 conﬁrmat

476 1019 816 1076 Sozomenus
846 1020 899 1074 in
925 1020 1063 1072 libro
1091 1032 1104 1069 ι
1133 1012 1388 1068 Historia:
1411 1006 1798 1063 ccclesiasticw.
1835 999 2040 1055 Deinde

476 1126 603 1167 cum
637 1113 778 1166 inter
808 1112 1095 1181 episcopos
1128 1106 1362 1160 maxima
1391 1110 1538 1160 esset
1570 1094 1941 1154 controversia
1973 1094 2040 1146 de

480 1206 711 1261 formula
737 1205 880 1267 ﬁdei,
916 1202 1184 1258 Eusebius
1218 1207 1404 1255 noster
1437 1194 1724 1252 formulam
1756 1188 2041 1262 prOposuit

479 1297 770 1354 admodum
814 1303 1016 1351 rectam
1063 1301 1118 1349 et
1163 1292 1486 1363 simplicem,
1535 1296 1588 1342 et
1640 1301 1761 1357 quae
1797 1283 2039 1337 omnium

478 1389 882 1458 episcoporum,
919 1387 1198 1456 ipsiusque
1232 1385 1367 1439 adeo
1398 1380 1741 1451 imperatoris
1769 1387 2040 1431 consensu

479 1480 696 1534 laudata
746 1487 851 1534 est.
903 1477 1008 1533 Sed
1061 1493 1186 1532 eum
1232 1478 1281 1530 ei
1330 1473 1574 1530 formula:
1617 1468 1822 1546 aliquid
1853 1466 2044 1521 deesse

477 1571 760 1625 videretur
789 1570 854 1623 ad
884 1568 1277 1624 confutandam
1317 1564 1443 1619 novi
1488 1560 1760 1632 dogmatis
1793 1558 2045 1627 impieta-

480 1671 609 1723 tem,
640 1659 830 1716 Patres
854 1659 1048 1731 synodi
1077 1657 1307 1713 Nicaeus:
1337 1657 1434 1710 has
1461 1663 1723 1726 pneterea
1751 1663 1915 1705 voces
1948 1647 2045 1700 ad-

481 1751 688 1805 dendas
719 1765 841 1805 esse
874 1756 1207 1804 censuerunt
1236 1765 1250 1802 :
1278 1749 1442 1801 Deum
1466 1760 1642 1798 verum
1662 1740 1726 1794 dc
1754 1740 1860 1794 Deo
1889 1754 2006 1792 rero
2025 1753 2043 1790 :

479 1843 712 1911 genitum
743 1859 845 1896 non
879 1842 1102 1910 factum,
1131 1837 1632 1894 consubstantialem
1664 1834 1837 1890 Patri.
1881 1831 2045 1900 Adje-

482 1942 674 1988 cerunt
704 1935 867 1989 etiam
899 1933 1382 1988 anathematismos
1424 1929 1686 1983 adversus
1713 1941 1808 1982 eos
1837 1923 1928 1994 qui
1962 1922 2046 1976 di-

482 2035 669 2080 cerent
700 2023 897 2079 Filium
929 2023 1025 2079 Dei
1057 2024 1123 2079 de
1147 2039 1257 2078 non
1288 2020 1632 2077 exstantibus
1674 2017 1876 2071 factum
1902 2029 2045 2077 esse,

483 2124 538 2170 et
572 2114 742 2171 fuisse
771 2124 986 2186 tempus
1013 2131 1136 2171 cum
1183 2130 1291 2170 non
1331 2120 1498 2168 esset.
1532 2111 1600 2165 Et
1641 2110 1798 2164 initio
1827 2107 2047 2177 quidem

482 2205 752 2262 Eusebius
790 2213 976 2263 noster
1020 2205 1487 2262 consubstantialis
1527 2218 1718 2258 vocem
1763 2199 2051 2254 admittere

482 2299 790 2355 recusabat.
827 2299 933 2355 Sed
972 2310 1160 2370 postea
1191 2298 1418 2354 edoctus
1453 2311 1482 2350 a
1525 2293 1752 2364 reliquis
1781 2292 2050 2363 episc0pis

483 2407 732 2458 quamam
759 2397 904 2447 esset
935 2389 1100 2458 hujus
1124 2387 1274 2442 verbi
1305 2387 1389 2442 vis
1421 2394 1584 2455 atque
1614 2383 1902 2445 sententia,
1925 2380 2052 2433 huic

487 2482 608 2538 fidei
639 2483 856 2538 tandem
886 2483 1166 2536 consensit
1214 2495 1277 2533 ac
1318 2477 1669 2547 subscripsit,
1699 2471 2054 2545 quemadmo-

483 2575 614 2629 dum
660 2577 775 2645 ipse
805 2574 970 2629 tradit
1011 2574 1065 2626 in
1103 2571 1334 2641 epistola
1369 2569 1438 2623 ad
1481 2568 1871 2624 Ctesarienses.
1908 2565 2055 2619 Non-

486 2667 619 2720 nulli
666 2673 922 2721 asserunt
972 2663 1266 2719 Eusebium
1315 2661 1645 2716 necessitate
1689 2658 1963 2720 adactum,
2001 2669 2054 2712 et

484 2756 833 2828 imperatoris
861 2764 1006 2810 metu
1036 2754 1217 2824 potius
1241 2767 1404 2822 quam
1428 2767 1491 2806 ex
1518 2750 1686 2804 animi
1715 2748 1801 2802 sui
1835 2756 2054 2802 sentcn—

483 2850 582 2912 tia,
630 2847 860 2904 Nicaeum
905 2847 1028 2902 ﬁdei
1063 2845 1483 2914 subscripsisse.
1514 2842 1626 2912 Ego
1667 2855 1797 2895 vero
1825 2839 1892 2894 de
1933 2839 2056 2894 aliis

485 2940 706 3010 quidem
765 2942 858 3010 qui
904 2936 1270 2992 interfuerunt
1314 2934 1444 2988 huic
1500 2932 1729 3004 synodo,
1791 2931 1846 2984 id
1899 2929 2057 2984 facile

487 3030 838 3084 crediderim.
880 3029 953 3084 De
983 3027 1307 3082 Caesariensi
1337 3035 1516 3080 autem
1555 3024 1788 3079 Eusebio
1820 3024 1894 3076 ita
1933 3037 2059 3077 sen-

489 3123 592 3176 tire
623 3137 732 3176 non
761 3136 1005 3192 possum.
1037 3119 1170 3173 Nam
1212 3118 1485 3174 Eusebius
1510 3123 1631 3185 post
1657 3115 1926 3186 synodum
1963 3114 2056 3169 Ni-
2082 3155 2125 3212 Ο

488 3228 714 3277 orenam,
751 3229 963 3283 semper
996 3212 1274 3266 damnavit
1314 3225 1408 3266 eos
1437 3209 1529 3280 qui
1580 3207 1826 3262 dicerent
1857 3205 2051 3262 Filium

489 3304 584 3360 Dei
618 3321 685 3360 ex
730 3305 904 3359 nihilo
955 3304 1155 3358 factum
1188 3317 1332 3363 esse,
1373 3311 1430 3355 ut
1463 3307 1611 3371 patet
1648 3315 1714 3354 ex
1751 3299 1906 3354 libris
1937 3299 2055 3366 eius

487 3407 672 3450 contra
721 3395 1054 3458 Marcellum,
1099 3403 1152 3449 et
1195 3393 1517 3447 nominatim
1556 3407 1622 3446 ex
1675 3405 1798 3460 cap.
1830 3391 1863 3445 9
1909 3398 1962 3444 et
1993 3389 2056 3442 lO

487 3490 612 3544 libri
645 3505 661 3543 ι
692 3489 768 3542 De
793 3487 1151 3542 ecclesiastica
1193 3484 1471 3554 theologia.
1505 3482 1652 3538 Idem
1676 3483 1838 3536 etiam
1872 3482 1940 3536 de
1966 3483 2057 3535 illo

487 3565 722 3636 testatur
765 3580 1120 3633 Athanasius.
1168 3576 1268 3642 Qui
1308 3591 1430 3630 cum
1477 3575 1779 3644 saepissime
1811 3575 2058 3628 retulerit

489 3672 784 3728 Eusebium
836 3671 1230 3726 Caesariensem
1276 3668 1510 3723 Nicaeum
1555 3667 1765 3738 synodo
1817 3668 2058 3722 subscri-

488 3765 688 3834 psisse,
731 3777 1010 3831 nunquam
1057 3768 1238 3815 tamen
1283 3759 1336 3814 id
1367 3759 1434 3814 ab
1473 3760 1567 3813 illo
1613 3758 1867 3814 simulate
1911 3766 1965 3812 et
2001 3758 2058 3812 in

491 3854 730 3924 speciem
761 3851 1026 3905 duntaxat
1051 3850 1251 3904 factum
1277 3865 1401 3906 esse
1435 3850 1633 3920 prodit.
1668 3849 1829 3904 Certe
1867 3850 1910 3904 si
1944 3846 2055 3903 Eu-

492 3944 678 3997 sebius
725 3956 832 3994 non
863 3956 929 3995 ex
967 3941 1169 4001 animo,
1208 3940 1302 3994 sed
1335 3955 1429 4009 per
1458 3939 1702 3995 fraudem
1744 3956 1808 3995 ac
1842 3941 2060 3994 simula-

491 4037 700 4087 tionem
738 4030 958 4087 Nicaeno
991 4032 1229 4084 concilio
1271 4031 1622 4101 subscripsit,
1650 4047 1749 4086 cur
1782 4032 1849 4086 ad
1875 4031 2058 4088 Caesa-

489 4130 702 4185 rienses
761 4127 908 4180 illam
945 4141 1108 4194 quam
1161 4125 1272 4178 dixi
1323 4133 1510 4195 postea
1557 4125 1702 4179 misit
1745 4125 2057 4194 epistolam,

491 4234 598 4290 qua
641 4220 874 4287 ingenue
912 4215 1193 4287 professus
1234 4226 1318 4273 est
1362 4233 1421 4271 se
1470 4217 1629 4271 ﬁdem
1666 4217 1812 4270 illam
1844 4233 1964 4286 quae
2005 4218 2057 4270 in

493 4311 727 4365 concilio
773 4310 992 4364 Nicaeno
1039 4309 1183 4364 edita
1252 4309 1448 4372 fuerat,
1508 4309 1815 4378 amplexum
1868 4309 2067 4363 fuisse?

490 4403 622 4460 Post
664 4403 930 4474 synodum
981 4400 1277 4466 Nicaenam,
1308 4399 1494 4454 Ariani
1532 4409 1678 4454 metu
1713 4400 2057 4470 imperatoris

491 4496 888 4567 aliquantulum
921 4494 1193 4562 quievere.
1230 4493 1350 4547 Mox
1381 4503 1659 4562 resumpta
1683 4491 1899 4556 ﬁducia,
1929 4507 2051 4546 cum
2087 4499 2129 4553 ι)

493 4588 547 4641 in
579 4587 873 4640 amicitiam
911 4587 1169 4654 principis
1213 4584 1408 4640 callide
1450 4586 1826 4654 irrepsissent,
1874 4586 2059 4642 catho-

494 4679 627 4730 licos
672 4675 946 4729 antistites
979 4675 1232 4727 omnibus
1266 4674 1443 4728 modis
1477 4681 1639 4742 atque
1684 4672 1890 4726 artibus
1936 4688 2060 4741 per-

495 4765 650 4835 sequi
679 4763 1052 4818 instituerunt.
1085 4761 1298 4816 Primus
1332 4763 1546 4816 illorum
1583 4763 1818 4830 impetus
1853 4763 1907 4815 in
1952 4762 2059 4814 Eu-

494 4858 754 4915 stathium
805 4855 1071 4916 incubuit,
1123 4854 1476 4908 Antiochense
1525 4855 1676 4908 urbis
1713 4855 2055 4924 episcopum,

495 4952 586 5021 qui
613 4959 665 5005 et
693 4947 1058 5004 confessionis
1094 4947 1264 5016 gloria
1296 4947 1547 5010 illustris,
1575 4952 1629 5001 et
1656 4947 1798 5002 inter
1827 4947 2060 5000 Nieaenze

495 5041 616 5096 ﬁdei
665 5049 968 5096 assertores
1009 5039 1316 5109 praecipuus
1358 5039 1675 5094 habebatur.
1703 5037 1859 5092 llunc
1891 5041 2058 5108 igitur

497 5131 638 5202 apud
674 5132 1056 5201 imperatorem
1100 5137 1360 5184 accusant
1390 5131 1530 5199 quod
1563 5128 1782 5184 Sabellii
1809 5130 2059 5199 impieta-

497 5236 600 5275 tem
632 5227 924 5287 astrueret,
961 5220 1215 5290 quodque
1247 5229 1473 5274 matrem
1509 5221 1769 5290 principis
1797 5219 2056 5274 Helenam

497 5312 792 5383 Augustam
821 5312 1148 5367 contumelia
1179 5311 1468 5367 atiecisset.
1496 5311 1580 5365 Fit
1602 5313 1792 5382 ingens
1820 5327 2059 5366 conven-

498 5414 587 5459 tus
618 5406 998 5475 episcoporum
1037 5405 1091 5458 in
1131 5404 1266 5459 urbe
1313 5402 1623 5469 Antiochia,
1672 5404 1759 5457 cui
1804 5403 2058 5472 praesedit

498 5498 761 5555 Eusebius
795 5497 1246 5561 Nicomediensis,
1281 5497 1449 5552 totius
1481 5497 1731 5553 factionis
1762 5507 1955 5552 auctor
1993 5511 2055 5549 ac

501 5590 739 5660 signifer.
778 5590 1029 5646 Interfuit
1072 5590 1237 5646 etiam
1279 5590 1407 5644 huic
1451 5590 1660 5661 synodo
1701 5590 2057 5645 Caesariensis

500 5681 779 5738 Eusebius.
828 5682 993 5753 Igitur
1025 5682 1341 5740 Eustathius
1387 5698 1417 5736 a
1469 5682 1612 5753 Cyro
1658 5681 2054 5738 Berroeensium

503 5773 745 5844 episcopo
796 5786 1082 5831 accusatus
1125 5775 1266 5836 quod
1320 5772 1537 5842 impiam
1587 5770 1805 5825 Sabellii
1859 5771 2056 5824 Ληουὶν

1424 331 1759 396 EUSEBIUS
1795 311 2271 382 CESARIENSIS
2309 305 2704 366 EPISCOPUS.
3627 288 3697 344 30

1779 459 1924 499 mum
1957 441 2036 493 lo-
2065 441 2106 498 Α
2136 445 2262 486 nam
2291 434 2569 492 tueretur;
2604 423 2928 479 concinnato
2953 423 3211 486 praeterea
3240 411 3507 468 adversus
3541 408 3701 462 illum

2137 523 2314 594 stupri
2361 519 2609 581 crimine,
2661 515 2728 570 de
2757 513 2884 570 sede
2925 525 3023 567 sua
3060 506 3371 578 depellitur.
3403 500 3582 569 Quam
3633 498 3702 552 ob

2137 591 2360 671 causam
2389 610 2744 683 gravissimus
2785 601 3084 660 Antiochiae
3111 599 3378 654 tumultus
3420 601 3508 650 est
3548 591 3696 646 exci-

2137 715 2314 772 tatus;
2347 682 2546 774 populo
2580 699 2725 754 duas.
2748 697 2802 751 in
2842 701 3026 766 partes
3057 692 3252 751 diviso,
3284 703 3408 742 cum
3452 684 3547 738 alii
3580 682 3690 738 Cae»

2137 797 2438 854 sariensem
2470 792 2764 849 Eusebium
2795 789 2849 844 in
2887 784 3153 842 Eustatbii
3195 783 3372 836 locum
3408 777 3705 842 substitui,

2139 893 2230 947 alii
2271 888 2613 945 Eustatliium
2663 884 2767 940 sibi
2798 881 3116 952 episcopum
3160 875 3314 931 reddi
3366 867 3708 942 ﬂagitarent.

2139 982 2484 1050 Ventumque
2522 984 2668 1034 esset
2701 973 2769 1028 ad
2810 987 3026 1034 manus,
3059 968 3165 1023 nisi
3204 963 3557 1036 imperatoris
3590 976 3710 1014 me-

2139 1081 2232 1130 tus
2268 1080 2323 1129 et
2348 1049 2594 1142 judicum
2645 1063 2946 1120 auctoritas
2975 1073 3072 1113 eos
3105 1055 3460 1110 cohibuisset.
3499 1049 3711 1104 Pacata

2138 1140 2362 1222 tandem
2395 1161 2688 1224 seditione,
2720 1157 2987 1229 pulsoque
3017 1152 3071 1206 in
3099 1147 3351 1205 exsilium
3378 1140 3705 1199 Eustatbio,

2140 1257 2408 1313 Eusebius
2447 1260 2633 1308 noster
2675 1248 2890 1304 tametsi
2921 1253 2975 1300 et
3009 1259 3037 1297 a
3067 1241 3266 1312 p0pulo
3302 1250 3355 1293 et
3383 1237 3451 1290 ab
3478 1233 3710 1304 episco-

2141 1351 2228 1423 pis
2255 1350 2346 1420 qui
2381 1349 2627 1410 aderant,
2655 1349 2880 1414 rogatus
2920 1348 2982 1392 ut
3025 1332 3410 1391 Antiochensis
3439 1325 3712 1383 Ecclesiae

2141 1419 2666 1497 administrationem
2711 1434 3034 1503 susciperet,
3081 1428 3133 1484 id
3181 1425 3360 1481 facere
3403 1419 3715 1478 recusavit.

2141 1531 2386 1600 Cumque
2415 1528 2657 1599 episcopi
2693 1523 2912 1594 scriptis
2933 1522 2999 1576 ad
3031 1516 3451 1576 Constantinum
3483 1510 3714 1570 litteris.

2141 1631 2197 1679 et
2228 1637 2390 1678 suum
2421 1628 2475 1676 et
2508 1617 2693 1691 populi
2726 1617 2893 1671 totius
2920 1612 3235 1682 sull'ragium
3275 1608 3324 1664 ei
3357 1605 3711 1663 retulissent,

2148 1715 2419 1771 Eusebius
2453 1727 2582 1770 suas
2621 1725 2837 1782 quoque
2873 1708 3083 1762 litteras
3109 1703 3257 1759 dedit
3297 1700 3364 1756 ad
3394 1698 3722 1756 Constantio

2076 1802 2118 1856 Β
2144 1822 2300 1863 num.
2327 1805 2539 1871 Quibus
2567 1802 2883 1857 rescribens
2923 1798 3056 1867 imp.
3086 1794 3499 1855 Constantinus,
3533 1789 3718 1844 Ense-

2145 1899 2220 1954 bii
2246 1897 2534 1954 consilium
2572 1906 2902 1965 magnopere
2929 1887 3186 1944 laudavit.
3226 1885 3443 1954 Dejecto
3473 1884 3532 1937 in
3563 1881 3724 1936 hunc

2146 1987 2366 2042 modum
2410 1982 2716 2045 Eustatbio,
2765 1979 2910 2049 quod
2956 1991 3100 2030 anno
3126 1975 3330 2032 Christi
3360 1974 3466 2028 ’550
3492 1978 3726 2045 gestum

2146 2097 2269 2138 esse
2302 2083 2357 2134 in
2396 2075 2852 2132 Adnotationibus
2879 2069 3182 2133 observavi,
3226 2067 3412 2122 Ariani
3446 2067 3502 2121 in
3540 2065 3723 2119 Atha-

2147 2171 2363 2227 nasium
2406 2167 2609 2223 furoris
2657 2167 2741 2220 sui
2786 2166 3048 2234 impetum
3105 2167 3344 2216 vertunt.
3402 2158 3481 2212 Ac
3530 2156 3732 2226 primo

2151 2264 2368 2335 quidem
2419 2260 2815 2316 ordinationem
2859 2255 2980 2326 ejus
3027 2258 3285 2308 accusant
3318 2249 3460 2322 apud
3504 2248 3728 2319 princi-

2150 2369 2270 2425 pem
2300 2371 2313 2407 :
2347 2351 2543 2408 deinde
2575 2349 2718 2420 quod
2760 2348 2914 2402 lineae
2941 2344 3107 2400 vestis
3145 2356 3406 2398 canonem
3439 2353 3470 2392 a
3491 2337 3732 2410 provin-

2151 2452 2384 2506 cialibus
2433 2451 2670 2520 exigeret
2708 2465 2722 2502 :
2762 2444 2910 2516 quod
2960 2457 3176 2498 sacrum
3229 2439 3454 2494 calicem
3500 2433 3728 2490 confre-

2149 2544 2318 2616 gisset
2342 2563 2356 2598 :
2387 2550 2661 2614 postremo
2688 2539 2830 2609 quod
2856 2535 3143 2592 Arsenium
3181 2531 3468 2602 quemdam
3491 2528 3728 2598 episco-

2152 2651 2278 2706 pum
2297 2633 2681 2688 interemisset.
2701 2629 2884 2699 ltaque
2901 2625 3290 2683 Constantinus
3307 2617 3732 2677 molestissimis

2151 2740 2340 2781 eorum
2386 2721 2752 2785 delationibus
2792 2719 3070 2790 fatigatus,
3105 2715 3394 2771 concilium
3424 2710 3625 2766 indixit
3671 2709 3736 2761 in

2153 2817 2287 2871 urbe
2307 2814 2472 2887 Tyro,
2495 2829 2670 2884 eoque
2692 2813 3045 2866 Athanasium
3066 2809 3380 2879 episcopum
3400 2803 3465 2857 ad
3490 2815 3730 2857 causam

2153 2908 2438 2962 dicendam
2462 2906 2646 2960 venire
2671 2904 2858 2974 jussit.
2885 2901 2943 2956 In
2967 2915 3031 2956 ea
3056 2895 3442 2972 synodojudex
3467 2893 3612 2949 sedit
3640 2891 3725 2946 iu-

2155 3011 2239 3057 ter
2266 3008 2491 3055 eteteros
2519 2997 2786 3054 Eusebius
2808 2994 3186 3056 Caesariensis,
3211 3004 3369 3060 quem
3401 2983 3730 3042 Constanti-

2156 3110 2262 3148 nus
2287 3095 2336 3148 ei
2375 3092 2610 3148 concilio
2636 3091 2900 3144 interesse
2920 3086 3188 3140 voluerat.
3214 3080 3369 3136 Hunc
3394 3079 3447 3132 in
3476 3077 3732 3132 concilio

2158 3185 2434 3241 sedentem
2487 3181 2836 3252 conspicatus
2893 3177 3120 3231 Potamo
3177 3169 3734 3239 Heracleopolitanus

2155 3277 2470 3346 episcopus,
2505 3274 2599 3344 qui
2642 3287 2763 3327 cum
2794 3268 3098 3324 Athanasio
3143 3265 3397 3335 episcopo
3425 3267 3480 3314 et
3507 3260 3736 3330 aliquot

2157 3367 2374 3438 Egypti
2431 3363 2808 3421 sacerdotibus
2857 3361 2987 3415 illuc
3023 3358 3339 3419 advenerat,
3398 3354 3486 3406 bis
3531 3353 3734 3407 verbis

2157 3458 2512 3528 compellasse
2541 3455 2744 3509 dicitur
2770 3473 2782 3507 :
2811 3452 2968 3515 Tene,
3003 3449 3222 3512 Eusebi,
3255 3445 3450 3508 sedere,
3481 3452 3533 3496 et
3569 3445 3724 3497 inno-

2156 3558 2354 3604 centem
2390 3547 2749 3601 Athanasium
2801 3553 2945 3599 stare
2994 3559 3026 3594 a
3063 3551 3111 3593 te
3147 3534 3543 3608 judicandum?
3592 3533 3743 3599 Quis

2158 3644 2268 3697 lucc
2303 3644 2415 3713 pati
2446 3643 2653 3713 possit?
2685 3639 2874 3695 Nonne
2917 3633 3291 3709 persecutionis
3341 3641 3571 3699 tempore
3622 3647 3746 3682 meo

2155 3754 2274 3792 cum
2308 3739 2362 3790 in
2404 3734 2641 3790 custodia
2681 3734 2877 3804 fuisti?
2921 3734 3086 3802 Atque
3121 3745 3214 3800 ego
3259 3724 3467 3798 quidem
3511 3722 3749 3776 oculum

2155 3847 2248 3899 pro
2272 3831 2485 3884 veritate
2508 3826 2747 3897 perdidi;
2784 3838 2840 3879 tu
2875 3824 3022 3879 nulla
3055 3820 3291 3890 corporis
3319 3825 3467 3887 parte
3504 3815 3752 3869 mutila-

2159 3932 2242 3975 tus
2270 3938 2344 3985 es,
2377 3936 2538 3990 neque
2569 3917 2886 3986 martyrium
2933 3912 3162 3976 subiisti,
3197 3909 3286 3965 sed
3312 3910 3455 3963 vicus
3491 3907 3750 3977 integer-

2156 4032 2252 4087 quc
2301 4014 2566 4068 consistis.
2609 4011 2855 4078 Quanam
2903 4009 3109 4062 ratione
3147 4022 3176 4059 e
3217 4017 3422 4056 carcere
3465 4000 3700 4054 evasisti
3726 4035 3748 4057 .

2156 4108 2259 4164 nisi
2308 4103 2446 4175 quod
2473 4101 2888 4172 persecutoribus
2920 4099 3113 4154 nostris
3143 4093 3470 4165 spopondisti
3515 4101 3565 4145 te
3617 4107 3752 4144 rem

2157 4198 2416 4267 nefariam
2449 4196 2830 4261 admissurum,
2877 4210 2938 4248 ac
2983 4192 3211 4261 fortasse
3238 4188 3398 4241 etiam
3432 4183 3765 4238 admisisti?

2157 4287 2283 4342 Haec
2311 4287 2649 4358 Epiphanius
2671 4287 2745 4340 ita
2769 4290 2956 4338 narrat
2982 4283 3036 4336 in
3059 4280 3251 4335 haeresi
3279 4276 3751 4331 Meletianorum.

2156 4376 2236 4430 Ex
2267 4378 2468 4447 quibus
2498 4378 2674 4432 obiter
2721 4381 2964 4444 apparet,
3016 4371 3130 4426 falli
3163 4385 3258 4425 eos
3301 4367 3394 4437 qui
3426 4362 3754 4417 Eusebium

2158 4474 2412 4522 nostrum
2469 4466 2629 4521 idolis
2682 4464 2978 4534 aliquando
3033 4461 3377 4516 sacriﬁcasse
3432 4456 3756 4519 scribunt,

2160 4558 2322 4629 idque
2354 4558 2432 4612 illi
2473 4558 2530 4612 in
2569 4558 2779 4629 synodo
2823 4554 2986 4627 Tyria
3018 4553 3193 4623 palam
3224 4550 3498 4619 objectum
3535 4547 3756 4602 fuisse.

2159 4650 2345 4722 Neque
2373 4651 2518 4706 enim
2568 4649 2858 4704 Eusebium
2914 4645 3252 4702 insimulavit
3293 4643 3550 4704 Potamo,
3583 4645 3761 4712 quod

2161 4744 2325 4798 idolis
2361 4741 2780 4804 immolavisset,
2831 4738 2927 4795 sed
2979 4746 3192 4791 tantum
3236 4732 3384 4805 quod
3439 4733 3633 4788 salvus
3690 4746 3759 4788 et

2161 4835 2370 4905 integer
2400 4849 2465 4888 ex
2495 4847 2716 4887 carcere
2744 4832 3026 4896 dimissus,
3068 4828 3122 4882 id
3157 4827 3225 4881 de
3253 4829 3373 4897 ipso
3406 4824 3758 4894 suspicandi

2159 4941 2350 4982 ansam
2382 4925 2722 4996 praebuisset.
2742 4922 2884 4978 Fieri
2917 4931 3098 4975 tamen
3131 4925 3334 4990 potest,
3369 4924 3428 4969 ut
3458 4913 3766 4970 Eusebius

2159 5022 2266 5075 alio
2289 5019 2546 5090 qu0piam
2578 5017 2741 5072 modo
2767 5016 3028 5071 dimissus
3057 5014 3221 5067 fuerit
3243 5028 3272 5066 e
3293 5025 3541 5076 carcere,
3566 5025 3763 5080 quam

2161 5113 2254 5166 illo
2304 5127 2465 5181 quem
2502 5110 2686 5164 retulit
2717 5108 2964 5162 Potamo.
2997 5106 3266 5160 Caeterum
3314 5118 3381 5156 ex
3433 5101 3768 5173 Epiphanii

2163 5206 2343 5260 verbis
2377 5204 2559 5274 colligi
2590 5202 2826 5264 videtur,
2855 5200 3146 5254 Eusebium
3177 5195 3581 5250 Caesariensem
3609 5193 3768 5248 huic

2161 5297 2372 5368 synodo
2397 5295 2737 5366 praesedisse.
2789 5292 2954 5345 Addit
2991 5289 3136 5344 enim
3167 5285 3462 5340 Eusebium
3511 5284 3604 5339 his
3635 5298 3771 5336 au...

2158 5389 2293 5443 ditis
2321 5388 2559 5458 graviter
2587 5390 2942 5444 commotum,
2993 5378 3271 5435 dimisisse
3299 5375 3628 5429 concilium.
3661 5372 3768 5428 Ex

2161 5485 2283 5538 aliis
2317 5493 2493 5536 tamen
2527 5478 2888 5548 scriptoribus
2921 5482 3258 5543 compertum
3302 5467 3600 5529 habemus,
3628 5479 3772 5521 non

2159 5578 2576 5637 Caesariensem,
2607 5574 2700 5627 sed
2731 5569 3196 5624 Nicomediensem
3229 5561 3528 5617 Eusebium
3555 5557 3772 5630 Tyriae

2159 5671 2366 5742 synodo
2397 5667 2697 5739 praefuisse.

2232 5767 2288 5822 P.
2315 5777 2359 5820 st
2407 5761 2698 5816 concilium
2751 5755 2876 5823 Tyri
2922 5754 3188 5814 habitum,
3237 5747 3481 5816 episcopi
3539 5761 3772 5801 omnes
