3812 6338
173 335 209 390 ⁶¹
1671 361 1971 419 norma.
3386 363 3458 417 se

168 459 225 530 illi
245 459 325 515 illic
347 467 839 556 consederant,
905 476 1098 547 jussu
1136 480 1392 550 principis
1424 480 1797 553 Hierosolyma
1827 492 1872 546 Α
1899 503 2019 554 quae
2043 494 2368 556 congregata
2397 493 2480 542 est
2506 485 2797 542 consulatu
2824 483 3134 540 Constantii
3173 493 3225 538 et
3254 483 3457 549 Albini,

168 555 484 622 secontulere,
524 561 617 616 ad
672 567 1101 625 celebranda
1131 571 1362 626 encaenia
1395 587 1600 642 magna:
1654 573 1800 630 illius

164 645 356 712 basilicis,
389 666 578 721 quam
626 654 707 710 in
777 658 1109 717 honorem
1154 663 1354 718 Christi
1403 664 1792 720 Constantinus

165 741 305 796 ibidem
345 752 797 805 extruxerat.
875 755 1025 810 Illic
1083 756 1345 812 Eusebius
1395 767 1579 812 noster
1624 760 1791 815 variis

169 836 463 898 contionibus
515 839 590 893 in
635 844 956 899 ecclesia
1021 846 1221 902 habitis
1257 847 1602 903 festivitatem
1635 849 1798 904 deco-

175 929 334 982 nverit.
383 928 682 1000 Cumque
771 935 1130 1005 imperator
1177 938 1544 994 acerbissimis
1601 939 1798 995 litteris

179 1021 402 1091 episcopos
433 1022 508 1076 ad
535 1024 956 1081 comitatum
999 1044 1163 1083 suum
1200 1037 1498 1093 cvocasset,
1527 1037 1584 1082 ut
1609 1045 1798 1085 eorum

183 1129 264 1182 qua
290 1113 558 1168 adversus
610 1114 1063 1174 Athanasium
1098 1137 1192 1190 per
1231 1120 1472 1175 fraudem
1506 1135 1569 1174 ac
1605 1121 1797 1175 simul-

183 1215 300 1262 tatem
326 1218 660 1276 gesserant,
690 1211 1026 1266 rationem
1067 1228 1248 1266 coram
1273 1213 1587 1278 redderent;
1623 1213 1797 1267 Ense-

187 1300 267 1355 lius
292 1307 477 1356 noster
508 1317 633 1355 una
672 1319 828 1356 cum
886 1305 1154 1375 quinque
1195 1305 1314 1360 aliis
1342 1306 1488 1360 venit
1520 1305 1788 1358 Constan-

187 1393 442 1462 tinopolim,
487 1393 692 1463 deque
752 1396 1067 1453 omnibus
1107 1399 1269 1468 gestis
1318 1398 1617 1468 principem
1665 1412 1788 1451 cer-

188 1484 338 1538 tiorem
369 1484 527 1540 fecit.
581 1485 774 1541 Tunc
839 1488 1036 1542 etiam
1091 1490 1439 1544 tricennalem
1488 1490 1788 1544 orationem

189 1589 333 1628 coram
359 1575 484 1645 ipso
535 1575 938 1646 imperatore
996 1577 1053 1631 in
1089 1578 1287 1648 palatio
1315 1579 1586 1632 recitavit.
1621 1579 1795 1644 Quam

189 1668 363 1737 quidem
390 1668 725 1736 imperator
765 1683 1024 1724 summo
1055 1685 1179 1724 cum
1226 1669 1416 1737 gaudio
1445 1670 1793 1733 auscultarit,

187 1774 269 1812 non
288 1766 386 1811 tam
421 1758 497 1813 ob
535 1774 711 1823 suas,
760 1774 964 1829 quam
1009 1761 1084 1814 ob
1119 1758 1210 1812 Dei
1245 1760 1451 1820 laudes.
1488 1774 1646 1828 quem
1684 1757 1792 1811 Eu.

1901 591 2044 630 anno
2073 577 2179 631 ’555
2212 576 2420 633 Natalis
2471 577 2762 632 Dominici.
2813 575 2974 631 Certe
3006 573 3274 630 Eusebius
3302 575 3358 629 in
3387 576 3455 629 li-

1900 665 2000 719 bro
2031 681 2045 718 ι
2081 664 2278 719 Contra
2329 665 2641 721 Marcellum
2688 669 2752 721 de
2779 666 3137 720 ecclesiastica
3174 665 3455 736 theologia,

1902 771 2022 825 cap.
2058 755 2146 819 14,
2192 756 2393 812 diserte
2435 758 2646 822 scribit,
2695 756 3010 812 Marcellum
3046 757 3240 812 merito
3269 757 3337 811 ab
3365 755 3494 810 Eon

1899 846 2066 900 clesia
2091 847 2405 900 damnatum
2437 847 2627 902 fuisse.
2655 846 2958 901 Damnatus
3008 855 3188 902 autem
3222 854 3306 902 est
3353 848 3459 917 pri-

1897 950 2044 990 mum
2074 935 2358 990 Marcellus
2398 937 2452 990 in
2487 936 2697 1008 synodo
2726 936 3353 1006 Constantinopolitana,
3391 937 3459 991 ab

1900 1026 2007 1082 illis
2039 1027 2173 1097 ipsis
2197 1028 2467 1097 episcopis
2507 1029 2600 1098 qui
2631 1029 2916 1083 basilicam
2945 1027 3458 1082 Constantinianam

1898 1118 2290 1189 Hierosolymis
2329 1118 2734 1184 dedicaverunt,
2791 1119 2896 1175 hoc
2943 1127 3028 1175 est
3067 1136 3210 1174 anno
3255 1119 3459 1175 Christi

1897 1211 2023 1273 335,
2055 1211 2139 1265 vel
2167 1219 2314 1265 certe
2341 1210 2463 1276 536,
2520 1219 2579 1265 ut
2620 1211 2854 1266 Baronio
2880 1211 3076 1281 placet.
3112 1211 3178 1265 Et
3210 1210 3462 1266 Socrates

1898 1302 2116 1373 quidem
2144 1311 2254 1358 tres
2278 1309 2487 1356 tantum
2529 1304 2774 1373 agnoscit
2802 1303 3022 1358 Eusebii
3077 1303 3246 1358 libros
3277 1311 3462 1356 contra

1899 1393 2234 1458 Marcellum,
2265 1409 2360 1450 eos
2393 1395 2604 1451 scilicet
2633 1397 2727 1467 qui
2765 1395 2842 1451 De
2870 1397 3230 1450 ecclesiastica
3261 1395 3462 1450 theolo-

1896 1488 1983 1556 gia
2019 1488 2444 1542 inscribuntur:
2481 1504 2602 1542 cum
2648 1498 2825 1543 tamen
2869 1496 3040 1542 totum
3085 1504 3222 1558 opus
3269 1496 3461 1542 contra

1899 1577 2234 1642 Marcellum,
2273 1581 2515 1649 quinque
2544 1579 2699 1634 libris
2731 1579 2799 1633 ab
2828 1579 3060 1634 Eusebio
3090 1581 3161 1635 sit
3204 1595 3458 1650 compre-

1895 1671 2150 1726 hensum.
2174 1669 2344 1725 Porro
2365 1671 2608 1725 omnium
2635 1670 2853 1725 Eusebii
2884 1670 3168 1735 librorum,
3196 1672 3458 1742 postremi

1898 1763 2153 1818 videntur
2187 1779 2310 1819 esse
2337 1770 2572 1834 quatuor
2604 1761 2682 1815 illi
2740 1760 2818 1815 De
2883 1761 3004 1814 Vita
3044 1762 3171 1830 imp.
3202 1761 3460 1817 Constan-

189 1850 337 1904 scbius
367 1856 482 1903 tota
516 1850 619 1904 illa
663 1826 962 1904 oratione
993 1849 1382 1904 celebraverat.
1427 1826 1578 1902 Hanc
1601 1863 1794 1902 secun-
1827 1826 1869 1885 Β
1899 1856 2018 1910 tini,
2076 1855 2272 1925 scripti
2326 1826 2452 1911 sunt
2485 1854 2631 1910 enim
2689 1861 2809 1924 post
2860 1861 3092 1907 mortem
3119 1826 3254 1924 imp.
3290 1855 3460 1918 illius,

190 1943 285 1996 dam
308 1944 620 1996 orationem
648 1941 714 1996 in
745 1944 983 2013 palatio
1010 1956 1043 1994 a
1068 1957 1126 1995 se
1147 1941 1340 1995 dictam
1370 1939 1538 1996 fuisse
1563 1946 1795 1994 testatur

192 2035 427 2090 Eusebius
457 2035 517 2088 in
553 2035 716 2088 libro
781 2033 873 2087 De
910 2033 1032 2087 vita
1059 2031 1411 2088 Constantini.
1446 2030 1565 2086 Jam
1597 2031 1796 2101 quippe

194 2135 322 2179 antea
351 2125 678 2180 orationem
713 2123 796 2179 de
833 2124 1114 2193 sepulcro
1161 2121 1371 2177 Domini
1427 2122 1694 2177 habuerat
1739 2123 1794 2177 in

191 2219 395 2288 palatio;
451 2233 631 2288 quam
671 2216 934 2288 quidem
985 2217 1285 2287 imperator
1337 2223 1491 2271 stans
1523 2215 1792 2280 audierat,

191 2325 273 2364 nec
295 2325 561 2380 unquam,
588 2309 738 2365 licet
771 2309 972 2363 semel
1024 2316 1188 2378 atque
1220 2308 1412 2362 iterum
1444 2307 1512 2362 ab
1559 2307 1793 2362 Eusebio

192 2410 405 2472 rogatus,
439 2402 646 2458 sedere
707 2401 774 2456 in
829 2401 984 2456 sella
1015 2400 1120 2455 sibi
1154 2399 1395 2469 apposita
1424 2399 1790 2464 sustinuerat;

193 2509 374 2564 equum
403 2509 531 2548 esse
568 2493 814 2556 dicens,
853 2506 1158 2547 sermones
1206 2491 1271 2546 de
1319 2490 1430 2546 Deo
1463 2507 1494 2544 a
1523 2490 1793 2546 stantibus

193 2585 429 2650 exaudiri,
465 2591 529 2638 ut
561 2583 758 2639 refert
791 2582 1089 2638 Eusebius
1120 2582 1174 2636 in
1202 2581 1378 2652 capite
1426 2583 1496 2637 55
1543 2582 1790 2652 ejusdem

193 2676 311 2730 libri.

247 2766 404 2821 Porro
433 2781 608 2836 quam
648 2765 886 2820 chartis
913 2769 1286 2834 acceptusque
1331 2762 1496 2818 fuerit
1524 2761 1793 2817 Constan-

192 2860 286 2910 tino
308 2865 494 2912 noster
523 2856 862 2918 Eusebius,
906 2863 1030 2908 tum
1054 2869 1119 2908 ex
1143 2854 1227 2910 his
1255 2869 1375 2924 quae
1403 2853 1536 2916 dixi,
1570 2862 1684 2906 tum
1725 2868 1792 2906 ex

194 2951 354 3003 multis
375 2950 511 3022 aliis
547 2949 698 3003 licet
749 2945 1106 3015 intelligere.
1133 2945 1267 2999 Nam
1294 2952 1350 3000 et
1380 2944 1690 3015 frequentes
1723 2945 1790 2998 ab

193 3055 246 3092 eo
270 3040 472 3108 accepit
505 3039 774 3101 litteras,
813 3052 956 3107 qua:
981 3037 1038 3089 in
1070 3036 1396 3106 supradictis
1424 3036 1578 3091 libris
1613 3035 1792 3089 intex-

194 3131 535 3201 Leleguntur.
564 3129 694 3185 Nec
726 3143 873 3183 raro
909 3127 984 3181 ad
1014 3129 1270 3197 palatium
1315 3127 1524 3182 accitus
1569 3135 1622 3181 et
1667 3141 1792 3180 con-

194 3222 315 3275 ririo
345 3229 647 3291 exceptus,
711 3226 775 3275 et
842 3217 1114 3271 familiari
1162 3217 1439 3288 colloquio
1486 3216 1787 3271 honoratus

193 3316 454 3383 est.an
507 3317 692 3371 etiam
748 3312 1047 3367 visionem
1100 3310 1243 3364 illam
1296 3309 1480 3365 crucis
1525 3324 1686 3379 quam
1732 3309 1789 3361 in

189 3410 313 3465 celo
368 3408 809 3465 Constantinus
863 3402 1088 3457 viderat
1143 3409 1274 3456 tunc
1335 3416 1461 3456 cum
1526 3399 1789 3456 adversus

188 3502 506 3558 Maxentium
544 3499 1060 3572 proficisceretur,
1087 3493 1318 3550 Eusebio
1368 3501 1562 3551 nostro
1597 3508 1784 3548 narra-

185 3596 285 3660 vit;
313 3603 365 3651 et
387 3594 682 3650 Labarum
714 3589 881 3662 quod
908 3587 982 3642 ad
1002 3587 1180 3642 crucis
1206 3588 1352 3642 illius
1378 3585 1789 3643 similitudinem

185 3695 541 3756 expresserat,
590 3686 786 3741 eidem
840 3679 1117 3744 ostendit,
1165 3677 1618 3749 quemadmodum
1673 3677 1790 3746 ipse

184 3784 404 3831 testatur
435 3775 750 3830 Eusebius.
779 3770 1054 3838 Cumque
1081 3783 1214 3839 opus
1245 3769 1470 3823 haberet
1504 3767 1789 3822 codicibus

185 3871 345 3923 sacris
380 3869 455 3922 ad
488 3882 659 3922 usum
697 3861 1085 3920 ecclesiarum
1132 3876 1267 3929 quas
1313 3858 1788 3928 Constantinopoli

185 3958 570 4024 sedlﬁcaverat,
592 3971 799 4013 eorum
829 3952 1328 4009 describendorum
1353 3966 1540 4005 curam
1579 3966 1642 4005 ac
1673 3951 1786 4006 sol-

183 4043 522 4101 licitudinem
554 4042 863 4100 mandavit
906 4039 1177 4100 Eusebio:
1227 4041 1426 4110 quippe
1475 4055 1636 4110 quem
1689 4040 1788 4094 ha-

181 4147 297 4187 rum
324 4152 515 4191 rerum
539 4134 977 4206 peritissimum
1001 4146 1121 4187 esse
1142 4133 1309 4200 probe
1329 4132 1513 4187 sciret.
1542 4130 1788 4201 Denique

184 4240 301 4279 cum
329 4227 612 4283 Eusebius
643 4233 851 4281 noster
883 4223 1092 4277 librum
1120 4221 1195 4277 De
1229 4224 1359 4292 [esto
1390 4224 1629 4294 paschali
1665 4224 1785 4292 ejus

180 4319 383 4373 nomini
414 4325 835 4390 nuncnpassct,
881 4315 1341 4384 adeojucundum
1379 4315 1433 4369 id
1465 4331 1662 4372 munus
1686 4316 1786 4370 fuit

178 4408 574 4476 Constantino,
620 4419 685 4466 ut
719 4411 943 4464 librum
1002 4408 1151 4461 illum
1199 4409 1382 4464 statim
1421 4409 1475 4462 in
1529 4407 1782 4462 Latinum

1897 1945 1987 1999 cui
2041 1960 2152 1998 non
2200 1946 2294 1999 diu
2346 1952 2628 2014 superstes
2679 1944 2816 1998 vixit
2872 1943 3160 1999 Eusebius.
3216 1943 3461 1998 Mortuus

1895 2035 2092 2105 quippe
2108 2043 2190 2089 est
2207 2035 2308 2089 sub
2323 2035 2543 2089 exordia
2559 2035 2898 2104 principatus
2914 2033 3217 2087 Constantii
3233 2033 3462 2104 Augusti

1895 2127 2056 2196 paulo
2085 2133 2211 2180 ante
2241 2132 2470 2180 mortem
2497 2125 2843 2180 Constantini
2877 2122 3142 2188 Junioris,
3178 2140 3298 2195 quas
3322 2139 3457 2177 con-

1895 2216 2016 2286 tigit
2043 2215 2328 2286 Acindyno
2355 2224 2410 2271 et
2438 2215 2674 2270 Proculo
2706 2216 3048 2279 consulibus,
3082 2231 3226 2270 anno
3253 2215 3459 2271 Christi

1894 2309 2020 2372 540,
2057 2317 2116 2362 ut
2137 2309 2410 2379 colligitur
2439 2325 2506 2364 ex
2543 2309 2788 2364 Socratis
2820 2311 2961 2364 libro
3008 2309 3270 2364 secundo.
3302 2309 3458 2376 Quod

1893 2408 2073 2454 autem
2104 2398 2344 2471 Scaliger
2390 2401 2445 2456 in
2500 2401 3079 2455 Animadversionibus
3113 2399 3456 2464 Eusebianis,

1891 2492 2147 2548 editionis
2176 2493 2380 2547 ultimae
2427 2508 2551 2563 pag.
2576 2493 2702 2557 250,
2729 2494 2804 2548 ait
2825 2492 3043 2547 Eusebii
3077 2493 3245 2548 libros
3275 2503 3462 2547 contra

1895 2583 2249 2654 Porphyrium
2273 2586 2512 2656 scriptos
2533 2601 2655 2641 esse
2675 2587 2778 2640 sub
2807 2585 3154 2649 Constantio,
3186 2584 3460 2640 Constan-

1890 2675 1990 2729 tini
2048 2675 2227 2746 Magni
2275 2677 2406 2742 filio,
2465 2692 2588 2730 cum
2651 2677 2856 2733 nullius
2910 2677 3120 2747 antiqui
3169 2678 3460 2746 scriptoris

1891 2769 2206 2824 testimonio
2235 2767 2611 2832 confirmetur,
2661 2785 2690 2822 a
2717 2770 2876 2824 nobis
2908 2777 3018 2823 tam
3052 2769 3211 2824 facile
3243 2768 3458 2822 admitti

1891 2875 2000 2913 non
2033 2867 2228 2930 potest.
2262 2857 2368 2913 Sed
2399 2860 2543 2930 quod
2578 2860 2773 2915 ibidem
2809 2861 3031 2930 subjicit
3060 2859 3322 2931 Scaliger,
3344 2866 3460 2915 tres

1896 2959 2204 3021 postremos
2236 2951 2564 3022 Evangelica:
2609 2953 3076 3008 demonstrationis
3129 2953 3321 3015 libros,
3359 2967 3457 3006 oc-

1896 3048 2076 3094 tavum
2109 3041 2382 3096 decimum
2407 3042 2636 3110 scilicet,
2675 3059 2879 3099 nonum
2920 3044 3192 3099 decimum
3223 3057 3287 3097 ac
3316 3043 3462 3098 vice-

1895 3134 2116 3197 simum,
2141 3134 2209 3188 ab
2240 3133 2474 3190 Eusebio
2509 3136 2742 3206 scriptos
2793 3151 2917 3191 esse
2974 3144 3167 3190 contra
3216 3133 3458 3207 Porphy-

1891 3224 2056 3287 rium,
2086 3223 2142 3278 in
2170 3241 2236 3280 eo
2263 3225 2552 3282 manifeste
2583 3227 2973 3281 hallucinatur.
3010 3225 3214 3281 Scribit
3240 3227 3458 3297 quidem

1889 3314 2273 3387 Hieronymus,
2323 3315 2617 3372 Eusebium
2665 3318 2844 3372 tribus
2895 3316 3287 3380 voluminibus,
3350 3316 3457 3371 hoc

1887 3417 1990 3472 est,
2010 3423 2164 3471 xvnt,
2185 3423 2274 3461 xix
2294 3417 2347 3462 et
2365 3424 2453 3474 xx,
2478 3407 2827 3478 respondisse
2843 3404 3166 3476 Porphyrio,
3185 3406 3278 3475 qui
3308 3405 3362 3459 in
3392 3406 3428 3460 li
3444 3435 3460 3446 -

1889 3498 1988 3554 bro
2012 3512 2086 3550 xu
2111 3505 2166 3552 et
2207 3513 2306 3551 xui
2337 3513 2527 3553 eorum
2559 3512 2696 3568 quos
2747 3507 2940 3550 contra
2971 3493 3315 3550 Christianos
3338 3495 3458 3551 edi-

1889 3589 1989 3654 dit,
2027 3589 2227 3644 librum
2260 3587 2500 3644 Danielis
2532 3588 2812 3659 propheta:
2861 3588 3172 3643 convellere
3208 3596 3456 3643 tentare-

1889 3689 1995 3736 rat.
2029 3679 2133 3735 Sed
2163 3681 2527 3752 Hieronymus
2573 3696 2679 3734 non
2730 3681 2900 3736 libros
2956 3679 3178 3735 Eusebii
3229 3679 3308 3734 De
3366 3679 3454 3733 de-

1890 3774 2271 3828 monstratione
2302 3772 2599 3842 evangelica
2629 3772 2903 3841 intelligit.
2949 3782 3006 3825 ut
3036 3771 3244 3841 putavit
3280 3769 3456 3826 Scali-

1888 3880 2003 3934 ger,
2027 3863 2122 3919 sed
2143 3863 2314 3918 libros
2357 3863 2426 3918 ab
2462 3878 2528 3917 eo
2585 3871 2770 3915 contra
2824 3861 3180 3931 Porphyrium
3213 3862 3458 3916 elabora-

1889 3964 2004 4024 tos;
2039 3957 2131 4026 qui
2170 3955 2454 4024 Ἐλέγχου
2481 3955 2578 4008 καὶ
2623 3955 2961 4025 Ἀπολογίας
2992 3955 3453 4019 inscribebantur,

1889 4048 1966 4101 uti
2005 4048 2261 4116 colligere
2303 4053 2386 4100 est
2429 4061 2496 4100 ex
2551 4046 2883 4100 Bibliotheca
2931 4045 3135 4100 Photii.
3184 4044 3454 4102 Caztcruni

1888 4139 1990 4193 hos
2023 4139 2191 4193 libros
2221 4146 2345 4207 post
2381 4137 2820 4191 Ecclesiasticam
2857 4137 3150 4193 Historiam
3183 4139 3252 4192 ab
3288 4138 3456 4193 Euse-

1884 4231 1975 4286 bio
2003 4233 2236 4300 scriptos
2262 4230 2432 4286 fuisse
2460 4232 2677 4300 Opinor.
2741 4229 2907 4301 ldque
2957 4247 3024 4288 ex
3071 4247 3137 4286 eo
3193 4233 3452 4300 conjicio,

1887 4324 2030 4394 quod
2065 4323 2333 4378 Eusebius
2367 4333 2555 4378 noster
2576 4325 2630 4378 in
2655 4325 2795 4377 libro
2820 4340 2873 4377 vr
2907 4323 3297 4378 Ecclesiasticw
3327 4324 3455 4377 llis-

1888 4417 2055 4482 toriw,
2093 4415 2182 4468 ubi
2215 4414 2482 4483 insignem
2505 4415 2684 4467 locum
2707 4414 2860 4468 affert
2880 4430 2946 4468 ex
2981 4416 3140 4469 tertio
3166 4415 3453 4486 Porphyrii

179 4514 494 4557 sermonem
530 4501 793 4558 converti
831 4497 1097 4569 jusserit,
1153 4500 1482 4571 scriptisque
1511 4501 1578 4554 ad
1614 4500 1784 4554 Euse-
1815 4531 1858 4586 υ
1891 4507 2027 4560 libro
2055 4514 2239 4558 contra
2272 4503 2630 4569 Christianos,
2687 4505 2889 4558 nullam
2933 4503 3064 4558 facit
3119 4507 3453 4560 mentionem

177 4591 326 4650 bium
379 4597 589 4654 litteris
619 4612 754 4652 eum
791 4595 1061 4648 hortatus
1089 4593 1180 4654 sit.
1212 4601 1270 4648 ut
1319 4593 1586 4664 ejusmodi
1620 4608 1784 4664 opera

181 4701 298 4753 quae
320 4689 376 4743 in
407 4691 677 4745 manibus
705 4686 987 4748 habebat,
1021 4699 1201 4740 rerum
1250 4701 1529 4742 sacrarum
1571 4688 1786 4742 studio-

185 4782 256 4835 sis
279 4786 695 4856 quamprimum
729 4777 1200 4838 communicaret.

251 4873 366 4933 Sub
397 4879 545 4935 idem
580 4888 814 4948 tempus
844 4872 1127 4928 Eusebius
1168 4872 1588 4944 descriptionem
1637 4873 1785 4929 basi-

187 4965 296 5022 lica
324 4968 888 5042 Hierosolymitanas,
920 4973 977 5020 et
1012 4964 1363 5020 donariorum
1395 4982 1515 5036 qua:
1551 4966 1661 5020 illic
1696 4980 1786 5020 sa-

183 5070 325 5113 crata
355 5061 601 5128 fuerant,
636 5059 797 5116 brevi
821 5057 1022 5112 libello
1045 5058 1489 5126 comprehensam
1513 5058 1785 5114 Constan-

184 5150 286 5204 tino
318 5153 564 5224 principi
592 5149 985 5221 nuncupavit.
1046 5147 1218 5212 Quam
1266 5149 1484 5220 quidem
1518 5166 1624 5204 una
1657 5166 1780 5204 cum

182 5244 419 5300 oratione
473 5243 783 5300 tricennali
837 5237 916 5294 ad
971 5239 1179 5292 calcem
1236 5240 1498 5295 librorum
1538 5241 1614 5296 De
1672 5244 1779 5297 vita

187 5329 512 5390 Constantini
541 5337 909 5405 sulijecerat.
963 5328 1164 5384 Verum
1197 5331 1285 5385 hic
1318 5332 1454 5387 liber
1479 5333 1640 5390 hodie
1671 5350 1780 5389 non

183 5437 359 5482 essm.
399 5429 606 5485 Eodem
641 5428 830 5483 etiam
872 5430 1123 5489 tempore
1154 5425 1340 5494 scripti
1392 5434 1521 5480 sunt
1573 5427 1642 5480 ab
1673 5427 1781 5481 Eu-

179 5515 308 5572 schio
342 5520 472 5575 libri
526 5519 810 5590 quinque
875 5519 1067 5564 contra
1113 5510 1424 5569 Marcellum
1473 5534 1492 5571 :
1544 5534 1778 5588 quorum

169 5620 459 5677 ροςιηωοε
492 5623 623 5669 "es
686 5608 777 5663 De
834 5603 1197 5658 ecclesiastica
1233 5609 1488 5678 theologia
1522 5609 1781 5666 Flaccillo

157 5702 613 5764 Antiochensium
696 5696 996 5768 episcopo
1056 5693 1343 5766 inscripsit.
1414 5699 1539 5754 lniit
1599 5711 1777 5758 autem

146 5802 522 5876 episcapa'tum
569 5786 930 5851 Flaccillus
961 5785 1118 5852 paulo
1147 5797 1266 5846 ante
1315 5793 1579 5862 synodum
1623 5793 1771 5868 Tyri,

1886 4612 2075 4650 eorum
2112 4595 2379 4648 librorum
2409 4594 2609 4663 quibus
2669 4595 2784 4662 ipse
2826 4592 3128 4665 Porphyrio
3157 4595 3454 4664 responde-

1888 4698 2007 4742 rat:
2045 4703 2168 4740 cum
2195 4695 2376 4740 tamen
2408 4685 2542 4742 satis
2575 4686 2810 4755 diligens
2839 4686 3090 4740 laudator
3113 4701 3235 4742 esse
3279 4687 3456 4742 soleat

1884 4796 2110 4852 operum
2150 4795 2398 4845 suorum,
2435 4787 2488 4835 et
2524 4781 2590 4834 ad
2625 4795 2815 4834 eorum
2849 4779 3136 4836 lectionem
3181 4778 3456 4838 studiosos

1885 4871 2117 4929 subinde
2151 4871 2383 4941 rejiciat.

1957 4964 2066 5020 Sed
2126 4965 2387 5034 quoniam
2445 4974 2753 5034 opportuna
2813 4980 2933 5020 sese
2992 4963 3148 5020 offert
3212 4966 3450 5030 occasio,

1883 5075 2057 5131 pauca
2085 5059 2249 5113 etiam
2292 5057 2361 5112 de
2399 5057 2788 5112 Ecclesiasticte
2815 5057 3070 5112 Historiae
3127 5059 3283 5114 libris
3347 5060 3453 5113 hoc

1884 5151 2005 5204 loco
2026 5149 2288 5204 adnotare
2307 5149 2461 5205 libet.
2493 5149 2699 5204 llorum
2730 5152 2876 5205 enim
2909 5151 3253 5221 potissimum
3285 5167 3452 5206 causa

1882 5249 1996 5296 tota
2020 5241 2134 5296 lnec
2190 5255 2220 5294 a
2271 5241 2432 5296 nobis
2492 5241 2740 5297 instituta
2777 5249 2862 5296 est
2920 5243 3251 5296 lucubratio.
3285 5242 3450 5297 Multa

1882 5335 2098 5406 quidem
2131 5334 2200 5388 ab
2223 5334 2460 5389 Eusebio
2492 5341 2680 5389 nostro
2713 5334 2914 5403 scripta
2945 5341 3072 5388 sunt
3100 5334 3168 5387 ad
3197 5331 3450 5386 Ecclesia:

1881 5426 2161 5480 catholica:
2185 5425 2492 5490 utilitatem,
2511 5432 2560 5479 et
2593 5425 2660 5479 ad
2682 5426 3108 5480 confirmandam
3125 5425 3452 5480 Christiana»

1882 5517 2004 5572 fidei
2037 5517 2362 5580 veritatem,
2416 5518 2610 5586 partim
2663 5516 2926 5574 adversus
2962 5517 3180 5576 Judteos
3206 5564 3220 5588 ,
3248 5521 3448 5590 partim

1879 5618 2068 5665 contra
2092 5609 2336 5680 gentiles.
2376 5610 2521 5664 Inter
2548 5623 2739 5663 omnes
2767 5618 2948 5665 tamen
2973 5611 3092 5682 ejus
3122 5613 3294 5667 libros
3333 5627 3442 5667 mc-

1879 5702 1985 5756 rito
2002 5702 2234 5772 palmam
2264 5699 2368 5755 fert
2386 5698 2762 5754 Ecclesiastica
2778 5701 3040 5755 Historia.
3074 5703 3222 5757 Multi
3246 5704 3447 5774 quippe

1879 5803 2004 5850 ante
2033 5791 2325 5848 Eusebium
2360 5808 2458 5861 pro
2479 5793 2801 5850 Christianis
2864 5794 2986 5851 fidei
3036 5795 3351 5852 defensione
3381 5797 3447 5849 li-
