3812 6322
445 318 516 375 65

1400 313 1739 369 EUSEBIUS
1779 308 2256 368 CESARIENSIS
2296 309 2696 366 EPISCOPUS.

3623 311 3702 364 64

447 438 576 492 bros
621 433 1084 504 conscripserant,
1134 439 1188 488 et
1243 431 1554 488 Iudaeorum
1611 431 2007 487 contumaciam
2040 429 2340 492 ANictenze
2395 429 2844 484 commemoratio
2893 427 2983 482 hic
3036 430 3213 485 alieno
3259 431 3378 485 loco
3439 432 3703 499 ponitur,

445 541 798 594 erroremque
828 525 1111 595 gentilium
1145 523 1497 580 validissimis
1527 523 1831 580 rationibus
1882 538 2013 578 con-

445 617 711 671 vicerant.
743 615 849 670 Sed
881 618 972 686 qui
1000 632 1180 671 rerum
1200 616 1692 671 ecclesiasticarum
1727 615 2010 670 historiam

443 705 684 773 posteris
707 705 966 769 traderet,
1012 720 1172 760 nemo
1219 712 1344 759 ante
1376 703 1669 759 Eusebium
1705 706 2008 760 exstiterat.

446 795 568 862 Quo
594 797 767 867 magis
799 796 1102 852 laudandus
1159 803 1242 851 est
1283 793 1548 850 Eusebius
1605 803 1810 859 noster,
1840 796 1930 864 qui
1961 803 2012 848 et

447 889 658 959 primus
702 891 805 944 hoc
833 896 1209 959 argumentum
1259 887 1617 957 excogitavit;
1653 898 1851 942 etcum
1881 887 2012 941 illud

446 995 737 1051 aggressus
762 981 976 1048 fuisset,
1004 981 1258 1036 omnibus
1298 980 1539 1035 numeris
1571 980 1878 1034 absolutum
1927 998 2012 1036 re-

444 1070 626 1142 liquit.
648 1071 808 1128 Certe
827 1088 952 1128 cum
983 1072 1135 1126 multi
1189 1082 1308 1142 post
1340 1088 1465 1127 cum
1519 1072 1720 1142 reperti
1758 1074 1889 1138 sint,
1920 1074 2010 1143 qui

446 1162 592 1219 illius
646 1165 892 1234 exemplo
958 1164 1164 1218 incitati
1216 1180 1306 1219 res
1348 1164 1752 1221 ecclesiasticas
1797 1165 2013 1234 scriptis

447 1255 675 1323 prodere
714 1256 1158 1327 aggrederentur,
1199 1273 1391 1312 omnes
1436 1265 1616 1312 tamen
1681 1257 1747 1311 ab
1779 1257 1844 1313 iis
1877 1265 2015 1310 tem-

443 1345 670 1415 poribus
701 1345 983 1400 historiam
1007 1362 1164 1401 suam
1212 1347 1395 1402 exorsi
1429 1353 1558 1402 sunt
1593 1347 1646 1400 in
1679 1346 1877 1417 quibus
1905 1344 2014 1399 Eu-

441 1433 628 1489 sebius
657 1444 844 1488 noster
875 1451 1013 1506 opus
1035 1452 1195 1491 suum
1223 1437 1636 1500 terminaverat;
1668 1434 2011 1506 superiorum

441 1539 570 1577 vero
601 1533 906 1594 temporum
968 1525 1275 1589 historiam,
1309 1541 1470 1595 quam
1507 1526 1596 1580 ille
1649 1525 1835 1581 decem
1858 1524 2013 1580 libris

439 1624 789 1684 exposuerat,
836 1616 1104 1684 integram
1145 1615 1194 1670 ei
1235 1623 1398 1686 atque
1458 1616 1720 1671 intactam
1779 1617 2013 1686 relique-

441 1714 591 1761 runt.
629 1705 997 1772 Quamobrem
1027 1708 1072 1762 si
1095 1707 1219 1777 quis
1248 1708 1398 1762 illum
1427 1707 1811 1764 ecclesiasticae
1841 1709 2014 1763 histo-

441 1799 536 1852 ria:
566 1796 780 1854 Patrem
799 1806 853 1854 et
884 1798 1219 1854 conditorem
1244 1800 1517 1868 appellare
1540 1801 1792 1863 voluerit,
1819 1801 1864 1856 is
1895 1816 2020 1870 pro-
2054 1785 2094 1841 Β

442 1887 588 1941 fecto
613 1903 721 1942 non
758 1889 994 1943 absurde
1057 1904 1158 1942 nec
1199 1891 1466 1944 immerito
1496 1891 1547 1942 id
1597 1906 1896 1960 cognomen
1940 1891 2014 1944 illi

443 1978 804 2048 impositurus
826 1981 1060 2036 videtur.
1085 1979 1328 2047 Quanam
1358 1992 1538 2035 autem
1564 1983 1774 2037 ratione
1808 1984 1872 2037 ad
1914 1983 2016 2036 hoc

443 2081 822 2141 argumentum
879 2073 1177 2128 accesserit
1211 2073 1503 2137 Eusebius,
1538 2090 1643 2128 non
1678 2074 1895 2130 difﬁcile
1933 2083 2016 2131 est

440 2163 732 2231 conjicere.
757 2163 890 2217 Nam
923 2179 1046 2218 cum
1074 2165 1126 2218 in
1169 2173 1410 2219 extrema
1452 2175 1606 2235 parte
1637 2164 2015 2222 Chronicorum

441 2253 738 2319 Canonum,
779 2263 992 2324 tempus
1029 2256 1294 2312 adventus
1326 2256 1536 2312 Domini
1587 2260 1758 2314 nostri
1792 2268 1846 2314 et
1884 2258 2017 2315 Pas-

442 2345 616 2399 sionis
660 2345 780 2413 ejus
834 2353 1087 2400 accurate
1121 2356 1386 2410 notasset,
1443 2349 1665 2402 nomina
1703 2350 1866 2402 etiam
1897 2352 2014 2419 epi-

442 2448 732 2502 scoporum
758 2435 851 2504 qui
894 2437 945 2489 in
978 2445 1212 2506 quatuor
1258 2437 1544 2506 praecipuis
1577 2436 1836 2493 Ecclesiis
1863 2439 2017 2494 sede-

443 2534 589 2589 rant,
613 2533 667 2578 et
715 2526 1007 2580 illustrium
1058 2528 1298 2582 virorum
1319 2531 1410 2597 qui
1465 2529 1519 2583 in
1553 2527 1793 2584 Ecclesia
1827 2529 2018 2585 ﬂorue-

440 2625 564 2669 rant
605 2617 884 2673 :h;ereses
935 2619 1170 2690 denique
1229 2635 1293 2672 ac
1343 2621 1750 2689 persecutiones
1815 2624 2015 2693 quibus

439 2716 633 2762 vexata
669 2709 846 2764 fuerat
891 2710 1156 2775 Ecclesia,
1209 2729 1311 2768 suo
1357 2721 1599 2784 tempore
1633 2724 1795 2786 atque
1824 2717 2017 2773 ordine

438 2799 777 2870 digessisset,
810 2805 1071 2872 paulatim
1136 2805 1203 2859 ad
1247 2807 1531 2861 historiam
1584 2809 2013 2865 ecclesiasticam

439 2895 916 2958 conscribendam,
945 2897 1103 2966 quasi
1150 2913 1311 2951 manu
1341 2899 1606 2956 deductus
1636 2909 1717 2955 est
1758 2919 1770 2954 :
1810 2912 1868 2956 ut
1896 2919 2016 2973 quae

442 2983 499 3038 in
525 2981 800 3038 Chronicis
837 2985 1146 3040 Canonibus
1196 2990 1354 3056 quasi
1403 2991 1726 3059 compendio
1779 2994 2014 3064 quodam

441 3075 857 3142 perstrinxerat,
885 3077 940 3130 in
977 3077 1350 3134 Ecclesiastica
1383 3081 1626 3135 llistoria
1663 3083 1822 3139 latius
1854 3095 2014 3154 atque

442 3165 667 3221 uberius
704 3176 1076 3236 pertractat-et.
1120 3171 1236 3243 Ipse
1267 3181 1412 3228 certe
1440 3175 1492 3228 in
1522 3177 1786 3243 prooemio
1831 3177 2014 3231 Histo-

451 3256 546 3309 ritt
577 3258 944 3315 ecclesiastica:
990 3273 1176 3332 aperte
1228 3265 1429 3319 indicat
1476 3267 1529 3321 id
1569 3270 1714 3338 quod
1745 3271 1877 3324 dixi.
1911 3272 2014 3326 Ubi

441 3350 604 3402 etiam
625 3351 693 3405 ab
716 3353 885 3421 requis
915 3353 1210 3411 lectoribus
1245 3357 1454 3411 veniam
1475 3359 1579 3414 sibi
1608 3360 1723 3414 dari
1754 3363 2011 3431 postulat,

441 3443 618 3497 sicubi
656 3443 889 3501 fortasse
946 3450 1053 3502 hoc
1109 3462 1488 3520 argumentum
1521 3455 1703 3510 minus
1741 3458 2016 3512 cumulate

443 3534 917 3595 fueritexsccutus
955 3559 967 3595 :
1003 3557 1059 3596 se
1091 3543 1234 3596 enim
1266 3546 1506 3599 omnium
1542 3547 1772 3616 primum
1806 3549 1871 3602 ad
1911 3550 2014 3603 hoc

441 3627 718 3683 scribendi
753 3646 925 3698 genus
956 3634 1238 3698 accedere,
1273 3645 1328 3689 et
1357 3636 1459 3691 iter
1489 3639 1691 3692 nullius
1725 3646 1880 3693 antea
1914 3641 2016 3692 tri-

441 3728 554 3772 tum
589 3723 832 3792 vestigiis
857 3723 1062 3792 ingredi
1110 3727 1345 3794 primum
1384 3729 1638 3797 coepisse.
1671 3728 1870 3784 Verum
1900 3733 2013 3786 hmc

438 3818 682 3864 nontam
705 3816 986 3870 excusatio
1021 3831 1084 3870 ac
1126 3817 1299 3872 venite
1342 3820 1673 3889 deprecatio,
1707 3838 1866 3892 quam
1898 3825 2014 3878 lau-

439 3899 526 3956 dis
550 3911 603 3956 et
623 3904 810 3971 gloria:
830 3907 1071 3976 captatio
1101 3909 1425 3976 quibusdam
1441 3912 1608 3967 videri
1633 3916 1823 3982 possit.
1845 3916 2013 3973 Porro

441 4011 564 4049 cum
622 4003 836 4052 constet
877 4014 942 4052 ex
992 4000 1210 4055 Eusebii
1268 4003 1441 4073 ipsius
1471 4006 1804 4070 testimonio,
1833 4007 2015 4063 Eccle-

439 4087 713 4142 siasticam
764 4089 1059 4146 llistoriam
1095 4102 1218 4164 post
1251 4096 1644 4167 chronologicos
1673 4098 1912 4154 Canones
1945 4102 2013 4156 ab

437 4191 504 4230 eo
535 4180 794 4249 scriptam
850 4180 1040 4245 fuisse,
1097 4187 1293 4239 mirum
1350 4194 1529 4242 tamen
1567 4199 1671 4250 est,
1725 4199 2014 4262 utrumque

438 4283 576 4338 opus
630 4272 695 4326 ad
739 4290 899 4327 unam
947 4277 1298 4347 eamdemque
1330 4289 1527 4333 metam
1588 4283 1901 4351 procedere,
1945 4285 2014 4338 ad

438 4372 641 4414 annum
673 4363 882 4417 scilicet
907 4364 1610 4433 vicesimumConstantini,
1635 4373 1728 4442 qui
1783 4373 1882 4428 fuit
1917 4390 2013 4428 an-

2043 3119 2086 3178 C

2118 523 2243 592 quis
2270 536 2504 590 unquam
2533 520 2741 584 credat,
2778 519 3070 576 Eusebium
3098 521 3164 577 de
3192 521 3320 577 Ario
3341 523 3414 575 ita
3444 523 3705 578 locutum

2122 615 2309 675 fuisse.
2346 622 2435 668 aut
2489 611 2747 668 Houousn
2794 613 3118 668 vocabulum
3175 611 3434 668 Chronico
3465 630 3572 669 suo
3610 614 3708 668 in-

2119 705 2358 759 texuisse
2381 744 2396 766 ,
2430 703 2573 773 quod
2611 718 2824 773 semper
2868 703 2942 757 illi
2975 703 3252 773 displicuit
3296 711 3353 758 ut
3382 711 3575 775 postea
3619 703 3711 756 vi-

2119 795 2403 854 debimus?
2443 795 2724 863 Quomodo
2785 795 3053 854 Eusebius
3109 797 3246 852 dixit
3297 805 3576 852 trecentos
3651 804 3713 848 et

2119 886 2419 941 octodecim
2455 887 2744 956 episcopos
2791 886 3021 942 Nictenae
3072 887 3278 958 synodo
3330 884 3700 948 interfuisse,

2119 994 2241 1033 cum
2274 979 2328 1032 in
2356 977 2516 1032 tertio
2548 977 2686 1032 libro
2732 977 2806 1032 De
2831 979 2937 1032 vita
2959 975 3296 1035 Constantini
3323 979 3711 1034 disertissime

2120 1070 2341 1134 scribat,
2370 1069 2529 1139 paulo
2557 1069 2676 1137 plus
2705 1085 2868 1138 quam
2924 1069 3186 1126 ducentos
3217 1077 3270 1126 et
3290 1071 3709 1140 quinquaginta

2121 1161 2173 1216 in
2205 1178 2266 1216 ea
2296 1162 2645 1216 consedisse?
2680 1160 2798 1216 Non
2849 1161 3040 1215 dubito
3080 1171 3259 1216 tamen
3315 1163 3449 1232 quin
3506 1160 3712 1215 Eccle-

2120 1253 2338 1306 siastica
2371 1251 2615 1306 Historia
2648 1252 2717 1306 ab
2761 1251 2998 1308 Eusebio
3063 1252 3314 1308 absoluta
3355 1253 3427 1308 sit
3482 1252 3712 1321 aliquot

2120 1343 2278 1397 annis
2312 1352 2432 1414 post
2467 1343 2732 1414 synodum
2778 1342 3070 1400 Nicaanam.
3107 1343 3212 1400 Sed
3262 1362 3382 1400 cum
3421 1345 3712 1401 Eusebius

2121 1450 2251 1506 pace
2283 1437 2374 1490 illa
2403 1453 2524 1506 quae
2552 1445 2676 1507 post
2709 1439 3140 1507 persecutionem
3194 1437 3515 1493 Diocletiani
3539 1440 3713 1493 coeli-

2118 1538 2207 1585 tus
2235 1529 2437 1585 affulsit
2463 1529 2739 1593 Ecclesiae,
2774 1527 3072 1584 Historiam
3113 1545 3266 1585 suam
3290 1531 3550 1585 claudere
3593 1529 3710 1584 de-

2118 1623 2412 1688 crevisset,
2448 1624 2902 1693 quemadmodum
2947 1623 3061 1692 ipse
3097 1630 3328 1677 testatur
3359 1622 3413 1676 in
3461 1622 3714 1677 exordio

2117 1715 2300 1784 operis
2327 1716 2434 1778 sui,
2479 1715 2710 1772 Nicena:
2757 1716 2948 1787 synodi
3005 1714 3580 1770 commemorationem
3633 1713 3715 1768 de

2120 1808 2390 1864 industria
2429 1809 2639 1873 vitavit,
2675 1826 2742 1865 ne
2767 1808 3063 1865 seditiones
3088 1824 3151 1862 ac
3179 1808 3446 1887 tumultus
3469 1807 3706 1876 episco-

2119 1917 2311 1972 porum
2371 1901 2512 1956 inter
2575 1918 2635 1958 se
2700 1902 2996 1956 rixantium
3055 1915 3325 1972 exponere
3377 1907 3705 1970 cogeretur.

2118 1989 2331 2058 Quippe
2362 1989 2715 2044 historiarum
2759 1992 3055 2061 scriptores
3087 1991 3138 2045 id
3171 1991 3441 2062 praecipue
3497 2005 3711 2045 curare

2119 2096 2182 2136 ac
2210 2082 2489 2151 providere
2510 2083 2725 2143 debent.
2764 2094 2824 2139 ut
2871 2100 3010 2154 opus
3051 2100 3207 2139 suum
3252 2083 3454 2139 illustri
3483 2091 3540 2137 et
3573 2083 3705 2152 glo-

2118 2176 2266 2230 rioso
2311 2177 2457 2231 exitu
2512 2178 2859 2240 concludant,
2919 2179 3060 2232 sicut
3094 2177 3420 2247 jampridem
3473 2178 3708 2230 monuit

2120 2267 2409 2339 Dionysius
2440 2268 2939 2324 Halicarnassensis
2975 2269 3028 2322 in
3072 2269 3479 2338 comparatione
3513 2263 3706 2321 Hero-

2117 2360 2231 2414 doti
2271 2375 2335 2414 ac
2368 2357 2728 2430 Thucydidis.
2775 2359 2911 2426 Quis
2945 2375 3109 2430 porro
3158 2366 3388 2414 eventus
3419 2360 3707 2414 illustrior

2118 2450 2186 2504 ab
2220 2449 2453 2505 Eusebio
2503 2451 2679 2521 potuit
2708 2454 2906 2520 Optari,
2943 2464 3103 2520 quam
3137 2464 3237 2519 pax
3287 2450 3377 2502 illa
3409 2466 3533 2518 quae
3566 2460 3706 2520 post

2117 2539 2554 2596 cruentissimam
2615 2541 3044 2610 persecutionem
3097 2556 3125 2594 a
3175 2539 3539 2595 Constantino
3565 2543 3702 2595 red-

2117 2631 2228 2685 dita
2259 2631 2437 2687 fuerat
2465 2631 2816 2694 Christianis,
2859 2647 2984 2687 cum
3011 2633 3296 2687 exstinctis
3327 2631 3534 2703 ubique
3565 2650 3706 2702 per-

2117 2724 2482 2787 secutoribus,
2534 2739 2596 2779 ac
2627 2733 2902 2794 postremo
2933 2725 3173 2778 omnium
3206 2722 3417 2779 Licinio
3445 2725 3702 2788 sublato,

2116 2815 2422 2883 nullusjam
2448 2815 2842 2885 praeteritorum
2861 2814 3124 2868 malorum
3151 2821 3461 2885 superesset
3482 2824 3700 2869 metus.

2117 2906 2230 2961 Hac
2274 2907 2439 2978 igitur
2472 2923 2604 2978 pace
2638 2909 2922 2964 historiam
2964 2922 3118 2963 suam
3161 2907 3455 2962 terminare
3495 2909 3706 2962 maluit

2117 2996 2408 3059 Eusebius,
2439 3013 2602 3067 quam
2635 2996 2867 3052 Niczenaa
2898 2996 3090 3068 synodi
3144 2998 3701 3052 commemoratione.

2119 3083 2191 3136 Ea
2227 3085 2425 3154 quippe
2480 3085 2689 3155 synodo
2723 3102 2830 3140 non
2876 3097 2982 3140 tam
3031 3086 3205 3156 sopita
3233 3083 3487 3148 discidia,
3525 3104 3706 3156 quam

2119 3183 2373 3230 renovata
2389 3190 2510 3231 esse
2538 3176 2877 3230 videbantur.
2929 3175 3093 3246 quue
3131 3191 3240 3231 non
3281 3174 3705 3244 synodi-ipsius

2117 3267 2312 3337 culpa;
2349 3266 2442 3321 sed
2475 3267 2737 3336 pertinaci
2771 3268 3137 3324 obstinatione
3177 3281 3366 3320 eorum
3413 3265 3509 3335 qui
3543 3269 3710 3320 salu—

2115 3357 2366 3413 berrimis
2421 3359 2756 3414 sacrosancti
2801 3359 3015 3415 concilii
3061 3359 3297 3414 decretis
3337 3358 3710 3428 acquiescere

2115 3450 2462 3505 recusabant.
2495 3449 2668 3520 Atque
2707 3451 2820 3504 haec
2850 3449 2916 3505 de
2954 3452 3062 3504 vita
3095 3448 3426 3519 scriptisque
3463 3449 3703 3505 Eusebii

2116 3558 2146 3595 a
2180 3541 2338 3598 nobis
2359 3542 2502 3597 dicta
2537 3542 2822 3597 sulliciant.
2863 3539 3120 3612 Superest
3157 3549 3215 3595 ut
3265 3541 3332 3596 de
3360 3539 3483 3610 ejus
3510 3540 3621 3596 ﬁde
3644 3551 3707 3597 et

2118 3633 2391 3705 όρθοδοξίᾳ
2419 3651 2586 3704 pauca
2619 3636 2885 3691 dicamus.
2916 3634 2993 3689 Ac
3037 3635 3270 3704 primum
3305 3633 3542 3687 lectores
3576 3650 3708 3688 mo-

2115 3729 2261 3783 nitos
2293 3729 2475 3794 velim,
2528 3744 2596 3783 ne
2644 3727 2783 3782 hica
2833 3727 2993 3782 nobis
3045 3725 3263 3780 Eusebii
3309 3724 3703 3780 defensionem

2114 3827 2446 3889 exspectent.
2477 3819 2661 3889 Neque
2702 3819 2846 3873 enim
2880 3825 3124 3873 nostrum
3161 3825 3245 3873 est
3277 3817 3344 3870 de
3368 3816 3706 3886 hujusmodi

2115 3910 2277 3964 rebus
2302 3912 2674 3979 pronuntiare,
2695 3924 2820 3964 cum
2851 3909 3110 3966 Ecclesia:
3158 3909 3429 3980 judicium
3455 3917 3512 3964 et
3549 3913 3706 3966 anti-

2114 4017 2345 4070 quorum
2370 4001 2590 4055 Patrum
2633 4001 2954 4058 sententiam
2988 4000 3042 4054 in
3093 4000 3160 4056 iis
3189 3999 3370 4069 potius
3397 4001 3559 4071 sequi
3595 4003 3706 4058 de-

2114 4093 2359 4147 beamus.
2397 4092 2628 4147 Proinde
2649 4093 2890 4162 quaadam
2922 4091 3375 4160 duntaxatcapita
3401 4091 3490 4146 hic
3514 4092 3707 4148 adno—

2113 4185 2369 4247 labimus,
2395 4185 2595 4254 quibus
2619 4184 2774 4254 quasi
2802 4183 3170 4238 fundamentis
3194 4182 3389 4248 innixi,
3419 4181 3487 4238 de
3515 4181 3707 4240 Euse-

2114 4275 2188 4329 bii
2211 4274 2314 4330 fide
2344 4277 2543 4330 certius
2565 4283 2802 4330 statuere
2829 4275 3123 4344 possimus.

2183 4366 2319 4421 Cum
2353 4367 2518 4437 igitur
2550 4366 2617 4420 de
2669 4365 2904 4422 Eusebio
2949 4373 3139 4420 nostro
3172 4363 3336 4418 variae
3390 4363 3504 4420 sint
3546 4369 3707 4420 anti—

435 4465 541 4504 nus
578 4451 777 4508 Christi
808 4455 932 4510 5‘25.
969 4455 1102 4512 Illud
1153 4467 1409 4526 praeterea
1441 4462 1626 4516 mirari
1667 4464 1832 4525 subit,
1865 4465 2007 4534 quod
2042 4465 2087 4524 ι)
2114 4474 2345 4532 quorum
2369 4459 2681 4524 sententize,
2705 4465 2758 4511 et
2790 4457 3010 4527 quidam
3035 4472 3156 4511 eum
3192 4455 3563 4522 Catholicum,
3597 4459 3706 4512 alii

435 4557 558 4594 cum
601 4543 812 4599 Nicena
876 4550 1114 4617 synodus
1169 4552 1439 4605 celebrata
1503 4554 1575 4608 sit
1636 4554 2010 4611 vicennalihus

437 4633 803 4698 Constantini,
839 4641 984 4692 nulla
1037 4649 1216 4694 tamen
1241 4643 1360 4710 ejus
1404 4644 1496 4697 ﬁat
1550 4646 1774 4709 mentio,
1828 4662 1928 4700 nec
1957 4650 2010 4701 in

439 4723 717 4790 Chronico,
750 4745 847 4782 nec
886 4731 938 4783 in
986 4729 1359 4786 Ecclesiastica
1405 4733 1667 4790 Historia.
1699 4737 1832 4791 Nam
1866 4739 2010 4806 quod

441 4815 494 4868 in
527 4814 713 4870 Latino
733 4819 852 4887 ejus
881 4820 1136 4876 Chronico
1159 4824 1225 4877 ad
1240 4841 1440 4879 annum
1471 4828 1815 4883 Constantini
1849 4833 2011 4900 quin-

436 4912 552 4959 tum
579 4907 849 4962 decimum
880 4911 991 4966 hzce
1018 4914 1289 4984 leguntur,
1317 4919 1693 4973 Alerandrinw
1759 4921 2007 4976 Ecclesia:

435 4999 605 5054 XIX"!I
627 5003 903 5056 ordinatur
923 5006 1188 5075 episcopus
1206 5008 1524 5074 Alexander,
1547 5028 1577 5064 α
1603 5027 1701 5081 quo
1723 5013 1879 5067 Arius
1897 5029 2010 5082 pre-

435 5090 612 5161 sbyter
639 5092 702 5145 de
737 5093 971 5148 Ecclesia
1008 5097 1220 5164 ejectns,
1249 5099 1438 5153 multos
1485 5117 1594 5154 sum
1638 5103 1892 5170 impietati
1920 5121 2007 5158 so-

436 5182 562 5234 ciat.
609 5182 692 5234 Ad
719 5200 941 5252 quorum
987 5187 1263 5255 perﬁdiam
1313 5190 1720 5259 coarguendam,
1775 5193 2007 5262 synodus

434 5284 668 5326 cccxvut
712 5276 1071 5344 episcoporum
1118 5280 1170 5332 in
1225 5279 1467 5334 Nicream
1514 5282 1692 5336 urbem
1744 5285 2008 5355 Bithynice

437 5375 751 5433 congregata
774 5407 788 5428 ,
827 5384 1001 5423 omnes
1034 5371 1395 5426 Itwreticorum
1438 5375 1706 5429 machinas
1743 5375 2006 5432 llouousu

439 5457 764 5524 oppositione
784 5458 988 5515 delevit.
1023 5460 1166 5544 Satis
1220 5465 1566 5534 perspicuum
1599 5473 1702 5530 est,
1759 5469 1864 5522 ista
1898 5486 2008 5525 non

439 5548 506 5601 ab
536 5547 767 5605 Eusebio
795 5553 1018 5622 scripta,
1050 5555 1142 5610 sed
1165 5557 1232 5610 ab
1257 5554 1587 5624 Hieronymo
1612 5558 1795 5613 addita
1817 5560 2006 5629 fuisse,

440 5642 531 5708 qui
565 5637 932 5697 Eusebianum
971 5645 1286 5700 Cltronicum
1331 5648 1518 5702 multis
1547 5647 1613 5704 de
1651 5666 1750 5704 suo
1779 5651 2008 5718 adjectis

444 5730 812 5803 interpolavit.
848 5733 916 5788 Ut
947 5736 1089 5790 e.:im
1141 5736 1272 5790 illud
1325 5737 1592 5802 omittam,
1637 5740 1779 5809 quod
1815 5742 2004 5810 synodi

2111 4550 2456 4615 lmreticum;
2482 4548 2724 4602 nonnulli
2750 4547 3064 4616 δίγλωττον,
3086 4547 3140 4602 id
3171 4556 3286 4611 cst,
3311 4549 3492 4602 dubia:
3524 4557 3708 4614 atque

2114 4641 2369 4710 ancipitis
2396 4641 2520 4696 lidei
2551 4641 2719 4694 fuisse
2746 4641 3077 4704 censuerint,
3103 4639 3490 4706 inquirendum
3526 4656 3555 4693 a
3587 4658 3709 4697 no-

2112 4732 2196 4787 bis
2243 4740 2326 4787 est
2359 4733 2447 4785 cui
2476 4731 2818 4800 potissimum
2857 4733 3134 4787 sententiae
3179 4733 3480 4786 debeamus
3529 4748 3710 4789 acce-

2112 4823 2258 4875 dcre.
2281 4820 2550 4876 Constans
2576 4821 2718 4890 juris
2739 4823 2921 4891 regula
2951 4833 3053 4884 est,
3085 4823 3137 4875 in
3182 4823 3364 4876 dubiis
3383 4823 3706 4892 :equiorem

2112 4914 2293 4981 potius
2344 4928 2407 4966 ac
2434 4913 2701 4967 mitiorem
2748 4914 3070 4968 sententiam
3121 4915 3374 4984 amplecti
3403 4925 3702 4985 oportere.

2111 5003 2312 5059 Deinde
2343 5021 2464 5060 curn
2513 5004 2887 5062 Occidentales
2927 5022 3254 5070 omnes,uno
3288 5007 3402 5063 fere
3453 5019 3706 5080 excepto

2111 5099 2464 5168 Hieronymo.
2515 5099 2582 5156 de
2627 5097 2861 5155 Eusebio
2907 5108 3097 5154 nostro
3151 5100 3452 5157 honorifice
3494 5121 3704 5162 sense-

2111 5191 2251 5252 rint,
2282 5203 2513 5259 cumque
2540 5187 3068 5246 EcclesiaGallicana
3099 5199 3415 5245 sanctorum
3449 5209 3704 5253 numero

2111 5293 2234 5332 eum
2258 5280 2590 5348 ascripserit,
2625 5289 2683 5334 ut
2718 5298 2782 5335 ex
2803 5279 3046 5336 Victorio
3066 5281 3363 5350 Aquitano,
3399 5279 3701 5352 Usuardo,

2111 5371 2340 5440 aliisque
2367 5370 2655 5441 colligitur,
2679 5373 2851 5426 satius
2882 5371 3000 5424 sine
3023 5371 3190 5425 dubio
3223 5382 3326 5434 est,
3363 5381 3422 5426 ut
3454 5373 3698 5432 Patrum

2110 5470 2442 5526 nostrorum,
2503 5479 2663 5534 quam
2698 5471 2755 5516 ut
2792 5462 3147 5518 Orientalium
3191 5464 3697 5526 schismaticorum

2106 5555 2313 5624 judicio
2365 5556 2792 5625 subscriliajnus.
2825 5555 3065 5624 Denique
3113 5571 3342 5624 quorum
3375 5562 3702 5619 auctoritas

2111 5649 2212 5701 hac
2243 5647 2296 5701 in
2331 5665 2386 5703 re
2416 5648 2588 5716 major
2610 5661 2731 5700 esse
2753 5645 2908 5700 debet
2930 5661 3090 5716 quam
3123 5647 3444 5715 pontificum
3477 5649 3701 5708 Roma-

2111 5742 2438 5794 manorum?
2470 5738 2630 5807 Atqui
2651 5738 2897 5793 Gclasius
2929 5739 2980 5791 in
3015 5738 3149 5794 libro
3175 5737 3248 5792 De
3275 5738 3484 5797 duabus
3521 5758 3696 5801 natu-
