3794 6298
158 355 222 410 65
1598 336 1898 394 NOTITIA.
1938 331 1946 338 ’
3321 336 3390 392 66

159 475 246 535 εἰς.
287 468 584 524 Eusebium
626 472 878 520 nostrum
924 462 1066 517 inter
1095 458 1402 515 catholicos
1427 457 1724 527 scriptores
1753 462 1796 516 Α
1829 452 1942 513 bat,
1975 449 2083 504 imo
2111 449 2204 519 qui
2232 466 2295 506 ex
2328 451 2473 508 illius
2503 447 2726 520 scriptis
2757 455 3040 520 tantopere
3063 451 3389 519 profecerat;

159 560 354 621 retulit,
388 558 603 625 duoque
646 570 715 608 ex
758 553 876 620 ejus
910 551 1066 606 libris
1118 547 1427 604 testimonia
1454 546 1720 601 recitavit.

157 651 252 704 Sed
287 655 343 704 et
392 647 648 717 Pelagius
704 643 810 706 PP.
846 658 970 699 eum
1024 643 1164 696 inter
1218 639 1511 694 historicos
1543 637 1710 691 hono-

152 741 487 796 ratissimum
511 737 778 800 nominat,
820 741 873 790 et
903 735 971 789 ab
1004 733 1152 788 omni
1186 732 1454 787 haereseos
1478 730 1597 784 labe
1621 729 1723 782 im-

154 847 367 886 munem
399 846 523 885 esse
552 827 891 899 pronuntiat,
943 825 1161 880 tametsi
1190 822 1480 894 Origenem
1516 821 1726 875 hazreti-

153 939 266 976 cum
296 922 532 976 summis
573 919 827 974 laudibus
886 917 1190 971 extulisset.
1219 914 1290 967 At
1336 913 1480 968 dicet
1526 911 1722 980 aliquis

153 1017 507 1073 Orientalium
583 1014 764 1084 potius
827 1011 1161 1081 sequendum
1226 1024 1350 1065 esse
1416 1007 1719 1078 judicium,

152 1124 266 1163 cum
297 1108 609 1163 Orientales
635 1103 957 1164 Eusebium,
979 1110 1166 1173 utpote
1207 1101 1479 1157 hominem
1526 1100 1722 1170 linguae

154 1216 273 1266 sum,
309 1202 514 1256 melius
566 1215 729 1255 nosse
759 1197 1056 1268 potuerint.
1120 1194 1225 1249 Sed
1275 1194 1594 1264 responderi
1622 1208 1721 1263 po-

154 1302 267 1358 test,
302 1309 417 1347 non
449 1294 642 1347 deesse
707 1289 972 1360 quosdam
1018 1302 1084 1342 ex
1115 1283 1506 1352 Orientalibus,
1532 1286 1624 1356 qui
1655 1285 1722 1340 de

155 1386 383 1441 Eusebio
416 1392 608 1439 nostro
638 1383 774 1436 bene
804 1379 1096 1435 senserint.
1164 1377 1310 1433 lnter
1338 1393 1476 1448 quos
1504 1385 1587 1433 est
1618 1376 1722 1430 So-

152 1486 319 1532 crates
345 1484 403 1533 et
442 1476 694 1532 Gelasius
717 1474 1039 1546 Cyzicenus.
1071 1471 1225 1538 Quod
1281 1469 1325 1526 si
1359 1471 1600 1540 septima:
1639 1485 1722 1540 sy-

152 1571 267 1624 nodi
299 1569 660 1625 meumenicae
717 1567 986 1637 judicium
1059 1565 1214 1620 nobis
1279 1571 1605 1633 opponatur,
1663 1561 1720 1614 in

152 1670 401 1731 promptu
429 1667 514 1715 est
542 1659 848 1730 responsio.
880 1657 1066 1727 Neque
1097 1657 1242 1710 enim
1265 1653 1342 1708 'de
1373 1653 1592 1708 Eusebii
1619 1651 1722 1707 [ide

152 1751 406 1820 agebatur
435 1749 490 1802 in
519 1749 608 1801 illa
639 1747 867 1818 synodo,
902 1744 996 1801 sed
1026 1745 1092 1799 de
1115 1743 1411 1812 imaginum
1439 1741 1608 1795 cultu.
1637 1739 1720 1792 Ad

1824 543 1914 610 qui
1944 539 2255 596 Clironicum
2283 542 2401 610 ejus
2423 559 2672 596 canonem
2703 552 2755 597 et
2781 542 2978 596 librum
3013 541 3087 596 De
3115 544 3243 596 locis
3279 544 3394 596 He-

1823 635 2016 687 braicis
2042 635 2094 687 in
2128 631 2380 687 Latinum
2405 649 2714 692 sermonem
2741 640 3105 696 converterat,
3151 634 3254 687 hoc
3289 633 3397 687 Eu-

1821 726 2032 781 sebium
2059 725 2288 778 infatuat
2328 725 2528 796 elogio,
2579 724 2724 795 quod
2755 742 2821 779 ne
2871 725 3228 780 infcnsissimi
3267 726 3394 794 qui-

1821 818 1941 873 dem
1971 808 2156 874 hostes
2189 833 2430 888 unquam
2473 819 2546 871 illi
2579 819 2910 872 tribuerunt.
2947 817 3114 886 Cujus
3147 819 3220 872 rei
3261 833 3394 871 cau-

1821 926 1935 966 sam
1963 911 2208 966 invcnire
2259 926 2369 964 non
2419 926 2666 980 possum,
2696 911 2798 966 nisi
2829 911 2975 980 quod
3027 909 3394 981 Hieronymus

1821 1015 2079 1075 suscepto
2134 1005 2398 1060 adversus
2451 1004 2738 1075 Origenem
2800 1005 2948 1068 odio,
2995 1013 3223 1059 cunctos
3272 1004 3394 1073 ejus

1821 1096 2135 1165 dogmatum
2167 1094 2506 1160 defensores,
2561 1111 2624 1151 ac
2659 1098 2929 1168 praecipue
2964 1096 3260 1151 Eusebium
3287 1111 3393 1151 no-

1820 1199 1992 1244 strum
2024 1189 2313 1244 immodice
2335 1197 2418 1244 est
2443 1196 2782 1259 persecutus.
2817 1188 3116 1242 Fatendum
3165 1188 3388 1257 quidem

1819 1290 1920 1343 est,
1955 1279 2250 1335 Eusebium
2302 1287 2573 1343 nostrum,
2626 1281 2728 1335 etsi
2773 1279 3098 1334 Arianorum
3159 1277 3389 1350 signifer

1833 1372 2158 1426 meritodici
2193 1387 2300 1426 non
2332 1373 2523 1443 possit,
2560 1379 2740 1425 tamen
2785 1387 2906 1425 cum
2959 1370 3284 1424 Arianorum
3319 1370 3394 1424 si—

1819 1464 2045 1535 gniferis
2075 1472 2196 1534 post
2223 1464 2495 1518 Niczenam
2539 1463 2803 1534 synodum
2832 1470 3093 1532 perpetuo
3114 1467 3392 1515 versatum

1821 1558 2010 1620 fuisse,
2038 1564 2092 1610 et
2118 1572 2224 1612 una
2253 1571 2376 1610 cum
2406 1555 2512 1608 illis
2573 1556 2922 1624 impugnasse
2957 1553 3254 1606 catholicos
3277 1550 3395 1620 epi-

1822 1663 2039 1719 scopos,
2078 1647 2422 1704 Eustathium
2452 1647 2660 1702 scilicet
2691 1654 2747 1700 et
2787 1645 3165 1704 Athanasium,
3201 1641 3396 1712 praeci-

1823 1755 1961 1810 puos
1997 1739 2260 1794 Houocsu
2307 1737 2647 1792 defensores.
2685 1733 2819 1789 Illud
2859 1750 3078 1805 quoque
3132 1734 3186 1786 in
3223 1734 3394 1790 Eune-

152 1857 300 1912 quem
337 1838 770 1896 subvertendum
803 1853 928 1893 cum
984 1834 1283 1890 adversarii
1312 1833 1472 1903 paulo
1516 1837 1643 1886 ante
1664 1830 1720 1883 in
1748 1823 1792 1878 Β
1822 1833 1911 1887 hio
1940 1830 2444 1901 reprehendendum
2467 1830 2701 1894 videtur,
2722 1827 2866 1897 quod
2895 1827 3020 1879 licet
3036 1827 3392 1880 aeternitatem

152 1934 274 1988 urbe
299 1931 474 2003 Regia
502 1931 836 2002 congregati,
867 1926 1242 1984 testimonium
1279 1939 1346 1979 ex
1377 1921 1596 1978 Eusebii
1649 1921 1718 1976 ad

149 2023 530 2079 Constantiam
561 2021 792 2090 epistola
823 2018 1202 2089 protulissent,
1257 2027 1431 2082 eoque
1483 2009 1720 2065 maxime

154 2120 489 2182 niterentur;
529 2114 722 2168 Patres
773 2112 1018 2182 septima:
1069 2108 1263 2181 synodi
1311 2106 1379 2159 ad
1404 2103 1718 2159 elevandam

155 2211 306 2278 hujus
333 2207 641 2264 testimonii
685 2206 1068 2260 auctoritatem
1125 2201 1518 2259 acclamarunt,
1547 2194 1719 2249 Euse-

160 2305 294 2356 bium
321 2303 598 2356 Arianum
627 2298 816 2354 fuisse.
849 2296 1048 2352 Verum
1085 2295 1136 2349 id
1177 2293 1354 2348 obiter
1389 2297 1621 2352 tantum,
1652 2305 1718 2343 ex

153 2395 441 2450 occasione
473 2401 529 2449 et
563 2392 690 2446 odio
727 2390 876 2444 illius
913 2388 1157 2458 epistolae
1184 2387 1252 2442 ab
1270 2387 1349 2440 eis
1377 2384 1582 2438 factum
1608 2390 1714 2445 est,

152 2503 252 2542 non
295 2494 484 2542 autem
542 2486 669 2540 data
719 2497 917 2553 opera,
972 2489 1064 2535 aut
1110 2494 1276 2535 causa
1325 2480 1474 2549 prius
1531 2477 1720 2546 cogni-

162 2592 227 2632 ta.
272 2577 570 2631 Proferunt
613 2575 830 2645 quidem
875 2574 994 2627 loca
1055 2571 1300 2641 quaedam
1354 2586 1420 2625 ex
1458 2568 1715 2632 Eusebio,

157 2666 347 2734 quibus
389 2663 695 2734 approbent
729 2662 880 2715 illum
902 2659 1106 2714 Ariano
1131 2658 1369 2730 dogmati
1399 2657 1714 2712 adhaesisse.

155 2754 251 2811 Sed
276 2757 492 2812 nullum
550 2755 847 2810 discrimen
909 2752 1169 2807 adhibent
1219 2751 1360 2805 inter
1399 2751 1566 2804 libros
1597 2761 1720 2804 ante

153 2852 436 2907 concilium
465 2849 768 2912 Nicaenum,
804 2857 858 2903 et
888 2848 1028 2902 inter
1042 2861 1136 2902 eos
1157 2846 1248 2916 qui
1276 2851 1397 2914 post
1427 2844 1558 2898 illud
1589 2859 1722 2898 con-

156 2945 326 2998 cilium
363 2943 436 2998 ab
463 2943 703 2997 Eusebio
731 2948 859 2995 sunt
883 2938 1173 3003 elaborati,
1230 2936 1372 3006 quod
1401 2943 1581 2988 tamen
1605 2933 1718 2988 ﬁeri

155 3039 367 3093 omnino
398 3037 685 3100 debuerat,
719 3042 778 3088 ut
804 3033 870 3087 de
905 3032 1121 3088 Eusebii
1172 3030 1274 3084 fide
1309 3036 1516 3084 certum
1541 3042 1605 3082 ac
1643 3028 1720 3082 le-

156 3131 392 3198 gitimam
445 3128 717 3198 judicium
767 3131 1128 3195 promeretur.
1181 3121 1531 3191 Quaecunque
1575 3119 1719 3174 enim

156 3232 268 3277 ante
291 3222 573 3277 Nicmnam
608 3218 876 3291 synodum
911 3219 1112 3286 scripta
1167 3222 1313 3278 sunt,
1351 3213 1586 3269 Eusebio
1620 3212 1720 3268 ob-

154 3316 240 3383 jici
257 3327 308 3370 et
333 3315 599 3386 imputari
627 3329 734 3368 non
763 3313 980 3368 debent.
1013 3310 1184 3365 Porro
1232 3308 1449 3364 Eusebii
1492 3307 1718 3377 epistola

155 3410 214 3462 ad
247 3409 653 3471 Alexandrum,
708 3422 815 3476 qua
868 3420 967 3475 pro
1025 3404 1156 3458 Ario
1207 3402 1357 3455 illum
1391 3400 1718 3470 interpellat,

155 3503 346 3573 scripta
383 3511 470 3556 est
521 3499 713 3571 procul
739 3497 906 3552 dubio
959 3505 1084 3550 ante
1115 3494 1381 3559 synodum
1423 3491 1716 3545 Niczenam.

154 3591 379 3648 Proinde
404 3593 782 3648 testimonium
817 3589 948 3644 illud
981 3588 1204 3642 Patrum
1250 3587 1494 3655 septima:
1525 3582 1719 3654 synodi

155 3685 407 3740 adversus
436 3682 756 3745 Eusebium,
789 3681 890 3736 etsi
905 3679 1198 3734 maximam
1229 3676 1391 3731 habet
1421 3673 1720 3730 auctorita-

156 3782 274 3838 tem,
314 3783 500 3830 tamen
528 3771 908 3844 praajudicium
945 3770 1128 3841 potius
1153 3783 1314 3838 quam
1346 3765 1604 3836 synodale
1629 3764 1722 3834 ju-

155 3866 344 3920 dicium
377 3865 539 3920 nobis
567 3865 800 3919 videtur.
837 3861 942 3917 Sed
974 3860 1176 3917 Graicis
1205 3861 1364 3914 liceat
1390 3859 1457 3913 de
1486 3855 1722 3911 Eusebio

159 3968 334 4015 nostro
369 3960 446 4012 ita
493 3958 720 4022 sentire,
757 3971 992 4026 eumque
1030 3953 1243 4008 aﬂinem
1291 3951 1506 4006 Arianae
1549 3950 1722 4004 haere-

156 4051 218 4113 si,
254 4059 347 4106 aut
379 4052 543 4106 etiam
597 4051 860 4103 Arianum
919 4061 1137 4102 vocare.
1176 4043 1562 4115 Hieronymum
1594 4056 1725 4097 vero

157 4142 269 4210 quis
303 4145 578 4212 patienter
608 4142 764 4206 ferat,
793 4139 885 4208 qui
925 4154 1033 4194 non
1067 4145 1356 4192 contentus
1407 4136 1723 4190 haereticum

158 4232 297 4287 illum
321 4243 376 4290 et
406 4235 672 4288 Arianum
705 4233 905 4296 dicere,
930 4230 1256 4284 Arianorum
1276 4227 1596 4298 signiferum
1615 4241 1723 4280 non

159 4326 315 4380 semel
352 4324 649 4380 nominat?
681 4323 937 4380 Potestne
989 4321 1318 4375 Arianorum
1361 4318 1588 4390 signifer
1620 4331 1726 4372 me-

160 4416 252 4471 rito
277 4417 412 4480 dici,
442 4418 489 4472 is
521 4417 618 4486 qui
647 4416 976 4469 Arianorum
1018 4413 1213 4484 dogma
1271 4419 1395 4483 post
1448 4409 1724 4465 Nica‘nam

1821 1922 1942 1977 Filii
1985 1922 2081 1978 Dei
2105 1922 2369 1978 adversus
2391 1920 2625 1974 Arianos
2657 1933 2872 1988 semper
2929 1917 3247 1974 asseruerit.
3282 1914 3395 1967 llo-

1819 2024 1998 2064 lousu
2030 2016 2210 2064 tamen
2260 2023 2446 2064 vocem
2481 2023 2757 2077 nunquam
2794 2021 2861 2060 ex
2893 2007 3077 2060 animo
3119 2005 3389 2075 probavit.

1819 2097 1978 2153 Certe
2010 2113 2109 2153 nec
2137 2097 2192 2152 in
2222 2096 2379 2152 libris
2415 2108 2598 2149 contra
2633 2094 2686 2147 Μ
2695 2094 3086 2154 arcellum.nec
3109 2094 3163 2147 in
3189 2092 3393 2147 oratio-

1821 2190 1982 2246 nibus
2010 2188 2075 2244 de
2104 2188 2206 2259 ﬁde
2244 2188 2494 2242 adversus
2541 2185 2853 2251 Sabellium,
2892 2200 2956 2239 ea
2986 2199 3117 2238 voce
3155 2198 3393 2255 unquam

1822 2297 1954 2339 usus
1983 2290 2088 2335 est.
2113 2279 2227 2334 lmo
2275 2295 2404 2334 vero
2431 2279 2488 2331 in
2549 2277 2686 2332 libro
2731 2275 2972 2332 secundo
3011 2275 3257 2328 adversus
3287 2273 3392 2329 Sa-

1820 2373 2058 2436 bellium,
2085 2387 2195 2426 non
2227 2371 2463 2426 obscure
2494 2368 2764 2438 significat
2802 2383 2922 2422 eam
2953 2383 3163 2429 vocem,
3208 2377 3256 2420 ul
3267 2373 3394 2435 pote

1822 2481 1942 2536 quae
1974 2465 2029 2519 in
2064 2462 2363 2532 Scripturis
2402 2478 2510 2516 non
2546 2461 2778 2531 legatur,
2810 2459 2914 2515 sibi
2957 2459 3267 2529 displicere.
3303 2455 3395 2510 Sic

1820 2555 1963 2610 enim
1993 2555 2068 2608 ait
2097 2572 2111 2610 :
2152 2552 2298 2608 Sicut
2326 2569 2446 2622 ergo
2478 2551 2641 2606 dehis
2675 2567 2790 2620 qua:
2807 2558 3024 2617 possunt
3054 2550 3220 2618 quaeri
3249 2549 3392 2602 iner-

1823 2646 1951 2698 tium
1974 2655 2051 2699 est
2079 2660 2181 2697 non
2203 2659 2434 2714 quaerere
2458 2659 2476 2695 :
2508 2643 2584 2694 ita
2613 2641 2676 2693 de
2703 2641 2783 2692 liis
2812 2655 2929 2709 quia
2952 2656 3053 2692 non
3093 2654 3295 2691 necesse
3316 2645 3395 2691 est

1821 2739 2006 2807 quwri,
2037 2736 2267 2790 audacia
2296 2744 2372 2789 est
2393 2733 2680 2804 quwrendi.
2716 2733 2846 2796 Qua:
2874 2747 2997 2801 ergo
3037 2730 3221 2783 debent
3245 2745 3392 2798 quie-

1822 2829 1869 2881 ri
1883 2827 2058 2894 ?Qua3
2089 2827 2377 2881 invenimus
2400 2827 2453 2879 in
2511 2824 2799 2893 Scripturis
2839 2824 3032 2888 posita.
3070 2823 3201 2888 Qute
3217 2831 3392 2876 autem

1821 2921 1876 2974 in
1906 2919 2193 2989 Scripturis
2219 2936 2321 2972 non
2355 2919 2664 2981 invenimus,
2697 2934 2798 2970 non
2820 2932 3137 2984 qutcramus.
3176 2913 3235 2971 Si
3257 2915 3392 2968 enim

1824 3022 2084 3082 oporteret
2113 3013 2263 3068 nobis
2291 3029 2403 3066 esse
2427 3013 2660 3082 cognita,
2691 3011 2870 3079 utique
2896 3007 3126 3077 Spiritus
3181 3016 3394 3060 sanctus

1821 3107 2078 3175 posuisset
2102 3107 2156 3159 in
2205 3105 2517 3173 Scripturis.
2559 3101 2623 3155 Et
2669 3100 2964 3171 aliquando
3006 3107 3128 3169 post
3161 3098 3274 3152 haec
3299 3098 3395 3149 ha-

1824 3200 1915 3255 bet
1949 3217 1960 3253 ε
2003 3197 2125 3252 Non
2165 3197 2244 3250 ita
2296 3195 2671 3265 periclitemur,
2716 3193 2805 3246 sed
2859 3203 2966 3246 tute
3006 3193 3302 3259 loquamur.
3336 3187 3396 3242 Si

1822 3290 1946 3361 quid
1968 3300 2143 3343 autem
2173 3289 2427 3356 scriptum
2454 3295 2555 3352 est,
2591 3301 2654 3338 ne
2677 3283 2932 3337 deleatur.
2978 3283 3034 3336 In
3080 3282 3185 3338 line
3213 3290 3394 3335 autem

1823 3358 2091 3436 orationis
2139 3380 2214 3433 ita
2261 3378 2543 3448 loquitur:
2583 3375 2714 3442 Qua:
2752 3375 2948 3441 scripta
2973 3383 3094 3425 sunt
3139 3371 3319 3432 dicito,
3343 3378 3394 3422 et
3475 3358 3481 3364 ’

1823 3474 2209 3542 derelinquetur
2240 3471 2323 3524 lis.
2354 3469 2564 3535 Quibus
2598 3467 2778 3522 verbis
2804 3464 3116 3519 Houousrou
3147 3465 3264 3518 sine
3287 3461 3393 3514 du-

1823 3566 1915 3620 bio
1941 3562 2264 3635 perstringit
2297 3561 2588 3616 Eusebius.
2626 3557 2732 3614 Sed
2787 3572 2958 3623 nunc,
2989 3555 3035 3611 si
3082 3555 3277 3625 placet,
3303 3567 3395 3604 vc-

1823 3668 2000 3716 terum
2034 3658 2102 3714 de
2134 3655 2371 3713 Eusebio
2402 3653 2716 3710 testimonia
2768 3651 3074 3706 audiamus.
3107 3646 3166 3702 ln
3195 3643 3396 3715 quibus

1825 3753 1958 3809 illud
1984 3752 2223 3808 maxime
2253 3747 2652 3805 observandum
2688 3753 2790 3809 est,
2841 3743 2944 3798 etsi
2982 3742 3130 3795 varia
3178 3740 3397 3794 fuerunt

1825 3846 2106 3904 hominum
2136 3843 2206 3900 de
2235 3841 2475 3897 Eusebio
2501 3847 2690 3894 nostro
2732 3836 2955 3907 judicia,
3005 3831 3148 3902 quod
3175 3829 3396 3902 quidem

1825 3945 2035 4010 spectat
2079 3935 2148 3992 ad
2199 3933 2696 3990 ecclesiasticorum
2736 3927 3049 3998 dogmatum
3081 3921 3399 3994 puritatem,

1826 4048 2017 4089 omnes
2049 4042 2231 4086 tamen
2271 4040 2500 4082 summae
2534 4021 2854 4078 eruditionis
2890 4017 3100 4073 laudem
3129 4030 3237 4068 uno
3266 4027 3400 4066 con-

1827 4140 1991 4180 sensu
2027 4124 2077 4178 ei
2127 4121 2404 4176 tribuisse.
2436 4116 2589 4172 Unus
2636 4113 2860 4168 Patrum
2895 4108 3157 4164 memoria
3190 4103 3400 4159 exstitit

1824 4217 2097 4288 Iosephus
2145 4211 2411 4283 Scaliger,
2442 4209 2535 4278 qui
2592 4203 2858 4277 praecipiti
2890 4200 3124 4272 quadam
3170 4193 3399 4288 audacia

1828 4327 1893 4366 ac
1932 4286 2293 4366 maledicendi
2335 4302 2558 4358 libidine
2607 4300 2886 4365 abreptus,
2948 4295 3089 4346 hanc
3141 4286 3402 4344 doctrina:

1828 4405 2078 4476 gloriam,
2095 4412 2259 4468 quam
2279 4408 2379 4449 nec
2389 4389 2687 4447 adversarii
2699 4386 2932 4442 Eusebio
2945 4395 3181 4451 unquam
3195 4375 3402 4431 invide-

158 4510 418 4578 synodum
444 4468 709 4583 perpetuo
737 4506 1046 4562 damnavit?
1091 4468 1378 4576 iegaritur
1427 4504 1550 4573 ejus
1601 4500 1721 4556 libri
1753 4517 1804 4575 ι)
1830 4468 1976 4559 runt,
2003 4493 2052 4547 ei
2078 4491 2320 4544 adimere
2345 4489 2575 4540 conatus
2603 4487 2708 4536 est.
2734 4477 2867 4548 Ejus
2889 4475 3050 4528 verba
3081 4475 3128 4526 si
3156 4468 3280 4583 q‘l'tis
3305 4481 3404 4568 cu.-

160 4602 603 4659 Deesclesiastica
643 4602 920 4672 theologia,
967 4616 1105 4673 quos
1167 4607 1357 4655 contra
1405 4597 1720 4652 Marcellum

160 4699 371 4768 scripsit
399 4699 495 4752 diu
548 4704 674 4767 post
704 4695 997 4750 concilium
1034 4693 1337 4748 Nicaznum.
1377 4690 1726 4746 Inveniemus

160 4789 204 4841 id
235 4789 380 4860 quod
409 4789 546 4852 dixi,
581 4788 870 4843 damnatos
903 4786 970 4839 ab
1015 4801 1079 4841 eo
1121 4785 1290 4839 fuisse
1339 4783 1430 4853 qui
1481 4783 1728 4836 dicerent

162 4879 348 4935 Filium
375 4880 472 4937 Dei
502 4881 572 4936 de
601 4894 710 4934 non
740 4877 1085 4934 exstantibus
1119 4892 1242 4932 esse
1263 4875 1490 4935 factum,
1514 4881 1567 4928 et
1591 4872 1728 4928 fuis-

161 4987 212 5026 se
237 4979 452 5041 tempus
491 4986 618 5026 cum
647 4985 756 5026 non
796 4975 964 5026 esset.
999 4966 1144 5024 Idem
1191 4966 1356 5022 etiam
1396 4967 1465 5021 de
1490 4964 1728 5019 Eusebio

161 5070 388 5118 testatur
421 5064 756 5118 Athanasius
815 5062 873 5116 in
905 5059 1150 5130 Epistola
1192 5059 1256 5113 de
1280 5057 1503 5112 decretis
1539 5055 1729 5127 synodi

163 5154 392 5211 Nicena:
420 5157 509 5212 his
564 5155 778 5212 verbis:
820 5154 888 5207 Et
918 5153 1152 5223 profecto
1182 5151 1366 5220 infelix
1413 5151 1466 5204 in
1514 5165 1573 5203 eo
1604 5147 1725 5218 fuit.

168 5243 229 5297 Et
254 5248 394 5300 enim
420 5248 650 5317 seipsum
679 5254 950 5315 purgaret,
980 5243 1246 5296 accusavit
1278 5239 1514 5308 deinceps
1569 5238 1730 5290 Aria-

165 5355 273 5402 ρος,
301 5339 438 5410 quod
469 5357 590 5393 cum
627 5339 858 5392 dicerent
902 5335 1104 5389 Filium
1159 5333 1257 5386 Dei
1318 5349 1419 5386 non
1467 5330 1733 5386 exstitisse
1803 5351 1812 5358 ·

167 5439 436 5499 antequam
477 5431 798 5501 gigneretur,
825 5428 920 5480 hoc
947 5434 1101 5495 pacto
1130 5432 1375 5494 negarent
1405 5439 1521 5476 eum
1571 5422 1734 5475 exsti-

169 5521 288 5575 tisse
346 5533 463 5577 ante
503 5521 945 5576 incarnationem.
1007 5516 1073 5570 Et
1121 5515 1455 5569 Athanasius
1490 5514 1731 5582 quidem,

169 5614 254 5681 qui
305 5615 544 5682 privatas
595 5612 912 5666 inimicitias
955 5624 1079 5664 cum
1109 5606 1345 5660 Eusebio
1402 5606 1593 5674 gessit,
1631 5603 1734 5656 hoc

174 5701 399 5761 Eusebio
452 5703 701 5775 perhibet
745 5700 1137 5756 testimonium.
1196 5695 1559 5765 Hieronymus
1607 5707 1736 5745 vero

173 5795 258 5863 qui
291 5797 467 5850 nullas
518 5796 630 5852 odii
689 5809 884 5849 causas
914 5793 1176 5847 adversus
1244 5788 1536 5844 Eusebium
1567 5785 1736 5839 liabe-

1828 4589 1909 4661 pit
1947 4597 2295 4657 cognoscere,
2331 4581 2472 4634 inter
2491 4572 2803 4633 testimonia
2844 4577 3088 4625 veterum
3119 4558 3405 4660 collocavi-

1826 4649 1951 4736 inus
1984 4649 2161 4733 :vnon
2193 4671 2340 4742 quod
2373 4669 2494 4739 ejus
2541 4663 2812 4736 judicium
2863 4660 2964 4714 hac
3019 4653 3320 4730 praesertim
3343 4649 3400 4701 in

1828 4781 1987 4846 parte
2047 4768 2231 4840 magni
2288 4765 2591 4824 faciamus,
2636 4755 2731 4813 sed
2761 4769 2826 4810 eo
2852 4751 3036 4822 potius
3059 4743 3310 4846 consilio,
3336 4747 3400 4842 ut

1829 4831 2290 4935 importuua'ejus
2320 4849 2699 4912 maledicentia
2732 4845 2976 4901 omnium
3037 4837 3207 4935 oculis
3230 4831 3400 4900 subji-

1829 4927 2066 5013 ceretur.
2099 4927 2357 5020 Quicum
2416 4947 2472 5003 in
2502 4941 2823 5000 Chronicum
2883 4931 3103 4989 Eusebii
3137 4927 3400 4984 Canonem

1829 5048 2266 5109 Commentarios
2294 5041 2536 5098 scribere
2579 5034 2927 5092 instituisset,
2985 5028 3038 5080 in
3076 5026 3194 5094 ipso
3213 5017 3397 5089 operis

1831 5143 2056 5202 exordio
2090 5135 2438 5211 reprehendit
2469 5132 2885 5199 Hieronymum,
2918 5120 3063 5212 quod
3105 5109 3397 5212 Eusebium

1839 5695 1984 5749 aliud
2014 5702 2227 5761 tempus
2252 5683 2611 5758 opportunius
2640 5676 2940 5732 diﬂcretur.
