3812 6318
379 481 3615 524 W

814 666 1390 762 VETERUM
1466 655 2213 753 TESTIMONIA
2285 655 2523 750 PRO
2600 653 3163 747 EUSEBIO.

603 1013 686 1065 Ea:
731 1012 952 1081 epistola
982 1008 1317 1064 Constantini
1356 1007 1539 1076 Magni
1568 1007 1637 1061 ad
1659 1006 2030 1072 Antiochenos,
2064 1024 2220 1077 quam
2246 1007 2404 1076 refert
2429 1005 2686 1061 Eusebius
2710 1006 2763 1059 in
2791 1004 2905 1074 ejus
2937 1003 3080 1071 Vita,
3113 1018 3234 1074 pag.
3261 1000 3390 1058 516.

439 1152 640 1210 Fateor
672 1157 814 1212 enim
848 1155 1141 1227 perlegisse
1186 1168 1273 1208 me
1305 1152 1436 1206 Acta
1468 1150 1522 1203 in
1543 1149 1742 1220 quibus
1775 1161 1836 1201 ex
1868 1145 2184 1201 honoriﬁcis
2227 1145 2554 1200 testimoniis
2580 1161 2644 1200 ac
2675 1149 2966 1216 prazconiis
3008 1151 3203 1208 vestris
3233 1152 3287 1206 in
3322 1148 3632 1207 Eusebium

369 1251 763 1308 Caesariensem
805 1253 1146 1321 episcopum,
1181 1265 1339 1318 quem
1372 1262 1472 1316 ego
1495 1260 1709 1315 quoque
1735 1252 1788 1298 et
1816 1242 2076 1298 doctrinm
2109 1250 2163 1297 et
2189 1241 2467 1297 modestia:
2504 1255 2668 1296 causa
2695 1241 3016 1310 jamdudum
3050 1248 3218 1316 probe
3261 1247 3406 1308 novi,
3439 1261 3540 1300 vos
3571 1245 3632 1299 in

370 1361 494 1399 eum
526 1359 822 1415 propensos
850 1359 992 1406 esse,
1022 1358 1255 1412 cumque
1287 1341 1440 1395 vobis
1466 1341 1746 1395 vindicare
1779 1339 1915 1393 velle
1944 1337 2207 1408 comperi.
2247 1335 2314 1390 Et
2357 1338 2516 1405 paulo
2547 1345 2664 1404 post
2687 1353 2705 1389 :
2747 1335 3010 1406 Equidem
3043 1339 3220 1393 virum
3254 1340 3407 1393 illum
3461 1351 3631 1408 quem

370 1453 467 1492 vos
497 1445 551 1491 et
585 1437 792 1491 honore
821 1447 874 1492 et
904 1435 1278 1492 benevolentia
1303 1435 1525 1504 dignum
1553 1433 1836 1502 judicatis,
1870 1433 2166 1504 plurimum
2200 1429 2385 1486 laudo.
2416 1428 2533 1484 Non
2564 1440 2744 1483 tamen
2777 1430 2912 1485 adeo
2936 1430 3140 1502 de5pici
3158 1438 3374 1502 oportet
3402 1431 3456 1484 id
3479 1432 3634 1501 quod

370 1528 512 1598 apud
548 1529 794 1597 singulos
827 1537 1003 1582 ratum
1041 1527 1364 1598 ﬁrmumque
1387 1543 1604 1582 manere
1633 1526 1917 1587 debuerat,
1951 1533 2009 1577 ut
2031 1523 2232 1594 singuli
2269 1525 2509 1578 contenti
2546 1538 2654 1576 non
2684 1523 2794 1577 sint
2825 1525 3111 1579 sententiis
3144 1525 3280 1587 suis,
3311 1533 3418 1578 etc.

369 1641 455 1696 Ea:
498 1642 733 1712 ejusdem
786 1642 1123 1699 Constantini
1167 1643 1236 1696 ad
1290 1641 1573 1697 Eusebium
1612 1639 1858 1711 epistola,
1907 1655 2177 1763 quabpgm
2204 1638 2423 1703 laudat,
2467 1639 2604 1710 quod
2645 1641 3023 1695 Antiochenam
3062 1639 3235 1694 sedem
3286 1638 3629 1703 recusaverit,

1413 1739 1431 1756 .
1851 1727 1971 1763 pan.
2129 1751 2142 1763 .

1413 1739 1431 1756 .
1849 1727 1971 1780 pag.
2017 1727 2142 1765 om.

439 1829 736 1900 Epistolam
767 1838 916 1885 tuam
947 1832 1146 1902 saepius
1193 1830 1319 1900 legi,
1363 1838 1417 1886 et
1454 1830 1839 1887 ecclesiastica:
1867 1827 2169 1898 disciplinae
2218 1828 2465 1898 regulam
2523 1829 2941 1887 accuratissime
2995 1831 3341 1886 observatam
3376 1844 3407 1883 a
3439 1837 3494 1884 te
3523 1843 3637 1884 co-

267 1993 276 2006 ,
368 1923 550 1994 gnovi.
584 1922 742 1976 Enim
770 1939 904 1978 vero
935 1924 992 1977 in
1020 1939 1082 1978 ea
1107 1925 1375 1979 sententia
1399 1931 1662 1994 perstare,
1693 1936 1814 1992 quae
1845 1929 1898 1976 et
1922 1920 2032 1976 Deo
2063 1929 2306 1991 accepta,
2334 1928 2389 1976 et
2407 1921 2722 1990 apostolica:
2746 1923 3026 1978 traditioni
3054 1937 3296 1993 congrua
3314 1938 3438 1978 esse
3459 1919 3644 1974 videa-

371 2023 496 2075 ιυτν
550 2033 777 2073 summa:
803 2018 1020 2088 pietatis
1067 2029 1169 2074 est.
1212 2017 1293 2072 Tu
1321 2018 1539 2087 quidem
1575 2017 1792 2071 beatum
1826 2026 1878 2070 te
1909 2016 1962 2070 in
2015 2017 2118 2070 hoc
2162 2015 2280 2086 ipso
2308 2015 2626 2070 existimare
2658 2018 2849 2081 debes,
2881 2015 2976 2087 qui
3011 2016 3182 2070 totius
3233 2012 3635 2084 propemodum

370 2102 523 2158 orbis
553 2106 886 2170 testimonio,
910 2107 1106 2178 dignus
1126 2107 1393 2161 universae
1416 2106 1672 2160 Ecclesiae
1686 2107 1998 2176 episcopatu
2025 2104 2303 2173 judicatus
2331 2106 2430 2161 sis.
2450 2104 2582 2159 Nam
2606 2121 2729 2160 cum
2762 2123 2954 2163 omnes
2977 2115 3030 2160 te
3057 2105 3200 2177 apud
3222 2119 3279 2159 se
3307 2104 3633 2174 episcOpum

370 2212 494 2254 esse
521 2200 784 2264 ambiant,
819 2202 958 2254 hanc
983 2209 1131 2254 tuam
1175 2200 1485 2254 felicitatem
1518 2199 1637 2254 sine
1673 2199 2045 2252 controversia
2078 2196 2367 2267 adaugent.
2408 2196 2607 2252 Verum
2655 2199 2964 2254 rectissime
2997 2198 3125 2254 fecit
3172 2197 3461 2268 prudentia
3513 2205 3634 2260 tua,

371 2303 498 2358 qua:
519 2299 573 2344 et
605 2291 866 2346 mandata
896 2290 1013 2354 Dei,
1049 2299 1101 2344 et
1127 2290 1482 2360 apostolicam
1542 2297 1708 2358 atque
1755 2287 2186 2342 ecclesiasticam
2243 2289 2487 2358 regulam
2531 2290 2812 2346 custodire
2842 2291 3032 2346 statuit
3070 2309 3085 2357 ;
3115 2291 3488 2361 episcopatum
3519 2287 3640 2343 An-

372 2380 673 2438 tiochensis
705 2381 965 2439 Ecclesia:
1011 2382 1321 2452 repudians,
1349 2389 1403 2438 et
1424 2381 1481 2436 in
1514 2396 1579 2436 eo
1614 2381 1795 2451 potius
1817 2394 2134 2450 permanere
2162 2380 2516 2449 desiderans,
2547 2399 2710 2454 quem
2744 2383 2838 2439 Dei
2861 2384 3181 2438 mandatum
3209 2386 3278 2440 ab
3309 2384 3469 2440 initio
3503 2398 3638 2440 sus.

372 2473 631 2545 cepisset.

977 2588 1060 2642 Ea:
1083 2588 1312 2658 ejusdem
1343 2586 1685 2642 Constantini
1706 2585 1929 2655 epistola
1957 2588 2025 2639 ad
2044 2588 2300 2658 synodum
2321 2589 2724 2657 Antiochenam,
2752 2609 2876 2664 pag.
2899 2593 3025 2648 5l9.

439 2706 576 2780 Legi
593 2709 802 2763 litteras
831 2722 862 2760 a
902 2716 1084 2761 vestra
1104 2705 1392 2760 sanctitate
1416 2703 1674 2772 scriptas,
1699 2709 1752 2758 et
1787 2702 2002 2758 Eusebii
2037 2703 2257 2774 collega:
2289 2705 2457 2759 vestri
2490 2705 2732 2775 prudens
2754 2708 3094 2778 pr0positum
3117 2709 3353 2764 laudavi.
3387 2710 3646 2780 Cumque

378 2811 578 2858 cuncta
624 2817 744 2872 quae
776 2807 928 2871 gesta
981 2807 1132 2865 sunt,
1189 2797 1385 2867 partim
1421 2811 1486 2850 ex
1520 2796 1736 2868 vestris,
1800 2794 1995 2864 partim
2036 2810 2101 2847 ex
2153 2795 2676 2863 perfectissimorum
2723 2801 3008 2865 vivorum,
3057 2801 3241 2855 Acacii
3291 2810 3345 2856 et
3377 2800 3645 2872 Strategii

385 2897 646 2953 comitum
677 2895 870 2948 litteris
905 2894 1306 2962 cognovisscm,
1342 2903 1564 2956 remque
1599 2895 1658 2940 ut
1709 2885 1934 2940 decebat
1963 2895 2220 2942 accurate
2249 2891 2632 2958 expendissem
2655 2933 2668 2956 ,
2714 2893 2912 2962 scripsi
2942 2893 3008 2948 ad
3045 2895 3302 2962 populum
3337 2895 3645 2950 Antioche-

380 3007 537 3056 nnm,
564 2990 693 3060 quid
723 2987 835 3042 Deo
865 2994 1148 3054 acceptum
1183 2990 1236 3036 et
1267 2981 1524 3035 Ecclesia:
1565 2993 1863 3049 congruum
1893 2988 2058 3033 esset.
2096 2978 2228 3048 Ejus
2277 2980 2519 3049 epistola:
2567 2983 2879 3051 exemplum
2915 2983 2998 3039 bis
3029 2983 3222 3040 litteris
3256 2985 3453 3054 subjici
3503 3001 3651 3056 pra-

379 3089 519 3161 cepi,
582 3095 641 3142 ut
677 3101 777 3141 vos
811 3096 1144 3155 cognoscere
1178 3078 1423 3149 possitis,
1460 3076 1721 3146 quidnam
1753 3091 1853 3146 ego
1882 3076 2025 3146 juris
2075 3078 2286 3131 ratione
2315 3088 2642 3146 provocatus
2671 3080 2986 3148 scripserim
3033 3081 3100 3135 ad
3149 3083 3411 3152 populum
3445 3083 3651 3137 Antio-

374 3182 611 3238 chenum
647 3198 660 3234 :
698 3173 1140 3248 quandoquidem
1173 3171 1276 3225 hoc
1314 3170 1512 3224 litteris
1549 3169 1748 3222 vestris
1788 3168 2196 3232 continebatur,
2235 3175 2295 3222 ut
2341 3168 2497 3238 juxta
2548 3169 2732 3239 populi
2786 3177 2840 3224 et
2875 3169 3178 3240 prudentia:
3210 3180 3405 3227 vestra:
3436 3172 3652 3227 suifra-

375 3275 524 3345 gium
552 3288 615 3328 ac
649 3273 1009 3332 voluntatem,
1073 3265 1345 3321 Eusebius
1397 3263 1785 3318 sanctissimus
1818 3263 2234 3316 Cmsariensium
2271 3262 2564 3334 episeopus
2611 3264 2962 3320 Antiochense
2989 3265 3248 3320 Ecclesiae
3299 3268 3650 3336 praesideret.

326 3362 334 3370 ’
375 3366 603 3436 ejusque
651 3378 838 3418 curam
892 3360 1214 3430 susciperet.
1261 3357 1337 3412 Ac
1379 3357 1576 3411 littera:
1627 3355 1846 3426 quidem
1891 3353 2112 3409 Eusebii
2201 3354 2591 3410 ecclesiasticae
2634 3355 2737 3426 legi
2783 3358 3015 3413 maxime
3066 3359 3332 3414 inhaerere
3377 3361 3653 3417 videban-

379 3467 490 3521 tur,
530 3465 639 3511 etc.

547 3569 633 3624 Ea:
655 3569 888 3640 ejusdem
913 3568 1254 3624 Constantini
1289 3566 1357 3620 ad
1389 3565 1676 3618 Eusebium
1728 3527 1973 3633 epistola,
2009 3563 2062 3616 in
2085 3579 2190 3634 qua
2222 3563 2412 3618 librum
2443 3564 2587 3619 illius
2617 3564 2692 3622 De
2722 3567 2932 3622 Pascha
2960 3567 3168 3634 laudat,
3190 3585 3312 3641 pag.
3339 3572 3464 3629 543.

451 3689 718 3745 Eximiam
746 3697 896 3744 tuam
929 3688 1234 3744 doctrinam
1261 3696 1315 3742 et
1338 3685 1504 3742 studii
1536 3685 1940 3740 contentionem
1970 3685 2222 3755 equidem
2254 3701 2418 3755 supra
2443 3686 2665 3741 modum
2700 3686 3004 3743 admiratus
3032 3707 3174 3754 sum,
3197 3691 3410 3764 legique
3442 3695 3655 3751 librum

377 3790 538 3840 tuum
579 3784 943 3854 perlibenter:
1005 3791 1174 3852 utque
1204 3781 1258 3834 in
1286 3781 1578 3834 multorum
1607 3779 1700 3849 qui
1730 3779 1927 3834 divinae
1973 3779 2254 3849 religionis
2277 3780 2682 3835 observantiam
2725 3785 2939 3838 sincere
2968 3782 3312 3854 profitentur,
3346 3801 3550 3843 manus
3585 3803 3656 3843 ac

381 3877 630 3930 notitiam
671 3876 1002 3947 perveniret,
1031 3874 1494 3945 quemadmodum
1553 3884 1862 3944 optaveras,
1915 3875 2186 3928 mandavi.
2225 3873 2362 3928 Cum
2394 3875 2560 3944 igitur
2593 3877 2865 3947 intelligas
2892 3917 2906 3941 ,
2962 3886 3168 3948 quanta
3205 3895 3327 3934 cum
3364 3884 3659 3952 voluptate

383 3970 695 4040 bujusmodi
729 3985 958 4026 munera
987 3985 1017 4024 a
1049 3970 1268 4026 solertia
1302 3976 1394 4022 tua
1427 3968 1585 4023 nobis
1612 3968 1793 4023 oblata
1842 3970 2195 4040 suscipimus,
2232 3984 2365 4025 cura
2408 3978 2467 4024 ut
2509 3970 2971 4040 frequentior-ibus
3020 3974 3250 4041 posthac
3296 3977 3661 4035 sermonibus

381 4060 582 4131 quibus
609 4069 662 4115 te
691 4062 1016 4116 innutritum
1047 4075 1170 4116 esse
1197 4059 1470 4132 proﬁteris
1490 4098 1504 4124 ,
1533 4059 1776 4112 animum
1807 4068 2057 4114 nostrum
2087 4061 2389 4116 exhilares.

499 4173 610 4261 Ἐκ
631 4175 856 4244 epistola
875 4174 1111 4245 ejusdem
1137 4174 1475 4230 Constantini
1503 4174 1570 4228 ad
1597 4172 1878 4228 Eusebium
1914 4174 1978 4228 de
2018 4174 2356 4244 conﬁciendis
2381 4192 2551 4230 sacra.-
2582 4175 2874 4245 Scriptura,
2900 4177 3186 4244 codicibus,
3223 4198 3342 4252 pag.
3369 4182 3500 4237 545.

457 4285 644 4344 Visum
672 4297 756 4343 est
781 4291 926 4344 enim
956 4290 1008 4344 id
1041 4289 1349 4360 signiﬁcare
1380 4289 1682 4360 prudentia:
1733 4295 1871 4349 ture.
1903 4294 1963 4340 ut
2002 4290 2403 4360 quinquaginta
2437 4290 2656 4346 codices
2691 4291 3000 4346 divinarum
3037 4292 3474 4366 Scripturarum.
3502 4314 3656 4368 qua-

384 4395 503 4438 rum
527 4390 846 4454 apparatum
868 4391 923 4438 et
953 4398 1113 4439 usum
1142 4384 1378 4437 maxime
1408 4381 1782 4437 necessarium
1818 4379 2076 4436 Ecclesia:
2109 4397 2230 4437 esse
2267 4382 2546 4452 intelligis,
2575 4381 2630 4436 in
2670 4384 3006 4438 membranis
3034 4388 3202 4456 probe
3236 4390 3545 4458 apparatis.
3585 4393 3665 4446 ab

386 4474 690 4532 artiﬁcibus
723 4477 1050 4548 antiquariis
1076 4484 1306 4534 venuste
1338 4475 1616 4533 scribendi
1647 4473 1998 4547 peritissimis
2023 4473 2264 4530 describi
2287 4475 2475 4542 facias,
2502 4477 2596 4548 qui
2623 4484 2678 4533 et
2703 4477 2805 4550 legi
2829 4476 3022 4542 facile,
3054 4488 3108 4534 ct
3148 4481 3215 4534 ad
3244 4496 3465 4537 onmem
3486 4498 3664 4540 usum

385 4572 725 4631 circumferri
759 4577 992 4647 possint.

390 4685 474 4742 Ea:
495 4687 710 4745 Eusebii
754 4689 1176 4746 Nicomediensis
1200 4689 1425 4759 epistola
1452 4689 1521 4743 ad
1539 4689 1860 4763 __Pauli_num
1891 4690 2190 4763 episcopum
2246 4689 2396 4760 Tyri,
2428 4707 2586 4760 quam
2638 4690 2798 4760 refert
2836 4691 3183 4746 Theodoritus
3207 4695 3261 4747 in
3291 4693 3429 4748 libro
3471 4695 3663 4763 primo

1539 4759 1792 4815 Historia:
1837 4761 2245 4825 ecclesiasticas,
2280 4759 2394 4828 cap.
2433 4759 2484 4816 5.

463 4877 574 4934 Nec
613 4876 817 4933 domini
852 4877 958 4933 mei
980 4877 1199 4934 Eusebii
1223 4891 1322 4947 pro
1344 4874 1544 4930 tuenda
1578 4876 1804 4931 veritate
1831 4877 2072 4932 studium
2108 4875 2331 4930 silentio
2358 4878 2675 4929 mandatum
2704 4884 2807 4945 est,
2835 4891 2935 4933 nec
2962 4883 3081 4942 tua,
3112 4875 3357 4942 domine,
3389 4875 3446 4932 in
3461 4879 3664 4934 eadem

392 4982 456 5024 re
481 4971 841 5026 taciturnitas.
867 4971 948 5025 Ad
978 4987 1078 5026 nos
1109 4974 1255 5028 enim
1286 4971 1352 5026 de
1387 4980 1617 5040 utroque
1653 4970 1792 5025 fama
1825 4973 2073 5042 pervenit
2110 4991 2124 5027 :
2161 4979 2213 5028 et
2257 4971 2404 5043 quod
2436 4985 2780 5040 consequens
2830 4979 2980 5039 erat,
3023 4969 3245 5027 Eusebii
3273 4970 3485 5026 domini
3544 4976 3667 5031 mei

393 5072 564 5114 causa
592 5059 851 5124 laetitiam,
887 5067 981 5115 tua
1013 5076 1142 5114 vero
1175 5060 1418 5114 dolorem
1447 5062 1715 5130 cepimus.

1079 5179 1163 5234 Ea:
1202 5179 1335 5233 libro
1359 5178 1552 5234 Basilii
1581 5178 1650 5232 ad
1683 5179 2104 5248 Amphilochium
2130 5179 2202 5235 De
2228 5177 2436 5251 Spiritu
2471 5188 2683 5245 sancto,
2706 5195 2820 5250 cap.
2857 5180 2950 5236 29.

471 5290 626 5357 Quod
647 5292 693 5347 si
713 5295 796 5347 cui
815 5294 1132 5350 Palaestinus
1147 5293 1415 5350 Eusebius
1431 5302 1648 5365 propter
1672 5297 1965 5350 multarum

2165 5298 2210 5350 Et
2250 5296 2307 5350 δέ
2339 5315 2415 5368 τῳ
2461 5299 2554 5352 καὶ
2583 5301 2610 5352 ὁ
2651 5298 3004 5362 Παλαιστινὸς
3052 5297 3310 5365 Εὐσέϐιος
3341 5299 3670 5367 ἀξιόπιστος

400 5398 586 5437 rerum
641 5385 892 5454 peritiam
954 5387 1180 5443 idoneus
1237 5386 1488 5452 videtur,
1547 5389 1634 5444 cui
1699 5389 1905 5443 habeatl

2194 5387 2583 5464 πολυπειρίαν,
2621 5391 2872 5445 κάκείνου
2925 5391 3024 5454 τὰς
3072 5392 3239 5456 αὐτὰς
3301 5392 3486 5462 φωνὰς
3532 5395 3673 5450 ἑπι-

403 5471 562 5535 ﬁdes,
600 5473 747 5529 illius
797 5492 1010 5547 quoque
1051 5479 1270 5535 easdem
1308 5494 1470 5535 voces
1517 5479 1860 5536 ostendimus

2163 5499 2364 5554 κνυμεν
2398 5487 2456 5538 ἐν
2499 5487 2610 5548 τοῖς
2644 5485 3034 5557 ὲπαπορήμασι
3065 5489 3207 5555 Περὶ
3253 5485 3367 5555 τῆς
3395 5486 3521 5543 τῶν
3549 5488 3668 5562 ἀρ-

403 5564 799 5635 qumstionibus
825 5567 902 5623 De
921 5571 1216 5638 priscorum
1236 5571 1537 5642 polygamia
1556 5570 1652 5644 (a).

1178 5589 1216 5626 at
1236 5571 1537 5642 polygamia
1556 5570 1652 5644 (a).
2076 5577 2264 5646 καίων
2293 5577 2683 5648 πολυναμιας.

477 5744 553 5818 (al
586 5742 760 5816 Hujus
783 5748 905 5802 libri
939 5753 1178 5810 meminit
1196 5752 1463 5810 Eusebius
1492 5755 1545 5810 in
1576 5757 1670 5812 lib.
1698 5773 1771 5814 vn
1810 5755 2254 5825 Pra’parationis,
2280 5771 2401 5827 cap.
2429 5758 2480 5812 8.
