3812 6324
137 301 167 355 ἶ)
1129 315 1448 370 VETERUM
1483 313 1894 370 TESTIMO‘NIA
1938 313 2077 372 PRO
2115 313 2427 372 EUSEBIO.
3318 326 3387 381 70
3410 355 3423 362 -

208 413 261 469 ετ
280 415 398 471 ίίδτο
433 419 939 486 Quaestionum
985 431 1200 490 Veteris
1223 450 1284 489 ac
1308 433 1444 489 Novi
1478 432 1814 488 Testamenti
1847 435 1934 503 qui
1952 435 2090 490 inter
2129 437 2411 509 Augustini
2451 435 2624 505 Opera
2645 446 2722 491 est
2750 437 2940 503 editus,
2967 455 3084 508 cap.
3117 437 3236 494 125.

164 533 428 591 lleininimus
463 538 529 591 in
569 544 901 608 quodam
943 550 1143 606 libello
1175 550 1671 620 Eusebiiquondam
1693 551 1891 621 egregii
1922 551 1974 604 in
2008 552 2230 622 reliquis
2253 555 2351 608 viri
2378 553 2592 624 legisse,
2621 554 2748 624 quia
2765 569 2865 610 nec
2887 553 3122 625 Spiritus
3152 563 3382 611 sanctus

125 627 207 679 sciti
226 628 518 696 mysterium
554 628 983 695 Nativitatis
1020 639 1231 696 Domini
1259 642 1429 696 nostri
1454 639 1581 696 Jesu
1604 641 1827 705 Christi,
1862 649 1916 696 et
1941 641 2182 697 admiror
2215 652 2378 700 tanta:
2411 645 2676 701 doctrina:
2711 645 2888 702 virum
2935 646 3078 701 hanc
3109 647 3385 700 maculam

124 717 268 787 Spiritui
294 730 478 776 sancto
508 722 901 784 innixisse.

888 844 1002 900 Ea:
1057 847 1274 917 epistola
1302 847 1372 902 65
1402 847 1729 918 Hieronymi,
1782 847 1850 903 ad
1879 847 2279 904 Pammachium
2305 860 2355 906 et
2387 851 2672 910 Oceanum.

165 942 458 1006 Fortissimos
502 949 720 1008 libros
758 965 1004 1012 contra
1038 958 1390 1030 Porphyrium
1419 961 1612 1015 scribit
1655 961 2044 1031 Apollinarius,
2075 963 2479 1019 ecclesiasticam
2510 966 2736 1037 pulchre
2780 967 3047 1026 Eusebius
3077 965 3377 1022 Historiam

133 1045 255 1098 iuuit.
277 1044 406 1099 Alter
433 1060 657 1101 eorum
700 1049 1112 1108 dimidiatam
1135 1054 1334 1111 Christi
1371 1056 1672 1111 introduxit
1706 1059 2063 1115 mconomiam
2097 1061 2274 1129 ,altcr
2299 1063 2588 1133 impietatis
2622 1063 2736 1118 Arii
2767 1065 3150 1135 apertissimus
3174 1075 3380 1135 propu-

137 1146 259 1205 grator
272 1146 353 1192 est.

945 1237 1041 1292 Ea:
1069 1238 1395 1309 Apologetico
1425 1240 1655 1309 ejusdem
1688 1241 1997 1314 Hieronymi
2032 1243 2281 1299 adversus
2307 1243 2574 1316 Rufinum.

179 1348 435 1413 Salibros,
471 1359 539 1404 ut
572 1359 722 1407 ante
759 1353 903 1422 jam
943 1353 1090 1419 dixi,
1122 1353 1385 1412 Eusebius
1417 1356 1768 1415 Caesariensis
1797 1361 2087 1430 episcopus
2114 1399 2129 1424 ,
2174 1359 2388 1415 Ariana:
2425 1361 2696 1432 quondam
2722 1359 2948 1432 signifer
2977 1359 3247 1425 factionis,
3280 1375 3380 1432 pro

145 1447 303 1514 (ingene
341 1447 601 1514 scripsit,
640 1449 1035 1505 latissimum
1065 1459 1118 1506 et
1149 1450 1482 1505 elaboratum
1511 1465 1648 1522 opus
1673 1471 1684 1505 :
1719 1453 1904 1507 multis
1927 1453 2252 1508 testimoniis
2309 1454 2646 1524 approbavit,
2701 1452 2976 1525 Originem
3001 1453 3159 1524 juxta
3189 1467 3249 1509 se
3273 1452 3382 1509 Ca-

142 1541 347 1601 colicum,
388 1539 441 1592 id
468 1547 585 1603 est,
617 1539 810 1610 juxta
863 1555 1011 1606 nos,
1044 1541 1306 1596 Arianum
1341 1557 1485 1598 esse.

1516 1632 1602 1687 Ex
1645 1633 1821 1689 eodem
1856 1635 2013 1690 libro.

184 1742 273 1810 ipse
293 1743 428 1796 enim
455 1741 788 1810 Eusebius,
823 1754 1066 1800 amator
1110 1753 1164 1801 et
1187 1748 1198 1762 '
1221 1759 1400 1814 praeco
1427 1751 1481 1800 et
1518 1747 1928 1802 contubernalis
1979 1747 2268 1820 Pamphili,
2312 1758 2422 1806 tres
2455 1749 2624 1805 libros
2657 1749 2878 1820 scripsit
2913 1751 3371 1822 elegantissimos,

139 1829 263 1886 istam
287 1831 551 1903 Pamphili
587 1835 1018 1892 continentes.
1054 1834 1110 1890 ln
1143 1835 1340 1905 quibus
1371 1849 1496 1889 cum
1517 1842 1711 1890 caetera
1744 1835 1898 1890 miris
1925 1836 2175 1892 laudibus
2202 1837 2539 1906 praedicaret,
2568 1837 3037 1907 humilitatemque
3059 1837 3179 1905 ejus
3209 1834 3377 1890 ferret

138 1929 172 1977 in
205 1930 394 1993 malum,
448 1930 627 1984 etiam
664 1930 792 1985 hoc
827 1931 894 1984 in
935 1931 1109 1985 tertio
1165 1930 1302 1984 libro
1347 1929 1577 1994 addidit,
1609 1937 1716 1984 etc.
1752 1929 1822 1983 Et
1843 1940 1960 1999 post
1981 1947 2151 1999 pauca
2178 1933 2232 1985 in
2265 1931 2444 1986 eodem
2474 1932 2643 1986 libro:
2713 1930 2952 1985 Laudavi
2997 1929 3288 1985 Eusebium
3317 1929 3376 1984 in

138 2019 447 2078 Erclesiastica
474 2023 770 2092 Historia,
801 2027 866 2080 in
899 2025 1214 2096 digestione
1233 2035 1554 2094 temporum,
1579 2024 1633 2078 in
1664 2024 2024 2096 descriptione
2058 2034 2260 2082 sanctae
2289 2035 2447 2082 terrae
2473 2045 2486 2081 :
2513 2035 2568 2081 et
2596 2026 2841 2098 hzecipsa
2861 2027 3123 2097 opuscula
3145 2027 3200 2081 in
3229 2023 3380 2080 Lati-

139 2130 231 2168 num
249 2126 479 2185 vertens,
519 2132 670 2172 meae
692 2117 926 2188 lingua
949 2115 1262 2174 hominibus
1289 2115 1432 2172 dedi.
1451 2113 1595 2169 :Num
1621 2130 1686 2170 ex
1708 2129 1774 2171 eo
1796 2116 2028 2172 Arianus
2051 2133 2193 2181 sum,
2222 2117 2350 2187 quia
2383 2115 2652 2176 Eusebius
2677 2118 2770 2188 qui
2801 2117 2900 2172 hos
2921 2116 3091 2172 libros
3113 2114 3374 2192 condidit,

137 2208 318 2265 Aristius
342 2215 444 2264 est.

1130 2299 1211 2356 Ex
1238 2301 1548 2371 Hieronymi
1582 2299 1716 2355 libro
1747 2298 1790 2353 ll
1831 2301 2093 2357 adversus
2124 2299 2402 2357 Ruﬁnum.

185 2414 258 2471 iir
281 2416 641 2475 doctissimus
679 2416 998 2474 Eusebius
1039 2415 1434 2488 (doctissimum
1466 2416 1602 2480 dixi,
1634 2431 1743 2470 non
1794 2416 2133 2471 Catholicum
2160 2459 2176 2483 ,
2207 2433 2278 2472 ne
2307 2431 2460 2471 more
2494 2415 2658 2471 solito
2696 2415 2829 2470 mihi
2858 2425 2913 2472 et
2937 2416 2994 2471 in
3027 2415 3133 2472 hoc
3162 2415 3376 2470 calum-

141 2514 241 2562 niam
278 2511 473 2580 struas)
505 2525 612 2581 per
667 2526 779 2566 sex
813 2509 1114 2565 volumina
1143 2508 1275 2563 nihil
1307 2509 1451 2564 aliud
1499 2509 1642 2580 agit,
1699 2509 1802 2563 nisi
1853 2517 1912 2564 ut
1945 2510 2209 2580 originem
2245 2524 2359 2565 sua:
2409 2509 2662 2564 ostendat
2709 2507 2873 2577 ﬁdei,
2917 2508 2972 2562 id
3022 2514 3110 2565 est
3158 2507 3374 2564 Arianae

138 2602 339 2672 perﬁdia.

987 2711 1073 2766 Ea:
1124 2711 1376 2766 Promntio
1403 2710 1527 2765 libri
1555 2711 1616 2766 Β.
1642 2710 1949 2782 Hieronymi
1980 2711 2054 2768 De
2077 2713 2213 2768 locis
2236 2711 2538 2772 Hebraicis.

185 2837 442 2904 Eusebius,
471 2837 573 2910 qui
599 2851 632 2890 a
672 2835 860 2890 beato
899 2832 1188 2902 Pamphilo
1225 2841 1463 2904 martyre
1492 2841 1912 2902 cognomentum
1941 2831 2168 2888 sortitus
2194 2839 2300 2896 est,
2327 2841 2450 2903 post
2481 2832 2668 2889 decem
2695 2831 3082 2889 Ecclesiastica:
3119 2831 3374 2890 Historiae

137 2934 282 2998 Eros,
310 2945 429 3005 post
459 2948 781 3002 temporum
839 2927 1114 2992 Canones,
1145 2944 1279 2998 quos
1313 2944 1414 2982 nos
1456 2925 1650 2981 Latina
1706 2925 1892 2996 lingua
1919 2925 2212 2990 edidimus,
2245 2933 2369 2996 post
2394 2926 2739 2982 diversarum
2771 2927 3038 2982 vocabula
3069 2929 3374 2992 nationum.

137 3042 224 3093 qua
243 3043 339 3097 quo
377 3026 547 3082 modo
597 3023 763 3094 apud
822 3019 1095 3075 Hebraeos
1132 3020 1258 3074 olim
1287 3019 1433 3074 dicta
1488 3019 1619 3084 sint,
1660 3025 1712 3071 et
1743 3033 1888 3072 nunc
1943 3016 2220 3082 dicantur,
2281 3019 2536 3088 exposuit
2569 3036 2586 3087 ;
2627 3030 2750 3090 post
2781 3019 3190 3090 topographiam
3216 3027 3377 3076 terra:

133 3118 308 3184 indu,
331 3132 385 3176 et
434 3121 755 3175 distinctas
791 3114 1056 3168 tribuum
1102 3119 1294 3178 sortes,
1344 3111 1520 3182 ipsius
1550 3125 1769 3182 quoque
1797 3109 2159 3174 Hierusalem,
2191 3111 2490 3181 templique
2522 3113 2576 3166 in
2606 3126 2672 3166 ea
2701 3127 2824 3167 cum
2858 3111 3180 3167 brevissima
3212 3127 3377 3182 expo-

134 3213 290 3270 sitione
312 3217 610 3286 picturam,
648 3212 726 3267 ad
752 3217 1079 3266 extremum
1108 3209 1160 3262 in
1187 3213 1286 3264 hoc
1318 3207 1582 3278 opusculo
1630 3207 1916 3268 laboravit,
1943 3212 2004 3260 ut
2027 3214 2382 3278 congregaret
2427 3207 2584 3263 nobis
2613 3208 2681 3262 de
2721 3217 2911 3262 sancta
2941 3206 3224 3278 Scriptura
3258 3222 3377 3262 om.

132 3307 248 3358 uiam
279 3321 412 3376 pene
441 3307 706 3367 urbium.
760 3301 1073 3363 montium,
1124 3297 1438 3365 ﬂuminum,
1488 3296 1793 3351 viculorum
1835 3305 1889 3351 et
1927 3296 2264 3352 diversorum
2302 3299 2546 3354 locorum
2577 3298 2838 3354 vocabula
2877 3317 2890 3352 :
2924 3313 3044 3369 qua!
3074 3300 3158 3354 vel
3184 3299 3375 3354 eadem

130 3409 326 3463 narrent,
353 3402 440 3454 vel
474 3402 793 3455 immutata
831 3401 977 3451 sunt
1001 3401 1206 3465 postea,
1243 3394 1330 3449 vel
1361 3393 1543 3462 aliqua
1573 3407 1640 3448 ex
1673 3399 1825 3462 parte
1853 3400 2130 3463 corrupta.
2163 3391 2316 3449 Unde
2347 3403 2402 3449 et
2439 3411 2540 3451 nos
2570 3394 2905 3450 admirabilis
2947 3395 3050 3449 viri
3086 3403 3376 3467 sequentes

127 3498 346 3564 studium,
377 3508 485 3553 etc.

930 3604 1015 3659 Ea:
1045 3606 1173 3661 libro
1218 3607 1282 3664 Β.
1317 3603 1629 3676 Hieronymi
1661 3600 1736 3658 De
1774 3603 2135 3674 scriptoribus
2168 3605 2578 3661 ecclesiasticis.

175 3720 505 3799 Hippolytus,
526 3725 843 3798 cujusdam
882 3721 1142 3780 Ecclesia:
1172 3724 1459 3794 episcopus
1481 3720 1700 3794 (nomen
1729 3720 1929 3792 quippe
1959 3721 2112 3778 urbis
2141 3721 2284 3776 scire
2309 3737 2416 3777 non
2445 3718 2620 3792 potui)
2650 3719 2916 3773 rationem
2945 3715 3190 3780 Paschaa,
3232 3722 3376 3770 tem-

117 3828 391 3890 Mmque
421 3834 676 3875 canones
703 3815 954 3886 scripsit
977 3831 1145 3885 usque
1173 3815 1238 3869 ad
1269 3817 1500 3886 primum
1531 3829 1734 3868 annum
1765 3813 2058 3869 Alexandri
2084 3814 2216 3884 imp.
2259 3821 2315 3868 et
2345 3813 2582 3868 sedecim
2625 3825 2891 3866 annorum
2913 3808 3177 3864 circulum
3209 3824 3372 3878 quem

120 3901 265 3963 ’ΞΩ-εἰ
293 3907 893 3979 ἐκκαιδεκαετηρίδα
939 3914 1166 3971 vocant,
1219 3906 1420 3977 reperit
1445 3922 1459 3970 ;
1487 3910 1540 3958 et
1566 3901 1625 3956 Et

1868 3903 1922 3956 ui
1940 3919 2102 3973 super
2131 3903 2320 3958 eodem
2349 3901 2560 3956 Pascha
2589 3915 2854 3957 canonem
2881 3900 3065 3955 decem
3098 3904 3152 3952 et
3177 3913 3372 3953 novem

117 4012 354 4058 utrorum
385 4006 693 4070 circulum,
731 4003 790 4058 id
823 4007 948 4064 est,
988 3998 1542 4068 ἐννεαδεκαετηριδα
1567 4014 1622 4054 co

988 3998 1542 4068 ἐννεαδεκαετηριδα
1567 3996 1897 4067 composuit,
1945 3998 2290 4053 occasionem
2319 3996 2487 4053 dedit.

1493 4113 1578 4168 Ea:
1632 4110 1814 4168 eodem
1857 4111 2013 4168 libro.

174 4232 460 4302 Eusebius,
485 4236 764 4292 Caesarea:
797 4229 1116 4287 Palaestina:
1143 4228 1455 4300 episcopus,
1482 4230 1538 4285 in
1563 4228 1863 4303 Scripturis
1887 4229 2084 4284 divinis
2101 4226 2564 4289 studiosissimus,
2583 4232 2636 4280 et
2655 4222 3000 4280 Bibliotheca!
3022 4221 3220 4276 divinae
3241 4235 3366 4276 cum

119 4325 379 4402 Pamphilo
423 4341 668 4404 martyre
695 4325 1178 4399 diligentissimus
1220 4324 1634 4395 pervestigator,
1659 4325 1832 4381 edidit
1864 4324 2073 4379 inliuita
2106 4322 2400 4377 volumina.
2445 4321 2520 4376 De
2549 4321 2751 4391 quibus
2782 4319 2895 4372 base
2951 4326 3080 4372 sunt
3114 4334 3128 4371 :
3179 4317 3371 4385 Εὐαγε

117 4423 336 4490 τιιικῆς
366 4424 744 4489 ἀποδείξεως
775 4417 914 4479 libri
946 4415 1157 4483 viginti,
1188 4414 1622 4485 εὐαγγελικῆςι

1864 4412 2112 4482 (σκευῆς
2139 4412 2259 4467 libri
2293 4411 2624 4480 quindecim,
2652 4407 3010 4478 Θεοφανείας
3040 4406 3164 4462 libri
3205 4407 3369 4476 quin-

115 4528 224 4580 que.
261 4515 658 4571 Ecclesiasticte
701 4509 978 4569 Historia:
1009 4506 1130 4561 libri
1170 4507 1380 4562 decem.
1432 4507 1809 4562 Chronicorum
1847 4521 2107 4562 canonum
2147 4503 2448 4558 omnimodo
2489 4503 2739 4567 historia,
2769 4509 2822 4556 et
2860 4514 3051 4555 eorum
3093 4496 3371 4566 ἐπιτομὴ..

118 4603 172 4659 Et
203 4607 279 4662 De
305 4609 726 4682 anngeliorum
752 4600 1080 4674 diaphonia.
1113 4597 1176 4652 In
1200 4597 1402 4654 Isaiam
1437 4599 1557 4656 libri
1588 4599 1798 4666 decem,
1821 4609 1876 4656 et
1895 4609 2078 4654 contra
2100 4595 2469 4667 Porphyrium,
2491 4594 2583 4665 qui
2611 4593 2800 4650 eodem
2831 4599 3074 4662 tempore
3095 4588 3369 4645 scribebat

121 4703 170 4756 in
201 4704 411 4771 Sicilia,
442 4716 498 4760 ut
529 4705 764 4778 quidam
796 4706 1023 4772 putant,
1053 4696 1174 4751 libri
1201 4696 1460 4766 triginta;
1498 4694 1566 4750 de
1585 4696 1786 4766 quibus
1807 4697 1875 4750 ad
1905 4711 1992 4751 me
2022 4695 2214 4765 viginti
2262 4701 2473 4748 tantum
2509 4699 2890 4763 pervenerunt.
2932 4685 3194 4744 Τοπικῶν
3232 4687 3370 4742 liber

121 4815 276 4869 unus;
318 4804 671 4872 Ἀπολογίας
707 4812 817 4870 pro
849 4793 1092 4862 Origene
1118 4792 1236 4847 libri
1265 4807 1398 4859 sex;
1435 4790 1513 4844 De
1553 4793 1659 4845 vita
1695 4791 1959 4861 Pamphili
1988 4791 2113 4848 libri
2143 4801 2272 4845 tres.
2306 4789 2382 4844 De
2407 4788 2728 4860 martyribus
2768 4787 2874 4842 alia
2901 4786 3187 4858 opuscula.
3219 4781 3284 4838 Et
3311 4783 3370 4841 in

122 4904 178 4944 tt.
201 4891 446 4949 Psalmos
496 4888 879 4958 eruditissimi
908 4884 1307 4941 Commentarii.
1346 4879 1412 4936 Et
1444 4881 1612 4936 multa
1651 4883 1779 4937 alia.
1812 4882 2022 4938 Floruit
2063 4883 2298 4936 maxime
2328 4882 2431 4938 sub
2457 4881 2818 4937 Constantino
2855 4882 2986 4952 imp.
3015 4887 3070 4936 et
3096 4878 3366 4936 Constan-

123 4987 214 5051 tio;
241 4988 398 5057 egoh
447 4986 755 5040 amicitiam
797 4973 1080 5046 Pamphili
1110 4972 1383 5044 martyris,
1407 4973 1477 5027 ab
1511 4987 1576 5028 eo
1605 4987 2026 5044 cognomentum
2054 4973 2280 5030 sortitus
2301 4981 2403 5028 est.

1017 5125 1019 5128 ‹
1497 5085 1582 5139 Ea:
1623 5087 1800 5142 eodem
1852 5086 2006 5140 libro.

180 5188 461 5260 Eusebius,
479 5192 714 5247 natione
746 5182 996 5241 Sardus.
1023 5185 1078 5234 et
1097 5194 1160 5233 ex
1183 5179 1386 5234 lectore
1407 5177 1561 5232 urbis
1586 5175 1865 5240 Romanae,
1897 5175 2264 5232 Vercellensis
2294 5176 2613 5247 episcopus;
2653 5176 2726 5232 ob
2753 5175 3156 5234 confessionem
3183 5177 3308 5234 ﬁdei
3344 5195 3376 5237 a

128 5277 422 5342 Cmtantio
445 5285 704 5357 principe
744 5270 1132 5346 Scythopolim
1158 5279 1210 5324 et
1243 5271 1370 5325 inde
1393 5269 1794 5340 Cappadociam
1817 5272 2110 5342 relegatus,
2137 5271 2242 5326 sub
2266 5269 2485 5325 Juliano
2502 5270 2635 5341 imp.
2665 5271 2734 5326 ad
2764 5271 3065 5328 Ecclesium
3086 5286 3374 5342 reversus,

131 5377 263 5434 edidit
282 5383 337 5436 in
365 5382 625 5438 Psalmos
659 5368 1105 5432 Commentarios
1129 5365 1346 5422 Eusebii
1371 5364 1747 5429 Cmsariensis,
1773 5381 1914 5437 quos
1937 5367 2005 5421 de
2032 5365 2220 5421 Graeco
2251 5369 2307 5420 in
2338 5364 2592 5420 Latinum
2617 5373 2872 5422 verterat.

791 5485 954 5542 Idem
979 5481 1325 5555 Hieronymus
1347 5486 1402 5539 in
1421 5485 1743 5554 Prtefatione
1763 5482 2292 5539 Commentariorum
2326 5487 2384 5538 in
2408 5482 2702 5538 Danielem.

165 5615 342 5676 conm
367 5616 726 5692 prophetam
755 5599 1463 5692 Danielemduodecimum
1493 5602 1690 5656 librum
1708 5598 1914 5692 scribit
1937 5597 2294 5692 Porphyrius,
2322 5598 2780 5692 nolenseumdab
2815 5598 2934 5692 ipso
2965 5597 3135 5692 cujus
3164 5593 3340 5654 inseri

109 5725 198 5781 μω
222 5725 302 5774 εει
338 5687 608 5773 nomine,
644 5713 797 5758 esse
823 5690 1208 5760 compositum,
1240 5700 1343 5748 etc.
1371 5710 1384 5758 ;
1424 5693 1510 5748 cui
1535 5691 1888 5747 solertissime
1919 5689 2312 5757 responderunt
2347 5689 2633 5750 Eusebius.
2664 5688 3018 5744 Caesariensis
3049 5687 3344 5758 episcopus
