3812 6262
168 288 211 343 πυ
1104 281 1431 341 versuum
1469 266 1673 338 res“

1824 282 1885 338 IA
1921 281 2063 339 PRO
2097 279 2411 337 EUSEBIO.
3257 276 3329 331 Ἠι

166 400 348 473 συνεργίᾳ
366 398 649 471 χρώμενος,
675 399 893 471 ῥᾳδίως
916 402 999 455 τὰ
1033 399 1297 471 πανταχοῦ
1319 399 1452 469 πρὸς
1482 396 1671 452 ἑαυτὸν

1824 398 2132 453 lurimarum
2166 409 2343 452 rerum
2372 391 2600 450 scientia
2627 392 3112 449 instructissimum
3157 391 3329 449 fuisse

166 494 342 562 συνάγειν
366 490 596 562 ἠδύνατο.

1829 495 1971 553 teor,
2020 502 2124 543 nec
2175 502 2243 543 ex
2281 493 2525 543 veterum
2587 484 2810 555 scriptis
2840 482 3137 556 quidquam
3186 482 3334 537 illius

166 584 469 653 subterfugisse
482 582 756 637 notitiam.
796 579 965 638 Usus
989 582 1142 641 enim
1165 580 1504 652 imperatoris
1531 578 1776 636 subsidio
1793 586 1955 650 atque
1973 576 2254 649 suffragio,
2276 583 2477 632 cuncta
2499 590 2620 644 quas
2645 576 2844 646 ubique
2871 581 3050 641 erant,
3082 572 3340 630 facillime

167 680 282 752 potuit
298 689 613 748 congregare.
2990 694 2993 695 ν

734 787 829 843 Ea:
860 790 1018 847 libro
1046 794 1216 862 prima
1241 796 1602 857 excerptorum
1626 780 1880 840 Historiae
1903 776 2294 836 Ecclesiastica:
2326 776 2690 849 Pltiiostorgii.

211 912 296 965 Ὅτι
340 907 397 962 τά
434 923 490 960 τε
546 906 721 972 ἄλλα,
756 910 866 963 καὶ
899 911 1016 964 ὅσα
1060 908 1189 981 πρὸς
1224 906 1506 974 Ἱστορίας
1545 902 1670 973 ἥκει

1849 895 2243 967 Philostorgius
2295 893 2591 954 Eusebium
2646 895 2864 961 quidem
2899 896 3192 970 Pamphili,
3220 906 3336 957 tum

166 1006 724 1078 λόγωνοωιλοπόργιος,
758 1003 861 1059 τὸν
900 1003 1200 1078 Παμφίλου
1227 1000 1483 1057 Εὐσέϐιον
1511 1000 1669 1051 ὲπαι-

1836 1006 1850 1044 ι
1890 988 1995 1041 alia
2043 986 2247 1052 multa,
2296 994 2411 1042 tum
2460 987 2531 1042 ob
2560 986 2859 1042 Historiam
2908 987 3341 1049 Ecclesiasticam

169 1100 250 1163 νῦν,
271 1096 368 1170 api
393 1097 483 1167 τὴν
515 1094 809 1149 εὐσέϐειαν
843 1097 1249 1169 διαμαρτάνειν
1289 1092 1448 1164 φησί·
1479 1090 1572 1144 καὶ
1607 1088 1672 1140 τὸ

1835 1080 2032 1136 udibus
2065 1076 2246 1133 allicit.
2288 1076 2550 1133 Eumdem
2577 1086 2758 1134 tamen
2785 1078 2841 1134 in
2864 1079 2933 1135 iis
2955 1095 3075 1151 quae
3104 1082 3172 1136 ad
3212 1083 3340 1139 reli—

411 1189 438 1240 ὁ
465 1186 732 1259 δυσσεϐὴς
763 1167 1145 1261 διηγοϐμενος
1166 1227 1182 1251 ,
1227 1184 1359 1238 διότι
1403 1181 1674 1251 ἄγνωστον

1836 1185 1995 1225 onem
2049 1168 2343 1240 pertinent,
2372 1167 2583 1239 lapsum
2624 1184 2748 1226 esse
2801 1169 2978 1226 dicit:
3015 1174 3216 1245 quippe
3248 1174 3340 1248 qui

175 1282 210 1335 τὸ
236 1281 336 1334 θεῶν
372 1280 457 1332 καὶ
488 1279 898 1350 ἀκατάληπτον
952 1280 1157 1351 ἡγοῖτο.
1214 1274 1371 1330 Ἀλλὰ
1414 1272 1509 1326 καὶ
1548 1270 1680 1327 ἄλλα

1839 1279 1957 1321 eum
1990 1262 2249 1333 cognosci
2289 1268 2346 1317 et
2374 1263 2763 1332 comprehendi
2796 1278 2905 1318 non
2948 1279 3112 1335 posse
3155 1268 3344 1324 existi-

176 1372 313 1426 τιιτὲτά
349 1389 496 1442 φησιν
548 1370 715 1425 αὐτὸν
769 1371 892 1444 πλη
903 1369 1157 1442 μμελεῖν.
1208 1364 1571 1422 Καταπαῦσαι
1615 1363 1674 1417 δὲ

1842 1352 2028 1409 averit.
2060 1351 2217 1407 Hune
2245 1351 2391 1407 enim
2425 1351 2544 1420 eius
2574 1368 2816 1409 errorem
2842 1354 3041 1425 impius
3070 1356 3174 1412 iste
3199 1371 3347 1415 com-

178 1463 372 1528 ιότδντὰς
413 1463 611 1527 οἰκείας
654 1461 764 1534 τῆς
810 1442 1120 1529 Ἱὰτορίας
1153 1460 1367 1532 μνήμας
1398 1458 1558 1529 μέχρι
1576 1455 1674 1527 τῆς

1840 1453 2066 1503 emerat.
2127 1442 2233 1499 Sed
2262 1452 2317 1499 et
2354 1443 2671 1514 huiusmodi
2710 1445 2846 1500 alios
2904 1462 3122 1505 errores
3152 1448 3220 1504 ab
3250 1448 3345 1504 illo

175 1555 238 1607 τῶν
256 1553 415 1607 παίδων
432 1551 676 1623 διαδοχῆς
704 1533 810 1604 τοῦ
838 1550 1096 1622 μεγάλου
1124 1545 1528 1604 Κωνσταντίνου
1553 1560 1675 1597 συν-

1839 1537 2107 1592 immissos
2165 1551 2291 1592 esse
2346 1533 2596 1592 affirmat.
2653 1535 2923 1592 Caeterum
2967 1546 3024 1594 et
3063 1539 3181 1614 ipse
3220 1555 3344 1597 cum

177 1647 455 1719 επμρτδρεῖ,
1782 1628 1905 1686 aliis
1933 1634 2168 1719 testatur
2211 1626 2508 1684 Eusebium
2538 1625 2839 1685 Historiam
2886 1644 3039 1689 suam
3073 1645 3247 1703 usque
3277 1630 3347 1687 ad

1781 1727 2030 1791 tempora
2059 1718 2354 1775 liberorum
2379 1716 2727 1777 Constantini
2761 1720 2955 1794 Magni'
2969 1723 3307 1795 perduxisse.
3352 1768 3353 1773 η

992 1842 1235 1898 Socrates
1257 1840 1311 1894 in
1333 1836 1467 1894 libro
1499 1837 1669 1907 primo
1699 1832 1954 1890 Historiae
1976 1831 2397 1891 Ecclesiasticae.

218 1964 406 2028 Sitiﬁm;
433 1966 459 2018 ὁ
502 1962 835 2035 Παμφίλου,
887 1962 951 2013 ὲν
982 1958 1122 2023 ὅλοις
1172 1956 1303 2011 δέκα
1331 1954 1556 2026 βιϐλίοις
1583 1952 1681 2024 τὴν
1713 1960 1723 2021 1

1858 1948 2127 2007 Eusebius
2154 1946 2422 2021 Pamphili
2451 1961 2541 2004 res
2572 1946 2627 2003 in
2658 1946 2905 2007 Ecclesia
2936 1955 3120 2021 gestas
3160 1947 3347 2007 decem

186 2051 621 2121 ῖιιλησιαστικὴν
662 2051 1000 2120 Ἱστορίαν
1016 2047 1320 2117 ἐκθέμενος,
1339 2043 1680 2100 κατέπαυσεν

1845 2039 1939 2097 πίε
1968 2039 2307 2111 complexus,
2337 2037 2645 2110 principatu
2675 2038 3019 2097 Constantini
3054 2038 3350 2095 Historiam

180 2146 324 2209 εἰςτοὺς
343 2146 546 2215 χρόνους
582 2144 680 2201 τοῦ
727 2143 1024 2217 βασιλέως
1056 2137 1484 2213 Κωνσταντίνου,
1506 2138 1564 2190 ἐν
1599 2130 1679 2199 οἷς

1846 2148 1941 2188 tam
1980 2132 2314 2197 terminavit,
2337 2147 2447 2202 quo
2498 2141 2741 2204 tempore
2788 2133 3097 2204 persecutio
3139 2131 3351 2188 Diocle-

178 2238 264 2293 ιιιίὸ
283 2238 402 2311 παρὰ
418 2238 506 2292 τοῦ
537 2232 964 2308 Διοκλητιανοῦ
992 2232 1134 2287 κατὰ
1164 2228 1502 2304 Χριστιανῶν
1526 2226 1679 2297 γενό-

1846 2225 1921 2281 mi
1964 2225 2228 2281 adversus
2258 2224 2607 2283 Christianos
2656 2224 2815 2282 ﬁnem
2857 2225 3088 2299 accepit.
3116 2223 3262 2281 Idem
3295 2224 3351 2281 in

182 2348 276 2400 pm;
293 2332 489 2403 πόλεμος
519 2329 922 2385 ἀνεπαύσατο.
960 2326 1192 2399 Γράφων
1233 2322 1289 2377 δὲ
1333 2323 1363 2376 ὁ
1391 2320 1551 2383 αὐτὸς
1576 2320 1680 2384 Είς

1847 2316 1941 2374 πίε
1970 2332 2109 2387 quos
2144 2316 2218 2373 De
2246 2316 2354 2373 vita
2376 2317 2503 2388 imp.
2541 2315 2878 2373 Constantini
2907 2316 3257 2389 conscripsit,
3287 2330 3352 2371 ea

182 2420 242 2474 τίν
253 2423 359 2488 βίω·
378 2410 887 2484 Κωνσταντίνοὺ,
908 2417 1023 2471 τῶν
1051 2416 1173 2470 κατ’
1196 2414 1411 2485 Ἀρειον
1442 2410 1681 2484 μερικῶς

1850 2422 1909 2463 lae
1939 2408 2009 2462 ad
2038 2406 2229 2464 Arium
2287 2408 2601 2480 pertinent,
2654 2409 2967 2483 singillatim
3019 2410 3243 2467 minime
3268 2415 3355 2471 est

182 2518 320 2587 pii;qu
343 2515 649 2587 πεποίηται,
677 2513 806 2568 τῶν
845 2508 1098 2564 ἐπαίνων
1127 2505 1221 2561 τοῦ
1255 2504 1517 2577 βασιλέως
1538 2544 1555 2570 ,
1590 2503 1682 2558 καὶ

1845 2508 2097 2565 :secutus,
2141 2499 2343 2570 quippe
2375 2501 2468 2572 qui
2499 2507 2559 2556 ut
2607 2502 2662 2556 in
2716 2503 2985 2559 encomiis
3028 2501 3149 2560 ﬁeri
3191 2502 3350 2567 solet,

182 2603 239 2674 τῆς
269 2606 598 2678 πανηγυρικῆς
632 2600 980 2676 ὑψηγορίας
1023 2597 1131 2652 τῶν
1171 2597 1344 2666 λόγων
1381 2593 1577 2667 μᾶλλον
1608 2594 1683 2657 ὠς

1845 2593 2135 2662 iperatoris
2166 2592 2355 2649 laudes
2386 2604 2441 2648 et
2472 2595 2852 2666 panegyricam
2875 2596 3182 2653 orationem
3213 2610 3350 2650 conv

181 2696 413 2770 ἐνέτωμίῳ
434 2696 759 2771 φροντίσας,
792 2694 959 2765 ἤπερ
980 2689 1075 2744 τοῦ
1106 2685 1344 2761 ἀκριϐῶς
1370 2683 1680 2757 περιλαϐεῖν

1846 2697 1970 2739 xere
2012 2683 2186 2755 magis
2216 2683 2269 2738 in
2300 2684 2484 2741 animo
2538 2686 2784 2752 haberet,
2832 2700 2995 2760 quam
3048 2702 3139 2744 res
3167 2694 3351 2759 gestas

182 2782 220 2833 ti
234 2786 449 2857 γενόμενα.

1788 2784 2044 2833 accurate
2072 2790 2192 2830 com
2200 2790 2523 2833 memorare.

182 2913 489 2975 lle-Socrates
529 2920 588 2975 in
621 2917 835 2975 eodem
878 2915 1039 2984 libro,
1064 2913 1253 2983 cap.7,
1284 2912 1348 2967 de
1371 2911 1593 2986 Sabino,
1625 2908 2128 2986 Eacedonianngm
2172 2910 2433 2981 episeopo,
2461 2910 2698 2983 loquens,
2737 2912 2828 2984 qui
2871 2910 3221 2986 Synodorum
3251 2913 3350 2973 lli-

1280 2982 1506 3040 storiam
1534 2982 1838 3051 scripserat,
1871 2981 1950 3036 ita
1974 2980 2106 3035 dicit
2136 2995 2157 3034 :

214 3102 482 3157 ἱιίέπαινεί
514 3103 616 3173 μὲν
649 3101 763 3154 τὸν
808 3096 1113 3168 Παμφίλου
1145 3095 1400 3150 Εὐσέϐιον
1430 3095 1508 3159 ὡς
1530 3093 1677 3160 ἀξιό-

1851 3092 1919 3149 Et
1950 3093 2241 3152 Eusebium
2266 3098 2487 3169 quidem
2534 3100 2820 3173 Pamphili,
2861 3111 3120 3175 tanquam
3156 3111 3350 3162 testem

178 3204 289 3242 tam
308 3192 556 3263 μάρτυρα·
595 3191 848 3245 ἐπαινεῖ
883 3187 944 3240 δὲ
968 3187 1082 3271 ,καὶ
1107 3188 1196 3241 τὸν
1227 3185 1478 3256 βασιλέα,
1511 3186 1588 3247 ὡς
1608 3186 1677 3241 τὰ

1835 3185 1887 3242 le
1935 3186 2315 3260 dignissimum
2368 3191 2554 3248 laudat
2605 3211 2618 3249 :
2677 3194 3060 3265 imperatorem
3123 3212 3340 3267 quoque

175 3281 404 3351 Χριπιανιῖη
432 3284 815 3355 δογματίζειν
850 3278 1185 3350 δυνάμενον·
1224 3281 1494 3353 μέμφεται
1517 3278 1574 3335 δὲ
1605 3281 1673 3351 τῇ

1849 3293 1962 3334 sum
1991 3281 2283 3351 praeconiis
2308 3281 2494 3348 allicit,
2531 3291 2721 3355 utpote
2749 3286 2842 3356 qui
2869 3285 3201 3342 Christianas
3229 3282 3354 3340 lldei

174 3370 375 3445 ὲνΝααίᾳ
415 3373 716 3447 ἐκτεθείαῃ
773 3370 1000 3433 πίστει,
1046 3369 1122 3433 ὡς
1167 3370 1271 3424 ὑπὸ
1318 3369 1542 3424 ἰδιωτῶν
1588 3369 1679 3423 καὶ

1851 3378 2039 3442 νεολαία
2068 3373 2313 3444 apprime
2344 3374 2591 3432 calleret.
2636 3374 2822 3432 Fidem
2855 3391 2985 3431 vero
3014 3375 3210 3432 Nicaea:
3256 3391 3356 3429 ex-

170 3460 621 3537 ὠᾶνέπιπαμένων
658 3460 1054 3533 ἐκδεδομένῃ’
1091 3459 1184 3513 καὶ
1208 3460 1266 3514 ὃν
1294 3460 1369 3525 ὡς
1400 3460 1562 3529 σοφὸν
1587 3460 1675 3514 καὶ

1852 3463 2022 3519 ιείιειηι
2053 3464 2421 3536 reprehendit,
2461 3473 2722 3536 tanquam
2761 3466 2831 3521 ab
2859 3466 3066 3538 ignaris
3089 3475 3145 3523 et
3184 3466 3357 3536 impe-

321 3558 451 3611 ιαλεῖ
478 3556 795 3629 μάρτυρα,
834 3551 1041 3606 τούτου
1080 3551 1174 3616 τὰς
1204 3551 1388 3623 φωνὰς
1424 3552 1676 3616 ἑκουσίως

1850 3552 1909 3609 iis
1933 3552 2248 3610 hominibus
2269 3555 2655 3625 conscriptam.
2678 3554 2744 3610 Et
2767 3570 2929 3625 quem
2961 3557 3259 3628 sapientem
3270 3554 3355 3609 vi-

1784 3657 1910 3697 rum
1938 3656 2004 3699 ac
2024 3658 2273 3702 veracem
2300 3652 2495 3702 testem
2539 3646 2803 3713 nominat,
2830 3647 2951 3718 ejus
2973 3647 3137 3703 verba
3169 3645 3351 3702 sciens

1786 3746 1852 3787 ac
1871 3733 2113 3803 prudens
2131 3750 2234 3805 pro
2255 3734 2427 3791 nihilo
2447 3735 2620 3791 ducit.

1226 3837 1377 3895 Idem
1399 3838 1644 3894 Socrates
1672 3839 1730 3893 in
1760 3839 1898 3895 libro
1923 3856 1985 3909 il,
2017 3859 2135 3914 cap.
2158 3842 2253 3901 21.

214 3952 371 4026 Ἐπιδὴ
391 3957 447 4011 δέ
484 3972 649 4018 τινες
698 3947 1087 4021 ἐπεχείρησαν
1130 3948 1222 4001 καὶ
1248 3950 1410 4003 αὐτὸν
1442 3948 1686 4020 λοιδορῆ-

1861 3950 1969 4007 Sed
1995 3953 2252 4024 quoniam
2281 3954 2430 4010 hunc
2475 3969 2714 4028 quoque,
2750 3954 3045 4012 Eusebium
3088 3952 3354 4025 Pamphili

167 4059 232 4108 ea,
252 4050 360 4120 φημὶ
380 4051 439 4122 δὴ
453 4050 555 4106 τὸν
582 4046 903 4119 Παμφίλου
918 4041 1197 4107 Εὐσέϐιον,
1213 4042 1287 4106 ὡς
1311 4042 1672 4114 ἀρειανίςοντο

1855 4043 2050 4114 telligo,
2086 4046 2333 4102 nonnulli
2365 4047 2646 4103 criminari
2695 4046 2877 4103 conati
2930 4056 3081 4112 sunt,
3134 4044 3360 4117 perinde

167 4132 274 4201 ἰνοῖς
298 4141 452 4209 λάτοις
486 4140 768 4207 ἐξέδωκε,
805 4132 985 4206 μικρὰ
1023 4133 1114 4187 καὶ
1151 4134 1278 4207 περὶ
1314 4133 1478 4187 αὐτοῦ
1513 4134 1672 4187 εἰπεῖν.

1838 4134 1945 4189 uasi
1977 4134 2238 4191 Arianum
2260 4137 2455 4209 dogma
2489 4138 2546 4192 in
2578 4140 2732 4195 libris
2759 4139 2875 4195 suis
2905 4145 3126 4196 secutus
3155 4136 3343 4203 fuerit.

163 4225 227 4279 si:
243 4230 419 4302 impoy
445 4232 742 4304 ἠγοῦμαι.
771 4224 1004 4297 Πρῶτον
1037 4224 1135 4295 μὲν
1164 4226 1290 4296 γάρ,
1323 4242 1377 4279 κ.
1401 4241 1451 4278 τ.
1474 4223 1525 4277 λ.

1847 4234 2152 4295 »ροῐιιηιυω
2213 4226 2330 4283 fore
2366 4243 2565 4285 censeo
2614 4246 2787 4301 pauca
2840 4229 2908 4285 de
2937 4245 3004 4285 eo
3059 4229 3352 4283 disserere.

166 4314 520 4395 Pri-umigitur
551 4321 817 4378 concilio
848 4315 1075 4371 Nicmno
1102 4332 1209 4390 quo
1255 4315 1453 4371 Filium
1498 4313 1647 4369 Patri
1672 4317 2192 4373 consubstantialem
2239 4318 2408 4374 fuisse
2457 4320 2735 4376 decretum
2790 4331 2896 4388 est,
2927 4330 2981 4377 et
3025 4319 3272 4375 interfuit
3300 4326 3355 4372 et

169 4418 377 4472 mansit.
412 4417 478 4473 In
501 4418 681 4474 tertio
712 4429 860 4473 vero
886 4412 1031 4467 libro
1058 4425 1215 4480 quem
1250 4408 1327 4464 De
1377 4409 1486 4463 vita
1518 4407 1856 4463 Constantini
1908 4411 2150 4478 scripsit,
2202 4410 2276 4463 ita
2324 4411 2607 4479 loquitur:
2646 4431 2665 4462 ι
2712 4411 2914 4467 Omnes
2963 4412 3258 4482 imperator
3286 4410 3354 4464 ad

164 4510 433 4565 mediam
462 4508 764 4573 incitavit,
809 4507 991 4562 donec
1024 4503 1307 4557 universos
1359 4501 1417 4557 in
1465 4501 1535 4558 iis
1557 4501 1626 4556 de
1655 4501 1853 4569 quibus
1887 4509 2044 4555 antea
2072 4499 2492 4567 dissentiebant,
2538 4505 2839 4560 concordes
2873 4514 3037 4575 atque
3065 4501 3353 4558 unanimes

169 4602 454 4664 restitisset.
490 4603 655 4658 Adeo
692 4610 759 4656 ut
795 4599 931 4655 ﬁdes
952 4595 1195 4653 omnium
1224 4609 1468 4650 consona
1503 4596 1646 4667 apud
1664 4593 1902 4651 Nicazam
1930 4594 2246 4649 obtinuerit.
2279 4614 2297 4646 ι
2315 4594 2452 4651 Cum
2481 4597 2648 4668 igitur
2667 4597 2937 4653 Eusebius
2967 4597 3110 4654 illius
3133 4597 3352 4652 concilii

163 4698 424 4754 healin
440 4699 688 4766 iaciens,
713 4705 956 4752 cunctas
987 4694 1292 4747 animorum
1311 4691 1687 4748 dissensiones
1707 4692 1914 4762 sopitas
1945 4704 2069 4747 esse
2098 4690 2266 4757 dicat,
2297 4702 2351 4747 et
2386 4693 2673 4750 universos
2694 4695 2748 4751 in
2785 4709 2949 4750 unam
2997 4694 3354 4764 eamdemque

165 4792 447 4859 Massa:
483 4792 856 4854 sententiam,
882 4786 1014 4858 quid
1053 4801 1231 4842 causa:
1258 4793 1345 4843 est
1367 4800 1465 4841 cur
1484 4786 1735 4841 nonnulli
1759 4801 1885 4840 eum
1910 4785 2223 4840 existiment
2259 4784 2463 4843 Ariano
2486 4787 2724 4859 dogmati
2747 4788 3093 4843 consentire?
3131 4786 3355 4841 Fallun—

160 4882 372 4938 utetiam
411 4883 746 4955 Ariani,qui
773 4881 931 4936 illum
954 4879 1198 4950 opinioni
1241 4893 1356 4935 sua:
1383 4878 1672 4950 suffragari
1712 4878 2074 4934 arbitrantur.
2108 4876 2213 4933 Sed
2245 4877 2389 4935 dicet
2428 4878 2661 4935 fortasse
2706 4879 2927 4949 aliquis,
2960 4879 3112 4933 illum
3161 4877 3351 4931 Ariani

166 4967 375 5039 dissutis
402 4983 745 5031 assertorem
777 4971 979 5038 videri,
1008 4977 1297 5041 propterea
1326 4972 1471 5043 quod
1503 4971 1561 5026 in
1591 4970 1748 5025 libris
1778 4971 1895 5026 suis
1927 4970 2124 5025 crebro
2154 4969 2337 5025 dicere
2361 4971 2521 5039 solet,
2556 4986 2657 5025 vnn
2688 4986 2983 5027 cnmsruu.
3024 4971 3124 5025 Cui
3159 4985 3262 5025 nos
3296 4969 3351 5023 id

164 5063 504 5129 minus
524 5108 539 5133 ,
573 5073 629 5120 et
669 5064 782 5117 hac
815 5060 1075 5130 loquendi
1097 5060 1308 5116 ratione
1336 5067 1392 5117 et
1426 5061 1550 5115 aliis
1579 5058 1895 5129 huiusmodi
1946 5072 2069 5128 quae
2100 5058 2566 5129 dispensationem
2609 5059 2965 5115 humanitatis
2988 5059 3120 5117 Jesu
3140 5057 3353 5114 Chrisd

166 5147 413 5222 “suam,
441 5152 861 5210 ecclesiasticos
891 5152 1185 5222 scriptores
1211 5152 1291 5207 uti
1313 5150 1668 5207 consuevisse
1706 5148 1785 5221 (a)
1819 5169 1833 5204 :
1870 5156 1926 5204 et
1954 5157 2084 5205 ante
2132 5149 2233 5207 hos
2280 5164 2472 5205 omnes
2527 5148 2753 5204 Paulum
2800 5149 3104 5220 apostolum
3158 5148 3354 5203 iisdem

170 5244 339 5300 vitibus
375 5262 541 5302 usum
590 5244 798 5307 fuisse,
826 5242 922 5313 qui
955 5248 1137 5299 tamen
1170 5241 1421 5313 perversi)
1440 5240 1713 5312 dogmatis
1751 5239 2013 5312 magister
2056 5255 2338 5311 nunquam
2381 5247 2466 5296 est
2507 5240 2873 5297 existimatus.
2931 5240 3199 5296 Caeterum
3223 5256 3351 5295 cum

168 5331 282 5389 Arius
302 5336 495 5393 Filium
517 5338 615 5394 Dei
644 5344 963 5393 creaturam
1000 5334 1224 5402 perinde
1244 5348 1309 5388 ac
1339 5340 1535 5388 caetera
1577 5348 1700 5404 quae
1730 5346 1761 5386 a
1793 5332 1905 5389 Deo
1939 5343 2121 5389 creata
2163 5340 2312 5398 sunt,
2349 5348 2517 5389 ausus
2546 5334 2618 5388 sit
2646 5331 2847 5401 dicere,
2878 5332 3028 5399 audi,
3061 5334 3110 5387 si
3154 5333 3351 5402 placet.

172 5438 365 5490 satam
392 5430 464 5485 de
493 5430 599 5484 hac
624 5444 690 5483 re
718 5425 895 5481 fuerit
918 5422 1140 5479 Eusebii
1173 5422 1446 5479 sententia
1474 5421 1533 5476 in
1582 5422 1724 5476 libro
1756 5421 1938 5491 primo
1972 5422 2050 5477 De
2072 5422 2432 5477 ecclesiastica
2465 5420 2725 5491 theologia
2754 5420 2897 5492 (cap.
2931 5421 2986 5487 9,
3023 5421 3133 5490 10).
3157 5439 3179 5473 ι
3217 5418 3352 5474 Uni-

172 5518 356 5584 E‘a’tus,
385 5520 587 5590 inquit,
610 5517 724 5572 'Dei
774 5513 949 5569 Filius
976 5514 1126 5569 solus
1157 5516 1272 5584 ipse
1298 5521 1352 5570 et
1374 5528 1485 5570 non
1510 5512 1651 5568 alius
1688 5518 1745 5569 et
1777 5511 2104 5582 praedicatur
2123 5521 2177 5570 et
2209 5519 2312 5571 est.
2364 5510 2517 5568 Unde
2549 5512 2740 5568 merito
2779 5515 2905 5582 quis
2941 5512 3352 5584 reprehenderit

224 5693 286 5763 (ι)
312 5697 674 5757 Theodoritus
708 5700 773 5755 in
802 5713 921 5767 cap.
951 5700 1170 5767 lprima:
1202 5698 1456 5773 Episton
1482 5700 1551 5757 ad
1585 5698 1824 5757 Corinth.
2320 5740 2323 5741 ν

445 5813 722 5877 Panos.
774 5808 905 5874 Gn.
948 5806 1115 5871 XIX.
2932 5785 2973 5843 3
