3812 6350
463 322 532 383 75
1404 322 1734 381 VETERUM
1773 320 2188 379 resrmonu.
2222 320 2360 378 PRO
2392 321 2704 380 EUSEBIO.
3273 306 3283 318 '
3604 332 3671 380 ’ω

455 436 659 508 eosqui
689 447 994 494 creaturam
1040 436 1189 492 illum
1241 437 1422 493 dicere
1476 455 1585 494 non
1617 438 1958 501 dubitarunt,
1983 453 2050 491 ex
2073 438 2245 511 nihilo
2275 439 2552 495 conditum
2582 436 2807 509 perinde
2831 452 2897 493 ac
2932 438 3173 510 reliquas
3196 445 3501 496 creaturas.
3533 437 3675 506 Quo-

455 528 616 583 modo
636 528 780 584 enim
826 527 993 585 Filius
1027 529 1207 593 fuerit,
1242 529 1512 599 quomodo
1548 528 1882 598 Unigenitns,
1915 528 1961 584 si
2004 530 2249 586 eamdem
2298 545 2421 585 cum
2458 529 2668 585 caeteris
2698 529 2964 585 creaturis
2999 538 3247 585 naturam
3300 532 3529 586 sortitus
3570 543 3671 594 est,

452 634 705 688 unusque
733 628 818 676 est
842 635 873 675 e
902 636 1128 676 numero
1152 636 1331 676 rerum
1357 628 1684 682 creatarum,
1723 628 1910 690 utpote
1938 621 2029 691 qui
2061 637 2166 677 una
2192 639 2314 678 cum
2346 624 2454 679 illis
2484 633 2637 677 ortus
2672 622 2743 677 sit
2771 637 2837 678 ex
2876 623 3069 678 nihilo.
3107 621 3306 679 Verum
3341 623 3526 679 divina
3555 638 3675 679 ora-

452 713 577 766 cula
608 726 718 765 non
744 711 818 765 ita
847 710 914 765 de
949 712 1041 765 illo
1074 711 1394 780 praedicant.
1436 730 1453 763 υ
1496 710 1699 765 Deinde
1721 712 1910 781 paucis
1938 712 2237 780 interjectis
2266 714 2379 768 lure
2406 715 2626 784 subjicit
2660 729 2674 766 :
2709 730 2728 764 ι
2764 712 3026 787 Quisquis
3059 717 3226 788 igitur
3261 714 3458 772 Filium
3490 718 3677 773 Deiex

458 804 633 860 nihilo
657 803 919 874 genitum,
951 811 1002 857 ct
1030 812 1332 859 creaturam
1359 818 1389 858 e
1413 818 1519 857 non
1554 812 1802 859 exstante
1834 804 2157 875 productam
2190 821 2311 862 esse
2342 808 2558 872 asserit,
2584 808 2631 864 is
2659 825 2768 864 non
2789 806 3193 872 animadvertit,
3225 824 3283 864 se
3314 809 3523 863 nudum
3554 810 3676 879 qui-

458 896 599 950 dem-
621 911 819 951 nomen
851 893 971 950 Filii
1004 896 1051 950 ei
1082 894 1395 956 concedere,
1422 909 1609 948 revera
1640 902 1818 949 tamen
1842 911 1964 950 eum
1997 895 2190 950 Filium
2234 914 2549 969 pernegare.
2575 898 2677 965 Qui
2708 901 2851 955 enim
2893 917 2957 955 ex
2986 901 3152 955 nihilo
3185 901 3399 973 genitus
3429 914 3536 967 est,
3556 915 3680 956 vere

449 985 637 1045 Fi‘lius‘
654 988 746 1045 Dei
779 1004 902 1047 esse
931 1003 1035 1041 non
1062 995 1257 1055 potest,
1291 986 1434 1039 sicut
1459 1000 1558 1039 nec
1588 985 1804 1055 quidvis
1837 984 1981 1040 aliud
2014 987 2158 1055 quod
2183 989 2420 1057 genitum
2461 989 2550 1043 sit.
2581 989 2755 1046 Verus
2785 995 2963 1044 autem
3007 987 3179 1046 Filius
3220 990 3336 1056 Dei,
3372 999 3563 1062 utpote
3582 990 3677 1062 qui

448 1101 516 1143 ex
557 1085 649 1140 illo
678 1093 936 1155 tanquam
970 1099 1035 1137 ex
1080 1081 1236 1135 Patre
1280 1082 1497 1152 genitus
1548 1090 1652 1145 est,
1693 1081 2003 1153 unigenitus
2036 1089 2089 1136 ct
2119 1083 2351 1138 dilectus
2379 1082 2559 1139 Patris
2593 1085 2791 1140 merito
2812 1084 3031 1139 dicitur.
3088 1082 3171 1139 0b
3225 1086 3475 1140 eamdem
3513 1085 3678 1141 etiam

448 1175 836 1233 causamDeus
860 1175 986 1243 ipse
1008 1182 1112 1229 est.
1151 1172 1286 1238 Quis
1316 1172 1461 1226 enim
1497 1173 1639 1227 alius
1670 1171 1764 1227 Dei
1792 1171 1934 1227 fetus
1966 1188 2089 1229 esse
2115 1174 2307 1243 possit,
2341 1188 2503 1244 quam
2531 1175 2607 1229 illi
2646 1176 2749 1246 ipsi
2787 1192 2882 1247 per
2902 1176 3085 1231 omnia
3117 1176 3461 1233 simillimus?
3479 1177 3681 1234 Condit

448 1266 663 1335 quidem
691 1266 876 1321 urbem
911 1266 1227 1336 imperator,
1262 1264 1357 1320 sed
1380 1278 1498 1318 eam
1526 1280 1635 1319 non
1665 1263 1837 1335 gignit
1864 1284 1876 1318 :
1914 1264 2084 1319 lilium
2116 1275 2296 1320 autem
2329 1267 2546 1338 gignere
2561 1267 2783 1331 dicitur,
2810 1284 2917 1323 non
2948 1268 3202 1324 condere.
3238 1268 3447 1325 Artifex
3473 1279 3680 1336 autem,

447 1362 600 1417 faber
635 1361 834 1417 dicitur
860 1360 978 1430 ejus
1004 1362 1147 1432 quod
1179 1361 1475 1416 fabricatus
1508 1367 1613 1422 est,
1642 1374 1749 1414 non
1791 1368 1963 1431 pater.
2006 1358 2130 1414 Filii
2162 1376 2291 1416 vero
2339 1362 2422 1417 sui
2474 1378 2815 1433 nequaquam
2872 1363 3025 1418 faber
3071 1364 3290 1418 dicitur.
3346 1364 3420 1418 ita
3456 1382 3682 1436 quoque

445 1468 690 1508 summus
718 1455 879 1523 hujus
916 1454 1153 1509 ruiiversi
1190 1454 1354 1514 Dens.
1394 1451 1514 1507 Filii
1543 1452 1762 1525 quidem
1793 1455 1876 1508 sui
1906 1461 2079 1524 pater,
2118 1455 2307 1510 mundi
2338 1469 2466 1510 vero
2489 1455 2640 1511 faber
2670 1464 2723 1510 et
2756 1457 3008 1511 conditor
3040 1458 3232 1512 merito
3263 1457 3487 1513 dicitur.
3525 1458 3685 1526 Quod

444 1546 493 1602 si
527 1546 693 1601 semel
721 1547 773 1600 in
800 1545 1099 1618 Scripturis
1128 1547 1433 1601 inveniatur
1461 1547 1690 1611 dictum,
1717 1546 1970 1601 Dominus
2009 1549 2297 1603 creavitme
2322 1550 2531 1603 initium
2554 1551 2757 1604 viarum
2781 1568 2998 1605 suarum
3025 1551 3094 1605 ad
3120 1568 3276 1622 opera
3304 1569 3426 1616 sua,
3452 1567 3682 1607 sensum

443 1637 621 1708 ipsum
655 1639 942 1693 verborum
983 1639 1251 1710 inspicere
1299 1639 1584 1701 debemus,
1619 1653 1779 1708 quem
1812 1640 1975 1708 paulo
2007 1650 2127 1709 post
2183 1656 2491 1711 exponam:
2526 1657 2648 1706 nec,
2691 1651 2748 1696 ut
2797 1642 3083 1698 Marcellus
3128 1643 3279 1709 facit,
3332 1645 3403 1698 ob
3452 1644 3685 1698 unicum

444 1731 1204 1804 testimonium,,pra:cipuuni
1248 1730 1508 1787 Ecclesia:
1538 1728 1731 1801 dogma
1776 1732 2100 1789 convellere.
2146 1753 2165 1785 2
2201 1732 2325 1788 Haec
2357 1742 2412 1788 et
2443 1734 2547 1789 alia
2579 1735 2813 1805 plurima
2847 1735 2914 1790 ab
2955 1734 3191 1791 Eusebio
3221 1737 3496 1807 Pamphili
3532 1738 3684 1793 dicta

443 1835 572 1881 sunt
609 1826 663 1880 in
692 1826 831 1881 libro
863 1828 1107 1881 adversus
1135 1825 1474 1880 Marcellum.
1514 1826 1575 1878 in
1608 1824 1775 1879 tertio
1803 1834 1983 1878 autem
2014 1826 2257 1896 ejusdem
2281 1827 2463 1896 operis
2487 1828 2648 1891 libro,
2676 1827 2880 1883 docens
2912 1828 3185 1898 quomodo
3218 1829 3577 1898 intelligenda
3612 1830 3687 1885 sit

446 1918 562 1973 haec
590 1935 688 1972 vox
722 1918 947 1989 κτίσμα,
980 1918 1052 1971 ita
1086 1918 1325 1990 loquitur
1355 1936 1368 1971 :
1407 1934 1425 1967 ι
1464 1914 1561 1969 liis
1596 1918 1669 1968 ita
1702 1916 2037 1981 constitutis,
2072 1933 2414 1988 consequens
2444 1928 2551 1983 est,
2584 1928 2665 1985 ut,
2695 1918 3151 1990 quemadmodum
3178 1919 3270 1975 illa
3299 1937 3420 1991 qua:
3441 1937 3687 1992 praeces-

447 2018 659 2072 serunt,
690 2011 773 2065 sic
824 2011 1001 2065 etiam“
1034 2011 1150 2063 inec
1166 2010 1342 2064 verba
1377 2026 1389 2062 :
1428 2007 1684 2062 Dominus
1737 2006 1972 2061 condidit
2008 2025 2086 2062 me
2129 2010 2338 2063 initium
2391 2011 2593 2064 viarum
2642 2028 2862 2065 suarum
2896 2011 2964 2064 ad
2996 2026 3149 2079 opera
3189 2030 3289 2068 sua
3319 2015 3363 2078 ⁸,
3391 2012 3462 2069 de
3489 2013 3688 2070 eadem

442 2120 678 2176 persona
711 2108 857 2162 dicta
891 2109 1019 2161 sint.
1058 2103 1213 2171 Quod
1240 2103 1287 2158 si
1321 2110 1565 2157 creatum
1589 2116 1647 2156 se
1687 2117 1808 2155 esse
1833 2101 1989 2166 dicit,
2026 2117 2133 2156 non
2181 2102 2256 2156 ita
2292 2103 2669 2174 accipiendum
2701 2105 2992 2176 est,‘quasi
3044 2105 3209 2174 dicat,
3242 2123 3300 2163 se
3339 2105 3407 2161 de
3433 2123 3547 2162 non
3585 2124 3689 2162 ex-

442 2203 714 2260 stantibus
743 2202 808 2257 ad
828 2201 879 2256 id
913 2200 1056 2271 quod
1090 2205 1176 2255 est
1194 2197 1527 2268 pervenisse.
1561 2206 1615 2250 et
1646 2196 1871 2266 perinde
1904 2211 1967 2250 ae
2000 2196 2240 2266 reliquas
2270 2207 2551 2256 creaturas
2579 2214 2647 2255 ex
2679 2200 2854 2254 nihilo
2879 2199 3160 2256 conditus.
3191 2214 3333 2266 esse,
3369 2202 3519 2257 sicut
3546 2217 3690 2257 non-

441 2298 576 2355 nulli
601 2312 881 2369 perperam
914 2289 1453 2351 existimarunt.Sed
1484 2290 1537 2345 id
1567 2288 1718 2356 dicit,
1752 2297 1938 2360 utpote
1960 2292 2051 2361 qui
2092 2292 2354 2348 subsistat
2392 2307 2456 2347 ac
2487 2294 2829 2364 praeexsistat
2852 2304 2977 2351 ante
3024 2296 3467 2353 constitutionem
3511 2297 3690 2352 totius

441 2391 661 2458 mundi;
702 2404 731 2443 a
766 2390 923 2444 Patre
942 2395 1123 2443 autem
1145 2402 1245 2443 suo
1283 2400 1347 2440 ae
1371 2383 1602 2437 Dourino
1632 2379 1896 2452 Princeps
1918 2397 1982 2437 ac
2006 2381 2204 2437 ﬂector
2235 2383 2397 2453 hujus
2432 2385 2671 2440 universi
2702 2388 3037 2451 constitutus
3062 2386 3133 2444 sit
3158 2406 3174 2442 :
3202 2387 3338 2442 adeo
3368 2394 3431 2442 ut
3452 2388 3690 2444 verbum

440 2484 547 2539 hoc
583 2483 815 2545 ἔκτισεν,
842 2482 1079 2553 positum
1117 2479 1315 2536 sithoc
1339 2481 1461 2532 loco
1490 2491 1593 2547 pro
1626 2474 1923 2529 constituit.
1950 2473 2111 2530 Certe
2140 2476 2420 2545 apostolus
2448 2475 2667 2542 Petrus,
2710 2479 2990 2550 principes
3020 2487 3076 2535 et
3098 2488 3339 2536 rectores
3368 2481 3467 2551 qui
3500 2480 3692 2536 homi-

437 2581 601 2635 nibus
619 2584 878 2648 prmsunt,
915 2574 1454 2630 diserte'creaturatn
1485 2570 1741 2640 appellat,
1788 2568 1873 2622 his
1918 2566 2144 2622 verbis:
2180 2566 2416 2638 Subjecti
2466 2580 2631 2626 estote
2681 2574 2826 2627 omni
2871 2573 3116 2628 humana:
3163 2584 3422 2628 creatura:
3468 2584 3696 2644 propter

436 2673 744 2729 Dominum.
772 2671 875 2725 sive
900 2669 1006 2739 regi
1038 2668 1191 2738 quasi
1213 2665 1552 2736 prtecellenti,
1580 2664 1686 2717 sive
1728 2661 2020 2716 rectoribus
2050 2672 2297 2731 tanquam
2322 2664 2385 2716 ab
2416 2661 2512 2717 illo
2536 2664 2710 2719 missis
2732 2667 2776 2721 ².
2808 2664 3078 2736 Pr0pheta
3108 2680 3325 2737 quoque
3346 2681 3471 2719 cum
3498 2665 3643 2720 dicit
3675 2683 3691 2719 :

436 2769 698 2838 Prwpara
728 2776 796 2830 te,
831 2764 1026 2827 Israel,
1059 2762 1124 2816 ad
1152 2758 1501 2817 invocantium
1533 2758 1702 2813 Deum
1736 2767 1907 2819 tuum,
1935 2757 2183 2827 quoniam
2209 2773 2323 2811 ecce
2343 2758 2432 2824 qui
2466 2759 2648 2828 ﬁrmat
2706 2761 2928 2827 tonitru,
2987 2768 3038 2814 et
3089 2761 3179 2831 qui
3220 2769 3362 2815 creat
3392 2758 3695 2830 Spiritum,

434 2861 524 2935 qui
577 2858 859 2914 annuntiat
907 2853 1202 2909 hominibus
1241 2852 1510 2909 Christum
1543 2868 1694 2906 suum
1720 2851 1762 2917 ³;
1796 2850 1900 2904 hoc
1941 2849 2164 2904 verbum
2195 2846 2417 2914 κτίζων,
2440 2864 2550 2904 non
2579 2851 2789 2922 accepit
2812 2866 2912 2922 pro
2941 2867 3007 2907 eo
3025 2852 3170 2924 quod
3204 2853 3408 2907 factum
3439 2861 3529 2908 est
3557 2869 3696 2909 cum

437 2962 599 3011 antea
627 2966 740 3007 non
767 2958 931 3006 esset.
963 2948 1149 3016 Neque
1180 2946 1326 3001 enim
1349 2945 1657 3001 tunc-Deus
1691 2945 1899 2999 creavit
1951 2942 2235 3014 Spiritum,
2267 2959 2393 2998 cum
2424 2943 2703 3000 Christum
2734 2962 2894 3002 suum
2928 2963 3025 3018 per
3059 2948 3211 3003 illum
3244 2948 3463 3003 cunctis
3495 2948 3692 3006 homi-

438 3046 602 3102 nibus
656 3041 1017 3096 annuntiavit.
1076 3038 1219 3091 Nihil
1249 3038 1449 3108 quippe
1496 3037 1598 3091 sub
1642 3036 1757 3091 sole
1791 3050 1992 3090 novum
2046 3044 2150 3090 est.
2185 3033 2290 3089 Sed
2325 3043 2443 3089 erat
2470 3036 2687 3105 quidem
2733 3044 2894 3092 antea
2940 3035 3177 3108 Spiritus
3209 3046 3263 3094 et
3291 3039 3645 3097 subsistebat
3677 3056 3697 3094 :

434 3140 635 3196 Missus
662 3149 738 3193 est
764 3147 936 3192 autem
968 3146 1088 3188 tunc
1132 3150 1248 3187 cum
1279 3132 1831 3202 apostoli-congregati-
1849 3139 2042 3197 essent,
2079 3130 2289 3202 quando
2323 3146 2484 3186 sonus
2515 3132 2688 3185 instar
2716 3132 2935 3186 tonitrui
2973 3133 3145 3203 {atrus
3182 3142 3259 3189 est
3298 3134 3362 3189 de
3394 3134 3532 3189 calo
3568 3144 3700 3187 tan-

434 3248 590 3304 quam
620 3229 914 3302 ingruentis
948 3225 1181 3295 Spiritus
1231 3224 1866 3294 vehementis'net‘repteti
1908 3234 2029 3278 sunt
2064 3221 2264 3293 Spiritu
2300 3232 2505 3278 sancto.
2541 3222 2718 3293 Atque
2770 3223 2845 3278 ita
2890 3223 3170 3281 Christum
3222 3224 3316 3282 Dei
3358 3226 3702 3282 hominibus

432 3325 819 3395 praedicarunt.
847 3322 1002 3391 juxta
1036 3318 1372 3390 prophetiam
1404 3332 1525 3387 qua:
1553 3318 1685 3373 dicit
1720 3318 1904 3373 :Eace
1922 3320 1968 3372 is
1989 3319 2076 3390 qui
2097 3319 2278 3388 ﬁrmat
2302 3317 2504 3371 tonitru
2530 3326 2581 3372 et
2611 3318 2702 3389 qui
2729 3328 2873 3373 creat
2900 3318 3244 3388 Spiritum,et
3268 3322 3359 3393 qui
3388 3327 3698 3380 annuntiat

432 3416 730 3470 hominibus
760 3413 1030 3471 Christum
1056 3429 1229 3467 suum.
1267 3410 1369 3466 Ubi
1398 3412 1722 3467 vocabulum
1752 3413 1883 3467 illud
1922 3429 2111 3467 ereans
2140 3413 2379 3483 positum
2412 3421 2500 3467 cst
2525 3426 2626 3483 pro
2664 3413 2898 3478 mittens,
2927 3415 3013 3470 vel
3058 3430 3157 3485 pro
3198 3415 3483 3484 disponens
3528 3428 3705 3489 atque

432 3514 775 3567 constituens.
814 3510 1041 3565 Touitru
1084 3523 1214 3564 vero
1262 3508 1516 3564 similiter
1546 3506 1823 3579 Evangelii
1858 3508 2301 3578 praedicationem
2354 3507 2648 3581 signiﬁcat.
2704 3496 2875 3564 David
2925 3524 3143 3580 quoque
3195 3510 3318 3564 cdm
3349 3509 3491 3564 dicit
3530 3530 3546 3566 :
3580 3509 3707 3566 Cor

432 3600 688 3656 mundum
715 3617 833 3654 crea
859 3602 911 3653 in
941 3615 1041 3661 me,
1077 3597 1217 3652 Deus
1239 3599 1281 3666 ‘,
1305 3614 1415 3653 non
1454 3599 1559 3653 hoc
1583 3598 1721 3653 dixit
1748 3598 1904 3668 quasi
1936 3612 2032 3652 cor
2064 3609 2221 3654 antea
2250 3615 2359 3654 non
2391 3599 2615 3656 haberet
2646 3620 2660 3656 :
2692 3601 2788 3657 sed
2826 3599 3016 3654 orabat
3044 3607 3103 3654 ut
3132 3614 3287 3655 mens
3321 3616 3461 3670 pura
3490 3602 3554 3656 in
3600 3620 3704 3659 se-

433 3698 555 3766 ipso
583 3695 957 3766 perﬁceretur.
992 3694 1190 3748 Eadem
1216 3692 1432 3748 ratione
1454 3690 1658 3747 dictum
1690 3703 1774 3747 est
1798 3692 1952 3752 illud,
1974 3701 2030 3745 ut
2061 3691 2193 3747 duos
2225 3695 2277 3747 in
2303 3710 2467 3749 unum
2494 3710 2682 3748 novum
2703 3694 2966 3748 hominem
2991 3701 3213 3759 crearet,
3244 3693 3299 3748 id
3331 3702 3418 3749 est
3442 3697 3706 3765 conjun-

432 3795 604 3857 εει-ει.
631 3785 763 3841 Vide
787 3796 965 3841 autem
996 3801 1175 3840 annon
1207 3785 1449 3854 ejusdem
1486 3785 1702 3855 generis
1732 3786 1803 3839 sit
1826 3790 1880 3839 et
1910 3784 2043 3838 illud
2076 3805 2090 3839 :
2124 3784 2433 3840 Induamini
2456 3803 2645 3841 novum
2667 3786 2926 3841 hominem
2965 3786 3053 3855 qui
3088 3795 3166 3840 est
3196 3785 3487 3840 secundum
3511 3786 3707 3843 Deum

431 3883 698 3938 creatus“.
728 3880 856 3935 Item
893 3880 1057 3936 illud:
1093 3880 1152 3934 Si
1182 3895 1283 3950 qua
1307 3879 1469 3949 igitur
1494 3879 1548 3931 in
1578 3875 1791 3932 Christo
1817 3894 1950 3932 nova
1975 3890 2217 3933 creatura
2239 3896 2257 3944 ;
2279 3887 2334 3933 et
2363 3895 2701 3950 quaecunque
2735 3880 2841 3934 alia
2884 3877 3153 3947 ejusmodi
3185 3879 3412 3948 reperiri
3441 3891 3708 3948 possunt

432 3974 503 4029 ab
525 3974 600 4031 iis
624 3975 717 4046 qui
755 3974 1069 4044 Scripturas
1102 3974 1366 4028 divinitus
1395 3973 1693 4044 iuspiratas
1723 3973 1941 4029 curiose
1987 3983 2325 4032 scrutantur.
2357 3974 2433 4031 Ne
2479 3976 2696 4031 mireris
2733 3990 2862 4045 ergo
2893 3974 2942 4029 si
2973 3973 3031 4029 in
3070 3973 3176 4027 hoc
3216 3973 3359 4040 loco,
3407 3974 3704 4032 Dominus

429 4068 626 4124 creavit
645 4084 733 4122 me
748 4068 967 4123 initium
997 4069 1201 4121 viarum
1224 4082 1466 4127 suarum,
1500 4066 1728 4120 verbum
1760 4066 1953 4120 creavit
1984 4067 2305 4123 translative
2335 4066 2576 4138 positum
2603 4076 2687 4122 est
2714 4081 2814 4135 pro
2843 4065 3117 4119 constituit
3146 4072 3202 4119 et
3232 4075 3501 4120 rectorem
3535 4068 3709 4121 ordi-

432 4158 755 4214 navitnllaec
780 4159 1046 4215 Eusebius
1077 4159 1267 4214 scribit
1299 4159 1354 4212 in
1389 4157 1545 4211 libris
1572 4168 1755 4211 contra
1786 4155 2300 4224 Marcellum.,Qute
2347 4174 2449 4215 nos
2503 4158 2591 4213 hic
2639 4156 2968 4212 adduximus
3012 4162 3235 4226 propter
3258 4170 3354 4213 eos
3386 4157 3486 4226 qui
3525 4158 3707 4213 illum

432 4254 638 4308 frustra
666 4254 943 4308 criminari
977 4265 1029 4307 et
1061 4251 1347 4307 traducere
1381 4260 1672 4305 conantur.
1703 4250 1889 4321 Neque
1929 4252 2074 4306 enim
2106 4246 2339 4322 probare
2366 4261 2618 4323 possunt.
2658 4250 2955 4306 Eusebium
2988 4252 3204 4306 initium
3239 4253 3503 4307 essentia:
3542 4252 3709 4309 Filio

431 4344 715 4412 tribuisse,
738 4348 952 4401 tametsi
981 4346 1406 4416 dispensationis
1435 4344 1718 4400 vocabulis
1753 4345 1955 4414 passim
1992 4345 2048 4398 in
2084 4346 2242 4401 libris
2271 4347 2387 4401 suis
2412 4353 2596 4399 utatur
2630 4363 2642 4399 :
2678 4345 2979 4413 praesertim
3020 4357 3144 4397 cum
3172 4343 3518 4412 scriptorum
3554 4344 3705 4403 Ori-

430 4440 584 4510 genis
608 4440 847 4495 imitator
877 4447 932 4493 et
962 4439 1263 4493 admirator
1282 4437 1576 4500 exstiterit,
1612 4437 1668 4490 in
1707 4437 1906 4506 quibus
1940 4435 2138 4492 Filium
2184 4452 2249 4492 ex
2302 4436 2463 4491 Patre
2494 4437 2735 4505 genitum
2769 4450 2985 4506 semper
3039 4434 3326 4506 praedicari
3371 4437 3717 4503 reperient,

421 4528 735 4607 quicunque
775 4531 1105 4607 reconditam
1134 4534 1405 4607 .Origenis
1443 4535 1749 4593 doctrinam
1785 4534 2138 4601 intelligentia
2173 4532 2391 4603 assequi
2430 4538 2682 4603 possunt.
2714 4529 2891 4599 Atque
2920 4527 3036 4583 ilth
3055 4525 3236 4584 obiter
3265 4525 3411 4581 dicta
3445 4526 3609 4596 sint,
3646 4537 3725 4592 ut

424 4597 660 4655 Eusebii
675 4601 1130 4658 obzrectatoribus
1161 4597 1543 4677 respondeam.

1398 4717 1719 4774 Sozomenus
1745 4719 1798 4772 in
1826 4717 1958 4773 libro
1992 4732 2010 4773 ι
2039 4717 2294 4777 Historiae
2318 4718 2725 4777 ecclesiastica.

507 4818 684 4888 Atque
727 4818 941 4871 animus
985 4815 1202 4886 quidem
1250 4821 1390 4876 erat,
1439 4813 1541 4866 hoc
1577 4829 1717 4883 opus
1758 4813 1826 4867 ab
1881 4811 2000 4881 ipso

2227 4813 2457 4886 Ιρμήθην
2487 4812 2544 4867 δὲ
2581 4812 2642 4867 τὸ
2691 4813 2943 4888 ἀπαρχῆς
2984 4811 3184 4884 ταύτην
3220 4811 3564 4883 συγγράψαι
3612 4820 3732 4889 τὴν

437 4913 759 4967 Christiana:
796 4910 1075 4982 religionis
1108 4907 1331 4963 exordio
1383 4914 1647 4975 repetere.
1713 4905 1819 4964 Sed
1871 4919 1938 4958 cu

2232 4905 2483 4978 γματείαν
2506 4923 2521 4937 ο
2566 4905 2914 4979 λογισάμενος
2946 4905 3001 4959 δὲ
3044 4904 3120 4968 ὡς
3164 4903 3257 4957 καὶ
3290 4903 3446 4958 ἄλλοι
3489 4908 3737 4983 ταύτης

440 5005 925 5061 animadverterent
975 5002 1116 5057 alios
1152 4999 1472 5070 scriptores,
1502 4997 1837 5054 Clementem
1866 4996 1945 5050 dit

2234 5001 2474 5073 ράθησαν
2508 5001 2667 5072 μέχρι
2688 5000 2796 5054 τῶν
2824 5000 2943 5054 κατ’
2969 4998 3164 5061 αὐτοὺς
3187 4996 3418 5069 χρόνων,
3450 4999 3601 5071 Κλὴ
3615 5021 3738 5074 μης

436 5102 493 5150 et
519 5091 921 5163 Iiegesippum,
942 5094 1088 5146 viros
1122 5087 1578 5160 sapientissimos,
1610 5087 1702 5157 qui
1727 5086 1941 5157 apostoli

2236 5096 2285 5148 αἱ
2330 5094 2685 5164 Ἡγήσιππος,
2728 5092 2917 5164 ἄνδρες
2960 5089 3275 5159 σοφώτατοι,
3314 5091 3382 5161 τῇ
3413 5090 3548 5147 τῶν
3582 5096 3741 5150 ἀπο-

437 5200 558 5240 rum
589 5183 926 5253 temporibus
957 5182 1203 5252 proxime
1243 5184 1653 5242 successerunt,
1685 5177 1942 5232 Africanu

2238 5205 2307 5241 ων
2337 5187 2546 5258 διαδοχῇ
2587 5184 3176 5258 παρακολουθήσαντες,
3228 5183 3322 5237 καὶ
3356 5184 3743 5258 Ἀφρικανὸς

436 5284 698 5334 nmterea
745 5275 1107 5335 historicum,
1163 5280 1217 5327 et
1267 5271 1594 5333 Eusebium,
1640 5283 1940 5340 cognomen

2234 5280 2539 5351 Ὑγραφεὺς,
2592 5279 2686 5333 καὶ
2732 5278 2987 5339 Εὐσέϐιος
3031 5277 3059 5329 ὁ
3098 5274 3326 5345 ἐπίκλην
3368 5274 3739 5350 Παμφίλου,

433 5366 776 5438 Pamphilum
805 5366 1003 5437 (virum
1042 5373 1153 5418 tum
1193 5365 1248 5417 in
1293 5361 1467 5417 sacris
1519 5360 1737 5423 litteris,
1788 5368 1900 5412 tum

2239 5389 2247 5420 ι
2278 5370 2384 5423 τῶν
2421 5369 2577 5423 θείων
2604 5367 2832 5439 Γραφᾶω
2858 5369 2952 5421 καὶ
2981 5366 3088 5420 τῶν
3114 5367 3242 5437 παρ’
3272 5365 3527 5439 Ἕλλησι
3564 5392 3744 5449 ποιη.

436 5459 609 5515 acetis
642 5458 874 5528 aliisque
910 5457 1273 5528 scriptoribus
1326 5452 1622 5525 gentilibus
1658 5450 1939 5509 exercitati

1967 5467 2000 5503 ε·
2106 5462 2214 5516 τῶν
2238 5462 2333 5516 καὶ
2362 5461 2717 5532 συγγραφέων
2759 5458 3230 5529 πολυμαθέστατος
3268 5457 3472 5529 ἴστωρ.

434 5551 680 5620 simum),
712 5551 853 5606 idem
886 5550 1062 5620 ipsum
1095 5548 1162 5603 ad
1187 5563 1285 5604 sua
1320 5547 1563 5617 ipsorum
1588 5555 1830 5617 tempora
1859 5543 2000 5601 scri-

432 5644 561 5702 bere
587 5659 893 5716 aggressos,
917 5650 1023 5697 etc.

505 5761 523 5794 ³
552 5759 709 5818 Prov.
747 5761 978 5842 νειμὲἓ..
1028 5764 1070 5841 ,ί
1107 5760 1136 5815 Ι
1176 5761 1323 5822 Patr.
1366 5776 1429 5828 tl,
1473 5761 1553 5817 14.
1602 5760 1840 5840 :Amos
1888 5757 2010 5844 trgi

1642 5760 1840 5814 'Amos
1888 5757 2085 5844 tv,-.i5.
2129 5756 2186 5844 ὧι
2212 5754 2362 5810 Psal.
2394 5769 2445 5819 ι,
2481 5744 2603 5808 19..’
2645 5750 2665 5784 ⁵
2702 5746 2895 5819 Ephes.
2933 5760 3006 5811 tv,
3033 5742 3147 5814 94.-
