3794 6298
154 307 215 362 77
1109 303 1452 362 VETERUM
1491 304 1912 361 TESTIMONIA
1951 303 2087 360 PRO
2121 304 2444 364 EUSEBIO.
3321 308 3388 364 78

1318 425 1582 480 Victorius
1610 427 1662 480 in
1687 425 1912 482 Canone
1948 426 2220 483 Paschali.

211 516 519 574 Receusitis
540 519 705 590 igitur
737 519 986 576 lldelibus
1009 518 1257 576 historiis
1280 531 1545 583 veterum,
1571 519 1716 575 beati
1739 519 1946 575 scilicet
1970 519 2189 576 Eusebii
2211 520 2567 576 Caesariensis
2592 517 2893 573 Palaestinae
2911 517 3148 573 civitatis
3175 517 3388 586 episco-

148 614 215 682 pi,
241 613 342 666 viri
379 614 433 667 in
470 615 664 684 primis
717 615 1077 671 eruditissimi
1136 626 1299 684 atque
1362 615 1689 680 doctissimi,
1737 615 2010 670 Chronicis
2059 617 2425 687 prologoque;
2477 631 2540 670 ac
2572 614 2796 686 perinde
2840 615 2926 669 his
2958 629 3079 685 quae
3124 630 3153 666 a
3189 623 3390 668 sancta:

145 705 419 760 memoria:
450 705 784 780 Hieronymo
813 708 1024 764 hisdem
1053 707 1330 762 Chronicis
1356 715 1484 764 sunt
1512 707 1742 777 adjecta.

148 820 502 892 Hieronymus
543 823 595 876 in
625 820 870 891 Epistola
900 821 968 875 ad
997 819 1366 876 Chromatium
1390 831 1450 904 et.
1468 820 1843 904 Heliodorum,
1882 821 2328 900 queprwﬁgitur
2361 819 2746 892 Martyrologio
2780 822 2916 891 quod
2962 821 3025 875 Β.
3079 819 3391 891 Hieronymi

1432 902 1740 959 inscriptum
1768 902 1844 944 est
1874 907 2102 946 nomine.

209 1008 444 1064 Constat
477 1009 762 1065 Dominum
793 1018 1042 1065 nostrum
1089 1008 1275 1064 Jesum
1313 1009 1595 1064 Christum
1625 1009 1771 1063 omni
1807 1010 1895 1063 die
1927 1016 2230 1080 martyrum
2263 1025 2488 1064 suorum
2519 1009 2824 1078 triumphos
2853 1010 3126 1078 excipere,
3155 1021 3390 1079 quorum

147 1103 428 1172 passiones
455 1118 486 1156 a
523 1111 716 1158 sancto
747 1102 982 1158 Eusebio
1009 1103 1335 1158 Cmsariensi
1359 1104 1619 1174 episcopo
1661 1104 1897 1172 scriptas
1939 1104 2262 1171 reperimus.
2304 1103 2437 1156 Nam
2482 1103 2880 1159 Constantinus
2932 1104 3231 1174 Augustus,
3263 1113 3389 1154 cum

146 1197 449 1251 Cassaream
483 1194 674 1251 fuisset
714 1196 1014 1266 ingressus.
1049 1204 1103 1249 et
1125 1195 1333 1250 diceret
1355 1203 1655 1250 memorato
1680 1194 1930 1259 antistiti,
1964 1203 2024 1247 ut
2046 1201 2251 1263 peteret
2275 1194 2456 1263 aliqua
2485 1194 2742 1248 beneﬁcia
2779 1194 3102 1250 Caesariensi
3137 1190 3391 1248 Ecclesia:

156 1288 463 1362 profutura,
507 1288 704 1358 legitur
733 1288 1084 1358 respondisse
1108 1286 1404 1342 Eusebium
1441 1304 1453 1338 :
1488 1288 1695 1358 Opibus
1730 1288 1846 1341 suis
1874 1285 2178 1340 Ecclesium
2205 1285 2452 1350 dilatam,
2487 1286 2633 1339 nul-la
2657 1287 2871 1356 petendi
2904 1287 3165 1341 beneﬁcia
3194 1300 3388 1342 neces-

148 1389 300 1443 sitate
333 1383 632 1453 compelli:
672 1383 775 1442 sibi
806 1391 988 1438 tamen
1007 1381 1339 1438 desiderium
1373 1382 1652 1437 immobile
1674 1380 1970 1442 exstitisse,
2006 1388 2063 1433 ut
2095 1379 2359 1450 quidquid
2392 1380 2445 1432 in
2481 1381 2754 1450 republica
2787 1379 3029 1434 Romana
3073 1389 3284 1451 gestum
3317 1379 3388 1436 sit

144 1488 261 1546 erga
294 1487 525 1533 sanctos
554 1475 648 1530 Dei
679 1491 775 1546 per
816 1475 1031 1545 judices
1062 1475 1342 1545 judicibus
1373 1474 1729 1530 succedentes
1768 1473 1822 1527 in
1853 1473 2112 1526 universo
2155 1473 2287 1526 orbe
2331 1470 2598 1534 Romano.
2660 1472 2891 1527 sollicita
2945 1474 3383 1542 perscrutatione

144 1575 497 1622 monumenta
532 1569 749 1638 publica
782 1567 1126 1622 discutiendo
1159 1566 1567 1637 perquirercnt;
1601 1574 1652 1618 et
1691 1565 1784 1634 qui
1840 1573 2138 1634 martyrum
2169 1578 2198 1616 a
2240 1578 2349 1633 quo
2371 1563 2574 1632 judice,
2603 1565 2656 1618 in
2688 1580 2794 1634 qua
2843 1566 3120 1634 provincia
3141 1567 3224 1620 vel
3255 1565 3392 1620 civi-

145 1667 267 1723 tate,
294 1677 406 1730 qua
437 1661 528 1715 die
552 1676 728 1731 quave
755 1659 1181 1730 perseverantia,
1213 1657 1483 1728 passionis
1528 1671 1639 1712 suae
1673 1655 2011 1709 obtinuerint
2038 1655 2294 1724 palmam,
2330 1656 2397 1711 de
2426 1657 2560 1727 ipsis
2588 1657 2824 1712 arcliivis
2858 1658 3092 1713 sublata.
3132 1659 3235 1728 ipsi
3281 1657 3392 1714 Eu-

144 1751 289 1805 sebio
327 1752 663 1823 regiojnssu
697 1752 1018 1822 dirigerent.
1051 1749 1207 1805 Unde
1256 1750 1461 1804 factum
1491 1758 1596 1814 est,
1625 1757 1684 1801 ut
1730 1746 1960 1801 idoneus
1997 1748 2198 1801 relator
2226 1749 2519 1812 exsistens,
2545 1761 2594 1804 et
2627 1748 3057 1804 Ecclesiaslicam
3085 1750 3387 1806 Historiam

144 1853 370 1906 tereret,
396 1853 451 1898 et
482 1844 726 1898 omnium
770 1859 907 1914 pene
948 1850 1250 1914 martyrum
1294 1841 1700 1912 provinciarum
1739 1838 1984 1892 omnium
2019 1839 2384 1895 Romanarum
2419 1851 2617 1912 tropzca
2647 1841 2878 1912 diligens
2912 1841 3390 1914 historiographus

143 1936 466 1992 declararet.

1102 2002 1343 2057 Gelasius
1369 2020 1506 2071 papa
1534 2004 1587 2054 in
1607 2000 1812 2054 decreto
1843 1999 1907 2053 de
1947 2000 2094 2054 libris
2121 2003 2451 2070 apocryphis.

207 2123 339 2177 Item
376 2123 643 2178 Chronica
680 2119 898 2176 Eusebii
922 2117 1300 2181 Caesariensis,
1333 2125 1387 2171 et
1413 2115 1658 2185 ejusdem
1700 2114 2088 2168 Ecclesiastictr
2114 2113 2346 2167 historice
2371 2115 2571 2181 libros,
2617 2116 2962 2185 quamvisin'
2989 2116 3166 2187 primo
3198 2127 3388 2173 narra-

142 2216 302 2270 tionis
334 2231 454 2270 suaz
485 2214 625 2269 libro
652 2216 904 2285 tepuerit,
936 2223 992 2268 et
1021 2221 1210 2283 postea
1244 2211 1299 2264 in
1334 2209 1591 2263 laudibus
1621 2217 1786 2277 atque
1819 2208 2172 2261 excusatione
2193 2205 2441 2276 Origenis
2476 2207 2814 2262 schismatici
2840 2225 3007 2262 unum
3040 2211 3388 2281 conscripse-

143 2306 210 2360 rit
239 2306 471 2366 librum,
498 2312 722 2375 propter
748 2318 929 2358 rerum
966 2311 1145 2356 tamen
1167 2301 1416 2356 notitiam
1441 2300 1796 2370 singularem,
1829 2312 1950 2369 qua:
1982 2297 2049 2351 ad
2084 2299 2499 2354 instructionem
2529 2299 2820 2370 pertinent,
2855 2317 3246 2374 usquequaque
3278 2322 3388 2362 non

145 2398 372 2453 dicimus
409 2395 744 2451 renuendos.

1252 2481 1402 2536 Idem
1439 2482 1490 2534 in
1515 2479 1651 2533 libro
1679 2478 1755 2533 De
1784 2479 1999 2534 duabus
2034 2482 2266 2535 naturis.

209 2604 277 2660 Ut
299 2605 545 2675 idipsum
580 2602 824 2656 dicentes
850 2614 958 2655 uno
980 2600 1167 2663 corde.
1212 2613 1430 2668 unoque
1456 2610 1571 2672 ore,
1605 2601 1658 2650 et
1702 2592 1992 2648 credamus
2021 2595 2166 2663 quod
2197 2612 2226 2648 a
2256 2596 2553 2664 majoribus
2593 2599 2797 2653 nostris
2843 2602 3172 2670 accepimus,
3205 2613 3257 2657 et
3292 2606 3389 2660 do-

146 2705 300 2753 nante
325 2696 567 2750 Domino
593 2693 876 2748 tradamus
909 2693 1142 2763 posteris
1177 2690 1569 2751 confitendum,
1601 2703 1723 2742 cum
1763 2688 1965 2758 quibus
2000 2689 2205 2742 unitam
2234 2688 2393 2744 [idem
2429 2689 2539 2745 Deo
2561 2689 2794 2762 pr0pitio
2825 2693 3118 2762 perdurare
3147 2697 3389 2754 Catholi-

147 2804 324 2844 conrm
357 2787 612 2856 subjecta
641 2785 947 2840 testimonia
979 2783 1366 2855 magistrorum
1389 2782 1657 2838 recensita
1680 2787 1972 2834 testantur.
2001 2777 2068 2833 Et
2091 2781 2249 2849 paulo
2281 2781 2661 2848 post:Eusebii
2681 2786 2924 2856 episcopi
2956 2785 3389 2857 Palmstinensis,

144 2888 503 2952 cognomento
534 2877 827 2949 Pamphili,
861 2895 930 2934 ex
963 2879 1302 2960 expositione
1330 2877 1526 2948 psalmi
1576 2874 1814 2945 septimi,
1850 2885 1956 2930 etc.
2012 2876 2138 2930 Item
2186 2877 2432 2946 ejusdem
2479 2894 2545 2932 ex
2604 2878 2922 2949 Evangelica
2981 2885 3386 2952 prwparationc,

149 2977 233 3031 ub.
263 2991 363 3030 vn.
523 3045 768 3116 Pelagius
786 3044 849 3100 11
873 3057 1010 3111 Papa
1039 3042 1091 3095 in
1120 3040 1363 3112 Epistola
1385 3041 1438 3106 5,
1471 3039 1540 3092 ad
1564 3037 1745 3092 Eliam
1765 3035 2150 3106 Αηηίίεῑεηδεηι
2164 3046 2212 3092 ετ
2241 3039 2376 3094 alios
2409 3040 2675 3110 episcopos
2710 3040 2909 3098 18mm

210 3162 345 3229 Quid
369 3177 615 3231 namque
636 3163 689 3216 in
716 3159 1095 3216 haeresiarchis
1117 3159 1352 3230 Origene
1384 3161 1650 3228 deterius,
1682 3174 1738 3221 et
1769 3163 1900 3237 quid
1941 3164 1994 3216 in
2041 3161 2496 3233 historiographis
2542 3162 2772 3217 inveniri
2817 3163 3053 3220 Eusebio
3097 3166 3393 3224 honorabl-

147 3255 245 3310 lius
273 3255 495 3326 potest?
518 3254 586 3308 Et
610 3256 735 3325 quis
760 3262 1008 3310 nostrum
1042 3256 1239 3318 nescit,
1267 3256 1324 3310 in
1366 3256 1521 3312 libris
1573 3259 1691 3314 suis
1724 3258 1948 3330 quantis
1985 3255 2274 3328 Origenem
2331 3257 2600 3312 Eusebius
2644 3259 2932 3326 praeconiis
2987 3263 3244 3318 attollat?
3284 3263 3387 3319 Sed

145 3349 264 3419 quia
295 3357 487 3404 sancta
523 3349 765 3404 Ecclesia
794 3362 1020 3403 suorum
1051 3347 1288 3403 lidelium
1348 3349 1514 3404 corda
1547 3352 1837 3423 benignius
1867 3367 2030 3422 quam
2058 3351 2225 3405 verba
2277 3349 2584 3405 districtius
2623 3360 2832 3420 pensat,
2878 3367 2979 3407 nec
3014 3355 3068 3408 in
3121 3355 3391 3412 luercticis

143 3458 358 3500 sensum
384 3443 671 3514 proprium
701 3445 920 3499 testatio
946 3439 1167 3498 Eusebii
1203 3443 1488 3499 absolvere
1528 3446 1702 3514 potuit
1731 3465 1745 3500 :
1776 3461 1878 3500 nec
1913 3458 2133 3498 rursum
2163 3441 2458 3497 Eusebium
2489 3441 2694 3497 laudati
2744 3441 2996 3516 Origenis
3043 3447 3202 3517 culpa
3232 3449 3386 3503 dam-

144 3538 310 3592 navit.

1258 3605 1538 3676 Euagrius,
1577 3606 1671 3662 lib.
1699 3623 1712 3660 ι
1750 3605 2024 3669 Historiae,
2057 3621 2174 3673 cap.
2204 3606 2256 3661 l.

204 3722 452 3792 Εὑσεϐίῳ
477 3720 559 3791 τῷ
585 3721 894 3792 Παμφίλου,
919 3721 1054 3793 ἀνὴρ
1079 3722 1136 3776 δὲ
1163 3724 1218 3785 ἐς
1256 3721 1322 3774 τὰ
1371 3723 1602 3793 μάλιστα
1632 3722 1702 3775 λό-

1894 3719 2164 3776 Eusebius
2192 3719 2486 3791 Pamphili.
2511 3721 2597 3775 vir
2620 3736 2745 3776 cum
2773 3722 2828 3776 in
2857 3723 2980 3779 aliis
3017 3727 3185 3782 rebus
3215 3727 3392 3785 diser-

143 3828 247 3878 γιος
273 3815 306 3866 ὁ
335 3811 621 3883 Παμφίλου
655 3813 724 3864 τά
745 3828 804 3864 τε
837 3812 990 3875 ἄλλα,
1027 3813 1119 3865 καὶ
1157 3811 1294 3865 ὥστε
1320 3808 1431 3874 οἷός
1477 3829 1535 3865 τε
1576 3807 1641 3863 sit

1894 3815 2084 3877 simus,
2108 3822 2222 3868 tum
2254 3815 2307 3868 in
2332 3815 2621 3870 scribendo
2646 3823 2856 3870 tantum
2893 3820 3099 3883 valens,
3131 3829 3188 3875 ut
3221 3825 3392 3894 possit

145 3903 341 3957 πείθειν
357 3904 430 3975 (a)
447 3905 576 3968 τοὺς
591 3903 1007 3974 ἐντυγχάνοντας
1019 3903 1046 3956 Θ
1056 3922 1120 3976 ρη
1128 3903 1339 3957 σκεύειν
1355 3903 1424 3957 τὰ
1448 3906 1479 3974 ἡ
1488 3904 1643 3976 μέτες

1888 3913 2052 3961 :tores
2085 3921 2235 3971 suos,
2273 3907 2318 3961 si
2354 3922 2461 3962 non
2499 3907 2736 3978 perfecte
2764 3909 2977 3966 elIicere
3022 3911 3386 3981 Christianos,

143 3998 186 4047 εί
215 3998 313 4051 καὶ
344 3999 418 4068 μὴ
445 3998 566 4052 λίαν
594 3997 836 4069 ἀκριϐεῖς
865 3995 970 4050 οἶδε
1009 4001 1196 4050 ποιεῖν.

1922 4006 2102 4052 tamen
2148 4000 2442 4069 impellere,
2472 4008 2530 4054 ut
2555 4009 2739 4054 nostra
2782 4001 3012 4058 libenter
3057 4007 3391 4076 amplectan-

1821 4097 1929 4143 llll'.

705 4204 988 4274 Gregorius
1011 4202 1239 4272 Magnus
1275 4204 1327 4256 in
1359 4203 1582 4270 epistola
1617 4203 1686 4256 ad
1724 4203 2011 4276 Eulogium
2044 4207 2466 4261 Alexandrinum
2497 4211 2818 4275 episcopum.

209 4295 288 4350 Ex
309 4297 648 4354 audientium
673 4313 902 4352 numero
927 4311 1074 4350 nunc
1104 4295 1284 4352 l‘actus
1313 4311 1458 4360 sum,
1498 4298 1587 4351 cui
1620 4299 1970 4354 sanctissima
2000 4311 2182 4356 vestra
2216 4302 2499 4356 beatitudo
2529 4302 2772 4356 scribere
2807 4305 3039 4368 studuit,
3072 4315 3128 4360 ut
3160 4314 3389 4362 cuncto-

147 4405 256 4444 rum
286 4400 588 4463 martyrum
619 4401 771 4463 gesta
812 4410 933 4464 qua:
972 4395 1074 4464 pia:
1124 4394 1406 4449 memoria:
1451 4395 1799 4450 Constantini
1849 4397 2190 4466 temporibus
2220 4399 2288 4452 ab
2339 4397 2572 4453 Eusebio
2619 4401 2940 4456 Cmsariensi
2972 4402 3200 4456 collecta
3235 4411 3386 4464 sunt.

147 4486 505 4540 transmittere
535 4485 854 4540 debeamus.
889 4484 994 4542 Sed
1010 4483 1315 4556 [necneque
1343 4486 1388 4541 si
1413 4487 1644 4542 collecta
1675 4502 1783 4542 non
1815 4491 1946 4550 sint,
1981 4507 2158 4560 neque
2186 4492 2231 4545 si
2261 4493 2392 4555 sint,
2425 4501 2551 4545 ante
2581 4504 2774 4548 vestrae
2796 4494 3149 4548 beatitudinis
3179 4495 3385 4563 scripta

147 4574 383 4643 cognovi.
409 4573 526 4643 Ago
559 4588 693 4643 ergo
727 4575 955 4642 gratias,
987 4575 1116 4644 quia
1159 4576 1525 4630 sanctissima:
1564 4584 1760 4631 vestra:
1790 4577 2054 4634 doctrina:
2091 4581 2314 4650 scriptis
2349 4581 2621 4641 eruditus,
2659 4584 2800 4655 (τωρὶ
2833 4585 2976 4639 scire
3002 4584 3146 4654 quod
3177 4586 3389 4640 nescie-

145 4661 280 4716 bam.
305 4662 513 4718 Praeter
542 4663 633 4716 illa
655 4663 800 4718 enim
834 4679 956 4732 qua:
987 4665 1041 4717 in
1069 4663 1319 4732 ejusdem
1350 4663 1572 4720 Eusebii
1605 4664 1760 4721 libris
1792 4666 1869 4721 De
1898 4670 2056 4738 gestis
2097 4679 2400 4724 sanctorum
2431 4681 2726 4742 martyrum
2755 4676 3129 4742 continentur,
3160 4678 3308 4732 nulla
3331 4679 3388 4733 in

146 4753 355 4809 archiva
378 4755 544 4823 hujus
571 4762 773 4808 uostne
807 4754 1084 4819 Ecclesiae,
1113 4759 1198 4811 vel
1246 4758 1301 4812 in
1353 4757 1614 4812 Romanae
1670 4760 1823 4816 urbis
1861 4761 2209 4820 bibliothecis
2254 4780 2377 4820 esse
2407 4767 2659 4837 ceguovi.
2689 4768 2791 4824 nisi
2845 4784 3018 4838 pauca
3050 4771 3295 4840 quaedam
3329 4771 3386 4826 iu

145 4845 298 4902 unius
321 4847 528 4902 codicis
557 4847 835 4902 volumine
867 4848 1115 4903 collecta.

809 4963 1053 5020 Gelasius
1086 4967 1375 5038 Cyzicenus
1404 4973 1458 5026 in
1485 4972 1620 5027 libro
1647 4977 1875 5032 secundo
1898 4977 1974 5034 De
2000 4978 2210 5050 synodo
2238 4978 2480 5044 Nicaeus,
2511 4996 2626 5048 cap.
2665 4982 2716 5035 1.

218 5074 558 5147 ’Δκοὺσωμεν
590 5077 653 5148 δὴ
691 5080 744 5132 τί
788 5082 1020 5136 ἐνταῦθα
1054 5083 1204 5153 λέγει
1249 5090 1342 5142 καὶ
1385 5090 1413 5141 ὁ
1450 5091 1655 5161 ἀροτὴρ
1685 5094 1706 5144 ὁ

1892 5094 2187 5150 Audiamus
2222 5110 2354 5150 sane
2401 5095 2533 5166 quid
2585 5095 2673 5149 hic
2698 5094 2847 5150 dicat
2901 5098 3390 5164 przestantisslmus

145 5165 405 5232 tiliam;
437 5170 539 5240 τῆς
570 5171 1029 5246 Exscindine-tati};
1076 5179 1368 5247 γεωργίας,
1405 5183 1432 5234 ὀ
1474 5181 1643 5250 φιλαλ¹

1889 5186 2172 5242 elesiastici
2211 5185 2364 5241 fundi
2414 5194 2619 5250 arator,
2669 5187 2757 5241 ille
2799 5187 2912 5241 veri
2945 5189 3387 5247 studiosissimus

145 5253 378 5322 ῧέστατος
425 5261 686 5326 Εὐσέϐιος
727 5266 756 5316 ὁ
802 5265 897 5318 τοῦ
949 5269 1253 5338 παμφήμου
1301 5272 1602 5342 Παμφίλου.

1898 5277 2105 5342 sebius,
2146 5275 2485 5331 celeberrimi
2520 5275 2788 5346 Pamphili
2839 5286 3200 5348 cognomento
3256 5279 3389 5336 insi-

146 5345 234 5412 μὲν
258 5345 344 5402 οὖν
362 5353 624 5416 Λικίνιος,
655 5355 808 5425 φησὶ,
831 5357 928 5427 τὴν
953 5359 1144 5428 ὁμοίαν
1166 5364 1275 5424 τοῖς
1299 5361 1477 5426 ἀθέοις
1503 5366 1642 5436 τυρά

1890 5368 1953 5424 is.
1987 5368 2229 5423 Licinius
2257 5366 2498 5438 quidem,
2530 5345 2725 5438 inquit,
2756 5345 3001 5423 eamdem
3031 5383 3194 5439 quam
3224 5385 3388 5442 supe-

144 5454 240 5501 νοις
269 5441 360 5512 τῆς
390 5445 649 5509 ἀσεϐείας
678 5448 947 5517 μετελθὼν
987 5451 1123 5516 ὁδὸν,
1149 5453 1243 5505 ἐπὶ
1264 5453 1353 5508 τὸν
1383 5455 1494 5508 ἴσον
1520 5459 1642 5510 αὐτο

1886 5476 1986 5517 ντες
2046 5461 2124 5515 illi
2177 5462 2321 5516 viam
2383 5461 2680 5530 impietatis
2744 5461 3038 5526 insistens,
3092 5464 3288 5519 merito
3325 5464 3384 5520 in

144 5528 346 5626 invdia—tu;
374 5538 706 5608 περιηνέχθη
743 5542 1007 5612 κρημνόν,
1042 5552 1172 5609 etc.,
1213 5562 1332 5616 quae
1361 5548 1611 5617 leguntur

1885 5551 2066 5606 mdem
2105 5567 2230 5606 cum
2273 5552 2380 5607 illis
2430 5528 2584 5607 exitii
2641 5552 2910 5622 gurgitem
2965 5559 3049 5607 est
3105 5553 3381 5626 delapsus,

147 5618 241 5675 line
274 5623 390 5680 libri
424 5627 625 5684 decimi
674 5629 930 5688 Historia:
980 5635 1372 5692 ecclesiasticae.
1400 5639 1648 5695 Τοσαῦτα
1675 5645 1702 5697 ὁ
1809 5651 1916 5699 etc.
1947 5642 2224 5699 Hactenus
2247 5652 2492 5699 veterum
2535 5642 2927 5698 ecclesiastica:
2969 5643 3212 5700 historiae
3228 5618 3382 5702 scri-

131 5816 172 5840 ,ο
203 5738 536 5822 iniustas»-
565 5750 726 5817 τούς.
771 5750 862 5810 Sic
892 5755 1197 5814 mutatione
1220 5757 1629 5818 emendavimus

1912 5766 1987 5819 ius
2020 5763 2161 5820 male
2192 5763 2472 5834 legebatur
2499 5764 2627 5829 τοὺς
2667 5763 2898 5819 πείθειν.
2946 5762 3106 5820 Eon.
3135 5763 3309 5819 Pun.
3404 5779 3410 5802 '-
